3976 6350
55 493 198 546 mn
1131 483 1618 543 COMMENTARIA
1659 483 1721 538 IN
1761 466 2087 538 PSALMOS.
3122 481 3240 537 nis

53 616 352 680 .lsrdtntt:
395 610 490 663 Διά
528 608 681 662 τοῦτο
712 609 972 659 πιστεύων
1003 607 1112 666 τοῖς
1140 605 1443 674 εἰρημένοις
1465 644 1478 667 ,
1520 606 1612 656 καὶ

1729 602 1841 666 Sed,
1867 612 1925 657 ut
1945 617 2069 657 vere
2103 601 2333 663 dicatur,
2365 602 2512 655 solus
2545 600 2631 654 ille
2655 600 2840 653 beatus
2866 599 2950 651 cui
2976 614 3139 668 supra
3161 601 3243 652 di-

53 703 305 774 ἀκρισῶς
329 702 559 772 ἐμαυτὸν
584 700 773 761 πείσας
797 696 1011 766 ἀληθεῖς
1038 690 1172 747 εἶναι
1201 696 1323 756 τούς
1351 694 1474 760 περὶ
1499 695 1612 746 τού-

1729 705 1794 748 :ta
1835 701 2178 764 competunt,
2229 693 2491 762 siquidem
2544 693 2658 762 ipse
2706 692 2952 745 omnibus
3009 691 3244 760 repletur

51 813 175 846 των
221 795 406 861 λόγους
426 833 440 856 ,
474 792 622 854 τέλος
656 789 746 842 τοῦ
797 787 993 848 παντὸς
1023 786 1179 852 λόγου
1215 785 1376 854 φημί·
1438 786 1622 850 Κύριε,

1729 783 1886 843 )onis,
1902 783 1997 858 qui
2030 797 2148 835 sese
2176 781 2268 834 tibi
2295 781 2394 834 soli
2415 780 2767 842 concredidit,
2799 787 3071 847 totamque
3094 795 3241 847 spem

53 883 190 935 τῶν
219 884 520 951 δυνάμεων
545 922 558 945 ,
593 878 878 949 μακάριος
918 879 950 929 ὀ
986 875 1287 942 ἄνθρωπος
1313 877 1343 926 ό
1368 872 1613 931 ἐλπίζων

1733 887 1765 924 n
1796 871 2072 940 promissis
2111 871 2217 926 tuis
2245 871 2513 940 deposuit.
2543 872 2677 924 Cum
2729 885 2886 938 porro
2916 869 2968 922 in
2997 871 3244 936 prasenti

53 977 169 1029 ἐπὶ
194 977 284 1030 σέ.
330 977 442 1036 Πᾶς
470 973 576 1043 γὰρ
603 973 630 1023 ὁ
653 970 822 1031 ἄλλως
848 967 993 1039 παρά
1025 971 1133 1030 τοῖς
1158 965 1365 1027 πολλοῖς
1394 981 1614 1035 μακαρι-

1729 962 1917 1014 )salmo
1946 954 2054 1027 jam
2092 961 2249 1014 tertio
2281 961 2420 1014 beati
2452 960 2722 1030 praedicati
2747 959 2944 1014 fuerint
2972 960 3007 1012 ii
3039 958 3103 1013 de
3124 959 3246 1027 qui-

55 1066 292 1137 ζόμενος
321 1063 738 1134 πεπλανημένως
763 1062 827 1114 ἂν
861 1061 1223 1130 μακαρίζοιτο.
1262 1058 1432 1119 Μόνος
1462 1057 1537 1121 δέ,
1566 1057 1612 1107 εί

1733 1068 1812 1106 ιιιε
1841 1066 2037 1115 sermo,
2067 1053 2213 1105 nulla
2246 1049 2480 1106 Judaicze
2520 1054 2692 1122 gentis
2723 1053 2805 1104 vel
2849 1050 3057 1104 lsraelis
3105 1049 3244 1102 facta

57 1160 177 1229 χρὴ
209 1156 408 1226 τάληθῆ
452 1156 644 1224 φάναι,
683 1154 942 1224 μακάριος
975 1152 1060 1204 διά
1103 1151 1170 1203 τὰ
1199 1147 1612 1220 προλελεγμένα,

1733 1142 1915 1196 nentio
1946 1149 2059 1207 est;
2101 1156 2276 1210 neque
2303 1142 2462 1196 etiam
2497 1157 2589 1196 eos
2618 1142 2710 1210 qui
2758 1149 3022 1210 praecepta
3051 1138 3249 1209 Moysis

54 1248 139 1307 ὡς
178 1247 243 1299 ἂν
272 1245 482 1299 πάντων
514 1243 618 1295 τῶν
649 1241 862 1310 ἀγαθῶν
890 1239 1136 1310 ἔμπλεος,
1169 1240 1196 1290 ὅ
1224 1254 1302 1289 σοι
1333 1236 1474 1306 μόνῳ
1502 1237 1616 1287 ἐαυ-

1729 1235 1952 1288 :xsecuti
1988 1240 2113 1289 sunt
2135 1233 2318 1288 beatos
2346 1233 2692 1302 praedicavit:
2735 1232 2827 1286 sed
2861 1232 3036 1300 primo
3085 1245 3245 1300 gene-

55 1336 161 1387 τὸν
191 1335 522 1404 ἀναρτήσας,
557 1333 650 1385 καὶ
689 1332 865 1394 πάσας
905 1329 1092 1383 ἑαυτοῦ
1126 1326 1224 1388 τὰς
1255 1324 1470 1385 ἐλπίδας
1500 1325 1615 1384 ταῖς

1729 1323 1870 1374 ratim
1897 1337 1991 1378 eos
2019 1323 2110 1391 qui
2140 1323 2384 1376 habitant
2427 1325 2482 1376 in
2515 1323 2674 1377 domo
2703 1321 2794 1376 Dei
2819 1339 2833 1388 ;
2869 1320 3106 1375 secundo
3134 1334 3250 1372 om-

59 1425 222 1497 παρά
247 1426 328 1478 σοὶ
351 1423 695 1491 ἐπαγγελίαις
720 1421 951 1484 ἀναθείς.
1005 1419 1140 1487 Ἤδη
1170 1416 1223 1470 δὲ
1254 1415 1429 1484 τρίτον
1457 1414 1512 1464 ἐν
1540 1411 1617 1481 τῷ

1729 1427 1834 1465 rtem
1867 1412 2136 1467 hominem
2165 1415 2251 1466 cui
2284 1421 2367 1468 est
2395 1414 2655 1467 auxilium
2694 1429 2724 1466 a
2754 1412 3010 1478 Domino;
3061 1425 3125 1463 ac
3155 1410 3250 1463 de-

1717 1517 1860 1555 mum
1891 1503 1944 1556 in
1975 1503 2077 1556 ﬁne
2115 1504 2400 1568 sermonis,
2431 1503 2707 1558 indefinite
2745 1512 2796 1558 et
2820 1503 3111 1573 generatim
3139 1518 3251 1564 om-

1717 1611 1837 1648 nem
1871 1595 2139 1649 hominem
2182 1597 2235 1648 in
2270 1595 2550 1649 Dominum
2595 1603 2918 1664 sperantem.
2949 1593 3081 1646 Nam
3126 1609 3248 1646 cum

59 1517 298 1588 παρόντι
319 1513 512 1586 ψαλμῷ
538 1512 838 1584 μακαρίσας
856 1515 884 1564 ό
905 1511 1057 1578 λόγος
1077 1509 1199 1569 τούς
1219 1503 1617 1576 έμφερομένους

57 1606 122 1655 ἐν
162 1602 328 1672 αὐτῷ,
354 1601 598 1672 οὐδαμῶς
626 1601 718 1654 τοῦ
746 1599 1007 1652 Ἰουδαίων
1020 1594 1356 1661 ἔθνους,ζούδέ
1387 1592 1475 1645 τοῦ
1520 1593 1618 1654 Ἰσο

63 1697 210 1766 ραὴλ
243 1693 656 1765 ἐμνημόνευσεν,
688 1693 805 1744 οὐδὲ
829 1689 949 1752 τοὺς
983 1688 1051 1740 τά
1068 1686 1340 1748 Μωῦσέως
1358 1685 1422 1738 δι’
1446 1675 1618 1753 ἔργων

1729 1684 1897 1739 Futura
1940 1685 2034 1740 Dei
2079 1688 2360 1756 praesentia
2423 1695 2476 1742 et
2529 1686 2730 1742 Christi
2762 1685 2828 1738 ad
2881 1685 3124 1738 homines
3151 1683 3248 1735 ad-

57 1783 513 1856 ὰττοπληροῦντας
539 1782 866 1852 ἐμακάρισεν
885 1797 900 1811 ·
925 1778 1071 1832 -ἀλλά
1097 1776 1308 1846 πρῶτον
1333 1776 1428 1845 μὲν
1459 1774 1618 1828 καθό-

1729 1787 1910 1831 ventus
1939 1779 2354 1832 annuntiaretur
2375 1818 2390 1842 ,
2423 1794 2530 1832 non
2556 1776 2753 1832 Judaais
2775 1784 3002 1841 tantum,
3031 1775 3123 1829 sed
3142 1789 3252 1828 om-

58 1879 163 1929 λου
184 1879 308 1939 τοὺς
335 1875 713 1937 κατοικοῦντας
735 1877 791 1926 ἐν
815 1871 891 1942 τῷ
915 1870 1046 1940 οἴκῳ
1069 1868 1156 1922 τοῦ
1177 1866 1308 1920 Θεοῦ
1323 1884 1337 1897 ·
1374 1866 1620 1937 δεύτερον

1729 1867 1876 1922 nibus
1903 1868 2064 1922 etiam
2100 1869 2409 1923 hominibus
2442 1869 2798 1923 beatitudines
2831 1863 2970 1932 illas,
2995 1882 3112 1937 quae
3160 1877 3267 1934 pe-‘

60 1972 250 2022 ⁸πάντα
283 1968 445 2037 ἄνδρα
471 1959 532 2019 οὐ
562 1962 706 2017 ἐστιν
732 1961 1008 2032 ἀντίληψις
1034 1958 1176 2029 αὐτῷ
1210 1957 1358 2029 παρὰ
1383 1958 1582 2026 Κυρίου
1604 1973 1616 1986 ’

1729 1974 1816 2013 nes
1845 1958 2011 2014 Deum
2039 1967 2186 2024 sunt,
2215 1960 2522 2015 annuntiari
2552 1965 2808 2029 Oportuit.

60 2064 166 2116 καὶ
200 2063 292 2114 ἐπὶ
322 2061 460 2114 τέλει
496 2059 588 2112 τοῦ
655 2058 851 2120 παντὸς
901 2056 1058 2124 λόγου
1123 2053 1383 2125 ἀορίστως
1443 2052 1536 2103 καὶ
1571 2051 1866 2115 καθολικῶς
1910 2054 2082 2106 πάντα
2131 2054 2410 2124 ἄνθρωπον
2454 2053 2544 2106 τὸν
2584 2053 2866 2116 ἐλπίζοντα
2906 2054 2997 2104 ἐπὶ
3032 2051 3248 2121 Κύρων.
3296 2086 3298 2088 -

62 2150 225 2224 Χρῆν
267 2153 371 2224 γὰρ
411 2153 724 2222 ἐπιφανείας
762 2149 892 2204 Θεοῦ
929 2151 1021 2202 καὶ
1059 2147 1286 2220 Χριστοῦ
1328 2144 1619 2213 παρουσίας
1656 2146 1732 2207 εἰς
1763 2143 2073 2215 ἀνθρώπους
2131 2146 2627 2216 καταγγελλομένης
2663 2146 2736 2216 μή
2771 2146 3036 2208 Ἰουδαίοις
3078 2145 3230 2214 μόνον

63 2246 208 2300 ἀλλὰ
239 2248 331 2299 καὶ
358 2247 488 2298 πᾶσι
511 2247 620 2308 τοῖς
647 2243 945 2315 ἀνθρώποις
972 2243 1094 2304 τοὺς
1121 2240 1266 2311 παρά
1284 2240 1360 2310 τῷ
1379 2239 1496 2307 Θεῷ
1520 2235 1894 2308 μακαρισμούς
1922 2239 2381 2310 ἀναγγελίξεσθαι.
2419 2305 2434 2318 ἱ

107 2405 219 2458 Ειε
256 2404 488 2469 rasos,
519 2401 670 2455 T012
701 2401 880 2455 r1012
911 2398 1090 2454 KOPE
1123 2397 1429 2454 ΨΑΛΜΟΣ.
1467 2395 1586 2446 IIA'.
1656 2371 1697 2424 Β
1730 2401 1780 2454 ι.
1815 2398 1883 2455 IN
1918 2391 2143 2465 FINEM,
2184 2399 2381 2456 FILIIS
2407 2399 2589 2456 cont:
2625 2393 3252 2454 PSALMUSLXXXIV.

1795 2531 1958 2589 Vsus.
1989 2534 2044 2590 2.
2077 2534 2417 2596 Benedixisti,
2444 2532 2681 2594 Domine,
2705 2542 2895 2584 terram
2919 2539 3080 2590 tuam,
3114 2541 3257 2578 avet-

1729 2625 1838 2677 tisti
1869 2625 2215 2692 captivitatem
2269 2622 2452 2677 Iacob.
2513 2621 2799 2689 Postquam
2838 2620 2891 2672 in
2941 2615 3256 2686 praecedenti

1729 2714 1936 2783 psalmo
1968 2712 2062 2767 Dei
2095 2706 2354 2766 adventus
2383 2709 2772 2779 praenuntiatus
2818 2705 3022 2766 fuerat,
3066 2717 3254 2756 conse-

146 2557 529 2624 Εὐὸόκησας,
554 2556 754 2622 Κύριε,
788 2551 900 2619 τὴν
931 2549 1046 2619 τῆν
1073 2563 1186 2602 σου
1206 2587 1220 2612 ,
1249 2545 1624 2612 ἀπέστρεψας

68 2651 190 2714 τὴν
221 2647 634 2716 αἰχμαλωσίαν
671 2641 879 2697 Ἰακώϐ.
934 2638 1256 2699 ’Δκολούθως
1278 2635 1354 2707 τῷ
1380 2636 1483 2704 πρὸ
1514 2635 1628 2687 τού-

68 2758 168 2792 του
201 2738 398 2810 ψαλμῷ
433 2737 568 2808 μετά
605 2735 700 2806 τὴν
729 2737 785 2788 ἐν
811 2732 1002 2803 ἐκείνῳ
1033 2728 1408 2785 θεσπισθεῖσαν
1440 2727 1629 2795 θεοφά-

70 2849 226 2883 νειαν
254 2831 309 2882 ἐν
329 2828 405 2898 τῷ
429 2827 560 2898 μετὰ
585 2828 768 2897 χεῖρας
789 2824 972 2878 κακῶν
995 2821 1281 2890 ἀπαλλαγὴ
1307 2816 1628 2889 προφητεύε-

73 2941 192 2985 ται,
230 2923 322 2974 καὶ
352 2920 612 2990 λύτρωσις
643 2917 738 2988 μὲν
769 2914 1136 2987 αἰχμαλωσίας
1160 2951 1175 2976 ,
1208 2908 1546 2979 συγχώρησις
1573 2907 1627 2958 δὲ

77 3015 178 3066 καὶ
202 3012 390 3079 ἄφεσις
416 3008 839 3079 ἁμαρτημάτων.
891 3005 1087 3058 Εἶπετο
1114 3001 1220 3070 γὰρ
1242 2997 1416 3055 ,ταῦτα
1438 2999 1502 3066 τῇ
1535 2993 1625 3048 τοῦ

77 3102 217 3155 Θεοῦ
245 3103 324 3164 εἰς
351 3098 662 3170 ἀνθρώπους
694 3094 960 3166 παρουσίᾳ
985 3133 1000 3156 ,
1031 3093 1123 3144 καὶ
1153 3093 1261 3152 τοῖς
1287 3089 1486 3150 λοιποῖς
1518 3087 1627 3150 τοῖς

76 3193 175 3244 ἐπὶ
201 3189 279 3259 τῷ
310 3190 411 3260 πρὸ
431 3188 615 3241 τούτου
641 3183 834 3255 ψαλμῷ
859 3179 1257 3252 δεδηλωμένοις.
1291 3175 1499 3245 Ἐπειδὴ
1522 3174 1627 3244 γὰρ
1649 3232 1655 3237 ,

79 3284 142 3333 ὲν
193 3281 380 3350 ἐκείνῳ
433 3276 759 3347 σκηνώματα
798 3272 931 3326 Θεοῦ
972 3273 1194 3331 πλεῖστα
1224 3270 1314 3324 καὶ
1352 3268 1506 3321 αὐλαὶ
1537 3267 1629 3318 καὶ

81 3371 435 3438 θυσιαστήρια
460 3367 551 3418 ἐπὶ
575 3365 670 3433 τῆς
691 3362 792 3431 γῆς
811 3361 1119 3424 ἐθεσπίζετο
1142 3355 1514 3429 συστήσεσθαι,
1537 3353 1628 3406 καί¹

78 3459 146 3510 τὸ
172 3458 375 3509 τούτων
405 3455 572 3508 αἴτιον
601 3451 729 3514 Θεὸς
757 3447 824 3520 ἧν
845 3448 1054 3519 ,μέλλων
1089 3451 1180 3504 ἐπὶ
1206 3451 1305 3518 γῆς
1330 3445 1626 3515 φαίνεσθαι,

80 3549 179 3598 καὶ
195 3546 447 3614 ὀνομαστὶ
462 3542 690 3612 Χριστὸς
708 3536 773 3614 ἧν
790 3539 1223 3610 ἐπιϐλεπόμενοςο
1245 3538 1454 3604 ἐλέγετο
1470 3535 1596 3602 γοῦν
1611 3552 1624 3565 ο

96 3635 450 3702 Ὀφθήσεται
477 3635 511 3686 ὁ
533 3631 673 3696 Θεὸς
693 3630 809 3685 τῶν
844 3627 994 3684 θεῶν
1018 3629 1086 3683 ἐν
1115 3628 1262 3682 Σιών
1279 3645 1291 3657 ·
1319 3628 1409 3678 καὶ
1436 3625 1588 3678 πάλιν
1610 3643 1623 3655 ·

96 3727 424 3793 Ἑπίφανον
461 3724 559 3780 ἐπὶ
601 3722 666 3776 τὸ
708 3722 1024 3789 πρόσωπον
1052 3719 1156 3773 τοῦ
1195 3715 1444 3792 Χριστοῦ
1480 3732 1623 3769 σου·

85 3817 311 3877 εἰκότως
343 3817 397 3867 ἐν
430 3813 506 3885 τῷ
525 3812 882 3885 »προκειμένῳ
906 3809 1103 3880 ψαλμῷ
1130 3809 1198 3862 τά
1233 3807 1486 3877 μέλλοντα
1514 3805 1627 3858 έσε-

87 3907 216 3960 σθαι
244 3906 360 3960 καθ’
389 3906 513 3975 ὅλης
540 3905 636 3974 τῆς
671 3903 776 3956 τῶν
806 3899 1099 3972 ἀνθρώπων
1120 3896 1436 3966 οἰκουμένης
1465 3913 1628 3965 προα-

84 3999 428 4066 ναφωνεῖται.
465 3997 532 4047 Ἀ
557 3994 619 4064 δὴ
655 3995 746 4046 καὶ
775 3993 1122 4061 πεπλήρωται
1151 3987 1241 4043 ἐπὶ
1277 3988 1370 4057 τῆς
1395 3985 1486 4039 τοῦ
1514 3987 1628 4038 Σωιρ

83 4087 258 4154 τῆρος
284 4088 316 4154 ή
326 4084 439 4153 μῶν
464 4067 780 4153 παρουσίας,
803 4081 919 4133 καθ’
939 4079 1004 4148 ἢν
1030 4078 1310 4148 εὐδόκησεν
1333 4079 1361 4129 ό
1380 4075 1509 4138 Θεὸς
1533 4092 1632 4130 κατ

83 4173 360 4237 ταξιώσας
396 4173 561 4241 αὐτὴν
601 4171 695 4241 τῆς
732 4171 1029 4232 ἐπιϐάσεως
1065 4167 1157 4220 τοῦ
1185 4167 1413 4239 Χριστοῦ
1446 4165 1628 4224 αὐτοῦ.

89 4263 268 4315 nam
299 4261 391 4330 μὲν
417 4260 521 4329 γὰρ
547 4258 726 4328 εἴρητο
751 4255 828 4332 τῷ
859 4253 1281 4326 πρωτοπλάστῳθ
1318 4253 1405 4318 Γῆ
1433 4252 1503 4315 εἷ,
1534 4249 1630 4303 καὶ

88 4355 178 4418 εἰς
197 4351 311 4420 γῆν
329 4349 652 4418 ἁπελεύσῃ,
671 4348 782 4410 καὶ,
811 4344 1262 4411 Ἐπικατάρατος
1276 4343 1312 4408 ἡ
1337 4342 1408 4411 γῆ
1425 4342 1493 4394 ἐν
1513 4337 1632 4402 τοῖς

89 4443 285 4508 ἔργοις
311 4454 424 4493 σου
444 4455 456 4467 ·
515 4437 604 4489 καὶ
630 4434 783 4496 ἀλλος
813 4431 1099 4503 προφητῶν
1131 4430 1309 4496 ἔλεγεν
1331 4445 1346 4479 ·,
1385 4427 1509 4494 Ἀρὰ
1538 4423 1632 4476 καὶ

91 4531 280 4596 φόνος
318 4527 412 4578 καί
441 4521 661 4592 ψεῦδος
679 4559 693 4582 ,
723 4519 817 4572 καὶ
849 4518 1043 4585 κλοπὴ
1071 4517 1166 4570 καὶ
1197 4515 1430 4584 μοιχεία
1457 4512 1630 4579 κέχυ-

91 4634 188 4669 ται
215 4614 314 4668 ἐπὶ
343 4613 451 4681 τῆς
481 4611 591 4681 τῆς
609 4628 622 4642 ο
674 4608 770 4661 καί
805 4609 1016 4675 αἵματα
1039 4607 1128 4676 ἐφ’
1159 4606 1364 4672 αἵμασι
1387 4602 1633 4670 μίσγου-

94 4721 199 4758 σιν
217 4722 230 4732 ·
278 4704 362 4766 Ὡς
386 4703 440 4755 δὲ
467 4701 719 4770 ἐπεδήμει
749 4700 814 4766 τῇ
839 4700 907 4766 γῇ
942 4697 968 4750 ὀ
994 4697 1117 4758 Υἱὸς
1139 4695 1228 4747 τοῦ
1258 4693 1386 4746 Θεοῦ
1404 4732 1417 4756 ,
1454 4691 1545 4743 καὶ
1574 4692 1634 4743 τὸ

92 4793 202 4846 ἀπὸ
233 4793 335 4862 γῆς
362 4792 517 4861 σῶμα
541 4790 868 4858 ἀνελάμὸανε
889 4803 901 4815 °
942 4785 1203 4855 μεταϐολὴ
1233 4784 1505 4854 προτέρων
1534 4781 1637 4848 ἐγί-

95 4901 252 4953 γνετο
274 4883 454 4936 κακῶν
473 4922 487 4948 ,
513 4883 603 4936 καὶ
629 4881 688 4933 τὺ
715 4881 822 4932 πᾶν
852 4877 948 4948 τῆς
975 4877 1073 4945 γῆς
1097 4872 1348 4943 στοιχεῖον
1388 4872 1505 4924 ἀντὶ
1543 4870 1636 4939 τῆς

95 4973 364 5047 προτέρας
390 4974 526 5044 ἀρᾶς
552 4970 795 5041 εὐλογίας
827 4965 957 5020 Θεοῦ
990 4963 1410 5035 μετελάμϐανεν,
1445 4958 1638 5047 ἐκκλη-

1728 2815 1957 2874 quenter
1978 2804 2035 2857 in
2075 2803 2177 2857 hoc
2203 2803 2407 2871 ereptio
2442 2816 2469 2853 a
2499 2799 2673 2860 malis,
2701 2811 2909 2851 necnon
2932 2793 3257 2863 captivitatis

1728 2893 2100 2968 solutiomenia
2115 2909 2324 2963 quoque
2341 2901 2392 2947 et
2413 2891 2655 2946 remissio
2672 2896 3008 2967 peccatorum
3026 2883 3260 2954 praedici-

1725 2993 1832 3038 tur.
1863 2982 1986 3037 Haec
2008 2984 2202 3052 quippe
2222 2984 2401 3036 omnia
2427 2981 2515 3036 Dei
2530 2981 2595 3034 ad
2617 2970 2857 3034 homines
2887 2976 3170 3030 adventum
3204 2981 3257 3026 et

1727 3067 1998 3138 reliquain
2016 3070 2274 3138 superiori
2304 3071 2508 3138 psalmo
2536 3069 2808 3123 enuntiata
2860 3062 3258 3133 subsequeban-

1729 3167 1834 3212 tur.
1860 3157 1991 3223 Quia
2015 3157 2157 3211 enim
2181 3157 2235 3209 in
2256 3157 2345 3210 illo
2367 3157 2532 3209 multa
2557 3156 2651 3209 Dei
2673 3151 3174 3217 tabernacula,atria
3204 3157 3258 3204 et

1728 3248 1914 3301 altaria
1931 3247 1985 3300 in
2015 3256 2158 3300 terra
2184 3244 2556 3298 constituenda
2576 3258 2697 3298 esse
2715 3242 3024 3312 praedictum
3051 3240 3255 3305 fuerat;

1728 3336 2025 3406 horumque
2053 3342 2244 3388 auctor
2277 3332 2417 3408 Deus
2443 3319 2558 3387 erat
2580 3331 2646 3385 ad
2692 3331 2933 3384 homines
2959 3336 3214 3384 venturus
3240 3366 3254 3388 ,

1729 3442 1793 3481 ac
1821 3428 2136 3484 nominatim
2159 3425 2408 3480 Christus
2429 3424 2517 3477 hic
2548 3420 2982 3491 conspiciendus,
3012 3417 3152 3472 unde
3175 3418 3256 3470 di-

1728 3520 1974 3584 cebatur,
1997 3517 2262 3572 Videbitur
2282 3515 2417 3568 Deus
2438 3515 2650 3569 deorum
2675 3515 2728 3566 in
2757 3511 2921 3580 Sion;
2954 3526 3017 3565 ac
3043 3524 3253 3573 rursus,

1729 3612 1934 3679 Appare
1975 3608 2059 3666 ad
2103 3595 2285 3676 faciem
2335 3605 2532 3660 Christi
2585 3604 2656 3657 tui
2687 3619 2704 3656 :
2732 3603 2853 3671 jure
2898 3601 2951 3653 in
3013 3599 3258 3669 praesenti

1727 3699 1932 3767 psalmo
1961 3712 2079 3766 quae
2100 3711 2193 3766 per
2224 3705 2392 3750 totum
2434 3695 2616 3749 orbem
2651 3691 2827 3745 futura
2860 3697 2986 3743 sunt
3013 3701 3260 3755 praenun-

1726 3791 1947 3844 tiantur.
2005 3784 2132 3852 Quae
2183 3801 2312 3840 sane
2364 3786 2419 3837 in
2474 3784 2702 3836 adventu
2741 3779 3038 3833 Servatoris
3087 3776 3254 3829 nostri

1727 3877 1987 3945 completa
2015 3882 2140 3928 sunt
2173 3891 2184 3925 :
2222 3887 2330 3942 quo
2357 3872 2610 3941 placitum
2629 3870 2734 3924 Deo
2765 3869 2863 3921 luit
2889 3879 3083 3921 terram
3100 3864 3258 3918 Chri-

1727 3968 1794 4022 sti
1825 3966 1906 4019 sui
1945 3964 2090 4018 aditu
2120 3962 2364 4032 dignari-
2392 3959 2667 4029 Siquidem
2701 3959 2825 4012 olim
2853 3945 3024 4026 primo
3053 3951 3260 4024 parenti

1727 4060 1928 4114 dictum
1960 4055 2168 4110 fuerat:
2204 4053 2366 4106 Terra
2392 4069 2466 4117 es,
2498 4061 2545 4103 et
2579 4051 2634 4102 in
2674 4061 2863 4102 terram
2894 4047 3156 4100 reverteris
3184 4046 3262 4113 “;

1727 4158 1798 4210 et,
1830 4142 2112 4198 Maledicta
2163 4151 2301 4196 terra
2349 4142 2404 4194 in
2453 4138 2688 4208 operibus
2736 4138 2837 4190 tuis
2884 4139 2957 4201 “;
3016 4135 3260 4206 aliusque

1729 4236 1987 4310 propheta
2012 4232 2142 4287 dicit
2174 4252 2187 4287 ;
2220 4229 2558 4284 Maledictum
2585 4237 2634 4280 et
2662 4227 2823 4281 credes
2861 4235 2909 4280 et
2925 4224 3256 4278 mendacium

1728 4339 1774 4382 et
1803 4329 2000 4397 furtum
2033 4334 2080 4378 et
2102 4323 2414 4394 adulterium
2433 4321 2599 4388 eﬂ'usa
2624 4327 2742 4372 sunt
2771 4332 2923 4384 super
2946 4326 3136 4368 terram
3158 4331 3176 4366 :
3207 4325 3253 4367 et

1731 4419 2031 4490 sanguinem
2083 4414 2330 4484 sanguine
2381 4412 2590 4464 miscent
2618 4408 2699 4459 “z
2737 4406 2826 4460 uhi
2867 4406 3045 4460 au‘tem
3088 4402 3258 4460 Filius

1730 4485 2224 4578 Dei'peregrinatus
2257 4507 2339 4555 est
2386 4499 2440 4552 in
2465 4505 2607 4550 terra
2625 4532 2640 4557 ,
2663 4502 3038 4562 terrenumque
3063 4485 3263 4562 carpus

1734 4599 2040 4669 assumpsit,
2072 4597 2316 4663 priorum
2343 4589 2602 4642 malorum
2642 4585 2940 4640 immutatio
2970 4584 3109 4638 facta
3137 4591 3255 4645 est,

1734 4698 2018 4756 totumque
2035 4693 2188 4738 terra:
2221 4681 2539 4734 elementum
2563 4714 2578 4738 ,
2625 4675 2741 4728 loco
2769 4675 3008 4743 pristinae
3037 4671 3258 4726 maledi-

1735 4779 1948 4841 ctionis,
1975 4771 2400 4829 benedictionem
2435 4767 2681 4824 sortitum
2703 4776 2805 4832 est,
2837 4780 2901 4820 ac
2938 4764 3176 4819 ecclesiae
3206 4771 3259 4820 et

1735 4869 1967 4926 oratoria
1991 4865 2096 4919 Deo
2125 4879 2217 4933 per
2232 4870 2401 4915 totum
2423 4862 2604 4916 orbem
2620 4859 2907 4912 constituta
2927 4861 3066 4911 sunt.
3086 4852 3262 4917 Quare

1731 4963 1840 5030 jam
1873 4959 2088 5019 dicitur,
2110 4955 2428 5008 Benedixisti
2449 4993 2464 5019 ,
2508 4952 2744 5014 Domine,
2776 4959 2965 5002 terram
2992 4953 3134 4997 tuam
3177 4942 3264 5007 ἰιι

100 5019 212 5117 aii-at.
250 5019 312 5112 ’ξε
480 5019 614 5111 οἶκοι
657 5019 734 5127 ei};
767 5019 881 5126 Θεῷ
912 5019 1318 5127 πρδσευκτήριοι
1363 5019 1480 5099 καθ’
1511 5019 1630 5116 ὅλης

1739 5055 1793 5108 in
1821 5051 1938 5104 aliis
1968 5063 2116 5112 vero,
2144 5048 2413 5110 Dominus,
2437 5042 2684 5112 regnavit,
2709 5035 2987 5096 exsultabit
3017 5043 3156 5086 terra
3182 5033 3263 5097 M’;

96 5148 535 5221 τῆςόἰκουμένης
573 5147 896 5200 συνίσταντο.
963 5145 1051 5198 Διὸ
1087 5143 1178 5196 νῦν
1228 5142 1322 5212 μὲν
1359 5138 1630 5190 λέλεκται’

97 5239 448 5306 Εὺόόκησας
468 5279 483 5304 ,
507 5238 680 5304 Κύριε
703 5276 717 5301 ,
762 5235 871 5303 τὴν
903 5236 1018 5304 γῆν
1045 5250 1157 5288 σου
1182 5252 1193 5263 ’
1235 5237 1288 5285 ἐν
1322 5229 1527 5299 ἑτέροις
1557 5228 1632 5290 δὲ,

97 5333 313 5400 Κύριος
335 5328 751 5400 ἐϐασίλευσεν,
781 5325 1198 5393 ἀγαλλιάσεται
1225 5324 1261 5389 ἡ
1287 5319 1358 5388 γῆ
1374 5358 1387 5381 ,
1421 5320 1512 5370 καὶ
1537 5319 1636 5371 πά-

97 5399 212 5476 λινῗο
243 5419 459 5489 ’ᾼσατε
479 5415 559 5482 τῷ
582 5399 774 5484 Κυρίῳ
799 5413 960 5476 πᾶσα
980 5417 1018 5483 ἡ
1043 5414 1133 5484 τῆ.
1171 5412 1399 5470 Εἰκότως
1423 5404 1513 5461 οὖν
1543 5408 1634 5460 καὶ

100 5511 265 5566 αὐτοῦ
295 5509 537 5563 λέλεκται
567 5507 658 5560 τοῦ
686 5505 884 5575 Κυρίου
910 5508 942 5574 ή
972 5507 1041 5574 γῆ
1065 5550 1072 5563 ,
1097 5501 1236 5557 κατά
1260 5501 1317 5552 τὸ
1337 5540 1351 5561 ,
1378 5497 1636 5561 Εὺδόκη-

99 5619 238 5668 σας,
254 5600 446 5666 Κύριε,
462 5597 575 5663 τὴν
591 5597 706 5665 τῆν
719 5612 849 5650 σου.
873 5596 943 5646 Οὐ
969 5595 1120 5662 μόνον
1141 5592 1244 5659 γὰρ
1261 5589 1456 5655 κτίσμα
1475 5584 1634 5636 αὐτοῦ

101 5693 196 5745 καὶ
217 5691 445 5758 ποίημα,
469 5686 599 5742 ἀλλά
621 5686 710 5738 καὶ
736 5685 914 5753 κτῆμα
937 5682 1121 5750 γέγονε
1139 5681 1223 5735 διὰ
1239 5680 1303 5732 τὰ
1326 5676 1632 5743 λελεγμένα.

1741 5141 1802 5194 ac
1829 5153 2064 5200 rursum,
2093 5137 2311 5192 Cantate
2339 5132 2578 5194 Domino,
2604 5130 2767 5182 omnis
2799 5136 2936 5178 terra
2955 5123 3020 5176 “.
3077 5119 3268 5176 Merito

1740 5232 1918 5296 itaque
1946 5227 2112 5295 ipsius
2137 5223 2345 5279 Domini
2372 5237 2492 5276 esse
2536 5230 2676 5274 terra
2707 5215 2902 5270 dicitur
2931 5213 3032 5267 hoc
3062 5209 3221 5264 modo
3247 5227 3263 5267 ι

1741 5320 2081 5382 Benedixisti,
2110 5318 2347 5380 Domine,
2381 5323 2571 5368 terram
2597 5322 2758 5365 tuam.
2786 5306 2903 5362 Non
2936 5307 3077 5361 enim
3112 5299 3276 5369 opili-a,

1740 5414 1879 5465 cium
1901 5410 2178 5474 duntaxat,
2198 5409 2290 5464 sed
2311 5407 2473 5461 etiam
2499 5401 2766 5473 possessio
2789 5400 2906 5468 ejus
2926 5388 3174 5451 factaest
3195 5392 3269 5449 oh

1741 5503 1927 5556 allatas
1957 5502 2201 5570 superius
2225 5513 2433 5552 causas.

206 5842 248 5872 “
287 5837 420 5899 Gen.
455 5852 546 5904 ut,
580 5837 662 5898 l9.
737 5838 782 5870 δ’
820 5835 950 5897 ibid.
988 5834 1067 5887 17.
1145 5836 1188 5866 ⁵³
1223 5834 1347 5888 Use.
1384 5845 1458 5897 ιν,
1485 5824 1538 5882 2.
1611 5828 1630 5860 δ

1729 5825 1831 5882 “sal.
1864 5839 2088 5893 Lnxxv,
2123 5823 2176 5880 2.
2251 5822 2295 5856 “
2341 5820 2481 5880 Psal.
2502 5818 2713 5887 xcv1,.'l.
2788 5816 2832 5850 "
2869 5813 3010 5875 Psal.
3047 5809 3168 5874 xcv.
3204 5807 3260 5876 1.
