3976 6350
41 492 171 547 ιορι

1147 463 1649 539 οοιιιιιὶιντιιιιιι
1687 479 1752 536 IN
1790 478 2122 537 essurus
2160 513 2170 524 .

3107 476 3243 533 ΜΞ

109 605 312 668 Δεῖξον
355 604 521 676 ἡμῖν,
549 603 746 672 Κύριε,
780 616 847 656 το
879 600 1051 666 ἔλεός
1083 615 1199 656 σου
1233 601 1330 656 καὶ
1368 604 1434 655 τὸ
1474 618 1588 656 σω-

1758 600 1924 657 νειιε.
1959 602 2013 656 8.
2056 598 2503 666 Οειειιάεήοὺίι,
2550 599 2799 665 Domine,
2833 597 3246 656 misericordiae:

45 701 242 768 τήριόν
273 713 386 752 σου
407 697 559 765 δῲης
593 695 752 767 ἡμῖν.
777 696 895 748 Ἔτι
929 694 1022 748 καὶ
1054 693 1226 748 ταῦτα
1247 697 1274 748 6
1299 695 1591 765 Προφήτης

42 793 276 862 εῦχεται,
304 789 558 843 ἱκετεύων
590 785 982 857 καταξιωθῆναι
1008 785 1100 840 καὶ
1122 786 1280 848 αὐτὸς
1302 785 1592 856 ὀφθαλμοῖς

47 883 377 953 παραλαϐεῖν
408 881 476 935 τὰ
503 880 757 952 μέλλοντα
789 875 1004 932 ἔσεσθαι
1044 879 1131 933 διά
1161 877 1255 931 τοῦ
1291 877 1470 940 ἐλέους
1501 875 1590 929 τοῦ

44 971 196 1035 Θεοῦ,
221 971 258 1025 ἃ
279 971 342 1041 δή
362 973 419 1023 ὲν
443 973 552 1033 τοῖς
577 968 830 1040 ἀνωτέρω
849 968 1265 1040 προεφήτεύετο.
1288 966 1598 1038 Παρακαλεῖ

45 1062 99 1114 δὲ
132 1064 226 1115 καὶ
261 1061 358 1132 τῆς
381 1059 474 1113 τοῦ
519 1058 754 1129 Χριστοῦ
788 1063 867 1123 είς
902 1059 1218 1131 ἀνθρώπους
1251 1059 1595 1129 ὲπιλάμψεως

49 1155 220 1223 τυχεῖν
246 1193 261 1216 ,
305 1152 390 1206 διὰ
444 1151 539 1205 τοῦ
580 1153 838 1220 φάσκειν·
882 1153 988 1207 Καὶ
1026 1153 1089 1206 τὸ
1143 1152 1436 1220 σωτήριόν
1481 1168 1595 1206 σου

46 1244 200 1311 δῴης
225 1244 386 1313 ἡμῖν.
414 1243 610 1313 Σαφῶς
640 1245 694 1297 δὲ
734 1245 796 1298 τὺ
835 1246 1098 1316 σωτήριον
1145 1244 1304 1298 αὑτὸν
1343 1239 1480 1296 εἶναι
1507 1244 1596 1296 τὸν

47 1337 274 1405 Χριστὸν
333 1334 566 1400 ἐδίδαξεν
597 1338 626 1389 6
680 1335 901 1406 Συμεὼν
951 1338 1007 1387 ὲν
1057 1339 1165 1398 τοῖς
1217 1335 1591 1402 Εὑαγγελίοις·

45 1426 216 1478 λαδὼν
245 1426 375 1494 γοῦν
412 1426 549 1497 μετὰ
574 1430 761 1498 χεῖρας
791 1425 869 1479 ἔτι
898 1428 1087 1496 νήπιον
1116 1426 1241 1478 ὄντα
1259 1425 1347 1478 τὸν
1371 1425 1593 1494 Ἰησοῦν,

44 1513 161 1569 εἷπε
182 1534 196 1547 ·
238 1519 366 1571 Νῦν
386 1519 673 1584 ἀπολύεις
701 1519 807 1572 τὸν
854 1517 1078 1571 δοῦλόν
1117 1534 1230 1570 σου
1253 1554 1267 1578 ,
1303 1516 1561 1570 δέσποτα
1580 1556 1594 1578 ,

45 1608 191 1660 κατὰ
237 1609 343 1662 τὸν
383 1609 569 1680 λόγον
613 1625 727 1662 σου
784 1609 851 1662 ἐν
891 1607 1114 1676 εἰρήνῃ.
1167 1609 1284 1660 Ὅτι
1343 1605 1503 1660 εἶδον
1546 1610 1596 1660 οὶ

48 1700 335 1768 ὀφθαλμοί
381 1718 500 1769 μου
527 1699 593 1754 τὸ
627 1698 926 1768 Σωτήριόν
968 1715 1103 1754 σου.
1151 1700 1318 1753 Τοῦτο
1349 1697 1439 1753 οὖν
1471 1689 1599 1752 αὐτὸ

50 1794 139 1844 καὶ
172 1793 202 1844 6
234 1793 526 1864 Προφήτης
552 1793 678 1849 ἰδεῖν
716 1791 932 1862 εὔχεται
952 1810 964 1822 ·
997 1793 1077 1845 διό
1115 1810 1276 1863 φησιν
1318 1796 1346 1845 6
1375 1794 1560 1862 Σωτήρ
1582 1809 1594 1822 ·

49 1884 265 1935 Πολλοὶ
299 1883 592 1952 προφῆται
626 1884 723 1936 καὶ
745 1884 956 1937 δίκαιοι
985 1885 1364 1951 ἐπεθύμησαν
1384 1882 1532 1936 ίδεῒν
1560 1883 1598 1937 d

49 1975 216 2042 ὑμεῖς
243 1975 527 2038 βλέπετε,
559 1974 654 2027 καὶ
682 1976 791 2029 οὐκ
826 1970 1006 2030 εἶδον.
1041 1975 1386 2042 Ἀκούσομαι
1417 1975 1472 2026 τί
1492 1977 1598 2026 λα-

45 2065 222 2131 λήσει
241 2066 310 2119 ἐν
329 2065 456 2135 ἐμοὶ
483 2066 696 2133 Κύριος
715 2068 746 2118 ὀ
777 2065 938 2130 Θεὸς,
963 2064 1051 2118 ὅτι
1071 2064 1325 2130 λαλήσει
1353 2063 1598 2133 εἰρήνην

45 2157 140 2208 ἐπὶ
178 2156 286 2209 τὸν
305 2155 457 2210 λαὸν
479 2157 684 2221 αὑτοῦ,
725 2157 823 2209 καὶ
850 2157 945 2209 ἐπὶ
981 2157 1120 2223 τοὺς
1163 2159 1372 2224 ὁσίους
1391 2155 1594 2218 αὐτοῦ,

47 2251 141 2302 καί
182 2250 281 2304 ἐπὶ
316 2249 454 2316 τοὺς
486 2250 950 2318 ἐπιστρέφοντας
993 2250 1264 2320 καρδίαν.
1293 2249 1599 2321 Εὑξάμενος

46 2344 72 2397 6
94 2337 400 2411 Προφήτης,
429 2342 493 2409 τῇ
518 2342 692 2410 σιωπῇ
721 2340 910 2393 ἑαυτὸν
927 2323 1282 2412 παραδίδωσι,
1308 2341 1598 2405 πιστεύσας

50 2431 568 2502 ὲπακουσθήσεσθαι.
586 2427 716 2484 Εἶτα
747 2432 1118 2502 προσδοκήσας
1147 2431 1487 2502 ἀποκρίσεως
1509 2449 1600 2483 τυ-

49 2525 160 2591 χεῖν
206 2540 369 2592 φησιν
415 2522 574 2585 αὐτὸς
615 2523 748 2592 πρὸς
794 2523 982 2576 αὐτόν’
1018 2520 1099 2575 Τά
1157 2522 1252 2591 μὲν
1293 2523 1392 2592 τῆς
1437 2522 1600 2593 εὐχῆς

54 2631 138 2680 μοι
165 2611 386 2664 τοιαῦτα
422 2612 608 2679 γέγονε
626 2629 639 2642 ο
668 2612 855 2683 καιρὸς
880 2611 936 2664 δὲ
967 2612 1148 2665 λοιπὸν
1178 2613 1475 2667 ἐπακοῦσαι
1506 2613 1599 2666 τοῦ

49 2700 203 2767 ἁγίου
230 2699 569 2770 Πνεύματος,
608 2702 700 2754 καὶ
754 2701 940 2771 μαθεῖν
979 2702 1106 2773 παρ’
1134 2703 1296 2756 αὑτοῦ
1327 2703 1377 2756 τί
1419 2705 1601 2775 μέλλοι

52 2789 324 2853 θεσπίζειν
357 2792 599 2862 περὶτῆς
626 2793 846 2862 εἰρήνης
868 2792 960 2844 τοῦ
980 2792 1107 2845 λαοῦ
1134 2793 1318 2859 αὑτοῦ,
1356 2797 1449 2848 καὶ
1478 2797 1601 2867 περὶ

53 2882 155 2933 τῶν
197 2883 494 2953 μελλόντων
525 2882 614 2936 διά
639 2884 732 2937 τοῦ
772 2885 1004 2956 Χριστοῦ
1039 2885 1200 2940 αὑτοῦ
1238 2886 1598 2957 ἐπιστρέφειν.

55 2971 182 3038 Εἶτα
213 2974 382 3046 βραχύ
407 2993 459 3027 τι
475 2976 836 3046 ὲφησυχάσας,
863 2975 1160 3047 πληροῦται
1180 2976 1272 3029 τοῦ
1293 2976 1430 3029 Πνεύ
1439 2994 1602 3046 ματος

52 3066 142 3117 τοῦ
175 3067 342 3131 θείου,
397 3067 491 3121 καὶ
537 3066 864 3138 προφητεύει
908 3067 1035 3137 ἑξῆς
1085 3062 1186 3121 ὧδέ
1232 3085 1346 3131 πως
1402 3067 1600 3135 λέγων’

55 3154 222 3220 Πλὴν
243 3155 422 3225 ἐγγὺς
441 3155 557 3210 τῶν
577 3153 955 3224 φοϐουμένων
987 3155 1172 3210 αὑτὸν
1213 3155 1280 3209 τὸ
1311 3155 1604 3223 σωτήριον

1697 703 1860 757 tuam,
1880 703 1931 748 et
1950 693 2187 747 salutare
2206 703 2353 747 tuum
2373 694 2445 746 da
2475 693 2642 748 nobis.
2677 692 2776 748 Hic
2795 693 2954 748 etiam
2973 690 3244 761 Propheta

1695 786 1967 856 precando
1998 778 2228 850 insistit,
2258 792 2320 839 ut
2353 786 2470 856 ipse
2494 801 2711 856 quoque
2735 784 2929 855 dignus
2960 783 3243 847 habeatur,

1693 879 1782 947 qui
1807 892 1870 931 ea
1915 893 2034 947 quae.
2057 893 2154 948 per
2179 876 2612 933 misericordiam
2641 876 2733 933 Dei
2761 885 3016 933 eventura
3033 912 3049 938 ,
3100 888 3247 943 qua:-

1694 984 1798 1036 que
1824 976 1978 1028 antea
2005 969 2363 1038 praenuntiata
2387 977 2535 1032 sunt,
2564 969 2735 1023 oculis
2763 966 3042 1037 percipiat.
3073 962 3250 1035 Rogat

1695 1061 1820 1113 item
1850 1066 1908 1112 ut
1938 1041 2252 1128 s'plendendi
2302 1058 2446 1112 illius
2497 1056 2697 1112 Christi
2737 1056 2803 1110 ad
2848 1055 3096 1110 homines
3146 1052 3245 1106 ad-

1697 1160 1888 1205 ventus
1917 1151 2031 1221 ipse
2062 1165 2288 1205 consors
2309 1148 2588 1212 eﬂiciatur,
2617 1163 2738 1202 cum
2766 1148 2875 1209 ait,
2906 1145 2977 1199 Et
3013 1145 3248 1199 salutare

1697 1253 1842 1298 tuum
1869 1242 1939 1296 da
1965 1243 2131 1297 nobis.
2167 1242 2415 1298 Salutare
2443 1249 2622 1296 autem
2656 1240 2786 1294 illud
2818 1238 3095 1293 Christum
3124 1251 3247 1292 esse

1697 1338 1840 1392 clare
1869 1338 2026 1393 docet
2054 1338 2108 1390 in
2139 1336 2444 1406 Evangeliis
2469 1333 2686 1389 Simeon
2716 1351 2727 1386 ι
2761 1333 2874 1402 qui,
2905 1330 3034 1386 J’esu
3070 1330 3248 1385 adhuc

1697 1430 1902 1485 infante
1930 1432 1985 1483 in
2018 1431 2163 1484 ulnis
2197 1436 2441 1498 accepto,
2471 1427 2648 1482 dixit:
2691 1425 2846 1479 Nunc
2876 1423 3096 1478 dimittis
3137 1438 3248 1476 ser-

1697 1538 1812 1575 vum
1873 1532 2060 1583 tuum,
2114 1520 2368 1582 Domine,
2416 1518 2698 1572 secundum
2747 1517 2956 1572 verbum
2988 1526 3133 1570 tuum
3193 1515 3250 1568 in

1696 1630 1837 1682 pace.
1870 1613 2007 1679 Quia
2044 1613 2280 1666 viderunt
2323 1610 2462 1664 oculi
2519 1611 2616 1662 mei
2674 1609 2934 1682 salutare
2965 1617 3114 1660 tuum
3178 1606 3244 1660 ⁵⁸.

1699 1677 1930 1773 ldipsum
1978 1701 2165 1756 videre
2203 1709 2451 1776 peroptat
2480 1697 2750 1768 Propheta
2783 1717 2796 1751 :
2847 1677 2970 1750 ideo
3001 1694 3249 1750 Salvator

1698 1797 1792 1858 ait,
1823 1794 1978 1848 Multi
2008 1793 2268 1863 propheta:
2293 1803 2342 1846 et
2361 1792 2497 1862 justi
2525 1791 2792 1844 voluerunt
2821 1788 3131 1856 videre-qua
3160 1803 3248 1841 vos

1699 1885 1901 1949 videtis,
1931 1893 1981 1937 et
2010 1901 2112 1938 non
2136 1882 2370 1938 viderunt
2398 1882 2466 1935 ".
2490 1910 2557 1919 —
2579 1878 2744 1933 Vens.
2777 1879 2830 1932 9.
2865 1875 3092 1948 Audiam
3121 1875 3247 1944 quid

1628 1942 1670 1996 Β
1699 1942 1936 2046 loquetur
1976 1977 2032 2028 in
2066 1991 2145 2028 me
2198 1973 2451 2026 Dominus
2496 1971 2634 2027 Deus
2658 2011 2672 2034 ,
2716 1945 2959 2040 quoniam
3011 1942 3248 2038 loquetur

1695 2084 1874 2136 pacem
1901 2069 1956 2121 in
1980 2068 2176 2135 plebem
2195 2082 2368 2131 suam,
2390 2075 2439 2118 et
2481 2066 2536 2118 in
2584 2073 2792 2118 sanctos
2822 2079 2942 2116 suos
2972 2069 3020 2115 et
3074 2062 3126 2113 in
3159 2076 3246 2113 eos

1697 2161 1785 2229 qui
1811 2168 2175 2214 convertuntur
2201 2156 2372 2212 corde.
2400 2155 2692 2225 Postquam
2720 2162 2972 2226 precatus
3007 2161 3090 2208 est
3115 2151 3249 2206 Pro-

1699 2253 1901 2322 pheta,
1944 2261 2127 2306 certus
2175 2267 2233 2305 se
2285 2248 2678 2304 exaudiendum
2727 2263 2881 2310 esse,
2937 2247 3151 2302 silentio
3189 2260 3248 2299 se

1699 2342 1884 2397 tradit.
1919 2341 2060 2396 Hinc
2088 2343 2217 2396 dum
2247 2340 2655 2411 responsionem
2683 2345 2982 2408 exspectat,
3023 2352 3142 2392 sese
3166 2336 3246 2390 sic

1700 2433 1992 2503 alloquitur
2024 2451 2037 2487 :
2071 2431 2218 2486 Talis
2271 2429 2371 2485 fuit
2426 2432 2664 2502 precatio
2712 2443 2861 2494 mea;
2894 2427 3003 2496 jam
3037 2437 3247 2496 tempus

1700 2530 1783 2578 est
1811 2532 1872 2576 ut
1903 2521 2164 2593 Spiritum
2218 2529 2466 2578 sanctum
2498 2521 2746 2584 audiam,
2795 2527 2849 2574 et
2891 2519 2959 2573 ab
3009 2518 3101 2572 illo
3137 2518 3250 2573 edi-

1701 2629 1870 2681 scam,
1903 2613 2032 2683 quid
2065 2614 2132 2668 de
2158 2628 2290 2682 pace
2336 2611 2514 2682 populi
2563 2612 2647 2666 sui
2707 2618 2761 2664 et
2814 2609 2880 2664 de
2912 2609 2979 2664 iis
3005 2610 3097 2679 qui
3155 2624 3250 2680 per

1700 2708 1976 2763 Christum
2033 2721 2192 2760 suum
2247 2702 2592 2759 convertendi
2643 2709 2802 2765 sunt,
2858 2701 3248 2755 vaticinaturus

1704 2797 1794 2854 sit.
1833 2795 2034 2852 Deinde
2082 2810 2210 2850 vero
2260 2794 2542 2864 postquam
2607 2792 2824 2862 paulum
2892 2790 3135 2847 substitit
3193 2799 3248 2846 et

1703 2889 1925 2960 quievit,
1989 2885 2191 2957 Spiritu
2248 2884 2431 2938 divino
2504 2883 2769 2954 repletur;
2849 2892 2903 2935 et
2975 2881 3097 2935 sub‘
3135 2878 3248 2934 haec

1704 2981 2037 3051 prophetiam
2056 2979 2190 3035 "edit
2231 2977 2314 3033 his
2347 2976 2563 3033 verbis:
2600 3006 2664 3016 -—
2699 2973 2859 3029 Vens.
2909 2973 2994 3028 i0.
3033 2972 3249 3026 Verum-

1707 3081 1877 3124 tamen
1908 3085 2063 3138 prope
2093 3071 2326 3123 timentes
2357 3083 2475 3122 eum
2508 3068 2740 3121 salutare
2758 3066 2945 3135 ipsius,
2969 3072 3024 3117 ut
3046 3062 3252 3124 inhabi»

1708 3171 1777 3219 tet
1801 3163 1970 3233 gloria
2013 3162 2067 3214 in
2100 3170 2237 3214 terra
2288 3169 2486 3214 nostra.
2520 3158 2618 3214 His
2645 3166 2821 3215 autem
2848 3158 3085 3212 declarat
3111 3155 3252 3224 jam-

53 3247 257 3309 αὑτοῦ,
293 3237 399 3301 τοῦ
429 3245 888 3314 κατωκηνῶσαι
918 3245 1103 3309 δόξαν
1121 3247 1189 3299 ἐν
1218 3244 1293 3312 τῇ
1418 3245 1601 3314 ἡμῶν·

1703 3254 1812 3323 jam
1843 3251 2194 3308 adventurum
2231 3249 2543 3311 hominibus
2590 3264 2711 3304 esse
2760 3248 2998 3304 salutare
3041 3244 3155 3308 Dei,
3183 3245 3251 3299 de

59 3334 359 3408 ἰΙαρίστησι
391 3338 446 3390 δὲ
473 3337 560 3391 διά
584 3337 808 3405 τούτων,
837 3338 958 3389 ὅσον
992 3338 1199 3390 οὐδέπω
1235 3337 1443 3407 μέλλειν
1490 3339 1604 3388 ὲπι-

59 3428 345 3496 στήσεσθαι
371 3426 674 3498 ἀνθρώποις
701 3425 763 3478 τὸ
793 3429 1054 3497 σωτήριον
1077 3426 1167 3478 τοῦ
1207 3425 1360 3489 Θεοῦ,
1384 3427 1510 3496 περὶ
1543 3419 1604 3476 οῦ

56 3519 310 3590 ἀνωτέρω
361 3518 560 3589 ηῦξατο
592 3516 785 3570 εἰπών·
834 3516 1037 3580 Δεῖξον
1083 3516 1257 3584 ἡμῖν,
1292 3516 1490 3582 Κύριε,
1540 3515 1605 3566 τὸ

56 3610 222 3674 ἐλεός
253 3625 388 3672 σου,
411 3609 508 3662 καὶ
535 3607 599 3661 τὸ
628 3605 918 3674 σωτήριόν
947 3620 1062 3660 σου
1085 3604 1242 3675 δῴης
1276 3605 1434 3675 ἡμῖν.
1470 3605 1608 3657 Αὐτὸ

57 3701 118 3770 δὴ
151 3697 243 3754 οῦν
279 3700 436 3753 τοῦτό
470 3718 600 3772 φησι
637 3700 697 3752 τὸ
733 3700 1003 3772 Σωτὴριον
1030 3695 1261 3766 ἔγγιστα
1305 3697 1605 3766 τυγχάνειν,

59 3792 148 3842 καὶ
195 3790 421 3862 πλησίον
457 3791 557 3862 ἤδη
584 3790 676 3843 καὶ
713 3790 875 3858 ἐγγὺς
916 3787 1025 3841 τῶν
1064 3784 1405 3856 φοϐουμένων
1451 3787 1608 3840 αὑτὸν

61 3878 217 3950 εἶναι,
241 3883 414 3936 αἴτιον
455 3883 694 3954 ὑπάρχον
729 3881 822 3935 τοῦ
872 3879 1286 3950 κατασκηνῶσαι
1321 3875 1473 3940 δόξαν
1517 3878 1610 3931 καὶ¹

60 3975 392 4045 σκηνώματα
446 3975 705 4044 συστῆσαι
735 3975 792 4026 ὲν
820 3975 885 4044 τῇ
918 3975 989 4042 τῇ
1031 3970 1203 4041 ἡμῶν.
1239 3967 1397 4030 Ἔθος
1442 3968 1498 4021 δὲ
1543 3973 1608 4040 τῇ

62 4067 197 4137 θείςιι⁸
216 4066 408 4136 Γραφῇ
439 4065 528 4118 τὸν
574 4064 803 4136 Χριστὸν
833 4063 926 4115 τοῦ
959 4061 1090 4114 Θεοῦ
1127 4061 1390 4131 σωτήριον
1414 4061 1609 4132 ὀνομά-

61 4155 191 4220 ζειν,
226 4154 484 4218 πολλάκις
531 4156 620 4208 διὰ
649 4155 854 4233 πολλῶν
903 4153 1278 4222 ἀπεδείξαμεν.
1309 4153 1374 4206 Ὃ
1417 4152 1481 4222 δὴ
1522 4153 1614 4204 καὶ

62 4245 152 4296 νῦν
189 4244 460 4309 θεσπίζων
500 4247 528 4298 6
578 4245 754 4314 λόγος,
794 4245 1025 4318 παρίστη
1059 4244 1319 4297 διδάσκων
1357 4243 1476 4295 ἀντὶ
1516 4241 1613 4311 τῆς

64 4337 330 4408 προτέρας
357 4336 577 4406 ἀτιμίας
599 4340 695 4405 τῆς
725 4337 863 4389 κατά
887 4336 981 4407 τὴν
1011 4321 1445 4404 εἰδωλολατρείαν
1484 4333 1613 4385 ὑπο-

66 4430 265 4498 στάσης
313 4429 372 4481 ὲν
402 4432 464 4499 τῇ
494 4431 563 4500 γῇ
599 4428 752 4494 δόξαν
775 4431 831 4481 ὲν
871 4428 1005 4498 αὐτῇ
1037 4421 1613 4495 κατασκηνώσειν,’καὶ

66 4521 397 4592 σκηνώματα
434 4520 704 4590 πανταχοῦ
763 4521 862 4590 γῆς
911 4517 1284 4590 ίδρυθήσεσθαι
1329 4515 1483 4584 δόξης
1515 4513 1612 4582 τῆς

1706 3360 1814 3416 quo
1853 3343 2101 3414 superius
2125 3342 2239 3396 haec
2267 3342 2588 3410 precabatur
2618 3357 2631 3391 :
2667 3338 2892 3394 Ostende
2932 3337 3099 3402 nobis,
3137 3335 3247 3389 Do-

1707 3437 1862 3498 mine,
1898 3431 2308 3489 misericordiam
2338 3441 2502 3495 tuam,
2531 3441 2579 3485 et
2613 3429 2845 3485 salutare
2876 3438 3020 3481 tuum
3051 3427 3121 3480 da
3160 3443 3253 3480 no-

1708 3527 1806 3582 bis.
1823 3526 1935 3582 Hoc
1951 3527 2126 3597 ipsum
2149 3521 2507 3593 salutare'jam
2528 3521 2830 3592 proximum
2875 3534 2997 3575 esse
3019 3518 3255 3574 declarat

1708 3635 1771 3673 ac
1801 3620 2034 3674 vicinum
2059 3617 2370 3672 timentibus
2402 3630 2524 3670 eum
2544 3655 2559 3678 ,
2602 3615 2888 3684 ipsumque
2919 3627 3100 3667 veram
3133 3626 3252 3666 esse

1707 3723 1926 3763 causam
1957 3723 2057 3762 cur
2105 3706 2273 3777 gloria
2319 3703 2581 3760 inhabitet
2625 3711 2678 3757 et
2715 3701 3059 3758 tabernacula
3087 3705 3254 3768 ponat

1710 3803 1766 3855 in
1804 3806 1947 3854 terra
1968 3805 2174 3853 nostra.
2209 3796 2265 3852 Id
2292 3804 2471 3851 autem
2497 3795 2664 3850 moris
2689 3807 2810 3847 esse
2855 3790 3146 3868 Scriptura:
3177 3790 3255 3844 di-

1710 3893 1863 3956 vinaa,
1894 3897 1954 3944 ut
1980 3889 2251 3943 Christum
2279 3887 2371 3942 Dei
2417 3887 2655 3941 salutare
2691 3893 2987 3952 nuncupet,
3015 3898 3156 3952 saepe
3200 3891 3254 3936 et

1711 3983 1954 4053 pluribus
1978 3979 2468 4050 comprobavimus.
2501 3975 2656 4042 Quod
2695 3989 2826 4031 sane
2876 3976 2976 4029 hoc
3023 3976 3076 4029 in
3116 3975 3252 4028 vati-

1711 4071 1853 4125 cinio
1895 4070 2219 4134 declaratur,
2251 4065 2458 4121 scilicet
2478 4064 2598 4118 loco
2628 4063 2824 4132 prioris
2853 4061 3106 4123 infamiae,
3135 4074 3255 4129 qua

1710 4161 2026 4217 idololatriae
2070 4172 2311 4228 tempore
2356 4157 2410 4211 in
2454 4163 2599 4210 terra
2645 4151 2979 4215 versabatur,
3030 4150 3254 4219 gloriam

1711 4251 1906 4306 ibidem
1940 4238 2325 4320 habitaturam,
2347 4252 2400 4303 et
2427 4243 2773 4298 tabernacula
2800 4242 2984 4311 gloria:
3023 4239 3132 4294 Dco
3158 4253 3256 4312 per

1712 4343 2073 4413 evangelicam
2099 4340 2400 4395 doctrinam
2431 4336 2746 4396 referendae,
2770 4333 2969 4401 ubique
2989 4339 3253 4384 terrarum

1716 4435 1922 4505 ﬁgenda
1967 4449 2108 4489 esse.
2164 4430 2472 4486 Secundum
2517 4429 2633 4482 haec
2679 4425 2898 4479 modum
2942 4422 3112 4490 aperit
3147 4436 3255 4490 quo

1717 4526 1978 4594 promissa
2000 4521 2316 4592 complenda
2351 4525 2500 4582 sunt,
2523 4517 2608 4571 bis
2634 4512 2812 4568 verbis
2839 4530 2851 4565 :
2877 4539 2946 4552 ---
2968 4509 3134 4564 Vsus.
3165 4509 3252 4562 ll.

64 4613 137 4681 τῷ
173 4612 296 4684 Θεῷ
327 4611 413 4671 δ.ιά
448 4613 546 4682 τῆς
586 4608 1308 4682 εὐαγγελικῆς’διδασκαλίας
1353 4603 1604 4674 ἀνατεθη-

1715 4616 2077 4671 Misericordia
2111 4625 2158 4667 et
2201 4613 2388 4666 veritas
2423 4608 2751 4662 obviaverunt
2799 4603 2920 4669 sibi,
2970 4601 3180 4670 iustitia
3206 4610 3254 4653 et

68 4704 323 4775 σομένης.
358 4697 510 4765 ,Εἶτα
558 4702 766 4764 τούτοις
823 4702 947 4771 ἑξῆς
994 4701 1084 4753 τὸν
1129 4700 1350 4770 τρόπον,
1391 4694 1511 4748 καθ’
1557 4693 1614 4747 ὃν

66 4794 285 4863 ἔμελλεν
332 4792 886 4864 ἀποπληρωθήσεσθαι
936 4791 1003 4843 τά
1044 4787 1453 4860 ἐπηγγελμένα,
1499 4787 1613 4840 δια-

69 4889 225 4953 σαφεῖ
267 4885 476 4953 λέγων*
513 4886 719 4947 Ἔλεος
763 4881 859 4934 καὶ
916 4881 1162 4946 ἀλήθεια
1201 4876 1612 4946 συνήντησαν,

67 4974 419 5044 δικαιοσύνη
466 4977 564 5030 καὶ
590 4973 794 5043 εἰρήνη
837 4971 1264 5039 κατεφίλησαν.
1297 4968 1399 5021 Δύο
1428 4968 1491 5038 δὴ
1529 4969 1616 5024 διὰ

68 5050 266 5118 τούτων
295 5068 550 5135 συζυγίας
580 5067 740 5136 φησὶν
768 5064 1018 5134 ἀλλήλαις
1045 5059 1453 5131 συνηντηκέναι,
1486 5053 1558 5113 ὧν
1583 5064 1616 5131 ή

69 5155 258 5226 πρώτη
286 5157 468 5220 ὲλέους
497 5154 564 5228 ῆν
595 5158 687 5212 καὶ
716 5155 989 5226 ἀληθείας,
1019 5155 1052 5224 ή
1079 5152 1134 5204 δὲ
1166 5151 1390 5222 δευτέρα
1419 5151 1617 5216 δικαιο-

68 5246 229 5316 σύνης
273 5248 369 5299 καὶ
411 5249 649 5317 εἰρήνης.
684 5247 1022 5316 Συνήντησαν
1054 5243 1321 5313 ἀλλήλαις,
1347 5242 1495 5313 φησὶ,
1527 5242 1617 5296 καὶ

73 5337 319 5406 φιλικοὺς
368 5338 686 5407 ἀσπασμοὺς
713 5337 1109 5391 ἀποδεδώκασι·
1158 5333 1518 5404 κατεφίλησάν
1558 5349 1617 5385 τε

72 5429 202 5498 ὁμοῦ
223 5428 327 5499 τὴν
357 5417 698 5500 δικαιοσύνην
719 5430 812 5481 καὶ
841 5428 938 5500 τὴν
972 5429 1190 5499 εἰρήνην
1218 5428 1251 5494 ἡ
1278 5424 1501 5494 ἀλήθεια
1527 5425 1620 5479 καὶ

74 5519 132 5570 τὸ
157 5518 323 5580 ἔλεος.
364 5510 529 5571 Πόθεν
559 5518 616 5570 δὲ
637 5518 963 5589 ἀφικόμεναι
988 5516 1239 5587 ἀλλήλαις
1267 5515 1618 5586 συνήντησαν,

80 5610 234 5663 πάλιν
262 5610 468 5673 ὑποϐάς
496 5608 731 5662 διδάσκει
750 5609 949 5676 λέγων·
992 5607 1254 5675 Ἀλήθεια
1287 5608 1354 5660 ἐκ
1379 5606 1488 5675 τῆς
1514 5607 1622 5678 γῆς

77 5701 360 5768 ἀνέτειλε,
387 5702 483 5756 καὶ
520 5701 866 5770 δικαιοσύνη
907 5702 974 5755 ἐκ
1008 5702 1111 5756 τοῦ
1152 5700 1405 5769 οὐρανοῦ
1431 5699 1621 5757 διέκυ-

178 5885 185 5898 ·
227 5879 356 5934 ’.ιι-ε..
397 5898 468 5935 ll.
507 5879 705 5948 99,50.
780 5879 820 5911 ⁵³
867 5878 1054 5947 Matth.
1090 5896 1216 5950 χιιι,
1254 5879 1339 5947 li.

1713 4724 1816 4778 pax
1849 4707 2094 4762 osculata:
2137 4713 2276 4756 sunt.
2327 4700 2421 4754 liis
2468 4713 2631 4770 porro
2663 4698 2818 4752 binas
2849 4693 3256 4764 conjugationes

1713 4797 1980 4851 coaluisse
2009 4793 2185 4858 docet,
2216 4793 2444 4861 quarum
2477 4789 2650 4858 prima
2682 4794 2766 4843 est
2798 4781 3180 4840 misericordia:
3202 4787 3256 4833 et

1713 4886 1986 4949 veritatis;
2019 4884 2256 4939 secunda
2282 4899 2428 4948 vero,
2455 4881 2680 4952 justitize
2707 4887 2760 4935 et
2800 4876 2972 4950 pacis.
2995 4872 3257 4928 Occurre—

1714 4983 1861 5041 runt,
1898 4975 2094 5044 inquit,
2136 4983 2346 5040 mutuo,
2381 4975 2693 5042 amicasque
2735 4967 3086 5025 salutationes
3127 4977 3257 5018 con-

1715 5060 2014 5125 tulerunt':
2053 5067 2240 5122 oscula
2277 5066 2541 5122 dederunt
2577 5063 2738 5121 simul
2784 5058 3008 5131 justitia:
3044 5065 3098 5112 et
3137 5054 3255 5126 paci

1717 5154 1916 5216 veritas
1941 5162 1995 5210 et
2022 5155 2412 5211 misericordia.
2441 5153 2598 5210 Unde
2635 5167 2760 5207 vero
2792 5148 3043 5219 proiectae
3069 5152 3256 5200 mutuo
3287 5163 3301 5176 λ

1717 5247 2078 5312 occurrerint,
2127 5247 2423 5303 secundum
2472 5249 2585 5300 haec
2626 5242 2863 5297 declarat
2909 5239 2993 5295 bis
3031 5236 3253 5294 verbis:

1718 5370 1785 5379 —
1806 5337 1969 5394 Vsus.
2005 5341 2092 5394 12.
2135 5339 2338 5392 Veritas
2366 5338 2429 5391 de
2456 5347 2591 5390 terra
2615 5342 2731 5388 orta
2758 5342 2854 5398 est,
2887 5342 2935 5387 et
2955 5330 3167 5399 justitia
3195 5329 3258 5383 de

1722 5430 1843 5488 corio
1864 5432 2147 5500 prospexit.
2169 5428 2362 5498 Utpote
2383 5429 2544 5498 igitur
2563 5442 2630 5481 ex
2649 5439 2842 5495 magna
2862 5419 3260 5489 intercapedine

1721 5529 1909 5578 mutuo
1938 5528 2344 5582 concurrentes,
2381 5533 2500 5572 sese
2536 5511 2766 5572 invicem
2804 5513 3059 5582 amplexa:
3087 5519 3142 5566 et
3172 5527 3261 5566 os—

1677 5612 1682 5616 “
1722 5613 1913 5668 culataa
1943 5601 2089 5676 sunt,
2124 5611 2252 5665 hinc
2288 5608 2503 5677 justitia
2530 5623 2650 5678 quae
2691 5607 2758 5662 de
2799 5604 2937 5660 C(elo
2974 5604 3028 5657 in
3061 5610 3260 5657 terram

1720 5705 2020 5777 prospexit,
2060 5702 2183 5758 inde
2221 5700 2420 5756 veritas
2466 5715 2584 5770 quae
2629 5697 2695 5753 de
2739 5696 2848 5776 imo
2875 5695 2988 5751 sive
3021 5693 3086 5749 de
3119 5701 3266 5757 terra
