3974 6354
716 460 856 518 1037

1451 447 1717 512 EUSEBll
1756 455 2222 512 CIESARIENSIS
2242 460 2255 509 t

2354 457 2395 514 ⁵.
2432 457 2611 512 PARS
2640 458 2727 514 Ill.
2756 488 2827 501 -
2858 460 3263 521 ΕΧΕΟΕΤΙΟΔ.

3784 450 3907 523 tuis

716 594 837 649 qua:
873 577 984 648 jam
1019 575 1269 631 indicatis
1298 575 1452 629 bonis
1484 575 1700 644 dignata
1734 575 1825 640 sit,
1868 589 1990 629 cum
2033 573 2255 646 Spiritus

2365 576 2433 629 τὰ
2469 576 2626 638 καινά
2678 576 2897 648 ᾄσματα
2924 577 3070 648 ᾅδειν
3097 576 3491 649 προστάττεται
3521 579 3554 648 ἡ
3601 577 3692 648 γῆ,
3738 579 3812 641 ὡς
3849 581 3906 631 ἂν

718 680 942 724 sanctus
976 669 1078 739 ips'i
1107 668 1316 722 accinat
1340 666 1601 737 et'dicatl.
1627 666 1849 720 Cantate
1880 667 2126 732 Domino,
2157 684 2267 721 om-

718 761 798 812 nis
855 770 1013 826 terra,
1041 767 1248 811 cantate
1296 757 1518 812 Domino
1552 759 1812 812 canticum
1867 775 2052 812 novum
2083 759 2158 822 “;
2189 766 2262 823 et,

721 849 976 913 Dominus
1030 850 1284 918 regnavit,
1334 847 1616 901 exsultabit
1657 857 1794 902 terra
1827 848 1892 912 “,
1938 855 1992 903 et
2035 849 2137 901 alia
2183 849 2264 902 his

718 941 937 1001 similia.
975 968 1044 979 —-
1075 938 1238 994 Vens.
1281 939 1366 992 M.
1400 937 1624 993 Iustitia
1653 948 1771 993 ante
1798 955 1914 992 eum
1956 939 2262 1004 ambulabit,

715 1045 764 1088 et
793 1044 944 1103 ponet
972 1035 1026 1086 in
1057 1034 1142 1086 via
1168 1049 1372 1103 gressus
1405 1036 1538 1101 ejus.
1581 1031 1755 1102 Hujus
1785 1033 1915 1088 dicti
1947 1036 2266 1089 sententiam

715 1127 975 1196 liquidius
1024 1124 1254 1178 efferunt
1301 1125 1495 1194 reliqui
1544 1126 1890 1194 interpretes,
1927 1125 2266 1194 maximeque

716 1217 1071 1288 Symmachus
1101 1219 1192 1289 qui
1247 1219 1328 1273 sic
1357 1218 1518 1272 habet
1562 1235 1576 1271 :
1612 1215 1836 1271 Iustitia
1862 1216 2264 1286 uniuscujusque

710 1310 961 1378 prtecedet
1012 1311 1201 1379 ipsum,
1233 1319 1282 1364 et
1314 1321 1466 1378 ponet
1499 1312 1554 1363 in
1582 1313 1667 1364 via
1693 1311 1843 1380 pedes
1880 1310 2014 1379 ejus.
2044 1309 2260 1366 Collatis

718 1416 955 1469 namque
973 1408 1133 1454 terrae
1157 1399 1336 1463 bonis,
1365 1400 1614 1470 quisquis
1635 1409 1832 1455 terram
1858 1401 2063 1464 incolit,
2084 1407 2256 1469 utpote

710 1493 800 1560 qui
823 1493 1049 1560 iustitiae
1077 1491 1144 1544 de
1178 1493 1319 1545 coelo
1353 1492 1730 1561 prospicientis
1761 1507 1988 1547 consors
2015 1491 2106 1556 sit,
2139 1505 2265 1561 pro-

710 1583 882 1650 priam
906 1583 1011 1636 sibi
1029 1582 1289 1650 justitiam
1316 1583 1589 1644 obtinens,
1607 1598 1726 1637 eam
1751 1584 1806 1636 in
1826 1584 1907 1636 via
1939 1583 2006 1637 ad
2033 1598 2264 1654 superna

711 1666 924 1730 ducem,
957 1682 1020 1720 ac
1041 1685 1260 1737 gressus
1290 1687 1418 1726 suos
1449 1671 1766 1739 dirigentem
1798 1671 2011 1726 habebit
2037 1689 2051 1737 ;
2084 1672 2278 1754 ut‘iter.

710 1757 777 1809 ad
816 1759 983 1813 caelos
1014 1775 1284 1827 emensus,
1321 1764 1718 1832 roboratusque
1746 1772 1800 1817 et
1829 1778 1859 1816 a
1899 1771 2264 1833 praecurrente

707 1849 916 1918 justitia
951 1867 1047 1906 sua
1076 1866 1234 1904 manu
1253 1853 1466 1919 ductus,
1490 1871 1722 1923 superna
1754 1847 2021 1925 promissa
2063 1856 2256 1908 nanci-'

2368 669 2620 721 τοιούτων
2673 669 2872 739 ἀρτίως
2922 669 3302 740 δεδηλωμένων
3359 669 3775 740 κατηξιωμένη,
3821 671 3904 723 τοῦ

2365 761 2517 829 ἁγίου
2555 761 2867 834 Πνεύματος
2903 761 3295 831 ὲπιφωνοῦντος
3342 763 3477 833 αὐτῇ
3515 763 3610 816 καὶ
3651 762 3902 830 λέγοντος·

2369 855 2592 923 ’ᾼσατε
2623 854 2703 920 τῷ
2743 854 2936 921 Κυρίῳ
2979 836 3144 908 πᾶσά
3182 853 3220 920 ἡ
3266 852 3362 923 γῆ,
3389 852 3577 921 ᾆσατε
3605 852 3683 918 τῷ
3728 857 3906 920 Κυρίῳ

2365 939 2528 1012 ᾆσμα
2557 946 2782 998 καινόν·
2815 945 2925 1013 καὶ,
2957 947 3168 1014 Κύριος
3190 946 3608 1009 ἐϐασίλευσεν,
3637 945 3903 1018 dra/uta?-

2366 1049 2532 1089 σεται
2575 1037 2615 1103 ἡ
2657 1036 2755 1106 γῆ,
2803 1037 2897 1090 καὶ
2931 1037 3029 1090 ὅσα
3072 1037 3277 1100 τούτοις
3311 1039 3473 1108 ὅμοια
3509 1038 3781 1107 τυγχάνει.
3828 1038 3904 1088 Δι-

2365 1127 2656 1193 καιοσύνη
2709 1127 2983 1181 ἐναντίον
3039 1128 3225 1182 αὐτοῦ
3282 1130 3767 1198 προπορεύσεται,
3819 1127 3904 1182 καί

2366 1217 2537 1286 θήσει
2570 1221 2656 1284 είς
2686 1219 2828 1273 ὁδὸν
2865 1219 2935 1273 τὰ
2969 1221 3294 1291 διαδήματα
3336 1220 3541 1276 αὐτοῦ.
3588 1221 3784 1274 Τούτου
3817 1221 3904 1289 τὴν

2363 1309 2597 1363 διάνοιαν
2627 1312 2956 1383 σαφέστερον
2987 1313 3338 1368 ἐκδεδὼκασιν
3374 1316 3422 1366 οἱ
3453 1314 3627 1366 λοιποὶ
3655 1314 3902 1382 ἑρμηνευι-

2362 1399 2472 1462 ταὶ,
2515 1400 2607 1451 καὶ
2645 1400 2875 1470 μάλιστα
2923 1403 2952 1454 6
2995 1402 3284 1474 Σύμμαχος
3326 1403 3512 1458 εἰπών·
3564 1404 3900 1468 Δικαιοσύνη

2361 1489 2618 1544 ἑκάστου
2645 1495 3066 1561 προελεύσεται
3096 1496 3298 1560 αὐτὸν,
3330 1496 3429 1550 καὶ
3459 1497 3630 1562 θήσει
3660 1498 3744 1561 είς
3775 1495 3901 1548 ὁδὸν

2362 1581 2500 1646 τοὺς
2529 1583 2716 1650 πόδας
2742 1587 2946 1644 αὐτοῦ.
2973 1588 3126 1642 Μετὰ
3145 1587 3249 1660 γὰρ
3269 1587 3337 1642 τὰ
3359 1592 3426 1660 τῇ
3452 1593 3521 1661 γῇ
3553 1590 3901 1660 κεχαρισμένα

2361 1671 2539 1739 ἀγαθά
2563 1672 2788 1737 ἕκαστος
2807 1674 2914 1728 τῶν
2939 1675 3034 1746 τὴν
3060 1677 3163 1747 γῆν
3193 1679 3609 1741 κατοικούντων,
3635 1677 3707 1741 ὼς
3728 1675 3791 1729 ἂν
3813 1676 3898 1744 τῆς

2361 1761 2420 1825 eg
2456 1763 2697 1834 οὐρανῶν
2739 1766 3076 1838 διακυψάσης
3122 1768 3461 1838 δικαιοσύνης
3493 1766 3786 1838 μετασχὼν,
3819 1768 3898 1818 καὶ

2365 1853 2525 1916 αὐτὸς
2555 1854 2688 1908 ίδίαν
2718 1858 3056 1927 κτησάμενος
3082 1857 3440 1930 δικαιοσύνην,
3470 1855 3581 1922 ἕξει
3609 1857 3769 1928 αὐτὴν
3791 1873 3898 1926 προ-

715 1944 900 1994 s'catur
931 1961 942 1995 :
983 1959 1102 2012 qua:
1139 1943 1387 1998 Salvator
1410 1953 1464 1998 et
1492 1943 1754 1999 Dominus
1800 1954 1984 1998 noster
2013 1945 2255 1998 omnibus

2363 1941 2596 2009 ἀγουσαν
2629 1945 2787 1999 αὐτὸν
2828 1949 2906 2010 είς
2947 1947 3044 2018 τὴν
3083 1949 3194 2002 ἀνω
3239 1949 3503 2017 φέρουσαν
3533 1947 3668 2011 ὁδὸν,
3711 1948 3800 2000 καὶ
3838 1948 3896 1997 τὰ

709 2029 1018 2087 hominibus
1049 2033 1386 2087 annuntiavit
1417 2034 1603 2088 dicens
1634 2053 1647 2088 :
1680 2034 2123 2104 Appropinquavit
2173 2050 2259 2088 re-

705 2137 863 2188 gnum
918 2122 1162 2177 ccelorum
1193 2126 1272 2190 ⁸²;
1336 2133 1390 2179 et
1442 2124 1595 2178 Beati
1656 2124 1957 2193 hujusmodi
1998 2124 2256 2191 homines,

706 2214 951 2281 quoniam
981 2217 1212 2283 ipsorum
1236 2225 1314 2269 est
1349 2231 1564 2283 regnum
1593 2215 1838 2269 caelorum
1877 2215 1941 2271 ⁸³.

2363 2033 2670 2106 διαδήματα
2700 2039 2866 2109 αὐτῆς
2901 2041 3357 2094 κατατάττουσαν·
3399 2042 3545 2104 ὅπως
3579 2038 3792 2102 ὁδεύσας
3813 2039 3895 2107 τὴν

2365 2128 2442 2190 εἰς
2467 2128 2725 2198 οὐρανοὺς
2756 2131 3042 2216 φέρουσαν,
3072 2133 3548 2205 ἐπιστηριζόμενος
3583 2149 3640 2185 τε
3679 2131 3768 2185 καὶ
3797 2147 3894 2200 χει-

2366 2220 2776 2290 ραγωγούμενος
2806 2223 2909 2277 ὑπὸ
2948 2226 3049 2300 τῆς
3093 2225 3436 2298 προαγούσης
3467 2225 3628 2278 αὑτὸν
3647 2220 3894 2276 δικαιοσύ-

705 2321 801 2376 νης
832 2302 1016 2371 αὑτοῦ,
1047 2306 1196 2375 τύχοι
1230 2306 1336 2359 τῶν
1377 2308 1711 2378 ἐπουρανίων
1743 2309 2099 2378 ἐπαγγελιῶν,
2138 2309 2204 2373 ἃς
2232 2311 2259 2361 6
2297 2310 2485 2383 Σωτὴρ
2547 2313 2638 2365 καὶ
2666 2313 2866 2385 Κύριος
2897 2319 2928 2386 ἡ
2939 2317 3054 2384 μῶν
3088 2320 3352 2389 ἐκήρυττε
3393 2320 3555 2371 πᾶσιν
3607 2315 3893 2387 ἀνθρώποις

705 2399 896 2466 λέγων’
926 2404 1196 2471 Ἤγγικεν
1220 2403 1257 2468 ὴ
1281 2402 1567 2465 ,βασιλεία
1590 2403 1706 2457 τῶν
1727 2402 2016 2472 οὐρανῶνο
2043 2406 2156 2472 καὶ,
2188 2406 2474 2461 Men/limat
2503 2413 2557 2462 οί
2616 2408 2854 2488 τοιοίδε,
2884 2409 2972 2463 ὅτι
2999 2410 3195 2465 αὐτῶν
3214 2412 3381 2464 ἐστιν
3402 2413 3440 2478 ἠ
3475 2411 3755 2475 βασιλεία
3790 2406 3892 2461 τῶν

705 2498 776 2548 οὐ
801 2494 990 2549 κινῶν.

873 2739 880 2746 1
988 2654 1244 2712 ORATIO
1282 2653 1415 2710 INSI
1451 2656 1676 2714 DAVID.
1719 2645 1975 2716 LXXXV.

777 2782 940 2850 Veiis.
976 2794 1026 2848 i.
1062 2791 1290 2861 Inclina,
1317 2793 1558 2860 Domine,
1608 2812 1788 2850 aurem
1818 2806 1962 2850 tuam
1988 2805 2035 2850 et
2063 2797 2256 2851 exaudi

711 2907 806 2952 me,
841 2889 1085 2959 quoniam
1130 2887 1277 2952 inops
1327 2897 1376 2940 et
1410 2901 1608 2956 pauper
1636 2904 1752 2942 sum
1783 2904 1894 2960 ego.
1921 2889 2057 2943 Cum
2087 2889 2173 2943 bis
2199 2889 2254 2941 in

707 2980 842 3034 locis
871 2978 1104 3050 quatuor
1131 2979 1322 3048 psalmi
1352 2980 1586 3049 ﬁliorum
1619 2979 1752 3035 Core
1789 2979 2033 3049 inscripti
2065 2994 2256 3034 conse-

705 3072 934 3140 quenter
961 3077 1249 3140 ponantur,
1283 3082 1510 3139 quorum
1539 3071 1746 3139 primus
1773 3078 1871 3139 est
1901 3084 2129 3132 Lxxxm,
2172 3085 2255 3126 se-

705 3164 916 3218 cundus
940 3178 1158 3225 uxxrv,
1190 3164 1383 3218 tertius
1415 3177 1633 3226 Lxxxvr,
1664 3169 1972 3232 postremus
1997 3139 2215 3216 Lxxxﬂi
2237 3202 2250 3226 ,

703 3266 1004 3325 opportune
1023 3261 1227 3324 quazrat
1258 3254 1451 3323 aliquis
1477 3254 1606 3323 quid
1637 3269 1816 3308 causa:
1852 3255 1942 3317 sit,
1968 3255 2116 3324 quod
2135 3269 2256 3308 ora-

2672 2662 3038 2716 ΠΡΟΣΕΥΧΗ
3082 2662 3168 2732 Ti)
3218 2662 3435 2716 ΔΑΥΙΔ.
3464 2657 3588 2717 ΠΕ.

2425 2788 2666 2852 Κλῖνον,
2699 2790 2891 2857 Κύριε,
2918 2788 2984 2842 τὸ
3007 2783 3116 2855 οὺς
3135 2805 3271 2852 σου,
3295 2790 3391 2864 καὶ
3412 2789 3748 2852 ἐπάκουσον
3763 2812 3886 2862 μου,

2357 2881 2443 2935 ὅτι
2475 2882 2706 2951 πτωχὸς
2733 2883 2829 2935 καί
2877 2883 3065 2950 πένης
3099 2883 3214 2953 εἰμὶ
3419 2885 3705 2957 Τεσσάρων
3740 2888 3889 2940 ὄντων

2357 2973 2549 3044 ἐφεξῆς
2599 2975 2827 3050 ψαλμῶν
2875 2975 2983 3030 τῶν
3037 2977 3526 3047 ἐπιγεγραμμένου
3577 2978 3718 3033 υίῶν
3748 2974 3884 3048 Κορὲ

2359 3065 2497 3118 κατά
2545 3067 2669 3128 τοὺς
2706 3066 2978 3136 παρόντας
3022 3067 3239 3131 τόπους,
3282 3067 3496 3138 πρώτου
3543 3071 3640 3140 μὲν
3665 3071 3751 3124 τοῦ
3787 3080 3885 3138 117’,-

2358 3154 2543 3207 ἔπειτα
2583 3154 2676 3208 τοῦ
2719 3154 2820 3221 πεδ’,
2856 3157 2948 3209 καὶ
2985 3157 3166 3228 τρίτου
3201 3158 3295 3210 τοῦ
3328 3165 3442 3223 πς·’,
3474 3161 3568 3214 καὶ
3608 3162 3882 3217 τελευταίου

2356 3249 2448 3302 τοῦ
2485 3247 2590 3312 πζ’,
2636 3248 2749 3311 πῶς
2778 3251 3102 3322 ὴπροσευχὴ
3135 3251 3226 3304 τοῦ
3261 3252 3420 3306 Δαυῒδ
3447 3253 3706 3326 ἀκαίρως,
3734 3255 3802 3320 ὡς
3830 3258 3884 3310 ἂν

704 3348 780 3400 tio
828 3337 1042 3400 Davidis
1090 3346 1484 3414 intempestive,
1520 3354 1577 3399 ut
1623 3347 1888 3415 quispiam
1942 3347 2251 3410 dixerit,'in

2354 3341 2490 3392 εἴποι
2526 3357 2631 3406 τις,
2672 3340 3111 3411 παρεμϐέὸληται
3153 3342 3314 3413 μέση,
3353 3343 3587 3412 εὐλόγως
3625 3346 3687 3400 ἀν
3713 3364 3787 3410 τις
3813 3347 3883 3411 ἐξ»

705 3437 884 3492 medio
915 3453 1102 3491 eorum
1133 3438 1304 3491 locata
1339 3439 1519 3492 fuerit.
1554 3437 1789 3495 Estimo
1822 3440 1986 3509 igitur
2007 3454 2111 3493 non
2138 3440 2256 3492 sine

705 3544 903 3595 causa,
956 3529 1048 3585 sed
1090 3531 1549 3599 opportunissime
1600 3533 1874 3586 vaticiniis
1919 3530 1986 3585 de
2036 3531 2254 3584 Christo

704 3618 1000 3672 immistar’n
1031 3619 1170 3672 hanc
1197 3621 1494 3674 orationem
1526 3621 1712 3675 fuisse.
1743 3620 1880 3686 Quia
1908 3620 2052 3674 enim
2086 3620 2255 3674 bono-

701 3724 823 3763 rum
861 3709 1146 3778 promiSsa,
1177 3711 1387 3764 veniam
1437 3715 1802 3780 peccatorum,
1837 3711 1930 3766 Dei
1966 3712 2033 3765 ad
2076 3713 2251 3767 homi-

700 3817 798 3856 nes
847 3802 1157 3867 adVentum,
1191 3799 1393 3856 Christi
1443 3803 1802 3872 redemptoris
1843 3819 1908 3857 ac
1951 3804 2252 3862 Servatoris

699 3893 978 3946 hominum
1011 3893 1528 3962 peregrinationem,
1569 3895 1725 3962 primi
1775 3897 1968 3966 psalmi
2018 3898 2251 3966 ﬁliorum

700 3985 832 4038 Core
889 3985 1133 4054 inscripti
1169 3985 1624 4049 vaticinabantur,
1659 3987 1911 4042 videlicet
1959 4003 2164 4043 Lxxxnt
2198 3999 2252 4044 et

699 4095 915 4142 Lxxxiv,
947 4079 1054 4131 imo
1080 4079 1240 4132 etiam
1269 4079 1360 4150 quj
1409 4089 1592 4148 postea
1626 4080 1859 4148 ﬁliorum
1895 4079 2027 4136 Core
2056 4083 2250 4138 inscri-

698 4172 917 4234 buntur,
953 4171 1187 4240 gcntium
1223 4171 1581 4237 vocationem,
1619 4172 1819 4227 Christi
1864 4181 2066 4239 ortum,
2104 4188 2250 4229 mor-

698 4270 802 4315 tem
836 4262 902 4314 ab
925 4276 989 4314 eo
1019 4275 1116 4328 pro
1147 4261 1456 4316 hominibus
1487 4273 1813 4331 susceptam,
1846 4264 2244 4333 praedicabant;

695 4353 931 4406 arbitror
953 4352 1006 4406 in
1035 4350 1212 4406 medio
1239 4353 1531 4421 prophetia:
1559 4354 1720 4409 hasce
1764 4369 1852 4410 res
1881 4357 2246 4426 praenuntian-

695 4451 766 4502 tis
803 4448 1114 4502 necessario
1165 4447 1396 4516 positam
1435 4446 1604 4502 fuisse
1656 4446 1876 4504 Davidis
1924 4452 2242 4515 orationem,

692 4557 796 4609 qua
829 4541 1095 4610 supplicat
1127 4541 1266 4593 bona
1291 4556 1384 4609 per
1411 4539 1741 4595 Salvatorem
1773 4542 2039 4598 universis
2071 4542 2247 4596 homi-

693 4635 852 4688 nibus
886 4633 1245 4703 procuranda,
1278 4633 1378 4687 sibi
1404 4648 1619 4703 quoque
1652 4633 1928 4699 conferri;
1956 4643 2017 4690 ut
2057 4645 2109 4691 et
2129 4638 2244 4708 ipse

691 4726 957 4779 bonorum
979 4741 1098 4794 quae
1122 4726 1171 4778 in
1198 4724 1478 4794 prophetia
1505 4724 1859 4779 enuntiantur
1880 4741 2127 4790 consors,
2153 4743 2242 4782 ve-
2273 4708 2316 4761 ι)

691 4819 835 4870 niam
869 4826 1216 4884 peccatorum
1272 4824 1658 4884 consequatur,
1702 4833 2007 4887 magnoque
2042 4818 2134 4873 illo
2180 4834 2242 4872 ac

692 4909 912 4960 salutari
951 4909 1092 4961 bono
1122 4907 1350 4973 fruatur,
1381 4910 1521 4979 quod
1555 4911 1807 4966 omnibus
1840 4911 2091 4981 gentibus
2117 4928 2242 4981 pro-

690 4999 941 5052 mittitur.
978 5000 1034 5051 in
1067 4999 1168 5052 hac
1207 4999 1386 5068 itaque
1431 5002 1675 5054 oratione
1720 5001 1886 5057 David
1929 5002 2148 5058 effusam
2189 5005 2243 5058 in

687 5105 876 5144 omnes
905 5098 1092 5158 gentes
1130 5090 1358 5158 gratiam
1393 5099 1676 5154 memorat,
1706 5107 1866 5160 quam
1897 5093 2150 5147 demirari
2182 5107 2239 5147 se

687 5194 740 5238 et
796 5196 1016 5251 stupere
1066 5183 1348 5250 proﬁtetur
1393 5181 1476 5235 his
1507 5182 1690 5236 verbis
1727 5201 1740 5235 :
1775 5183 1895 5236 Non
1935 5191 2011 5236 est
2048 5185 2238 5237 similis

688 5273 766 5326 tui
793 5274 847 5325 in
875 5273 999 5335 diis,
1037 5269 1270 5332 Domine,
1299 5279 1346 5321 et
1378 5285 1479 5322 non
1510 5279 1585 5322 est
1631 5272 1906 5324 secundum
1938 5288 2094 5340 opera
2124 5281 2233 5324 tua.

690 5366 880 5418 Omnes
910 5374 1078 5432 gentes
1108 5377 1436 5429 quascunque
1459 5361 1629 5429 fecisti
1654 5362 1850 5414 venient
1873 5373 1919 5414 et
1943 5362 2235 5415 adorabunt

685 5472 864 5509 coram
896 5465 956 5508 te.
993 5455 1130 5520 Quia
1163 5453 1326 5522 igitur
1356 5453 1467 5520 ipse
1497 5468 1711 5522 quoque
1749 5454 1897 5521 paria
1929 5454 2068 5507 bona
2106 5468 2235 5507 con—

686 5549 835 5619 sequi
867 5548 1207 5617 precabatur,
1239 5547 1539 5599 orationem
1581 5561 1732 5599 suam
1765 5547 1818 5598 in
1870 5545 2044 5598 medio
2092 5546 2236 5614 psal-

2354 3430 2608 3483 ετάσειεν.
2647 3430 2914 3501 Ἠγοῦμαλι
2941 3431 3115 3485 τοίνυν
3140 3433 3238 3486 οὐκ
3259 3432 3485 3502 ἀλόγως,
3519 3435 3631 3488 ἀλλ’
3664 3437 3886 3508 εύκαιρόλ

2353 3537 2487 3572 τατα
2527 3523 2644 3584 ταῖς
2685 3522 2811 3592 περὶ
2850 3522 2944 3575 τοῦ
2989 3523 3224 3595 Χριστοῦ
3271 3527 3626 3598 προφητείαις
3656 3546 3880 3600 παραμε-

2355 3611 2665 3684 μίχθαιίιὴν
2697 3615 3056 3690 προκειμένην
3090 3619 3272 3690 εὐχήν.
3319 3619 3532 3690 Ἐπειδὴ
3559 3621 3664 3691 γάρ
3689 3621 3882 3690 ἀγαθῶν

2352 3703 2678 3772 ἐπαγγελίας
2710 3708 2804 3761 καὶ
2844 3709 3062 3777 ἀφέσεις
3105 3709 3531 3782 ἁμαρτημάτων,
3569 3711 3700 3765 Θεοῦ
3731 3731 3784 3766 τε
3817 3715 3880 3774 είς

2351 3795 2667 3866 ἀνθρώπους
2692 3801 2989 3870 παρουσίαν
3031 3801 3124 3853 καὶ
3160 3801 3394 3871 Χριστόῦ
3432 3802 3612 3871 ἄφιξιν
3637 3803 3882 3874 λυτρωτοὺ

2351 3889 2444 3940 πιια)⁸
2471 3880 2716 3960 Σωτῆρος
2761 3891 3078 3961 ἀνθρώπων,
3114 3894 3160 3943 οί
3200 3893 3402 3962 πρῶτοι
3434 3893 3542 3946 τῶν
3571 3897 3875 3964 ἐπιγεγραμ-

2353 3980 2525 4048 μένων
2574 3981 2718 4036 υίῶν
2747 3984 2896 4050 Κορὲ
2949 3987 3337 4054 προεφήτευονν,
3394 3985 3483 4038 ὅτε
3523 3993 3613 4054 πγ¹
3659 3987 3747 4039 καὶ
3791 3984 3873 4037 πθ.

2364 4072 2520 4124 Ἀλλά
2555 4074 2646 4125 καὶ
2682 4075 2730 4126 οἱ
2764 4073 2888 4145 ἑξῆς
2916 4075 3283 4146 ἐπιλεγόμενοι
3316 4076 3424 4129 τῶν
3455 4077 3601 4131 υἱῶν
3619 4079 3779 4145 Κορὲ,
3801 4077 3870 4128 ιιαὲ

2349 4164 2499 4216 αὐτοὶ
2525 4165 2693 4218 ἐθνῶν
2727 4166 2916 4237 κλῆσιν
2938 4167 3364 4239 εὐηγγελίζοντο,
3392 4171 3486 4221 καὶ
3509 4169 3736 4240 Χριστοῦ
3757 4169 3873 4237 γένε-

2349 4273 2452 4320 σιν,
2484 4259 2693 4311 καὶτὸν
2734 4259 2872 4331 ὑπὲρ
2909 4258 3206 4332 ἀνθρώπων
3252 4261 3413 4315 αὑτοῦ
3455 4262 3694 4314 θάνατον·
3736 4263 3872 4328 ἀνατ-

2347 4351 2513 4414 καίως
2544 4351 2779 4423 ἠγοῦμαι
2815 4353 2914 4423 τῆς
2963 4354 3089 4425 περί¹
3126 4353 3327 4407 τούτων
3365 4356 3696 4425 προφητείας
3730 4344 3876 4425 μέσην

2345 4443 2826 4514 παρεμὸεὸλῆσθαι
2853 4447 2950 4515 τὴν
2975 4446 3277 4518 προσευχὴν
3299 4447 3392 4501 τοῦ
3416 4449 3595 4512 Δαυῖδ,
3619 4451 3682 4503 δι’
3700 4446 3765 4520 ἦς’
3781 4453 3867 4502 ἱκε-

2343 4535 2487 4586 τεύει
2521 4537 2701 4604 τυχεῖν
2744 4538 2836 4589 καὶ
2874 4537 3034 4600 αὐτὸς
3074 4538 3179 4592 τῶν
3209 4538 3298 4592 διὰ
3328 4538 3419 4592 τοῦ
3463 4533 3710 4612 Σωτῆρος
3736 4542 3868 4593 πᾶσιν

2344 4625 2644 4698 ἀνθρώποις
2671 4628 3103 4699 προξενουμένων
3130 4630 3365 4698 ἀγαθῶν
3392 4631 3468 4694 ὡς
3504 4633 3590 4698 ἂν,
3619 4633 3710 4684 καὶ
3739 4630 3865 4692 αὐτὸς

2343 4720 2630 4789 γενόμενος
2659 4721 2912 4784 κοινωνὸς
2943 4721 3050 4773 τῶν
3085 4724 3596 4796 προφητευομένων,
3623 4723 3761 4793 τύχοι
3792 4723 3867 4790 μὲν

2347 4811 2589 4879 ἀφέσεως
2626 4813 2923 4883 ἁμαρτιῶν,
2965 4814 3254 4869 ἀπολαύσοι
3288 4816 3343 4870 δὲ
3372 4818 3472 4887 τῆς
3512 4815 3765 4886 σωτηρίου
3794 4831 3865 4882 με·

2346 4905 2679 4977 γαλοδωρεᾶς
2720 4905 2817 4974 τῆς
2863 4907 2993 4959 πᾶσι
3031 4911 3141 4971 τοῖς
3177 4908 3353 4962 ἔθνεσι
3392 4907 3862 4977 εὐαγγελιζομένης.

2345 4999 2681 5070 Μνημονεύει
2717 4998 2843 5065 γοῦν
2873 5001 2928 5053 ὲν
3063 5001 3226 5054 αὑτοῦ
3257 5002 3529 5071 προσευχῇ
3558 5002 3587 5052 6
3613 4992 3762 5052 Δαυῖδ
3787 4998 3862 5065 τῆς

2343 5089 2419 5153 είς
2450 5091 2518 5144 τὰ
2545 5091 2668 5161 ἔθνη
2699 5091 2948 5163 χυθείσης
2985 5092 3076 5146 τοῦ
3119 5093 3250 5146 Θεοῦ
3299 5092 3538 5162 χάριτος,
3583 5090 3861 5159 ἀποθαυμά-

2343 5181 2447 5246 ζων
2478 5184 2568 5236 καὶ
2601 5184 3025 5254 ἐκπληττόμενος
3049 5187 3148 5257 τὴν
3169 5186 3346 5257 χάριν,
3375 5183 3440 5236 δι’
3469 5178 3542 5238 ὧν
3572 5201 3748 5255 φησιν·
3768 5187 3859 5234 Div.

2340 5272 2509 5326 ἐστιν
2536 5273 2734 5343 ὅμοιός
2769 5291 2865 5326 σοι
2918 5275 2987 5328 ἐν
3023 5275 3195 5340 θεοῖς,
3244 5275 3436 5341 Κύριε,
3485 5275 3582 5327 καί
3630 5276 3732 5327 οὐκ
3758 5272 3861 5324 ἔστι

2341 5371 2486 5417 κατὰ
2513 5367 2582 5417 τὰ
2615 5364 2755 5432 ἔργα
2787 5383 2920 5420 σου.
2954 5366 3156 5419 Πάντα
3184 5367 3255 5419 τὰ
3283 5366 3424 5434 ἔθνη
3463 5365 3579 5421 ὅσα
3606 5367 3857 5431 ἐποίησας

2341 5453 2556 5519 ἥξουσι
2582 5456 2676 5507 καί
2709 5459 3241 5522 προσκυνήσουσιν
3283 5456 3535 5510 ἐνώπιόν
3562 5474 3693 5510 σου.
3739 5453 3857 5507 Ἐπεὶ

2338 5545 2513 5596 τοίνυν
2553 5547 2645 5596 καὶ
2694 5547 2852 5610 αὐτὸς
2895 5547 3087 5618 ηὔχετο
3129 5547 3220 5598 τοῦ
3268 5548 3394 5600 ίσων
3433 5547 3650 5616 ἀγαθῶν
3688 5546 3854 5614 τυχεῖν.

685 5655 894 5692 morum
919 5637 1350 5705 evangelicorum
1378 5645 1738 5705 congruenter
1771 5637 1986 5692 locavit.
2021 5637 2141 5690 Haec
2169 5636 2240 5690 de

2354 5638 2556 5698 εἰκότως
2589 5638 2684 5705 τὴν
2717 5638 2907 5690 ἑαυτοῦ
2942 5640 3248 5710 προσευχὴν
3277 5641 3446 5712 μέσην
3475 5640 3580 5694 τῶν
3611 5634 3854 5705 εὐαγγελι-

695 5725 956 5793 oroposita
993 5724 1287 5792 quatstiune
1323 5723 1466 5778 dicta
1516 5726 1646 5778 sint.
1693 5723 1801 5779 Nec
1851 5726 2228 5797 ignorandum,

753 5877 796 5909 ⁸ο
835 5875 974 5931 Psal.
1015 5891 1133 5942 xcv,
1172 5876 1222 5932 1.
1301 5879 1339 5909 ⁸¹
1381 5876 1524 5934 Psal.
1562 5895 1713 5946 xcw,
1755 5883 1802 5934 l.
1882 5883 1923 5915 θ’
1963 5881 2153 5938 Matth.
2188 5899 2284 5950 ιιι,
2315 5883 2369 5938 2.

2337 5729 2445 5781 κῶν
2486 5728 2712 5799 ψαλμῶν
2759 5730 3145 5801 παρεμϐάλλει.
3192 5732 3374 5798 Ταῦτα
3431 5733 3529 5802 μὲν
3563 5728 3652 5785 οὖν
3683 5731 3755 5790 είς
3783 5724 3856 5792 τὴν

2446 5886 2487 5915 ⁶³
2529 5883 2712 5939 Matth.
2742 5903 2797 5950 ν,
2825 5886 2881 5947 5,
2919 5886 3003 5940 10.
