3960 6352
28 469 169 524 1029

1142 450 1645 529 εοΜΜεΝτᾼιιιΑ
1683 449 1748 505 lN
1788 426 2134 506 psALMoS.‘

3105 428 3240 497 1030

25 582 311 653 λεχθεῖσαν
339 576 597 649 πρότασιν
623 572 874 646 εἰρήσθω,
903 570 1021 643 Χρὴ
1050 570 1107 623 δὲ
1141 569 1215 641 μὴ
1244 569 1473 636 ἀγνοεῖν,
1505 567 1586 620 ὅτι

1698 564 1827 619 alios
1848 549 2133 633 plerosque
2158 558 2393 632 psalmos
2421 572 2541 614 esse
2562 556 2675 627 qui,
2701 555 2908 619 Oratio,
2934 553 3240 609 inscribun-

27 675 119 727 καὶ
154 670 305 726 ἄλλοι
350 668 562 729 πλείους
603 666 707 717 εἰσὶ
738 660 1086 740 Προσευχῆς
1132 660 1591 730 ἐπιγεγραμμένοι

24 760 252 830 ψαλμοί·
276 757 390 811 ἀλλ’
417 751 568 818 οὗτος
596 758 731 825 μετὰ
763 751 1092 822 προσθήκης,
1135 750 1241 804 τοῦ
1275 750 1472 814 Δαυῒδ,
1511 749 1591 802 εἰ-

28 865 213 919 ρηται·
235 848 421 919 ἕτερος
444 846 499 898 δὲ
526 844 945 914 ἐπιγέγραπται,
971 840 1282 910 Προσευχὴ
1304 839 1408 894 τοῦ
1428 843 1593 894 Μωῡ-

24 938 106 1005 σῆ
135 938 452 1006 ἀνθρώπου
480 935 583 1013 τοῦ
621 934 784 988 Θεοῦ·
820 934 910 985 καὶ
936 932 1108 995 ἄλλος,
1146 930 1458 1000 Προσευχὴ
1487 930 1591 985 τοῦ

26 1031 291 1100 πτωχοῦ,
318 1030 465 1083 ὅταν
487 1026 782 1095 ἀκηδιάσῃ
814 1025 909 1079 καὶ
945 1024 1218 1077 ἐναντίον
1243 1024 1348 1078 τοῦ
1375 1023 1593 1091 Κυρίου

26 1124 214 1191 ἐκχέῃ
244 1122 360 1189 τὴν
386 1119 598 1186 δέησιν
619 1118 822 1172 αὐτοῦ.
869 1117 1005 1169 Ἀλλ’
1026 1116 1099 1180 ὡς
1130 1115 1593 1185 ὲπαναδεϐηκότες

25 1215 121 1277 τὰς
154 1216 216 1267 ὲν
242 1216 310 1283 τῇ
344 1212 550 1280 Παλαιᾷ
575 1209 759 1280 Γραφῇ
794 1208 1116 1279 προσευχάς,
1148 1207 1197 1260 οἱ
1229 1205 1318 1259 τοῦ
1350 1206 1596 1277 Σωτῆρος

28 1304 184 1374 ήμῶν
236 1303 537 1357 ἀπόστολοιῖ
565 1298 948 1370 προσελθόντες
978 1299 1160 1367 ἠξίουν
1196 1298 1356 1351 αὑτὸν
1393 1297 1595 1364 διδάξαι

27 1396 225 1458 αὐτοὺς
267 1391 694 1465 προσεύχεσθαι·
741 1391 770 1442 ὁ
801 1392 857 1444 δὲ
888 1391 1147 1456 διδάσκει,
1198 1390 1377 1461 μόνοις
1414 1391 1595 1456 αὐτοῖς

29 1488 119 1539 καὶ
148 1488 263 1548 τοῖς
294 1484 501 1557 ὁμοίοις
544 1482 883 1553 κατάλληλον
903 1481 1226 1555 παραδιδοὺς
1268 1482 1538 1553 προσευχῇ
1556 1498 1591 1536 1.

30 1577 119 1631 Διὸ
160 1594 297 1648 φησι
345 1576 481 1648 πρὸς
528 1574 742 1637 αὐτούς·
794 1574 987 1639 Οὕτως
1034 1572 1145 1626 οὖν
1190 1572 1597 1641 προσεύχεσθε

30 1668 216 1737 ὑμεῖς·
250 1667 443 1737 Πάτερ
470 1666 638 1737 ἡμῶν
663 1669 695 1720 d
716 1666 784 1721 ἐν
804 1664 925 1728 τοῖς
943 1661 1234 1730 οὐρανοῖς,
1263 1658 1596 1733 ἁγιασθήτω

30 1761 95 1813 τὸ
133 1758 327 1827 ὄνομά
356 1775 493 1823 σου,
533 1760 624 1812 καὶ
665 1757 734 1810 τὰ
779 1756 923 1825 ἑξῆς.
973 1758 1239 1818 Ἕκαστος
1274 1750 1366 1808 οὖν
1410 1755 1596 1807 ἑαυτὸν

31 1851 391 1923 δοκιμαζέτω,
431 1852 539 1904 εἴτε
569 1849 716 1915 ἄξιός
752 1849 916 1913 ἐστιν,
949 1846 1023 1912 ὡς
1060 1845 1158 1919 ἥδη
1202 1846 1313 1911 υίὸς
1338 1845 1469 1900 Θεοῦ
1506 1864 1597 1917 γε-
1694 1837 1849 1892 θωιίε
1874 1845 1954 1919 εει
1989 1835 2263 1900 invocare.
2295 1848 2359 1919 θα
2387 1832 2519 1887 mild
2545 1832 2719 1915 pl‘Ofel

1626 1920 1669 1977 Β
1695 1930 1785 1999 qui
1813 1946 1865 1983 es
1906 1918 1960 1982 in
1988 1928 2151 1993 caelis,
2200 1933 2305 1981 etc.
2346 1918 2501 1991 Quod
2552 1927 2598 1981 si
2639 1924 2761 1979 talis
2808 1941 2914 1980 non
2946 1926 3041 1991 sit,
3090 1920 3244 1980 Curet
3300 1952 3303 1953 ν
3396 1966 3404 1973 .

32 1945 225 2012 γονὼς,
266 1942 359 1996 τὸν
397 1945 455 1996 ὲν
500 1944 612 2007 τοῖς
652 1943 895 2013 οὐρανοῖς
937 1939 1309 1994 ἐπικαλεῖσθαι
1353 1940 1592 2011 Πατέρα,

34 2038 125 2090 καὶ
153 2036 338 2105 λέγειν
361 2036 443 2098 τὸ,
470 2035 657 2103 Πάτερ
686 2034 853 2103 ἡμῶν
883 2036 916 2087 ό
942 2033 1012 2087 ἐν
1035 2032 1160 2099 τοῖς
1181 2031 1476 2101 οὐρανοῖς,
1502 2033 1596 2086 καί⁸

33 2129 99 2181 τὰ
130 2127 283 2198 ἑξῆς.
338 2128 401 2181 Εἰ
448 2127 522 2197 μὴ
568 2126 817 2189 τοσοῦτος
862 2126 968 2195 εἴη,
1015 2114 1369 2194 ἀναλέγεσθαι
1422 2111 1598 2197 ἑαυτῷ

37 2221 383 2286 σπουδαζιὴω
427 2220 531 2292 τὴν,
570 2206 913 2291 ἁρμόζουσαν
965 2221 1030 2290 τῇ
1071 2206 1234 2271 αὐτοῦ
1272 2217 1598 2272 καταστάσει

35 2312 343 2384 προσευχὴν
371 2312 477 2366 ἀπό
504 2329 563 2365 τε
589 2313 687 2383 τῆς
717 2309 898 2381 βίϐλου
929 2311 1037 2366 τῶν
1060 2310 1329 2383 Ψαλμῶν
1355 2304 1448 2365 καὶ
1492 2310 1599 2364 ἀπὸ

36 2406 141 2458 τῶν
174 2403 528 2477 προφητικῶν
566 2404 775 2474 φωνῶν.
831 2404 896 2458 Ἠ
929 2403 1111 2475 μέντοι
1142 2403 1388 2477 παροῦσα
1432 2420 1599 2475 προσ-

38 2499 166 2570 ευχὴ
186 2498 282 2552 τοῦ
303 2497 464 2553 Δαυίδ
486 2493 618 2552 οὖσα
638 2496 913 2568 τυγχάνει·
939 2494 1111 2559 οὕτως
1136 2494 1242 2566 γὰρ
1260 2485 1599 2566 ἡρμήνευσεν

39 2590 65 2640 ὃ
85 2606 143 2640 τε
184 2588 413 2653 Ἀκύλας
450 2588 543 2641 καὶ
574 2589 600 2640 ὁ
632 2586 941 2659 Σύμμαχος,
973 2587 1092 2640 ἀντὶ
1123 2586 1236 2649 τοῦ,
1268 2572 1361 2651 ’τῷ
1398 2582 1597 2648 Δαυῒὸ,

38 2680 140 2733 τοῦ
188 2680 389 2747 Δαυῒδ,
423 2679 720 2751 εἰρηκότες.
767 2681 925 2733 Δοκεῖ
968 2679 1024 2731 δὲ
1074 2680 1103 2731 ὁ
1151 2676 1311 2731 Δαυῒδ
1351 2675 1429 2746 τῷ
1471 2675 1599 2747 θείῳ

41 2771 313 2841 Πνεύματι
353 2770 426 2843 μὴ
459 2750 785 2841 ἠγνοηκέναι
814 2768 904 2822 τὸν
941 2770 1068 2841 περὶ
1100 2768 1208 2823 τῶν
1230 2750 1467 2839 πτωχῶν
1494 2768 1600 2821 ὑπὸ

40 2863 127 2915 τοῦ
154 2865 406 2935 Σωτῆρος
444 2847 598 2934 ἡμῶν
627 2861 913 2934 εἰρημένον
947 2861 1312 2931 μακαρισμόν·
1346 2859 1425 2912 διὸ
1453 2876 1598 2912 πτω-

44 2957 128 3025 χὸν
152 2957 342 3009 ἑαυτὸν
364 2956 455 3009 καὶ
485 2955 689 3026 πένητα
720 2954 983 3024 ὑπάρχειν
1008 2953 1277 3023 ὁμολογεῖ,
1312 2952 1405 3005 καὶ
1429 2951 1602 3005 ταῦτα

46 3048 288 3117 βασιλεὺς
321 3048 396 3101 ὣν
426 3048 517 3101 καὶ
547 3045 757 3117 πλούτῳ
782 3045 960 3115 πολλῷ
988 3036 1425 3117 περιρῤεὸμενος.
1463 3044 1601 3097 Ἀλλ’

46 3141 221 3212 ἐπειδὴ
250 3140 329 3212 τῷ
362 3128 631 3211 πνεύματι
652 3137 889 3201 τοιοῦτος
909 3133 997 3208 ἦν,
1034 3136 1171 3190 κατὰ
1202 3136 1284 3202 τὸ,
1316 3118 1602 3201 Μακάριοι

44 3238 93 3288 οἱ
123 3235 342 3305 πτωχοὶ
378 3233 455 3300 τῷ
497 3233 807 3301 πνεύματι,
837 3230 1059 3293 εἰκότως
1098 3230 1155 3282 ὲν
1195 3230 1262 3299 τῇ
1304 3228 1599 3298 προσευχῇ,

44 3328 114 3390 ὡς
161 3327 361 3399 ἀρετὰς
408 3325 603 3380 ἑαυτοῦ
671 3325 765 3378 καὶ
806 3323 874 3377 τὰ
918 3306 1335 3393 κατορθώματα]
1367 3309 1600 3390 προϐάλ-

46 3398 209 3473 λεταιί
234 3420 333 3491 τὴν
391 3417 659 3487 πτωχείαν
728 3415 823 3469 καὶ
885 3415 1092 3467 πενίαν.
1153 3413 1262 3491 καὶ
1320 3398 1491 3474 ἄλλως
1543 3411 1600 3464 δὲ

47 3513 201 3581 ἐρεῖς,
248 3488 349 3574 ὅτι,
394 3510 581 3578 ὥσπερ
624 3496 881 3577 Μωῦσῆς,
936 3506 1117 3576 φωνῆς
1162 3488 1403 3568 ἀκούσας
1444 3502 1598 3568 Θεοῦ,

50 3601 365 3671 ἰσχνόφωνον
397 3600 587 3654 ἑαυτὸν
614 3594 751 3651 εῖναι
783 3596 1068 3674 ὡμολόγει,
1117 3597 1258 3651 κατὰ
1303 3596 1600 3667 παράθεσιν

47 3696 136 3764 τῆς
168 3695 317 3759 θείας
350 3695 531 3765 φωνῆς
572 3691 729 3746 τοῦτο
768 3681 961 3763 φήσας·
999 3690 1139 3743 οὕτω
1170 3690 1261 3742 καὶ
1285 3692 1313 3742 ὁ
1340 3689 1519 3753 Δαυῒδ,
1552 3692 1602 3743 εἰ

48 3787 134 3839 καὶ
179 3786 348 3857 μέγας
391 3781 457 3857 ἦν
510 3784 604 3837 καὶ
649 3780 900 3845 πλούσιος
950 3782 1043 3835 καὶ
1094 3780 1253 3850 σοφὸς
1290 3780 1601 3851 ἀνθρώποις

52 3878 482 3951 συγκρινόμενος,
518 3877 635 3932 ἀλλ’
665 3876 946 3939 ἀνατείνας
995 3874 1131 3945 πρὸς
1176 3873 1265 3927 τὸν
1311 3871 1441 3924 Θεὸν
1475 3873 1602 3935 τοὺς

49 3973 365 4045 ὀφθαλμοὺς,
396 3973 495 4044 ὁρᾷ
523 3970 709 4024 ἑαυτὸν
732 3969 793 4022 τὸ
815 3967 976 4039 μηδὲν
1000 3966 1144 4021 ὄντα·
1175 3965 1267 4018 καὶ
1293 3963 1412 4016 ἐπεὶ
1436 3963 1599 4033 μήπω

48 4060 110 4134 ἦν
128 4065 345 4128 δυνατὸς
374 4065 587 4136 πατέρα
610 4062 699 4117 τὸν
726 4061 855 4115 Θεὸν
875 4058 1179 4131 ὀνομάζειν,
1212 4056 1413 4127 Κύριον
1440 4054 1597 4109 αὑτὸν

51 4157 213 4223 καλεῖ,
240 4157 427 4211 δούλου
463 4154 645 4227 χώραν
682 4154 870 4209 ἑαυτὸν
911 4152 1124 4223 ἐπέχειν
1167 4148 1461 4221 σημαίνων.
1488 4144 1600 4205 Εἶθ’

52 4249 119 4312 ὡς
143 4251 302 4313 αὐτὸς
335 4244 508 4320 μένων
536 4248 686 4301 κάτω
718 4263 818 4299 που
851 4246 945 4300 καὶ
968 4245 1025 4297 ὲν
1066 4240 1233 4313 βυθῷ,
1265 4238 1358 4293 τοῦ
1386 4239 1442 4292 δὲ
1466 4236 1600 4291 Θεοῦ

52 4340 186 4403 δντος
208 4344 265 4393 ἐν
288 4340 431 4410 ὕψει,
464 4339 637 4393 κλῖναι
664 4338 753 4390 τὸν
781 4337 911 4390 Θεὸν
938 4333 1164 4389 ἱκετεύει
1189 4332 1249 4385 τὸ
1271 4326 1362 4394 οῦς
1384 4327 1596 4383 ἑαυτοῦ·

54 4429 136 4482 ἅτε
182 4433 253 4502 μὴ
301 4429 556 4485 τοσοῦτον
612 4430 737 4500 βοᾷν
784 4429 1078 4500 δυνάμενος
1123 4426 1219 4499 διά
1260 4424 1356 4497 τὴν
1398 4422 1602 4477 οἰκείαν

1693 664 1819 721 tur;
1850 654 1944 709 sed
1972 653 2061 708 hic
2089 666 2216 707 cum
2257 652 2360 707 hoc
2410 642 2798 715 additamento,
2832 635 3069 713 Dauidis,
3116 665 3243 720 pro-

1692 747 1903 813 fertur;
1936 744 2074 799 alius
2123 744 2168 775 “
2219 758 2348 798 vero
2378 743 2691 798 inscribitur
2736 760 2748 796 :
2798 740 2985 795 Oratio
3041 739 3239 811 Hoysis

1691 821 1913 889 hominis
1945 834 2074 901 Dei;
2097 833 2235 889 alius
2264 833 2331 899 “,
2369 832 2554 887 Oratio
2586 832 2851 901 pauperis,
2888 848 3006 885 cum
3049 832 3241 886 anxius

1692 928 1883 998 fuerit,
1930 936 1979 981 et
2029 928 2083 979 in
2131 934 2405 994 conspectu
2459 924 2667 978 Domini
2753 922 2991 993 effuderit
3042 931 3241 990 precem

1693 1037 1863 1076 suam.
1884 1018 1993 1099 ﬁed
2048 1018 2501 1089 quemadmodum
2557 1017 2785 1087 apostoli
2821 1014 3115 1071 Salvatoris
3149 1031 3243 1069 no-

1672 1112 1832 1174 -stri,
1877 1109 2090 1165 Veteris
2170 1100 2466 1178 Scriptura:
2533 1107 2874 1161 orationibus
2938 1106 3244 1176 superiores

1693 1200 1903 1265 effecti,
1960 1200 2278 1255 accedentes
2325 1188 2597 1270 rogabant
2643 1213 2805 1260 eum,
2847 1206 2907 1252 ut
2950 1212 3008 1252 se
3054 1197 3243 1279 orandi

1695 1290 1913 1345 modum
1944 1290 2224 1355 edoceret;
2269 1288 2361 1342 ille
2402 1303 2532 1342 vero
2577 1287 2712 1357 ipsis
2755 1287 2886 1342 solis
2944 1296 2997 1340 et
3050 1285 3257 1341 simili-‘

1693 1383 1798 1439 bus
1876 1384 2117 1453 ipsorum
2184 1386 2572 1451 congruentem
2635 1368 2854 1436 tradidit
2908 1374 3243 1438 orationem,

1695 1486 1819 1529 cum
1851 1472 1989 1527 dixit
2016 1472 2145 1534 illis,
2189 1470 2275 1526 Sic
2324 1488 2411 1525 vos
2471 1468 2617 1524 orate
2659 1485 2679 1524 :
2710 1463 2872 1525 Pater
2934 1479 3126 1537 noster,
3158 1469 3247 1539 qui
3328 1478 3331 1483 '

1693 1582 1748 1619 es
1808 1564 1862 1616 in
1895 1552 2057 1626 cwiis,
2121 1562 2480 1630 sanctiﬁcetur
2545 1576 2731 1615 nomen
2788 1569 2936 1612 tuum
2962 1552 3027 1625 ⁸⁸,
3062 1568 3115 1614 et
3143 1573 3247 1613 ca:-

1693 1663 1840 1719 tera;
1879 1654 2060 1723 itaque
2104 1652 2342 1735 seipsum
2378 1652 2611 1721 quisque
2639 1652 2850 1733 probet,
2887 1666 3018 1705 num
3048 1640 3245 1720 dignus

1696 1747 1787 1813 sit,
1823 1755 2005 1816 utpote
2039 1742 2151 1814 jam
2187 1729 2329 1799 filius
2368 1742 2460 1797 Dei
2496 1742 2741 1804 ell'ectus,
2778 1729 2993 1799 βου-ειη
3040 1742 3135 1813 qui
3187 1744 3245 1798 in

1694 1837 1849 1892 caelis
1874 1845 1954 1889 est
1989 1835 2263 1900 invocare,
2295 1848 2359 1888 ac
2387 1832 2519 1887 illud
2545 1832 2806 1903 proferre,
2850 1819 3013 1887 Pater
3037 1842 3234 1899 noster,

1696 2022 1861 2077 statui
1884 2036 1984 2077 suo
2004 2016 2385 2091 congruentem
2410 2018 2704 2074 orationem
2732 2018 2984 2086 deligere,
3010 2032 3074 2072 ex
3101 2009 3244 2071 libro

1696 2113 2036 2170 Psalmorum
2068 2118 2122 2167 et
2149 2127 2216 2168 ex
2248 2111 2578 2183 propheticis
2625 2111 2847 2164 vocibus
2880 2105 3243 2179 de’sumptam.

1696 2205 1823 2260 Haec
1849 2202 2014 2275 igitur
2038 2203 2214 2258 oratio
2244 2202 2463 2257 Davidis
2494 2208 2581 2275 est
2604 2224 2619 2256 :
2643 2216 2766 2255 nam
2792 2201 2872 2255 sic
2903 2194 3243 2271 explicarunt

1694 2296 1892 2366 ‘Aquila
1919 2301 1973 2348 et
2008 2292 2385 2365 Symmachus,
2414 2293 2508 2361 qui
2541 2306 2639 2363 pro
2667 2291 2782 2351 illo.
2816 2281 3026 2355 Davidi,
3068 2280 3245 2345 i'nter-

1656 2408 1657 2411 η
1697 2388 1891 2461 pretati
1922 2396 2067 2448 sunt,
2107 2373 2340 2473 ιὶαυὶιίίεξ
2394 2372 2620 2441 Videtur
2648 2398 2811 2455 porro
2841 2370 3031 2448 David,
3060 2374 3247 2438 divino

1698 2478 1906 2534 afllatus
1938 2477 2165 2549 Spiritu,
2197 2463 2592 2535 beatitudinem
2639 2478 2785 2532 illam
2817 2476 2883 2531 de
2913 2463 3244 2546 pauperibus

1699 2584 1729 2622 a
1764 2567 2040 2625 Salvatore
2066 2578 2254 2626 nostro
2288 2571 2552 2641 prolatam
2584 2585 2691 2624 non
2734 2569 3015 2639 ignorasse
3042 2589 3053 2623 :
3081 2574 3250 2638 quare

1700 2675 1758 2715 se
1784 2673 2077 2730 pauperem
2102 2669 2156 2714 et
2186 2660 2399 2730 inopem
2429 2675 2550 2715 esse
2580 2658 2798 2722 fatetur,
2823 2654 3035 2713 etiamsi
3066 2661 3158 2712 rex
3184 2662 3249 2711 ac

1698 2749 1901 2805 divitiis
1947 2736 2247 2804 instructus
2299 2749 2485 2803 multis
2516 2755 2681 2803 esset.
2735 2744 2839 2802 Sed
2879 2734 3006 2817 quia
3052 2746 3249 2817 spiritu

1699 2840 1823 2895 talis
1848 2846 1964 2895 erat
1988 2827 2287 2896 secundum
2324 2828 2480 2904 illud,
2509 2836 2661 2890 Beati
2688 2851 2937 2904 pauperes
2964 2823 3152 2903 spiritu
3168 2825 3251 2902 ﬂ;

1699 2934 1895 2988 merito
1934 2938 2307 3002 paupertatem
2346 2937 2400 2983 et
2450 2928 2689 2999 inopiam
2736 2927 2876 2981 inter
2926 2914 3154 2981 virtutes
3190 2929 3248 2980 et

1701 3033 1848 3081 recte
1901 3024 2043 3079 facta
2087 3037 2185 3080 sua
2229 3024 2284 3077 in
2332 3022 2578 3077 oratione
2628 3023 2894 3076 recenset.
2953 3005 3073 3073 Alio
3119 3019 3247 3073 item

1702 3119 1862 3174 modo
1898 3118 2135 3184 dixeris;
2179 3117 2317 3171 sicut
2364 3114 2595 3186 Moyses,
2629 3112 2811 3167 audita
2856 3096 2949 3165 Dei
2996 3116 3145 3175 voce,
3190 3126 3255 3166 se

1700 3234 2086 3293 balbutientem
2116 3246 2240 3287 esse
2285 3228 2576 3293 fatebatur,
2612 3228 2773 3297 idque
2815 3224 3027 3281 dicebat
3062 3240 3252 3280 vocem

1698 3312 1859 3385 suam
1918 3340 2039 3380 cum
2102 3323 2286 3378 divina
2347 3320 2741 3391 comparando;
2800 3319 2875 3372 ita
2937 3325 2991 3373 et
3054 3315 3258 3393 David,

1706 3419 1919 3474 etiamsi
1957 3432 2205 3487 magnus,
2238 3414 2389 3470 dives
2430 3422 2483 3468 et
2519 3414 2759 3481 sapiens,
2791 3426 2913 3465 cum
2946 3410 3257 3466 hominibus

1705 3516 2053 3580 comparatus
2104 3513 2278 3572 esset;
2312 3512 2367 3558 at
2394 3502 2620 3558 elevatis
2657 3502 2723 3556 ad
2766 3500 2933 3557 Deum
2963 3502 3158 3563 oculis,
3194 3510 3252 3555 se

1705 3579 1847 3658 nihil
1875 3617 1997 3658 esse
2027 3600 2159 3655 vidit
2184 3620 2197 3654 :
2228 3605 2281 3653 et
2304 3598 2429 3666 quia
2469 3593 2707 3650 nondum
2738 3579 2919 3663 posset
2948 3592 3114 3647 Deum
3157 3604 3252 3661 pa-

1706 3704 1845 3750 trem
1883 3708 2099 3757 vocare,
2130 3691 2416 3761 Dominum
2447 3703 2570 3744 eum
2615 3684 2918 3755 appellavit,
2969 3697 3028 3737 se
3066 3681 3251 3736 famuli

1706 3788 1885 3841 locum
1918 3794 2103 3841 tenere
2140 3766 2473 3853 significans.
2507 3778 2727 3841 Deinde,
2762 3783 2945 3845 utpote
2967 3774 3057 3844 qui
3087 3774 3141 3827 in
3171 3774 3252 3827 iu-

1706 3877 1848 3931 ﬁmis
1879 3883 1932 3931 et
1988 3876 2042 3928 in
2084 3871 2354 3943 profundo
2395 3876 2632 3943 maneat,
2682 3879 2806 3919 cum
2854 3861 2995 3917 Deus
3043 3860 3099 3913 in
3141 3862 3252 3914 alto

1705 3968 1970 4026 exsistat.l
2002 3973 2159 4034 rogat
2198 3970 2255 4017 ut
2292 3961 2716 4016 inclinetaurem
2746 3968 2924 4017 suam,
2958 3950 3103 4021 quod
3136 3952 3251 4020 ipse

1704 4072 1815 4127 prae
1854 4054 2165 4109 infirmitate
2205 4052 2417 4113 tantum
2451 4047 2611 4102 edere
2656 4045 2946 4116 clamorem
2982 4054 3092 4094 non
3130 4054 3255 4109 pos:n

1704 4148 1797 4211 sit,
1837 4144 1929 4217 qui
1962 4143 2016 4197 in
2045 4143 2214 4197 altum
2242 4130 2540 4210 perveniat,
2572 4141 2625 4190 et
2658 4132 2726 4187 ad
2759 4131 2928 4187 Deum
2960 4131 3249 4201 pertingat.

1703 4235 2063 4303 Quamobrem
2131 4229 2398 4301 supplicat
2454 4234 2514 4280 ut
2576 4223 2719 4279 Deus
2774 4223 2998 4277 inclinet
3068 4236 3251 4276 aurem

1703 4344 1877 4391 suam,
1909 4331 1963 4382 et
1992 4332 2052 4379 ut
2075 4323 2293 4378 divinus
2332 4319 2551 4375 auditus
2580 4315 2878 4387 humilitati
2914 4330 3027 4371 sua:
3060 4320 3255 4368 attem-

1702 4414 1937 4490 peretur.

52 4494 339 4587 ἀσθένειαν,
362 4522 436 4586 ὡς
462 4494 801 4591 ἀναπέμπειν
832 4494 1065 4589 εἰς-ὕψος
1094 4497 1187 4573 καὶ
1224 4494 1416 4571 τείνειν
1451 4516 1586 4587 πρὸς
1612 4512 1703 4566 τὸν
1726 4511 1855 4565 Θεὸν
1879 4509 1976 4581 τὴν
2002 4504 2193 4595 ἑαυτοῦ
2230 4506 2430 4577 φωνήν.
2463 4502 2552 4556 Διὸ
2570 4501 2741 4595 ,δεῖται
2773 4499 2945 4552 κλῖναι
2977 4494 3165 4550 ἑαυτοῦ
3193 4494 3253 4547 τὸ

54 4609 136 4678 ὥς
160 4615 247 4669 τὸν
271 4615 425 4696 Θεὸν,
446 4616 537 4667 καὶ
555 4616 619 4684 τῇ
645 4590 843 4666 ἑαυτοῦ
912 4611 1253 4682 ταπεινότητι
1320 4606 1725 4678 συγκαταϐῆναι
1753 4604 1849 4674 τὴν
1879 4600 2027 4654 θείαν
2050 4590 2238 4669 ἀκοήν.
2410 4602 2413 4605 ’
2570 4590 2577 4599 ’

119 4734 395 4799 Φύλαξον
412 4732 526 4800 τὴν
548 4731 758 4800 ψυχήν
783 4748 922 4799 μου,
947 4730 1035 4783 ὅτι
1056 4729 1224 4795 ὅσιός
1244 4730 1377 4798 εἰμι·
1404 4725 1600 4781 σῶσον

1778 4720 1944 4775 Vens.
1984 4720 2039 4774 ἓ.
2080 4713 2297 4772 Custodi
2337 4711 2568 4764 animam
2609 4721 2794 4769 mnm,
2840 4702 3085 4773 quoniam
3129 4716 3255 4753 san-

56 4828 152 4881 τὸν
176 4829 402 4884 δοῦλόν
438 4843 574 4890 σου,
615 4828 647 4879 ό
692 4824 855 4891 Θεὸς,
894 4823 1001 4878 τὸν
1030 4814 1344 4883 ἐλπίζοντα
1380 4821 1474 4875 ἐπὶ
1508 4812 1599 4874 οπέ.
1648 4836 1650 4839 '

67 4920 147 4974 Ἐν
163 4917 240 4987 οἷς
261 4918 351 4993 ἦν,
380 4924 437 4975 ὲν
464 4919 669 4982 τούτοις
696 4916 1026 4987 φυλαχθῆναι
1051 4914 1192 4980 ἀξιοῖ
1212 4916 1317 4991 ὑπὸ
1333 4913 1425 4968 τοῦ
1447 4911 1601 4978 Θεοῦ,

57 5011 123 5076 ὡς
149 5013 211 5067 ἂν
251 5014 329 5087 μὴ
359 5013 612 5086 συληθείη
645 5009 807 5066 αὑτοῦ
840 5011 875 5080 ὴ
901 5008 1045 5079 ψυχὴ
1085 5002 1159 5061 ὧν
1189 5009 1447 5077 ἐκέκτητο
1479 5006 1605 5077 ἁρε-

58 5104 173 5158 τῶν·
214 5109 281 5173 ἃς
324 5106 557 5178 ἐδήλωσε
606 5097 834 5177 πρῶτον
862 5099 1052 5162 εἰπὼν,
1093 5100 1213 5152 ’Ότι
1249 5096 1479 5166 πτωχὸς
1506 5095 1604 5149 καὶ

60 5194 232 5264 πένης
256 5197 375 5267 εἰμί
406 5196 538 5267 ἐγώ·
567 5195 836 5265 δεύτερον,
876 5191 995 5243 ’Ότι
1032 5189 1200 5255 ὅσιός
1238 5189 1374 5256 εἰμι·
1404 5186 1483 5239 διὸ
1509 5186 1604 5239 καὶ

62 5286 281 5359 ἀλλαχοῦ
303 5289 517 5358 φάσκει·
546 5286 640 5356 Μὴ
658 5285 875 5341 ἐλθέτω
889 5300 990 5355 μοι
1010 5281 1162 5347 ποῦς
1180 5274 1605 5347 ὑπερηφανίας.

74 5380 210 5435 Ἐπεὶ
232 5381 291 5434 δὲ
321 5380 529 5452 συνῄδει
547 5379 721 5451 ἐαυτῷ
744 5378 968 5450 μηδέπω
981 5374 1092 5429 δντι
1108 5372 1226 5444 υἱῷ,
1248 5370 1464 5433 εἰκότως
1484 5368 1607 5422 δοῦ-

64 5474 141 5527 λον
182 5473 367 5527 ἑαυτὸν
406 5472 654 5543 ὁμολογεί
695 5470 786 5525 καί
833 5485 984 5542 φησι·
1017 5464 1225 5521 Σῶσον
1260 5462 1364 5516 τὸν
1388 5460 1609 5514 δοῦλόν

66 5584 189 5632 σου,
227 5571 259 5622 ό
310 5565 474 5631 Θεὸς,
523 5562 631 5616 τὸν
679 5561 994 5622 ἐλπίζοντα
1037 5556 1133 5612 ἐπὶ
1176 5554 1270 5609 σέ.
1318 5550 1512 5633 Δοῦλος
1554 5551 1609 5603 δὲ

66 5659 196 5714 Θεοῦ-
215 5663 358 5715 ἐστιν
380 5660 413 5712 ὁ
442 5657 517 5728 μὴ
554 5654 817 5709 δουλεύων
857 5651 1119 5725 ἁμαρτίᾳ,
1157 5646 1288 5720 μηδέ
1320 5662 1422 5698 τινι
1452 5641 1610 5696 πάθει

70 5748 592 5827 ὑτωκείμενος,]μόνῳ
616 5747 672 5800 δὲ
700 5746 833 5800 Θεοῦ
856 5745 1013 5817 Λόγῳ
1034 5736 1483 5808 ὑποτεταγμένος,
1519 5735 1613 5788 καὶ

135 5909 171 5942 ⁸·
205 5909 353 5969 Psal.
380 5921 614 5976 Luxu,
646 5911 700 5960 l.
763 5976 773 5983 _

1705 4808 2229 4867 etussum:salvum
2273 4805 2357 4874 {ac
2389 4816 2592 4856 servum
2636 4807 2801 4861 tuum,
2841 4793 3000 4856 Deus,
3046 4806 3254 4861 speran-

1709 4913 1808 4958 tem
1841 4904 1893 4955 in
1936 4882 2004 4954 te.
2040 4897 2097 4951 ln
2130 4908 2238 4964 quo
2276 4899 2420 4947 statu
2460 4880 2578 4965 erat
2614 4902 2674 4943 se
2730 4882 3044 4939 conservari
3073 4896 3103 4933 a
3143 4879 3254 4933 Deo

1705 4994 1960 5067 postulat,
2000 4996 2063 5044 ut
2085 5002 2154 5042 ne
2197 4985 2376 5043 anima
2425 4974 2524 5038 sua
2554 4968 2847 5035 virtutibus
2878 4989 3015 5046 quas
3041 4972 3253 5028 obtine-

1706 5064 1799 5144 bat
1846 5083 2215 5154 spoliaretur:
2260 5090 2398 5148 quas
2450 5074 2702 5137 virtutes,
2765 5068 2850 5123 bis
2909 5064 3252 5147 declarabat,

1705 5180 1880 5250 primo
1910 5188 2031 5231 cum
2063 5171 2287 5234 diceret,
2340 5166 2599 5233 Quoniam
2640 5164 2785 5229 inops
2819 5167 2868 5213 et
2908 5170 3102 5225 pauper
3139 5169 3254 5206 sum

1705 5244 1826 5342 ego;
1878 5264 2115 5320 secundo
2146 5302 2161 5326 ,
2212 5261 2473 5328 Quoniam
2519 5263 2731 5310 sanctus
2764 5264 2911 5312 sunt;
2934 5259 3100 5317 quare
3126 5244 3253 5298 alibi

1707 5339 1855 5425 dicit,
1883 5358 2005 5412 Non
2035 5357 2205 5412 ueniat
2246 5352 2372 5426 mihi
2403 5367 2488 5421 pes
2528 5345 2782 5417 superbire
2802 5343 2866 5395 ⁸⁸.
2909 5339 3043 5394 Cum
3078 5343 3252 5391 autem

1709 5473 1767 5513 se
1794 5436 2033 5511 nondum
2074 5450 2239 5505 filium
2272 5458 2395 5502 esse
2428 5428 2613 5513 putet,
2632 5453 2692 5493 se
2718 5437 2844 5506 jure
2879 5445 3096 5488 servum
3126 5443 3256 5483 con-

1708 5549 1889 5604 ﬁtetur
1926 5552 1978 5597 et
2006 5542 2101 5605 ait,
2138 5539 2353 5596 Salvum
2383 5534 2466 5603 fac
2496 5544 2699 5585 servum
2730 5536 2899 5585 tuum,
2955 5521 3112 5586 Deus,
3143 5533 3256 5584 spe—

1708 5618 1909 5695 rantem
1955 5635 2011 5688 in
2050 5642 2114 5686 te.
2167 5629 2369 5684 Servus
2406 5636 2569 5693 porro
2621 5616 2714 5671 Dei
2757 5622 2862 5679 est,
2898 5614 2989 5683 qui
3017 5617 3256 5681 peccato

1710 5746 1817 5786 non
1853 5724 2043 5790 servit,
2095 5722 2334 5792 nullique
2362 5712 2572 5770 aﬂ‘ectui
2616 5706 2866 5766 subditus
2909 5714 3011 5769 est,
3044 5701 3138 5758 sed
3167 5699 3257 5756 uni

776 5918 818 5938 ο·
861 5903 1002 5961 Psal.
1037 5916 1124 5969 et,
1162 5900 1210 5954 ι.
1286 5895 1328 5929 ⁶⁶
1369 5889 1554 5948 Matth.
1592 5907 1600 5925 τ

1716 5886 1771 5943 9.
1847 5883 1889 5916 ⁸⁷
1930 5876 2123 5937 Matth.
2160 5873 2297 5949 νηὶ-5.
2345 5868 2421 5950 v“
2458 5864 2601 5923 Psal.
2639 5876 2803 5917 xxxv.
2834 5854 2923 5911 12.
