3960 6352
738 409 883 464 1055

738 621 858 689 ipse
879 619 1031 686 quasi
1060 619 1113 673 in
1149 620 1253 675 diis
1286 620 1423 674 Deus
1448 620 1634 686 fuerit;
1686 638 1806 675 cum
1838 623 2017 677 nullus
2049 638 2111 677 ex
2148 624 2280 675 mul-

739 711 809 765 tis
830 710 968 785 .illis,
1000 712 1089 780 qui
1126 712 1199 765 dii
1234 722 1525 777 vocantur,
1573 714 1972 783 comparatione
2004 715 2109 769 illis
2151 715 2292 769 Deus

738 803 841 858 dici
863 804 1052 872 possit.
1076 802 1227 858 Alius
1245 819 1389 867 vero,
1411 804 1532 873 quia
1548 805 1843 859 secundum
1871 805 1980 859 haec
1999 808 2178 860 omnia
2203 806 2291 859 ad-

737 894 901 961 ditur,
930 894 1005 949 Τιι
1031 910 1082 948 ει
1109 895 1242 948 Deus
1266 896 1426 957 solus,
1465 895 1660 949 dixerit
1701 896 1764 950 ad
1795 898 2007 951 Patrem
2038 906 2091 951 ct
2122 896 2286 950 Deum

737 985 1109 1049 universorum
1126 984 1238 1039 haec
1259 987 1435 1039 omnia
1451 986 1503 1039 in
1517 987 1760 1041 oratione
1777 989 2055 1041 enuntiata
2075 987 2283 1042 referri:

735 1090 859 1128 nam
884 1091 976 1145 per
1004 1076 1124 1145 ejus
1142 1075 1341 1131 donum
1367 1083 1418 1131 et
1449 1077 1673 1147 gratiam
1695 1078 1907 1132 vocatio
1933 1080 2169 1149 gentium
2191 1094 2285 1147 per

720 1164 928 1221 Filium
950 1165 1069 1236 ejus
1088 1165 1226 1221 facta
1255 1174 1367 1221 est:
1402 1177 1455 1221 et
1484 1169 1600 1236 ipse
1648 1168 1749 1222 fuit
1782 1170 2019 1223 omnium
2051 1176 2280 1232 creator,

731 1257 980 1315 conditor
1004 1265 1054 1313 et
1073 1258 1386 1328 opifex,'qui
1417 1274 1507 1328 per
1525 1257 1719 1313 Filium
1735 1260 1995 1323 condidit,
2022 1267 2131 1314 tum
2164 1276 2282 1330 qua:

732 1351 784 1404 in
830 1350 989 1413 coelo,
1024 1357 1136 1403 tum
1167 1365 1287 1418 quae
1308 1350 1361 1403 in
1393 1362 1535 1404 terra
1588 1362 1751 1405 sunt:
1786 1352 1899 1420 ipse
1939 1366 2153 1424 quoque
2186 1368 2282 1421 per

732 1438 924 1493 Filium
958 1439 1221 1494 mirabilia
1270 1440 1450 1494 omnia
1500 1440 1663 1504 fecit,
1706 1447 1818 1495 tum
1859 1459 1978 1512 qua:
2017 1443 2069 1497 in
2106 1442 2277 1499 Veteri

728 1530 1076 1586 Testamento
1107 1539 1461 1595 enarrantur,
1507 1538 1619 1585 tum
1649 1549 1767 1603 qua:
1810 1533 1863 1587 in
1896 1534 2042 1590 Novo
2069 1535 2277 1590 descri-

726 1621 960 1688 buntur;
990 1621 1368 1697 ideoqueﬁici,
1399 1653 1468 1662 —
1499 1621 1663 1678 Vens.
1715 1625 1801 1679 l0.
1842 1624 1963 1680 Non
1990 1636 2065 1680 est
2102 1616 2277 1680 secun-

724 1715 847 1765 dum
882 1729 1076 1781 opera;
1107 1726 1180 1777 et,
1224 1712 1449 1784 Magnus
1478 1731 1531 1768 es
1573 1723 1649 1779 tu,
1677 1698 1942 1783 etfaciem
1978 1717 2273 1780 mirabilia,

1419 409 1683 468 EUSEBII
1722 377 2192 467 CESARIENSIS
2230 411 2377 467 OPP.
2420 410 2597 465 PARS
2632 410 2717 466 ΙΙΙ.
2760 441 2830 449 -
2864 409 3277 466 ΕΧΕΕΕΤΙΟΑ.

731 527 1085 605 quamobrem
1118 542 1221 581 non
1272 538 1354 583 est
1402 530 1597 585 similis
1630 531 1730 601 ipsi
1780 532 1837 585 in
1867 530 1992 593 diis,
2027 546 2087 585 ac
2139 532 2257 587 solu

2393 532 2566 602 μόνος.
2620 531 2942 601 Ἐπειδήπερ
2976 531 3131 600 μόνος
3159 533 3187 584 ό
3209 530 3397 600 Σωτὴρ
3432 530 3526 582 καὶ
3579 527 3776 597 Κύρικ
3802 530 3889 597 ήμῖ

3816 408 3832 460 ί
3865 408 3884 421 .

3643 527 3776 597 59w;
3802 530 3909 617 ἠμέ

3644 618 3703 664 ὸν
3721 618 3835 664 an»
3853 616 3923 664 ις

2390 622 2447 673 ἐν
2470 624 2606 691 ἀρχῇ
2634 617 2722 690 ἦν,
2750 621 2843 673 καὶ
2861 619 2994 673 Θεοῦ
3022 620 3189 688 Λόγος
3208 617 3295 691 ἦν,
3316 620 3578 691 καὶπρὸς
3607 618 3703 670 τὸν
3721 618 3835 670 Θεὸν
3853 614 3923 690 ἕλιξ

2391 712 2482 763 καὶ
2511 710 2640 773 Θεὸς
2668 706 2766 781 ἦν’
2800 710 2986 781 διόπερ
3009 712 3105 764 οὐκ
3136 711 3279 763 ἔστιν
3305 713 3489 781 ὅμοιος
3516 708 3683 777 αὑτῷ
3714 710 3767 759 ἐν

2390 803 2481 855 καὶ
2512 803 2669 872 μόνος
2696 804 2856 866 αὐτὸς
2882 804 2957 866 ὼς
2974 805 3031 855 ἐν
3059 803 3198 868 θεοῖς
3226 805 3309 872 είη
3332 804 3396 857 ἂν
3424 802 3591 867 Θεὸς,
3621 801 3819 865 0562qu
3840 803 3912 855 τέιε

2387 889 2687 961 λεγομένων
2710 892 2915 945 πολλῶν
2942 892 3076 948 θεῶν
3101 895 3156 947 ὲν
3184 895 3249 964 τῇ
3285 891 3445 945 αὐτοῦ
3474 890 3784 963 παραθέσει
3802 892 3913 943 ξονι.

2389 983 2550 1051 μένου
2589 982 2941 1053 χρηματίζειν
2969 981 3125 1036 Θεοῦ.
3160 981 3425 1045 Ἀλλοςδὲ
3461 981 3558 1035 διὰ
3596 980 3665 1034 τὸ
3709 981 3913 1051 επις-νέα-

2386 1074 2507 1128 σθαι
2537 1077 2668 1130 πᾶσι
2706 1076 2914 1139 τούτοις
2944 1076 3023 1139 τὸ,
3055 1078 3133 1130 ὅτι
3169 1076 3251 1130 Σὺ
3282 1076 3340 1129 εἷ
3370 1069 3519 1143 Θεὸς
3552 1077 3772 1143 μόνος,
3808 1073 3912 1125 εἶπες

2385 1167 2450 1220 ἂν
2478 1168 2610 1238 πρὸς
2630 1168 2719 1221 τὸν
2742 1168 2955 1238 Πατέρα
2976 1168 3067 1220 καὶ
3081 1167 3209 1220 Θεὸν
3234 1166 3341 1220 τῶν
3364 1166 3504 1220 ὅλων
3528 1165 3607 1219 τὰ
3632 1163 3912 1235 προκείμενα

2384 1257 2556 1311 πάντα
2589 1258 2677 1313 διὰ
2719 1258 2818 1328 τῆς
2848 1258 3009 1328 εὐχῆς
3053 1257 3501 1328 ἀναπέμπεσθαι·
3536 1259 3611 1327 τῇ
3657 1254 3765 1325 γὰρ
3792 1256 3910 1309 uim]

2380 1350 2554 1421 δωρεᾷ
2569 1348 2660 1402 καὶ
2676 1350 2855 1421 χάριτι
2882 1352 2915 1420 η
2944 1349 3134 1419 κλῆσις
3150 1348 3255 1401 τῶν
3280 1347 3445 1401 ὲθνῶν
3472 1348 3571 1402 διὰ
3591 1346 3696 1399 τοῦ
3721 1346 3833 1399 Tia]
3852 1346 3913 1397 αἰ-

2378 1438 2471 1492 τοῦ
2497 1439 2683 1508 γέγονε
2705 1456 2718 1468 ·
2747 1440 2841 1493 καὶ
2861 1438 3021 1501 αὐτὸς
3046 1433 3112 1508 ἦν
3139 1436 3297 1491 ὀπῶν
3321 1437 3452 1490 ὅλων
3486 1436 3729 1506 κτίστης
3759 1436 3838 1488 καὶ
3850 1436 3912 1502 δη-

2380 1533 2635 1602 μιουργὸς
2663 1533 2756 1584 καὶ
2779 1530 3005 1602 ποιητὴς
3032 1529 3119 1583 διὰ
3150 1530 3243 1583 τοῦ
3276 1528 3400 1582 Υίοῦ
3429 1529 3503 1583 τὰ
3540 1528 3729 1582 πάντα
3758 1536 3911 1597 συστη-

2378 1624 2625 1693 σάμενος,
2660 1623 2728 1676 τά
2750 1639 2810 1676 τε
2854 1623 2913 1675 ὲν
2940 1621 3151 1692 οὐρανῷ
3185 1620 3277 1675 καὶ
3308 1620 3378 1674 τὰ
3416 1622 3513 1675 ἐπὶ
3547 1622 3656 1692 τῆς
3689 1621 3818 1689 γῆς·
3847 1624 3911 1671 ιιιί

2377 1715 2535 1778 αὐτὸς
2565 1710 2630 1785 ἦν
2658 1716 2686 1766 ό
2718 1714 2894 1767 πάντα
2926 1711 3412 1785 θαυματουρτήσας
3447 1712 3548 1767 διὰ
3581 1711 3683 1766 τοῦ
3713 1711 3845 1775 Tini,
3866 1712 3911 1762 si

723 1815 782 1859 ιιι
811 1822 863 1860 es
898 1805 1032 1859 Deus
1062 1807 1227 1861 solus.
1256 1805 1389 1859 Illud
1419 1813 1597 1860 autem
1623 1846 1639 1869 ,
1683 1821 1827 1860 ιοιιιε
1851 1846 1866 1870 ,
1916 1820 1944 1859 a
1996 1805 2260 1863 Salvatort

2373 1823 2432 1858 τε
2462 1806 2602 1859 κατὰ
2628 1805 2725 1876 τὴν
2757 1804 2996 1859 Παλαιὰν
3028 1803 3299 1876 Διαθήκην
3349 1804 3743 1876 ἱστορούμενα,
3767 1804 3847 1856 καὶ
3861 1807 3906 1854 τι

722 1911 936 1965 quoque
965 1907 1150 1951 nostro
1176 1895 1241 1949 ad
1265 1895 1479 1950 Patrem
1508 1895 1713 1949 dictum
1766 1896 1865 1949 fuit
1910 1898 1961 1952 in
2011 1898 2165 1962 illo,
2207 1897 2260 1953 Ut

2375 1900 2432 1952 ὲν
2456 1901 2521 1968 τῇ
2540 1900 2709 1969 Καινῇ
2734 1896 3216 1969 ἀναγεγραμμένα⁶
3240 1896 3319 1950 διὸ
3346 1896 3636 1965 λέγεσθαι,
3671 1898 3787 1949 οὐκ
3815 1895 3907 1947 ἐστι

722 1996 1032 2059 cognoscant
1061 1997 1106 2043 te
1138 1988 1309 2041 solum
1340 2002 1516 2041 verum
1539 1986 1705 2041 Deum
1731 1988 1795 2040 '“.
1845 1987 2108 2054 Quoniam
2146 1998 2275 2045 vero

718 2093 958 2153 paternas
990 2082 1205 2139 deitatis
1241 2082 1511 2151 particeps
1531 2087 1614 2136 est
1645 2079 1837 2145 Filius,
1873 2096 1995 2134 cum
2025 2081 2094 2135 sit
2125 2082 2272 2150 ejus-

721 2175 841 2233 dem
872 2176 1022 2246 regni
1052 2189 1303 2237 consors,
1336 2181 1521 2243 utpote
1576 2173 1889 2243 unigenitus
1919 2172 2087 2227 Filius
2111 2213 2126 2235 ,
2176 2172 2270 2229 Dei

720 2260 987 2328 Verbum,
1028 2274 1083 2321 et
1122 2265 1212 2321 Dei
1244 2264 1545 2335 sapientia;
1608 2264 1729 2334 jure
1769 2272 1822 2319 et
1876 2266 1992 2335 ipse
2023 2266 2271 2334 praesenti

721 2357 997 2428 theologia:
1027 2365 1377 2412 accenseatur
1396 2372 1500 2428 qua
1524 2357 1637 2412 haec
1667 2358 1941 2420 docemur,
1968 2359 2108 2411 inter
2136 2357 2269 2411 mul-

718 2454 805 2501 tos
835 2446 960 2501 illos
984 2446 1076 2515 qui
1113 2445 1185 2500 dii
1219 2454 1482 2501 vocantur
1526 2461 1634 2499 non
1690 2460 1811 2502 esse
1849 2448 2152 2516 quempiam
2194 2447 2269 2503 si-

717 2534 901 2591 milem
942 2533 1052 2591 Deo
1081 2535 1494 2592 universorum:
1530 2550 1656 2590 nam
1700 2537 1753 2590 in
1783 2551 1891 2590 uno
1930 2537 2047 2590 solo
2077 2537 2266 2606 unige-

715 2626 833 2681 nito
860 2624 979 2696 ejus
1009 2625 1184 2682 Verbo
1205 2667 1221 2691 ,
1248 2625 1425 2682 Patris
1453 2625 1751 2682 similitudo
1790 2634 2058 2682 servatur.
2085 2626 2264 2692 Quare

710 2715 891 2787 imago
912 2715 1005 2773 Dei
1027 2728 1270 2781 vocatur,
1293 2723 1365 2780 et,
1389 2716 1530 2773 Deus
1559 2726 1673 2772 erat
1710 2716 1929 2771 Verbum
1956 2718 2034 2781 τίς
2086 2717 2156 2771 ita
2202 2724 2262 2770 ut

712 2808 768 2862 in
816 2810 934 2880 ipso
984 2810 1101 2865 solo
1152 2810 1326 2865 Patris
1376 2810 1673 2865 similitudo
1720 2818 2108 2872 conservetur,
2152 2809 2261 2862 sed

714 2911 821 2951 non
840 2898 898 2951 in
933 2898 1041 2952 illis
1072 2899 1254 2952 multis
1276 2898 1402 2953 diis.
1444 2921 1450 2925 ν

2376 1988 2525 2041 κατὰ
2566 1988 2636 2041 τὰ
2669 1989 2813 2058 ἔργα
2839 2003 2984 2043 σου·
3013 1989 3128 2051 καὶ,
3170 1986 3368 2057 Μέγας
3399 1987 3457 2041 εἴ
3479 1987 3595 2052 σὺ,
3628 1986 3729 2040 καί
3768 1983 3909 2039 ποιῶ*

2373 2079 2688 2147 θαυμάσια,
2717 2080 2798 2134 σὺ
2819 2076 2876 2133 εἷ
2895 2083 2927 2133 ό
2958 2079 3101 2145 Θεὸς
3116 2079 3317 2148 μόνος.
3349 2078 3422 2132 Τὸ
3446 2078 3531 2144 δὲ,
3561 2079 3777 2147 μόνος,
3798 2076 3910 2145 εἷρῖο

2372 2185 2461 2221 ται
2494 2169 2584 2221 καὶ
2617 2168 2718 2222 ὑπὸ
2749 2170 2841 2223 τοῦ
2868 2170 3118 2241 Σωτῆρος
3145 2170 3301 2241 ἡμῶν
3329 2170 3464 2241 πρὸς
3516 2170 3612 2222 τὸν
3649 2169 3851 2239 Πατέρα
3871 2168 3906 2217 ἑιι

2371 2258 2470 2327 τῷ,
2506 2260 2636 2313 Ἵνα
2658 2258 2994 2328 γινώσκωσι
3012 2274 3088 2313 σε
3118 2260 3223 2312 τὸν
3237 2260 3428 2327 μόνον
3450 2258 3760 2325 ἀληθινόν
3777 2259 3906 2309 Θεόν.

2386 2350 2533 2402 Ἐπεὶ
2563 2350 2621 2403 δὲ
2652 2348 2749 2419 τῆς
2779 2350 2872 2403 τοῦ
2894 2349 3103 2420 Πατρός
3134 2349 3381 2420 θεότητος
3413 2349 3687 2411 κοινωνὸς
3717 2346 3905 2416 tit-ipf:

2368 2442 2399 2495 ό
2427 2439 2570 2505 Υἱὸς,
2602 2444 2701 2512 τῆς
2729 2441 2896 2512 αὐτῆς
2948 2440 3171 2511 μέτοχος
3212 2438 3287 2493 ὢν
3319 2439 3619 2509 βασιλείας,
3658 2438 3755 2492 ἅτε
3782 2454 3905 2507 μονο-

2368 2534 2529 2605 γενὴς
2557 2533 2680 2597 Υἱὸς
2708 2532 2781 2586 ὣν
2810 2533 2901 2587 καὶ
2924 2531 3059 2611 Θεοῦ
3092 2532 3404 2601 Λόγοςικαὶ
3422 2530 3563 2585 Θεοῦ
3591 2532 3778 2599 σοφία,
3799 2531 3905 2581 alr}-

2366 2642 2473 2687 τως
2494 2625 2558 2678 ἂν
2589 2626 2936 2693 καταλέγοιτο
2970 2626 3063 2679 καὶ
3088 2624 3248 2687 αὐτὸς
3284 2626 3349 2695 τῇ
3389 2623 3649 2695 παρούσῃ
3696 2622 3904 2687 Balari?

2366 2715 2704 2790 διδασκούσῃ.
2738 2718 2816 2770 ὅτι
2846 2717 2944 2770 οὐκ
2963 2716 3106 2772 ἔστιν
3136 2716 3316 2787 ὅμοιος
3345 2715 3423 2791 τῷ
3445 2714 3544 2768 ἐπὶ
3570 2715 3791 2769 πάντων
3814 2708 3904 2779 Θιῷ

2367 2806 2424 2857 ὲν
2452 2809 2561 2869 τοῖς
2581 2808 2789 2871 πολλοῖς
2815 2807 3226 2879 ὀνομαζομένας
3251 2807 3390 2871 θεοῖς
3406 2824 3420 2836 ⁶
3446 2809 3505 2861 ὲν
3535 2808 3622 2861 ἑνὶ
3654 2808 3765 2878 γὰρ
3789 2806 3903 2877 μύθῳ

2365 2894 2442 2965 τῷ
2463 2900 2733 2965 μονογενεῖ
2748 2897 2911 2950 αὑτοῦ
2936 2898 3093 2967 Λόγῳ
3124 2899 3159 2968 η
3190 2896 3280 2951 τοῦ
3304 2898 3515 2969 Πατρδς
3545 2887 3804 2969 ὁμοιότης
3827 2895 3903 2947 σε·

719 2991 881 3069 ζεται.
916 2992 1009 3043 Διὸ
1054 2991 1147 3043 καὶ
1190 2989 1350 3045 εἰκὼν
1401 2989 1733 3062 χρηματίζει·
1769 2990 1924 3053 Θεοῦ,
1969 2991 2081 3054 καὶ,
2129 2988 2271 3054 Θεὸς
2304 2985 2382 3059 ἦν
2414 2990 2621 3060 Λόγος,
2686 2989 2761 3053 ὡς
2798 2992 2855 3043 ὲν
2886 2990 3032 3062 αὐτῷ
3062 2991 3158 3061 μὲν
3204 2983 3465 3055 σώζεσθαι
3518 2992 3790 3063 μόνιρτὴν
3832 2990 3901 3043 τοῖν

711 3078 922 3151 Πατρδς
969 3078 1242 3145 ὁμοίωσιν,
1299 3079 1479 3145 οὐκέτι
1532 3079 1589 3132 δὲ
1648 3080 1740 3133 καὶ
1782 3081 1839 3132 ὲν
1891 3082 2003 3143 τοῖς
2046 3079 2259 3143 πολλοῖς
2291 3079 2449 3142 θεοῖς.
2666 3081 2689 3121 Γ

778 3190 941 3248 Vsus.
968 3192 1049 3246 Η.
1071 3192 1245 3247 Deduc
1270 3210 1369 3256 me,
1402 3192 1643 3257 Domine,
1678 3197 1732 3249 in
1759 3198 1841 3250 via
1862 3207 1973 3264 tua,
2014 3208 2063 3255 et
2095 3200 2260 3277 ingre-

2440 3196 2774 3267 Ὀδήτησόν
2791 3215 2886 3268 με,
2919 3201 3112 3268 Κύριε,
3143 3203 3212 3253 ἐν
3264 3198 3339 3269 τῇ
3376 3196 3491 3264 ὀδῷ
3522 3214 3670 3265 σου,
3698 3200 3795 3254 καὶ
3821 3216 3901 3252 xc-

707 3278 829 3335 diar
868 3282 921 3333 in
962 3284 1177 3351 veritate
1221 3293 1346 3348 tua,
1392 3291 1597 3340 ιαιτιιιν
1645 3303 1737 3341 car
1783 3303 1951 3343 meum
1986 3298 2043 3343 ιιι
2081 3290 2258 3344 timeat

2362 3286 2637 3356 ρεύσομαι
2673 3284 2746 3355 τῇ
2786 3288 3037 3355 ἀληθείᾳ
3066 3303 3204 3351 σου,
3223 3287 3612 3357 εὐφρανθήτω
3649 3288 3693 3357 ἠ
3723 3288 3900 3357 καρδία

708 3387 891 3426 nomen
912 3382 1076 3426 tuum.
1124 3372 1201 3428 Ne
1226 3376 1538 3431 aberremus
1578 3393 1608 3431 a
1636 3380 1862 3435 veritate
1890 3381 2004 3447 Dei,
2038 3381 2260 3438 ductore

2362 3395 2470 3447 μου
2496 3374 2601 3431 τοῦ
2636 3377 2937 3449 φοϐεῖσθαι
2967 3378 3034 3432 τὸ
3075 3377 3261 3449 ὄνομά
3295 3395 3430 3433 σου.
3459 3379 3558 3439 Et:
3587 3378 3650 3434 τὸ
3686 3382 3762 3452 μὴ
3792 3382 3897 3435 ἁπο-

706 3475 927 3532 egemus
953 3481 966 3514 :
1004 3477 1171 3531 quare
1199 3463 1428 3533 Aquila,
1462 3463 1737 3527 Itlumina,
1766 3465 1963 3536 inquit,
1997 3484 2079 3521 me
2098 3469 2151 3521 in
2174 3470 2259 3522 via

705 3560 817 3617 tua,
842 3550 1081 3612 Domine.
1116 3552 1396 3606 ambulabo
1430 3555 1481 3607 in
1504 3556 1719 3609 veritate
1740 3566 1868 3620 tua;
1902 3556 2257 3629 Symmachus

701 3658 853 3704 vero,
882 3641 1107 3696 Ostende
1147 3642 1306 3705 mihi,
1355 3641 1611 3707 Domine,
1649 3644 1787 3697 viam
1818 3654 1994 3707 tuam.
2053 3657 2110 3701 ιιι
2156 3651 2256 3703 iter

702 3730 899 3801 faciam
926 3732 978 3785 in
1008 3732 1221 3785 veritate
1253 3740 1363 3786 tua.
1398 3730 1634 3788 Rursum
1666 3735 1790 3790 item
1816 3750 1913 3805 pro
1941 3738 2052 3804 illo,
2090 3738 2255 3794 Lwte-

703 3832 791 3878 tur
822 3836 905 3876 cor
946 3838 1137 3887 meum,
1172 3831 1228 3875 ut
1256 3824 1436 3877 timeat
1462 3842 1646 3880 nomen
1675 3834 1820 3882 tuum
1841 3867 1857 3893 ,
1880 3829 2074 3899 Aquila
2099 3833 2250 3895 dicit,

700 3914 1013 3971 Soiitarium
1037 3915 1120 3985 [αι
1145 3932 1237 3970 cor
1280 3933 1470 3983 meum,
1500 3927 1560 3971 ιιι
1606 3920 1785 3975 timeat
1838 3940 2025 3977 nomen
2068 3934 2251 3989 tuum;

702 4003 1057 4075 Symmachus
1088 4020 1215 4059 vero
1236 4044 1252 4069 ,
1276 4004 1446 4059 linito
1475 4022 1567 4060 cor
1598 4023 1767 4062 meum
1801 4010 1856 4063 in
1887 4012 2125 4065 timorem
2157 4029 2252 4064 no-

697 4087 853 4140 minis
883 4089 976 4142 tui.
1005 4116 1075 4125 —
1102 4085 1266 4142 Vens.
1325 4088 1411 4147 12.
1475 4089 1772 4160 Conﬁtebor
1820 4094 1954 4162 tibi,
2002 4096 2246 4159 Domine,

696 4175 835 4247 Dem
864 4193 1027 4240 meus,
1057 4177 1114 4230 in
1138 4185 1244 4231 toto
1277 4179 1429 4233 corde
1462 4196 1597 4247 meo,
1625 4192 1674 4237 et
1717 4186 2023 4256 gloriﬁcabo
2064 4203 2250 4243 nomen

695 4278 842 4323 tuum
893 4270 947 4321 in
1003 4278 1274 4323 retentum.
1313 4268 1448 4324 Cum
1497 4275 1665 4328 multa
1713 4278 1767 4331 in
1820 4278 2248 4347 praecedentibus

691 4358 834 4414 bona
863 4359 1109 4424 dixisset,
1157 4362 1555 4418 confessionem
1585 4367 1792 4435 peccati
1823 4369 1909 4423 sui
1938 4371 2247 4424 necessario

690 4456 911 4505 revocat
964 4449 1021 4502 in
1082 4451 1431 4518 memoriam,
1477 4461 1538 4506 ut
1588 4468 1657 4508 ne
1704 4468 1770 4509 ex
1828 4469 2089 4510 concessa
2141 4456 2245 4510 sibi

688 4540 880 4603 venia,
931 4548 985 4595 et
1014 4556 1081 4597 ex
1110 4543 1320 4599 collatis
1347 4544 1451 4599 sibi
1503 4553 1624 4615 post
1672 4546 2053 4601 remissionem
2118 4563 2242 4602 mu-

2362 4564 2476 4631 ιὼς,
2510 4568 2819 4639 ἀναγκαίως
2864 4540 3123 4642 ἀναιρέῑρει
3154 4576 3219 4644 τῇ

689 4633 947 4697 aeribus,
1008 4636 1224 4692 mollius
1282 4639 1609 4708 segniusque
1670 4640 1877 4695 versari
1943 4640 2240 4696 videretur.

685 4721 821 4780 Sese
870 4724 1035 4795 igitur
1064 4728 1180 4797 ipse
1210 4731 1369 4783 vertit
1400 4740 1454 4785 et
1504 4741 1841 4797 commovet,
1900 4748 1965 4788 ac
2030 4734 2239 4805 peccati

659 4800 771 4866 ‘sui
832 4813 1147 4869 memoriam
1209 4820 1458 4887 repetit;
1530 4830 1588 4874 ut
1649 4821 1775 4875 hinc
1842 4800 2049 4890 majore
2109 4838 2237 4894 erga

643 4904 661 4921 ’
687 4900 852 4956 Deum
884 4905 1179 4977 gratiarum
1228 4909 1439 4962 actione
1486 4920 1684 4965 utatur.
1734 4911 2101 4977 Quamobrem
2135 4915 2231 4979 ait,

685 4990 982 5061 Confitebor
1010 4989 1104 5075 tibi
1122 4992 1143 5061 ξ
1172 5011 1236 5050 ac
1285 5000 1525 5068 subjicit,
1556 5000 1760 5057 Emisti
1792 5006 2025 5059 animam
2068 5023 2236 5061 meum

682 5098 747 5137 ex
782 5084 986 5153 inferno
1029 5086 1287 5156 inferiori.
1340 5089 1474 5143 Nam
1526 5101 1811 5162 peccatum
1862 5098 2089 5153 mortale
2129 5099 2237 5152 hu-

677 5172 915 5242 jusmodi
966 5184 1049 5233 est
1073 5217 1089 5243 ,
1121 5186 1181 5233 ut
1214 5180 1265 5233 in
1297 5180 1781 5250 profundissimum
1826 5185 2023 5243 inferni
2055 5188 2237 5243 detra-

681 5268 796 5325 hat.
828 5268 964 5324 Cum
1023 5274 1167 5327 enim
1223 5276 1393 5328 multa
1445 5277 1555 5331 sint
1605 5286 1951 5347 peccatorum
2004 5297 2224 5353 genera,

677 5359 932 5416 videntur
946 5363 1056 5417 alia
1081 5364 1147 5419 ad
1176 5366 1516 5436 superﬁciem
1549 5369 1745 5425 inferni
1775 5371 2008 5438 deferre,
2032 5376 2136 5428 alia
2162 5375 2230 5429 ad

678 5451 943 5517 inﬁmum,
980 5454 1114 5517 sive,
1155 5465 1214 5510 ut
1246 5460 1368 5528 quis
1398 5460 1613 5525 dixerit,
1665 5463 1731 5517 ad
1778 5464 1954 5535 ipsum
2002 5466 2231 5536 profun-

2349 3469 2620 3540 σφαλῆναι
2643 3470 2741 3542 τῆς
2766 3470 3021 3543 ἀληθείας
3060 3470 3216 3535 Θεοῦ,
3256 3471 3490 3542 ποδηγοῦ
3516 3472 3790 3544 δεόμεθα·
3819 3473 3899 3525 διό-

2355 3579 2460 3634 περ
2498 3563 2532 3614 ό
2566 3564 2663 3634 μὲν
2707 3564 2955 3629 Ἀκύλας,
2997 3563 3262 3621 Φώτισόν
3282 3581 3377 3633 με,
3412 3566 3573 3636 φησὶ,
3604 3568 3806 3635 Κύριε.
3842 3563 3893 3630 τί

2353 3652 2470 3719 ὁδῷ
2501 3671 2636 3720 σου,
2672 3656 3052 3726 περιπατήσω
3087 3657 3158 3710 ἐν
3180 3657 3428 3725 ἀληθείᾳ
3452 3675 3571 3712 σου
3590 3676 3605 3690 ·
3636 3660 3673 3712 ὁ
3702 3658 3763 3712 δὲ
3790 3660 3896 3727 Σύμ-

2356 3762 2543 3815 μαχος,
2590 3746 2934 3808 ’Υπόδειεόν
2966 3765 3087 3817 μοι,
3118 3748 3311 3814 Κύριε,
3342 3747 3457 3815 τὴν
3489 3749 3637 3803 ὀδόν
3662 3765 3801 3815 σου,
3822 3751 3893 3801 ira

2351 3834 2580 3890 όδεύσω
2610 3826 2686 3905 τῆ
2713 3838 2961 3906 ἀληθείᾳ
2998 3853 3135 3892 σου.
3165 3837 3269 3892 Καὶ
3298 3834 3460 3892 nam
3499 3838 3626 3892 ἀντὶ
3657 3840 3778 3905 τοῦ,
3806 3842 3891 3893 Εὐο

2349 3926 2660 3996 φρανθήτω
2703 3928 2743 3996 ἡ
2772 3929 2984 3996 καρδία
3006 3934 3124 3999 μου
3153 3927 3257 3982 τοῦ
3282 3928 3594 3997 φοϐεῖσθαι
3625 3930 3700 3983 τὸ
3739 3930 3890 3998 ὄνομά

2349 4038 2484 4088 σου,
2506 4024 2545 4077 ό
2565 4023 2663 4095 μὲν
2694 4024 2921 4091 ’Δκύλας
2943 4023 3106 4096 φησί’
3134 4023 3507 4094 Μονάχωσον
3527 4024 3647 4093 τὴν
3669 4026 3891 4093 καρδίαν

2343 4132 2461 4185 μου
2487 4114 2595 4171 τοῦ
2623 4117 2928 4186 φοϐεῖσθαι
2958 4117 3025 4194 τό
3058 4115 3241 4187 ὄνομά
3271 4134 3386 4171 σου
3403 4134 3415 4146 ·
3452 4117 3484 4168 ό
3506 4116 3572 4200 *δὲ
3600 4117 3885 4189 Σύμμαχος.

2350 4205 2620 4277 "Er-(war
2636 4206 2751 4276 τὴν
2770 4207 3020 4276 καρδίαν
3036 4225 3153 4277 μου
3176 4209 3261 4274 είς
3287 4207 3474 4276 φόϐον
3496 4207 3605 4262 τοῦ
3627 4209 3887 4279 ὀνόματος

2346 4310 2480 4351 σου.
2510 4297 3052 4370 Ἐξομολοτ-ήσομαί
3081 4316 3199 4367 σοι,
3219 4300 3410 4367 Κύριε,
3441 4303 3475 4354 ό
3503 4300 3651 4368 Θεός
3677 4321 3815 4371 μου,
3839 4302 3887 4353 ir

2345 4386 2458 4457 ὅλῃ
2490 4388 2565 4458 τῇ
2593 4391 2803 4459 καρδίᾳ
2827 4410 2965 4461 μου,
2995 4392 3091 4445 καί
3113 4391 3350 4455 δοξάσω
3379 4392 3446 4445 τὸ
3472 4393 3662 4461 ὄνομά
3691 4409 3805 4448 σου
3824 4396 3883 4454 είς
3928 4440 3931 4453 .

2345 4475 2451 4529 τόν
2480 4477 2681 4532 αίῶνα.
2722 4479 2897 4533 Πολλά
2928 4479 3145 4550 ’χρηστὰ
3177 4482 3235 4533 ὲν
3262 4484 3374 4544 τοῖς
3409 4478 3725 4554 ἔμπροσθεν
3760 4486 3882 4553 εἰρη-

3268 4575 3457 4646 μνήμῃ
3494 4576 3599 4644 τὴν
3638 4577 3770 4647 περὶ
3807 4577 3911 4643 τῆς»

2349 4657 2619 4729 ἁμαρτίας
2640 4657 2709 4733 ἧς
2737 4662 2981 4733 ῆμαρτεν
3002 4662 3402 4735 ἐξομολόγησιν,
3428 4664 3505 4727 ('0;
3526 4664 3596 4717 ἂν
3627 4666 3704 4739 μὴ
3726 4667 3881 4735 δοκοίη

2344 4742 2432 4797 διὰ
2462 4747 2561 4825 τῆς
2593 4748 3025 4822 παρασχεθείσης
3059 4753 3208 4824 αὐτῷ
3237 4754 3639 4825 συγχωρήσεως
3678 4758 3771 4810 καὶ
3795 4759 3882 4811 τῶν

2346 4822 2483 4902 μετὰ
2508 4835 3079 4909 ταῦταὺπαρχθέντων
3107 4822 3252 4911 αὐτῷ
3268 4831 3288 4902 ,’
3313 4822 3660 4911 χαυνοῦσθαι,
3685 4844 3779 4898 καὶ
3811 4851 3883 4917 ρξο

2343 4922 2635 4999 θυμότερον
2681 4929 3055 5003 ἀναστρέφειν.
3116 4932 3456 5003 Ἐπιστρέφει
3509 4935 3690 4989 τοίνυν
3741 4941 3881 5001 αὐτὸς

2342 5016 2549 5085 ἑαυτὸν,
2575 5020 2668 5074 καὶ
2698 5023 2912 5095 μνήμην
2933 5027 3162 5078 ποιεῖται
3188 5024 3286 5093 τῆς
3306 5025 3468 5079 αὐτοῦ
3494 5028 3787 5102 ἁμαρτίας,
3810 5034 3878 5085 ἵνα

2345 5109 2542 5176 μείζων
2573 5112 2792 5182 γένηται
2816 5117 2849 5185 ἠ
2876 5117 3008 5187 πρὸς
3034 5116 3124 5169 τὸν
3155 5115 3285 5169 Θεὸν
3313 5118 3631 5190 εὐχαριστία
3650 5142 3662 5154 ·
3690 5124 3769 5177 διό

2342 5215 2455 5251 σιν·
2500 5201 3041 5273 Ἐξομολογήσομαί
3079 5220 3210 5257 σοι·
3242 5206 3334 5259 καὶ
3366 5208 3593 5275 ἐπάγει·
3638 5213 3875 5280 Ἐίρἰσω

2338 5290 2452 5359 τὴν
2476 5294 2684 5363 ψυχήν
2704 5313 2823 5364 μου
2867 5296 2935 5360 ἐξ
2969 5295 3115 5362 ᾅδου
3144 5299 3496 5352 κατωτάτου.
3534 5301 3601 5352 Ἠ
3629 5290 3737 5373 ira?
3764 5304 3873 5373 πρὶς

2340 5381 2564 5437 θάνατον
2596 5386 2837 5458 ἁμαρτία
2863 5385 3081 5457 τοιαύτη
3121 5390 3395 5459 τυγχάνει,
3424 5393 3506 5452 είς
3532 5394 3628 5445 τὸν
3655 5393 3871 5448 κατιδεῖν

2337 5491 2427 5527 τον
2450 5475 2581 5548 ᾅδην
2607 5477 2960 5532 κατασπῶσα.
2992 5478 3205 5533 Πολλῶν
3233 5481 3339 5552 γὰρ
3367 5484 3545 5537 οὐσῶν
3591 5484 3863 5555 ἁμαρτιῶν.

665 5542 826 5606 -dum,
861 5544 930 5599 de
977 5560 1086 5615 quo
1140 5545 1345 5605 fertur:
1408 5551 1515 5607 Vim
1544 5554 1643 5607 viri
1686 5570 1801 5625 qua:
1849 5555 2087 5613 videntur
2118 5574 2229 5613 esse

2363 5542 2570 5620 οίκασιν
2598 5571 2653 5623 αἱ
2683 5569 2787 5639 μὲν
2810 5568 2902 5622 τοῦ
2933 5569 3057 5641 ᾅδου
3083 5574 3162 5635 εἰς
3186 5542 3256 5626 τα
3283 5542 3574 5629 ἐστιπόλαια
3593 5542 3796 5647 .egpéw,
3825 5576 3863 5625 si

680 5642 851 5699 rectm,
879 5642 1140 5703 postrema
1169 5648 1341 5693 autem
1373 5658 1556 5696 earum
1595 5646 1876 5715 respiciunt
1920 5650 1975 5703 in
2004 5651 2224 5720 profun—

2362 5657 2385 5714 ὲ
2416 5659 2494 5722 είς
2523 5659 2589 5714 τὰ
2620 5659 2922 5726 κατώτατα,
2954 5664 3066 5728 καὶ,
3107 5664 3182 5730 ὡς
3217 5664 3282 5719 ἂν
3310 5666 3453 5720 εἴποι
3488 5685 3595 5732 τις,
3627 5672 3705 5732 εἰς
3736 5668 3865 5723 αῦτὲν

746 5790 788 5821 ’ί
824 5788 979 5847 Joan.
1019 5810 1161 5865 xvu,
1202 5794 1253 5851 5.
1335 5796 1377 5830 "
1412 5796 1567 5856 Joan.
1606 5819 1649 5870 1,
1690 5804 1733 5860 l.
