3974 6354
713 432 850 491 1059

1401 419 1664 482 EUSEBII
1699 420 2161 480 CASSARIENSIS
2195 417 2340 476 ΟῬΡ.
2373 412 2555 475 PARS
2592 415 2678 474 Ill.
2719 446 2788 456 —-—
2823 377 3229 470 EXEGETICA.

3729 410 3854 470 ἴσω

713 544 916 615 pudore
972 539 1284 602 afficiuntur,
1342 554 1369 593 a
1425 540 1578 610 signo
1622 538 1879 593 indicium
1931 537 2226 598 habentes,

2345 533 2467 602 ρίλοι
2493 531 2785 601 χαίρουσιν,
2816 528 2863 579 oi
2893 526 2948 579 δὲ
2977 524 3158 609 ἐχθροί¹
3188 523 3281 577 καὶ
3306 522 3356 574 oi
3392 517 3856 615 μισοῖξντες-αἰσχὺ-

712 636 887 705 ipsum
935 632 987 684 in
1038 629 1299 698 ejusmodi
1352 643 1480 684 casu
1528 628 1729 684 auxilio
1769 637 1820 682 et
1871 626 2234 682 consolatione

712 723 926 776 muniri.
953 719 1015 773 Et
1051 720 1273 775 fortasse
1303 720 1529 773 inimicae
1567 720 1808 782 virtutes,
1839 719 2048 788 signum
2067 717 2235 770 Caino

713 811 1016 881 impositum
1042 819 1341 874 cernentes,
1380 809 1702 879 gaudebant,
1739 809 1881 878 quod
1937 808 2142 864 soleant
2169 807 2235 861 de

714 901 900 955 alienis
942 901 1108 955 laetari
1144 899 1329 966 malis;
1362 899 1534 968 angeli
1563 914 1690 953 vero
1715 896 1808 954 Dei
1841 898 1907 952 de
1938 897 2030 951 illo
2058 910 2235 966 geme-

710 991 859 1053 bant,
895 1006 959 1042 ex
982 990 1133 1058 signo
1165 989 1552 1057 impendentem
1601 988 1676 1044 illi
1706 1003 1737 1041 a
1769 987 1876 1042 Deo
1905 988 2038 1041 iram
2075 1000 2236 1056 agno-

693 1089 942 1136 scentes.
975 1080 1116 1132 Atin
1153 1080 1400 1149 religiosa
1435 1081 1612 1134 anima
1647 1079 1974 1132 contrarium
2006 1077 2232 1142 accidit;

710 1171 938 1224 inimicae
964 1171 1159 1238 quippe
1177 1169 1398 1222 virtutes
1432 1167 1849 1229 confunduntur,
1880 1167 2076 1220 bonum
2106 1165 2234 1219 illud

708 1263 919 1330 signum
949 1258 1003 1311 in
1033 1259 1146 1327 ipsa
1175 1259 1405 1328 positum
1428 1258 1849 1327 conspicientes;
1874 1255 2038 1310 divini
2061 1262 2232 1309 autem

706 1360 758 1402 et
797 1349 926 1402 boni
980 1349 1151 1417 angeli
1186 1348 1420 1418 gaudent
1446 1355 1498 1402 et
1524 1348 1863 1416 gratulantur
1897 1347 1965 1400 ei.
2001 1344 2232 1415 ldipsum

706 1439 890 1490 docuit
923 1436 1167 1491 Salvator
1194 1445 1376 1491 noster
1397 1437 1599 1500 dicens,
1623 1436 1874 1506 gaudium
1898 1451 2016 1490 esse
2049 1436 2101 1489 in
2127 1449 2237 1491 cm-

707 1528 774 1580 lis
808 1542 970 1597 super
1011 1541 1117 1580 uno
1146 1537 1426 1596 peccatore
1447 1525 1817 1595 pcenitentiam
1845 1532 2035 1596 agente
2059 1525 2125 1578 ".

878 1807 929 1860 1.
957 1803 1150 1865 FILIIS
1175 1803 1377 1870 CORE,
1409 1802 1720 1859 PSALMUS
1756 1801 2044 1859 CANTICI.

1324 1896 1603 1951 LXXXVI.

778 1988 941 2043 Vsus.
977 1990 1092 2044 2-4.
1126 1987 1489 2043 Fundamenta
1517 1989 1626 2057 ejus
1647 1989 1699 2042 in
1727 1990 1983 2043 montibus
2003 1992 2196 2043 sanctis
2219 2007 2235 2044 :

709 2079 875 2149 diligit
904 2079 1155 2132 Dominus
1180 2089 1354 2145 portas
1375 2077 1500 2132 Sion
1529 2095 1682 2148 super
1709 2081 1884 2133 omnia
1907 2079 2240 2133 tabernacula

705 2169 893 2227 Iacob.
931 2170 1170 2223 Gloriosa
1192 2169 1335 2222 dicta
1353 2179 1471 2223 sunt
1494 2173 1554 2222 de
1581 2180 1647 2231 te,
1680 2172 1860 2224 ciuitas
1895 2170 2010 2225 Dei.
2045 2171 2242 2226 Hemo-

709 2261 836 2313 rabo
854 2259 1030 2311 Rahab
1058 2269 1105 2312 et
1124 2259 1458 2328 Babylonem,
1478 2261 1752 2315 scientibus
1779 2278 1875 2316 me.
1902 2260 2006 2316 Pro
2024 2263 2135 2326 illo,
2156 2261 2243 2316 Fi-

711 2352 794 2405 liis
810 2351 956 2414 Core,
976 2351 1163 2419 Aquila
1179 2363 1229 2405 et
1247 2351 1616 2421 Symmachus,
1635 2351 1888 2406 Filiorum
1903 2352 2050 2418 Core,
2069 2355 2243 2424 edide-

710 2449 854 2504 runt,
873 2442 1023 2512 quasi
1039 2443 1272 2510 psalmus
1289 2442 1354 2496 ab
1371 2442 1434 2498 iis
1447 2443 1772 2513 compositus
1790 2444 1878 2508 sit,
1895 2446 1977 2499 vel
1998 2446 2063 2498 ab
2077 2445 2145 2500 iis
2161 2460 2244 2500 re—

707 2534 924 2594 citatus,
949 2547 1053 2586 non
1077 2533 1231 2586 modo
1243 2548 1362 2586 cum
1389 2534 1660 2604 psalterio,
1689 2535 1780 2589 sed
1800 2537 1957 2590 etiam
1975 2552 2096 2591 cum
2119 2553 2244 2592 can-

709 2624 835 2676 tico.
865 2622 995 2676 Cum
1029 2632 1205 2677 autem
1247 2639 1452 2677 mecum
1489 2634 1789 2694 reputarem
1822 2641 1927 2696 qua
1976 2627 2041 2682 de
2079 2643 2244 2682 causa

709 2716 894 2785 psalmi
914 2714 1005 2786 qui
1027 2714 1284 2770 Filiorum
1307 2715 1694 2787 Coreinscripti
1714 2726 1838 2771 sunt
1862 2734 1966 2772 non
1990 2734 2093 2772 una
2115 2734 2248 2773 con-

705 2807 875 2875 juncti
899 2808 1025 2869 sint,
1041 2808 1131 2862 sed
1153 2809 1322 2876 primo
1335 2809 1617 2876 separatim
1639 2809 1796 2878 positi
1818 2823 1846 2861 a
1863 2823 2041 2871 xu,ac
2060 2824 2246 2864 rursus

710 2895 817 2949 duo
830 2897 1055 2951 seorsim
1080 2897 1262 2965 locati,
1285 2911 1472 2966 nempe
1496 2912 1699 2950 unm
1719 2906 1770 2952 et
1786 2912 2000 2962 unlv,
2026 2899 2246 2952 iterum-

711 3001 816 3054 que
841 2984 930 3040 alii
952 2986 1080 3050 duo,
1112 2985 1425 3039 scilicethic
1456 3001 1616 3054 quem
1647 2993 1943 3041 tractamus
1975 2995 2030 3041 et
2062 2990 2246 3042 subse-

713 3089 912 3143 quens;
943 3083 995 3129 et
1032 3089 1128 3129 cur
1151 3075 1203 3127 in
1243 3075 1420 3129 medio
1449 3075 1673 3132 istorum
1706 3077 1912 3146 positus
1948 3077 2018 3131 sit
2045 3091 2242 3140 LXX-XV,

2332 639 2527 684 νονται,
2553 619 2829 689 γνώρισμα
2869 615 3121 677 λαϐόντες
3151 614 3236 667 διὰ
3265 613 3356 666 τοῦ
3388 611 3634 682 σημείου,
3675 613 3750 664 ὅτι
3779 612 3856 681 βι-

2333 714 2586 784 ϐοήθηται
2610 711 2700 763 καί
2728 705 3130 778 παρακέκληται
3149 704 3238 757 ἐπὶ
3265 702 3340 772 τῷ
3363 719 3424 754 συ
3432 696 3739 772 μόεόηκότι.
3758 701 3858 756 Καὶ

2331 807 2467 875 τάχα
2497 804 2589 856 ἐπὶ
2635 801 2730 872 μὲν
2754 800 2847 854 τοῦ
2890 798 3028 851 Κάῖν
3056 797 3113 849 αἰ
3157 794 3344 865 ἐχθραὶ
3369 792 3642 862 δυνάμεις,
3671 791 3860 861 δρῶσαι

2331 899 2389 950 τὸ
2433 893 2672 949 ἐπιτεθέν
2700 889 2846 961 αὐτῷ
2895 891 3114 960 σημεῖον
3143 886 3246 940 ὑπὸ
3271 884 3362 939 τοῦ
3402 883 3558 947 Θεοῦ,
3592 882 3860 951 ἐπέχαιρον

2332 987 2494 1058 αὐτῷ,
2533 987 2626 1040 ἅτε
2672 979 3139 1052 ἐπιχαιρησίκακοι
3180 971 3364 1030 οὖσαι·
3407 976 3456 1026 oi
3501 973 3558 1026 δὲ
3599 971 3688 1024 τοῦ
3736 971 3860 1024 θεοῦ

2331 1078 2541 1148 ἄγγελοι
2574 1074 2854 1128 ἐπέστενον
2884 1068 3028 1140 αὐτῷ
3049 1067 3135 1121 διὰ
3156 1066 3250 1119 τοῦ
3280 1066 3498 1136 σημείου
3521 1064 3620 1134 τὴν
3641 1063 3857 1133 ἐπηρτη-

2336 1169 2499 1239 μένην
2526 1165 2671 1234 αὑτῷ
2713 1165 2776 1216 ἐκ
2817 1160 2950 1214 Θεοῦ
2978 1159 3141 1230 ὀργὴν
3179 1155 3636 1224 ἐπιγινώσκοντες.
3672 1153 3784 1207 Ἐπὶ
3808 1153 3858 1206 δὲ

2331 1261 2428 1330 τῆς
2459 1255 2729 1326 θεοφιλοῦς
2760 1252 2936 1323 ψυχῆς
2956 1249 3275 1313 τούναντίον,
3299 1250 3354 1301 αἱ
3384 1247 3479 1318 μὲν
3506 1245 3692 1316 ἐχθραὶ
3721 1244 3857 1297 δυνά-

2336 1369 2453 1423 μεις
2488 1345 2929 1418 καταισχύνονται
2957 1342 3020 1425 1.6
3048 1340 3244 1409 ἀγαθὸν
3279 1341 3497 1409 σημεῖον
3542 1335 3861 1408 ἐπικείμενον

2332 1441 2532 1512 ὁρῶσαι
2556 1439 2689 1508 αὐτῇ
2708 1455 2720 1467 ο
2747 1436 2796 1488 οἰ
2823 1435 2880 1487 δὲ
2908 1433 3038 1486 θεῖοι
3067 1431 3158 1484 καὶ
3171 1430 3370 1499 ἣγαθοὶ
3395 1428 3610 1496 ἄγγελοι
3635 1426 3860 1497 χαίρουσι

2332 1534 2424 1584 καὶ
2449 1526 2913 1600 συνευφραίνονται
2939 1525 3094 1594 αὐτῇ.
3129 1523 3295 1575 Τοῦτο
3335 1521 3428 1574 καὶ
3455 1523 3484 1574 6
3505 1519 3691 1590 Σωτὴρ
3719 1519 3862 1588 ἡμῶν

2333 1620 2563 1682 ἐδίδαξεν
2597 1615 2782 1679 εἰπὼν,
2815 1613 2985 1685 χαρὰν
3007 1612 3280 1682 γίγνεσθαι
3313 1613 3370 1665 ἐν
3391 1613 3502 1674 τοῖς
3527 1611 3762 1680 οὐρανοῖς
3782 1603 3860 1662 ἐπὶ

2335 1712 2412 1765 ἐνί
2437 1707 2735 1780 ἀμαρτωλῷ
2759 1703 3123 1776 μετανοοῦντι.

2507 1817 2658 1869 ΤοιΣ
2693 1814 2869 1869 non:
2905 1813 3104 1878 KOPE,
3141 1811 3425 1865 ΨΔΛΜΟΣ
3462 1811 3652 1882 osus.

3034 1906 3174 1972 nq'.

2411 2003 2473 2053 Οἰ
2509 1999 2759 2069 θεμέλιοι
2804 1996 2987 2052 αὐτοῦ
3037 1997 3107 2050 ἐν
3143 1995 3267 2062 τοῖς
3318 1996 3482 2064 ὄρεσι
3524 1993 3646 2061 τοῖς
3665 1994 3862 2064 ἁγίοις·

2338 2089 2535 2159 ἀγαπᾷ
2576 2091 2786 2157 Κύριος
2814 2090 2917 2155 τὰς
2942 2089 3136 2154 πύλας
3184 2086 3334 2142 Σιὼν
3379 2085 3532 2153 ὑπὲρ
3577 2085 3764 2138 πάντα
3805 2083 3868 2136 τὸ

2338 2182 2692 2252 σκηνώματα
2736 2181 2954 2236 Ἰακώϐ.
3004 2179 3412 2249 Δεδοξασμένα
3451 2177 3708 2246 ἐλαλήθη
3749 2177 3867 2244 περί

2338 2278 2474 2339 σοῦ,
2517 2277 2556 2343 ἠ
2589 2276 2762 2340 πόλις
2786 2273 2891 2327 τοῦ
2924 2272 3089 2327 Θεοῦ.
3122 2272 3554 2340 Μνησθήσομαι
3589 2272 3761 2325 Ῥαὰό
3781 2271 3870 2323 καί

2341 2361 2687 2432 Βαϐυλῶνος
2725 2365 2848 2430 τοῖς
2893 2363 3253 2434 γινώσκουσί
3287 2379 3383 2432 με.
3421 2362 3564 2414 Ἀντὶ
3603 2361 3715 2427 τοῦ,
3754 2359 3869 2424 Τοῖς

2340 2458 2489 2525 υίοῖς
2537 2462 2705 2525 Κορὲ,
2739 2457 2769 2509 6
2805 2455 3030 2519 ’Δκύλας
3077 2456 3169 2508 καὶ
3215 2454 3525 2526 Σύμμαχος,
3579 2454 3698 2508 Τῶν
3739 2452 3872 2507 υἱῶν

2341 2550 2508 2616 Κορὲ,
2560 2548 2932 2612 ἐκδεδώκασιν,
2970 2547 3045 2610 ὡς
3086 2531 3176 2600 ὑπ’
3211 2547 3387 2601 αὐτῶν
3435 2543 3869 2617 πεποιημένου,ἥ

2341 2639 2427 2692 διὰ
2456 2640 2654 2692 τούτων
2688 2639 2970 2710 εἰρημένου
3000 2637 3094 2691 τοῦ
3135 2636 3347 2708 ψαλμοῦ
3379 2637 3472 2690 καὶ
3498 2637 3792 2708 λεχθέντος,
3819 2637 3874 2688 οὑ

2351 2725 2508 2795 μόνον
2537 2724 2622 2777 διὰ
2641 2724 2954 2796 ψαλτηρίου,
2984 2724 3116 2779 ἀλλὰ
3151 2726 3243 2779 καὶ
3278 2728 3393 2796 μετ’
3427 2725 3589 2796 ᾠδῆς.
3615 2726 3796 2795 Ζητῶν
3824 2725 3874 2777 δὲ

2345 2818 2473 2887 παρ’
2505 2815 2742 2886 ἐμαυτῷ,
2770 2817 2874 2870 τίνι
2889 2817 3028 2888 λόγῳ
3060 2818 3132 2888 μὴ
3155 2818 3351 2879 πάντες
3375 2813 3515 2886 ἦσαν
3547 2817 3629 2885 ἐφ’
3664 2817 3741 2869 ἐνὶ
3764 2832 3875 2868 συν-

2345 2905 2576 2977 ημμένοι
2595 2907 2643 2959 οἱ
2665 2908 3119 2978 ἐπιγεγραμμένοι
3142 2907 3264 2960 Τῶν
3288 2906 3430 2961 υἱῶν
3443 2907 3609 2976 Κορὲ,
3624 2907 3734 2960 ἀλλ’
3749 2907 3876 2960 οὕτω

2349 2997 2445 3067 μὲν
2465 2996 2605 3060 ἰδίως
2625 2996 2827 3067 πρῶτοι
2843 2999 2892 3050 οἰ
2916 2999 3021 3051 ἀπὸ
3045 2996 3137 3049 τοῦ
3158 3005 3266 3066 μα’”
3295 2997 3389 3050 καὶ
3408 2997 3566 3050 πάλιν
3591 2999 3731 3062 ἰδίως
3749 2999 3877 3066 ἀφω-

2351 3089 2588 3160 ρισμένοι
2613 3087 2703 3141 δύο
2727 3089 2755 3140 6
2779 3093 2885 3156 af,
2909 3088 2993 3142 ὁδ’
3007 3090 3098 3142 καὶ
3117 3095 3168 3141 π’
3193 3105 3207 3120 ·
3227 3089 3317 3142 καὶ
3349 3088 3504 3142 πάλιν
3525 3089 3700 3159 ἕτεροι
3728 3087 3832 3154 δύο,
3851 3090 3876 3139 6

714 3168 1032 3236 inscriptus,
1083 3165 1266 3221 Oratio
1306 3166 1521 3222 Doridis
1552 3185 1570 3220 :
1600 3184 1703 3236 qua
1753 3169 1818 3224 de
1856 3185 1914 3224 re
1956 3185 2076 3239 quae
2130 3178 2242 3224 tum

2349 3181 2484 3250 μετὰ
2508 3184 2689 3252 χεῖρας
2710 3181 2802 3234 καὶ
2820 3183 2848 3234 6
2869 3179 2991 3252 ἑξῆς
3006 3179 3169 3251 αὐτῷ’
3196 3179 3356 3250 μέσος
3377 3181 3433 3234 δὲ
3451 3180 3878 3253 παρεμϐέσληται

713 3259 1120 3322 succurrebant,
1150 3257 1201 3311 in
1251 3265 1639 3326 postremorum
1684 3259 2039 3328 explicatione
2086 3275 2114 3312 a
2161 3274 2245 3314 me

2347 3273 2550 3326 τούτων
2572 3276 2600 3326 6
2618 3279 2698 3326 πε⁸
2723 3264 3191 3344 ἐπιγεγραμμένος
3211 3272 3524 3343 Προσευχὴ
3559 3271 3667 3327 τοῦ
3691 3272 3874 3327 Δαυΐδ-

711 3347 818 3417 jam
857 3348 1049 3401 tradita
1071 3354 1215 3401 sunt.
1251 3345 1419 3403 Secus
1443 3348 1671 3402 fortasse
1710 3349 1975 3417 quispiam
2005 3349 2245 3412 dixerit;

713 3454 901 3507 nempe
929 3452 1115 3490 omnes
1151 3439 1238 3506 qui
1276 3439 1327 3490 in
1374 3439 1509 3490 libro
1537 3436 1870 3491 Psalmorum
1902 3438 2166 3502 feruntur,
2213 3455 2244 3492 a

714 3530 949 3583 diversis
972 3530 1100 3582 viris
1140 3527 1451 3596 prophetico
1485 3527 1688 3596 Spiritu
1721 3529 1909 3582 amatis
1935 3532 2249 3598 pronuntia-

714 3627 817 3682 tos,
850 3619 1133 3685 separatim
1168 3620 1373 3686 positos
1409 3617 1595 3683 fuisse,
1633 3627 1742 3673 tum
1776 3620 1900 3688 quia
1930 3636 2034 3673 non
2057 3621 2245 3675 eodem

716 3718 954 3776 tempore
983 3707 1132 3770 dicti,
1163 3717 1272 3760 tum
1321 3708 1448 3777 quia
1476 3724 1582 3763 non
1613 3710 1680 3763 ab
1721 3709 1907 3765 iisdem
1937 3713 2247 3781 proyhetice

713 3798 1038 3866 pronuntiati
1097 3797 1326 3853 fuerant.
1385 3799 1430 3852 A
1477 3799 1740 3869 principio
1795 3802 1975 3871 itaque
2027 3803 2243 3872 quidam

714 3887 876 3941 Mosis
929 3888 1218 3955 inscriptus
1258 3888 1395 3954 fuit,
1451 3890 1539 3943 alii
1596 3890 1819 3960 Asaphi,
1870 3892 1960 3945 alii
2004 3891 2244 3956 Davidis,

714 3993 854 4031 unus
897 3974 1219 4041 Salomonis,
1256 3978 1467 4034 Etham
1516 3981 1778 4034 Esdraitaa
1815 3997 2030 4050 quoque
2073 3983 2247 4049 alius;

715 4068 869 4119 multi
904 4081 1026 4120 vero
1058 4076 1247 4135 praeter
1277 4069 1436 4123 hosce
1463 4070 1814 4138 inscriptione
1835 4079 2062 4133 carent,
2095 4071 2167 4124 ita
2191 4081 2248 4125 ut

715 4156 996 4222 cujusnam
1041 4158 1147 4210 sint
1185 4158 1323 4212 scire
1371 4173 1717 4225 nequeamus.
1747 4159 1880 4212 Cum
1927 4176 2056 4230 ergo
2099 4164 2247 4218 varie

716 4248 922 4300 recitati
957 4247 1200 4311 fuissent,
1237 4248 1466 4317 sparsim
1497 4250 1658 4318 positi
1705 4264 1733 4302 a
1779 4252 2034 4306 studiosis
2057 4253 2247 4307 harum

716 4354 893 4391 rerum
929 4341 1059 4394 viris
1090 4340 1384 4407 antiquitus
1438 4341 1807 4393 servabantur.
1868 4341 2067 4396 Deinde
2124 4360 2250 4398 vero

718 4428 936 4501 [dixerit
969 4429 1150 4500 idem],
1177 4445 1239 4484 et.
1278 4431 1512 4499 psalmos
1537 4447 1698 4485 unum
1733 4433 1785 4485 in
1817 4433 2010 4486 librum
2035 4445 2250 4490 coactos

2345 3363 2412 3417 τὰ
2440 3365 2535 3434 μὲν
2561 3365 2682 3435 ἐμοὶ⁸
2705 3365 3051 3436 παραστάντα
3070 3366 3149 3427 εἰς
3170 3365 3267 3434 τὴν
3292 3365 3400 3419 τῶν
3422 3364 3737 3419 τελευταίων
3760 3364 3880 3419 θεω-

2350 3455 2468 3525 ρίαν
2517 3455 2602 3508 διὰ
2646 3455 2752 3509 τῶν
2792 3455 3089 3526 εἰρημένων
3134 3455 3234 3527 ἤδη
3279 3457 3538 3529 πρότερον
3583 3458 3876 3529 δεδήλωται.

2345 3545 2500 3598 Εἴποι
2532 3546 2576 3598 δ’
2601 3545 2665 3600 ἄν
2689 3564 2772 3609 τις
2799 3547 2895 3600 καὶ
2922 3547 3109 3611 ἄλλως,
3131 3547 3211 3601 ὅτι
3243 3548 3438 3611 πάντες
3459 3551 3509 3601 οἰ
3538 3551 3593 3602 ἐν
3633 3552 3699 3619 τῇ
3731 3547 3880 3618 βίϐλῳ

2345 3636 2450 3691 τῶν
2475 3631 2716 3706 Ψαλμῶν
2753 3639 3037 3708 φερόμενοι
3063 3638 3227 3707 λόγοι,
3265 3641 3368 3692 ὑπὸ
3391 3640 3661 3711 διαφόρων
3693 3641 3881 3712 ὰνδριῖιν

2349 3726 2663 3796 προφητικῷ
2703 3727 2974 3798 Πνεύματι
3014 3727 3376 3799 λελαλημένοι,
3418 3730 3704 3794 ἰδιάζοντες
3735 3727 3879 3801 ἦσαν,

2346 3815 2420 3880 ὡς
2447 3815 2511 3868 ἂν
2537 3817 2670 3886 μήτε
2704 3817 2791 3886 ὑφ’
2821 3818 2915 3872 ενα
2945 3818 3130 3890 καιρὸν
3165 3819 3459 3888 λεχθέντες,
3496 3823 3631 3891 μήτε
3663 3821 3762 3873 ὑπὸ
3787 3821 3881 3873 τῶν

2347 3909 2521 3960 αὐτῶν
2562 3909 3041 3980 προφητευθέντες.
3093 3910 3298 3964 Αὐτίκα
3325 3911 3453 3978 γοῦν
3500 3911 3879 3984 ἐπιγέγραπταί

2346 4015 2428 4062 τις
2470 4001 2760 4066 Μωῦσέως,
2790 4001 2883 4054 καὶ
2930 4001 3101 4073 ἕτεροι
3141 4001 3234 4054 τοῦ
3277 4002 3464 4072 Ἀσάφ,
3495 4004 3586 4057 καὶ
3608 4002 3704 4056 τοῦ
3738 4001 3884 4057 Ausi!

2347 4089 2502 4161 πάλιν
2536 4090 2727 4162 ἐτεροι,
2754 4093 2847 4144 καὶ
2875 4091 2907 4142 6
2934 4091 3268 4161 Σολομῶντος
3295 4091 3469 4155 ἄλλος,
3508 4095 3599 4147 καὶ
3631 4093 3787 4148 πάλιν
3807 4096 3882 4146 Ai-

2348 4179 2443 4233 θὰν
2469 4179 2562 4232 τοῦ
2598 4181 2902 4251 Ἐσδραῒτου
2925 4199 2938 4213 ο
2968 4182 3061 4234 καὶ
3087 4182 3260 4253 ἕτεροι
3282 4182 3336 4235 δὲ
3356 4183 3594 4237 πλεῖστοι
3613 4187 3723 4238 ὅσοι
3749 4184 3882 4254 παρὰ

2346 4269 2560 4332 τούτους
2593 4265 2845 4341 φέρονται
2889 4273 3263 4358 ἀνεπίγραφοι,
3296 4274 3356 4326 οὐ
3405 4273 3712 4345 δυναμένων
3741 4276 3880 4346 ημῶν

2349 4359 2540 4411 εἰδέναι
2564 4360 2705 4423 τίνος
2729 4362 2816 4431 ἆρ’
2837 4359 2964 4416 εἷεν.
2989 4364 3264 4433 Διαφόρως
3285 4360 3375 4418 οὖν
3399 4367 3693 4436 εἰρημένων
3719 4367 3779 4419 τὺ
3800 4383 3881 4420 πα-

2351 4449 2494 4502 λαιὸν
2524 4451 2788 4521 σποράδην
2816 4453 3024 4523 ὑπῆρχε
3071 4453 3217 4523 παρὰ
3249 4457 3359 4518 τοῖς
3389 4458 3514 4525 περὶ
3533 4456 3700 4508 ταῦτα
3735 4473 3879 4509 σπου-

719 4521 905 4576 fuisse.
932 4523 1003 4574 Ac
1036 4522 1259 4578 fortasse
1288 4522 1374 4591 qui
1403 4524 1634 4593 collegit,
1655 4524 1766 4578 sive
1788 4523 1835 4580 is
1858 4525 2052 4581 Esdras
2071 4526 2245 4591 fuerit,

2355 4539 2519 4616 δαίοις
2550 4521 2971 4609 πεφυλαγμένον.
3002 4536 3112 4593 Εἶθ’
3155 4521 3376 4614 ὕστερον
3418 4521 3742 4616 συναχθῆναι
3773 4547 3882 4607 τοὺς

721 4620 779 4664 ut
799 4614 948 4665 aiunt
978 4611 1204 4675 Hebraei,
1231 4615 1342 4668 sive
1359 4615 1495 4670 alius
1523 4616 1810 4685 quispiam,
1847 4633 1938 4673 eos
1965 4620 2053 4689 qui
2083 4621 2245 4688 primo

2358 4638 2432 4701 pv’
2466 4607 2567 4684 es
2616 4607 2740 4702 μίαν
2768 4607 2963 4701 βίϐλον.
2996 4635 3202 4704 Μήπατ’
3234 4607 3325 4688 σιν
3359 4638 3388 4690 ὁ
3436 4607 3770 4706 συνᾴὲαῆὼν,
3797 4639 3884 4693 ειτν

722 4702 789 4754 ad
835 4717 1049 4754 manum
1102 4717 1377 4768 venerunt,
1421 4707 1625 4774 primos
1653 4709 1705 4760 in
1756 4707 1899 4761 libro
1950 4710 2251 4763 constituit.

721 4792 852 4846 Nam
886 4808 1006 4846 cum
1028 4808 1134 4845 non
1165 4809 1349 4848 omnes
1375 4812 1480 4849 uno
1512 4798 1803 4867 eodemque
1836 4808 2071 4870 tempore
2101 4817 2255 4871 repe—

725 4888 874 4947 rerit,
899 4886 1202 4939 necessario
1232 4901 1325 4961 eos
1356 4889 1446 4955 qui
1487 4900 1615 4942 casu
1644 4891 1697 4942 in
1727 4906 1920 4945 manus
1951 4893 2255 4947 inciderunt

726 4982 898 5045 primo
929 4976 1159 5045 repertis
1189 4975 1451 5044 adjunxit.
1485 4978 1840 5042 Quamobrem
1865 4999 1984 5037 cum
2006 4994 2128 5038 octo
2148 4987 2259 5054 pri-

727 5081 843 5120 mos
867 5065 1118 5119 Filiorum
1159 5065 1314 5125 Core,
1338 5073 1392 5118 ut
1414 5069 1704 5123 verisimile
1729 5080 1829 5133 est,
1863 5086 1966 5125 una
1994 5075 2150 5127 simul
2177 5089 2257 5127 re-

728 5165 926 5225 pertos,
947 5158 999 5209 in
1028 5159 1163 5212 libro
1191 5159 1350 5211 simul
1383 5160 1668 5225 posuisset,
1689 5161 1754 5215 iis
1778 5171 1956 5230 postea
1981 5144 2258 5233 subjunsit

725 5266 818 5305 eos
857 5249 947 5317 qui
978 5250 1076 5302 sub
1111 5251 1221 5303 hac
1269 5267 1386 5305 sese
1412 5251 1739 5306 obtulerunt.
1772 5253 1970 5307 Deinde
1997 5269 2116 5307 cum
2142 5255 2259 5323 plu-

728 5355 817 5394 res
841 5340 930 5391 alii
957 5343 1147 5406 reperti
1177 5350 1228 5393 et
1256 5343 1308 5394 in
1339 5344 1475 5396 libro
1501 5341 1837 5396 Psalmorum
1870 5347 2088 5413 repositi
2125 5346 2259 5399 fuis-

728 5440 845 5484 sent
865 5438 985 5500 post
1005 5445 1183 5484 Luxu
1210 5436 1491 5501 psalmum,
1515 5437 1668 5490 binos
1691 5437 1824 5489 alios
1847 5435 2097 5493 Filiorum
2124 5438 2259 5493 Core

729 5524 1106 5588 deprehensos,
1138 5539 1323 5594 nempe
1345 5539 1610 5582 Lxxxulet
1631 5544 1850 5590 Lxxxw,
1871 5539 2259 5600 consequenter

728 5613 938 5666 locavit.
971 5614 1103 5667 Tum
1134 5626 1252 5684 post
1294 5618 1531 5687 elapsum
1564 5622 1821 5692 temporis
1873 5624 2100 5693 spatium
2132 5638 2251 5678 cum

799 5767 842 5797 ⁷⁵
882 5766 1008 5823 Luc.
1046 5785 1154 5840 xv,
1175 5771 1228 5827 7.

2360 4723 2588 4794 Ἔσδρας
2619 4719 2769 4787 οὗτος
2813 4719 2897 4795 ἦν,
2942 4723 3014 4788 ὥς
3057 4743 3215 4794 φασιν
3255 4726 3514 4798 Ἐϐραίων
3546 4730 3749 4792 παῖδες,
3790 4732 3882 4784 εἴτε

2356 4830 2438 4876 τις
2466 4813 2647 4884 ἕτερος
2668 4813 2814 4883 παρὰ
2836 4815 3038 4882 τοῦτον,
3073 4817 3197 4880 τοὺς
3229 4815 3472 4889 πρώτους
3498 4819 3577 4881 εἰς
3605 4820 3761 4873 αὐτὸν
3780 4823 3880 4891 ἐχο-

2363 4905 2549 4974 μένους
2575 4904 2818 4976 πρώτους
2834 4905 2891 4957 ἐν
2915 4909 2978 4976 τῇ
3011 4906 3172 4977 βίὸλῳ
3197 4908 3536 4964 κατέταττεν.
3562 4911 3672 4963 Οὐκ
3695 4912 3883 4984 ἀθρόως

2360 4996 2465 5064 γὰρ
2495 4997 2616 5058 τοὺς
2649 4997 2851 5059 πάντας
2888 4998 2973 5066 ὑφ’
3000 4998 3093 5050 ἕνα
3139 4995 3325 5068 καιρὸν
3352 4997 3545 5069 εὑρὼν,
3575 5001 3633 5066 ἐξ
3664 5003 3883 5071 ἁνᾴγκης

2357 5087 2479 5148 τοὺς
2515 5086 2646 5154 πρὸς
2672 5088 2822 5156 χεῖρα
2843 5088 3316 5158 παρεμπίπτοντας
3336 5090 3569 5161 συνῆπτε
3586 5095 3693 5155 τοῖς
3723 5109 3884 5162 προει-

2360 5176 2569 5243 ληφόσι.
2604 5177 2798 5247 Διόπερ
2831 5178 2922 5229 καὶ
2956 5180 3078 5241 τοὺς
3103 5177 3346 5248 πρώτους
3371 5187 3421 5250 η’
3453 5182 3575 5236 Τῶν
3601 5183 3732 5236 υἱῶν
3761 5180 3882 5250 Κορὲ

2355 5267 2497 5329 εἰκὸς
2538 5267 2654 5320 τότε
2695 5268 3004 5333 κατατάξαι,
3035 5270 3121 5322 ὅτε
3170 5271 3260 5324 καὶ
3308 5272 3514 5344 ἁθρόως
3542 5275 3677 5345 ὁμοῦ
3709 5275 3886 5332 πάντες

2358 5353 2609 5426 εὕρηνται
2629 5373 2642 5386 ’
2680 5358 2793 5426 μετ’
2827 5359 3066 5421 ἐκείνους
3090 5358 3145 5411 δέ
3175 5361 3401 5429 συνάψαι
3419 5364 3546 5426 τοὺς
3573 5364 3708 5434 μετὰ
3734 5361 3883 5415 ταῦτα

2357 5447 2434 5509 εἰς
2461 5447 2619 5500 αὑτὸν
2643 5447 2907 5511 ἐλθόντας.
2941 5443 3068 5502 Εἶτα
3094 5450 3296 5504 πολλῶν
3323 5454 3379 5507 ἐν
3403 5453 3479 5523 τῷ
3504 5438 3705 5524 μεταξὺ
3742 5455 3880 5522 εὑρη·

2362 5537 2554 5606 μένων,
2581 5540 2674 5592 καὶ
2698 5542 2778 5602 είς
2792 5538 2887 5610 τὴν
2912 5538 3087 5609 βίϐλον
3106 5542 3210 5596 τῶν
3225 5544 3464 5614 Ψαλμῶν
3491 5542 3884 5613 ἀναληφθέντων

2361 5627 2494 5698 μετὰ
2519 5629 2606 5682 τὸν
2634 5629 2721 5685 ιδ’
2741 5627 2969 5701 ψαλμὸν,
2989 5632 3243 5702 εὑρῆσθαι
3265 5633 3423 5687 πάλιν
3451 5634 3641 5696 ἄλλους
3675 5633 3766 5687 δύο
3784 5633 3883 5686 Τῶν
