  <div class='ocr_page' id='page_1' title='image "/cluster/home/n/w/nwhite01/storage/ocr_20150623/23/pst.000005712076/528.png"; bbox 0 0 3960 6352; ppageno 0'>
   <div class='ocr_carea' id='block_1_1' title="bbox 57 451 1576 524">
    <p class='ocr_par' dir='ltr' id='par_1_1' title="bbox 57 458 1576 524">
     <span class='ocr_line' id='line_1_1' title="bbox 57 458 1576 524; baseline -0.007 -1"><span class='ocrx_word' id='word_1_1' title='bbox 57 467 184 524; x_wconf 65' lang='lat' dir='ltr'><strong>10H</strong></span> <span class='ocrx_word' id='word_1_2' title='bbox 1194 459 1380 514; x_wconf 81' lang='lat' dir='ltr'><strong>COMM</strong></span> <span class='ocrx_word' id='word_1_3' title='bbox 1387 458 1472 513; x_wconf 84' lang='lat' dir='ltr'><strong>EN</strong></span> <span class='ocrx_word' id='word_1_4' title='bbox 1477 458 1576 513; x_wconf 80' lang='grc' dir='ltr'><strong>ΤΑ]</strong></span> 
     </span>
    </p>
   </div>
   <div class='ocr_carea' id='block_1_2' title="bbox 1674 451 3247 524">
    <p class='ocr_par' dir='ltr' id='par_1_2' title="bbox 1674 451 3247 515">
     <span class='ocr_line' id='line_1_2' title="bbox 1674 451 3247 515; baseline -0.005 -2"><span class='ocrx_word' id='word_1_5' title='bbox 1674 497 1682 513; x_wconf 62' lang='grc' dir='ltr'><strong>ι</strong></span> <span class='ocrx_word' id='word_1_6' title='bbox 1719 460 1781 513; x_wconf 73' lang='grc' dir='ltr'><strong>ΙΝ</strong></span> <span class='ocrx_word' id='word_1_7' title='bbox 1820 459 2152 515; x_wconf 69' lang='grc' dir='ltr'>ΡεΑιΜ-υδ.</span> <span class='ocrx_word' id='word_1_8' title='bbox 3078 451 3211 507; x_wconf 64' lang='lat'><strong>1012</strong></span> <span class='ocrx_word' id='word_1_9' title='bbox 3235 471 3247 482; x_wconf 54' lang='grc' dir='ltr'><strong>κ</strong></span> 
     </span>
    </p>
   </div>
   <div class='ocr_carea' id='block_1_3' title="bbox 52 551 1576 647">
    <p class='ocr_par' dir='ltr' id='par_1_3' title="bbox 52 568 1576 647">
     <span class='ocr_line' id='line_1_3' title="bbox 52 568 1576 647; baseline -0.008 -15"><span class='ocrx_word' id='word_1_10' title='bbox 52 581 177 634; x_wconf 82' lang='grc' dir='ltr'>υίῶν</span> <span class='ocrx_word' id='word_1_11' title='bbox 200 578 364 647; x_wconf 76' lang='grc' dir='ltr'>Κορὲ,</span> <span class='ocrx_word' id='word_1_12' title='bbox 407 574 492 636; x_wconf 78' lang='grc' dir='ltr'><strong>οὒς</strong></span> <span class='ocrx_word' id='word_1_13' title='bbox 523 574 614 626; x_wconf 74' lang='grc' dir='ltr'>καὶ</span> <span class='ocrx_word' id='word_1_14' title='bbox 643 572 938 634; x_wconf 73' lang='grc' dir='ltr'><strong>ἀκολούθως</strong></span> <span class='ocrx_word' id='word_1_15' title='bbox 979 570 1206 638; x_wconf 73' lang='grc' dir='ltr'>συνάψας</span> <span class='ocrx_word' id='word_1_16' title='bbox 1234 571 1289 622; x_wconf 82' lang='grc' dir='ltr'>ὲν</span> <span class='ocrx_word' id='word_1_17' title='bbox 1325 568 1402 638; x_wconf 84' lang='grc' dir='ltr'><strong>τῷ</strong></span> <span class='ocrx_word' id='word_1_18' title='bbox 1428 569 1576 640; x_wconf 47' lang='grc' dir='ltr'>τρίτοι</span> 
     </span>
    </p>
   </div>
   <div class='ocr_carea' id='block_1_4' title="bbox 1674 551 3210 647">
    <p class='ocr_par' dir='ltr' id='par_1_4' title="bbox 1692 568 3210 639">
     <span class='ocr_line' id='line_1_4' title="bbox 1692 568 3210 639; baseline 0 -15"><span class='ocrx_word' id='word_1_19' title='bbox 1692 570 1874 624; x_wconf 85' lang='lat' dir='ltr'><strong>Oratio</strong></span> <span class='ocrx_word' id='word_1_20' title='bbox 1899 571 2111 626; x_wconf 89' lang='lat' dir='ltr'><strong>Davidis</strong></span> <span class='ocrx_word' id='word_1_21' title='bbox 2138 576 2344 639; x_wconf 89' lang='lat' dir='ltr'><strong>reperta</strong></span> <span class='ocrx_word' id='word_1_22' title='bbox 2368 568 2575 636; x_wconf 79' lang='lat' dir='ltr'><strong>fuisset,</strong></span> <span class='ocrx_word' id='word_1_23' title='bbox 2608 585 2723 622; x_wconf 87' lang='lat' dir='ltr'><strong>eam</strong></span> <span class='ocrx_word' id='word_1_24' title='bbox 2753 576 2869 638; x_wconf 84' lang='lat' dir='ltr'><strong>post</strong></span> <span class='ocrx_word' id='word_1_25' title='bbox 2894 583 3084 621; x_wconf 79' lang='lat' dir='ltr'><strong>Lxxxw</strong></span> <span class='ocrx_word' id='word_1_26' title='bbox 3122 585 3210 624; x_wconf 76' lang='lat' dir='ltr'><strong>re-</strong></span> 
     </span>
    </p>
   </div>
   <div class='ocr_carea' id='block_1_5' title="bbox 51 656 1576 733">
    <p class='ocr_par' dir='ltr' id='par_1_5' title="bbox 51 656 1576 733">
     <span class='ocr_line' id='line_1_5' title="bbox 51 656 1576 733; baseline -0.007 -13"><span class='ocrx_word' id='word_1_27' title='bbox 51 669 141 720; x_wconf 76' lang='grc' dir='ltr'>καὶ</span> <span class='ocrx_word' id='word_1_28' title='bbox 174 673 228 717; x_wconf 89' lang='grc' dir='ltr'>π’</span> <span class='ocrx_word' id='word_1_29' title='bbox 259 664 446 733; x_wconf 76' lang='grc' dir='ltr'>καὶτῷ</span> <span class='ocrx_word' id='word_1_30' title='bbox 467 662 543 715; x_wconf 66' lang='grc' dir='ltr'>πᾶ</span> <span class='ocrx_word' id='word_1_31' title='bbox 576 660 878 724; x_wconf 78' lang='grc' dir='ltr'>κατέταξεν.</span> <span class='ocrx_word' id='word_1_32' title='bbox 905 656 1031 712; x_wconf 79' lang='grc' dir='ltr'>Εῐτα</span> <span class='ocrx_word' id='word_1_33' title='bbox 1058 659 1252 729; x_wconf 79' lang='grc' dir='ltr'>μεταξὺ</span> <span class='ocrx_word' id='word_1_34' title='bbox 1279 657 1369 710; x_wconf 83' lang='grc' dir='ltr'>τοῦ</span> <span class='ocrx_word' id='word_1_35' title='bbox 1398 659 1576 729; x_wconf 85' lang='grc' dir='ltr'>χρόνου</span> 
     </span>
    </p>
   </div>
   <div class='ocr_carea' id='block_1_6' title="bbox 1674 656 3269 733">
    <p class='ocr_par' dir='ltr' id='par_1_6' title="bbox 1689 660 3269 731">
     <span class='ocr_line' id='line_1_6' title="bbox 1689 660 3269 731; baseline 0 -16"><span class='ocrx_word' id='word_1_36' title='bbox 1689 663 1884 731; x_wconf 91' lang='lat' dir='ltr'><strong>posuit.</strong></span> <span class='ocrx_word' id='word_1_37' title='bbox 1921 664 1996 715; x_wconf 80' lang='lat' dir='ltr'><strong>Ac</strong></span> <span class='ocrx_word' id='word_1_38' title='bbox 2044 677 2255 716; x_wconf 85' lang='lat' dir='ltr'><strong>rursum</strong></span> <span class='ocrx_word' id='word_1_39' title='bbox 2315 667 2434 730; x_wconf 92' lang='lat' dir='ltr'><strong>post</strong></span> <span class='ocrx_word' id='word_1_40' title='bbox 2481 660 2786 713; x_wconf 72' lang='lat' dir='ltr'><strong>Orationem</strong></span> <span class='ocrx_word' id='word_1_41' title='bbox 2836 660 3212 729; x_wconf 76' lang='lat' dir='ltr'><strong>Davidis,qu:e</strong></span> <span class='ocrx_word' id='word_1_42' title='bbox 3264 693 3269 698; x_wconf 91' lang='lat'><em>-</em></span> 
     </span>
    </p>
   </div>
   <div class='ocr_carea' id='block_1_7' title="bbox 48 747 1576 825">
    <p class='ocr_par' dir='ltr' id='par_1_7' title="bbox 48 747 1576 825">
     <span class='ocr_line' id='line_1_7' title="bbox 48 747 1576 825; baseline -0.008 -18"><span class='ocrx_word' id='word_1_43' title='bbox 48 759 141 825; x_wconf 83' lang='grc' dir='ltr'><strong>τῆς</strong></span> <span class='ocrx_word' id='word_1_44' title='bbox 176 754 268 806; x_wconf 77' lang='grc' dir='ltr'>τοῦ</span> <span class='ocrx_word' id='word_1_45' title='bbox 300 753 456 805; x_wconf 80' lang='grc' dir='ltr'>Δαυῒδ</span> <span class='ocrx_word' id='word_1_46' title='bbox 500 749 805 821; x_wconf 81' lang='grc' dir='ltr'>Προσευχῆς</span> <span class='ocrx_word' id='word_1_47' title='bbox 855 747 1183 819; x_wconf 77' lang='grc' dir='ltr'><strong>εὑρεθείσης,</strong></span> <span class='ocrx_word' id='word_1_48' title='bbox 1236 747 1461 799; x_wconf 75' lang='grc' dir='ltr'>ἐνθεῖναι</span> <span class='ocrx_word' id='word_1_49' title='bbox 1493 747 1576 800; x_wconf 64' lang='grc' dir='ltr'>καὶ</span> 
     </span>
    </p>
   </div>
   <div class='ocr_carea' id='block_1_8' title="bbox 1674 747 3213 825">
    <p class='ocr_par' dir='ltr' id='par_1_8' title="bbox 1688 752 3213 824">
     <span class='ocr_line' id='line_1_8' title="bbox 1688 752 3213 824; baseline -0.001 -17"><span class='ocrx_word' id='word_1_50' title='bbox 1688 769 1862 808; x_wconf 73' lang='lat' dir='ltr'><strong>Lxxxv</strong></span> <span class='ocrx_word' id='word_1_51' title='bbox 1896 770 2119 809; x_wconf 79' lang='lat' dir='ltr'><strong>numero</strong></span> <span class='ocrx_word' id='word_1_52' title='bbox 2171 754 2342 824; x_wconf 91' lang='lat' dir='ltr'><strong>posita</strong></span> <span class='ocrx_word' id='word_1_53' title='bbox 2377 753 2569 816; x_wconf 73' lang='lat' dir='ltr'><strong>fuerat,</strong></span> <span class='ocrx_word' id='word_1_54' title='bbox 2595 755 2839 806; x_wconf 87' lang='lat' dir='ltr'><strong>inventos</strong></span> <span class='ocrx_word' id='word_1_55' title='bbox 2878 752 3044 806; x_wconf 80' lang='lat' dir='ltr'><strong>fuisse</strong></span> <span class='ocrx_word' id='word_1_56' title='bbox 3074 753 3213 808; x_wconf 84' lang='lat' dir='ltr'><strong>dicet</strong></span> 
     </span>
    </p>
   </div>
   <div class='ocr_carea' id='block_1_9' title="bbox 51 839 1576 915">
    <p class='ocr_par' dir='ltr' id='par_1_9' title="bbox 51 839 1576 915">
     <span class='ocr_line' id='line_1_9' title="bbox 51 839 1576 915; baseline -0.006 -16"><span class='ocrx_word' id='word_1_57' title='bbox 51 847 250 915; x_wconf 82' lang='grc' dir='ltr'>ταύτην</span> <span class='ocrx_word' id='word_1_58' title='bbox 292 844 426 914; x_wconf 80' lang='grc' dir='ltr'>μετὰ</span> <span class='ocrx_word' id='word_1_59' title='bbox 451 844 538 896; x_wconf 81' lang='grc' dir='ltr'>τὸν</span> <span class='ocrx_word' id='word_1_60' title='bbox 563 842 663 896; x_wconf 66' lang='grc' dir='ltr'>τίδ’.</span> <span class='ocrx_word' id='word_1_61' title='bbox 687 841 792 893; x_wconf 77' lang='grc' dir='ltr'><strong>Καὶ</strong></span> <span class='ocrx_word' id='word_1_62' title='bbox 822 841 977 893; x_wconf 86' lang='grc' dir='ltr'>πάλιν</span> <span class='ocrx_word' id='word_1_63' title='bbox 1010 839 1144 909; x_wconf 86' lang='grc' dir='ltr'>μετὰ</span> <span class='ocrx_word' id='word_1_64' title='bbox 1165 839 1260 909; x_wconf 78' lang='grc' dir='ltr'>τὴν</span> <span class='ocrx_word' id='word_1_65' title='bbox 1282 839 1576 909; x_wconf 65' lang='grc' dir='ltr'>Προσευχὴι</span> 
     </span>
    </p>
   </div>
   <div class='ocr_carea' id='block_1_10' title="bbox 1674 839 3214 915">
    <p class='ocr_par' dir='ltr' id='par_1_10' title="bbox 1688 841 3214 910">
     <span class='ocr_line' id='line_1_10' title="bbox 1688 841 3214 910; baseline -0.001 -14"><span class='ocrx_word' id='word_1_66' title='bbox 1688 843 1823 896; x_wconf 86' lang='lat' dir='ltr'><strong>duos</strong></span> <span class='ocrx_word' id='word_1_67' title='bbox 1853 843 1986 897; x_wconf 91' lang='lat' dir='ltr'><strong>alios</strong></span> <span class='ocrx_word' id='word_1_68' title='bbox 2012 841 2267 896; x_wconf 82' lang='lat' dir='ltr'><strong>Filiorum</strong></span> <span class='ocrx_word' id='word_1_69' title='bbox 2285 842 2442 908; x_wconf 89' lang='lat' dir='ltr'><strong>Core,</strong></span> <span class='ocrx_word' id='word_1_70' title='bbox 2476 843 2617 895; x_wconf 92' lang='lat' dir='ltr'><strong>hunc</strong></span> <span class='ocrx_word' id='word_1_71' title='bbox 2645 857 2800 910; x_wconf 81' lang='lat' dir='ltr'><strong>quem</strong></span> <span class='ocrx_word' id='word_1_72' title='bbox 2827 849 3138 904; x_wconf 84' lang='lat' dir='ltr'><strong>tractamus,</strong></span> <span class='ocrx_word' id='word_1_73' title='bbox 3159 849 3214 895; x_wconf 89' lang='lat' dir='ltr'><strong>et</strong></span> 
     </span>
    </p>
   </div>
   <div class='ocr_carea' id='block_1_11' title="bbox 50 928 1576 1003">
    <p class='ocr_par' dir='ltr' id='par_1_11' title="bbox 50 928 1576 1000">
     <span class='ocr_line' id='line_1_11' title="bbox 50 928 1576 1000; baseline -0.006 -11"><span class='ocrx_word' id='word_1_74' title='bbox 50 937 138 989; x_wconf 64' lang='grc' dir='ltr'><strong>τοῦ</strong></span> <span class='ocrx_word' id='word_1_75' title='bbox 165 935 346 998; x_wconf 74' lang='grc' dir='ltr'>Δαυῖδ,</span> <span class='ocrx_word' id='word_1_76' title='bbox 371 938 425 987; x_wconf 87' lang='grc' dir='ltr'>ὲν</span> <span class='ocrx_word' id='word_1_77' title='bbox 449 941 528 986; x_wconf 65' lang='grc' dir='ltr'>πεθ</span> <span class='ocrx_word' id='word_1_78' title='bbox 556 933 701 1000; x_wconf 84' lang='grc' dir='ltr'><strong>τόπῳ</strong></span> <span class='ocrx_word' id='word_1_79' title='bbox 723 929 1154 999; x_wconf 81' lang='grc' dir='ltr'>καταλεχθεῖσαν,</span> <span class='ocrx_word' id='word_1_80' title='bbox 1178 928 1458 1000; x_wconf 83' lang='grc' dir='ltr'>εὑρεθῆναι</span> <span class='ocrx_word' id='word_1_81' title='bbox 1483 929 1576 980; x_wconf 74' lang='grc' dir='ltr'>ἑτέ</span> 
     </span>
    </p>
   </div>
   <div class='ocr_carea' id='block_1_12' title="bbox 1674 928 3214 1003">
    <p class='ocr_par' dir='ltr' id='par_1_12' title="bbox 1691 930 3214 1003">
     <span class='ocr_line' id='line_1_12' title="bbox 1691 930 3214 1003; baseline -0.001 -15"><span class='ocrx_word' id='word_1_82' title='bbox 1691 945 1997 1003; x_wconf 83' lang='lat' dir='ltr'><strong>sequentem</strong></span> <span class='ocrx_word' id='word_1_83' title='bbox 2053 952 2065 987; x_wconf 95' lang='lat'>:</span> <span class='ocrx_word' id='word_1_84' title='bbox 2114 949 2175 986; x_wconf 92' lang='lat' dir='ltr'><strong>ac</strong></span> <span class='ocrx_word' id='word_1_85' title='bbox 2225 934 2303 989; x_wconf 92' lang='lat' dir='ltr'><strong>sic</strong></span> <span class='ocrx_word' id='word_1_86' title='bbox 2353 935 2660 988; x_wconf 84' lang='lat' dir='ltr'><strong>necessario</strong></span> <span class='ocrx_word' id='word_1_87' title='bbox 2703 931 2942 986; x_wconf 88' lang='lat' dir='ltr'><strong>Orationi</strong></span> <span class='ocrx_word' id='word_1_88' title='bbox 2997 930 3214 986; x_wconf 86' lang='lat' dir='ltr'><strong>Davidis</strong></span> 
     </span>
    </p>
   </div>
   <div class='ocr_carea' id='block_1_13' title="bbox 52 1017 1576 1097">
    <p class='ocr_par' dir='ltr' id='par_1_13' title="bbox 52 1019 1576 1097">
     <span class='ocr_line' id='line_1_13' title="bbox 52 1019 1576 1097; baseline -0.003 -20"><span class='ocrx_word' id='word_1_89' title='bbox 52 1045 172 1097; x_wconf 83' lang='grc' dir='ltr'>ρους</span> <span class='ocrx_word' id='word_1_90' title='bbox 224 1023 318 1078; x_wconf 82' lang='grc' dir='ltr'><strong>δύο</strong></span> <span class='ocrx_word' id='word_1_91' title='bbox 344 1026 462 1076; x_wconf 90' lang='grc' dir='ltr'>Τῶν</span> <span class='ocrx_word' id='word_1_92' title='bbox 495 1023 621 1076; x_wconf 89' lang='grc' dir='ltr'>υίῶν</span> <span class='ocrx_word' id='word_1_93' title='bbox 646 1022 806 1092; x_wconf 80' lang='grc' dir='ltr'>Κορὲ,</span> <span class='ocrx_word' id='word_1_94' title='bbox 850 1019 940 1073; x_wconf 70' lang='grc' dir='ltr'>τὸν</span> <span class='ocrx_word' id='word_1_95' title='bbox 973 1020 1108 1092; x_wconf 77' lang='grc' dir='ltr'>μετὰ</span> <span class='ocrx_word' id='word_1_96' title='bbox 1146 1023 1329 1090; x_wconf 85' lang='grc' dir='ltr'>χεῖρας</span> <span class='ocrx_word' id='word_1_97' title='bbox 1368 1021 1458 1073; x_wconf 75' lang='grc' dir='ltr'>καὶ</span> <span class='ocrx_word' id='word_1_98' title='bbox 1500 1019 1576 1072; x_wconf 69' lang='grc' dir='ltr'>τὸι</span> 
     </span>
    </p>
   </div>
   <div class='ocr_carea' id='block_1_14' title="bbox 1674 1017 3212 1097">
    <p class='ocr_par' dir='ltr' id='par_1_14' title="bbox 1691 1017 3212 1090">
     <span class='ocr_line' id='line_1_14' title="bbox 1691 1017 3212 1090; baseline -0.003 -14"><span class='ocrx_word' id='word_1_99' title='bbox 1691 1023 2005 1090; x_wconf 89' lang='lat' dir='ltr'><strong>conjunctos</strong></span> <span class='ocrx_word' id='word_1_100' title='bbox 2044 1021 2232 1077; x_wconf 79' lang='lat' dir='ltr'><strong>fuisse.</strong></span> <span class='ocrx_word' id='word_1_101' title='bbox 2284 1021 2514 1090; x_wconf 84' lang='lat' dir='ltr'><strong>ldipsum</strong></span> <span class='ocrx_word' id='word_1_102' title='bbox 2563 1034 2723 1088; x_wconf 88' lang='lat' dir='ltr'><strong>porro</strong></span> <span class='ocrx_word' id='word_1_103' title='bbox 2750 1018 2942 1072; x_wconf 76' lang='lat' dir='ltr'><strong>dixerit</strong></span> <span class='ocrx_word' id='word_1_104' title='bbox 2986 1017 3124 1071; x_wconf 89' lang='lat' dir='ltr'><strong>idem</strong></span> <span class='ocrx_word' id='word_1_105' title='bbox 3156 1019 3212 1072; x_wconf 90' lang='lat' dir='ltr'><strong>in</strong></span> 
     </span>
    </p>
   </div>
   <div class='ocr_carea' id='block_1_15' title="bbox 51 1109 1576 1192">
    <p class='ocr_par' dir='ltr' id='par_1_15' title="bbox 51 1110 1576 1188">
     <span class='ocr_line' id='line_1_15' title="bbox 51 1110 1576 1188; baseline -0.005 -17"><span class='ocrx_word' id='word_1_106' title='bbox 51 1118 246 1188; x_wconf 64' lang='grc' dir='ltr'>ἑφεξῆς</span> <span class='ocrx_word' id='word_1_107' title='bbox 277 1116 421 1185; x_wconf 80' lang='grc' dir='ltr'>αὐτῷ</span> <span class='ocrx_word' id='word_1_108' title='bbox 441 1133 452 1143; x_wconf 88' lang='grc'><strong>·</strong></span> <span class='ocrx_word' id='word_1_109' title='bbox 480 1115 536 1178; x_wconf 73' lang='grc' dir='ltr'><strong>ἐξ</strong></span> <span class='ocrx_word' id='word_1_110' title='bbox 577 1113 814 1182; x_wconf 77' lang='grc' dir='ltr'><strong>ἀνάγκης</strong></span> <span class='ocrx_word' id='word_1_111' title='bbox 841 1128 897 1164; x_wconf 87' lang='grc' dir='ltr'><strong>τε</strong></span> <span class='ocrx_word' id='word_1_112' title='bbox 925 1113 1016 1165; x_wconf 76' lang='grc' dir='ltr'>καὶ</span> <span class='ocrx_word' id='word_1_113' title='bbox 1041 1113 1232 1174; x_wconf 84' lang='grc' dir='ltr'>αὐτοὺς</span> <span class='ocrx_word' id='word_1_114' title='bbox 1275 1110 1576 1180; x_wconf 67' lang='grc' dir='ltr'>συναχθῆνατ</span> 
     </span>
    </p>
   </div>
   <div class='ocr_carea' id='block_1_16' title="bbox 1674 1109 3070 1192">
    <p class='ocr_par' dir='ltr' id='par_1_16' title="bbox 1692 1109 3070 1179">
     <span class='ocr_line' id='line_1_16' title="bbox 1692 1109 3070 1179; baseline -0.001 -16"><span class='ocrx_word' id='word_1_115' title='bbox 1692 1111 2019 1179; x_wconf 90' lang='lat' dir='ltr'><strong>reliquorum</strong></span> <span class='ocrx_word' id='word_1_116' title='bbox 2051 1111 2375 1179; x_wconf 81' lang='lat' dir='ltr'><strong>psalmorum</strong></span> <span class='ocrx_word' id='word_1_117' title='bbox 2407 1109 2737 1163; x_wconf 83' lang='lat' dir='ltr'><strong>ordinatione</strong></span> <span class='ocrx_word' id='word_1_118' title='bbox 2763 1109 3070 1176; x_wconf 79' lang='lat' dir='ltr'><strong>contigisse.</strong></span> 
     </span>
    </p>
   </div>
   <div class='ocr_carea' id='block_1_17' title="bbox 49 1202 3210 1280">
    <p class='ocr_par' dir='ltr' id='par_1_17' title="bbox 49 1202 3210 1280">
     <span class='ocr_line' id='line_1_17' title="bbox 49 1202 3210 1280; baseline -0.003 -17"><span class='ocrx_word' id='word_1_119' title='bbox 49 1214 111 1278; x_wconf 73' lang='grc' dir='ltr'>τῇ</span> <span class='ocrx_word' id='word_1_120' title='bbox 141 1211 422 1280; x_wconf 78' lang='grc' dir='ltr'>Προσευχῇ</span> <span class='ocrx_word' id='word_1_121' title='bbox 446 1205 536 1259; x_wconf 83' lang='grc' dir='ltr'>τοῦ</span> <span class='ocrx_word' id='word_1_122' title='bbox 557 1205 733 1260; x_wconf 68' lang='grc' dir='ltr'>Δαυῖδ.</span> <span class='ocrx_word' id='word_1_123' title='bbox 755 1205 856 1258; x_wconf 79' lang='grc' dir='ltr'><strong>Τὸν</strong></span> <span class='ocrx_word' id='word_1_124' title='bbox 875 1205 1031 1259; x_wconf 82' lang='grc' dir='ltr'>αὐτὸν</span> <span class='ocrx_word' id='word_1_125' title='bbox 1061 1205 1115 1257; x_wconf 88' lang='grc' dir='ltr'>δὲ</span> <span class='ocrx_word' id='word_1_126' title='bbox 1139 1205 1290 1273; x_wconf 85' lang='grc' dir='ltr'>λόγον</span> <span class='ocrx_word' id='word_1_127' title='bbox 1315 1205 1574 1275; x_wconf 83' lang='grc' dir='ltr'><strong>ὑπάρχειν</strong></span> <span class='ocrx_word' id='word_1_128' title='bbox 1610 1207 1637 1256; x_wconf 87' lang='grc' dir='ltr'>ὁ</span> <span class='ocrx_word' id='word_1_129' title='bbox 1659 1203 1816 1267; x_wconf 73' lang='grc' dir='ltr'>αὐτὸς</span> <span class='ocrx_word' id='word_1_130' title='bbox 1843 1204 2065 1259; x_wconf 63' lang='lat' dir='ltr'><strong>arm-av</strong></span> <span class='ocrx_word' id='word_1_131' title='bbox 2093 1205 2186 1256; x_wconf 77' lang='grc' dir='ltr'>καὶ</span> <span class='ocrx_word' id='word_1_132' title='bbox 2203 1205 2292 1256; x_wconf 68' lang='grc' dir='ltr'><strong>ἐπὶ</strong></span> <span class='ocrx_word' id='word_1_133' title='bbox 2319 1207 2415 1274; x_wconf 82' lang='grc' dir='ltr'><strong>τῆς</strong></span> <span class='ocrx_word' id='word_1_134' title='bbox 2437 1204 2540 1256; x_wconf 88' lang='grc' dir='ltr'><strong>τῶν</strong></span> <span class='ocrx_word' id='word_1_135' title='bbox 2567 1204 2760 1255; x_wconf 82' lang='grc' dir='ltr'>λοιπῶν</span> <span class='ocrx_word' id='word_1_136' title='bbox 2817 1202 3040 1271; x_wconf 70' lang='grc' dir='ltr'>ψαλμῶν</span> <span class='ocrx_word' id='word_1_137' title='bbox 3091 1218 3210 1254; x_wconf 89' lang='grc' dir='ltr'>συν-</span> 
     </span>
    </p>
   </div>
   <div class='ocr_carea' id='block_1_18' title="bbox 52 1301 269 1364">
    <p class='ocr_par' dir='ltr' id='par_1_18' title="bbox 52 1301 269 1364">
     <span class='ocr_line' id='line_1_18' title="bbox 52 1301 269 1364; baseline 0.028 -14"><span class='ocrx_word' id='word_1_138' title='bbox 52 1301 269 1364; x_wconf 75' lang='grc' dir='ltr'>θέσεως.</span> 
     </span>
    </p>
   </div>
   <div class='ocr_carea' id='block_1_19' title="bbox 115 1407 1576 1487">
    <p class='ocr_par' dir='ltr' id='par_1_19' title="bbox 115 1415 1576 1487">
     <span class='ocr_line' id='line_1_19' title="bbox 115 1415 1576 1487; baseline -0.002 -16"><span class='ocrx_word' id='word_1_139' title='bbox 115 1416 450 1472; x_wconf 81' lang='grc' dir='ltr'>Πιστώσεται</span> <span class='ocrx_word' id='word_1_140' title='bbox 477 1415 530 1469; x_wconf 72' lang='grc' dir='ltr'>δὲ</span> <span class='ocrx_word' id='word_1_141' title='bbox 554 1416 621 1471; x_wconf 70' lang='grc' dir='ltr'><strong>τδ</strong></span> <span class='ocrx_word' id='word_1_142' title='bbox 638 1415 952 1487; x_wconf 79' lang='grc' dir='ltr'><strong>λελεγμένον</strong></span> <span class='ocrx_word' id='word_1_143' title='bbox 975 1416 1079 1469; x_wconf 81' lang='grc' dir='ltr'><strong>ἀπὸ</strong></span> <span class='ocrx_word' id='word_1_144' title='bbox 1097 1415 1437 1485; x_wconf 79' lang='grc' dir='ltr'>προφητικῶν</span> <span class='ocrx_word' id='word_1_145' title='bbox 1458 1416 1576 1468; x_wconf 67' lang='grc' dir='ltr'><strong>ἀπο</strong></span> 
     </span>
    </p>
   </div>
   <div class='ocr_carea' id='block_1_20' title="bbox 1674 1407 3206 1487">
    <p class='ocr_par' dir='ltr' id='par_1_20' title="bbox 1755 1407 3206 1479">
     <span class='ocr_line' id='line_1_20' title="bbox 1755 1407 3206 1479; baseline 0 -15"><span class='ocrx_word' id='word_1_146' title='bbox 1755 1411 1876 1464; x_wconf 63' lang='lat' dir='ltr'><strong>Hac</strong></span> <span class='ocrx_word' id='word_1_147' title='bbox 1912 1424 2035 1464; x_wconf 89' lang='lat' dir='ltr'><strong>vero</strong></span> <span class='ocrx_word' id='word_1_148' title='bbox 2065 1410 2322 1464; x_wconf 81' lang='lat' dir='ltr'><strong>sententia</strong></span> <span class='ocrx_word' id='word_1_149' title='bbox 2368 1407 2690 1477; x_wconf 84' lang='lat' dir='ltr'><strong>propheticis</strong></span> <span class='ocrx_word' id='word_1_150' title='bbox 2736 1410 2986 1479; x_wconf 76' lang='lat' dir='ltr'><strong>exemplis</strong></span> <span class='ocrx_word' id='word_1_151' title='bbox 3014 1411 3206 1464; x_wconf 84' lang='lat' dir='ltr'><strong>conﬁr-</strong></span> 
     </span>
    </p>
   </div>
   <div class='ocr_carea' id='block_1_21' title="bbox 48 1498 1576 1578">
    <p class='ocr_par' dir='ltr' id='par_1_21' title="bbox 48 1503 1576 1578">
     <span class='ocr_line' id='line_1_21' title="bbox 48 1503 1576 1578; baseline -0.004 -17"><span class='ocrx_word' id='word_1_152' title='bbox 48 1507 292 1571; x_wconf 75' lang='grc' dir='ltr'>δείξεων·</span> <span class='ocrx_word' id='word_1_153' title='bbox 329 1508 448 1559; x_wconf 69' lang='grc' dir='ltr'>ἐπεὶ</span> <span class='ocrx_word' id='word_1_154' title='bbox 467 1506 574 1578; x_wconf 82' lang='grc' dir='ltr'>γὰρ</span> <span class='ocrx_word' id='word_1_155' title='bbox 612 1507 668 1559; x_wconf 77' lang='lat' dir='ltr'><strong>tv</strong></span> <span class='ocrx_word' id='word_1_156' title='bbox 697 1507 813 1568; x_wconf 77' lang='grc' dir='ltr'>ταῖς</span> <span class='ocrx_word' id='word_1_157' title='bbox 849 1506 1202 1575; x_wconf 79' lang='grc' dir='ltr'>προφητικαίς</span> <span class='ocrx_word' id='word_1_158' title='bbox 1233 1503 1426 1572; x_wconf 79' lang='grc' dir='ltr'>βίϐλοις</span> <span class='ocrx_word' id='word_1_159' title='bbox 1458 1504 1576 1555; x_wconf 90' lang='grc' dir='ltr'>πολ-</span> 
     </span>
    </p>
   </div>
   <div class='ocr_carea' id='block_1_22' title="bbox 1674 1498 3207 1578">
    <p class='ocr_par' dir='ltr' id='par_1_22' title="bbox 1686 1498 3207 1569">
     <span class='ocr_line' id='line_1_22' title="bbox 1686 1498 3207 1569; baseline 0.001 -16"><span class='ocrx_word' id='word_1_160' title='bbox 1686 1511 1862 1554; x_wconf 90' lang='lat' dir='ltr'><strong>matur</strong></span> <span class='ocrx_word' id='word_1_161' title='bbox 1891 1518 1903 1553; x_wconf 90' lang='lat'><strong>:</strong></span> <span class='ocrx_word' id='word_1_162' title='bbox 1940 1512 2062 1550; x_wconf 88' lang='lat' dir='ltr'><strong>nam</strong></span> <span class='ocrx_word' id='word_1_163' title='bbox 2093 1499 2148 1552; x_wconf 90' lang='lat' dir='ltr'><strong>in</strong></span> <span class='ocrx_word' id='word_1_164' title='bbox 2177 1499 2503 1566; x_wconf 87' lang='lat' dir='ltr'><strong>propheticis</strong></span> <span class='ocrx_word' id='word_1_165' title='bbox 2540 1498 2688 1552; x_wconf 88' lang='lat' dir='ltr'><strong>libris</strong></span> <span class='ocrx_word' id='word_1_166' title='bbox 2729 1498 3030 1568; x_wconf 83' lang='lat' dir='ltr'><strong>frequenter</strong></span> <span class='ocrx_word' id='word_1_167' title='bbox 3060 1516 3207 1569; x_wconf 83' lang='lat' dir='ltr'><strong>repe-</strong></span> 
     </span>
    </p>
   </div>
   <div class='ocr_carea' id='block_1_23' title="bbox 51 1586 1576 1666">
    <p class='ocr_par' dir='ltr' id='par_1_23' title="bbox 51 1594 1576 1666">
     <span class='ocr_line' id='line_1_23' title="bbox 51 1594 1576 1666; baseline -0.001 -17"><span class='ocrx_word' id='word_1_168' title='bbox 51 1597 202 1658; x_wconf 83' lang='grc' dir='ltr'>λάκις</span> <span class='ocrx_word' id='word_1_169' title='bbox 231 1597 376 1648; x_wconf 71' lang='grc' dir='ltr'>ἐστὶν</span> <span class='ocrx_word' id='word_1_170' title='bbox 409 1598 581 1666; x_wconf 79' lang='grc' dir='ltr'>εὑρεῖν</span> <span class='ocrx_word' id='word_1_171' title='bbox 607 1596 675 1649; x_wconf 75' lang='grc' dir='ltr'>τὰ</span> <span class='ocrx_word' id='word_1_172' title='bbox 698 1596 773 1666; x_wconf 81' lang='grc' dir='ltr'>τῷ</span> <span class='ocrx_word' id='word_1_173' title='bbox 794 1596 962 1666; x_wconf 87' lang='grc' dir='ltr'>χρόνῳ</span> <span class='ocrx_word' id='word_1_174' title='bbox 990 1595 1340 1663; x_wconf 85' lang='grc' dir='ltr'>προλεχθέντα</span> <span class='ocrx_word' id='word_1_175' title='bbox 1366 1594 1576 1664; x_wconf 68' lang='grc' dir='ltr'>δεύτερα</span> 
     </span>
    </p>
   </div>
   <div class='ocr_carea' id='block_1_24' title="bbox 1674 1586 3208 1666">
    <p class='ocr_par' dir='ltr' id='par_1_24' title="bbox 1683 1586 3208 1659">
     <span class='ocr_line' id='line_1_24' title="bbox 1683 1586 3208 1659; baseline 0.003 -19"><span class='ocrx_word' id='word_1_176' title='bbox 1683 1589 1791 1642; x_wconf 84' lang='lat' dir='ltr'><strong>rire</strong></span> <span class='ocrx_word' id='word_1_177' title='bbox 1819 1595 1901 1642; x_wconf 91' lang='lat' dir='ltr'><strong>est</strong></span> <span class='ocrx_word' id='word_1_178' title='bbox 1929 1603 2009 1649; x_wconf 89' lang='lat' dir='ltr'><strong>ea,</strong></span> <span class='ocrx_word' id='word_1_179' title='bbox 2036 1601 2153 1655; x_wconf 67' lang='lat' dir='ltr'><strong>quae</strong></span> <span class='ocrx_word' id='word_1_180' title='bbox 2179 1587 2326 1654; x_wconf 90' lang='lat' dir='ltr'><strong>prius</strong></span> <span class='ocrx_word' id='word_1_181' title='bbox 2355 1586 2496 1638; x_wconf 86' lang='lat' dir='ltr'><strong>dicta</strong></span> <span class='ocrx_word' id='word_1_182' title='bbox 2529 1596 2670 1648; x_wconf 91' lang='lat' dir='ltr'><strong>sunt,</strong></span> <span class='ocrx_word' id='word_1_183' title='bbox 2703 1590 2936 1642; x_wconf 88' lang='lat' dir='ltr'><strong>secundo</strong></span> <span class='ocrx_word' id='word_1_184' title='bbox 2965 1591 3081 1644; x_wconf 93' lang='lat' dir='ltr'><strong>loco</strong></span> <span class='ocrx_word' id='word_1_185' title='bbox 3114 1605 3208 1659; x_wconf 79' lang='lat' dir='ltr'><strong>po-</strong></span> 
     </span>
    </p>
   </div>
   <div class='ocr_carea' id='block_1_25' title="bbox 53 1683 1580 1757">
    <p class='ocr_par' dir='ltr' id='par_1_25' title="bbox 53 1683 1580 1757">
     <span class='ocr_line' id='line_1_25' title="bbox 53 1683 1580 1757; baseline -0.003 -16"><span class='ocrx_word' id='word_1_186' title='bbox 53 1689 272 1756; x_wconf 85' lang='grc' dir='ltr'>κείμενα</span> <span class='ocrx_word' id='word_1_187' title='bbox 295 1690 359 1757; x_wconf 78' lang='grc' dir='ltr'>τῇ</span> <span class='ocrx_word' id='word_1_188' title='bbox 389 1687 554 1753; x_wconf 80' lang='grc' dir='ltr'>τάξει,</span> <span class='ocrx_word' id='word_1_189' title='bbox 582 1689 672 1741; x_wconf 74' lang='grc' dir='ltr'>καὶ</span> <span class='ocrx_word' id='word_1_190' title='bbox 698 1686 764 1740; x_wconf 84' lang='grc' dir='ltr'>τὰ</span> <span class='ocrx_word' id='word_1_191' title='bbox 789 1683 1218 1756; x_wconf 68' lang='grc' dir='ltr'>προφητευθέντα</span> <span class='ocrx_word' id='word_1_192' title='bbox 1239 1684 1436 1756; x_wconf 77' lang='grc' dir='ltr'>ὕστερα</span> <span class='ocrx_word' id='word_1_193' title='bbox 1454 1703 1580 1756; x_wconf 51' lang='grc' dir='ltr'>πρε-λ</span> 
     </span>
    </p>
   </div>
   <div class='ocr_carea' id='block_1_26' title="bbox 51 1772 1590 1848">
    <p class='ocr_par' dir='ltr' id='par_1_26' title="bbox 51 1772 1590 1848">
     <span class='ocr_line' id='line_1_26' title="bbox 51 1772 1590 1848; baseline -0.003 -20"><span class='ocrx_word' id='word_1_194' title='bbox 51 1776 352 1846; x_wconf 80' lang='grc' dir='ltr'>τεταγμένα</span> <span class='ocrx_word' id='word_1_195' title='bbox 369 1775 478 1848; x_wconf 82' lang='grc' dir='ltr'><strong>τῶν</strong></span> <span class='ocrx_word' id='word_1_196' title='bbox 511 1775 848 1847; x_wconf 82' lang='grc' dir='ltr'>προαγόντων</span> <span class='ocrx_word' id='word_1_197' title='bbox 873 1774 980 1835; x_wconf 78' lang='grc' dir='ltr'>τοῖς</span> <span class='ocrx_word' id='word_1_198' title='bbox 1012 1773 1233 1842; x_wconf 87' lang='grc' dir='ltr'>χρόνοις.</span> <span class='ocrx_word' id='word_1_199' title='bbox 1251 1773 1308 1825; x_wconf 85' lang='grc' dir='ltr'>Ὁ</span> <span class='ocrx_word' id='word_1_200' title='bbox 1339 1772 1465 1839; x_wconf 80' lang='grc' dir='ltr'>γοῦν</span> <span class='ocrx_word' id='word_1_201' title='bbox 1497 1772 1590 1824; x_wconf 88' lang='grc' dir='ltr'>Ἰε-</span> 
     </span>
    </p>
   </div>
   <div class='ocr_carea' id='block_1_27' title="bbox 1686 1678 3209 1749">
    <p class='ocr_par' dir='ltr' id='par_1_27' title="bbox 1686 1678 3209 1749">
     <span class='ocr_line' id='line_1_27' title="bbox 1686 1678 3209 1749; baseline 0.001 -17"><span class='ocrx_word' id='word_1_202' title='bbox 1686 1679 1808 1741; x_wconf 89' lang='lat' dir='ltr'><strong>sita,</strong></span> <span class='ocrx_word' id='word_1_203' title='bbox 1857 1684 1909 1730; x_wconf 89' lang='lat' dir='ltr'><strong>et</strong></span> <span class='ocrx_word' id='word_1_204' title='bbox 1959 1692 2075 1745; x_wconf 70' lang='lat' dir='ltr'><strong>qua:</strong></span> <span class='ocrx_word' id='word_1_205' title='bbox 2121 1685 2388 1745; x_wconf 82' lang='lat' dir='ltr'><strong>postremo</strong></span> <span class='ocrx_word' id='word_1_206' title='bbox 2433 1678 2781 1744; x_wconf 64' lang='lat' dir='ltr'><strong>praenuntiata</strong></span> <span class='ocrx_word' id='word_1_207' title='bbox 2827 1690 2968 1743; x_wconf 90' lang='lat' dir='ltr'><strong>sunt,</strong></span> <span class='ocrx_word' id='word_1_208' title='bbox 2999 1680 3062 1735; x_wconf 90' lang='lat' dir='ltr'><strong>iis</strong></span> <span class='ocrx_word' id='word_1_209' title='bbox 3092 1697 3209 1749; x_wconf 72' lang='lat' dir='ltr'><strong>quae</strong></span> 
     </span>
    </p>
   </div>
   <div class='ocr_carea' id='block_1_28' title="bbox 1687 1766 3278 1839">
    <p class='ocr_par' dir='ltr' id='par_1_28' title="bbox 1687 1766 3278 1839">
     <span class='ocr_line' id='line_1_28' title="bbox 1687 1766 3278 1839; baseline 0.001 -17"><span class='ocrx_word' id='word_1_210' title='bbox 1687 1776 2067 1839; x_wconf 62' lang='lat' dir='ltr'><strong>praeesserant</strong></span> <span class='ocrx_word' id='word_1_211' title='bbox 2091 1767 2384 1836; x_wconf 59' lang='lat' dir='ltr'><strong>pramissa.</strong></span> <span class='ocrx_word' id='word_1_212' title='bbox 2413 1766 2540 1819; x_wconf 83' lang='lat' dir='ltr'><strong>Nam</strong></span> <span class='ocrx_word' id='word_1_213' title='bbox 2572 1766 2828 1823; x_wconf 87' lang='lat' dir='ltr'><strong>Jeremias</strong></span> <span class='ocrx_word' id='word_1_214' title='bbox 2852 1771 3055 1824; x_wconf 87' lang='lat' dir='ltr'><strong>initium</strong></span> <span class='ocrx_word' id='word_1_215' title='bbox 3087 1787 3208 1839; x_wconf 72' lang='lat' dir='ltr'><strong>pro~</strong></span> <span class='ocrx_word' id='word_1_216' title='bbox 3274 1780 3278 1789; x_wconf 96' lang='lat'>&#39;</span> 
     </span>
    </p>
   </div>
   <div class='ocr_carea' id='block_1_29' title="bbox 53 1851 1576 1936">
    <p class='ocr_par' dir='ltr' id='par_1_29' title="bbox 53 1859 1576 1936">
     <span class='ocr_line' id='line_1_29' title="bbox 53 1859 1576 1936; baseline -0.005 -18"><span class='ocrx_word' id='word_1_217' title='bbox 53 1867 247 1936; x_wconf 81' lang='grc' dir='ltr'>ρεμίας</span> <span class='ocrx_word' id='word_1_218' title='bbox 279 1865 632 1936; x_wconf 74' lang='grc' dir='ltr'>προφητεύειν</span> <span class='ocrx_word' id='word_1_219' title='bbox 665 1864 759 1934; x_wconf 78' lang='grc' dir='ltr'>μὲν</span> <span class='ocrx_word' id='word_1_220' title='bbox 783 1863 1002 1932; x_wconf 79' lang='grc' dir='ltr'>ἄρχεται</span> <span class='ocrx_word' id='word_1_221' title='bbox 1049 1862 1139 1914; x_wconf 72' lang='grc' dir='ltr'><strong>ἐπὶ</strong></span> <span class='ocrx_word' id='word_1_222' title='bbox 1169 1863 1387 1924; x_wconf 78' lang='grc' dir='ltr'><strong>Ἰωσίου,</strong></span> <span class='ocrx_word' id='word_1_223' title='bbox 1415 1859 1576 1932; x_wconf 84' lang='grc' dir='ltr'>παρα-</span> 
     </span>
    </p>
   </div>
   <div class='ocr_carea' id='block_1_30' title="bbox 1674 1851 3206 1936">
    <p class='ocr_par' dir='ltr' id='par_1_30' title="bbox 1691 1855 3206 1928">
     <span class='ocr_line' id='line_1_30' title="bbox 1691 1855 3206 1928; baseline 0.001 -17"><span class='ocrx_word' id='word_1_224' title='bbox 1691 1859 1938 1928; x_wconf 88' lang='lat' dir='ltr'><strong>phetandi</strong></span> <span class='ocrx_word' id='word_1_225' title='bbox 1965 1859 2112 1911; x_wconf 88' lang='lat' dir='ltr'><strong>ducit</strong></span> <span class='ocrx_word' id='word_1_226' title='bbox 2141 1871 2172 1910; x_wconf 88' lang='lat' dir='ltr'><strong>a</strong></span> <span class='ocrx_word' id='word_1_227' title='bbox 2200 1867 2434 1926; x_wconf 89' lang='lat' dir='ltr'><strong>tempore</strong></span> <span class='ocrx_word' id='word_1_228' title='bbox 2459 1855 2647 1920; x_wconf 64' lang='lat' dir='ltr'><strong>Josim;</strong></span> <span class='ocrx_word' id='word_1_229' title='bbox 2675 1864 2727 1909; x_wconf 91' lang='lat' dir='ltr'><strong>ct</strong></span> <span class='ocrx_word' id='word_1_230' title='bbox 2757 1872 2924 1925; x_wconf 91' lang='lat' dir='ltr'><strong>usque</strong></span> <span class='ocrx_word' id='word_1_231' title='bbox 2949 1858 3016 1911; x_wconf 87' lang='lat' dir='ltr'><strong>ad</strong></span> <span class='ocrx_word' id='word_1_232' title='bbox 3046 1858 3206 1913; x_wconf 57' lang='lat' dir='ltr'><strong>Sede.</strong></span> 
     </span>
    </p>
   </div>
   <div class='ocr_carea' id='block_1_31' title="bbox 51 1950 1579 2024">
    <p class='ocr_par' dir='ltr' id='par_1_31' title="bbox 51 1950 1579 2024">
     <span class='ocr_line' id='line_1_31' title="bbox 51 1950 1579 2024; baseline -0.004 -18"><span class='ocrx_word' id='word_1_233' title='bbox 51 1955 206 2008; x_wconf 81' lang='grc' dir='ltr'>τείνει</span> <span class='ocrx_word' id='word_1_234' title='bbox 234 1955 291 2008; x_wconf 79' lang='grc' dir='ltr'>δὲ</span> <span class='ocrx_word' id='word_1_235' title='bbox 323 1955 477 2024; x_wconf 87' lang='grc' dir='ltr'>μέχρι</span> <span class='ocrx_word' id='word_1_236' title='bbox 506 1952 744 2005; x_wconf 87' lang='grc' dir='ltr'>Σεδεκίου</span> <span class='ocrx_word' id='word_1_237' title='bbox 774 1951 864 2004; x_wconf 75' lang='grc' dir='ltr'>καὶ</span> <span class='ocrx_word' id='word_1_238' title='bbox 890 1950 985 2019; x_wconf 88' lang='grc' dir='ltr'><strong>τῆς</strong></span> <span class='ocrx_word' id='word_1_239' title='bbox 1011 1950 1374 2018; x_wconf 71' lang='grc' dir='ltr'>αἰχμαλωσίας</span> <span class='ocrx_word' id='word_1_240' title='bbox 1392 1967 1405 1979; x_wconf 77' lang='grc' dir='ltr'><strong><em>ο</em></strong></span> <span class='ocrx_word' id='word_1_241' title='bbox 1431 1950 1579 2000; x_wconf 84' lang='grc' dir='ltr'>Σεδε-</span> 
     </span>
    </p>
   </div>
   <div class='ocr_carea' id='block_1_32' title="bbox 53 2040 1582 2116">
    <p class='ocr_par' dir='ltr' id='par_1_32' title="bbox 53 2040 1582 2116">
     <span class='ocr_line' id='line_1_32' title="bbox 53 2040 1582 2116; baseline -0.004 -19"><span class='ocrx_word' id='word_1_242' title='bbox 53 2046 171 2108; x_wconf 80' lang='grc' dir='ltr'>κίας</span> <span class='ocrx_word' id='word_1_243' title='bbox 204 2046 248 2098; x_wconf 87' lang='grc' dir='ltr'>δ’</span> <span class='ocrx_word' id='word_1_244' title='bbox 274 2041 340 2116; x_wconf 79' lang='grc' dir='ltr'>ἦν</span> <span class='ocrx_word' id='word_1_245' title='bbox 370 2045 617 2113; x_wconf 87' lang='grc' dir='ltr'>τέταρτος</span> <span class='ocrx_word' id='word_1_246' title='bbox 648 2042 751 2095; x_wconf 80' lang='grc' dir='ltr'><strong>ἀπὸ</strong></span> <span class='ocrx_word' id='word_1_247' title='bbox 785 2041 982 2095; x_wconf 81' lang='grc' dir='ltr'>Ἰωσίου</span> <span class='ocrx_word' id='word_1_248' title='bbox 1018 2040 1280 2110; x_wconf 86' lang='grc' dir='ltr'>βασιλεύς.</span> <span class='ocrx_word' id='word_1_249' title='bbox 1304 2041 1454 2093; x_wconf 83' lang='grc' dir='ltr'>Μετὰ</span> <span class='ocrx_word' id='word_1_250' title='bbox 1479 2043 1582 2110; x_wconf 84' lang='grc' dir='ltr'>γὰρ</span> 
     </span>
    </p>
   </div>
   <div class='ocr_carea' id='block_1_33' title="bbox 64 2128 1582 2202">
    <p class='ocr_par' dir='ltr' id='par_1_33' title="bbox 64 2128 1582 2202">
     <span class='ocr_line' id='line_1_33' title="bbox 64 2128 1582 2202; baseline -0.003 -15"><span class='ocrx_word' id='word_1_251' title='bbox 64 2135 268 2187; x_wconf 80' lang='grc' dir='ltr'>Ἰωσίαν</span> <span class='ocrx_word' id='word_1_252' title='bbox 296 2133 535 2202; x_wconf 79' lang='grc' dir='ltr'>δεύτερος</span> <span class='ocrx_word' id='word_1_253' title='bbox 567 2133 814 2202; x_wconf 74' lang='grc' dir='ltr'>Ἰωακεὶμ</span> <span class='ocrx_word' id='word_1_254' title='bbox 844 2131 953 2193; x_wconf 78' lang='grc' dir='ltr'>υίὸς</span> <span class='ocrx_word' id='word_1_255' title='bbox 983 2128 1142 2183; x_wconf 81' lang='grc' dir='ltr'>αὐτοῦ</span> <span class='ocrx_word' id='word_1_256' title='bbox 1169 2130 1456 2199; x_wconf 83' lang='grc' dir='ltr'>διαδέχεται</span> <span class='ocrx_word' id='word_1_257' title='bbox 1487 2131 1582 2199; x_wconf 80' lang='grc' dir='ltr'>τὴν</span> 
     </span>
    </p>
   </div>
   <div class='ocr_carea' id='block_1_34' title="bbox 52 2220 1581 2293">
    <p class='ocr_par' dir='ltr' id='par_1_34' title="bbox 52 2220 1581 2293">
     <span class='ocr_line' id='line_1_34' title="bbox 52 2220 1581 2293; baseline -0.002 -18"><span class='ocrx_word' id='word_1_258' title='bbox 52 2225 221 2292; x_wconf 78' lang='grc' dir='ltr'>ἀρχὴν</span> <span class='ocrx_word' id='word_1_259' title='bbox 242 2241 254 2253; x_wconf 93' lang='grc'>·</span> <span class='ocrx_word' id='word_1_260' title='bbox 296 2222 410 2293; x_wconf 88' lang='grc' dir='ltr'>μεθ’</span> <span class='ocrx_word' id='word_1_261' title='bbox 437 2223 494 2275; x_wconf 81' lang='grc' dir='ltr'>ὃν</span> <span class='ocrx_word' id='word_1_262' title='bbox 520 2221 694 2293; x_wconf 85' lang='grc' dir='ltr'>τρίτος</span> <span class='ocrx_word' id='word_1_263' title='bbox 727 2221 991 2290; x_wconf 82' lang='grc' dir='ltr'>Ἰεχωνίας</span> <span class='ocrx_word' id='word_1_264' title='bbox 1020 2222 1132 2284; x_wconf 77' lang='grc' dir='ltr'>υίὸς</span> <span class='ocrx_word' id='word_1_265' title='bbox 1159 2221 1403 2291; x_wconf 83' lang='grc' dir='ltr'>Ἰωακείμ</span> <span class='ocrx_word' id='word_1_266' title='bbox 1422 2238 1435 2252; x_wconf 79' lang='grc' dir='ltr'><strong>ο</strong></span> <span class='ocrx_word' id='word_1_267' title='bbox 1468 2220 1581 2290; x_wconf 86' lang='grc' dir='ltr'>μεθ’</span> 
     </span>
    </p>
   </div>
   <div class='ocr_carea' id='block_1_35' title="bbox 52 2312 1582 2385">
    <p class='ocr_par' dir='ltr' id='par_1_35' title="bbox 52 2312 1582 2385">
     <span class='ocr_line' id='line_1_35' title="bbox 52 2312 1582 2385; baseline -0.002 -18"><span class='ocrx_word' id='word_1_268' title='bbox 52 2316 106 2367; x_wconf 74' lang='grc' dir='ltr'><strong>δν</strong></span> <span class='ocrx_word' id='word_1_269' title='bbox 150 2316 403 2385; x_wconf 78' lang='grc' dir='ltr'>τέταρτος</span> <span class='ocrx_word' id='word_1_270' title='bbox 452 2314 701 2378; x_wconf 82' lang='grc' dir='ltr'>Σεδεκίας</span> <span class='ocrx_word' id='word_1_271' title='bbox 750 2315 969 2382; x_wconf 80' lang='grc' dir='ltr'>ἀδελφὸς</span> <span class='ocrx_word' id='word_1_272' title='bbox 1013 2313 1289 2382; x_wconf 82' lang='grc' dir='ltr'>Ἰωακείμ’</span> <span class='ocrx_word' id='word_1_273' title='bbox 1333 2313 1451 2365; x_wconf 81' lang='grc' dir='ltr'>καθ’</span> <span class='ocrx_word' id='word_1_274' title='bbox 1492 2312 1582 2373; x_wconf 82' lang='grc' dir='ltr'><strong>οὓς</strong></span> 
     </span>
    </p>
   </div>
   <div class='ocr_carea' id='block_1_36' title="bbox 55 2399 1582 2472">
    <p class='ocr_par' dir='ltr' id='par_1_36' title="bbox 55 2399 1582 2472">
     <span class='ocr_line' id='line_1_36' title="bbox 55 2399 1582 2472; baseline -0.001 -20"><span class='ocrx_word' id='word_1_275' title='bbox 55 2404 290 2464; x_wconf 81' lang='grc' dir='ltr'>ἅπαντας</span> <span class='ocrx_word' id='word_1_276' title='bbox 321 2402 411 2455; x_wconf 75' lang='grc' dir='ltr'>τοῦ</span> <span class='ocrx_word' id='word_1_277' title='bbox 443 2402 699 2472; x_wconf 80' lang='grc' dir='ltr'>Ἰερεμίου</span> <span class='ocrx_word' id='word_1_278' title='bbox 726 2401 1207 2471; x_wconf 74' lang='grc' dir='ltr'>προφητεύσαντος,</span> <span class='ocrx_word' id='word_1_279' title='bbox 1237 2402 1268 2469; x_wconf 83' lang='grc' dir='ltr'><strong>ή</strong></span> <span class='ocrx_word' id='word_1_280' title='bbox 1306 2399 1582 2467; x_wconf 86' lang='grc' dir='ltr'>ἐπώνυμος</span> 
     </span>
    </p>
   </div>
   <div class='ocr_carea' id='block_1_37' title="bbox 55 2486 1581 2562">
    <p class='ocr_par' dir='ltr' id='par_1_37' title="bbox 55 2486 1581 2562">
     <span class='ocr_line' id='line_1_37' title="bbox 55 2486 1581 2562; baseline -0.001 -21"><span class='ocrx_word' id='word_1_281' title='bbox 55 2491 214 2542; x_wconf 78' lang='grc' dir='ltr'>αὐτοῦ</span> <span class='ocrx_word' id='word_1_282' title='bbox 244 2493 425 2561; x_wconf 83' lang='grc' dir='ltr'>γραφὴ</span> <span class='ocrx_word' id='word_1_283' title='bbox 444 2491 662 2562; x_wconf 76' lang='grc' dir='ltr'>ἄρχεται</span> <span class='ocrx_word' id='word_1_284' title='bbox 689 2493 782 2561; x_wconf 85' lang='grc' dir='ltr'>μὲν</span> <span class='ocrx_word' id='word_1_285' title='bbox 804 2491 908 2544; x_wconf 77' lang='grc' dir='ltr'><strong>ἀπὸ</strong></span> <span class='ocrx_word' id='word_1_286' title='bbox 939 2487 1132 2542; x_wconf 85' lang='grc' dir='ltr'>Ἰωσίου</span> <span class='ocrx_word' id='word_1_287' title='bbox 1149 2508 1161 2520; x_wconf 83' lang='lat'><strong><em>°</em></strong></span> <span class='ocrx_word' id='word_1_288' title='bbox 1193 2486 1306 2542; x_wconf 69' lang='grc' dir='ltr'>εἶτα</span> <span class='ocrx_word' id='word_1_289' title='bbox 1327 2490 1581 2558; x_wconf 78' lang='grc' dir='ltr'>προῖοῦσα</span> 
     </span>
    </p>
   </div>
   <div class='ocr_carea' id='block_1_38' title="bbox 57 2572 1581 2648">
    <p class='ocr_par' dir='ltr' id='par_1_38' title="bbox 57 2572 1581 2648">
     <span class='ocr_line' id='line_1_38' title="bbox 57 2572 1581 2648; baseline -0.001 -19"><span class='ocrx_word' id='word_1_290' title='bbox 57 2579 324 2648; x_wconf 77' lang='grc' dir='ltr'>μέμνηται</span> <span class='ocrx_word' id='word_1_291' title='bbox 351 2579 601 2647; x_wconf 88' lang='grc' dir='ltr'>Ἰεχωνίου</span> <span class='ocrx_word' id='word_1_292' title='bbox 623 2580 714 2632; x_wconf 80' lang='grc' dir='ltr'>τοῦ</span> <span class='ocrx_word' id='word_1_293' title='bbox 729 2579 905 2648; x_wconf 82' lang='grc' dir='ltr'>τρίτου</span> <span class='ocrx_word' id='word_1_294' title='bbox 931 2580 1035 2631; x_wconf 80' lang='grc' dir='ltr'><strong>ἀπὸ</strong></span> <span class='ocrx_word' id='word_1_295' title='bbox 1069 2577 1289 2630; x_wconf 65' lang='grc' dir='ltr'>Ἰωσίοψ</span> <span class='ocrx_word' id='word_1_296' title='bbox 1315 2572 1428 2628; x_wconf 78' lang='grc' dir='ltr'>εἶτα</span> <span class='ocrx_word' id='word_1_297' title='bbox 1451 2593 1581 2646; x_wconf 86' lang='grc' dir='ltr'>προ-</span> 
     </span>
    </p>
   </div>
   <div class='ocr_carea' id='block_1_39' title="bbox 56 2663 1578 2737">
    <p class='ocr_par' dir='ltr' id='par_1_39' title="bbox 56 2663 1578 2737">
     <span class='ocr_line' id='line_1_39' title="bbox 56 2663 1578 2737; baseline -0.001 -19"><span class='ocrx_word' id='word_1_298' title='bbox 56 2666 270 2734; x_wconf 82' lang='grc' dir='ltr'>φητεύει</span> <span class='ocrx_word' id='word_1_299' title='bbox 297 2669 362 2720; x_wconf 81' lang='grc' dir='ltr'>τὰ</span> <span class='ocrx_word' id='word_1_300' title='bbox 388 2668 478 2719; x_wconf 73' lang='grc' dir='ltr'><strong>ἐπὶ</strong></span> <span class='ocrx_word' id='word_1_301' title='bbox 503 2669 762 2730; x_wconf 74' lang='grc' dir='ltr'>Σεδεκίου,</span> <span class='ocrx_word' id='word_1_302' title='bbox 793 2669 849 2730; x_wconf 79' lang='grc' dir='ltr'>ὃς</span> <span class='ocrx_word' id='word_1_303' title='bbox 877 2663 941 2737; x_wconf 80' lang='grc' dir='ltr'>ἦν</span> <span class='ocrx_word' id='word_1_304' title='bbox 960 2665 1208 2735; x_wconf 82' lang='grc' dir='ltr'>τέταρτος</span> <span class='ocrx_word' id='word_1_305' title='bbox 1226 2665 1329 2718; x_wconf 84' lang='grc' dir='ltr'><strong>ἀπὸ</strong></span> <span class='ocrx_word' id='word_1_306' title='bbox 1362 2665 1578 2717; x_wconf 81' lang='grc' dir='ltr'>Ίωσίου”</span> 
     </span>
    </p>
   </div>
   <div class='ocr_carea' id='block_1_40' title="bbox 55 2753 1581 2827">
    <p class='ocr_par' dir='ltr' id='par_1_40' title="bbox 55 2753 1581 2827">
     <span class='ocr_line' id='line_1_40' title="bbox 55 2753 1581 2827; baseline -0.001 -19"><span class='ocrx_word' id='word_1_307' title='bbox 55 2753 129 2818; x_wconf 83' lang='grc' dir='ltr'><strong>οίς</strong></span> <span class='ocrx_word' id='word_1_308' title='bbox 160 2757 287 2823; x_wconf 75' lang='grc' dir='ltr'>ἑξῆς</span> <span class='ocrx_word' id='word_1_309' title='bbox 317 2757 490 2827; x_wconf 88' lang='grc' dir='ltr'>τίθησι</span> <span class='ocrx_word' id='word_1_310' title='bbox 518 2758 586 2810; x_wconf 80' lang='grc' dir='ltr'>τὰ</span> <span class='ocrx_word' id='word_1_311' title='bbox 617 2761 672 2820; x_wconf 85' lang='grc' dir='ltr'>ὲν</span> <span class='ocrx_word' id='word_1_312' title='bbox 695 2757 769 2826; x_wconf 83' lang='grc' dir='ltr'>τῷ</span> <span class='ocrx_word' id='word_1_313' title='bbox 797 2757 1035 2826; x_wconf 83' lang='grc' dir='ltr'>τετάρτῳ</span> <span class='ocrx_word' id='word_1_314' title='bbox 1062 2757 1150 2808; x_wconf 64' lang='lat' dir='ltr'><strong>tut</strong></span> <span class='ocrx_word' id='word_1_315' title='bbox 1182 2757 1428 2824; x_wconf 76' lang='grc' dir='ltr'>Ἰωακεὶμ</span> <span class='ocrx_word' id='word_1_316' title='bbox 1452 2772 1581 2825; x_wconf 91' lang='grc' dir='ltr'>προ-</span> 
     </span>
    </p>
   </div>
   <div class='ocr_carea' id='block_1_41' title="bbox 56 2834 1581 2916">
    <p class='ocr_par' dir='ltr' id='par_1_41' title="bbox 56 2834 1581 2916">
     <span class='ocr_line' id='line_1_41' title="bbox 56 2834 1581 2916; baseline 0.007 -27"><span class='ocrx_word' id='word_1_317' title='bbox 56 2845 400 2914; x_wconf 77' lang='grc' dir='ltr'>φητευθέντα,</span> <span class='ocrx_word' id='word_1_318' title='bbox 434 2834 491 2909; x_wconf 76' lang='grc' dir='ltr'>ὃς</span> <span class='ocrx_word' id='word_1_319' title='bbox 521 2843 586 2916; x_wconf 79' lang='grc' dir='ltr'>ἦν</span> <span class='ocrx_word' id='word_1_320' title='bbox 613 2845 853 2916; x_wconf 81' lang='grc' dir='ltr'>δεύτερος</span> <span class='ocrx_word' id='word_1_321' title='bbox 899 2845 1031 2915; x_wconf 80' lang='grc' dir='ltr'>μετὰ</span> <span class='ocrx_word' id='word_1_322' title='bbox 1061 2846 1281 2898; x_wconf 87' lang='grc' dir='ltr'>Ἰωσίαν.</span> <span class='ocrx_word' id='word_1_323' title='bbox 1315 2843 1422 2897; x_wconf 79' lang='grc' dir='ltr'><strong>Εἶθ’</strong></span> <span class='ocrx_word' id='word_1_324' title='bbox 1459 2846 1581 2913; x_wconf 81' lang='grc' dir='ltr'>ἑξῆς</span> 
     </span>
    </p>
   </div>
   <div class='ocr_carea' id='block_1_42' title="bbox 59 2930 1581 3004">
    <p class='ocr_par' dir='ltr' id='par_1_42' title="bbox 59 2930 1581 3004">
     <span class='ocr_line' id='line_1_42' title="bbox 59 2930 1581 3004; baseline 0.004 -24"><span class='ocrx_word' id='word_1_325' title='bbox 59 2932 242 2998; x_wconf 77' lang='grc' dir='ltr'>ἐπάγει</span> <span class='ocrx_word' id='word_1_326' title='bbox 269 2933 335 2986; x_wconf 75' lang='grc' dir='ltr'><strong>τὰ</strong></span> <span class='ocrx_word' id='word_1_327' title='bbox 357 2935 413 2987; x_wconf 84' lang='lat' dir='ltr'><strong>tv</strong></span> <span class='ocrx_word' id='word_1_328' title='bbox 444 2937 581 3002; x_wconf 76' lang='grc' dir='ltr'>ἀρχῇ</span> <span class='ocrx_word' id='word_1_329' title='bbox 607 2934 699 2987; x_wconf 83' lang='grc' dir='ltr'>τοῦ</span> <span class='ocrx_word' id='word_1_330' title='bbox 731 2934 890 2987; x_wconf 80' lang='grc' dir='ltr'>αὐτοῦ</span> <span class='ocrx_word' id='word_1_331' title='bbox 926 2935 1198 3004; x_wconf 84' lang='grc' dir='ltr'>Ἰωακείμ·</span> <span class='ocrx_word' id='word_1_332' title='bbox 1230 2930 1344 2986; x_wconf 82' lang='grc' dir='ltr'>εἶτα</span> <span class='ocrx_word' id='word_1_333' title='bbox 1383 2933 1451 2986; x_wconf 83' lang='grc' dir='ltr'>τὰ</span> <span class='ocrx_word' id='word_1_334' title='bbox 1493 2935 1581 2986; x_wconf 76' lang='grc' dir='ltr'><strong>ἐπὶ</strong></span> 
     </span>
    </p>
   </div>
   <div class='ocr_carea' id='block_1_43' title="bbox 57 3021 1580 3097">
    <p class='ocr_par' dir='ltr' id='par_1_43' title="bbox 57 3021 1580 3097">
     <span class='ocr_line' id='line_1_43' title="bbox 57 3021 1580 3097; baseline 0.002 -22"><span class='ocrx_word' id='word_1_335' title='bbox 57 3024 318 3090; x_wconf 87' lang='grc' dir='ltr'>Σεδεκίου,</span> <span class='ocrx_word' id='word_1_336' title='bbox 348 3027 439 3080; x_wconf 71' lang='grc' dir='ltr'>καὶ</span> <span class='ocrx_word' id='word_1_337' title='bbox 464 3026 621 3079; x_wconf 84' lang='grc' dir='ltr'>πάλιν</span> <span class='ocrx_word' id='word_1_338' title='bbox 645 3027 711 3079; x_wconf 85' lang='grc' dir='ltr'>τὰ</span> <span class='ocrx_word' id='word_1_339' title='bbox 741 3029 829 3079; x_wconf 68' lang='grc' dir='ltr'><strong>ἐπὶ</strong></span> <span class='ocrx_word' id='word_1_340' title='bbox 861 3028 1123 3097; x_wconf 85' lang='grc' dir='ltr'>Ἰωακείμ.</span> <span class='ocrx_word' id='word_1_341' title='bbox 1156 3021 1282 3078; x_wconf 84' lang='grc' dir='ltr'>Εἶτα</span> <span class='ocrx_word' id='word_1_342' title='bbox 1318 3028 1580 3096; x_wconf 78' lang='grc' dir='ltr'>μέμνηται</span> 
     </span>
    </p>
   </div>
   <div class='ocr_carea' id='block_1_44' title="bbox 58 3111 1580 3183">
    <p class='ocr_par' dir='ltr' id='par_1_44' title="bbox 58 3111 1580 3183">
     <span class='ocr_line' id='line_1_44' title="bbox 58 3111 1580 3183; baseline 0 -19"><span class='ocrx_word' id='word_1_343' title='bbox 58 3111 149 3178; x_wconf 85' lang='grc' dir='ltr'><strong>τῆς</strong></span> <span class='ocrx_word' id='word_1_344' title='bbox 179 3113 546 3182; x_wconf 79' lang='grc' dir='ltr'>αἰχμαλωσίας</span> <span class='ocrx_word' id='word_1_345' title='bbox 576 3114 669 3183; x_wconf 84' lang='grc' dir='ltr'><strong>τῆς</strong></span> <span class='ocrx_word' id='word_1_346' title='bbox 697 3116 774 3176; x_wconf 84' lang='grc' dir='ltr'><strong>είς</strong></span> <span class='ocrx_word' id='word_1_347' title='bbox 797 3114 1100 3176; x_wconf 77' lang='grc' dir='ltr'>Βαὸυλῶνα,</span> <span class='ocrx_word' id='word_1_348' title='bbox 1122 3115 1213 3166; x_wconf 76' lang='grc' dir='ltr'>καὶ</span> <span class='ocrx_word' id='word_1_349' title='bbox 1233 3113 1306 3176; x_wconf 86' lang='grc' dir='ltr'>ὼς</span> <span class='ocrx_word' id='word_1_350' title='bbox 1336 3115 1466 3182; x_wconf 73' lang='grc' dir='ltr'>μετὰ</span> <span class='ocrx_word' id='word_1_351' title='bbox 1489 3115 1580 3164; x_wconf 86' lang='grc' dir='ltr'><strong>Σε-</strong></span> 
     </span>
    </p>
   </div>
   <div class='ocr_carea' id='block_1_45' title="bbox 1682 1945 3210 2016">
    <p class='ocr_par' dir='ltr' id='par_1_45' title="bbox 1682 1945 3210 2016">
     <span class='ocr_line' id='line_1_45' title="bbox 1682 1945 3210 2016; baseline -0.001 -13"><span class='ocrx_word' id='word_1_352' title='bbox 1682 1951 1817 2003; x_wconf 91' lang='lat' dir='ltr'><strong>ciam</strong></span> <span class='ocrx_word' id='word_1_353' title='bbox 1841 1957 1893 2001; x_wconf 90' lang='lat' dir='ltr'><strong>et</strong></span> <span class='ocrx_word' id='word_1_354' title='bbox 1921 1947 2277 2016; x_wconf 79' lang='lat' dir='ltr'><strong>captivitatem</strong></span> <span class='ocrx_word' id='word_1_355' title='bbox 2302 1947 2552 2015; x_wconf 74' lang='lat' dir='ltr'><strong>pertingit</strong></span> <span class='ocrx_word' id='word_1_356' title='bbox 2584 1965 2596 1998; x_wconf 91' lang='lat'>:</span> <span class='ocrx_word' id='word_1_357' title='bbox 2627 1945 2875 1999; x_wconf 85' lang='lat' dir='ltr'><strong>Sedecias</strong></span> <span class='ocrx_word' id='word_1_358' title='bbox 2901 1961 3026 2000; x_wconf 90' lang='lat' dir='ltr'><strong>vero</strong></span> <span class='ocrx_word' id='word_1_359' title='bbox 3047 1962 3210 2016; x_wconf 86' lang='lat' dir='ltr'><strong>quar-</strong></span> 
     </span>
    </p>
   </div>
   <div class='ocr_carea' id='block_1_46' title="bbox 1681 2036 3208 2095">
    <p class='ocr_par' dir='ltr' id='par_1_46' title="bbox 1681 2036 3208 2095">
     <span class='ocr_line' id='line_1_46' title="bbox 1681 2036 3208 2095; baseline 0.001 -2"><span class='ocrx_word' id='word_1_360' title='bbox 1681 2049 1766 2093; x_wconf 90' lang='lat' dir='ltr'><strong>tus</strong></span> <span class='ocrx_word' id='word_1_361' title='bbox 1795 2046 1909 2092; x_wconf 85' lang='lat' dir='ltr'><strong>erat</strong></span> <span class='ocrx_word' id='word_1_362' title='bbox 1947 2053 1978 2091; x_wconf 84' lang='lat' dir='ltr'><strong>a</strong></span> <span class='ocrx_word' id='word_1_363' title='bbox 2023 2036 2165 2092; x_wconf 80' lang='lat' dir='ltr'><strong>Josia</strong></span> <span class='ocrx_word' id='word_1_364' title='bbox 2200 2052 2311 2091; x_wconf 85' lang='lat' dir='ltr'><strong>rex.</strong></span> <span class='ocrx_word' id='word_1_365' title='bbox 2344 2036 2471 2090; x_wconf 87' lang='lat' dir='ltr'><strong>Post</strong></span> <span class='ocrx_word' id='word_1_366' title='bbox 2511 2036 2708 2090; x_wconf 87' lang='lat' dir='ltr'><strong>Josiam</strong></span> <span class='ocrx_word' id='word_1_367' title='bbox 2751 2038 2893 2092; x_wconf 86' lang='lat' dir='ltr'><strong>enim</strong></span> <span class='ocrx_word' id='word_1_368' title='bbox 2940 2039 3208 2095; x_wconf 87' lang='lat' dir='ltr'><strong>secundus</strong></span> 
     </span>
    </p>
   </div>
   <div class='ocr_carea' id='block_1_47' title="bbox 1679 2125 3207 2196">
    <p class='ocr_par' dir='ltr' id='par_1_47' title="bbox 1679 2125 3207 2196">
     <span class='ocr_line' id='line_1_47' title="bbox 1679 2125 3207 2196; baseline 0.001 -15"><span class='ocrx_word' id='word_1_369' title='bbox 1679 2143 1899 2196; x_wconf 80' lang='lat' dir='ltr'><strong>regnum</strong></span> <span class='ocrx_word' id='word_1_370' title='bbox 1927 2127 2123 2195; x_wconf 81' lang='lat' dir='ltr'><strong>excipit</strong></span> <span class='ocrx_word' id='word_1_371' title='bbox 2147 2125 2386 2180; x_wconf 84' lang='lat' dir='ltr'><strong>Joachim</strong></span> <span class='ocrx_word' id='word_1_372' title='bbox 2418 2127 2557 2182; x_wconf 85' lang='lat' dir='ltr'><strong>filius</strong></span> <span class='ocrx_word' id='word_1_373' title='bbox 2581 2127 2718 2194; x_wconf 86' lang='lat' dir='ltr'><strong>ejus,</strong></span> <span class='ocrx_word' id='word_1_374' title='bbox 2749 2129 2848 2180; x_wconf 87' lang='lat' dir='ltr'><strong>sub</strong></span> <span class='ocrx_word' id='word_1_375' title='bbox 2880 2129 2991 2181; x_wconf 68' lang='lat' dir='ltr'><strong>haec</strong></span> <span class='ocrx_word' id='word_1_376' title='bbox 3019 2129 3207 2183; x_wconf 88' lang='lat' dir='ltr'><strong>tertius</strong></span> 
     </span>
    </p>
   </div>
   <div class='ocr_carea' id='block_1_48' title="bbox 1675 2213 3207 2286">
    <p class='ocr_par' dir='ltr' id='par_1_48' title="bbox 1675 2213 3207 2286">
     <span class='ocr_line' id='line_1_48' title="bbox 1675 2213 3207 2286; baseline 0.001 -16"><span class='ocrx_word' id='word_1_377' title='bbox 1675 2217 1960 2271; x_wconf 77' lang='lat' dir='ltr'><strong>Jechonias</strong></span> <span class='ocrx_word' id='word_1_378' title='bbox 1984 2216 2123 2269; x_wconf 79' lang='lat' dir='ltr'><strong>illius</strong></span> <span class='ocrx_word' id='word_1_379' title='bbox 2148 2213 2409 2276; x_wconf 76' lang='lat' dir='ltr'><strong>Joachim,</strong></span> <span class='ocrx_word' id='word_1_380' title='bbox 2439 2225 2492 2270; x_wconf 90' lang='lat' dir='ltr'><strong>et</strong></span> <span class='ocrx_word' id='word_1_381' title='bbox 2522 2225 2638 2284; x_wconf 86' lang='lat' dir='ltr'><strong>post</strong></span> <span class='ocrx_word' id='word_1_382' title='bbox 2661 2233 2778 2270; x_wconf 91' lang='lat' dir='ltr'><strong>eum</strong></span> <span class='ocrx_word' id='word_1_383' title='bbox 2804 2225 3024 2286; x_wconf 87' lang='lat' dir='ltr'><strong>quartus</strong></span> <span class='ocrx_word' id='word_1_384' title='bbox 3045 2216 3207 2272; x_wconf 83' lang='lat' dir='ltr'><strong>Sede-</strong></span> 
     </span>
    </p>
   </div>
   <div class='ocr_carea' id='block_1_49' title="bbox 1679 2303 3207 2362">
    <p class='ocr_par' dir='ltr' id='par_1_49' title="bbox 1679 2303 3207 2362">
     <span class='ocr_line' id='line_1_49' title="bbox 1679 2303 3207 2362; baseline -0.001 -1"><span class='ocrx_word' id='word_1_385' title='bbox 1679 2307 1787 2361; x_wconf 89' lang='lat' dir='ltr'><strong>cias</strong></span> <span class='ocrx_word' id='word_1_386' title='bbox 1820 2306 1981 2358; x_wconf 83' lang='lat' dir='ltr'><strong>frater</strong></span> <span class='ocrx_word' id='word_1_387' title='bbox 2007 2303 2246 2359; x_wconf 82' lang='lat' dir='ltr'><strong>Joachim</strong></span> <span class='ocrx_word' id='word_1_388' title='bbox 2278 2324 2288 2358; x_wconf 92' lang='lat'><strong>:</strong></span> <span class='ocrx_word' id='word_1_389' title='bbox 2325 2320 2386 2358; x_wconf 91' lang='lat' dir='ltr'><strong>ac</strong></span> <span class='ocrx_word' id='word_1_390' title='bbox 2417 2321 2536 2357; x_wconf 90' lang='lat' dir='ltr'><strong>cum</strong></span> <span class='ocrx_word' id='word_1_391' title='bbox 2563 2304 2819 2360; x_wconf 83' lang='lat' dir='ltr'><strong>Jereniias</strong></span> <span class='ocrx_word' id='word_1_392' title='bbox 2849 2307 2932 2362; x_wconf 90' lang='lat' dir='ltr'><strong>his</strong></span> <span class='ocrx_word' id='word_1_393' title='bbox 2959 2308 3207 2360; x_wconf 86' lang='lat' dir='ltr'><strong>omnibus</strong></span> 
     </span>
    </p>
   </div>
   <div class='ocr_carea' id='block_1_50' title="bbox 1678 2395 3206 2466">
    <p class='ocr_par' dir='ltr' id='par_1_50' title="bbox 1678 2395 3206 2466">
     <span class='ocr_line' id='line_1_50' title="bbox 1678 2395 3206 2466; baseline 0.002 -18"><span class='ocrx_word' id='word_1_394' title='bbox 1678 2397 2023 2464; x_wconf 87' lang='lat' dir='ltr'><strong>regnantibus</strong></span> <span class='ocrx_word' id='word_1_395' title='bbox 2058 2397 2474 2466; x_wconf 85' lang='lat' dir='ltr'><strong>prophetaverit,</strong></span> <span class='ocrx_word' id='word_1_396' title='bbox 2519 2397 2633 2463; x_wconf 83' lang='lat' dir='ltr'><strong>ejus</strong></span> <span class='ocrx_word' id='word_1_397' title='bbox 2679 2396 2954 2465; x_wconf 88' lang='lat' dir='ltr'><strong>Scriptura</strong></span> <span class='ocrx_word' id='word_1_398' title='bbox 2984 2413 3012 2450; x_wconf 88' lang='lat' dir='ltr'><strong>a</strong></span> <span class='ocrx_word' id='word_1_399' title='bbox 3057 2395 3206 2451; x_wconf 81' lang='lat' dir='ltr'><strong>Josia</strong></span> 
     </span>
    </p>
   </div>
   <div class='ocr_carea' id='block_1_51' title="bbox 1677 2484 3201 2552">
    <p class='ocr_par' dir='ltr' id='par_1_51' title="bbox 1677 2484 3201 2552">
     <span class='ocr_line' id='line_1_51' title="bbox 1677 2484 3201 2552; baseline -0.001 -14"><span class='ocrx_word' id='word_1_400' title='bbox 1677 2486 1807 2549; x_wconf 88' lang='lat' dir='ltr'><strong>init;</strong></span> <span class='ocrx_word' id='word_1_401' title='bbox 1840 2486 1940 2539; x_wconf 89' lang='lat' dir='ltr'><strong>sub</strong></span> <span class='ocrx_word' id='word_1_402' title='bbox 1980 2487 2090 2540; x_wconf 75' lang='lat' dir='ltr'><strong>haec</strong></span> <span class='ocrx_word' id='word_1_403' title='bbox 2137 2486 2422 2546; x_wconf 71' lang='lat' dir='ltr'><strong>Jechonize,</strong></span> <span class='ocrx_word' id='word_1_404' title='bbox 2454 2485 2542 2552; x_wconf 89' lang='lat' dir='ltr'><strong>qui</strong></span> <span class='ocrx_word' id='word_1_405' title='bbox 2585 2485 2776 2538; x_wconf 89' lang='lat' dir='ltr'><strong>tertius</strong></span> <span class='ocrx_word' id='word_1_406' title='bbox 2823 2500 2850 2536; x_wconf 89' lang='lat' dir='ltr'><strong>a</strong></span> <span class='ocrx_word' id='word_1_407' title='bbox 2891 2484 3037 2539; x_wconf 87' lang='lat' dir='ltr'><strong>Josia</strong></span> <span class='ocrx_word' id='word_1_408' title='bbox 3070 2493 3201 2548; x_wconf 87' lang='lat' dir='ltr'><strong>erat,</strong></span> 
     </span>
    </p>
   </div>
   <div class='ocr_carea' id='block_1_52' title="bbox 1679 2574 3204 2646">
    <p class='ocr_par' dir='ltr' id='par_1_52' title="bbox 1679 2574 3204 2646">
     <span class='ocr_line' id='line_1_52' title="bbox 1679 2574 3204 2646; baseline 0.003 -19"><span class='ocrx_word' id='word_1_409' title='bbox 1679 2577 1918 2628; x_wconf 84' lang='lat' dir='ltr'><strong>meminit</strong></span> <span class='ocrx_word' id='word_1_410' title='bbox 1942 2595 1957 2642; x_wconf 90' lang='lat'><strong>;</strong></span> <span class='ocrx_word' id='word_1_411' title='bbox 1983 2588 2094 2629; x_wconf 90' lang='lat' dir='ltr'><strong>tum</strong></span> <span class='ocrx_word' id='word_1_412' title='bbox 2121 2593 2180 2630; x_wconf 91' lang='lat' dir='ltr'><strong>ea</strong></span> <span class='ocrx_word' id='word_1_413' title='bbox 2211 2593 2331 2646; x_wconf 71' lang='lat' dir='ltr'><strong>qua:</strong></span> <span class='ocrx_word' id='word_1_414' title='bbox 2368 2576 2468 2630; x_wconf 88' lang='lat' dir='ltr'><strong>sub</strong></span> <span class='ocrx_word' id='word_1_415' title='bbox 2503 2574 2721 2629; x_wconf 89' lang='lat' dir='ltr'><strong>Sedecia</strong></span> <span class='ocrx_word' id='word_1_416' title='bbox 2748 2575 3086 2637; x_wconf 79' lang='lat' dir='ltr'><strong>vaticinatur,</strong></span> <span class='ocrx_word' id='word_1_417' title='bbox 3111 2578 3204 2645; x_wconf 89' lang='lat' dir='ltr'><strong>qui</strong></span> 
     </span>
    </p>
   </div>
   <div class='ocr_carea' id='block_1_53' title="bbox 1679 2666 3206 2736">
    <p class='ocr_par' dir='ltr' id='par_1_53' title="bbox 1679 2666 3206 2736">
     <span class='ocr_line' id='line_1_53' title="bbox 1679 2666 3206 2736; baseline 0.002 -18"><span class='ocrx_word' id='word_1_418' title='bbox 1679 2673 1900 2734; x_wconf 87' lang='lat' dir='ltr'><strong>quartus</strong></span> <span class='ocrx_word' id='word_1_419' title='bbox 1924 2674 2038 2719; x_wconf 90' lang='lat' dir='ltr'><strong>erat</strong></span> <span class='ocrx_word' id='word_1_420' title='bbox 2066 2681 2094 2718; x_wconf 89' lang='lat' dir='ltr'><strong>a</strong></span> <span class='ocrx_word' id='word_1_421' title='bbox 2123 2666 2268 2720; x_wconf 77' lang='lat' dir='ltr'><strong>Josia</strong></span> <span class='ocrx_word' id='word_1_422' title='bbox 2306 2687 2319 2721; x_wconf 87' lang='lat'><strong>:</strong></span> <span class='ocrx_word' id='word_1_423' title='bbox 2357 2668 2438 2720; x_wconf 89' lang='lat' dir='ltr'><strong>his</strong></span> <span class='ocrx_word' id='word_1_424' title='bbox 2467 2675 2656 2736; x_wconf 89' lang='lat' dir='ltr'><strong>quarto</strong></span> <span class='ocrx_word' id='word_1_425' title='bbox 2686 2668 2802 2720; x_wconf 91' lang='lat' dir='ltr'><strong>loco</strong></span> <span class='ocrx_word' id='word_1_426' title='bbox 2844 2667 3115 2736; x_wconf 87' lang='lat' dir='ltr'><strong>subjungit</strong></span> <span class='ocrx_word' id='word_1_427' title='bbox 3139 2683 3206 2721; x_wconf 86' lang='lat' dir='ltr'><strong>ea</strong></span> 
     </span>
    </p>
   </div>
   <div class='ocr_carea' id='block_1_54' title="bbox 1677 2755 3202 2825">
    <p class='ocr_par' dir='ltr' id='par_1_54' title="bbox 1677 2755 3202 2825">
     <span class='ocr_line' id='line_1_54' title="bbox 1677 2755 3202 2825; baseline 0.003 -19"><span class='ocrx_word' id='word_1_428' title='bbox 1677 2771 1793 2824; x_wconf 71' lang='lat' dir='ltr'><strong>qua:</strong></span> <span class='ocrx_word' id='word_1_429' title='bbox 1820 2755 2173 2822; x_wconf 83' lang='lat' dir='ltr'><strong>praenuntiata</strong></span> <span class='ocrx_word' id='word_1_430' title='bbox 2222 2763 2344 2808; x_wconf 89' lang='lat' dir='ltr'><strong>sunt</strong></span> <span class='ocrx_word' id='word_1_431' title='bbox 2384 2757 2483 2809; x_wconf 87' lang='lat' dir='ltr'><strong>sub</strong></span> <span class='ocrx_word' id='word_1_432' title='bbox 2510 2756 2770 2819; x_wconf 82' lang='lat' dir='ltr'><strong>Joachim,</strong></span> <span class='ocrx_word' id='word_1_433' title='bbox 2803 2758 2892 2825; x_wconf 91' lang='lat' dir='ltr'><strong>qui</strong></span> <span class='ocrx_word' id='word_1_434' title='bbox 2935 2758 3202 2810; x_wconf 80' lang='lat' dir='ltr'><strong>secundus</strong></span> 
     </span>
    </p>
   </div>
   <div class='ocr_carea' id='block_1_55' title="bbox 1679 2842 3200 2914">
    <p class='ocr_par' dir='ltr' id='par_1_55' title="bbox 1679 2842 3200 2914">
     <span class='ocr_line' id='line_1_55' title="bbox 1679 2842 3200 2914; baseline 0.002 -17"><span class='ocrx_word' id='word_1_435' title='bbox 1679 2852 1798 2913; x_wconf 88' lang='lat' dir='ltr'><strong>post</strong></span> <span class='ocrx_word' id='word_1_436' title='bbox 1829 2842 2025 2896; x_wconf 86' lang='lat' dir='ltr'><strong>Josiam</strong></span> <span class='ocrx_word' id='word_1_437' title='bbox 2057 2853 2188 2896; x_wconf 88' lang='lat' dir='ltr'><strong>erat.</strong></span> <span class='ocrx_word' id='word_1_438' title='bbox 2222 2844 2417 2912; x_wconf 85' lang='lat' dir='ltr'><strong>Adjicit</strong></span> <span class='ocrx_word' id='word_1_439' title='bbox 2467 2852 2648 2912; x_wconf 89' lang='lat' dir='ltr'><strong>postea</strong></span> <span class='ocrx_word' id='word_1_440' title='bbox 2701 2861 2819 2914; x_wconf 77' lang='lat' dir='ltr'><strong>qua:</strong></span> <span class='ocrx_word' id='word_1_441' title='bbox 2850 2845 2901 2897; x_wconf 88' lang='lat' dir='ltr'><strong>in</strong></span> <span class='ocrx_word' id='word_1_442' title='bbox 2940 2847 3200 2913; x_wconf 64' lang='lat' dir='ltr'><strong>principio</strong></span> 
     </span>
    </p>
   </div>
   <div class='ocr_carea' id='block_1_56' title="bbox 1679 2931 3197 3002">
    <p class='ocr_par' dir='ltr' id='par_1_56' title="bbox 1679 2931 3197 3002">
     <span class='ocr_line' id='line_1_56' title="bbox 1679 2931 3197 3002; baseline -0.001 -17"><span class='ocrx_word' id='word_1_443' title='bbox 1679 2933 1849 3002; x_wconf 82' lang='lat' dir='ltr'><strong>ipsius</strong></span> <span class='ocrx_word' id='word_1_444' title='bbox 1882 2931 2118 2986; x_wconf 85' lang='lat' dir='ltr'><strong>Joacbim</strong></span> <span class='ocrx_word' id='word_1_445' title='bbox 2147 2931 2286 2986; x_wconf 89' lang='lat' dir='ltr'><strong>dicta</strong></span> <span class='ocrx_word' id='word_1_446' title='bbox 2314 2941 2438 2985; x_wconf 89' lang='lat' dir='ltr'><strong>sunt</strong></span> <span class='ocrx_word' id='word_1_447' title='bbox 2464 2951 2478 2998; x_wconf 92' lang='lat'><strong>;</strong></span> <span class='ocrx_word' id='word_1_448' title='bbox 2517 2934 2639 2986; x_wconf 90' lang='lat' dir='ltr'><strong>hinc</strong></span> <span class='ocrx_word' id='word_1_449' title='bbox 2667 2949 2784 3001; x_wconf 65' lang='lat' dir='ltr'><strong>quae</strong></span> <span class='ocrx_word' id='word_1_450' title='bbox 2814 2933 2914 2986; x_wconf 91' lang='lat' dir='ltr'><strong>sub</strong></span> <span class='ocrx_word' id='word_1_451' title='bbox 2946 2931 3197 2999; x_wconf 88' lang='lat' dir='ltr'><strong>Sedccia;</strong></span> 
     </span>
    </p>
   </div>
   <div class='ocr_carea' id='block_1_57' title="bbox 1679 3021 3196 3092">
    <p class='ocr_par' dir='ltr' id='par_1_57' title="bbox 1679 3021 3196 3092">
     <span class='ocr_line' id='line_1_57' title="bbox 1679 3021 3196 3092; baseline -0.001 -17"><span class='ocrx_word' id='word_1_452' title='bbox 1679 3038 1888 3076; x_wconf 83' lang='lat' dir='ltr'><strong>rursum</strong></span> <span class='ocrx_word' id='word_1_453' title='bbox 1920 3038 1981 3076; x_wconf 89' lang='lat' dir='ltr'><strong>ea</strong></span> <span class='ocrx_word' id='word_1_454' title='bbox 2006 3037 2122 3092; x_wconf 66' lang='lat' dir='ltr'><strong>quae</strong></span> <span class='ocrx_word' id='word_1_455' title='bbox 2149 3023 2248 3076; x_wconf 81' lang='lat' dir='ltr'><strong>sub</strong></span> <span class='ocrx_word' id='word_1_456' title='bbox 2287 3021 2546 3078; x_wconf 87' lang='lat' dir='ltr'><strong>Joachim.</strong></span> <span class='ocrx_word' id='word_1_457' title='bbox 2593 3022 2789 3076; x_wconf 85' lang='lat' dir='ltr'><strong>Deinde</strong></span> <span class='ocrx_word' id='word_1_458' title='bbox 2837 3022 3196 3091; x_wconf 81' lang='lat' dir='ltr'><strong>captivitatem</strong></span> 
     </span>
    </p>
   </div>
   <div class='ocr_carea' id='block_1_58' title="bbox 1678 3112 3198 3183">
    <p class='ocr_par' dir='ltr' id='par_1_58' title="bbox 1678 3112 3198 3183">
     <span class='ocr_line' id='line_1_58' title="bbox 1678 3112 3198 3183; baseline 0 -17"><span class='ocrx_word' id='word_1_459' title='bbox 1678 3113 1732 3166; x_wconf 92' lang='lat' dir='ltr'><strong>in</strong></span> <span class='ocrx_word' id='word_1_460' title='bbox 1763 3112 2080 3182; x_wconf 88' lang='lat' dir='ltr'><strong>Babylonem</strong></span> <span class='ocrx_word' id='word_1_461' title='bbox 2116 3114 2374 3175; x_wconf 90' lang='lat' dir='ltr'><strong>meminit,</strong></span> <span class='ocrx_word' id='word_1_462' title='bbox 2402 3123 2453 3167; x_wconf 91' lang='lat' dir='ltr'><strong>et</strong></span> <span class='ocrx_word' id='word_1_463' title='bbox 2479 3114 2744 3182; x_wconf 89' lang='lat' dir='ltr'><strong>quomodo</strong></span> <span class='ocrx_word' id='word_1_464' title='bbox 2775 3124 2892 3183; x_wconf 90' lang='lat' dir='ltr'><strong>post</strong></span> <span class='ocrx_word' id='word_1_465' title='bbox 2925 3114 3198 3167; x_wconf 77' lang='lat' dir='ltr'><strong>Sedeciain</strong></span> 
     </span>
    </p>
   </div>
   <div class='ocr_carea' id='block_1_59' title="bbox 57 3198 1576 3273">
    <p class='ocr_par' dir='ltr' id='par_1_59' title="bbox 57 3198 1576 3271">
     <span class='ocr_line' id='line_1_59' title="bbox 57 3198 1576 3271; baseline 0.004 -23"><span class='ocrx_word' id='word_1_466' title='bbox 57 3198 229 3252; x_wconf 83' lang='grc' dir='ltr'>δεκίαν</span> <span class='ocrx_word' id='word_1_467' title='bbox 257 3202 487 3270; x_wconf 82' lang='grc' dir='ltr'>κατέστη</span> <span class='ocrx_word' id='word_1_468' title='bbox 517 3203 808 3271; x_wconf 77' lang='grc' dir='ltr'>ἡγούμενος</span> <span class='ocrx_word' id='word_1_469' title='bbox 838 3200 943 3256; x_wconf 85' lang='grc' dir='ltr'><strong>τῶν</strong></span> <span class='ocrx_word' id='word_1_470' title='bbox 974 3201 1396 3269; x_wconf 77' lang='grc' dir='ltr'>ἀπολειφθέντων</span> <span class='ocrx_word' id='word_1_471' title='bbox 1433 3203 1576 3254; x_wconf 85' lang='grc' dir='ltr'>Γοδο-</span> 
     </span>
    </p>
   </div>
   <div class='ocr_carea' id='block_1_60' title="bbox 1674 3198 3199 3273">
    <p class='ocr_par' dir='ltr' id='par_1_60' title="bbox 1682 3201 3199 3273">
     <span class='ocr_line' id='line_1_60' title="bbox 1682 3201 3199 3273; baseline 0.003 -19"><span class='ocrx_word' id='word_1_472' title='bbox 1682 3201 1878 3256; x_wconf 91' lang='lat' dir='ltr'><strong>residui</strong></span> <span class='ocrx_word' id='word_1_473' title='bbox 1909 3202 2090 3269; x_wconf 80' lang='lat' dir='ltr'><strong>papuli</strong></span> <span class='ocrx_word' id='word_1_474' title='bbox 2127 3202 2234 3256; x_wconf 77' lang='lat' dir='ltr'><strong>dux</strong></span> <span class='ocrx_word' id='word_1_475' title='bbox 2266 3202 2515 3258; x_wconf 88' lang='lat' dir='ltr'><strong>Godolias</strong></span> <span class='ocrx_word' id='word_1_476' title='bbox 2548 3206 2868 3258; x_wconf 90' lang='lat' dir='ltr'><strong>constitutus</strong></span> <span class='ocrx_word' id='word_1_477' title='bbox 2899 3205 2986 3266; x_wconf 88' lang='lat' dir='ltr'><strong>sit,</strong></span> <span class='ocrx_word' id='word_1_478' title='bbox 3016 3213 3066 3258; x_wconf 90' lang='lat' dir='ltr'><strong>et</strong></span> <span class='ocrx_word' id='word_1_479' title='bbox 3091 3220 3199 3273; x_wconf 91' lang='lat' dir='ltr'><strong>quo</strong></span> 
     </span>
    </p>
   </div>
   <div class='ocr_carea' id='block_1_61' title="bbox 58 3288 1579 3362">
    <p class='ocr_par' dir='ltr' id='par_1_61' title="bbox 58 3288 1579 3362">
     <span class='ocr_line' id='line_1_61' title="bbox 58 3288 1579 3362; baseline 0.002 -23"><span class='ocrx_word' id='word_1_480' title='bbox 58 3288 186 3352; x_wconf 84' lang='grc' dir='ltr'>λίας,</span> <span class='ocrx_word' id='word_1_481' title='bbox 218 3292 312 3343; x_wconf 74' lang='grc' dir='ltr'>καὶ</span> <span class='ocrx_word' id='word_1_482' title='bbox 353 3291 426 3354; x_wconf 81' lang='grc' dir='ltr'><strong>ὡς</strong></span> <span class='ocrx_word' id='word_1_483' title='bbox 458 3291 670 3360; x_wconf 80' lang='grc' dir='ltr'>Ἰσμαὴλ</span> <span class='ocrx_word' id='word_1_484' title='bbox 713 3291 917 3362; x_wconf 82' lang='grc' dir='ltr'>ἀναιρεῖ</span> <span class='ocrx_word' id='word_1_485' title='bbox 959 3293 1046 3344; x_wconf 79' lang='grc' dir='ltr'>τὸν</span> <span class='ocrx_word' id='word_1_486' title='bbox 1092 3292 1351 3355; x_wconf 79' lang='grc' dir='ltr'>Γοδολίαν,</span> <span class='ocrx_word' id='word_1_487' title='bbox 1385 3291 1497 3361; x_wconf 87' lang='grc' dir='ltr'>μεθ’</span> <span class='ocrx_word' id='word_1_488' title='bbox 1524 3291 1579 3342; x_wconf 84' lang='grc' dir='ltr'>ὃν</span> 
     </span>
    </p>
   </div>
   <div class='ocr_carea' id='block_1_62' title="bbox 70 3377 1580 3449">
    <p class='ocr_par' dir='ltr' id='par_1_62' title="bbox 70 3377 1580 3449">
     <span class='ocr_line' id='line_1_62' title="bbox 70 3377 1580 3449; baseline 0.002 -21"><span class='ocrx_word' id='word_1_489' title='bbox 70 3377 279 3431; x_wconf 79' lang='grc' dir='ltr'>Ἰωανᾶν</span> <span class='ocrx_word' id='word_1_490' title='bbox 309 3381 419 3442; x_wconf 78' lang='grc' dir='ltr'>υίὸς</span> <span class='ocrx_word' id='word_1_491' title='bbox 448 3379 615 3449; x_wconf 76' lang='grc' dir='ltr'>Καριὲ</span> <span class='ocrx_word' id='word_1_492' title='bbox 637 3382 863 3445; x_wconf 77' lang='grc' dir='ltr'>ἡγεῖται.</span> <span class='ocrx_word' id='word_1_493' title='bbox 895 3381 998 3432; x_wconf 75' lang='grc' dir='ltr'><strong>Καὶ</strong></span> <span class='ocrx_word' id='word_1_494' title='bbox 1029 3381 1163 3449; x_wconf 76' lang='grc' dir='ltr'>μετὰ</span> <span class='ocrx_word' id='word_1_495' title='bbox 1182 3380 1394 3442; x_wconf 88' lang='grc' dir='ltr'>τούτους</span> <span class='ocrx_word' id='word_1_496' title='bbox 1415 3379 1580 3431; x_wconf 75' lang='grc' dir='ltr'>ᾶπαν-</span> 
     </span>
    </p>
   </div>
   <div class='ocr_carea' id='block_1_63' title="bbox 56 3464 1580 3540">
    <p class='ocr_par' dir='ltr' id='par_1_63' title="bbox 56 3464 1580 3540">
     <span class='ocr_line' id='line_1_63' title="bbox 56 3464 1580 3540; baseline 0.001 -21"><span class='ocrx_word' id='word_1_497' title='bbox 56 3485 145 3530; x_wconf 87' lang='grc' dir='ltr'><strong>τας</strong></span> <span class='ocrx_word' id='word_1_498' title='bbox 176 3469 301 3540; x_wconf 78' lang='grc' dir='ltr'>ἑξῆς</span> <span class='ocrx_word' id='word_1_499' title='bbox 323 3470 512 3536; x_wconf 66' lang='grc' dir='ltr'>ἐπάγει</span> <span class='ocrx_word' id='word_1_500' title='bbox 537 3470 632 3531; x_wconf 77' lang='grc' dir='ltr'><strong>τὰς</strong></span> <span class='ocrx_word' id='word_1_501' title='bbox 663 3471 720 3520; x_wconf 83' lang='lat' dir='ltr'><strong>tv</strong></span> <span class='ocrx_word' id='word_1_502' title='bbox 740 3469 814 3535; x_wconf 84' lang='grc' dir='ltr'>τῷ</span> <span class='ocrx_word' id='word_1_503' title='bbox 839 3469 878 3522; x_wconf 88' lang='grc' dir='ltr'>δ’</span> <span class='ocrx_word' id='word_1_504' title='bbox 899 3471 1004 3522; x_wconf 71' lang='grc' dir='ltr'>ἔτει</span> <span class='ocrx_word' id='word_1_505' title='bbox 1033 3471 1278 3540; x_wconf 75' lang='grc' dir='ltr'>Ἰωακεὶμ</span> <span class='ocrx_word' id='word_1_506' title='bbox 1307 3464 1580 3538; x_wconf 82' lang='grc' dir='ltr'>λεχθείσας</span> 
     </span>
    </p>
   </div>
   <div class='ocr_carea' id='block_1_64' title="bbox 60 3557 1577 3628">
    <p class='ocr_par' dir='ltr' id='par_1_64' title="bbox 60 3557 1577 3628">
     <span class='ocr_line' id='line_1_64' title="bbox 60 3557 1577 3628; baseline 0.001 -20"><span class='ocrx_word' id='word_1_507' title='bbox 60 3559 397 3628; x_wconf 81' lang='grc' dir='ltr'>προφητείας,</span> <span class='ocrx_word' id='word_1_508' title='bbox 436 3557 529 3610; x_wconf 78' lang='grc' dir='ltr'><strong>καὶ</strong></span> <span class='ocrx_word' id='word_1_509' title='bbox 561 3558 715 3614; x_wconf 86' lang='grc' dir='ltr'>πάλιν</span> <span class='ocrx_word' id='word_1_510' title='bbox 744 3558 840 3620; x_wconf 79' lang='grc' dir='ltr'><strong>τὰς</strong></span> <span class='ocrx_word' id='word_1_511' title='bbox 873 3561 929 3610; x_wconf 97' lang='lat' dir='ltr'><strong>tv</strong></span> <span class='ocrx_word' id='word_1_512' title='bbox 960 3560 1095 3628; x_wconf 81' lang='grc' dir='ltr'>ἀρχῇ</span> <span class='ocrx_word' id='word_1_513' title='bbox 1136 3559 1401 3628; x_wconf 87' lang='grc' dir='ltr'>βασιλείας</span> <span class='ocrx_word' id='word_1_514' title='bbox 1426 3559 1577 3611; x_wconf 83' lang='grc' dir='ltr'>Σεδε-</span> 
     </span>
    </p>
   </div>
   <div class='ocr_carea' id='block_1_65' title="bbox 58 3647 1578 3722">
    <p class='ocr_par' dir='ltr' id='par_1_65' title="bbox 58 3647 1578 3722">
     <span class='ocr_line' id='line_1_65' title="bbox 58 3647 1578 3722; baseline 0.002 -23"><span class='ocrx_word' id='word_1_515' title='bbox 58 3647 181 3722; x_wconf 45' lang='grc' dir='ltr'>κίου,</span> <span class='ocrx_word' id='word_1_516' title='bbox 204 3647 509 3718; x_wconf 75' lang='grc' dir='ltr'>είρημξένας.</span> <span class='ocrx_word' id='word_1_517' title='bbox 538 3649 726 3716; x_wconf 79' lang='grc' dir='ltr'>Εὓροις</span> <span class='ocrx_word' id='word_1_518' title='bbox 756 3650 798 3702; x_wconf 84' lang='grc' dir='ltr'>δ’</span> <span class='ocrx_word' id='word_1_519' title='bbox 833 3649 896 3701; x_wconf 82' lang='grc' dir='ltr'>ἂν</span> <span class='ocrx_word' id='word_1_520' title='bbox 926 3651 1016 3701; x_wconf 81' lang='grc' dir='ltr'>καὶ</span> <span class='ocrx_word' id='word_1_521' title='bbox 1048 3649 1197 3719; x_wconf 76' lang='grc' dir='ltr'>παρὰ</span> <span class='ocrx_word' id='word_1_522' title='bbox 1235 3649 1308 3718; x_wconf 83' lang='grc' dir='ltr'>τῷ</span> <span class='ocrx_word' id='word_1_523' title='bbox 1339 3648 1578 3721; x_wconf 75' lang='grc' dir='ltr'>Ἐζεκιὴλ</span> 
     </span>
    </p>
   </div>
   <div class='ocr_carea' id='block_1_66' title="bbox 57 3738 1578 3811">
    <p class='ocr_par' dir='ltr' id='par_1_66' title="bbox 57 3738 1578 3811">
     <span class='ocr_line' id='line_1_66' title="bbox 57 3738 1578 3811; baseline 0.002 -22"><span class='ocrx_word' id='word_1_524' title='bbox 57 3738 118 3790; x_wconf 82' lang='grc' dir='ltr'>τὰ</span> <span class='ocrx_word' id='word_1_525' title='bbox 161 3739 521 3808; x_wconf 73' lang='grc' dir='ltr'>παραπλήσια.</span> <span class='ocrx_word' id='word_1_526' title='bbox 547 3740 694 3792; x_wconf 74' lang='grc' dir='ltr'>Ἐπεὶ</span> <span class='ocrx_word' id='word_1_527' title='bbox 725 3740 816 3792; x_wconf 76' lang='grc' dir='ltr'>καὶ</span> <span class='ocrx_word' id='word_1_528' title='bbox 846 3740 901 3791; x_wconf 85' lang='lat' dir='ltr'><strong>tv</strong></span> <span class='ocrx_word' id='word_1_529' title='bbox 937 3742 1001 3808; x_wconf 78' lang='grc' dir='ltr'>τῇ</span> <span class='ocrx_word' id='word_1_530' title='bbox 1042 3739 1224 3791; x_wconf 84' lang='grc' dir='ltr'>τούτου</span> <span class='ocrx_word' id='word_1_531' title='bbox 1265 3744 1443 3809; x_wconf 82' lang='grc' dir='ltr'>γραφῇ</span> <span class='ocrx_word' id='word_1_532' title='bbox 1485 3742 1578 3811; x_wconf 85' lang='grc' dir='ltr'><strong>οὑχ</strong></span> 
     </span>
    </p>
   </div>
   <div class='ocr_carea' id='block_1_67' title="bbox 59 3822 1576 3900">
    <p class='ocr_par' dir='ltr' id='par_1_67' title="bbox 59 3822 1576 3900">
     <span class='ocr_line' id='line_1_67' title="bbox 59 3822 1576 3900; baseline 0.002 -21"><span class='ocrx_word' id='word_1_533' title='bbox 59 3822 173 3896; x_wconf 78' lang='grc' dir='ltr'>ἑξῆς</span> <span class='ocrx_word' id='word_1_534' title='bbox 196 3831 306 3890; x_wconf 84' lang='grc' dir='ltr'>τοῖς</span> <span class='ocrx_word' id='word_1_535' title='bbox 339 3829 542 3897; x_wconf 89' lang='grc' dir='ltr'>χρόνοις</span> <span class='ocrx_word' id='word_1_536' title='bbox 577 3829 876 3896; x_wconf 76' lang='grc' dir='ltr'>σύγκεινται</span> <span class='ocrx_word' id='word_1_537' title='bbox 904 3830 958 3882; x_wconf 82' lang='grc' dir='ltr'>αἱ</span> <span class='ocrx_word' id='word_1_538' title='bbox 984 3832 1326 3900; x_wconf 85' lang='grc' dir='ltr'>προφητεῖαι·</span> <span class='ocrx_word' id='word_1_539' title='bbox 1356 3829 1466 3882; x_wconf 86' lang='grc' dir='ltr'>ἀλλ’</span> <span class='ocrx_word' id='word_1_540' title='bbox 1500 3833 1576 3882; x_wconf 91' lang='grc' dir='ltr'>εί-</span> 
     </span>
    </p>
   </div>
   <div class='ocr_carea' id='block_1_68' title="bbox 60 3914 1580 3988">
    <p class='ocr_par' dir='ltr' id='par_1_68' title="bbox 60 3914 1580 3988">
     <span class='ocr_line' id='line_1_68' title="bbox 60 3914 1580 3988; baseline 0.004 -24"><span class='ocrx_word' id='word_1_541' title='bbox 60 3914 136 3965; x_wconf 83' lang='grc' dir='ltr'><strong>σίν</strong></span> <span class='ocrx_word' id='word_1_542' title='bbox 166 3915 220 3967; x_wconf 68' lang='lat' dir='ltr'><strong>at</strong></span> <span class='ocrx_word' id='word_1_543' title='bbox 256 3914 353 3984; x_wconf 80' lang='grc' dir='ltr'>μὲν</span> <span class='ocrx_word' id='word_1_544' title='bbox 385 3916 520 3969; x_wconf 80' lang='grc' dir='ltr'>κατὰ</span> <span class='ocrx_word' id='word_1_545' title='bbox 543 3916 601 3967; x_wconf 82' lang='grc' dir='ltr'><strong>τὺ</strong></span> <span class='ocrx_word' id='word_1_546' title='bbox 629 3915 706 3979; x_wconf 74' lang='grc' dir='ltr'>κζ’</span> <span class='ocrx_word' id='word_1_547' title='bbox 735 3916 849 3980; x_wconf 75' lang='grc' dir='ltr'>ἔτος</span> <span class='ocrx_word' id='word_1_548' title='bbox 883 3918 978 3986; x_wconf 91' lang='grc' dir='ltr'><strong>τῆς</strong></span> <span class='ocrx_word' id='word_1_549' title='bbox 1005 3917 1362 3986; x_wconf 86' lang='grc' dir='ltr'>αἰχμαλωσίας</span> <span class='ocrx_word' id='word_1_550' title='bbox 1390 3935 1580 3988; x_wconf 87' lang='grc' dir='ltr'>προτε-</span> 
     </span>
    </p>
   </div>
   <div class='ocr_carea' id='block_1_69' title="bbox 58 4001 1575 4076">
    <p class='ocr_par' dir='ltr' id='par_1_69' title="bbox 58 4001 1575 4076">
     <span class='ocr_line' id='line_1_69' title="bbox 58 4001 1575 4076; baseline 0.006 -26"><span class='ocrx_word' id='word_1_551' title='bbox 58 4002 314 4069; x_wconf 86' lang='grc' dir='ltr'>ταγμέναι</span> <span class='ocrx_word' id='word_1_552' title='bbox 352 4001 427 4071; x_wconf 81' lang='grc' dir='ltr'><strong>τῷ</strong></span> <span class='ocrx_word' id='word_1_553' title='bbox 469 4009 535 4056; x_wconf 81' lang='grc' dir='ltr'>ια’</span> <span class='ocrx_word' id='word_1_554' title='bbox 566 4004 661 4073; x_wconf 85' lang='grc' dir='ltr'><strong>τῆς</strong></span> <span class='ocrx_word' id='word_1_555' title='bbox 703 4003 1064 4072; x_wconf 85' lang='grc' dir='ltr'>αίχμαλωσίας</span> <span class='ocrx_word' id='word_1_556' title='bbox 1102 4004 1399 4074; x_wconf 76' lang='grc' dir='ltr'>είρημένῳ’</span> <span class='ocrx_word' id='word_1_557' title='bbox 1442 4006 1575 4076; x_wconf 79' lang='grc' dir='ltr'>μετὰ</span> 
     </span>
    </p>
   </div>
   <div class='ocr_carea' id='block_1_70' title="bbox 58 4087 1576 4162">
    <p class='ocr_par' dir='ltr' id='par_1_70' title="bbox 58 4087 1576 4162">
     <span class='ocr_line' id='line_1_70' title="bbox 58 4087 1576 4162; baseline 0.004 -23"><span class='ocrx_word' id='word_1_558' title='bbox 58 4087 156 4157; x_wconf 75' lang='grc' dir='ltr'><strong>γὰρ</strong></span> <span class='ocrx_word' id='word_1_559' title='bbox 188 4089 286 4151; x_wconf 77' lang='grc' dir='ltr'><strong>τὰς</strong></span> <span class='ocrx_word' id='word_1_560' title='bbox 314 4092 370 4143; x_wconf 91' lang='lat' dir='ltr'><strong>tv</strong></span> <span class='ocrx_word' id='word_1_561' title='bbox 408 4089 483 4159; x_wconf 85' lang='grc' dir='ltr'>τῷ</span> <span class='ocrx_word' id='word_1_562' title='bbox 522 4090 600 4152; x_wconf 73' lang='grc' dir='ltr'><strong>κζ’</strong></span> <span class='ocrx_word' id='word_1_563' title='bbox 629 4090 736 4143; x_wconf 78' lang='grc' dir='ltr'>ἔτει</span> <span class='ocrx_word' id='word_1_564' title='bbox 765 4091 1012 4160; x_wconf 82' lang='grc' dir='ltr'>φέρονται</span> <span class='ocrx_word' id='word_1_565' title='bbox 1040 4093 1093 4142; x_wconf 75' lang='lat' dir='ltr'><strong>ai</strong></span> <span class='ocrx_word' id='word_1_566' title='bbox 1118 4091 1379 4160; x_wconf 76' lang='grc' dir='ltr'>λεχθεῖσαι</span> <span class='ocrx_word' id='word_1_567' title='bbox 1419 4095 1476 4144; x_wconf 91' lang='lat' dir='ltr'><strong>tv</strong></span> <span class='ocrx_word' id='word_1_568' title='bbox 1501 4092 1576 4162; x_wconf 86' lang='grc' dir='ltr'>τῷ</span> 
     </span>
    </p>
   </div>
   <div class='ocr_carea' id='block_1_71' title="bbox 61 4179 1574 4253">
    <p class='ocr_par' dir='ltr' id='par_1_71' title="bbox 61 4179 1574 4253">
     <span class='ocr_line' id='line_1_71' title="bbox 61 4179 1574 4253; baseline 0.005 -24"><span class='ocrx_word' id='word_1_569' title='bbox 61 4185 120 4228; x_wconf 83' lang='grc' dir='ltr'>ια’</span> <span class='ocrx_word' id='word_1_570' title='bbox 152 4179 247 4246; x_wconf 85' lang='grc' dir='ltr'><strong>τῆς</strong></span> <span class='ocrx_word' id='word_1_571' title='bbox 272 4181 636 4248; x_wconf 84' lang='grc' dir='ltr'>αίχμαλωσίας</span> <span class='ocrx_word' id='word_1_572' title='bbox 668 4181 774 4232; x_wconf 74' lang='grc' dir='ltr'>ἔτει</span> <span class='ocrx_word' id='word_1_573' title='bbox 793 4197 804 4209; x_wconf 83' lang='lat'>&#39;</span> <span class='ocrx_word' id='word_1_574' title='bbox 842 4182 932 4232; x_wconf 79' lang='grc' dir='ltr'>καὶ</span> <span class='ocrx_word' id='word_1_575' title='bbox 958 4182 1113 4234; x_wconf 87' lang='grc' dir='ltr'>πάλιν</span> <span class='ocrx_word' id='word_1_576' title='bbox 1144 4182 1275 4250; x_wconf 80' lang='grc' dir='ltr'>μετὰ</span> <span class='ocrx_word' id='word_1_577' title='bbox 1295 4182 1390 4244; x_wconf 80' lang='grc' dir='ltr'><strong>τὰς</strong></span> <span class='ocrx_word' id='word_1_578' title='bbox 1412 4186 1468 4236; x_wconf 86' lang='grc' dir='ltr'>ὲν</span> <span class='ocrx_word' id='word_1_579' title='bbox 1498 4183 1574 4253; x_wconf 80' lang='grc' dir='ltr'>τῷ</span> 
     </span>
    </p>
   </div>
   <div class='ocr_carea' id='block_1_72' title="bbox 60 4268 1574 4344">
    <p class='ocr_par' dir='ltr' id='par_1_72' title="bbox 60 4268 1574 4344">
     <span class='ocr_line' id='line_1_72' title="bbox 60 4268 1574 4344; baseline 0.007 -27"><span class='ocrx_word' id='word_1_580' title='bbox 60 4274 121 4318; x_wconf 84' lang='grc' dir='ltr'>ια’</span> <span class='ocrx_word' id='word_1_581' title='bbox 148 4268 295 4319; x_wconf 81' lang='grc' dir='ltr'>άλλαι</span> <span class='ocrx_word' id='word_1_582' title='bbox 328 4269 574 4339; x_wconf 86' lang='grc' dir='ltr'>φέρονται</span> <span class='ocrx_word' id='word_1_583' title='bbox 615 4273 670 4322; x_wconf 83' lang='grc' dir='ltr'>ὲν</span> <span class='ocrx_word' id='word_1_584' title='bbox 706 4269 780 4340; x_wconf 82' lang='grc' dir='ltr'>τῷ</span> <span class='ocrx_word' id='word_1_585' title='bbox 813 4279 842 4323; x_wconf 83' lang='grc' dir='ltr'>ι’</span> <span class='ocrx_word' id='word_1_586' title='bbox 874 4271 979 4325; x_wconf 79' lang='grc' dir='ltr'>ἔτει</span> <span class='ocrx_word' id='word_1_587' title='bbox 1011 4272 1306 4342; x_wconf 77' lang='grc' dir='ltr'>εἰρημέναι,</span> <span class='ocrx_word' id='word_1_588' title='bbox 1334 4273 1424 4326; x_wconf 76' lang='grc' dir='ltr'><strong>καί</strong></span> <span class='ocrx_word' id='word_1_589' title='bbox 1454 4276 1574 4344; x_wconf 76' lang='grc' dir='ltr'>ἑξῆς</span> 
     </span>
    </p>
   </div>
   <div class='ocr_carea' id='block_1_73' title="bbox 58 4356 1576 4429">
    <p class='ocr_par' dir='ltr' id='par_1_73' title="bbox 58 4356 1576 4429">
     <span class='ocr_line' id='line_1_73' title="bbox 58 4356 1576 4429; baseline 0.007 -22"><span class='ocrx_word' id='word_1_590' title='bbox 58 4358 108 4407; x_wconf 83' lang='lat' dir='ltr'><strong>ai</strong></span> <span class='ocrx_word' id='word_1_591' title='bbox 133 4359 185 4409; x_wconf 90' lang='lat' dir='ltr'><strong>tv</strong></span> <span class='ocrx_word' id='word_1_592' title='bbox 213 4356 291 4426; x_wconf 83' lang='grc' dir='ltr'>τῷ</span> <span class='ocrx_word' id='word_1_593' title='bbox 321 4365 393 4410; x_wconf 81' lang='grc' dir='ltr'>κε’</span> <span class='ocrx_word' id='word_1_594' title='bbox 417 4360 543 4413; x_wconf 74' lang='grc' dir='ltr'>ἔτει.</span> <span class='ocrx_word' id='word_1_595' title='bbox 579 4362 685 4413; x_wconf 77' lang='grc' dir='ltr'><strong>Καὶ</strong></span> <span class='ocrx_word' id='word_1_596' title='bbox 723 4362 918 4415; x_wconf 83' lang='grc' dir='ltr'>τούτων</span> <span class='ocrx_word' id='word_1_597' title='bbox 949 4364 1195 4416; x_wconf 83' lang='grc' dir='ltr'>ἁπάντων</span> <span class='ocrx_word' id='word_1_598' title='bbox 1238 4366 1377 4418; x_wconf 86' lang='grc' dir='ltr'>είποι</span> <span class='ocrx_word' id='word_1_599' title='bbox 1407 4366 1470 4420; x_wconf 78' lang='grc' dir='ltr'>ἄν</span> <span class='ocrx_word' id='word_1_600' title='bbox 1496 4385 1576 4429; x_wconf 91' lang='grc' dir='ltr'><strong>τις</strong></span> 
     </span>
    </p>
   </div>
   <div class='ocr_carea' id='block_1_74' title="bbox 58 4443 1572 4523">
    <p class='ocr_par' dir='ltr' id='par_1_74' title="bbox 58 4443 1572 4523">
     <span class='ocr_line' id='line_1_74' title="bbox 58 4443 1572 4523; baseline 0.009 -30"><span class='ocrx_word' id='word_1_601' title='bbox 58 4443 146 4514; x_wconf 79' lang='grc' dir='ltr'>τὴν</span> <span class='ocrx_word' id='word_1_602' title='bbox 181 4445 353 4498; x_wconf 88' lang='grc' dir='ltr'>αίτίαν</span> <span class='ocrx_word' id='word_1_603' title='bbox 397 4447 493 4500; x_wconf 77' lang='grc' dir='ltr'><strong>οὐκ</strong></span> <span class='ocrx_word' id='word_1_604' title='bbox 532 4447 690 4518; x_wconf 77' lang='grc' dir='ltr'>ἀλλην</span> <span class='ocrx_word' id='word_1_605' title='bbox 716 4445 852 4502; x_wconf 77' lang='grc' dir='ltr'>εἶναι</span> <span class='ocrx_word' id='word_1_606' title='bbox 878 4450 973 4520; x_wconf 82' lang='grc' dir='ltr'><strong>τῆς</strong></span> <span class='ocrx_word' id='word_1_607' title='bbox 1003 4451 1404 4523; x_wconf 78' lang='grc' dir='ltr'>ἀποδεδομένης.</span> <span class='ocrx_word' id='word_1_608' title='bbox 1441 4455 1572 4506; x_wconf 69' lang='grc' dir='ltr'><strong>Σιιτο·⁵</strong></span> 
     </span>
    </p>
   </div>
   <div class='ocr_carea' id='block_1_75' title="bbox 1679 3287 3198 3361">
    <p class='ocr_par' dir='ltr' id='par_1_75' title="bbox 1679 3287 3198 3361">
     <span class='ocr_line' id='line_1_75' title="bbox 1679 3287 3198 3361; baseline 0.002 -19"><span class='ocrx_word' id='word_1_609' title='bbox 1679 3299 1836 3359; x_wconf 86' lang='lat' dir='ltr'><strong>pacto</strong></span> <span class='ocrx_word' id='word_1_610' title='bbox 1863 3290 2052 3343; x_wconf 89' lang='lat' dir='ltr'><strong>lsmael</strong></span> <span class='ocrx_word' id='word_1_611' title='bbox 2081 3287 2355 3342; x_wconf 87' lang='lat' dir='ltr'><strong>Godoliam</strong></span> <span class='ocrx_word' id='word_1_612' title='bbox 2377 3291 2652 3354; x_wconf 89' lang='lat' dir='ltr'><strong>occiderit,</strong></span> <span class='ocrx_word' id='word_1_613' title='bbox 2679 3302 2795 3361; x_wconf 88' lang='lat' dir='ltr'><strong>post</strong></span> <span class='ocrx_word' id='word_1_614' title='bbox 2815 3308 2969 3361; x_wconf 90' lang='lat' dir='ltr'><strong>quem</strong></span> <span class='ocrx_word' id='word_1_615' title='bbox 2994 3293 3198 3346; x_wconf 83' lang='lat' dir='ltr'><strong>Joanan</strong></span> 
     </span>
    </p>
   </div>
   <div class='ocr_carea' id='block_1_76' title="bbox 1679 3379 3198 3436">
    <p class='ocr_par' dir='ltr' id='par_1_76' title="bbox 1679 3379 3198 3436">
     <span class='ocr_line' id='line_1_76' title="bbox 1679 3379 3198 3436; baseline -0.001 0"><span class='ocrx_word' id='word_1_616' title='bbox 1679 3383 1817 3436; x_wconf 80' lang='lat' dir='ltr'><strong>ﬁlius</strong></span> <span class='ocrx_word' id='word_1_617' title='bbox 1847 3381 2000 3436; x_wconf 88' lang='lat' dir='ltr'><strong>Carie</strong></span> <span class='ocrx_word' id='word_1_618' title='bbox 2043 3380 2149 3433; x_wconf 76' lang='lat' dir='ltr'><strong>dux</strong></span> <span class='ocrx_word' id='word_1_619' title='bbox 2183 3379 2299 3434; x_wconf 81' lang='lat' dir='ltr'><strong>fuit.</strong></span> <span class='ocrx_word' id='word_1_620' title='bbox 2328 3379 2455 3434; x_wconf 89' lang='lat' dir='ltr'><strong>Post</strong></span> <span class='ocrx_word' id='word_1_621' title='bbox 2495 3381 2592 3434; x_wconf 91' lang='lat' dir='ltr'><strong>hos</strong></span> <span class='ocrx_word' id='word_1_622' title='bbox 2631 3393 2802 3435; x_wconf 89' lang='lat' dir='ltr'><strong>autem</strong></span> <span class='ocrx_word' id='word_1_623' title='bbox 2834 3397 3017 3436; x_wconf 88' lang='lat' dir='ltr'><strong>omnes</strong></span> <span class='ocrx_word' id='word_1_624' title='bbox 3047 3383 3198 3436; x_wconf 67' lang='lat' dir='ltr'><strong>affert</strong></span> 
     </span>
    </p>
   </div>
   <div class='ocr_carea' id='block_1_77' title="bbox 1677 3470 3197 3539">
    <p class='ocr_par' dir='ltr' id='par_1_77' title="bbox 1677 3470 3197 3539">
     <span class='ocr_line' id='line_1_77' title="bbox 1677 3470 3197 3539; baseline -0.003 -13"><span class='ocrx_word' id='word_1_625' title='bbox 1677 3472 1868 3526; x_wconf 88' lang='lat' dir='ltr'><strong>deinde</strong></span> <span class='ocrx_word' id='word_1_626' title='bbox 1897 3470 2200 3539; x_wconf 87' lang='lat' dir='ltr'><strong>prophetias</strong></span> <span class='ocrx_word' id='word_1_627' title='bbox 2229 3483 2370 3523; x_wconf 89' lang='lat' dir='ltr'><strong>anno</strong></span> <span class='ocrx_word' id='word_1_628' title='bbox 2399 3477 2589 3536; x_wconf 89' lang='lat' dir='ltr'><strong>quarto</strong></span> <span class='ocrx_word' id='word_1_629' title='bbox 2617 3470 2856 3522; x_wconf 84' lang='lat' dir='ltr'><strong>Joachim</strong></span> <span class='ocrx_word' id='word_1_630' title='bbox 2887 3472 3197 3539; x_wconf 87' lang='lat' dir='ltr'><strong>pronuntia—</strong></span> 
     </span>
    </p>
   </div>
   <div class='ocr_carea' id='block_1_78' title="bbox 1676 3557 3198 3626">
    <p class='ocr_par' dir='ltr' id='par_1_78' title="bbox 1676 3557 3198 3626">
     <span class='ocr_line' id='line_1_78' title="bbox 1676 3557 3198 3626; baseline 0.001 -15"><span class='ocrx_word' id='word_1_631' title='bbox 1676 3568 1793 3624; x_wconf 89' lang='lat' dir='ltr'><strong>tas;</strong></span> <span class='ocrx_word' id='word_1_632' title='bbox 1831 3559 1932 3613; x_wconf 87' lang='lat' dir='ltr'><strong>sub</strong></span> <span class='ocrx_word' id='word_1_633' title='bbox 1969 3559 2079 3621; x_wconf 56' lang='lat' dir='ltr'><strong>hac</strong></span> <span class='ocrx_word' id='word_1_634' title='bbox 2114 3558 2232 3611; x_wconf 80' lang='lat' dir='ltr'><strong>illas</strong></span> <span class='ocrx_word' id='word_1_635' title='bbox 2264 3573 2383 3626; x_wconf 63' lang='lat' dir='ltr'><strong>quae</strong></span> <span class='ocrx_word' id='word_1_636' title='bbox 2411 3558 2563 3611; x_wconf 90' lang='lat' dir='ltr'><strong>initio</strong></span> <span class='ocrx_word' id='word_1_637' title='bbox 2592 3561 2737 3626; x_wconf 89' lang='lat' dir='ltr'><strong>regni</strong></span> <span class='ocrx_word' id='word_1_638' title='bbox 2767 3557 2999 3612; x_wconf 79' lang='lat' dir='ltr'><strong>Sedccia:</strong></span> <span class='ocrx_word' id='word_1_639' title='bbox 3040 3559 3198 3613; x_wconf 75' lang='lat' dir='ltr'><strong>dictae</strong></span> 
     </span>
    </p>
   </div>
   <div class='ocr_carea' id='block_1_79' title="bbox 1678 3647 3192 3718">
    <p class='ocr_par' dir='ltr' id='par_1_79' title="bbox 1678 3647 3192 3718">
     <span class='ocr_line' id='line_1_79' title="bbox 1678 3647 3192 3718; baseline -0.003 -14"><span class='ocrx_word' id='word_1_640' title='bbox 1678 3657 1821 3704; x_wconf 90' lang='lat' dir='ltr'><strong>sunt.</strong></span> <span class='ocrx_word' id='word_1_641' title='bbox 1856 3648 2061 3702; x_wconf 81' lang='lat' dir='ltr'><strong>Similia</strong></span> <span class='ocrx_word' id='word_1_642' title='bbox 2101 3664 2310 3718; x_wconf 86' lang='lat' dir='ltr'><strong>quoque</strong></span> <span class='ocrx_word' id='word_1_643' title='bbox 2349 3649 2404 3701; x_wconf 91' lang='lat' dir='ltr'><strong>in</strong></span> <span class='ocrx_word' id='word_1_644' title='bbox 2455 3647 2727 3702; x_wconf 86' lang='lat' dir='ltr'><strong>Ezechiele</strong></span> <span class='ocrx_word' id='word_1_645' title='bbox 2771 3663 3023 3716; x_wconf 85' lang='lat' dir='ltr'><strong>reperias.</strong></span> <span class='ocrx_word' id='word_1_646' title='bbox 3065 3648 3192 3701; x_wconf 85' lang='lat' dir='ltr'><strong>Nam</strong></span> 
     </span>
    </p>
   </div>
   <div class='ocr_carea' id='block_1_80' title="bbox 1676 3739 3198 3813">
    <p class='ocr_par' dir='ltr' id='par_1_80' title="bbox 1676 3739 3198 3813">
     <span class='ocr_line' id='line_1_80' title="bbox 1676 3739 3198 3813; baseline 0 -21"><span class='ocrx_word' id='word_1_647' title='bbox 1676 3739 1729 3792; x_wconf 88' lang='lat' dir='ltr'><strong>in</strong></span> <span class='ocrx_word' id='word_1_648' title='bbox 1763 3739 1918 3806; x_wconf 90' lang='lat' dir='ltr'><strong>hujus</strong></span> <span class='ocrx_word' id='word_1_649' title='bbox 1961 3755 2172 3808; x_wconf 91' lang='lat' dir='ltr'><strong>quoque</strong></span> <span class='ocrx_word' id='word_1_650' title='bbox 2215 3740 2478 3808; x_wconf 88' lang='lat' dir='ltr'><strong>scriptura</strong></span> <span class='ocrx_word' id='word_1_651' title='bbox 2525 3739 2811 3813; x_wconf 71' lang='lat' dir='ltr'><strong>prophetia:</strong></span> <span class='ocrx_word' id='word_1_652' title='bbox 2855 3754 2961 3792; x_wconf 88' lang='lat' dir='ltr'><strong>non</strong></span> <span class='ocrx_word' id='word_1_653' title='bbox 3011 3739 3198 3792; x_wconf 88' lang='lat' dir='ltr'><strong>ordine</strong></span> 
     </span>
    </p>
   </div>
   <div class='ocr_carea' id='block_1_81' title="bbox 1677 3829 3197 3898">
    <p class='ocr_par' dir='ltr' id='par_1_81' title="bbox 1677 3829 3197 3898">
     <span class='ocr_line' id='line_1_81' title="bbox 1677 3829 3197 3898; baseline -0.002 -15"><span class='ocrx_word' id='word_1_654' title='bbox 1677 3830 1930 3896; x_wconf 89' lang='lat' dir='ltr'><strong>temporis</strong></span> <span class='ocrx_word' id='word_1_655' title='bbox 1953 3829 2163 3897; x_wconf 88' lang='lat' dir='ltr'><strong>jacent;</strong></span> <span class='ocrx_word' id='word_1_656' title='bbox 2196 3829 2287 3884; x_wconf 89' lang='lat' dir='ltr'><strong>sed</strong></span> <span class='ocrx_word' id='word_1_657' title='bbox 2312 3845 2430 3898; x_wconf 69' lang='lat' dir='ltr'><strong>qua:</strong></span> <span class='ocrx_word' id='word_1_658' title='bbox 2452 3829 2762 3884; x_wconf 88' lang='lat' dir='ltr'><strong>vicesimum</strong></span> <span class='ocrx_word' id='word_1_659' title='bbox 2794 3831 3074 3897; x_wconf 89' lang='lat' dir='ltr'><strong>septimum</strong></span> <span class='ocrx_word' id='word_1_660' title='bbox 3103 3841 3197 3881; x_wconf 88' lang='lat' dir='ltr'><strong>ca-</strong></span> 
     </span>
    </p>
   </div>
   <div class='ocr_carea' id='block_1_82' title="bbox 1674 3917 3190 3988">
    <p class='ocr_par' dir='ltr' id='par_1_82' title="bbox 1674 3917 3190 3988">
     <span class='ocr_line' id='line_1_82' title="bbox 1674 3917 3190 3988; baseline -0.001 -17"><span class='ocrx_word' id='word_1_661' title='bbox 1674 3919 1935 3988; x_wconf 85' lang='lat' dir='ltr'><strong>ptivitatis</strong></span> <span class='ocrx_word' id='word_1_662' title='bbox 1963 3933 2158 3971; x_wconf 91' lang='lat' dir='ltr'><strong>annum</strong></span> <span class='ocrx_word' id='word_1_663' title='bbox 2188 3929 2448 3987; x_wconf 85' lang='lat' dir='ltr'><strong>spectant,</strong></span> <span class='ocrx_word' id='word_1_664' title='bbox 2475 3919 2865 3988; x_wconf 71' lang='lat' dir='ltr'><strong>praemittuntur</strong></span> <span class='ocrx_word' id='word_1_665' title='bbox 2893 3919 2957 3972; x_wconf 91' lang='lat' dir='ltr'><strong>iis</strong></span> <span class='ocrx_word' id='word_1_666' title='bbox 2983 3933 3099 3986; x_wconf 72' lang='lat' dir='ltr'><strong>qua:</strong></span> <span class='ocrx_word' id='word_1_667' title='bbox 3123 3917 3190 3971; x_wconf 86' lang='lat' dir='ltr'><strong>de</strong></span> 
     </span>
    </p>
   </div>
   <div class='ocr_carea' id='block_1_83' title="bbox 1675 4002 3180 4075">
    <p class='ocr_par' dir='ltr' id='par_1_83' title="bbox 1675 4002 3180 4075">
     <span class='ocr_line' id='line_1_83' title="bbox 1675 4002 3180 4075; baseline 0 -15"><span class='ocrx_word' id='word_1_668' title='bbox 1675 4002 1954 4060; x_wconf 90' lang='lat' dir='ltr'><strong>undecimo</strong></span> <span class='ocrx_word' id='word_1_669' title='bbox 1992 4007 2314 4075; x_wconf 85' lang='lat' dir='ltr'><strong>captivitatis</strong></span> <span class='ocrx_word' id='word_1_670' title='bbox 2360 4017 2502 4060; x_wconf 90' lang='lat' dir='ltr'><strong>anno</strong></span> <span class='ocrx_word' id='word_1_671' title='bbox 2529 4007 2667 4061; x_wconf 90' lang='lat' dir='ltr'><strong>dicta</strong></span> <span class='ocrx_word' id='word_1_672' title='bbox 2702 4015 2826 4060; x_wconf 90' lang='lat' dir='ltr'><strong>sunt</strong></span> <span class='ocrx_word' id='word_1_673' title='bbox 2856 4025 2868 4060; x_wconf 92' lang='lat'><strong>:</strong></span> <span class='ocrx_word' id='word_1_674' title='bbox 2901 4015 3020 4075; x_wconf 90' lang='lat' dir='ltr'><strong>post</strong></span> <span class='ocrx_word' id='word_1_675' title='bbox 3062 4007 3180 4060; x_wconf 87' lang='lat' dir='ltr'><strong>illas</strong></span> 
     </span>
    </p>
   </div>
   <div class='ocr_carea' id='block_1_84' title="bbox 1673 4093 3190 4163">
    <p class='ocr_par' dir='ltr' id='par_1_84' title="bbox 1673 4093 3190 4163">
     <span class='ocr_line' id='line_1_84' title="bbox 1673 4093 3190 4163; baseline 0 -15"><span class='ocrx_word' id='word_1_676' title='bbox 1673 4096 1812 4149; x_wconf 89' lang='lat' dir='ltr'><strong>enim</strong></span> <span class='ocrx_word' id='word_1_677' title='bbox 1844 4095 2081 4148; x_wconf 87' lang='lat' dir='ltr'><strong>vicesimi</strong></span> <span class='ocrx_word' id='word_1_678' title='bbox 2110 4093 2319 4162; x_wconf 91' lang='lat' dir='ltr'><strong>septimi</strong></span> <span class='ocrx_word' id='word_1_679' title='bbox 2361 4094 2486 4146; x_wconf 86' lang='lat' dir='ltr'><strong>anni</strong></span> <span class='ocrx_word' id='word_1_680' title='bbox 2513 4095 2837 4163; x_wconf 88' lang='lat' dir='ltr'><strong>prophetias,</strong></span> <span class='ocrx_word' id='word_1_681' title='bbox 2865 4108 2982 4163; x_wconf 62' lang='lat' dir='ltr'><strong>quae</strong></span> <span class='ocrx_word' id='word_1_682' title='bbox 3025 4095 3190 4148; x_wconf 92' lang='lat' dir='ltr'><strong>unde-</strong></span> 
     </span>
    </p>
   </div>
   <div class='ocr_carea' id='block_1_85' title="bbox 1673 4183 3194 4253">
    <p class='ocr_par' dir='ltr' id='par_1_85' title="bbox 1673 4183 3194 4253">
     <span class='ocr_line' id='line_1_85' title="bbox 1673 4183 3194 4253; baseline 0 -15"><span class='ocrx_word' id='word_1_683' title='bbox 1673 4186 1812 4238; x_wconf 91' lang='lat' dir='ltr'><strong>cimo</strong></span> <span class='ocrx_word' id='word_1_684' title='bbox 1845 4199 1983 4238; x_wconf 87' lang='lat' dir='ltr'><strong>anno</strong></span> <span class='ocrx_word' id='word_1_685' title='bbox 2017 4183 2169 4237; x_wconf 63' lang='lat' dir='ltr'><strong>dictat</strong></span> <span class='ocrx_word' id='word_1_686' title='bbox 2205 4193 2350 4247; x_wconf 88' lang='lat' dir='ltr'><strong>sunt,</strong></span> <span class='ocrx_word' id='word_1_687' title='bbox 2383 4183 2626 4238; x_wconf 84' lang='lat' dir='ltr'><strong>feruntur</strong></span> <span class='ocrx_word' id='word_1_688' title='bbox 2657 4204 2669 4237; x_wconf 90' lang='lat'>:</span> <span class='ocrx_word' id='word_1_689' title='bbox 2704 4184 2894 4238; x_wconf 88' lang='lat' dir='ltr'><strong>deinde</strong></span> <span class='ocrx_word' id='word_1_690' title='bbox 2919 4201 3047 4239; x_wconf 86' lang='lat' dir='ltr'><strong>vero</strong></span> <span class='ocrx_word' id='word_1_691' title='bbox 3073 4195 3194 4253; x_wconf 88' lang='lat' dir='ltr'><strong>post</strong></span> 
     </span>
    </p>
   </div>
   <div class='ocr_carea' id='block_1_86' title="bbox 1674 4259 3192 4341">
    <p class='ocr_par' dir='ltr' id='par_1_86' title="bbox 1674 4259 3192 4341">
     <span class='ocr_line' id='line_1_86' title="bbox 1674 4259 3192 4341; baseline 0 -15"><span class='ocrx_word' id='word_1_692' title='bbox 1674 4273 1791 4327; x_wconf 87' lang='lat' dir='ltr'><strong>illas</strong></span> <span class='ocrx_word' id='word_1_693' title='bbox 1813 4259 2075 4327; x_wconf 77' lang='lat' dir='ltr'><strong>undecimi</strong></span> <span class='ocrx_word' id='word_1_694' title='bbox 2104 4273 2251 4336; x_wconf 88' lang='lat' dir='ltr'><strong>anni,</strong></span> <span class='ocrx_word' id='word_1_695' title='bbox 2275 4272 2513 4341; x_wconf 73' lang='lat' dir='ltr'><strong>quaedam</strong></span> <span class='ocrx_word' id='word_1_696' title='bbox 2541 4274 2800 4327; x_wconf 87' lang='lat' dir='ltr'><strong>habentur</strong></span> <span class='ocrx_word' id='word_1_697' title='bbox 2821 4273 3028 4327; x_wconf 90' lang='lat' dir='ltr'><strong>decimo</strong></span> <span class='ocrx_word' id='word_1_698' title='bbox 3052 4289 3192 4326; x_wconf 89' lang='lat' dir='ltr'><strong>anno</strong></span> 
     </span>
    </p>
   </div>
   <div class='ocr_carea' id='block_1_87' title="bbox 1672 4357 3188 4428">
    <p class='ocr_par' dir='ltr' id='par_1_87' title="bbox 1672 4357 3188 4428">
     <span class='ocr_line' id='line_1_87' title="bbox 1672 4357 3188 4428; baseline 0.003 -19"><span class='ocrx_word' id='word_1_699' title='bbox 1672 4357 1846 4420; x_wconf 66' lang='lat' dir='ltr'><strong>dictae,</strong></span> <span class='ocrx_word' id='word_1_700' title='bbox 1867 4357 1990 4411; x_wconf 88' lang='lat' dir='ltr'><strong>hinc</strong></span> <span class='ocrx_word' id='word_1_701' title='bbox 2009 4373 2126 4427; x_wconf 71' lang='lat' dir='ltr'><strong>qua:</strong></span> <span class='ocrx_word' id='word_1_702' title='bbox 2151 4359 2276 4413; x_wconf 89' lang='lat' dir='ltr'><strong>anni</strong></span> <span class='ocrx_word' id='word_1_703' title='bbox 2301 4359 2541 4414; x_wconf 67' lang='lat' dir='ltr'><strong>vicesimi</strong></span> <span class='ocrx_word' id='word_1_704' title='bbox 2568 4361 2740 4428; x_wconf 88' lang='lat' dir='ltr'><strong>quinti</strong></span> <span class='ocrx_word' id='word_1_705' title='bbox 2771 4369 2913 4414; x_wconf 91' lang='lat' dir='ltr'><strong>sunt.</strong></span> <span class='ocrx_word' id='word_1_706' title='bbox 2951 4360 3188 4425; x_wconf 85' lang='lat' dir='ltr'><strong>Quorum</strong></span> 
     </span>
    </p>
   </div>
   <div class='ocr_carea' id='block_1_88' title="bbox 1674 4448 3190 4532">
    <p class='ocr_par' dir='ltr' id='par_1_88' title="bbox 1674 4448 3190 4532">
     <span class='ocr_line' id='line_1_88' title="bbox 1674 4448 3190 4532; baseline 0.003 -34"><span class='ocrx_word' id='word_1_707' title='bbox 1674 4448 1925 4532; x_wconf 42' lang='lat' dir='ltr'><strong>omnium‘</strong></span> <span class='ocrx_word' id='word_1_708' title='bbox 1939 4461 2047 4501; x_wconf 87' lang='lat' dir='ltr'><strong>non</strong></span> <span class='ocrx_word' id='word_1_709' title='bbox 2082 4448 2238 4501; x_wconf 83' lang='lat' dir='ltr'><strong>aliam</strong></span> <span class='ocrx_word' id='word_1_710' title='bbox 2267 4463 2482 4503; x_wconf 86' lang='lat' dir='ltr'><strong>causam</strong></span> <span class='ocrx_word' id='word_1_711' title='bbox 2513 4451 2633 4518; x_wconf 90' lang='lat' dir='ltr'><strong>quis</strong></span> <span class='ocrx_word' id='word_1_712' title='bbox 2657 4449 2841 4502; x_wconf 73' lang='lat' dir='ltr'><strong>afferat</strong></span> <span class='ocrx_word' id='word_1_713' title='bbox 2869 4459 3060 4518; x_wconf 83' lang='lat' dir='ltr'><strong>praeter</strong></span> <span class='ocrx_word' id='word_1_714' title='bbox 3079 4449 3190 4518; x_wconf 87' lang='lat' dir='ltr'><strong>jam</strong></span> 
     </span>
    </p>
   </div>
   <div class='ocr_carea' id='block_1_89' title="bbox 60 4533 1576 4609">
    <p class='ocr_par' dir='ltr' id='par_1_89' title="bbox 60 4533 1574 4609">
     <span class='ocr_line' id='line_1_89' title="bbox 60 4533 1574 4609; baseline 0.007 -24"><span class='ocrx_word' id='word_1_715' title='bbox 60 4533 214 4604; x_wconf 85' lang='grc' dir='ltr'>ράδην</span> <span class='ocrx_word' id='word_1_716' title='bbox 245 4535 370 4605; x_wconf 81' lang='grc' dir='ltr'>γάρ,</span> <span class='ocrx_word' id='word_1_717' title='bbox 389 4537 462 4599; x_wconf 83' lang='grc' dir='ltr'>ὡς</span> <span class='ocrx_word' id='word_1_718' title='bbox 488 4539 648 4602; x_wconf 82' lang='grc' dir='ltr'>είκδς,</span> <span class='ocrx_word' id='word_1_719' title='bbox 669 4539 775 4592; x_wconf 83' lang='grc' dir='ltr'><strong>τῶν</strong></span> <span class='ocrx_word' id='word_1_720' title='bbox 797 4540 935 4593; x_wconf 83' lang='grc' dir='ltr'>κατὰ</span> <span class='ocrx_word' id='word_1_721' title='bbox 956 4542 1171 4609; x_wconf 86' lang='grc' dir='ltr'>χρόνους</span> <span class='ocrx_word' id='word_1_722' title='bbox 1195 4543 1284 4595; x_wconf 83' lang='grc' dir='ltr'>καὶ</span> <span class='ocrx_word' id='word_1_723' title='bbox 1311 4543 1430 4594; x_wconf 88' lang='grc' dir='ltr'>καθ’</span> <span class='ocrx_word' id='word_1_724' title='bbox 1449 4545 1574 4596; x_wconf 74' lang='grc' dir='ltr'>ἔκα-</span> 
     </span>
    </p>
   </div>
   <div class='ocr_carea' id='block_1_90' title="bbox 1674 4533 3191 4609">
    <p class='ocr_par' dir='ltr' id='par_1_90' title="bbox 1674 4536 3191 4606">
     <span class='ocr_line' id='line_1_90' title="bbox 1674 4536 3191 4606; baseline 0.004 -20"><span class='ocrx_word' id='word_1_725' title='bbox 1674 4536 1942 4591; x_wconf 87' lang='lat' dir='ltr'><strong>traditam.</strong></span> <span class='ocrx_word' id='word_1_726' title='bbox 1986 4536 2116 4590; x_wconf 87' lang='lat' dir='ltr'><strong>Nam</strong></span> <span class='ocrx_word' id='word_1_727' title='bbox 2147 4553 2267 4591; x_wconf 90' lang='lat' dir='ltr'><strong>cum</strong></span> <span class='ocrx_word' id='word_1_728' title='bbox 2297 4538 2543 4606; x_wconf 86' lang='lat' dir='ltr'><strong>sparsim,</strong></span> <span class='ocrx_word' id='word_1_729' title='bbox 2583 4547 2640 4592; x_wconf 93' lang='lat' dir='ltr'><strong>ut</strong></span> <span class='ocrx_word' id='word_1_730' title='bbox 2664 4538 2948 4593; x_wconf 85' lang='lat' dir='ltr'><strong>verisimile</strong></span> <span class='ocrx_word' id='word_1_731' title='bbox 2967 4549 3070 4602; x_wconf 91' lang='lat' dir='ltr'><strong>est,</strong></span> <span class='ocrx_word' id='word_1_732' title='bbox 3099 4555 3191 4592; x_wconf 90' lang='lat' dir='ltr'><strong>va-</strong></span> 
     </span>
    </p>
   </div>
   <div class='ocr_carea' id='block_1_91' title="bbox 62 4622 1572 4697">
    <p class='ocr_par' dir='ltr' id='par_1_91' title="bbox 62 4622 1572 4697">
     <span class='ocr_line' id='line_1_91' title="bbox 62 4622 1572 4697; baseline 0.005 -25"><span class='ocrx_word' id='word_1_733' title='bbox 62 4636 172 4672; x_wconf 89' lang='grc' dir='ltr'>στον</span> <span class='ocrx_word' id='word_1_734' title='bbox 204 4622 419 4691; x_wconf 80' lang='grc' dir='ltr'>βασιλέα</span> <span class='ocrx_word' id='word_1_735' title='bbox 448 4626 679 4694; x_wconf 81' lang='grc' dir='ltr'>μερικῶς</span> <span class='ocrx_word' id='word_1_736' title='bbox 711 4629 1242 4697; x_wconf 84' lang='grc' dir='ltr'>προπεφητευμένων,</span> <span class='ocrx_word' id='word_1_737' title='bbox 1265 4631 1321 4682; x_wconf 87' lang='grc' dir='ltr'>τὸ</span> <span class='ocrx_word' id='word_1_738' title='bbox 1354 4630 1572 4682; x_wconf 88' lang='grc' dir='ltr'>παλαιὸν</span> 
     </span>
    </p>
   </div>
   <div class='ocr_carea' id='block_1_92' title="bbox 60 4702 1569 4788">
    <p class='ocr_par' dir='ltr' id='par_1_92' title="bbox 60 4702 1569 4788">
     <span class='ocr_line' id='line_1_92' title="bbox 60 4702 1569 4788; baseline 0.005 -29"><span class='ocrx_word' id='word_1_739' title='bbox 60 4707 197 4777; x_wconf 81' lang='grc' dir='ltr'>παρὰ</span> <span class='ocrx_word' id='word_1_740' title='bbox 221 4713 332 4774; x_wconf 82' lang='grc' dir='ltr'>τοῖς</span> <span class='ocrx_word' id='word_1_741' title='bbox 360 4711 658 4774; x_wconf 79' lang='grc' dir='ltr'>σπουδαίοις</span> <span class='ocrx_word' id='word_1_742' title='bbox 696 4702 1030 4784; x_wconf 73' lang='grc' dir='ltr'>σωζομένων,</span> <span class='ocrx_word' id='word_1_743' title='bbox 1058 4717 1171 4785; x_wconf 72' lang='grc' dir='ltr'>ἦτοι</span> <span class='ocrx_word' id='word_1_744' title='bbox 1211 4717 1299 4768; x_wconf 79' lang='grc' dir='ltr'>τὸν</span> <span class='ocrx_word' id='word_1_745' title='bbox 1325 4718 1569 4788; x_wconf 81' lang='grc' dir='ltr'>Ἐσδραν,</span> 
     </span>
    </p>
   </div>
   <div class='ocr_carea' id='block_1_93' title="bbox 59 4794 1573 4876">
    <p class='ocr_par' dir='ltr' id='par_1_93' title="bbox 59 4794 1573 4876">
     <span class='ocr_line' id='line_1_93' title="bbox 59 4794 1573 4876; baseline 0.006 -29"><span class='ocrx_word' id='word_1_746' title='bbox 59 4794 89 4864; x_wconf 72' lang='grc' dir='ltr'>ἢ</span> <span class='ocrx_word' id='word_1_747' title='bbox 121 4797 208 4850; x_wconf 86' lang='grc' dir='ltr'><strong>καί</strong></span> <span class='ocrx_word' id='word_1_748' title='bbox 238 4815 385 4860; x_wconf 89' lang='grc' dir='ltr'>τινας</span> <span class='ocrx_word' id='word_1_749' title='bbox 416 4800 648 4869; x_wconf 79' lang='grc' dir='ltr'>ἑτέρους,</span> <span class='ocrx_word' id='word_1_750' title='bbox 678 4803 780 4853; x_wconf 77' lang='grc' dir='ltr'><strong>ὑπὸ</strong></span> <span class='ocrx_word' id='word_1_751' title='bbox 806 4804 928 4872; x_wconf 90' lang='grc' dir='ltr'>μίαν</span> <span class='ocrx_word' id='word_1_752' title='bbox 959 4806 1292 4876; x_wconf 82' lang='grc' dir='ltr'>περιγραφὴν</span> <span class='ocrx_word' id='word_1_753' title='bbox 1325 4807 1573 4872; x_wconf 86' lang='grc' dir='ltr'>συνάγον-</span> 
     </span>
    </p>
   </div>
   <div class='ocr_carea' id='block_1_94' title="bbox 59 4887 1571 4965">
    <p class='ocr_par' dir='ltr' id='par_1_94' title="bbox 59 4887 1571 4965">
     <span class='ocr_line' id='line_1_94' title="bbox 59 4887 1571 4965; baseline 0.009 -32"><span class='ocrx_word' id='word_1_754' title='bbox 59 4900 148 4946; x_wconf 86' lang='grc' dir='ltr'><strong>τας</strong></span> <span class='ocrx_word' id='word_1_755' title='bbox 176 4887 242 4940; x_wconf 77' lang='grc' dir='ltr'><strong>τά</strong></span> <span class='ocrx_word' id='word_1_756' title='bbox 272 4888 479 4958; x_wconf 69' lang='grc' dir='ltr'>ἑκάστῳ</span> <span class='ocrx_word' id='word_1_757' title='bbox 513 4889 618 4942; x_wconf 87' lang='grc' dir='ltr'><strong>τῶν</strong></span> <span class='ocrx_word' id='word_1_758' title='bbox 652 4893 938 4962; x_wconf 83' lang='grc' dir='ltr'>προφητῶν</span> <span class='ocrx_word' id='word_1_759' title='bbox 976 4895 1114 4947; x_wconf 77' lang='grc' dir='ltr'>κατὰ</span> <span class='ocrx_word' id='word_1_760' title='bbox 1143 4897 1358 4965; x_wconf 84' lang='grc' dir='ltr'>χρόνους</span> <span class='ocrx_word' id='word_1_761' title='bbox 1390 4896 1571 4962; x_wconf 83' lang='grc' dir='ltr'>διαφό-</span> 
     </span>
    </p>
   </div>
   <div class='ocr_carea' id='block_1_95' title="bbox 61 4975 1571 5054">
    <p class='ocr_par' dir='ltr' id='par_1_95' title="bbox 61 4975 1571 5054">
     <span class='ocr_line' id='line_1_95' title="bbox 61 4975 1571 5054; baseline 0.007 -27"><span class='ocrx_word' id='word_1_762' title='bbox 61 4991 175 5044; x_wconf 84' lang='grc' dir='ltr'>ρους</span> <span class='ocrx_word' id='word_1_763' title='bbox 206 4975 476 5047; x_wconf 78' lang='grc' dir='ltr'>λεχθέντα,</span> <span class='ocrx_word' id='word_1_764' title='bbox 503 4981 624 5044; x_wconf 82' lang='grc' dir='ltr'>τοὺς</span> <span class='ocrx_word' id='word_1_765' title='bbox 662 4979 903 5050; x_wconf 86' lang='grc' dir='ltr'>πρώτους</span> <span class='ocrx_word' id='word_1_766' title='bbox 942 4985 1346 5054; x_wconf 82' lang='grc' dir='ltr'>εὑρισκομένους</span> <span class='ocrx_word' id='word_1_767' title='bbox 1389 4984 1571 5052; x_wconf 89' lang='grc' dir='ltr'>λόγους</span> 
     </span>
    </p>
   </div>
   <div class='ocr_carea' id='block_1_96' title="bbox 61 5063 1570 5140">
    <p class='ocr_par' dir='ltr' id='par_1_96' title="bbox 61 5063 1570 5140">
     <span class='ocr_line' id='line_1_96' title="bbox 61 5063 1570 5140; baseline 0.011 -29"><span class='ocrx_word' id='word_1_768' title='bbox 61 5063 398 5116; x_wconf 73' lang='grc' dir='ltr'>κατατάσσειν</span> <span class='ocrx_word' id='word_1_769' title='bbox 422 5065 660 5136; x_wconf 86' lang='grc' dir='ltr'>πρώτους</span> <span class='ocrx_word' id='word_1_770' title='bbox 683 5083 695 5096; x_wconf 82' lang='grc'><strong>’</strong></span> <span class='ocrx_word' id='word_1_771' title='bbox 723 5063 816 5120; x_wconf 79' lang='grc' dir='ltr'>εἷθ’</span> <span class='ocrx_word' id='word_1_772' title='bbox 841 5069 962 5138; x_wconf 78' lang='grc' dir='ltr'>ἑξῆς</span> <span class='ocrx_word' id='word_1_773' title='bbox 988 5072 1269 5125; x_wconf 88' lang='grc' dir='ltr'>συνάπτειν</span> <span class='ocrx_word' id='word_1_774' title='bbox 1289 5073 1410 5135; x_wconf 81' lang='grc' dir='ltr'>τοὺς</span> <span class='ocrx_word' id='word_1_775' title='bbox 1438 5073 1570 5140; x_wconf 80' lang='grc' dir='ltr'>μετὰ</span> 
     </span>
    </p>
   </div>
   <div class='ocr_carea' id='block_1_97' title="bbox 59 5148 1570 5231">
    <p class='ocr_par' dir='ltr' id='par_1_97' title="bbox 59 5148 1570 5231">
     <span class='ocr_line' id='line_1_97' title="bbox 59 5148 1570 5231; baseline 0.011 -32"><span class='ocrx_word' id='word_1_776' title='bbox 59 5148 217 5202; x_wconf 83' lang='grc' dir='ltr'>ταῦτα</span> <span class='ocrx_word' id='word_1_777' title='bbox 247 5153 672 5224; x_wconf 80' lang='grc' dir='ltr'>εὑρισκομένους,</span> <span class='ocrx_word' id='word_1_778' title='bbox 699 5160 745 5210; x_wconf 87' lang='grc' dir='ltr'><strong>εί</strong></span> <span class='ocrx_word' id='word_1_779' title='bbox 775 5157 863 5210; x_wconf 85' lang='grc' dir='ltr'>καὶ</span> <span class='ocrx_word' id='word_1_780' title='bbox 891 5160 1121 5227; x_wconf 87' lang='grc' dir='ltr'>προῆγον</span> <span class='ocrx_word' id='word_1_781' title='bbox 1149 5161 1225 5230; x_wconf 82' lang='grc' dir='ltr'>τῷ</span> <span class='ocrx_word' id='word_1_782' title='bbox 1250 5163 1438 5231; x_wconf 85' lang='grc' dir='ltr'>χρόνῳ.</span> <span class='ocrx_word' id='word_1_783' title='bbox 1471 5163 1570 5216; x_wconf 81' lang='grc' dir='ltr'><strong>Τὸν</strong></span> 
     </span>
    </p>
   </div>
   <div class='ocr_carea' id='block_1_98' title="bbox 57 5234 1566 5314">
    <p class='ocr_par' dir='ltr' id='par_1_98' title="bbox 57 5234 1566 5314">
     <span class='ocr_line' id='line_1_98' title="bbox 57 5234 1566 5314; baseline 0.009 -29"><span class='ocrx_word' id='word_1_784' title='bbox 57 5235 98 5285; x_wconf 78' lang='grc' dir='ltr'>δ’</span> <span class='ocrx_word' id='word_1_785' title='bbox 116 5236 268 5290; x_wconf 81' lang='grc' dir='ltr'>αὐτὸν</span> <span class='ocrx_word' id='word_1_786' title='bbox 294 5234 426 5290; x_wconf 74' lang='grc' dir='ltr'>εἶναι</span> <span class='ocrx_word' id='word_1_787' title='bbox 445 5240 596 5306; x_wconf 85' lang='grc' dir='ltr'>λόγον</span> <span class='ocrx_word' id='word_1_788' title='bbox 621 5243 712 5296; x_wconf 75' lang='grc' dir='ltr'><strong>καὶ</strong></span> <span class='ocrx_word' id='word_1_789' title='bbox 735 5245 824 5295; x_wconf 74' lang='grc' dir='ltr'><strong>ἐπὶ</strong></span> <span class='ocrx_word' id='word_1_790' title='bbox 848 5243 944 5312; x_wconf 87' lang='grc' dir='ltr'><strong>τῆς</strong></span> <span class='ocrx_word' id='word_1_791' title='bbox 969 5241 1167 5307; x_wconf 76' lang='grc' dir='ltr'>τάξεως</span> <span class='ocrx_word' id='word_1_792' title='bbox 1187 5246 1290 5297; x_wconf 88' lang='grc' dir='ltr'><strong>τῶν</strong></span> <span class='ocrx_word' id='word_1_793' title='bbox 1312 5245 1566 5314; x_wconf 75' lang='grc' dir='ltr'>Ψαλμῶν,</span> 
     </span>
    </p>
   </div>
   <div class='ocr_carea' id='block_1_99' title="bbox 60 5325 1569 5406">
    <p class='ocr_par' dir='ltr' id='par_1_99' title="bbox 60 5325 1569 5406">
     <span class='ocr_line' id='line_1_99' title="bbox 60 5325 1569 5406; baseline 0.008 -30"><span class='ocrx_word' id='word_1_794' title='bbox 60 5325 268 5379; x_wconf 81' lang='grc' dir='ltr'>καθόλου</span> <span class='ocrx_word' id='word_1_795' title='bbox 302 5329 398 5398; x_wconf 69' lang='grc' dir='ltr'>μὲν</span> <span class='ocrx_word' id='word_1_796' title='bbox 428 5329 691 5396; x_wconf 83' lang='grc' dir='ltr'>ἁπάντων,</span> <span class='ocrx_word' id='word_1_797' title='bbox 727 5333 865 5395; x_wconf 89' lang='grc' dir='ltr'>ίδίως</span> <span class='ocrx_word' id='word_1_798' title='bbox 895 5332 951 5384; x_wconf 87' lang='grc' dir='ltr'>δὲ</span> <span class='ocrx_word' id='word_1_799' title='bbox 983 5335 1074 5386; x_wconf 77' lang='grc' dir='ltr'>καὶ</span> <span class='ocrx_word' id='word_1_800' title='bbox 1099 5334 1204 5385; x_wconf 89' lang='grc' dir='ltr'><strong>τῶν</strong></span> <span class='ocrx_word' id='word_1_801' title='bbox 1232 5333 1364 5404; x_wconf 80' lang='grc' dir='ltr'>μετὰ</span> <span class='ocrx_word' id='word_1_802' title='bbox 1388 5338 1569 5406; x_wconf 84' lang='grc' dir='ltr'>χεῖρας</span> 
     </span>
    </p>
   </div>
   <div class='ocr_carea' id='block_1_100' title="bbox 61 5417 1569 5493">
    <p class='ocr_par' dir='ltr' id='par_1_100' title="bbox 61 5417 1569 5493">
     <span class='ocr_line' id='line_1_100' title="bbox 61 5417 1569 5493; baseline -0.003 -11"><span class='ocrx_word' id='word_1_803' title='bbox 61 5420 179 5487; x_wconf 78' lang='grc' dir='ltr'>ἡμῖν</span> <span class='ocrx_word' id='word_1_804' title='bbox 220 5417 639 5486; x_wconf 69' lang='grc' dir='ltr'>ἐξεταζομένων·</span> <span class='ocrx_word' id='word_1_805' title='bbox 684 5423 731 5473; x_wconf 89' lang='grc' dir='ltr'><strong>εί</strong></span> <span class='ocrx_word' id='word_1_806' title='bbox 780 5422 852 5492; x_wconf 81' lang='grc' dir='ltr'>μὴ</span> <span class='ocrx_word' id='word_1_807' title='bbox 884 5423 987 5492; x_wconf 77' lang='grc' dir='ltr'>ἄρα</span> <span class='ocrx_word' id='word_1_808' title='bbox 1028 5440 1111 5485; x_wconf 87' lang='grc' dir='ltr'><strong>τις</strong></span> <span class='ocrx_word' id='word_1_809' title='bbox 1145 5423 1426 5493; x_wconf 84' lang='grc' dir='ltr'>βαθύτερος</span> <span class='ocrx_word' id='word_1_810' title='bbox 1451 5427 1569 5489; x_wconf 81' lang='grc' dir='ltr'>νοῦς</span> 
     </span>
    </p>
   </div>
   <div class='ocr_carea' id='block_1_101' title="bbox 60 5504 1567 5584">
    <p class='ocr_par' dir='ltr' id='par_1_101' title="bbox 60 5504 1567 5584">
     <span class='ocr_line' id='line_1_101' title="bbox 60 5504 1567 5584; baseline 0.005 -26"><span class='ocrx_word' id='word_1_811' title='bbox 60 5504 314 5559; x_wconf 75' lang='grc' dir='ltr'>λανθάνων</span> <span class='ocrx_word' id='word_1_812' title='bbox 350 5508 490 5584; x_wconf 76' lang='grc' dir='ltr'>ἡμᾶς</span> <span class='ocrx_word' id='word_1_813' title='bbox 529 5507 741 5577; x_wconf 77' lang='grc' dir='ltr'>ἑτέρους</span> <span class='ocrx_word' id='word_1_814' title='bbox 765 5510 910 5573; x_wconf 78' lang='grc' dir='ltr'>τινὰς</span> <span class='ocrx_word' id='word_1_815' title='bbox 936 5510 1218 5581; x_wconf 83' lang='grc' dir='ltr'>λογισμοὺς</span> <span class='ocrx_word' id='word_1_816' title='bbox 1239 5516 1567 5584; x_wconf 78' lang='grc' dir='ltr'>παραστήσει</span> 
     </span>
    </p>
   </div>
   <div class='ocr_carea' id='block_1_102' title="bbox 60 5594 1566 5671">
    <p class='ocr_par' dir='ltr' id='par_1_102' title="bbox 60 5594 1566 5671">
     <span class='ocr_line' id='line_1_102' title="bbox 60 5594 1566 5671; baseline 0.005 -24"><span class='ocrx_word' id='word_1_817' title='bbox 60 5594 147 5658; x_wconf 69' lang='grc' dir='ltr'><strong>τῆς</strong></span> <span class='ocrx_word' id='word_1_818' title='bbox 168 5595 268 5648; x_wconf 82' lang='grc' dir='ltr'><strong>τῶν</strong></span> <span class='ocrx_word' id='word_1_819' title='bbox 299 5596 639 5666; x_wconf 75' lang='grc' dir='ltr'>ὲζητημένων</span> <span class='ocrx_word' id='word_1_820' title='bbox 670 5599 842 5662; x_wconf 87' lang='grc' dir='ltr'>αίτίας</span> <span class='ocrx_word' id='word_1_821' title='bbox 898 5601 978 5653; x_wconf 84' lang='grc' dir='ltr'>Τά</span> <span class='ocrx_word' id='word_1_822' title='bbox 1015 5618 1076 5669; x_wconf 80' lang='grc' dir='ltr'><strong>γε</strong></span> <span class='ocrx_word' id='word_1_823' title='bbox 1135 5601 1238 5669; x_wconf 70' lang='grc' dir='ltr'>μὴν</span> <span class='ocrx_word' id='word_1_824' title='bbox 1269 5604 1396 5671; x_wconf 78' lang='grc' dir='ltr'>ἡμῖν</span> <span class='ocrx_word' id='word_1_825' title='bbox 1439 5604 1566 5654; x_wconf 83' lang='grc' dir='ltr'>ὐπο-</span> 
     </span>
    </p>
   </div>
   <div class='ocr_carea' id='block_1_103' title="bbox 62 5685 1569 5765">
    <p class='ocr_par' dir='ltr' id='par_1_103' title="bbox 62 5685 1569 5765">
     <span class='ocr_line' id='line_1_103' title="bbox 62 5685 1569 5765; baseline 0.009 -30"><span class='ocrx_word' id='word_1_826' title='bbox 62 5685 274 5737; x_wconf 76' lang='grc' dir='ltr'>πεσάντα</span> <span class='ocrx_word' id='word_1_827' title='bbox 314 5687 391 5748; x_wconf 83' lang='grc' dir='ltr'><strong>είς</strong></span> <span class='ocrx_word' id='word_1_828' title='bbox 437 5703 496 5738; x_wconf 78' lang='grc' dir='ltr'><strong>τε</strong></span> <span class='ocrx_word' id='word_1_829' title='bbox 539 5703 635 5756; x_wconf 87' lang='grc' dir='ltr'><strong>την</strong></span> <span class='ocrx_word' id='word_1_830' title='bbox 666 5689 812 5754; x_wconf 76' lang='grc' dir='ltr'>τάξιν</span> <span class='ocrx_word' id='word_1_831' title='bbox 838 5691 953 5743; x_wconf 88' lang='grc' dir='ltr'>Τῶν</span> <span class='ocrx_word' id='word_1_832' title='bbox 990 5692 1117 5745; x_wconf 88' lang='grc' dir='ltr'>υίῶν</span> <span class='ocrx_word' id='word_1_833' title='bbox 1148 5693 1309 5763; x_wconf 80' lang='grc' dir='ltr'>Κορὲ,</span> <span class='ocrx_word' id='word_1_834' title='bbox 1334 5695 1424 5745; x_wconf 66' lang='grc' dir='ltr'><strong>καὶ</strong></span> <span class='ocrx_word' id='word_1_835' title='bbox 1447 5697 1569 5765; x_wconf 63' lang='grc' dir='ltr'><strong>περ)⁸</strong></span> 
     </span>
    </p>
   </div>
   <div class='ocr_carea' id='block_1_104' title="bbox 63 5771 1568 5855">
    <p class='ocr_par' dir='ltr' id='par_1_104' title="bbox 63 5771 1568 5855">
     <span class='ocr_line' id='line_1_104' title="bbox 63 5771 1568 5855; baseline 0.008 -29"><span class='ocrx_word' id='word_1_836' title='bbox 63 5771 150 5841; x_wconf 70' lang='grc' dir='ltr'><strong>τῆς</strong></span> <span class='ocrx_word' id='word_1_837' title='bbox 187 5775 486 5847; x_wconf 80' lang='grc' dir='ltr'>Προσευχῆς</span> <span class='ocrx_word' id='word_1_838' title='bbox 534 5777 623 5831; x_wconf 81' lang='grc' dir='ltr'>τοῦ</span> <span class='ocrx_word' id='word_1_839' title='bbox 667 5780 824 5834; x_wconf 78' lang='grc' dir='ltr'>Δαυῒδ</span> <span class='ocrx_word' id='word_1_840' title='bbox 850 5781 946 5851; x_wconf 82' lang='grc' dir='ltr'><strong>τῆς</strong></span> <span class='ocrx_word' id='word_1_841' title='bbox 975 5783 1074 5855; x_wconf 81' lang='grc' dir='ltr'>πρὸ</span> <span class='ocrx_word' id='word_1_842' title='bbox 1103 5782 1192 5836; x_wconf 80' lang='grc' dir='ltr'>τοῦ</span> <span class='ocrx_word' id='word_1_843' title='bbox 1225 5783 1359 5854; x_wconf 86' lang='grc' dir='ltr'>μετὰ</span> <span class='ocrx_word' id='word_1_844' title='bbox 1389 5787 1568 5853; x_wconf 64' lang='lat' dir='ltr'><strong>verpa:</strong></span> 
     </span>
    </p>
   </div>
   <div class='ocr_carea' id='block_1_105' title="bbox 1670 4626 3189 4697">
    <p class='ocr_par' dir='ltr' id='par_1_105' title="bbox 1670 4626 3189 4697">
     <span class='ocr_line' id='line_1_105' title="bbox 1670 4626 3189 4697; baseline 0.002 -20"><span class='ocrx_word' id='word_1_845' title='bbox 1670 4626 1764 4679; x_wconf 90' lang='lat' dir='ltr'><strong>riis</strong></span> <span class='ocrx_word' id='word_1_846' title='bbox 1789 4628 2134 4696; x_wconf 88' lang='lat' dir='ltr'><strong>temporibus,</strong></span> <span class='ocrx_word' id='word_1_847' title='bbox 2165 4635 2216 4681; x_wconf 90' lang='lat' dir='ltr'><strong>et</strong></span> <span class='ocrx_word' id='word_1_848' title='bbox 2262 4628 2360 4680; x_wconf 88' lang='lat' dir='ltr'><strong>sub</strong></span> <span class='ocrx_word' id='word_1_849' title='bbox 2397 4628 2620 4696; x_wconf 83' lang='lat' dir='ltr'><strong>singulis</strong></span> <span class='ocrx_word' id='word_1_850' title='bbox 2665 4629 2876 4697; x_wconf 84' lang='lat' dir='ltr'><strong>regibus</strong></span> <span class='ocrx_word' id='word_1_851' title='bbox 2905 4631 3189 4697; x_wconf 86' lang='lat' dir='ltr'><strong>separatim</strong></span> 
     </span>
    </p>
   </div>
   <div class='ocr_carea' id='block_1_106' title="bbox 1668 4714 3190 4784">
    <p class='ocr_par' dir='ltr' id='par_1_106' title="bbox 1668 4714 3190 4784">
     <span class='ocr_line' id='line_1_106' title="bbox 1668 4714 3190 4784; baseline 0.003 -17"><span class='ocrx_word' id='word_1_852' title='bbox 1668 4714 1822 4768; x_wconf 78' lang='lat' dir='ltr'><strong>editae</strong></span> <span class='ocrx_word' id='word_1_853' title='bbox 1842 4716 2145 4783; x_wconf 58' lang='lat' dir='ltr'><strong>prophetia,</strong></span> <span class='ocrx_word' id='word_1_854' title='bbox 2170 4731 2198 4766; x_wconf 92' lang='lat' dir='ltr'><strong>a</strong></span> <span class='ocrx_word' id='word_1_855' title='bbox 2229 4715 2484 4769; x_wconf 84' lang='lat' dir='ltr'><strong>studiosis</strong></span> <span class='ocrx_word' id='word_1_856' title='bbox 2501 4717 2793 4784; x_wconf 83' lang='lat' dir='ltr'><strong>antiquitus</strong></span> <span class='ocrx_word' id='word_1_857' title='bbox 2815 4727 3034 4771; x_wconf 68' lang='lat' dir='ltr'><strong>servatae</strong></span> <span class='ocrx_word' id='word_1_858' title='bbox 3059 4717 3190 4772; x_wconf 80' lang='lat' dir='ltr'><strong>fuis-</strong></span> 
     </span>
    </p>
   </div>
   <div class='ocr_carea' id='block_1_107' title="bbox 1670 4800 3186 4874">
    <p class='ocr_par' dir='ltr' id='par_1_107' title="bbox 1670 4800 3186 4874">
     <span class='ocr_line' id='line_1_107' title="bbox 1670 4800 3186 4874; baseline 0.002 -20"><span class='ocrx_word' id='word_1_859' title='bbox 1670 4808 1820 4862; x_wconf 87' lang='lat' dir='ltr'><strong>sent,</strong></span> <span class='ocrx_word' id='word_1_860' title='bbox 1875 4802 1985 4854; x_wconf 90' lang='lat' dir='ltr'><strong>sive</strong></span> <span class='ocrx_word' id='word_1_861' title='bbox 2031 4800 2245 4862; x_wconf 83' lang='lat' dir='ltr'><strong>Esdras,</strong></span> <span class='ocrx_word' id='word_1_862' title='bbox 2291 4801 2402 4854; x_wconf 85' lang='lat' dir='ltr'><strong>sive</strong></span> <span class='ocrx_word' id='word_1_863' title='bbox 2457 4803 2669 4869; x_wconf 82' lang='lat' dir='ltr'><strong>quidam</strong></span> <span class='ocrx_word' id='word_1_864' title='bbox 2699 4804 2809 4867; x_wconf 91' lang='lat' dir='ltr'><strong>alii,</strong></span> <span class='ocrx_word' id='word_1_865' title='bbox 2857 4805 3186 4874; x_wconf 89' lang='lat' dir='ltr'><strong>singulorum</strong></span> 
     </span>
    </p>
   </div>
   <div class='ocr_carea' id='block_1_108' title="bbox 1670 4887 3187 4959">
    <p class='ocr_par' dir='ltr' id='par_1_108' title="bbox 1670 4887 3187 4959">
     <span class='ocr_line' id='line_1_108' title="bbox 1670 4887 3187 4959; baseline 0.003 -20"><span class='ocrx_word' id='word_1_866' title='bbox 1670 4888 2044 4956; x_wconf 85' lang='lat' dir='ltr'><strong>prophetarum</strong></span> <span class='ocrx_word' id='word_1_867' title='bbox 2071 4887 2232 4952; x_wconf 80' lang='lat' dir='ltr'><strong>dicta,</strong></span> <span class='ocrx_word' id='word_1_868' title='bbox 2265 4889 2428 4942; x_wconf 85' lang='lat' dir='ltr'><strong>variis</strong></span> <span class='ocrx_word' id='word_1_869' title='bbox 2455 4891 2783 4958; x_wconf 89' lang='lat' dir='ltr'><strong>temporibus</strong></span> <span class='ocrx_word' id='word_1_870' title='bbox 2829 4895 3049 4959; x_wconf 86' lang='lat' dir='ltr'><strong>prolata,</strong></span> <span class='ocrx_word' id='word_1_871' title='bbox 3081 4909 3187 4944; x_wconf 88' lang='lat' dir='ltr'><strong>uno</strong></span> 
     </span>
    </p>
   </div>
   <div class='ocr_carea' id='block_1_109' title="bbox 1668 4971 3188 5050">
    <p class='ocr_par' dir='ltr' id='par_1_109' title="bbox 1668 4971 3188 5050">
     <span class='ocr_line' id='line_1_109' title="bbox 1668 4971 3188 5050; baseline 0.005 -20"><span class='ocrx_word' id='word_1_872' title='bbox 1668 4973 1936 5030; x_wconf 75' lang='lat' dir='ltr'><strong>volumine</strong></span> <span class='ocrx_word' id='word_1_873' title='bbox 1973 4971 2496 5035; x_wconf 81' lang='lat' dir='ltr'><strong>circumscribentcs.</strong></span> <span class='ocrx_word' id='word_1_874' title='bbox 2529 4994 2589 5032; x_wconf 90' lang='lat' dir='ltr'><strong>ea</strong></span> <span class='ocrx_word' id='word_1_875' title='bbox 2624 4996 2740 5048; x_wconf 69' lang='lat' dir='ltr'><strong>quae</strong></span> <span class='ocrx_word' id='word_1_876' title='bbox 2767 4982 2936 5048; x_wconf 88' lang='lat' dir='ltr'><strong>primo</strong></span> <span class='ocrx_word' id='word_1_877' title='bbox 2983 4991 3188 5050; x_wconf 72' lang='lat' dir='ltr'><strong>reperta</strong></span> 
     </span>
    </p>
   </div>
   <div class='ocr_carea' id='block_1_110' title="bbox 1669 5067 3188 5141">
    <p class='ocr_par' dir='ltr' id='par_1_110' title="bbox 1669 5067 3188 5141">
     <span class='ocr_line' id='line_1_110' title="bbox 1669 5067 3188 5141; baseline 0.004 -21"><span class='ocrx_word' id='word_1_878' title='bbox 1669 5067 1898 5128; x_wconf 80' lang='lat' dir='ltr'><strong>fuerant,</strong></span> <span class='ocrx_word' id='word_1_879' title='bbox 1930 5067 2099 5135; x_wconf 92' lang='lat' dir='ltr'><strong>primo</strong></span> <span class='ocrx_word' id='word_1_880' title='bbox 2135 5067 2250 5121; x_wconf 84' lang='lat' dir='ltr'><strong>loco</strong></span> <span class='ocrx_word' id='word_1_881' title='bbox 2279 5078 2590 5137; x_wconf 88' lang='lat' dir='ltr'><strong>posuerunt,</strong></span> <span class='ocrx_word' id='word_1_882' title='bbox 2620 5071 2810 5124; x_wconf 89' lang='lat' dir='ltr'><strong>deinde</strong></span> <span class='ocrx_word' id='word_1_883' title='bbox 2845 5086 2907 5123; x_wconf 88' lang='lat' dir='ltr'><strong>ea</strong></span> <span class='ocrx_word' id='word_1_884' title='bbox 2941 5086 3058 5140; x_wconf 67' lang='lat' dir='ltr'><strong>quae</strong></span> <span class='ocrx_word' id='word_1_885' title='bbox 3089 5089 3188 5141; x_wconf 83' lang='lat' dir='ltr'><strong>po-</strong></span> 
     </span>
    </p>
   </div>
   <div class='ocr_carea' id='block_1_111' title="bbox 1669 5156 3186 5225">
    <p class='ocr_par' dir='ltr' id='par_1_111' title="bbox 1669 5156 3186 5225">
     <span class='ocr_line' id='line_1_111' title="bbox 1669 5156 3186 5225; baseline 0.005 -16"><span class='ocrx_word' id='word_1_886' title='bbox 1669 5164 1778 5209; x_wconf 87' lang='lat' dir='ltr'><strong>stea</strong></span> <span class='ocrx_word' id='word_1_887' title='bbox 1836 5156 1901 5208; x_wconf 86' lang='lat' dir='ltr'><strong>ad</strong></span> <span class='ocrx_word' id='word_1_888' title='bbox 1967 5171 2182 5210; x_wconf 90' lang='lat' dir='ltr'><strong>manum</strong></span> <span class='ocrx_word' id='word_1_889' title='bbox 2239 5168 2530 5220; x_wconf 86' lang='lat' dir='ltr'><strong>venerunt,</strong></span> <span class='ocrx_word' id='word_1_890' title='bbox 2582 5159 2920 5225; x_wconf 79' lang='lat' dir='ltr'><strong>subjunxere,</strong></span> <span class='ocrx_word' id='word_1_891' title='bbox 2976 5160 3186 5216; x_wconf 86' lang='lat' dir='ltr'><strong>etiamsi</strong></span> 
     </span>
    </p>
   </div>
   <div class='ocr_carea' id='block_1_112' title="bbox 1667 5247 3185 5320">
    <p class='ocr_par' dir='ltr' id='par_1_112' title="bbox 1667 5247 3185 5320">
     <span class='ocr_line' id='line_1_112' title="bbox 1667 5247 3185 5320; baseline 0.001 -18"><span class='ocrx_word' id='word_1_892' title='bbox 1667 5254 1901 5313; x_wconf 83' lang='lat' dir='ltr'><strong>tempore</strong></span> <span class='ocrx_word' id='word_1_893' title='bbox 1926 5248 2195 5315; x_wconf 59' lang='lat' dir='ltr'><strong>praeirent.</strong></span> <span class='ocrx_word' id='word_1_894' title='bbox 2223 5247 2418 5302; x_wconf 87' lang='lat' dir='ltr'><strong>Eadem</strong></span> <span class='ocrx_word' id='word_1_895' title='bbox 2449 5264 2574 5302; x_wconf 89' lang='lat' dir='ltr'><strong>vero</strong></span> <span class='ocrx_word' id='word_1_896' title='bbox 2599 5251 2802 5302; x_wconf 85' lang='lat' dir='ltr'><strong>ratione</strong></span> <span class='ocrx_word' id='word_1_897' title='bbox 2824 5247 3018 5303; x_wconf 86' lang='lat' dir='ltr'><strong>Psalmi</strong></span> <span class='ocrx_word' id='word_1_898' title='bbox 3048 5251 3185 5320; x_wconf 84' lang='lat' dir='ltr'><strong>dige-</strong></span> 
     </span>
    </p>
   </div>
   <div class='ocr_carea' id='block_1_113' title="bbox 1667 5336 3184 5406">
    <p class='ocr_par' dir='ltr' id='par_1_113' title="bbox 1667 5336 3184 5406">
     <span class='ocr_line' id='line_1_113' title="bbox 1667 5336 3184 5406; baseline 0.001 -16"><span class='ocrx_word' id='word_1_899' title='bbox 1667 5336 1735 5390; x_wconf 88' lang='lat' dir='ltr'><strong>sti</strong></span> <span class='ocrx_word' id='word_1_900' title='bbox 1765 5343 1907 5399; x_wconf 88' lang='lat' dir='ltr'><strong>sunt,</strong></span> <span class='ocrx_word' id='word_1_901' title='bbox 1938 5339 2052 5392; x_wconf 85' lang='lat' dir='ltr'><strong>sive</strong></span> <span class='ocrx_word' id='word_1_902' title='bbox 2086 5353 2270 5392; x_wconf 88' lang='lat' dir='ltr'><strong>omnes</strong></span> <span class='ocrx_word' id='word_1_903' title='bbox 2299 5353 2404 5391; x_wconf 91' lang='lat' dir='ltr'><strong>una</strong></span> <span class='ocrx_word' id='word_1_904' title='bbox 2433 5346 2760 5406; x_wconf 88' lang='lat' dir='ltr'><strong>spectentur,</strong></span> <span class='ocrx_word' id='word_1_905' title='bbox 2800 5339 2912 5392; x_wconf 90' lang='lat' dir='ltr'><strong>sive</strong></span> <span class='ocrx_word' id='word_1_906' title='bbox 2960 5342 2994 5392; x_wconf 90' lang='lat' dir='ltr'><strong>ii</strong></span> <span class='ocrx_word' id='word_1_907' title='bbox 3039 5355 3184 5394; x_wconf 83' lang='lat' dir='ltr'><strong>seor-</strong></span> 
     </span>
    </p>
   </div>
   <div class='ocr_carea' id='block_1_114' title="bbox 1667 5425 3184 5497">
    <p class='ocr_par' dir='ltr' id='par_1_114' title="bbox 1667 5425 3184 5497">
     <span class='ocr_line' id='line_1_114' title="bbox 1667 5425 3184 5497; baseline 0.001 -17"><span class='ocrx_word' id='word_1_908' title='bbox 1667 5426 1763 5480; x_wconf 89' lang='lat' dir='ltr'><strong>sim</strong></span> <span class='ocrx_word' id='word_1_909' title='bbox 1788 5440 1920 5495; x_wconf 89' lang='lat' dir='ltr'><strong>quos</strong></span> <span class='ocrx_word' id='word_1_910' title='bbox 1948 5428 2409 5495; x_wconf 60' lang='lat' dir='ltr'><strong>jam‘tractamus.</strong></span> <span class='ocrx_word' id='word_1_911' title='bbox 2450 5427 2560 5481; x_wconf 89' lang='lat' dir='ltr'><strong>Nisi</strong></span> <span class='ocrx_word' id='word_1_912' title='bbox 2606 5425 2831 5482; x_wconf 77' lang='lat' dir='ltr'><strong>fortasse</strong></span> <span class='ocrx_word' id='word_1_913' title='bbox 2871 5429 3184 5497; x_wconf 76' lang='lat' dir='ltr'><strong>profundior</strong></span> 
     </span>
    </p>
   </div>
   <div class='ocr_carea' id='block_1_115' title="bbox 1667 5514 3183 5585">
    <p class='ocr_par' dir='ltr' id='par_1_115' title="bbox 1667 5514 3183 5585">
     <span class='ocr_line' id='line_1_115' title="bbox 1667 5514 3183 5585; baseline 0.003 -19"><span class='ocrx_word' id='word_1_914' title='bbox 1667 5514 1839 5582; x_wconf 89' lang='lat' dir='ltr'><strong>aliqua</strong></span> <span class='ocrx_word' id='word_1_915' title='bbox 1869 5515 2190 5585; x_wconf 82' lang='lat' dir='ltr'><strong>intelligendi</strong></span> <span class='ocrx_word' id='word_1_916' title='bbox 2233 5520 2386 5582; x_wconf 89' lang='lat' dir='ltr'><strong>ratio,</strong></span> <span class='ocrx_word' id='word_1_917' title='bbox 2421 5518 2576 5572; x_wconf 92' lang='lat' dir='ltr'><strong>nobis</strong></span> <span class='ocrx_word' id='word_1_918' title='bbox 2607 5519 2836 5578; x_wconf 89' lang='lat' dir='ltr'><strong>occulta,</strong></span> <span class='ocrx_word' id='word_1_919' title='bbox 2871 5521 3025 5570; x_wconf 85' lang='lat' dir='ltr'><strong>aliam</strong></span> <span class='ocrx_word' id='word_1_920' title='bbox 3055 5534 3183 5570; x_wconf 90' lang='lat' dir='ltr'><strong>cau-</strong></span> 
     </span>
    </p>
   </div>
   <div class='ocr_carea' id='block_1_116' title="bbox 1667 5606 3182 5675">
    <p class='ocr_par' dir='ltr' id='par_1_116' title="bbox 1667 5606 3182 5675">
     <span class='ocr_line' id='line_1_116' title="bbox 1667 5606 3182 5675; baseline 0.001 -15"><span class='ocrx_word' id='word_1_921' title='bbox 1667 5622 1777 5660; x_wconf 86' lang='lat' dir='ltr'><strong>sam</strong></span> <span class='ocrx_word' id='word_1_922' title='bbox 1806 5606 1870 5659; x_wconf 84' lang='lat' dir='ltr'><strong>ad</strong></span> <span class='ocrx_word' id='word_1_923' title='bbox 1896 5609 2214 5674; x_wconf 67' lang='lat' dir='ltr'><strong>quaestiones</strong></span> <span class='ocrx_word' id='word_1_924' title='bbox 2238 5609 2549 5662; x_wconf 87' lang='lat' dir='ltr'><strong>solutionem</strong></span> <span class='ocrx_word' id='word_1_925' title='bbox 2582 5608 2781 5662; x_wconf 74' lang='lat' dir='ltr'><strong>aﬂerat.</strong></span> <span class='ocrx_word' id='word_1_926' title='bbox 2813 5608 2892 5659; x_wconf 80' lang='lat' dir='ltr'><strong>Ea</strong></span> <span class='ocrx_word' id='word_1_927' title='bbox 2915 5622 3039 5660; x_wconf 89' lang='lat' dir='ltr'><strong>vero</strong></span> <span class='ocrx_word' id='word_1_928' title='bbox 3066 5624 3182 5675; x_wconf 64' lang='lat' dir='ltr'><strong>qua:</strong></span> 
     </span>
    </p>
   </div>
   <div class='ocr_carea' id='block_1_117' title="bbox 1665 5695 3182 5765">
    <p class='ocr_par' dir='ltr' id='par_1_117' title="bbox 1665 5695 3182 5765">
     <span class='ocr_line' id='line_1_117' title="bbox 1665 5695 3182 5765; baseline 0.001 -17"><span class='ocrx_word' id='word_1_929' title='bbox 1665 5695 1729 5751; x_wconf 89' lang='lat' dir='ltr'><strong>de</strong></span> <span class='ocrx_word' id='word_1_930' title='bbox 1760 5695 1942 5750; x_wconf 88' lang='lat' dir='ltr'><strong>ordine</strong></span> <span class='ocrx_word' id='word_1_931' title='bbox 1965 5699 2284 5765; x_wconf 89' lang='lat' dir='ltr'><strong>psalmorum</strong></span> <span class='ocrx_word' id='word_1_932' title='bbox 2308 5695 2561 5750; x_wconf 84' lang='lat' dir='ltr'><strong>Filiorum</strong></span> <span class='ocrx_word' id='word_1_933' title='bbox 2583 5697 2736 5760; x_wconf 89' lang='lat' dir='ltr'><strong>Core,</strong></span> <span class='ocrx_word' id='word_1_934' title='bbox 2767 5704 2818 5749; x_wconf 92' lang='lat' dir='ltr'><strong>et</strong></span> <span class='ocrx_word' id='word_1_935' title='bbox 2848 5695 2912 5748; x_wconf 89' lang='lat' dir='ltr'><strong>de</strong></span> <span class='ocrx_word' id='word_1_936' title='bbox 2931 5695 3182 5750; x_wconf 84' lang='lat' dir='ltr'><strong>Oratione</strong></span> 
     </span>
    </p>
   </div>
   <div class='ocr_carea' id='block_1_118' title="bbox 1667 5786 3180 5859">
    <p class='ocr_par' dir='ltr' id='par_1_118' title="bbox 1667 5786 3180 5859">
     <span class='ocr_line' id='line_1_118' title="bbox 1667 5786 3180 5859; baseline 0.001 -22"><span class='ocrx_word' id='word_1_937' title='bbox 1667 5786 1874 5843; x_wconf 75' lang='lat' dir='ltr'><strong>Davidis</strong></span> <span class='ocrx_word' id='word_1_938' title='bbox 1903 5804 2018 5859; x_wconf 74' lang='lat' dir='ltr'><strong>quae</strong></span> <span class='ocrx_word' id='word_1_939' title='bbox 2054 5796 2173 5844; x_wconf 87' lang='lat' dir='ltr'><strong>ante</strong></span> <span class='ocrx_word' id='word_1_940' title='bbox 2194 5789 2334 5844; x_wconf 83' lang='lat' dir='ltr'><strong>hunc</strong></span> <span class='ocrx_word' id='word_1_941' title='bbox 2363 5790 2622 5857; x_wconf 88' lang='lat' dir='ltr'><strong>psalmum</strong></span> <span class='ocrx_word' id='word_1_942' title='bbox 2661 5787 2830 5856; x_wconf 87' lang='lat' dir='ltr'><strong>posita</strong></span> <span class='ocrx_word' id='word_1_943' title='bbox 2885 5795 2937 5843; x_wconf 88' lang='lat' dir='ltr'><strong>et</strong></span> <span class='ocrx_word' id='word_1_944' title='bbox 2981 5788 3037 5840; x_wconf 85' lang='lat' dir='ltr'><strong>in</strong></span> <span class='ocrx_word' id='word_1_945' title='bbox 3067 5800 3180 5839; x_wconf 74' lang='lat' dir='ltr'><strong>nio-</strong></span> 
     </span>
    </p>
   </div>
  </div>
