3974 6354
130 423 261 480 1045

1300 422 1793 480 (ΖΟΜΜΕΝΤΔΒΙΔ
1831 423 1897 478 ΙΝ
1937 420 2271 478 ιιειιιιιοε.

3182 408 3314 465 ισιι,

190 540 305 613 Τῆς
327 540 417 595 οὖν
444 541 701 614 μεγίστης
726 540 924 612 ταύτης
1074 538 1404 611 θεοπρεποῦς
1442 542 1661 605 πόλεως,

1835 540 2006 611 Hujus
2035 540 2214 608 itaque
2246 533 2566 589 maximm’et
2593 532 2699 586 Deo
2725 530 2900 600 dignm
2931 525 3186 588 civitatis,
3207 523 3317 579 sci-

124 630 259 701 λέγω
285 632 344 687 δὲ
363 636 459 703 τῆς
483 633 576 687 τοῦ
602 634 735 687 Θεοῦ
775 631 1112 703 Ἐκκλησίας,
1132 632 1224 685 καὶ
1249 630 1340 683 τοῦ
1365 633 1482 685 κατ’
1504 631 1671 703 αὐτὴν

125 726 510 795 ἐμφαινομένου
560 725 837 789 θεοσεϐοῦς
886 725 1293 797 πολιτεύματος,
1338 727 1386 779 οἱ
1434 724 1670 796 θεμέλιοι

122 818 473 887 τυγχάνουσιν
501 820 561 871 ἐν
592 820 703 881 τοῖς
740 817 891 888 ὄρεσι
915 821 1025 881 τοῖς
1049 818 1573 890 ἁγίοις.νἙρμηνεύει
1612 818 1669 872 δὲ

124 906 206 959 τὸν
256 905 413 973 λόγον
456 909 485 960 ὁ
520 906 831 970 ’Δπόστολος
866 904 1118 982 φάσκων⁵
1163 908 1672 978 Ἐποικοδομηθέν-

124 1013 212 1062 τες
246 998 346 1051 ἐπὶ
373 996 452 1064 τῷ
479 984 724 1067 θεμελίῳ
763 997 880 1051 τῶν
924 998 1281 1053 ἀποστόλων
1306 999 1404 1053 καὶ
1448 1015 1671 1069 προφη-

106 1087 252 1153 τῶν,
294 1089 464 1156 ὄντος
496 1090 918 1158 ἀκρογωνιαίου
947 1091 1130 1155 αὐτοῦ
1164 1091 1360 1160 Ἰησοῦ
1392 1093 1667 1161 Χριστοῦ.

121 1181 224 1233 Καὶ
273 1182 448 1245 ἄλλως
492 1184 549 1237 δὲ
591 1183 641 1236 0i
682 1182 916 1254 θεμέλιοι
954 1184 1115 1238 αὐτοῦ
1140 1182 1239 1239 οὐκ
1264 1184 1496 1239 ἐνταῦθα
1522 1166 1671 1240 κάτω

121 1272 208 1323 καὶ
234 1273 364 1343 παρῗ
389 1274 534 1343 ἡμᾶς
561 1274 932 1344 τυγχάνουσιν,
956 1275 1067 1329 ἀλλ’
1093 1276 1205 1330 ἄνω
1227 1292 1330 1328 που
1360 1277 1450 1330 καὶ
1480 1278 1535 1329 ἐν
1559 1281 1671 1341 τοῖς

122 1358 467 1428 καλουμένοις
503 1362 677 1429 ἁγίοις
703 1361 873 1434 θρεσι.
905 1362 995 1415 Διὸ
1020 1362 1294 1416 λέλεκται·
1326 1362 1669 1432 atomum

119 1449 300 1503 αὐτοῦ
339 1450 408 1502 ἐν
447 1449 570 1516 τοῖς
596 1450 759 1518 ὄρεσι
781 1452 905 1519 τοῖς
934 1453 1140 1523 ἁγίοις.
1172 1448 1296 1508 Εἶεν
1331 1455 1362 1504 δ
1407 1452 1472 1506 ἂν
1498 1453 1669 1508 ταῦτα

120 1538 182 1589 τὰ
205 1538 309 1609 ὅρη
334 1540 381 1591 οἱ
408 1540 627 1611 οὐρανοὶ
656 1542 763 1596 τῶν
792 1542 1051 1614 οὐρανῶν,
1082 1540 1210 1595 ἔνθα
1244 1541 1302 1594 τὸ
1343 1538 1483 1613 μέγα
1514 1528 1667 1596 πολί-

119 1645 289 1698 τευμα
311 1628 407 1697 τῆς
437 1631 754 1701 ἐπουρανίου
779 1620 936 1695 Σιὼν,
961 1631 1054 1686 καὶ
1076 1631 1176 1702 τῆς
1196 1631 1408 1705 ἀληθῶς
1433 1632 1668 1704 μεγάλης

117 1719 207 1773 τοῦ
231 1718 365 1773 Θεοῦ
395 1721 602 1786 πόλεως
633 1723 975 1795 συνέστηκεν.
1002 1724 1116 1777 οὐκ
1135 1723 1265 1795 ἐμὸς
1290 1724 1348 1777 δὲ
1372 1718 1521 1788 οὗτος
1538 1726 1567 1777 ὁ
1585 1725 1668 1784 λότ

120 1824 227 1876 γος,
258 1809 392 1862 ἀλλὰ
422 1811 514 1864 καὶ
546 1811 705 1875 αὐτὸς
738 1811 834 1865 τοῦ
864 1814 1127 1882 φήσαντος
1142 1813 1486 1867 Ἀποστόλου·
1505 1814 1581 1870 .Ἠ
1603 1813 1670 1869 δὲ

1768 633 1893 687 licet
1940 630 2194 685 Ecclesiae
2253 626 2368 690 Dei,
2394 633 2445 680 ct
2479 624 2569 693 pii.
2604 621 2837 677 instituti
2862 620 2941 673 in'
2973 633 3037 673 ea
3095 613 3315 678 servati,

1769 722 2115 778 funidamenta
2136 726 2261 773 sunt
2282 718 2341 771 in
2366 715 2637 771 montibus
2666 710 2888 767 sanctis.
2911 708 3113 763 Locum
3139 712 3317 759 autem

1769 812 2000 881 explicat
2032 808 2321 879 Apostolus
2347 804 2431 859 his
2470 803 2651 857 verbis
2677 819 2689 854 :
2717 795 3133 868 Supermdiﬁcati
3161 807 3315 861 super

1768 902 2164 972 fundamentum
2188 898 2541 967 apostolorum
2567 905 2615 949 et
2631 891 3018 962 prophetarum,
3036 887 3148 955 ipso
3168 898 3315 947 sum-

1769 1009 1875 1056 mo,
1890 992 2132 1062 angulari
2176 987 2348 1057 lapide
2387 985 2517 1040 Jesu
2545 984 2754 1039 Christo
2775 983 2843 1034 τ’.
2874 978 2939 1032 Ει
2972 991 3099 1033 vero
3120 975 3315 1030 funda-

1769 1099 1948 1140 menta
1980 1073 2101 1153 ejus
2135 1097 2245 1137 non
2278 1080 2504 1134 inlerius
2536 1077 2712 1145 posita
2740 1082 2792 1127 et
2822 1086 2988 1142 penes
3016 1082 3119 1124 nos
3156 1072 3311 1132 sunt;

1769 1175 2146 1239 sedsursum,
2170 1180 2224 1227 et
2251 1171 2315 1223 in‘
2338 1169 2406 1224 iis
2430 1168 2529 1237 qui
2562 1173 2774 1219 utentes
2815 1160 2987 1216 sancti
3026 1165 3310 1212 vocantur.

1768 1266 1948 1331 Quare
1992 1263 2214 1327 dicitur,
2251 1259 2622 1314 Fundamenta
2666 1255 2777 1324 ejus
2810 1255 2863 1306 in
2896 1249 3159 1311 montibus
3185 1264 3313 1302 san-

1766 1358 1887 1409 ctis.
1932 1354 2014 1408 Illi
2061 1366 2222 1423 porro
2251 1359 2466 1406 montes
2499 1346 2692 1411 sancti,
2724 1351 2852 1398 sunt
2880 1341 3002 1396 cceli
3025 1338 3308 1399 cmlorum,

1740 1446 1859 1500 ubi
1906 1460 2157 1514 magnum
2206 1442 2337 1497 illud
2374 1441 2680 1496 institutum
2731 1433 2966 1490 ccelestis
3025 1428 3207 1485 Sionis
3257 1435 3312 1481 et

1766 1551 1894 1607 vere
1918 1549 2126 1604 magnae
2152 1533 2248 1587 Dei
2269 1530 2506 1587 civitatis
2542 1527 2811 1582 consistit.
2834 1523 3017 1593 Neque
3039 1535 3192 1576 meus
3221 1518 3313 1573 hic

1768 1641 1946 1684 sermo
1974 1631 2078 1689 est,
2095 1623 2189 1681 sed
2218 1622 2461 1692 ejusdem
2488 1618 2731 1690 Apostoli
2762 1617 2992 1672 dicentis
3019 1633 3031 1668 :
3060 1612 3170 1668 Illa
3193 1624 3311 1666 vero

1767 1734 1880 1789 qut:
1926 1732 2134 1771 sursum
2189 1723 2267 1770 est
2320 1710 2634 1788 Jerusalem,
2690 1708 2853 1761 libera
2907 1714 3023 1793 est,
3066 1717 3184 1774 qua
3231 1705 3312 1757 est

1769 1820 1937 1865 mater
1963 1817 2143 1863 nostra
2170 1806 2244 1871 3°;
2271 1812 2345 1869 et,
2370 1802 2676 1858 Accessistis
2726 1799 2794 1852 ad
2825 1796 2953 1852 Sion
2988 1804 3233 1859 montem,
3257 1798 3312 1847 et

119 1898 234 1952 ἅνω
273 1899 652 1970 Ἰερουσαλὴμ
680 1880 959 1971 ἐλευθέρα
997 1903 1186 1968 ἐστίν,
1222 1903 1355 1973 ἥτις
1381 1905 1512 1959 ἐστὶ
1554 1906 1661 1977 lui."

1769 1900 2027 1953 civitatem
2068 1895 2166 1949 Dei
2206 1893 2442 1957 viventis,
2478 1888 2773 1945 Jerusalem
2797 1885 3072 1949 ccelestem,
3099 1891 3151 1937 et
3174 1880 3309 1935 mul-

120 2004 224 2056 tnp
280 1988 464 2058 ἡμῶν,
508 1992 600 2045 καί
620 2009 633 2023 ·
670 1986 1167 2060 Προσεληλύθατεκ
1211 1997 1363 2049 Σιὼν
1408 1994 1527 2063 ὄρει
1570 1991 1667 2053 καὶ

122 2080 286 2132 πόλει
327 2081 472 2133 Θεοῦ
511 2080 740 2148 ζῶντος,
759 2082 1139 2152 Ἰερουσαλὴμ
1176 2084 1523 2152 ἐπουρανίῳ,
1568 2086 1665 2140 καὶ

118 2170 392 2253 μυριάσιν
405 2170 671 2239 ἀγγέλων
687 2174 1036 2243 πανηγύρει,
1054 2173 1151 2228 καί
1185 2174 1503 2253 Ἐκκλησία
1524 2162 1669 2244 πρω-

122 2261 369 2313 τοτόκων
420 2262 952 2333 ἀπογεγραμμένων
1002 2264 1071 2337 ἐν
1120 2264 1412 2332 οίιρανοῖς.
1444 2252 1666 2336 ’Ταύτης

118 2346 206 2403 οὖν
235 2354 331 2422 τῆς
366 2352 604 2423 μεγάλης
634 2355 834 2418 πόλεως
865 2353 957 2408 τοῦ
990 2339 1124 2437 Θεοῦ
1165 2355 1327 2410 εἰκὼν
1361 2358 1459 2428 μὲν
1484 2373 1568 2427 ειη
1600 2356 1665 2409 ἂν

121 2442 155 2513 η
194 2443 283 2495 ἐπὶ
328 2444 429 2514 γῆς
466 2443 754 2517 Ἐκκλησία
785 2446 878 2500 τοῦ
911 2447 1078 2501 Θεοῦ’
1122 2446 1191 2501 τὰ
1227 2448 1283 2501 δὲ
1325 2449 1663 2518 στηρίγματα

121 2535 281 2605 αὐτῆς
327 2537 420 2589 καὶ
467 2535 721 2605 θεμέλιοι,
751 2539 800 2590 οἱ
848 2539 906 2591 ἐν
950 2540 1058 2602 τοῖς
1100 2538 1504 2609 ἀποδεδομένοις
1532 2540 1663 2609 ημῖν

122 2626 287 2692 ἁγίοις
312 2627 493 2697 ὄρεσιν
513 2628 893 2698 ὕφεστήκασιν·
923 2632 979 2684 αἱ
1005 2622 1062 2685 δὲ
1087 2631 1280 2685 εἴσοδοι
1312 2631 1405 2685 καὶ
1431 2632 1489 2685 αἱ
1512 2629 1663 2700 πρῶ-

122 2731 203 2767 ται
248 2717 608 2786 στοιχειώσεις
661 2720 828 2790 αὐτῆς
876 2721 1088 2791 ἐκείνης
1128 2722 1227 2789 τῆς
1266 2720 1664 2793 οὐρανοπόλεως

124 2802 343 2857 ἐνταῦθα
374 2806 693 2876 τυγχάνουσι
744 2810 869 2880 παρ’
896 2811 1264 2882 ἡμῖν.”Ασπερ
1308 2811 1540 2875 εἰσόδους
1571 2813 1663 2865 καὶ

121 2895 416 2963 εἰσαγωγὰς
443 2897 537 2949 τοῦ
568 2897 849 2963 θεοσεϐοῦς
879 2900 1267 2972 πολιτεύματος
1317 2902 1488 2966 πύλας
1534 2902 1662 2958 ὠνό-

126 2999 254 3050 μασε
275 2985 411 3039 Σιὼν
434 2987 627 3056 ὁλόγος
665 2988 885 3057 φάσκων
902 3007 915 3021 ο
963 2990 1176 3057 Ἆγαπᾷ
1197 2994 1411 3059 Κύριος
1436 2992 1542 3058 τὰς
1558 2992 1663 3047 πύ-

122 3077 227 3140 λας
282 3075 437 3131 Σιὼν
502 3078 651 3146 ὑπὲρ
704 3079 897 3133 πάντα
948 3082 1018 3134 τὰ
1065 3081 1417 3151 σκηνώματα
1450 3083 1657 3138 Ἰακώϐ.

127 3162 453 3235 Σκηνώματα
475 3167 533 3221 δὲ
570 3168 756 3221 Ἰακὼὸ
785 3171 840 3222 αἱ
874 3170 1155 3225 Ἰουδαικαὶ
1198 3159 1537 3243 παραδόσεις,
1567 3176 1657 3226 καὶ

1769 2001 1939 2060 rerum
1965 1984 2191 2039 millium
2223 1982 2525 2054 angelorum
2553 1977 2915 2050 frequentiam,
2938 1983 2988 2028 et
3020 1971 3309 2060 Ecclesium

1761 2078 2142 2146 primitivorum
2191 2075 2281 2144 qui
2330 2072 2579 2145 descripti
2610 2077 2745 2129 sunt
2782 2069 2836 2121 in
2875 2064 3014 2121 caelis
3036 2061 3101 2119 ⁸⁸.
3133 2059 3306 2141 Hujus

1761 2172 1942 2238 itaque
1990 2180 2197 2237 magna:
2243 2164 2335 2219 Dei
2390 2162 2625 2218 civitatis
2654 2161 2830 2229 imago
2874 2153 3033 2211 fuerit
3067 2150 3307 2207 Ecclesia

1765 2258 1878 2326 Dei,
1911 2273 2033 2327 quae
2059 2263 2142 2314 est
2168 2256 2223 2310 in
2252 2262 2427 2321 terra;
2470 2253 2640 2306 fulcra
2668 2260 2843 2306 autem
2866 2255 2922 2305 et
2956 2244 3305 2327 fundamenta

1722 2358 1725 2373 '
1760 2352 1880 2421 ejus
1906 2366 1979 2407 ea
2016 2355 2164 2412 sunt,
2191 2362 2311 2417 quae
2350 2349 2599 2417 superius
2630 2361 2723 2417 per
2753 2350 2963 2400 montes
2995 2345 3211 2398 sanctos
3237 2337 3307 2391 si-

1728 2508 1731 2511 Ἴ
1759 2439 2002 2511 gniﬁcari
2036 2437 2395 2504 tradidimus;
2427 2436 2905 2507 ingressus'autem
2926 2439 2980 2489 et
3003 2432 3158 2503 primi
3190 2428 3305 2484 adi-

1759 2536 1849 2587 tus
1878 2529 2116 2585 cmlestis
2147 2528 2297 2585 illius
2324 2528 2559 2583 civitatis
2607 2527 2747 2597 apud
2778 2541 2877 2582 nos
2910 2530 3055 2581 sunt.
3090 2522 3193 2588 Qul
3222 2521 3305 2574 in-

1758 2635 1978 2693 gressus
1998 2629 2057 2675 et
2083 2620 2263 2676 aditus
2285 2620 2353 2675 ad
2377 2620 2688 2690 religiosum
2720 2617 2849 2673 illud
2871 2616 3196 2678 institutum,
3214 2613 3304 2667 hic

1760 2721 1928 2784 porta:
1958 2710 2090 2767 Sion
2112 2706 2408 2775 vocantur,‘
2427 2726 2551 2766 cum
2568 2710 2766 2765 dicitur
2793 2728 2811 2763 :
2841 2708 3022 2778 Diligit
3047 2707 3300 2761 Dominus
3374 2780 3377 2784 _

1759 2812 1937 2873 portas
1987 2803 2115 2860 Sion
2164 2820 2320 2873 super
2368 2802 2546 2855 omnia
2602 2799 2937 2866 tabernacula
2986 2797 3171 2852 Iacob.
3199 2794 3300 2851 His

1760 2905 1940 2952 autem
1964 2895 2093 2949 mihi
2125 2909 2218 2965 per
2249 2893 2337 2949 illa
2361 2892 2705 2948 tabernacula
2735 2888 2919 2954 Iacob,
2937 2887 3171 2967 Iudaica:
3189 2894 3301 2941 trav»

1759 2987 1992 3043 ditiones
2020 2993 2071 3041 et
2100 2984 2322 3041 Mosaici
2352 2983 2660 3054 corporales
2696 2982 2875 3037 cultus
2902 2978 3192 3050 signiﬁcari
3216 2978 3299 3032 vi~

1760 3080 1956 3137 dentur
1998 3097 2014 3133 :
2059 3080 2257 3150 quibus
2312 3079 2714 3150 praestantiores
2762 3075 2904 3146 apud
2955 3075 3121 3131 Deum
3175 3082 3300 3130 sunt

1761 3180 1927 3240 portae
1960 3156 2110 3234 Sion,
2158 3168 2211 3222 id
2244 3177 2347 3234 est,
2377 3164 2654 3237 ingressus
2691 3173 2745 3220 et
2772 3166 2950 3221 aditus
2978 3164 3042 3221 ad
3076 3178 3298 3234 regnum

122 3251 174 3303 al
199 3254 337 3307 κατὰ
367 3246 637 3319 Μωῦσὲως
670 3259 974 3325 σωματικαὶ
1005 3259 1283 3331 θρησκείαι
1316 3261 1544 3317 ἐνταῦθά
1575 3279 1661 3333 μοι

1762 3260 2001 3322 cmleste,
2044 3259 2097 3313 in
2153 3258 2389 3315 Ecclesia
2432 3256 2677 3319 stabiliti.
2711 3255 2769 3311 in
2801 3270 2864 3311 ea
2904 3255 3300 3331 namquefsola

119 3340 322 3397 δοκοῦσι
348 3344 622 3413 λέγεσθαι·
648 3340 722 3401 ὧν
750 3352 1132 3422 προτιμότεραι
1158 3355 1475 3424 τυγχάνουσι
1509 3353 1655 3425 παρὰ

1757 3349 2079 3420 pmdicatur
2131 3364 2353 3418 regnum
2409 3348 2671 3401 caelorum
2709 3366 2721 3400 :
2753 3354 3006 3416 totusque
3045 3346 3301 3401 salutaris

121 3430 191 3499 τῷ
215 3431 354 3503 Θεῷ,
374 3434 430 3487 αί
463 3435 625 3488 πύλαι
650 3436 747 3517 τῆς
772 3435 931 3501 Σιὼν,
960 3441 1230 3494 τουτέστιν
1258 3443 1311 3495 αἱ
1340 3442 1529 3495 εἴσοδοι
1566 3443 1658 3495 καὶ

1756 3439 2029 3511 Evangelii
2085 3454 2281 3508 scopus
2325 3452 2390 3491 eo
2432 3437 2669 3507 respicit.
2723 3434 2997 3506 Siquidem
3039 3435 3297 3491 salutaria

120 3525 407 3607 είσαγωγαὶ
433 3525 531 3594 τῆς
551 3527 868 3596 ἐπουρανίου
902 3529 1169 3599 βασιλείας
1201 3533 1292 3585 ἐπὶ
1315 3534 1411 3602 τῆς
1442 3532 1656 3598 Ἐκκλη-

122 3610 241 3674 σίας
255 3612 551 3687 ἱδρυμέναι.
570 3614 655 3667 Ἐν
678 3615 812 3688 μόνῃ
829 3616 935 3688 γὰρ
956 3619 1124 3689 ταύτῃ
1147 3620 1471 3691 κηρύσσεται
1491 3623 1522 3690 ή
1551 3620 1657 3674 τῶν

119 3700 350 3771 οὐρανῶν
379 3701 650 3772 βασιλεία,
681 3705 774 3757 καὶ
820 3705 912 3757 τοῦ
959 3711 1220 3779 σωτηρίου
1246 3726 1307 3778 γε
1335 3710 1655 3777 Εὑαγγελίου

118 3789 146 3839 ὁ
185 3793 287 3854 πᾶς
330 3792 524 3856 σκοπὸς
550 3795 724 3845 ἐκεῖσε
759 3793 960 3863 βλέπει.
980 3797 1129 3852 Ἐπεὶ
1163 3800 1255 3851 καὶ
1299 3800 1353 3852 αἱ
1406 3802 1656 3869 σωτήριοι

120 3882 451 3952 ἐπαγγελίαι,
490 3886 584 3938 καὶ
609 3886 668 3939 τὸ
689 3879 1333 3961 εὐαγγελικὸνκήρυγμα,
1368 3888 1460 3941 καὶ
1487 3891 1521 3959 ἡ
1550 3894 1654 3945 πᾶ-

122 3988 183 4023 σα
211 3973 363 4037 ἐλπὶς
389 3973 483 4027 τοῦ
516 3976 656 4048 κατὰ
680 3969 906 4049 Χριστὸν
938 3980 1342 4049 πολιτεύματος,
1365 3980 1461 4050 τὴν
1507 3980 1656 4051 βασι-

120 4056 254 4114 λείαν
276 4060 382 4114 τῶν
401 4064 641 4134 οὐρανῶν
665 4068 783 4136 ὁρᾷ.
803 4067 1109 4137 Γέγραπται
1132 4068 1278 4135 γοῦν,
1298 4069 1378 4121 ὅτι
1402 4070 1655 4141 ἐκήρυξεν

118 4150 145 4199 ὁ
181 4150 365 4223 Σωτὴρ
394 4153 565 4221 λέγων
584 4169 601 4186 ·
633 4155 905 4223 Ἤγγικεν
930 4158 967 4223 ἡ
1001 4157 1305 4219 ,ϐασιλεία
1324 4158 1439 4213 τῶν
1483 4163 1657 4230 οὐρα-

116 4238 593 4313 νῶν.Ἐμακάριζὲ
632 4260 693 4296 τε
735 4247 858 4307 τοὺς
890 4245 1198 4317 ἁξίουςυτῶν
1240 4250 1453 4304 οἰκείων
1478 4237 1679 4323 μακα-ν

120 4329 340 4398 ρισμῶν,
378 4331 835 4402 ἐπαγγελλόμενος
856 4404 861 4409 ν
879 4336 1057 4400 αὐτοῖς
1083 4336 1352 4406 βασιλείαν
1376 4342 1649 4412 οιῦρανίῖινν⁹

117 4415 238 4470 ἀλλὰ
267 4418 359 4471 καί¹
385 4419 657 4473 ἐδίδασκεν
684 4420 934 4492 εὔχεσθαι
958 4427 1082 4490 τοὺς
1108 4428 1270 4482 αὐτοῦ
1295 4408 1537 4502 μαθητὰς
1562 4434 1654 4486 καὶ

116 4508 205 4576 τὴν
230 4508 338 4563 τῶν
367 4511 607 4577 οὐρανῶν
636 4512 905 4583 βασιλείαν
930 4514 1250 4579 ἐξαιτεῖσθαι
1278 4521 1575 4587 φάσκοντας
1594 4523 1652 4574 ἐν

117 4598 173 4668 τῇ
197 4603 467 4671 προσευχῇ
486 4601 838 4670 ’.Γενηθήτω
860 4603 925 4657 τὸ
959 4606 1183 4675 θέλημά
1208 4585 1344 4671 σοι),
1372 4609 1585 4663 ἐλθέτω
1613 4609 1650 4676 ὴ
1682 4585 1726 4639 D

1708 4754 1709 4757 η
1752 4716 1891 4770 quas
1937 4700 2286 4755 tabernacula
2320 4698 2498 4753 .Jacob
2541 4697 2847 4767 appellavit.
2882 4697 3037 4768 Apud
3078 4697 3294 4756 Iudaeos

110 4687 385 4748 βασιλεία
411 4707 545 4747 σου.
570 4693 802 4769 Εἰκότως
824 4696 998 4748 τοίνυν
1020 4697 1193 4750 πάντα
1216 4698 1285 4751 τὰ
1313 4698 1533 4753 τοιαῦτα
1553 4700 1651 4751 πύ-

115 4776 194 4832 λαι
215 4781 319 4849 τῆς
340 4780 448 4848 τῶν
469 4783 710 4852 οὐρανῶν
740 4784 1010 4854 βασιλείας
1028 4786 1434 4860 ὠνομάσθησαν,
1461 4790 1650 4843 εἴσοδοί

114 4884 246 4934 τινες
270 4872 373 4925 ’καὶ
389 4873 684 4940 είσαγωγαὶ
706 4876 1062 4955 τυγχάνουσαι
1083 4879 1179 4947 τῆς
1205 4881 1379 4931 ἐκεῖσε
1407 4880 1644 4949 πορείας.

126 4958 328 5037 ’ᾼγαπᾷ
372 4963 548 5015 τοίνυν
595 4963 796 5029 ταύτας
844 4965 942 5029 τὰς
992 4967 1163 5029 πύλας
1201 4970 1299 5038 τῆς
1329 4971 1644 5040 ἐπουρανίου

113 5048 239 5104 Σιων
276 5052 413 5122 ὑπὲρ
457 5052 553 5116 τὰς
596 5052 823 5123 νομικὰς
854 5056 943 5106 καὶ
978 5056 1269 5120 Ἰουδαῖκὰς
1308 5059 1644 5126 συναγωγὰς,

115 5138 286 5211 ἇσπερ
309 5141 552 5212 ὠνόμασε
577 5143 900 5214 σκηνώματα
934 5145 1144 5201 Ἰακώὸ.
1174 5147 1338 5201 Οὐδὲν
1364 5147 1489 5215 γοῦν
1517 5153 1643 5221 παρ’

114 5230 333 5292 ἐκείνοις
357 5233 483 5301 περὶ
515 5234 612 5303 τῆς
650 5235 968 5305 ἐπουρανίου
1002 5235 1202 5299 πόλεως
1240 5236 1331 5289 τοῦ
1356 5237 1486 5290 Θεοῦ
1517 5257 1646 5308 μνηο

116 5318 403 5389 μονεύεται,
430 5321 549 5375 οὐδέ
573 5341 654 5388 τις
681 5326 857 5388 αὐτοῖς
888 5326 1083 5398 σκοπὸς
1118 5327 1239 5397 περὶ
1267 5326 1538 5401 βασιλείας
1565 5330 1646 5393 οὺ-

115 5412 282 5483 ρανῶν
323 5412 761 5494 ἕνεστι,κατωηδέ
798 5418 864 5469 δι’
893 5416 1010 5470 ὅλου
1043 5417 1343 5480 νενευκότες
1373 5417 1469 5480 τὰς
1496 5418 1645 5471 ἐλπί-

111 5503 193 5569 δας
218 5504 312 5560 ἐπὶ
332 5504 433 5573 γῆς
455 5500 632 5574 ἔχουσι
652 5546 667 5569 ,
699 5509 790 5559 καὶ
826 5509 922 5572 τὰς
946 5508 1270 5576 ἐπαγγελίας
1289 5507 1527 5562 ἐνταῦθα
1540 5527 1640 5563 που

1755 3529 2043 3598 promissa,
2080 3527 2384 3597 evangelica
2412 3525 2743 3597 praedicatio,
2762 3523 3298 3596 totaque-Christiani

1756 3619 1989 3675 instituti
2013 3635 2158 3690 spes,
2186 3634 2408 3689 regnum
2438 3618 2695 3674 cmlorum
2730 3625 2994 3687 spectant.
3026 3614 3297 3686 Scriptum

1752 3726 1838 3767 est
1886 3712 2030 3766 enim
2078 3711 2190 3765 liaec
2238 3711 2560 3779 pmdicasse
2598 3710 2928 3763 Salvatorem
2958 3724 2971 3761 :
3003 3706 3298 3778 Appropin-

1753 3802 1927 3872 quavit
1943 3816 2151 3871 regnum
2174 3801 2416 3879 caelorum
2432 3804 2514 3867 ‘3;
2541 3802 2759 3871 ipseque
2787 3801 2971 3856 beatos
2993 3800 3297 3870 praedicavit

1754 3909 1848 3948 eos
1885 3893 1995 3963 qui.
2022 3894 2238 3963 propria
2277 3893 2380 3948 sibi
2413 3893 2748 3948 beatitudine
2780 3892 2927 3961 digni
2962 3898 3109 3958 sunt,
3134 3890 3296 3961 ipsis-

1753 3998 1857 4053 que
1893 3998 2115 4052 regnum
2149 3985 2407 4037 caelorum
2437 3984 2714 4052 pollicitus.
2744 3990 2862 4046 est;
2885 3982 2995 4035 imo
3022 3981 3184 4036 etiam
3213 3979 3296 4035 di—

1754 4074 1990 4142 scipulos
2023 4088 2152 4128 suos
2174 4072 2427 4142 precandi
2460 4080 2514 4127 et
2542 4088 2765 4143 regnum
2795 4072 3051 4133 cmlorum
3080 4070 3303 4141 petendi

1754 4162 1969 4217 modum
2009 4162 2246 4227 edocuit,
2277 4162 2417 4216 hanc
2455 4163 2719 4218 orationis
2764 4158 2990 4218 formam
3033 4162 3292 4217 tradens:

1753 4247 1879 4304 Fiat
1920 4250 2158 4304 voluntas
2211 4258 2319 4314 tua,
2369 4250 2610 4306 adveniat
2635 4267 2867 4326 regnum
2907 4252 3134 4305 tuum”.
3166 4249 3292 4305 lure

1752 4355 1879 4411 ergo
1910 4341 2022 4395 hac
2055 4342 2233 4395 omnia
2262 4350 2430 4411 porta:
2456 4343 2606 4412 regni
2644 4343 2904 4397 caelorum
2927 4349 3115 4396 vocata
3147 4353 3293 4404 sunt,

1752 4438 1933 4499 utpote
1964 4431 2244 4501 ingressus
2266 4432 2553 4501 aditusque
2585 4431 2797 4493 itineris
2830 4431 2924 4485 illo
2953 4429 3291 4485 instituendi.

1752 4520 1935 4591 Diligit
1982 4537 2111 4593 ergo
2144 4521 2412 4578 Dominus
2470 4522 2571 4578 has
2620 4522 2858 4578 cmlestis
2888 4519 3069 4576 Sionis
3110 4529 3295 4588 portas

1752 4610 1875 4681 plus
1928 4626 2091 4681 quam
2147 4625 2337 4665 omnes
2374 4610 2573 4675 legales
2603 4617 2657 4664 et
2689 4607 2943 4663 Judaicas
2971 4622 3292 4680 synagogas,

1748 4795 1893 4845 enim
1934 4790 2170 4853 celestis
2207 4788 2295 4863 illa
2332 4787 2425 4842 Dei
2454 4788 2644 4850 civitas
2675 4774 2987 4844 nullatenus
3024 4790 3291 4843 memoras

1751 4888 1857 4945 tur,
1881 4893 2056 4948 neque
2075 4893 2172 4947 pro
2198 4890 2364 4946 scopo
2390 4877 2588 4931 habent
2611 4877 2713 4947 ipsi
2743 4892 2965 4948 regnum
2995 4879 3289 4943 caelorum;

1748 4973 1842 5027 sed
1869 4973 2119 5026 deorsum
2164 4970 2340 5038 proni,
2370 4970 2424 5023 in
2458 4976 2601 5023 terra
2646 4984 2794 5038 spem
2830 4968 3046 5033 habent,
3080 4977 3133 5022 et
3162 4984 3291 5037 pro-

1749 5066 1914 5119 missa
1968 5061 2074 5117 sibi
2122 5060 2247 5116 data
2290 5063 2379 5116 hic
2410 5068 2726 5131 exspectant
2755 5080 2767 5114 :
2798 5075 2965 5129 quare
2991 5066 3157 5128 portae
3173 5057 3293 5113 illa:

1749 5151 1984 5207 cmlestis
2024 5149 2174 5212 Sion,
2204 5166 2339 5220 quas
2367 5166 2526 5219 supra
2561 5149 2975 5210 declaravimus,
3002 5146 3203 5214 majore
3234 5147 3292 5201 in

1749 5242 1920 5313 pretio
1968 5240 2109 5310 apud
2164 5241 2329 5296 Deum
2367 5264 2373 5268 ·
2406 5241 2690 5309 habentur,
2728 5254 2890 5309 quam
2944 5238 3303 5292 tabernacula

1746 5329 1930 5383 Jacob.
1951 5328 2117 5399 Cujus
2140 5330 2321 5385 Sionis
2344 5329 2691 5385 fundamenta
2724 5344 2830 5383 non
2858 5327 2945 5381 hic
2966 5334 3018 5382 et
3045 5328 3097 5382 in
3116 5334 3293 5391 terra,

1748 5419 1933 5473 humili
1981 5418 2100 5473 loco
2136 5420 2309 5488 posita
2335 5428 2494 5485 sunt,
2529 5419 2623 5475 sed
2652 5420 2706 5473 in
2738 5418 3014 5474 montibus
3056 5417 3290 5481 sanctis,

1745 5510 1820 5563 uti
1848 5524 2010 5569 supra
2046 5511 2455 5579 explicavimus.

111 5595 444 5664 προσδωκῶσι
465 5613 478 5624 ·
514 5595 591 5649 διὸ
619 5600 995 5670 προτιμότεραι
1029 5599 1176 5671 παρὰ
1200 5598 1274 5670 τῷ
1304 5597 1418 5669 Θεῷ
1448 5601 1764 5670 τυγχάνουσι
1790 5601 1894 5653 τῶν
1944 5600 2306 5671 σκηνωμάτων
2336 5599 2525 5652 Ἰακὼὸ
2573 5601 2627 5652 al.
2686 5596 3098 5668 προδηλωθείσαι
3155 5596 3305 5664 ἡμῖυι

167 5746 207 5780 τ’
251 5745 447 5816 Ephes.
484 5763 555 5813 ιι,
585 5747 674 5802 20.
749 5748 793 5783 '°
832 5749 949 5803 Gul.
990 5768 1063 5815 tv,
1095 5752 1184 5808 26.
1261 5753 1301 5826 ’,ί
1344 5750 1503 5809 Hebr.
1532 5760 1646 5820 ιιι,

1768 5794 1785 5822 ,
1813 5753 1900 5809 23.
1976 5706 2022 5785 ⁸³1
2062 5752 2247 5807 Matth.
2284 5768 2316 5805 ι
2341 5791 2357 5816 ,
2396 5751 2445 5806 7.
2521 5751 2564 5783 ⁸³
2603 5750 2789 5806 Matth;
2824 5767 2907 5817 νι,
2947 5749 3049 5803 ML
