3960 6352
61 464 207 522 1049

1202 469 1700 526 COMMENTARIA
1735 469 1801 526 ΙΝ
1828 470 2140 527 ΡδΑιιιοε

3069 477 3223 533 1050

50 578 247 665 τέχθαι
280 578 396 630 ἐκεῖ
424 575 671 646 φάσκων,
706 573 990 647 παρίστησι
1022 575 1118 649 τὴν
1145 579 1202 632 tv
1227 580 1303 649 τῷ
1334 579 1583 650 ἀνθρὼπη

1697 580 1804 634 illic
1835 569 2013 633 natum
2039 581 2188 644 dicit,
2216 581 2307 636 Dei
2339 581 2496 637 Verbi
2519 583 2572 636 in
2597 583 2814 638 homine
2841 584 3218 639 habitationem

51 667 144 719 τοῦ
180 666 324 720 Θεοῦ
350 667 518 734 Λόγου
549 665 873 744 κατοίκησιν.
913 667 1117 738 Ὥσπερ
1137 668 1290 740 γάρὴ
1323 670 1474 731 Σιὼν,
1503 673 1596 724 πό-

50 757 134 816 λις
170 751 312 808 οὖσα
336 755 428 808 τοῦ
459 754 623 825 Θεοῦ,
661 753 807 825 χώρα
831 755 1078 824 τυγχάνει
1108 756 1200 828 τοῦ
1231 758 1504 827 τεχθέντος
1539 763 1596 812 tv

51 848 188 916 αὐτῇ
228 845 448 917 ἀνδρὸς,
480 846 618 900 οὕτω
665 847 758 908 καὶ
798 847 956 908 αὐτὸς
987 849 1015 898 ό
1050 848 1185 918 ἀνὴρ
1216 848 1362 919 χώρα
1395 849 1594 915 γίνεται

53 939 146 989 καὶ
181 939 386 1007 δοχείον
415 937 506 990 τοῦ
532 940 587 990 tv
613 937 756 1007 αὑτῷ
779 937 1116 1008 γεννηθέντος
1139 940 1271 992 Θεοῦ
1304 941 1494 1007 Λόγου,
1521 940 1595 1002 ὡς

53 1030 108 1078 tv
136 1027 439 1096 ίερῷάγίῳ
462 1027 551 1080 καὶ
575 1025 702 1095 ναῷ,
733 1021 925 1095 μᾶλλον
953 1028 1007 1079 δὲ
1030 1027 1104 1090 ὡς
1137 1030 1192 1081 tv
1212 1029 1475 1099 ἀγάλματι
1504 1030 1595 1080 καὶ

53 1119 248 1188 δοχείῳ
271 1118 367 1188 τῆς
385 1116 542 1170 αὑτοῦ
563 1116 804 1184 θεότητος
821 1117 878 1168 tv
901 1116 1044 1185 αύτῷ
1068 1120 1458 1187 κατῳκηκότος.
1488 1119 1594 1172 Καὶ

55 1208 234 1275 ταῦτα
264 1208 321 1260 δὲ
345 1207 643 1274 ἀναγκαίως
668 1207 696 1257 ό
714 1207 878 1272 Λόγος
908 1206 1137 1271 ἐδίδαξεν
1162 1209 1241 1278 είς,
1267 1209 1325 1259 τὸ
1357 1207 1595 1277 γνωσθῆ-

57 1315 144 1349 ναι
181 1298 304 1359 πῶς
329 1294 602 1363 ἀλλόφυλοι
628 1295 720 1347 καὶ
746 1295 916 1367 Τύρος
943 1297 1032 1349 καὶ
1050 1296 1464 1359 λαὸς-Αἰθιόπων
1483 1299 1596 1364 ιγε-

55 1389 299 1458 νήθιησαν
318 1389 374 1439 tv
393 1388 456 1456 τῇ
476 1385 566 1438 τοῦ
586 1385 716 1448 Θεοῦ
741 1388 908 1451 πόλει,
931 1387 1022 1440 καὶ
1041 1388 1318 1455 γεγόνασιν
1339 1388 1442 1440 υίοὶ
1459 1387 1592 1440 Θεοῦ

52 1479 139 1532 διὰ
162 1479 267 1548 τῆς
290 1483 415 1548 παρ’
438 1476 582 1548 αὐτῷ
601 1479 1204 1548 ἀναγεννήσεως.”οπως
1221 1477 1326 1547 γάρ
1344 1478 1435 1530 καὶ
1457 1477 1594 1530 κατά

51 1571 174 1625 τίνα
217 1572 416 1643 τρόπον
452 1572 485 1641 ἡ
512 1570 739 1641 τοσαύτη
770 1571 848 1633 είς
885 1571 1137 1640 οὐρανοὺς
1164 1570 1382 1640 ἐξεχύθη
1415 1571 1588 1639 χάρις,

53 1660 397 1730 παρέστησεν
427 1660 593 1714 εἰπὼν
617 1661 684 1714 τὰ
714 1663 851 1715 κατά
876 1661 962 1713 τὸν
993 1661 1154 1732 ἄνδρα
1168 1662 1256 1713 τὸν
1271 1660 1592 1730 γεννηθέντα

49 1748 196 1808 ἐκεῖ,
236 1747 329 1801 καὶ
357 1748 444 1805 τὸν
477 1749 534 1800 tv
558 1747 633 1818 τῷ
661 1748 812 1818 ἀνδρὶ
841 1748 999 1802 πάλιν
1023 1747 1342 1818 γεννηθέντα
1372 1747 1586 1824 Κύριον.

49 1837 143 1900 Οἷς
165 1839 366 1892 ἀπασιν
390 1839 622 1907 ἐπιλέγει
648 1839 728 1904 τὸ,
760 1840 850 1904 Ὠς
874 1839 1338 1907 εὐφραινομένων
1356 1837 1591 1890 πάντων

45 1925 85 1991 ἡ
129 1927 401 1981 κατοικία
431 1928 502 1981 ἐν
534 1927 662 1980 σοί·
717 1926 830 1979 ἀνθ’
863 1921 921 1979 06
955 1928 982 1978 ό
1025 1926 1119 1995 μὲν
1166 1926 1388 1987 ’Δκύλας
1436 1925 1586 1994 φησὶ,

47 2016 156 2068 Καί
197 2016 444 2082 ᾅδοντες
485 2016 564 2081 ὡς
601 2013 760 2084 χοροί
801 2014 984 2068 πᾶσαι
1007 2014 1184 2082 πηγαί
1214 2014 1282 2075 ἐν
1313 2015 1410 2067 σοι
1430 2030 1446 2047 ο
1472 2015 1500 2065 ό
1530 2014 1586 2066 δὲ

49 2105 376 2174 Σύμμαχος,
423 2104 528 2159 Kal
562 2104 907 2157 αίνέσουσιν
950 2105 1028 2168 ὡς
1058 2105 1125 2156 ἐν
1159 2105 1363 2169 αὐλοῖς
1405 2103 1588 2158 πᾶσαι

45 2196 103 2247 at
142 2194 325 2262 πηγαί
345 2195 413 2246 ἐν
438 2197 556 2247 σοί.
584 2190 744 2262 Οἶμαι
773 2193 829 2246 δὲ
861 2193 1209 2263 σημαίνεσθαι
1243 2195 1333 2247 καὶ
1359 2192 1446 2246 διὰ
1472 2194 1591 2246 τού-

48 2303 152 2338 των
175 2286 279 2358 τὴν
309 2285 414 2338 τῶν
435 2283 645 2337 ’πιστῶν
666 2283 933 2346 ἁπάντων,
961 2282 1065 2334 τῶν
1091 2283 1153 2354 δὴ
1183 2283 1280 2354 τῆς
1309 2283 1468 2351 ἁγίας
1494 2283 1586 2337 τοῦ

49 2377 181 2429 Θεοῦ
213 2377 421 2438 πόλεως
435 2373 996 2444 καταξιωθησομένακν,
1029 2373 1435 2443 ἐπισυναγωγὴν
1454 2412 1470 2438 ,
1493 2372 1585 2426 καὶ

51 2468 143 2535 τὴν
174 2469 257 2532 είς
287 2468 380 2521 ἕνα
409 2466 562 2537 χορὸν
585 2453 1030 2519 ἀποκατάστασιν.
1079 2464 1165 2534 Τῷ
1189 2464 1293 2534 γὰρ
1317 2462 1584 2530 λέγεσθαι,

53 2557 119 2607 ἐν
145 2557 249 2609 σοι
264 2596 280 2621 ,
313 2556 402 2609 τὸν
427 2556 588 2608 τόπον
618 2554 774 2608 πάλιν
805 2551 1082 2622 σημαίνειν
1114 2551 1469 2620 ὑπολαμϐάνω
1490 2550 1587 2620 τῆς

51 2643 140 2695 τοῦ
173 2643 310 2697 Θεοῦ
332 2643 532 2706 πόλεως
547 2660 560 2673 ο
581 2639 648 2713 ἧς
671 2644 716 2696 oi
746 2641 840 2712 μὲν
865 2639 1095 2710 θεμέλιοι
1119 2630 1256 2709 ἦσαν
1277 2643 1333 2693 tv
1350 2641 1458 2701 τοῖς
1475 2637 1588 2709 θρε-

57 2750 107 2785 σι
132 2735 249 2796 τοῖς
276 2733 478 2800 ἀγίοις,
511 2736 568 2797 ,αἱ
597 2733 656 2786 δὲ
696 2733 853 2786 πύλαι
885 2733 977 2784 καὶ
1006 2735 1059 2784 al
1097 2732 1283 2785 εῐσοδοι
1311 2732 1459 2785 κάτω
1484 2747 1584 2784 που

57 2822 147 2874 καὶ
180 2825 311 2892 παρ’
338 2826 496 2894 ἡμῖν·
523 2827 579 2878 tv
604 2827 740 2900 μέση
771 2826 825 2879 δὲ
845 2827 975 2894 αὐτῇ
1007 2822 1202 2885 πάντες
1226 2822 1300 2885 ὡς
1328 2823 1382 2877 tv
1403 2823 1586 2894 χορείᾳ

56 2914 140 2964 καὶ
163 2913 395 2983 ἁρμονία
423 2912 538 2984 θείᾳ
561 2917 673 2984 μετ’
703 2913 1025 2983 εὐφροσύνης
1048 2910 1391 2984 συναγόμενοι
1416 2927 1586 2964 κατοι-
1628 2945 1631 2947 ι

56 3003 238 3070 χήσειν
266 3004 703 3074 προφητεύονται.
741 3005 875 3073 Ὅρα
906 3001 961 3053 δὲ
991 3001 1107 3054 τίνα
1126 3001 1318 3072 τρόπον
1344 3003 1372 3052 ό
1403 2999 1584 3069 παρὼν

54 3091 283 3162 ψαλμὺς,
311 3093 442 3160 Θεοῦ
470 3094 677 3162 γένεσιν
707 3091 971 3155 θεσπίζων
1003 3091 1139 3146 κατά
1161 3092 1258 3161 τὴν
1288 3091 1584 3158 ἀνάγνωσιν

56 3181 150 3249 τῆς
163 3181 271 3235 τῶν
287 3181 672 3257 Ἐϐδομήκοντα
693 3181 996 3255 ἑρμηνείας,
1015 3181 1283 3252 ὲπέκρυψε
1306 3179 1364 3232 τὸ
1384 3181 1582 3250 μυστή-

59 3286 185 3340 ριον.
249 3272 322 3324 Τὸ
349 3273 492 3343 γάρ,
537 3273 745 3340 Κύριος
775 3270 1080 3340 ἀριθμήσει
1109 3270 1342 3340 γράφων
1361 3271 1573 3335 λαούς-⁸

58 3357 240 3428 Οὗτος
270 3362 475 3432 ἐτέχθη
497 3362 650 3426 ἐκεῖ,
677 3360 812 3415 κατὰ
841 3362 1158 3432 Σύμμαχον·
1189 3361 1220 3432 ἢ
1252 3362 1391 3415 κατά
1430 3359 1581 3414 Ἀκύ-

55 3451 146 3502 λαν
168 3491 182 3515 ,
231 3452 440 3522 Κύριος
474 3449 813 3519 διηγήσεται
855 3437 928 3505 ’ἐν
969 3451 1046 3515 τῷ
1078 3450 1318 3521 τράφειν
1361 3450 1542 3514 λαούς
1563 3465 1575 3479 ·

60 3536 240 3605 Οὗτος
264 3540 467 3608 ἐτέχθη
493 3539 643 3593 tu?
669 3540 702 3611 ἢ
735 3542 873 3595 κατὰ
889 3542 976 3594 τὸν
1005 3542 1340 3603 Θεοδοτίωνα,
1373 3540 1579 3606 Κύριος

55 3630 390 3699 διηγήσεται
407 3631 478 3684 ἐν
504 3630 695 3700 τραφῇ
722 3630 907 3685 λαῶν·
931 3627 1116 3695 Οὗτος
1134 3629 1413 3698 ἐγεννήθη
1437 3628 1577 3692 ἐκεῖ,

55 3719 111 3771 οὑ
149 3716 333 3784 τοῦτον
369 3721 697 3790 ἡρμήνευται
734 3721 883 3791 παρά
916 3721 1025 3781 τοῖς
1065 3717 1451 3787 Ἐὃδομηκοντα
1490 3716 1580 3771 τὸν

55 3807 246 3876 τρόπον
265 3824 278 3837 ·
309 3807 421 3861 ἀλλ’
452 3810 678 3880 εἴρηται,
711 3811 922 3876 Κύριος
939 3806 1276 3877 διηγήσεται
1304 3805 1579 3876 ἐντραφῇ

55 3895 209 3949 λαῶν
242 3897 340 3951 καί
372 3886 672 3967 ἀρχόντων
700 3901 918 3953 τούτων
950 3898 1066 3952 τῶν
1097 3895 1494 3967 γεγενημένων
1512 3896 1581 3950 ἐν

55 3984 197 4053 αὐτῇ
216 4003 231 4016 ο
259 3988 667 4059 ἐπικρυψάντων
687 4026 703 4052 ,
742 3989 817 4051 ὡς
862 3984 1011 4057 οῐμαι
1033 4026 1048 4048 ,
1080 3989 1176 4057 τὴν
1209 3987 1436 4040 διάνοιαν
1473 3986 1580 4039 τῶν

55 4074 145 4143 τὴν
171 4076 458 4146 ἑρμηνείαν
491 4078 860 4148 πεποιημένων
877 4115 891 4139 ,
917 4077 1002 4129 διὰ
1035 4076 1093 4128 τὺ
1121 4076 1321 4129 ἔθνεσιν
1351 4075 1578 4142 ἀλλοφύ-

55 4161 158 4225 λοις
183 4164 393 4233 μέλλειν
413 4167 702 4219 ἐκδίδοσθαι
727 4167 824 4234 τὴν
850 4165 1063 4235 Γραφὴν
1087 4164 1222 4217 κατά
1245 4165 1367 4227 τοὺς
1388 4165 1580 4218 Πτολε-

59 4254 211 4320 μαίου
242 4255 482 4326 χρόνους,
507 4254 655 4307 οὗπω
678 4255 770 4307 τοῦ
800 4255 1041 4324 Σωτῆρος
1067 4255 1220 4323 ἡμῶν
1245 4255 1576 4324 ἐπιλάμψαν-

56 4358 138 4404 τος
173 4343 250 4412 τῷ
294 4342 407 4413 βίῳ.
449 4345 557 4397 Καὶ
588 4346 615 4398 ό
647 4347 750 4407 πᾶς
779 4344 834 4395 δὲ
864 4342 1068 4414 talpa;
1103 4344 1302 4414 σφόδρα
1330 4347 1574 4415 αἰνιγμα-

56 4430 217 4501 τώδης
239 4435 334 4486 καὶ
360 4432 640 4495 σκοτεινῶς
665 4433 942 4504 εἰρημένος
963 4434 1210 4502 τυγχάνει
1230 4473 1244 4496 ,
1275 4435 1575 4503 θεμελίους

54 4517 228 4570 αὐτοῦ
253 4518 422 4587 λέγων
454 4519 890 4588 σεσιωπημένως,
916 4523 1054 4584 τίνος
1076 4522 1120 4575 δ’
1166 4521 1326 4575 αὑτοῦ
1359 4522 1432 4592 μὴ
1458 4521 1573 4573 δια-

59 4607 261 4673 σαφῶνο
314 4609 405 4678 καὶ
448 4609 604 4662 πάλιν
643 4608 740 4678 ὅρη
782 4609 908 4676 ἆγια
938 4610 1239 4680 ὀνομάζων,
1287 4611 1377 4664 καὶ
1408 4609 1575 4670 πύλας

60 4692 185 4746 Σιὼν
226 4696 636 4766 προτιμωμένας
671 4696 771 4748 ὑπὸ
794 4699 884 4750 τοῦ
924 4701 1121 4769 Κυρίου
1153 4699 1260 4752 τῶν
1297 4697 1574 4766 σκηνωμά-

58 4798 153 4833 των
196 4784 412 4848 Ἰακὼό,
446 4787 538 4839 καὶ
567 4786 714 4838 πόλιν
745 4786 874 4838 Θεοῦ
907 4789 1295 4859 δεδοξασμένως
1321 4785 1574 4854 λαλουμέ-

59 4889 172 4940 νην·
206 4874 298 4927 καὶ
323 4875 414 4927 ἐπὶ
446 4877 573 4938 πᾶν,
608 4877 664 4929 tv
686 4877 751 4946 τῇ
783 4875 964 4939 πόλει,
998 4880 1056 4930 οὐ
1090 4880 1177 4931 τὸν
1217 4875 1454 4948 Ἰσραὴλ,
1482 4875 1572 4926 οὑ-

58 4959 108 5009 δὲ
141 4962 198 5014 τὸ
237 4964 497 5018 Ἰουδαίων
533 4965 708 5029 ἔθνος,
737 4966 869 5018 ἀλλά
905 4967 1069 5019 Ῥαὰϐ
1097 4970 1193 5038 τήν
1224 4983 1348 5020 ποτε
1376 4964 1574 5033 πόρνην

62 5053 144 5103 καὶ
170 5053 487 5118 Βαὸυλῶνα,
516 5057 741 5128 Τυρίους
787 5073 844 5108 τε
886 5058 978 5108 καὶ
1017 5058 1270 5119 Αἰθίοπας
1302 5056 1394 5110 καὶ
1420 5055 1568 5107 ἀλλο-

62 5138 262 5202 φύλους.
295 5142 522 5204 Τούτους
546 5144 650 5213 γάρ
688 5144 886 5205 πάντας
917 5143 1262 5213 τεχθήσεσθαι
1292 5145 1349 5195 ὲν
1378 5144 1443 5211 τῇ
1475 5142 1570 5194 πό·

63 5242 133 5279 Αει
170 5228 258 5281 τοῦ
295 5228 428 5281 Θεοῦ
458 5230 544 5284 διὰ
572 5232 728 5284 ποίαν
756 5233 927 5286 αἰτίαν
954 5233 1052 5284 οὐκ
1077 5234 1142 5288 ἂν
1177 5233 1284 5302 ἐχοι
1306 5248 1388 5293 τις
1409 5230 1569 5300 άλλην

63 5319 266 5389 είπεϊνῆ
287 5319 373 5372 διά
391 5318 486 5388 τὴν
507 5319 711 5394 γένεσιν
732 5323 822 5375 τοῦ
844 5325 898 5375 tv
919 5323 1051 5392 αὐτῇ
1071 5323 1344 5392 τεχθέντος
1360 5321 1566 5390 ἀνδρὸς,

64 5407 148 5459 καὶ
175 5409 263 5461 τοῦ
293 5409 494 5480 Κυρίου
539 5409 812 5478 τεχθέντος
847 5414 988 5473 ἐκεῖ,
1019 5412 1210 5482 δηλαδὴ
1240 5413 1296 5463 tv
1323 5411 1469 5480 αὐτῷ
1493 5412 1572 5481 τῷ

65 5498 390 5569 προλεχθέντι
421 5498 600 5570 ἀνδρί·
631 5500 715 5568 ἐφ’
737 5499 816 5564 οἷς
847 5504 1019 5555 πᾶσαν
1046 5501 1372 5572 εὐφροσύνην
1393 5502 1571 5573 κοινὴν

69 5575 149 5640 atii.
171 5587 396 5659 χορείας,
428 5587 565 5659 ᾠδάς
595 5606 653 5641 τε
681 5589 772 5642 καὶ
802 5591 978 5653 αἶνους
997 5593 1087 5644 καὶ
1112 5593 1286 5662 πηγὰς
1304 5589 1458 5642 θείων
1479 5591 1573 5644 καὶ

70 5676 211 5744 ἱερῶν
229 5678 395 5746 λόγων
427 5678 516 5730 ετι
542 5679 679 5731 τέλει
698 5681 788 5733 τοῦ
808 5682 1015 5750 ψαλμοῦ
1039 5681 1290 5741 θεσπίζει.
1331 5678 1494 5732 Ἐπάν
1516 5681 1572 5743 δὲ

69 5763 189 5838 λέγῃ
213 5769 266 5823 tv
287 5770 466 5841 γραφῇ
491 5767 631 5824 λαῶν
653 5769 819 5825 ταῦτα
846 5789 1012 5830 πάντα
1039 5771 1273 5835 ἔσεσθαι,
1301 5770 1569 5838 σημαίνειν
1613 5850 1622 5853 _

1692 669 1944 722 declarat.
1976 669 2431 734 Quemadmodum
2475 671 2616 724 enim
2667 671 2795 724 Sion
2820 711 2835 734 ,
2866 688 2984 740 quae
3031 674 3220 728 civitas

1694 754 1787 810 Dei
1823 765 1924 819 est.
1955 759 2103 813 locus
2123 766 2205 812 est
2231 759 2326 812 viri
2356 760 2408 812 in
2438 774 2500 814 ea
2523 759 2662 823 nati;
2717 761 2789 812 ita
2819 759 3042 828 ipsevir
3070 763 3219 818 locus

1689 843 1915 897 eﬂicitur
1943 854 1996 899 et
2028 848 2419 914 receptaculum
2450 846 2537 900 Dei
2566 846 2725 901 Verbi
2759 848 2812 900 in
2839 863 2897 902 se
2928 851 3038 903 natl
3059 890 3074 914 ,
3125 853 3219 920 qui

1691 937 1844 1004 quasi
1874 936 1928 990 in
1955 938 2071 991 loco
2095 952 2251 990 sacro
2288 946 2342 992 et
2375 939 2428 991 in
2467 938 2688 1006 templo,
2723 938 2827 991 imo
2862 940 3038 1007 potius
3063 944 3222 1010 quasi

1691 1027 1743 1078 in
1779 1032 1951 1080 statua
1978 1034 2032 1080 et
2067 1028 2405 1096 receptaculo
2443 1027 2658 1082 deitatis
2683 1043 2812 1092 suae,
2843 1029 2896 1082 in
2920 1031 3036 1098 ipso
3065 1031 3220 1086 babi-

1690 1125 1785 1170 tat.
1817 1117 1881 1171 Et
1908 1117 2028 1184 haec
2071 1120 2374 1174 necessario
2431 1118 2585 1172 docet
2644 1120 2757 1174 haec
2796 1115 3109 1192 Scriptura,
3159 1129 3222 1176 ut

1689 1217 1874 1262 notum
1917 1199 1996 1262 sit'
2030 1225 2133 1278 qua
2167 1209 2374 1263 ratione
2414 1209 2722 1280 alienigena:
2755 1219 2808 1265 et
2840 1196 3013 1282 Tyrius
3039 1222 3091 1267 et
3116 1227 3217 1282 po-

1689 1299 1848 1366 pulus
1879 1295 2185 1366 EthiOpum
2219 1299 2273 1352 in
2307 1298 2520 1354 civitate
2573 1299 2666 1354 Dei
2716 1300 2838 1355 facti
2889 1302 3106 1366 fuerint,
3164 1309 3221 1358 et

1691 1379 1784 1435 lilii
1817 1380 1909 1436 Dei
1965 1397 2060 1452 per
2097 1385 2550 1449 regenerationem
2585 1383 2660 1438 ibi
2703 1393 2971 1454 acceptam
3005 1389 3112 1442 sint
3148 1387 3225 1442 ef-

1689 1469 1832 1526 fecti.
1859 1471 1990 1529 Nam
2019 1489 2122 1544 qua
2153 1475 2359 1529 ratione
2385 1481 2535 1529 tanta
2576 1475 2628 1529 in
2661 1476 2814 1530 cmlis
2848 1477 3020 1546 gratia
3051 1479 3218 1533 etIusa

1688 1562 1775 1628 sit,
1811 1563 1988 1619 allatis
2018 1565 2084 1620 iis
2115 1580 2232 1634 qua:
2259 1563 2327 1617 ad
2358 1565 2544 1619 virum
2571 1582 2636 1621 eo
2661 1568 2716 1621 in
2749 1567 2864 1622 loco
2895 1569 3126 1632 editum,
3168 1577 3222 1621 et

1688 1651 1752 1707 ad
1784 1651 2062 1711 Dominum
2095 1654 2217 1709 item
2265 1655 2319 1708 in
2365 1655 2672 1724 huiusmodi
2701 1659 2815 1712 viro
2843 1669 3025 1712 natum
3055 1660 3214 1727 perti-

1688 1750 1835 1805 nent,
1865 1751 2046 1813 aperte
2072 1743 2329 1798 declarat.
2389 1744 2597 1810 Quibus
2632 1748 2884 1802 omnibus
2931 1747 3113 1802 subdit
3163 1747 3222 1801 il-

1690 1833 1803 1890 lud.
1830 1864 1896 1874 —
1925 1833 2086 1890 Vsus.
2112 1835 2166 1891 7.
2203 1835 2349 1890 Sicut
2387 1838 2672 1891 latentium
2702 1841 2930 1892 omnium
2966 1840 3218 1896 habitatis

1620 1922 1661 1982 Β
1687 1932 1763 1978 εει
1783 1923 1837 1975 in
1867 1931 1949 1986 te;
1985 1939 2082 1992 pro
2112 1940 2218 1993 quo
2244 1925 2434 1995 Aquila
2466 1926 2628 1991 dicit,
2679 1925 2744 1980 Et
2783 1937 3020 1981 canentes
3067 1931 3221 1997 quasi

1687 2014 1831 2069 chori
1877 2031 2048 2069 omnes
2100 2015 2262 2083 fontes
2298 2019 2347 2069 in
2397 2029 2476 2080 te;
2534 2015 2886 2086 Symmachus
2933 2033 3095 2081 vero,
3148 2017 3215 2071 Et

1687 2104 1973 2157 laudabunt
2013 2108 2164 2174 quasi
2209 2107 2261 2158 in
2313 2106 2450 2160 tibiis
2482 2122 2654 2159 ontnes
2699 2106 2865 2173 fontes
2904 2108 2955 2159 in
3000 2117 3066 2159 te.
3117 2105 3214 2161 His

1684 2211 1844 2266 porro
1896 2194 2181 2264 signiﬁcari
2232 2197 2464 2249 arbitror
2512 2197 2746 2251 ﬁdelium
2785 2197 3064 2259 omnium,
3123 2198 3214 2265 qui

1683 2293 1868 2342 sancta
1892 2284 1984 2339 Dei
2006 2284 2218 2338 civitate
2244 2284 2476 2339 donandi
2524 2294 2669 2348 sunt,
2700 2296 3169 2355 congregationem
3194 2324 3216 2351 .

1681 2385 1840 2445 atque
1863 2376 1917 2429 In
1947 2375 2168 2430 chorum
2200 2390 2365 2428 unum
2393 2374 2782 2429 reductionem.
2813 2373 2947 2427 Nam
2976 2391 3098 2432 cum
3132 2376 3217 2430 dip

1680 2467 1840 2532 citur,
1863 2465 1918 2519 in
1951 2475 2019 2530 te,
2056 2465 2281 2519 indicari
2329 2465 2571 2534 suspicor
2602 2464 2837 2518 civitatis
2869 2462 2962 2517 Dei
2995 2465 3169 2520 locum
3195 2503 3212 2529 ,

1680 2557 1837 2626 cuius
1893 2556 2232 2611 fundamenta
2285 2555 2497 2626 quidem
2551 2555 2612 2608 in
2677 2555 2949 2610 montibus
3011 2556 3216 2612 sanctis

1680 2655 1858 2709 erant,
1883 2656 2050 2716 porta:
2073 2660 2199 2700 vero
2237 2656 2288 2698 et
2314 2645 2493 2699 aditus
2523 2643 2704 2696 inllmo
2752 2644 2806 2697 in
2840 2643 2960 2698 loco
2986 2650 3040 2699 et
3069 2645 3215 2713 apud

1680 2751 1779 2791 nos
1799 2736 1888 2790 siti
1913 2742 2031 2790 sunt
2066 2753 2080 2789 :
2112 2736 2164 2788 in
2195 2733 2369 2787 medio
2395 2739 2572 2786 autem
2603 2733 2768 2796 illius,
2805 2734 2958 2802 quasi
2996 2734 3052 2788 in
3082 2735 3213 2788 ch0-

1679 2840 1769 2879 rea
1806 2835 1858 2879 et
1898 2831 2158 2878 concentu
2192 2823 2391 2884 divino,
2428 2823 2729 2892 congregati
2786 2821 2863 2874 illi
2919 2822 3208 2878 habitaturi

1677 2929 1797 2970 esse
1822 2915 2262 2985 praenuntiantur.
2293 2911 2667 2965 Animadverte
2695 2925 2854 2979 porro
2873 2926 2973 2980 qua
2997 2912 3207 2968 ratione

1680 3004 1768 3058 hic
1799 3002 2058 3072 psalmus,
2087 3001 2177 3056 Dei
2202 3002 2595 3071 generationem
2648 2998 2946 3054 secundum
2978 2995 3205 3068 Septua-

1680 3094 1826 3164 ginta
1861 3092 2212 3162 interpretum
2245 3093 2522 3147 lectionem
2546 3091 2864 3156 vaticinans,
2893 3090 3205 3162 mysterium

1679 3183 1979 3238 occultarit.
2004 3180 2097 3234 Illa
2124 3181 2264 3235 enim
2305 3179 2594 3235 secundum
2627 3179 3002 3249 Symmachum
3035 3179 3206 3248 expli-

1605 3251 1648 3312 C
1677 3272 1836 3338 catio,
1859 3270 2109 3324 Dominus
2141 3270 2428 3324 numerabit
2463 3270 2688 3324 scribent
2726 3270 2967 3338 populos,
2995 3267 3092 3322 Hic
3110 3285 3207 3324 na-

1625 3373 1629 3378 '
1678 3370 1760 3414 tua
1784 3369 1861 3415 est
1891 3360 1998 3424 ibi;
2027 3360 2109 3414 vel
2133 3359 2422 3413 secundum
2447 3359 2715 3428 Aquilam,
2737 3359 2988 3413 Dominus
3015 3375 3206 3414 narru-

1678 3449 1748 3503 bit
1783 3451 1838 3504 in
1858 3448 2126 3504 scribendo
2149 3449 2383 3518 populos,
2417 3436 2518 3501 Hii:
2547 3457 2698 3501 natus
2749 3457 2826 3501 est
2871 3448 2973 3512 ibi;
3010 3449 3094 3503 vel
3120 3463 3203 3503 se-

1676 3537 1909 3592 cundum
1938 3535 2391 3602 Theodolionem',
2419 3535 2668 3589 Dominus
2714 3534 2946 3588 narrabit
2982 3537 3033 3588 in
3071 3539 3203 3590 scri-

1675 3637 1830 3694 ptura
1855 3626 2176 3694 populorum,
2198 3625 2294 3678 Hic
2309 3635 2460 3678 natus
2482 3625 2688 3689 esttibi,
2718 3639 2824 3677 non
2852 3625 3033 3679 eadem
3060 3626 3202 3694 apud

1677 3717 1816 3774 LXX
1837 3720 2128 3788 reperitur;
2179 3718 2274 3772 sed
2320 3718 2548 3778 dicitur,
2594 3716 2817 3780 Domino
2873 3715 3108 3768 narrabit
3147 3717 3200 3770 in

1676 3811 1933 3878 scriptura
1977 3810 2283 3876 pabulorum
2321 3817 2369 3861 et
2421 3808 2705 3876 principum
2756 3807 2934 3859 horum
2954 3807 3043 3875 qui
3090 3804 3203 3872 fue-

1676 3909 1800 3964 runt,
1830 3901 1884 3953 in
1919 3914 2012 3963 ea;
2053 3899 2177 3968 quia
2200 3937 2215 3961 ,
2266 3905 2327 3952 ut
2370 3899 2621 3960 arbitror,
2669 3898 2987 3966 interpretes
3017 3909 3198 3949 veram

1677 3975 1993 4045 sententiam
2021 3988 2378 4049 occultarunt,
2407 3986 2550 4056 quod
2573 3985 2760 4040 alienis
2781 3984 3045 4054 gentibus,
3064 3991 3198 4037 tem-

1676 4093 1803 4148 pore
1823 4076 2121 4146 Ptolemmi.
2172 4075 2500 4145 Scripturam
2557 4074 2952 4144 interpretaturi
2976 4080 3198 4142 essent,

1674 4184 1795 4225 cum
1831 4169 2067 4222 nondum
2101 4167 2350 4222 Servatur
2376 4175 2558 4222 noster
2593 4168 2647 4220 in
2689 4166 2888 4220 mundo
2923 4169 3204 4237 apparuit-

1675 4265 1774 4312 set.
1827 4255 2097 4325 Totusque
2128 4257 2364 4325 psalmus
2409 4255 2694 4310 admodum
2733 4253 3101 4326 aenigmaticus
3146 4264 3202 4311 ct

1671 4347 1936 4400 obscurus
1962 4357 2042 4400 est
2070 4364 2082 4398 :
2115 4346 2308 4414 quippe
2335 4345 2426 4415 qui
2469 4345 2807 4413 fundamenta
2833 4346 2941 4414 ejus
2964 4347 3126 4410 dicat,
3148 4357 3200 4400 et

1671 4437 1792 4506 quis
1815 4436 1883 4490 sit
1912 4436 1956 4490 is
1980 4435 2046 4490 de
2073 4450 2179 4503 quo
2201 4435 2436 4504 loquitur
2463 4441 2661 4501 taceat,
2679 4450 2777 4490 nec
2807 4437 3001 4488 indicet
3027 4437 3195 4499 illum;

1604 4557 1646 4609 Ι)
1675 4542 1737 4581 ac
1759 4542 1970 4582 rursum
2004 4535 2210 4579 montes
2244 4533 2460 4579 ειιιιοιοε
2498 4532 2771 4591 memoret,
2794 4533 3079 4594 portasque
3110 4533 3196 4577 ta-

1673 4617 1972 4671 bernaculis
2002 4607 2179 4669 'Jacob
2211 4629 2240 4669 a
2273 4614 2494 4669 Domino
2523 4615 2812 4679 antelatas;
2860 4616 3091 4685 itemque
3117 4616 3196 4669 ci-

1671 4710 1887 4764 vitatem
1942 4706 2035 4762 Dei
2092 4705 2693 4780 gloriose'celebratam
2731 4723 2744 4758 :
2782 4706 2846 4756 ad
2906 4705 3017 4758 hac
3066 4720 3194 4760 vero

1673 4796 1870 4861 omnia,
1900 4795 1955 4848 in
1982 4795 2216 4855 civitate,
2246 4807 2354 4845 non
2383 4791 2651 4856 lsraelem,
2685 4808 2858 4862 neque
2913 4793 3188 4849 Iudaicam

1671 4879 1877 4951 gentem
1903 4898 1918 4947 ;
1949 4879 2043 4935 sed
2092 4877 2426 4932 Bababolim
2456 4878 2806 4942 meretricem,
2834 4879 3189 4948 Babylonem,

1673 4969 1861 5040 'l'yrias
1893 5006 1909 5033 ,
1962 4966 2240 5036 1Ethiopas
2266 5005 2281 5031 ,
2343 4966 2770 5037 alienigenasque
2831 4968 3083 5021 nominet.
3124 4965 3188 5021 lli

1670 5061 1864 5129 quippe
1895 5072 2079 5112 omnes
2109 5071 2205 5112 cur
2237 5058 2290 5111 in
2320 5056 2534 5112 civitate
2557 5056 2649 5110 Dei
2677 5056 2930 5110 nascituri
2957 5069 3075 5108 esse
3107 5054 3190 5107 di-

1675 5160 1882 5211 cantur,
1904 5164 2011 5202 non
2045 5149 2201 5201 aliam
2234 5162 2448 5202 causam
2480 5147 2602 5216 quis
2625 5146 2878 5215 proferat,
2900 5145 3004 5198 nisi
3027 5159 3186 5212 gene-

1673 5240 1929 5294 rationem
1951 5237 2050 5290 viri
2071 5237 2164 5306 qui
2195 5237 2248 5289 in
2292 5236 2380 5289 illa
2411 5247 2567 5290 natus
2597 5243 2698 5299 est,
2725 5243 2776 5288 et
2805 5231 3012 5286 Domini
3056 5232 3183 5285 item

1671 5329 1726 5382 in
1753 5327 1840 5381 illa
1873 5325 2003 5389 nati,
2035 5325 2276 5380 videlicet
2312 5325 2365 5378 in
2407 5324 2522 5378 viro
2559 5337 2711 5392 quem
2768 5319 2874 5388 iam
2929 5319 3179 5376 diximus.

1671 5417 1999 5486 Quapropter
2052 5413 2407 5469 omnimodam
2458 5425 2892 5480 communemque
2928 5409 3177 5474 latitiam,

1672 5506 1915 5565 choreas,
1945 5503 2178 5564 cantica,
2208 5500 2392 5554 laudes
2412 5538 2426 5563 ,
2481 5497 2777 5553 divinorum
2809 5510 3181 5562 sacrorumque

1671 5593 1999 5661 eloquiornm
2045 5591 2215 5645 fontes
2243 5589 2298 5642 in
2329 5590 2431 5644 line
2463 5587 2649 5658 psalmi
2680 5579 3011 5644 vaticinatur.
3044 5583 3178 5637 Cum

1672 5693 1846 5734 autem
1877 5681 2026 5742 dicit,
2057 5681 2108 5732 in
2141 5679 2405 5746 scriptura
2447 5679 2760 5747 populorum
2801 5674 2979 5730 omnia
3027 5689 3180 5743 repo-

1673 5769 1842 5826 nenda
1863 5784 1997 5837 esse,
2023 5771 2249 5826 arbitror
2272 5760 2394 5827 eum
2415 5774 2622 5838 tempus
2641 5766 3013 5836 descriptionis
3042 5780 3178 5835 gen-
