3974 6354
724 465 748 520 Ι
757 467 859 523 055

717 759 800 814 bis
841 760 1200 824 maledictum,
1239 761 1531 816 secundum
1577 761 1884 823 Apostolum
1924 760 2228 814 dicentem:

714 843 963 899 Dominus
999 862 1092 914 pro
1138 849 1283 900 nobis
1324 832 1556 900 mortuus
1594 856 1689 912 est,
1737 847 1906 916 factus
1944 854 2053 912 pro
2087 845 2230 900 nobis

715 936 1066 999 maledictum,
1111 926 1234 1008 quia
1272 941 1517 1006 scriptum
1564 950 1688 995 est:
1715 940 2023 995 Haledictus
2066 939 2228 994 omnis

712 1027 806 1113 qui.
825 1027 1004 1093 pendet
1029 1029 1082 1079 in
1112 1027 1249 1095 ligno
1269 1027 1332 1081 ⁸⁹.
1363 1029 1538 1094 Quare
1560 1069 1574 1092 ,
1609 1039 1665 1083 ut
1703 1030 1754 1084 in
1801 1031 2003 1099 psalmo
2040 1028 2225 1092 fertur,

711 1113 914 1180 repleta
949 1121 1032 1180 est
1074 1114 1226 1168 malis
1266 1115 1441 1169 anima
1487 1117 1625 1184 ejus,
1655 1124 1710 1172 et
1733 1122 1841 1171 vita
1877 1118 1991 1186 ejus
2021 1117 2228 1172 inferno

710 1203 1176 1271 appropinquavit,
1232 1203 1373 1272 quod
1420 1206 1595 1273 ipsum
1648 1192 1964 1260 descensum
2009 1207 2124 1273 ejus
2173 1207 2227 1260 in

711 1296 936 1343 mortem
965 1291 1106 1346 clare
1134 1290 1414 1360 signiﬁcat.
1449 1291 1571 1346 Ideo
1603 1293 1789 1362 Aquila
1823 1295 1901 1348 sic
1927 1292 2091 1347 edidit
2119 1313 2132 1348 :
2163 1293 2226 1346 Et

709 1379 815 1430 vita
845 1395 954 1432 mea
973 1380 1024 1432 in
1053 1381 1308 1447 infernum
1322 1381 1563 1443 elevavit;
1586 1380 1934 1450 Symmachus
1966 1397 2091 1436 vero
2115 1397 2126 1432 :
2153 1381 2221 1434 Et

711 1467 815 1520 vita
842 1481 962 1522 mea
1023 1470 1278 1531 infernum
1316 1472 1505 1540 attigit.
1543 1469 1608 1524 Ut
1649 1478 1824 1525 autem
1862 1471 1986 1525 alibi
2026 1472 2224 1526 dictum

695 1565 794 1614 est
830 1573 844 1609 :
886 1557 1018 1612 Cum
1059 1561 1245 1629 iniquis
1279 1571 1540 1629 reputatus
1575 1570 1689 1625 est;
1733 1562 1811 1616 sic
1846 1570 1897 1616 et
1932 1562 2033 1615 hoc
2063 1562 2179 1615 loco
2207 1580 2219 1615 :

713 1644 1022 1699 zEstimatus
1052 1663 1184 1712 sum,
1223 1649 1413 1717 inquit,
1451 1664 1564 1700 cum
1593 1647 2004 1702 descendentibus
2046 1649 2098 1702 in
2146 1649 2225 1701 la-

709 1750 842 1788 cum.
879 1734 981 1790 Pro
1025 1752 1130 1806 quo
1178 1737 1528 1808 Symmachus
1558 1738 1722 1792 edidit
1755 1757 1768 1793 :
1803 1737 2083 1806 Reputatus
2111 1753 2224 1790 sum

1407 460 1670 519 EUSEBII
1705 460 2170 518 CJESABIENSIS
2205 459 2352 516 OPP.
2392 457 2565 515 PARS
2601 457 2689 513 ΙΙΙ.
2727 489 2791 498 -
2839 456 3238 512 EXEGETICA.

719 583 950 640 animum
966 598 1155 644 suum;
1186 583 1294 636 imo
1313 581 1470 636 etiam
1493 589 1932 650 peccatanostra.
1956 595 2074 648 qua:
2094 579 2148 632 in
2177 593 2218 633 si

2332 579 2486 632 Κακά
2516 580 2570 632 δὲ
2593 580 2707 648 ἦτοι
2753 579 2846 640 τὰς
2885 576 3219 648 περιστάσεις
3251 571 3530 642 ὀνομάζει,
3556 571 3830 640 κοινότερον
3944 567 3945 608 3

720 674 832 742 ipse
854 673 1107 741 suscepit,
1135 687 1198 726 ac
1227 687 1454 742 quorum
1481 687 1645 726 causa
1675 671 1856 726 factus
1877 679 1960 724 est
2001 685 2096 738 pro
2132 683 2218 722 ηον

2332 668 2704 739 ὲξακουομὲνου
2729 666 2819 721 τοῦ
2841 666 2946 720 τῶν
2966 665 3144 720 κακῶν
3160 663 3431 732 ὀνόματος,
3457 662 3490 732 ἢ
3516 663 3610 714 καὶ
3626 660 3718 732 τὴν
3737 660 3830 712 τῶν
3944 713 3945 742 1

2328 735 2619 830 ἀνθρώπων
2651 756 2861 819 κακίαν,
2885 752 2950 826 ἦς
2973 753 3344 824 πεπληρῶσθαι
3368 751 3465 822 τὴν
3490 750 3660 820 ψυχὴν
3683 747 3830 804 αὐτοῦ

3697 453 3830 509 1056

2327 848 2531 916 ἔλεγεν·
2558 847 2691 901 ἀλλά
2710 847 2801 900 καὶ
2826 846 2921 908 τάς
2950 844 3211 915 ἁμαρτίας
3237 843 3332 906 τὰς
3352 841 3649 912 ἡμετέρας,
3680 840 3742 901 ἀς
3761 839 3829 898 εις

2327 936 2508 989 ἑαυτὸν
2526 935 2772 1004 ἀνείληφε
2784 976 2798 999 ,
2814 934 2878 986 δι’
2893 933 2956 996 ἀς
2975 935 3066 986 καὶ
3083 932 3295 1001 γέγονεν
3315 931 3453 999 ὑπὲρ
3469 927 3624 999 ἡμῶν
3639 926 3827 994 κατάρα

2325 1025 2463 1080 κατά
2501 1026 2586 1078 τὸν
2643 1026 2950 1079 Ἀπόστολον
2972 1065 2986 1089 ,
3011 1024 3069 1088 ὃς
3097 1024 3195 1094 ἔφη
3215 1041 3230 1056 ο
3260 1023 3469 1088 Κύριος
3494 1019 3644 1085 ὑπὲρ
3676 1017 3825 1085 ἡμῶν

2325 1113 2594 1179 ἀπέθανε,
2618 1115 2924 1183 γενόμενος
2934 1113 3080 1180 ὑπὲρ
3093 1111 3256 1180 ἡμῶν
3273 1108 3490 1176 κατάρα
3507 1125 3521 1139 ο
3548 1107 3632 1159 ὅτι
3653 1105 3828 1174 τέτρα-

2325 1218 2459 1256 πται
2474 1220 2488 1233 ο
2523 1202 2961 1270 Ἐπικατάρατος
2977 1200 3093 1267 πᾶς
3110 1205 3142 1256 ό
3156 1199 3506 1269 κρεμάμενος
3523 1196 3619 1250 ἐπὶ
3636 1197 3822 1260 ξύλου.

2325 1292 2411 1344 Διὸ
2425 1293 2514 1345 καὶ
2528 1293 2662 1346 κατά
2677 1292 2763 1344 τὸν
2777 1291 3004 1360 ψαλμὸν,
3018 1290 3252 1361 ἐπλήσθη
3268 1289 3447 1343 κακῶν
3461 1288 3646 1358 ἡψυχὴ
3659 1287 3823 1350 αὑτοῦ,

2325 1382 2413 1435 καὶ
2433 1384 2465 1453 ἡ
2489 1382 2596 1452 ζωὴ
2614 1380 2770 1435 αὐτοῦ
2785 1381 2860 1450 τῷ
2885 1381 2983 1451 ᾅδῃ
3005 1381 3242 1450 ἧγγισενο
3271 1378 3299 1431 δ
3328 1378 3389 1448 δὴ
3413 1378 3506 1430 καὶ
3520 1376 3646 1430 αὐτὸ
3660 1374 3824 1444 σαφῶς

2320 1470 2414 1540 τὴν
2437 1473 2514 1533 είς
2531 1471 2620 1523 τὸν
2643 1471 2862 1524 θάνατον
2883 1469 3098 1522 κάθοδον
3116 1467 3273 1520 αὐτοῦ
3293 1469 3453 1536 δηλοῖ.
3484 1467 3678 1536 Διόπερ
3698 1468 3724 1518 ό
3740 1467 3822 1534 μὲν

2334 1559 2555 1620 Ἀκύλας
2591 1557 2844 1624 sessum
2875 1555 3071 1620 ειπὼν,
3096 1556 3202 1611 Kal
3236 1557 3272 1621 ἡ
3301 1555 3408 1621 ζωή
3440 1574 3558 1624 μου
3585 1557 3671 1619 εις
3691 1553 3824 1619 ἅδην

2322 1647 2715 1712 κατήντηκεν·
2745 1647 2772 1698 ό
2796 1645 2851 1698 δὲ
2880 1645 3185 1715 Σύμμαχος,
3214 1644 3319 1698 Kal
3346 1645 3383 1711 ἠ
3422 1642 3529 1709 ζωή
3570 1661 3685 1712 μου
3723 1641 3821 1709 ᾄδῃ

2322 1735 2533 1802 ἥψατο.
2554 1736 2833 1806 Ὥσπερδὲ
2859 1736 3064 1806 εἴρηται
3089 1733 3313 1804 ἀλλαχοῦ
3337 1734 3414 1797 το,
3441 1736 3595 1789 Μετὰ
3613 1735 3824 1803 ἀνόμων

709 1841 824 1879 cum
855 1827 1083 1882 deductis
1119 1830 1173 1881 in
1201 1829 1391 1882 lacum.
1427 1826 1699 1895 Siquidem
1749 1842 1930 1880 omnes
1981 1825 2218 1878 homines

2319 1824 2620 1890 ἐλογίσθηο
2654 1823 2806 1876 Οὕτω
2835 1826 2926 1877 καὶ
2945 1825 3188 1889 ἐνταῦθα,
3208 1827 3700 1893 Προσελοτίσθην.
3737 1841 3824 1894 φη-

710 1914 763 1968 in
794 1917 965 1970 locum
993 1917 1200 1980 mortis,
1230 1918 1320 1986 qui
1348 1917 1459 1986 jam
1496 1915 1634 1968 lacui
1665 1921 2025 1981 comparatur,
2047 1913 2218 1966 detra-

2323 1913 2405 1986 σὶ,
2448 1913 2592 1982 μετὰ
2618 1914 2735 1967 τῶν
2756 1917 3214 1969 καταϐαινόντων
3237 1918 3331 1982 εις
3348 1915 3572 1970 λάκκον
3593 1933 3606 1945 ·
3642 1915 3748 1969 ἀνθ’
3770 1909 3821 1969 οὗ

706 2003 906 2058 buntur
932 2013 984 2058 et
1010 2005 1347 2059 deducuntur
1377 2021 1392 2059 :
1425 2005 1599 2072 itaque
1628 2003 1750 2055 illuc
1776 2010 1988 2070 propter
2008 2009 2223 2070 peccata

703 2106 824 2154 sua,
856 2093 955 2148 ista
982 2094 1195 2162 regione
1224 2093 1366 2162 digni
1391 2093 1629 2162 iudicati,
1653 2092 2000 2146 descendunt.
2039 2090 2101 2143 Et
2127 2106 2224 2159 ego

707 2194 917 2248 quoque
942 2180 994 2232 in
1026 2195 1207 2233 eorum
1233 2195 1453 2234 numero
1473 2188 1806 2249 computatus
1832 2182 1968 2241 Sum,
1993 2179 2092 2233 etsi
2120 2195 2222 2232 non

703 2269 758 2322 id
793 2270 1128 2338 promeritus.
1181 2269 1273 2324 sed
1316 2269 1457 2323 Patri
1500 2270 1796 2338 obsequens
1833 2267 2022 2322 fuerim
2052 2282 2222 2335 usque

704 2357 772 2412 ad
803 2367 1044 2415 mortem.
1073 2359 1170 2414 Hic
1195 2361 1372 2430 itaque
1398 2363 1502 2413 vita
1523 2377 1654 2422 mea,
1686 2359 1878 2427 inquit,
1908 2359 2106 2426 inferno
2132 2373 2222 2423 ap-

699 2435 1075 2518 propinquavit,
1102 2456 1176 2516 et,
1194 2449 1507 2503 xEstimatus
1527 2464 1638 2500 sum
1667 2463 1780 2500 cum
1805 2440 2220 2500 descendentibus

704 2543 757 2594 in
789 2541 977 2594 lacum.
1004 2539 1063 2593 ln
1094 2541 1199 2594 alio
1233 2542 1355 2594 item
1383 2540 1586 2608 psalmo
1614 2538 1724 2591 haec
1751 2537 1864 2606 ipsa
1898 2551 2219 2590 commemo-

703 2645 849 2691 rans,
873 2631 1097 2685 reditum
1114 2629 1234 2685 inde
1254 2630 1514 2699 signiﬁcat
1528 2629 1610 2682 his
1625 2627 1828 2682 verbis:
1851 2627 2082 2689 Domine,
2102 2628 2222 2680 edu-

701 2721 826 2773 xisti
840 2720 902 2772 ab
919 2720 1116 2787 inferno
1129 2721 1353 2773 animam
1367 2736 1551 2783 meam,
1566 2718 1780 2771 salvasti
1793 2733 1870 2770 me
1882 2734 1913 2768 a
1925 2717 2220 2770 descenden-

703 2808 837 2862 tibus
852 2810 905 2862 in
922 2811 1090 2863 lacum
1103 2810 1150 2842 ⁹⁰
1168 2829 1183 2876 ;
1203 2826 1265 2864 ac
1297 2800 1510 2865 ruisum
1539 2810 1662 2864 alibi
1689 2828 1701 2862 :
1723 2807 2036 2876 Exspectans
2050 2822 2223 2874 exspeo

701 2900 835 2952 clavi
850 2899 1146 2962 Dominum,
1163 2909 1210 2954 et
1228 2901 1442 2953 intendit
1457 2900 1581 2952 mihi
1597 2915 1614 2952 .'
1629 2910 1676 2952 et
1705 2897 1965 2952 exaudiuit
1985 2896 2220 2964 depreca-

705 2988 894 3040 tionem
919 3004 1101 3052 meam,
1122 2997 1168 3040 et
1186 2988 1359 3042 eduxit
1377 3005 1454 3041 me
1472 2990 1531 3041 de
1549 2989 1662 3040 lacu
1678 2987 1915 3040 miseria.
1946 2983 2009 3036 Et
2035 2985 2219 3037 statuit

700 3092 857 3145 supra
877 3086 1074 3144 petram
1093 3075 1239 3146 pedes
1257 3093 1392 3130 meos
1416 3078 1483 3142 ⁹¹;
1507 3088 1558 3130 et
1579 3076 1631 3129 in
1648 3075 1853 3130 decimo
1867 3073 2054 3144 quinto
2079 3075 2219 3142 psal—

699 3180 788 3219 mo
811 3166 1008 3221 dictum
1038 3176 1117 3220 est
1133 3185 1145 3220 :
1164 3165 1284 3220 Non
1303 3166 1618 3236 derelinquas
1635 3167 1861 3220 animam
1883 3169 2045 3220 meam
2063 3167 2115 3218 in
2136 3168 2215 3218 in-

2319 1983 2572 2065 ὲξέδωκεν
2599 2002 2627 2053 ὁ
2656 2000 2962 2071 Σύμμαχος,
3005 2003 3349 2072 Ἐ’λοτίσθην
3397 2004 3543 2072 μετὰ
3573 2003 3686 2057 τῶν
3709 2020 3824 2057 κατ·

2318 2089 2614 2157 αγυμένων
2641 2095 2726 2156 εις
2748 2091 2989 2145 λάκκον.
3004 2091 3066 2146 Ol
3099 2095 3193 2164 μὲν
3224 2095 3329 2164 γὰρ
3358 2094 3550 2155 πάντες
3574 2093 3822 2161 ἄνθρωποι

2320 2179 2661 2234 καθέλκονται
2698 2183 2786 2234 καὶ
2815 2185 3128 2251 κατάγονται
3153 2187 3230 2248 είς
3258 2186 3319 2238 τὸ
3345 2185 3539 2256 χωρίον
3559 2183 3649 2237 τοῦ
3676 2185 3821 2238 θανά-

2318 2285 2408 2320 του
2424 2310 2438 2334 ,
2464 2269 2522 2321 τδ
2548 2269 2639 2323 νῦν
2664 2271 2844 2340 λάκκῳ
2868 2275 3352 2344 παραϐαλλόμενον·
3381 2277 3472 2328 καὶ
3495 2276 3822 2329 καταϐαίνου-

2321 2375 2402 2410 σιν
2432 2361 2543 2411 ὲκεῖ
2562 2359 2648 2412 διὰ
2678 2362 2774 2423 τὰς
2803 2363 3002 2416 ἑαυτῶν
3025 2365 3312 2434 ἁμαρτίας,
3336 2366 3432 2434 τῆς
3453 2365 3634 2418 αὐτόθι
3662 2364 3822 2436 χώρας

2319 2449 2452 2514 ἄξιοι
2481 2447 2613 2503 εἶναι
2640 2451 2927 2521 κριθέντες.
2964 2452 3129 2520 Κάγὼ
3153 2453 3207 2505 δὲ
3233 2456 3290 2507 ὲν
3315 2455 3518 2516 τούτοις
3544 2453 3818 2524 ἑλογίσθην,

2317 2539 2411 2592 οὐκ
2441 2539 2514 2591 ὢν
2544 2540 2688 2603 άξιος
2707 2579 2722 2602 ,
2745 2540 2856 2593 ἀλλ’
2893 2539 3127 2613 ὑπήκοος
3153 2544 3431 2611 γενόμενος
3455 2543 3529 2613 τῷ
3552 2545 3716 2613 Πατρὶ
3737 2544 3819 2613 μι.

2318 2645 2405 2698 χρι
2431 2629 2674 2682 Θανάτου.
2719 2629 2927 2684 Ἑνθάδε
2959 2631 3052 2700 μὲν
3074 2626 3162 2684 οὖν
3199 2633 3236 2699 ἡ
3271 2631 3377 2700 ζωή
3403 2648 3539 2700 μου,
3579 2631 3721 2701 φησὶ,
3748 2629 3822 2695 τῷ

2317 2718 2427 2785 ᾄδῃ
2455 2717 2682 2788 ἦγτικε*
2711 2719 2823 2783 καὶ,
2856 2722 3352 2789 Προσελογίσθην,
3385 2722 3534 2790 φησι,
3554 2724 3697 2790 μετὰ
3719 2719 3821 2773 τῶν

2317 2809 2779 2862 καταϐαινόντων
2809 2811 2896 2874 εἱς
2924 2809 3180 2863 λάκκονο
3213 2813 3286 2864 ἐν’
3310 2812 3475 2880 ἑτέρῳ
3520 2811 3576 2864 δὲ
3620 2809 3817 2878 ψαλμῷ,

2317 2895 2510 2948 τούτων
2529 2896 2699 2948 αὐτῶν
2718 2898 3077 2966 μνημονεύων,
3103 2899 3197 2969 τὴν
3223 2900 3425 2952 ἐκεῖθεν
3447 2899 3624 2952 ἄνοδον
3650 2897 3818 2967 any.an

2316 3000 2395 3038 νει
2421 2985 2635 3052 φάσκων
2653 3003 2666 3016 ο
2689 2987 2877 3053 Κύριε,
2902 2989 3190 3056 ἀνήγαγες
3219 2989 3286 3052 ἐξ
3320 2989 3464 3055 ᾅδου
3491 2987 3603 3055 τὴν
3633 2987 3819 3055 ψυχήν

2309 3092 2445 3143 μου,
2473 3074 2705 3140 ἔσωσας
2729 3094 2804 3144 με
2824 3079 2939 3130 ἀπὸ
2963 3079 3076 3130 τῶν
3097 3081 3560 3132 καταϐαινόντων
3589 3081 3672 3144 εις
3699 3077 3821 3130 λάκ-

2317 3167 2424 3216 κον
2442 3181 2456 3196 ο
2502 3166 2609 3218 Καὶ
2651 3165 2809 3218 πάλιν
2857 3165 3082 3235 ἀλλαχοῦ
3106 3183 3119 3196 ο
3184 3167 3516 3235 Ὑπομένων
3557 3167 3818 3235 ὑπέμεινα

699 3255 867 3324 farno,
883 3271 970 3308 nec
985 3255 1131 3310 dabis
1143 3267 1372 3309 sanctum
1389 3267 1531 3309 tuum
1547 3256 1711 3310 videre
1733 3258 2107 3324 corruptionem
2119 3257 2208 3308 η’.

2315 3255 2413 3307 τὸν
2428 3256 2658 3320 Κύριον,
2685 3256 2781 3307 καὶ
2804 3255 3099 3325 προσέσχε
3119 3275 3216 3325 μοι
3234 3272 3250 3288 ·
3274 3256 3370 3312 καὶ
3394 3255 3705 3324 είσήκουσε
3721 3255 3819 3323 τῆς

698 3346 953 3416 δεήσεώς
976 3367 1092 3418 μου
1113 3389 1127 3414 ,
1157 3349 1252 3403 καὶ
1275 3343 1542 3420 dum-ars
1567 3367 1641 3420 με
1671 3352 1739 3404 ἐκ
1767 3351 1989 3426 ,κάκ-κου
2023 3351 2425 3416 ταλαιπωρίας.
2456 3349 2559 3402 Καὶ
2586 3349 2804 3416 ἔστησε
2824 3350 2920 3402 ἐπὶ
2974 3350 3190 3418 πέτραν
3244 3351 3383 3416 τοὺς
3445 3350 3629 3416 πόδας
3683 3366 3816 3420 porr

701 3443 791 3498 καὶ
821 3444 876 3494 ὲν
914 3441 989 3512 τῷ
1023 3441 1321 3513 ιε’ψαλμῷ
1359 3443 1600 3517 εἴρηται·
1634 3445 1753 3497 Οὐκ
1783 3444 2218 3512 ἐγκαταλείψεις
2253 3443 2364 3509 τὴν
2393 3442 2598 3510 ψυχήν
2619 3458 2736 3510 μου
2774 3443 2858 3507 εὶς
2921 3440 3027 3495 τὸν
3087 3443 3266 3512 ᾅδην,
3310 3442 3448 3497 οὐδὲ
3488 3442 3691 3507 δώσεις
3723 3441 3819 3494 τὸν

699 3535 868 3588 ὅσιόν
893 3551 1006 3589 σου
1036 3536 1179 3589 Ιδιξῐν
1208 3535 1544 3604 διαφθοράν.

769 3653 932 3709 Vsus.
963 3655 1013 3708 6.
1042 3652 1234 3708 Factus
1257 3655 1530 3708 sum‘sieut
1560 3655 1622 3708 ho
1645 3670 1707 3707 no
1730 3654 1838 3707 sine
1859 3653 2116 3722 adjutorio
2137 3654 2219 3706 iu-

705 3753 782 3796 ter
809 3750 1036 3794 mortuos
1061 3741 1185 3795 liber
1217 3758 1234 3793 :
1262 3743 1393 3796 sicut
1435 3744 1686 3797 uulnerati
1713 3743 2014 3798 dormientes
2058 3747 2111 3797 iu
2139 3760 2218 3797 se-

707 3833 906 3896 pulcro,
937 3847 1151 3901 quorum
1183 3848 1280 3885 non
1320 3841 1395 3885 est
1432 3850 1622 3886 memor
1651 3835 1887 3900 amplius,
1929 3845 1976 3888 et
2023 3837 2122 3902 ipsi
2157 3835 2220 3889 de

702 3934 858 3974 manu
892 3927 982 3972 tua
1009 3918 1199 3986 repulsi
1238 3929 1378 3974 sunt.
1413 3919 1511 3984 Qui
1546 3937 1666 3976 vere
1691 3924 1803 3975 sine
1831 3923 2096 3989 adjutorio
2121 3916 2220 3975 sub

701 4007 886 4061 mortis
915 4007 1135 4075 imperio
1167 4007 1381 4076 degunt.
1405 4008 1472 4061 ab
1502 4010 1614 4077 ipsa
1642 4009 1952 4062 deferuntur
1975 4015 2027 4062 et
2057 4007 2218 4060 abdu-

701 4103 914 4149 cuntur;
955 4093 1110 4147 Solus
1149 4101 1322 4148 autem
1366 4094 1615 4150 εει-ναίον
1646 4105 1699 4150 et
1747 4096 1999 4150 Dominus
2037 4105 2215 4150 noster

700 4186 934 4254 seipsum
961 4184 1249 4236 exinanivit
1269 4190 1324 4237 et
1346 4183 1643 4239 humiliavit
1670 4201 1836 4254 usque
1861 4186 1926 4238 ad
1951 4196 2172 4241 mortem
2197 4205 2210 4239 :

699 4283 753 4329 et
791 4275 929 4328 sicut
957 4272 1128 4327 factus
1159 4281 1242 4326 est
1278 4274 1331 4326 in
1364 4274 1759 4329 similitudinem
1789 4277 1966 4331 carnis
1992 4277 2214 4345 peccati,

702 4367 777 4418 ita
804 4364 977 4417 factus
999 4369 1080 4417 est
1104 4362 1242 4416 sicut
1269 4379 1408 4418 unus
1431 4378 1497 4418 ex
1528 4363 1827 4423 hominibus
1862 4366 1976 4420 sine
2007 4366 2216 4434 adjuto-

702 4454 798 4506 rio.
829 4452 893 4505 At
914 4453 1034 4520 quia
1068 4468 1174 4505 non
1206 4468 1322 4506 vere
1360 4461 1412 4506 et
1451 4453 1625 4522 reipsa
1661 4455 1712 4507 in
1756 4455 2091 4509 multitudine
2123 4455 2212 4507 illa

701 4543 1095 4606 numerabatur,
1144 4542 1288 4595 solus
1317 4541 1454 4595 inter
1507 4549 1747 4595 mortuos
1780 4542 1909 4596 liber
1952 4551 2085 4605 erat,
2116 4557 2212 4597 nec

702 4629 803 4682 sub
843 4631 1029 4683 mortis
1081 4629 1335 4682 servitute
1394 4631 1671 4683 remansit.
1724 4629 1827 4682 Pro
1865 4631 1956 4682 illo
1994 4638 2207 4683 autem:

703 4716 846 4772 Inter
869 4729 1093 4772 mortuos
1125 4721 1271 4784 liber,
1293 4719 1503 4788 Aquila,
1538 4720 1599 4775 In
1620 4722 1831 4774 mortuis
1857 4720 1999 4783 liber,
2018 4719 2210 4785 edidit;

705 4807 914 4877 Symma.
943 4807 1052 4860 illis
1100 4822 1260 4873 vero,
1320 4808 1729 4863 Intermortuos
1774 4794 2018 4861 dimissus
2063 4808 2208 4862 liber.

703 4894 824 4948 iltec
860 4909 1018 4964 porro
1045 4909 1164 4947 cum
1191 4895 1533 4950 distinctione
1573 4898 1746 4965 legas;
1790 4899 1863 4950 ita
1891 4905 1949 4950 ut
1979 4897 2157 4952 isthtec
2193 4914 2207 4950 :

706 4982 897 5036 Factus
924 4998 1037 5036 sum
1067 4985 1195 5036 sicut
1219 4984 1366 5039 homo
1388 4987 1495 5039 sine
1520 4984 1775 5052 adjutorio
1804 4987 1934 5039 inter
1961 4996 2210 5049 mortuos,

703 5070 979 5139 scjungas;
1012 5069 1200 5123 deinde
1225 5085 1352 5123 vero
1385 5071 1560 5124 addita
1587 5077 1705 5138 post
1740 5070 1887 5133 illud,
1920 5072 2051 5123 inter
2073 5085 2211 5122 mor—

707 5158 1306 5227 tuos,pinterpunctione,
1331 5159 1484 5225 quasi
1529 5157 1767 5226 negative
1803 5159 2023 5226 adjicias
2063 5158 2211 5219 illud,

706 5246 861 5299 liber:
891 5254 950 5298 ut
992 5247 1100 5300 hac
1147 5247 1216 5325 sit
1246 5245 1372 5299 dicti
1407 5248 1666 5300 sententia
1703 5265 1715 5299 :
1758 5244 1865 5313 Ego
1884 5248 1974 5314 qui
1989 5236 2142 5302 liber'
2163 5252 2215 5301 et

703 5333 849 5386 solus
874 5346 995 5385 vere
1023 5334 1254 5385 omnium
1286 5331 1539 5386 Dominus
1570 5329 1708 5396 sum,
1739 5332 1908 5386 factus
1935 5348 2051 5386 sum
2077 5333 2215 5388 sicut

709 5420 865 5476 homo
888 5418 1003 5472 sine
1028 5421 1286 5485 adjutorio
1327 5421 1465 5473 inter
1491 5428 1729 5474 mortuos
1753 5438 1768 5485 ;
1811 5435 1914 5474 non
1943 5438 2064 5475 vere
2095 5422 2214 5490 qui-

706 5507 825 5561 dem
857 5509 969 5561 sine
1002 5508 1285 5574 adjutorio,
1307 5510 1398 5562 sed
1429 5509 1581 5576 quasi
1616 5509 1731 5563 sine
1773 5510 2054 5578 adiutorio.
2091 5509 2213 5564 litae

708 5604 880 5649 autem
913 5596 1062 5651 dicta.
1091 5596 1178 5648 alii
1221 5597 1416 5650 nemini
1455 5606 1752 5665 competere
1781 5613 1951 5666 posse,
1978 5614 2134 5668 quam
2165 5599 2213 5652 ei

2389 3647 2696 3717 Ἐτενήθην
2714 3646 2851 3701 ὡσεί
2869 3646 3166 3716 ἄνθρωπος
3188 3646 3404 3713 ἀϐοήθη
3412 3663 3509 3712 τος
3527 3647 3594 3700 ἐν
3615 3645 3819 3715 νεκροῖς

2308 3738 2627 3806 ἐλεύθερος·
2647 3738 2786 3792 ὡσεὶ
2809 3739 3142 3806 τραυματίαι
3161 3737 3541 3801 καθεύδοντες
3563 3739 3631 3790 ἐν
3653 3736 3813 3804 τάφῳ,

2308 3818 2524 3877 ὧνοὺκ
2547 3824 2842 3892 ἐμνήσθης
2866 3823 2970 3885 ἔτι,
2995 3825 3091 3876 καὶ
3115 3825 3279 3878 αὐτοὶ
3301 3826 3366 3878 ἐκ
3383 3825 3493 3891 τῆς
3517 3829 3692 3893 χειρός
3713 3839 3816 3878 σου

2310 3911 2720 3979 ἀπεώσθησαν.
2743 3914 2805 3965 οι
2831 3912 3039 3982 ἀληθῶς
3063 3913 3346 3982 ἀδοήθητοι
3372 3915 3474 3966 ὑπὸ
3494 3915 3586 3966 τοῦ
3612 3914 3813 3966 θανάτου

2313 4003 2694 4072 κυριευόμενοι,
2725 4003 3042 4069 κατάγονται
3087 4004 3177 4055 καὶ
3205 4004 3499 4069 ἀπάγονται
3542 4004 3628 4056 ὑπ’
3650 4001 3808 4056 αὑτοῦ.

2313 4092 2484 4153 Μόνος
2515 4092 2570 4144 δὲ
2601 4093 2630 4144 ό
2656 4090 2839 4160 Σωτὴρ
2871 4092 2962 4144 καὶ
2985 4089 3183 4159 Κύριος
3205 4091 3359 4159 ήμῶν
3391 4091 3576 4143 ἑαυτὸν
3607 4091 3812 4144 tubam

2313 4183 2401 4233 καὶ
2433 4182 2615 4234 ἑαυτὸν
2661 4181 2978 4234 ἐταπείνωσε
3025 4181 3180 4250 μέχρι
3223 4181 3464 4234 θανάτου·
3517 4182 3604 4235 καὶ
3648 4182 3813 4249 ὥσπερ

2311 4269 2522 4337 γέγονεν
2543 4270 2599 4320 ὲν
2616 4267 2909 4338 ὁμοιώματι
2937 4269 3130 4338 σαρκὴς
3152 4270 3435 4338 ἁμαρτίας,
3458 4271 3622 4333 οὕτως
3647 4271 3813 4338 ἐγενή-

2315 4357 2381 4426 θη
2413 4358 2486 4418 ὡς
2515 4353 2594 4419 εἷς
2618 4357 2722 4410 τῶν
2763 4356 3068 4428 ἀόοηθήτων
3099 4358 3403 4428 ἀνθρώπων.
3452 4348 3585 4412 Ἀλλ’
3611 4361 3716 4411 ἐπεὶ
3746 4359 3810 4426 μὴ

2311 4445 2521 4517 ἀληθῶς
2544 4439 2620 4508 εἷς
2648 4442 2712 4515 ἦν
2736 4445 2841 4498 τῶν
2861 4445 3085 4508 πολλῶν,
3114 4448 3264 4515 μόνος
3290 4448 3344 4499 ιν
3365 4440 3575 4517 νεκροῖς
3597 4444 3658 4516 ἦν
3683 4446 3813 4498 ὲλιύ-

2315 4535 2482 4605 θερος,
2513 4535 2800 4596 άδούλωτος
2842 4533 2916 4602 τῷ
2963 4533 3170 4603 Θανάτῳ
3218 4535 3418 4603 μείνας.
3475 4532 3809 4594 ’Δντὶδὲτοῦ,

2243 4598 2285 4651 D
2325 4598 2424 4677 ’έν
2458 4621 2683 4688 νεκροῖς
2707 4598 3026 4686 ἐλεὺθὲρος.
3059 4621 3087 4670 ό
3113 4598 3350 4682 Ἀκύλας,
3369 4621 3461 4671 Ἑν
3487 4620 3812 4684 τεθνηκόσιν

2312 4711 2631 4778 ἐλεύθερος,
2657 4708 2923 4770 ἐξέδωκενο
2940 4709 2968 4758 ὁ
2993 4708 3047 4760 δὲ
3078 4709 3378 4784 Σύμμαχος,
3395 4709 3593 4772 Ἐντὸς
3616 4705 3813 4773 νεκρῶν

2313 4801 2479 4868 ἀφεὶς
2516 4800 2835 4866 ἐλεύθερος.
2899 4797 3199 4869 Ἀναγνώσῃ
3243 4799 3297 4850 δὲ
3335 4798 3428 4850 καὶ
3460 4799 3592 4867 μετά
3621 4796 3810 4848 ὑποδια-

2314 4887 2518 4957 στολῆς,
2553 4887 2691 4949 ίδίως
2727 4887 2819 4955 μὲν
2850 4887 3103 4957 ἀφορίσας
3127 4887 3206 4948 τὸ,
3224 4885 3546 4952 Ἐγενήθην
3569 4885 3695 4937 ὡσεὶ
3721 4885 3813 4936 ἇν-

2311 4981 2532 5044 θρωπος
2567 4977 2886 5044 ἀϐοήθητος
2920 4977 2988 5030 ὲν
3012 4976 3252 5043 νεκροῖςο
3285 4970 3398 5027 εἶτα
3439 4974 3708 5038 omnia“
3743 4975 3812 5033 εἰς

2310 5065 2388 5129 τὸ,
2419 5066 2488 5119 ὲν
2511 5065 2757 5133 νεκροῖς,
2793 5063 3134 5133 ἀποφατικῶς
3161 5063 3372 5127 ἐπάξεις
3400 5063 3478 5124 τὸ,
3506 5065 3808 5130 eaeeaech-

2314 5155 2408 5223 τῆς
2433 5156 2661 5216 διανοίας
2689 5155 2843 5209 τοῦτο
2885 5155 3161 5224 δηλούσαις,
3190 5153 3269 5206 ὅτι
3312 5151 3448 5217 Ἐγὼ
3484 5155 3512 5206 ὁ
3562 5151 3812 5227 ἐλεύθερος

2311 5245 2405 5296 καὶ
2433 5245 2585 5313 μόνος
2605 5240 2817 5312 ἀληθῶς
2854 5244 3100 5297 ἀπάντων
3140 5241 3334 5311 Κύριος
3369 5243 3561 5310 γέγονα
3590 5242 3706 5294 ὡσεὶ
3733 5242 3814 5292 ἀνι

2314 5332 2520 5402 θρωπος
2543 5331 2836 5401 ἀϐοήθητος
2862 5332 2918 5383 ὲν
2938 5332 3160 5399 νεκροῖς·
3186 5329 3294 5383 ἀλλ’
3321 5330 3420 5383 οὐκ
3446 5329 3648 5399 ἀληθῶς
3665 5327 3812 5392 ἀϐοή-

2314 5414 2488 5491 θητος,
2516 5421 2627 5475 ἀλλ’
2655 5421 2729 5483 ὡς
2754 5418 3061 5489 ἀϐοήθητος.
3102 5418 3279 5472 Ταῦτα
3306 5419 3361 5472 δὲ
3387 5419 3467 5471 ὅτι
3513 5419 3683 5489 μηδενὶ
3710 5412 3811 5465 ἑτέ-

2285 5517 2288 5520 ’
2317 5528 2393 5578 ρῳ
2418 5509 2588 5577 λέγειν
2611 5508 2832 5579 ἁρμόζει
2862 5508 2895 5575 ἢ
2925 5508 3002 5576 τῷ
3040 5507 3292 5578 ἁψαμένῳ
3341 5508 3437 5577 μὲν
3467 5507 3558 5561 τοῦ
3583 5505 3809 5560 θανάτων

2316 5599 2406 5653 καὶ
2446 5601 2522 5662 εἰς
2736 5595 3137 5665 ηταὸεὕηκότι,
3172 5597 3246 5666 μὴ
3294 5593 3724 5651 καταδουλωθέντι
3761 5588 3810 5642 ἂ

811 5747 852 5780 ⁸³
891 5746 1000 5800 Gal.
1042 5762 1126 5810 ιιι,
1167 5747 1262 5808 l3;
1300 5745 1450 5802 Deut.
1485 5711 1593 5811 xxi,
1627 5749 1712 5804 23.
1789 5752 1830 5784 '°
1868 5750 2004 5806 Psal.
2041 5767 2196 5816 un,

2356 5752 2397 5785 οι
2437 5749 2572 5799 Pal.
2614 5726 2793 5814 xxxix,
2828 5747 2882 5812 Ξ,
2910 5747 2962 5804 5.
3032 5748 3099 5782 ⁹¹⁵
3130 5747 3269 5805 usal.
3307 5765 3394 5815 xv,
3434 5746 3514 5802 10.
