  <div class='ocr_page' id='page_1' title='image "/cluster/home/n/w/nwhite01/storage/ocr_20150623/23/pst.000005712076/536.png"; bbox 0 0 3974 6354; ppageno 0'>
   <div class='ocr_carea' id='block_1_1' title="bbox 135 383 267 441">
    <p class='ocr_par' dir='ltr' id='par_1_1' title="bbox 135 383 267 441">
     <span class='ocr_line' id='line_1_1' title="bbox 135 383 267 441; baseline 0.008 -3"><span class='ocrx_word' id='word_1_1' title='bbox 135 383 267 441; x_wconf 74' lang='grc'><strong>105⁸1</strong></span> 
     </span>
    </p>
   </div>
   <div class='ocr_carea' id='block_1_2' title="bbox 1220 383 2178 449">
    <p class='ocr_par' dir='ltr' id='par_1_2' title="bbox 1220 383 2178 449">
     <span class='ocr_line' id='line_1_2' title="bbox 1220 383 2178 449; baseline 0.005 -5"><span class='ocrx_word' id='word_1_2' title='bbox 1220 383 1714 445; x_wconf 69' lang='lat' dir='ltr'><strong>COMMENTARIA</strong></span> <span class='ocrx_word' id='word_1_3' title='bbox 1749 390 1813 445; x_wconf 80' lang='grc' dir='ltr'><strong>ΙΝ</strong></span> <span class='ocrx_word' id='word_1_4' title='bbox 1850 392 2178 449; x_wconf 71' lang='lat' dir='ltr'><strong>PSALMOS.</strong></span> 
     </span>
    </p>
   </div>
   <div class='ocr_carea' id='block_1_3' title="bbox 3140 403 3281 465">
    <p class='ocr_par' dir='ltr' id='par_1_3' title="bbox 3140 403 3281 465">
     <span class='ocr_line' id='line_1_3' title="bbox 3140 403 3281 465; baseline 0.028 -5"><span class='ocrx_word' id='word_1_5' title='bbox 3140 403 3281 465; x_wconf 62' lang='lat' dir='ltr'><strong>i058</strong></span> 
     </span>
    </p>
   </div>
   <div class='ocr_carea' id='block_1_4' title="bbox 133 501 1648 581">
    <p class='ocr_par' dir='ltr' id='par_1_4' title="bbox 133 501 1648 578">
     <span class='ocr_line' id='line_1_4' title="bbox 133 501 1648 578; baseline 0.003 -22"><span class='ocrx_word' id='word_1_6' title='bbox 133 502 317 574; x_wconf 82' lang='grc' dir='ltr'>αὐτῷ,</span> <span class='ocrx_word' id='word_1_7' title='bbox 365 501 522 557; x_wconf 69' lang='grc' dir='ltr'>παντί</span> <span class='ocrx_word' id='word_1_8' title='bbox 552 519 629 574; x_wconf 85' lang='grc' dir='ltr'>τῳ</span> <span class='ocrx_word' id='word_1_9' title='bbox 673 520 820 576; x_wconf 81' lang='grc' dir='ltr'>οιμαι</span> <span class='ocrx_word' id='word_1_10' title='bbox 864 504 1086 576; x_wconf 72' lang='grc' dir='ltr'>φανερὸν</span> <span class='ocrx_word' id='word_1_11' title='bbox 1127 508 1422 577; x_wconf 81' lang='grc' dir='ltr'>τυγχάνειν·</span> <span class='ocrx_word' id='word_1_12' title='bbox 1471 508 1545 572; x_wconf 84' lang='grc' dir='ltr'><strong>ὡς</strong></span> <span class='ocrx_word' id='word_1_13' title='bbox 1590 507 1648 578; x_wconf 70' lang='grc' dir='ltr'><strong>μὶ</strong></span> 
     </span>
    </p>
   </div>
   <div class='ocr_carea' id='block_1_5' title="bbox 1742 501 3276 581">
    <p class='ocr_par' dir='ltr' id='par_1_5' title="bbox 1761 509 3276 581">
     <span class='ocr_line' id='line_1_5' title="bbox 1761 509 3276 581; baseline 0.005 -18"><span class='ocrx_word' id='word_1_14' title='bbox 1761 510 1854 579; x_wconf 85' lang='lat' dir='ltr'><strong>qui</strong></span> <span class='ocrx_word' id='word_1_15' title='bbox 1882 517 2104 564; x_wconf 83' lang='lat' dir='ltr'><strong>mortem</strong></span> <span class='ocrx_word' id='word_1_16' title='bbox 2128 509 2337 579; x_wconf 85' lang='lat' dir='ltr'><strong>quidem</strong></span> <span class='ocrx_word' id='word_1_17' title='bbox 2369 509 2565 581; x_wconf 69' lang='lat' dir='ltr'><strong>attigit,</strong></span> <span class='ocrx_word' id='word_1_18' title='bbox 2593 519 2647 566; x_wconf 88' lang='lat' dir='ltr'><strong>et</strong></span> <span class='ocrx_word' id='word_1_19' title='bbox 2671 510 2737 566; x_wconf 87' lang='lat' dir='ltr'><strong>ad</strong></span> <span class='ocrx_word' id='word_1_20' title='bbox 2760 509 2962 569; x_wconf 76' lang='lat' dir='ltr'><strong>infenos</strong></span> <span class='ocrx_word' id='word_1_21' title='bbox 2983 513 3276 581; x_wconf 83' lang='lat' dir='ltr'><strong>descendit,</strong></span> 
     </span>
    </p>
   </div>
   <div class='ocr_carea' id='block_1_6' title="bbox 127 595 1662 669">
    <p class='ocr_par' dir='ltr' id='par_1_6' title="bbox 127 595 1662 669">
     <span class='ocr_line' id='line_1_6' title="bbox 127 595 1662 669; baseline 0.003 -21"><span class='ocrx_word' id='word_1_22' title='bbox 127 595 384 649; x_wconf 69' lang='grc' dir='ltr'>δύνασθαι</span> <span class='ocrx_word' id='word_1_23' title='bbox 427 597 512 664; x_wconf 73' lang='grc' dir='ltr'><strong>ἐφ’</strong></span> <span class='ocrx_word' id='word_1_24' title='bbox 549 597 728 668; x_wconf 76' lang='grc' dir='ltr'>ἕτερον</span> <span class='ocrx_word' id='word_1_25' title='bbox 761 596 1034 666; x_wconf 76' lang='grc' dir='ltr'>ἄνθρωπον</span> <span class='ocrx_word' id='word_1_26' title='bbox 1058 597 1376 668; x_wconf 74' lang='grc' dir='ltr'><strong>ἐφαρμόζειν</strong></span> <span class='ocrx_word' id='word_1_27' title='bbox 1403 598 1471 653; x_wconf 80' lang='grc' dir='ltr'>τὰ</span> <span class='ocrx_word' id='word_1_28' title='bbox 1505 601 1562 652; x_wconf 75' lang='grc' dir='ltr'>ἐν</span> <span class='ocrx_word' id='word_1_29' title='bbox 1586 599 1662 669; x_wconf 82' lang='grc' dir='ltr'>τῷ</span> 
     </span>
    </p>
   </div>
   <div class='ocr_carea' id='block_1_7' title="bbox 130 669 1658 761">
    <p class='ocr_par' dir='ltr' id='par_1_7' title="bbox 130 669 1658 761">
     <span class='ocr_line' id='line_1_7' title="bbox 130 669 1658 761; baseline 0.004 -23"><span class='ocrx_word' id='word_1_30' title='bbox 130 685 323 756; x_wconf 75' lang='grc' dir='ltr'>ψαλμῷ</span> <span class='ocrx_word' id='word_1_31' title='bbox 354 688 613 757; x_wconf 86' lang='grc' dir='ltr'>λεγόμενα</span> <span class='ocrx_word' id='word_1_32' title='bbox 640 669 790 758; x_wconf 46' lang='lat' dir='ltr'><strong>ﬂia-tl.</strong></span> <span class='ocrx_word' id='word_1_33' title='bbox 822 689 978 756; x_wconf 89' lang='grc' dir='ltr'>μόνον</span> <span class='ocrx_word' id='word_1_34' title='bbox 1016 689 1108 741; x_wconf 85' lang='grc' dir='ltr'><strong>τὸν</strong></span> <span class='ocrx_word' id='word_1_35' title='bbox 1133 689 1391 760; x_wconf 80' lang='grc' dir='ltr'>ἡμέτερον</span> <span class='ocrx_word' id='word_1_36' title='bbox 1419 690 1658 761; x_wconf 81' lang='grc' dir='ltr'><strong>Σωτῆρα.</strong></span> 
     </span>
    </p>
   </div>
   <div class='ocr_carea' id='block_1_8' title="bbox 131 772 1664 851">
    <p class='ocr_par' dir='ltr' id='par_1_8' title="bbox 131 772 1664 851">
     <span class='ocr_line' id='line_1_8' title="bbox 131 772 1664 851; baseline 0.005 -24"><span class='ocrx_word' id='word_1_37' title='bbox 131 772 337 848; x_wconf 83' lang='grc' dir='ltr'>Ὠσπερ</span> <span class='ocrx_word' id='word_1_38' title='bbox 358 779 413 831; x_wconf 84' lang='grc' dir='ltr'><strong>δὲ</strong></span> <span class='ocrx_word' id='word_1_39' title='bbox 451 778 667 846; x_wconf 87' lang='grc' dir='ltr'>γέγονεν</span> <span class='ocrx_word' id='word_1_40' title='bbox 693 779 819 831; x_wconf 76' lang='grc' dir='ltr'>ὡσεὶ</span> <span class='ocrx_word' id='word_1_41' title='bbox 849 778 1126 847; x_wconf 80' lang='grc' dir='ltr'>ἄνθρωπος</span> <span class='ocrx_word' id='word_1_42' title='bbox 1159 779 1482 851; x_wconf 80' lang='grc' dir='ltr'>ἀῦοήθητος,</span> <span class='ocrx_word' id='word_1_43' title='bbox 1527 779 1664 834; x_wconf 68' lang='grc' dir='ltr'>οὕτω</span> 
     </span>
    </p>
   </div>
   <div class='ocr_carea' id='block_1_9' title="bbox 128 866 1664 938">
    <p class='ocr_par' dir='ltr' id='par_1_9' title="bbox 128 866 1664 938">
     <span class='ocr_line' id='line_1_9' title="bbox 128 866 1664 938; baseline 0.004 -20"><span class='ocrx_word' id='word_1_44' title='bbox 128 866 218 918; x_wconf 71' lang='grc' dir='ltr'>καὶ</span> <span class='ocrx_word' id='word_1_45' title='bbox 260 867 405 920; x_wconf 77' lang='grc' dir='ltr'>ὡσεὶ</span> <span class='ocrx_word' id='word_1_46' title='bbox 448 869 784 936; x_wconf 79' lang='grc' dir='ltr'><strong>τραυματίαι</strong></span> <span class='ocrx_word' id='word_1_47' title='bbox 832 867 1213 933; x_wconf 75' lang='grc' dir='ltr'><strong>καθεύδοντες</strong></span> <span class='ocrx_word' id='word_1_48' title='bbox 1255 869 1324 922; x_wconf 87' lang='grc' dir='ltr'><strong>ὲν</strong></span> <span class='ocrx_word' id='word_1_49' title='bbox 1360 867 1541 938; x_wconf 62' lang='grc' dir='ltr'>τάφῳ,</span> <span class='ocrx_word' id='word_1_50' title='bbox 1579 866 1664 924; x_wconf 80' lang='grc' dir='ltr'><strong>ὧν</strong></span> 
     </span>
    </p>
   </div>
   <div class='ocr_carea' id='block_1_10' title="bbox 125 955 1662 1030">
    <p class='ocr_par' dir='ltr' id='par_1_10' title="bbox 125 955 1662 1030">
     <span class='ocr_line' id='line_1_10' title="bbox 125 955 1662 1030; baseline 0.001 -20"><span class='ocrx_word' id='word_1_51' title='bbox 125 959 234 1010; x_wconf 79' lang='grc' dir='ltr'>οὐκ</span> <span class='ocrx_word' id='word_1_52' title='bbox 261 955 563 1025; x_wconf 79' lang='grc' dir='ltr'><strong>ἐμνήσθης</strong></span> <span class='ocrx_word' id='word_1_53' title='bbox 595 958 700 1011; x_wconf 80' lang='grc' dir='ltr'>ἐτι.</span> <span class='ocrx_word' id='word_1_54' title='bbox 725 957 819 1010; x_wconf 84' lang='grc' dir='ltr'>Διὰ</span> <span class='ocrx_word' id='word_1_55' title='bbox 845 957 900 1009; x_wconf 78' lang='grc' dir='ltr'><strong>δὲ</strong></span> <span class='ocrx_word' id='word_1_56' title='bbox 928 957 1126 1010; x_wconf 85' lang='grc' dir='ltr'>τούτων</span> <span class='ocrx_word' id='word_1_57' title='bbox 1155 957 1248 1010; x_wconf 68' lang='grc' dir='ltr'><strong>καὶ</strong></span> <span class='ocrx_word' id='word_1_58' title='bbox 1274 960 1308 1028; x_wconf 75' lang='grc' dir='ltr'>ἡ</span> <span class='ocrx_word' id='word_1_59' title='bbox 1333 959 1473 1030; x_wconf 80' lang='grc' dir='ltr'>ταφὴ</span> <span class='ocrx_word' id='word_1_60' title='bbox 1501 957 1662 1012; x_wconf 80' lang='grc' dir='ltr'>αὑτοῦ</span> 
     </span>
    </p>
   </div>
   <div class='ocr_carea' id='block_1_11' title="bbox 128 1033 1662 1119">
    <p class='ocr_par' dir='ltr' id='par_1_11' title="bbox 128 1033 1662 1119">
     <span class='ocr_line' id='line_1_11' title="bbox 128 1033 1662 1119; baseline 0.002 -21"><span class='ocrx_word' id='word_1_61' title='bbox 128 1047 462 1115; x_wconf 79' lang='grc' dir='ltr'>σημαξνεται,</span> <span class='ocrx_word' id='word_1_62' title='bbox 510 1043 577 1118; x_wconf 72' lang='grc' dir='ltr'>ἧς</span> <span class='ocrx_word' id='word_1_63' title='bbox 615 1049 709 1099; x_wconf 81' lang='grc' dir='ltr'>καὶ</span> <span class='ocrx_word' id='word_1_64' title='bbox 758 1049 784 1100; x_wconf 99' lang='lat'><strong>6</strong></span> <span class='ocrx_word' id='word_1_65' title='bbox 827 1033 1291 1112; x_wconf 74' lang='grc' dir='ltr'>θεῖόςᾌπύστολος</span> <span class='ocrx_word' id='word_1_66' title='bbox 1345 1050 1662 1119; x_wconf 76' lang='grc' dir='ltr'><strong>μνημονεύει</strong></span> 
     </span>
    </p>
   </div>
   <div class='ocr_carea' id='block_1_12' title="bbox 126 1137 1662 1209">
    <p class='ocr_par' dir='ltr' id='par_1_12' title="bbox 126 1137 1662 1209">
     <span class='ocr_line' id='line_1_12' title="bbox 126 1137 1662 1209; baseline 0.006 -20"><span class='ocrx_word' id='word_1_67' title='bbox 126 1139 350 1205; x_wconf 72' lang='grc' dir='ltr'>γράφων</span> <span class='ocrx_word' id='word_1_68' title='bbox 385 1137 701 1208; x_wconf 77' lang='grc' dir='ltr'><strong>Κορινθίοις,</strong></span> <span class='ocrx_word' id='word_1_69' title='bbox 732 1138 915 1207; x_wconf 77' lang='grc' dir='ltr'>λέγων·</span> <span class='ocrx_word' id='word_1_70' title='bbox 960 1140 1266 1206; x_wconf 80' lang='grc' dir='ltr'>Παρέδωκα</span> <span class='ocrx_word' id='word_1_71' title='bbox 1296 1140 1403 1209; x_wconf 76' lang='grc' dir='ltr'>γὰρ</span> <span class='ocrx_word' id='word_1_72' title='bbox 1433 1141 1572 1209; x_wconf 83' lang='grc' dir='ltr'>ὑμῖν</span> <span class='ocrx_word' id='word_1_73' title='bbox 1595 1143 1662 1198; x_wconf 79' lang='grc' dir='ltr'><strong>ἐν</strong></span> 
     </span>
    </p>
   </div>
   <div class='ocr_carea' id='block_1_13' title="bbox 127 1227 1662 1299">
    <p class='ocr_par' dir='ltr' id='par_1_13' title="bbox 127 1227 1662 1299">
     <span class='ocr_line' id='line_1_13' title="bbox 127 1227 1662 1299; baseline 0.004 -21"><span class='ocrx_word' id='word_1_74' title='bbox 127 1227 388 1294; x_wconf 69' lang='grc' dir='ltr'>πρώτοις,</span> <span class='ocrx_word' id='word_1_75' title='bbox 416 1229 446 1281; x_wconf 83' lang='grc' dir='ltr'><em>ὃ</em></span> <span class='ocrx_word' id='word_1_76' title='bbox 474 1230 569 1282; x_wconf 77' lang='grc' dir='ltr'>καὶ</span> <span class='ocrx_word' id='word_1_77' title='bbox 597 1228 944 1297; x_wconf 77' lang='grc' dir='ltr'>παρέλαϐον·</span> <span class='ocrx_word' id='word_1_78' title='bbox 975 1229 1063 1282; x_wconf 86' lang='grc' dir='ltr'>ὅτι</span> <span class='ocrx_word' id='word_1_79' title='bbox 1100 1231 1344 1299; x_wconf 81' lang='grc' dir='ltr'>Χριστὸς</span> <span class='ocrx_word' id='word_1_80' title='bbox 1371 1231 1662 1285; x_wconf 77' lang='grc' dir='ltr'><strong>ἀπέθανεν</strong></span> 
     </span>
    </p>
   </div>
   <div class='ocr_carea' id='block_1_14' title="bbox 125 1305 1658 1389">
    <p class='ocr_par' dir='ltr' id='par_1_14' title="bbox 125 1305 1658 1389">
     <span class='ocr_line' id='line_1_14' title="bbox 125 1305 1658 1389; baseline 0.001 -17"><span class='ocrx_word' id='word_1_81' title='bbox 125 1318 271 1385; x_wconf 78' lang='grc' dir='ltr'>ὑπὲρ</span> <span class='ocrx_word' id='word_1_82' title='bbox 304 1319 419 1371; x_wconf 85' lang='grc' dir='ltr'><strong>τῶν</strong></span> <span class='ocrx_word' id='word_1_83' title='bbox 457 1320 748 1389; x_wconf 80' lang='grc' dir='ltr'>ἁμαρτιῶν</span> <span class='ocrx_word' id='word_1_84' title='bbox 778 1319 940 1389; x_wconf 78' lang='grc' dir='ltr'><strong>ἡμῶν</strong></span> <span class='ocrx_word' id='word_1_85' title='bbox 971 1321 1114 1374; x_wconf 77' lang='grc' dir='ltr'>κατὰ</span> <span class='ocrx_word' id='word_1_86' title='bbox 1139 1321 1241 1386; x_wconf 82' lang='grc' dir='ltr'>τὰς</span> <span class='ocrx_word' id='word_1_87' title='bbox 1269 1321 1528 1389; x_wconf 72' lang='grc' dir='ltr'>Γραφὰς,</span> <span class='ocrx_word' id='word_1_88' title='bbox 1561 1305 1658 1374; x_wconf 74' lang='grc' dir='ltr'>καὶ</span> 
     </span>
    </p>
   </div>
   <div class='ocr_carea' id='block_1_15' title="bbox 119 1407 1659 1481">
    <p class='ocr_par' dir='ltr' id='par_1_15' title="bbox 119 1407 1659 1481">
     <span class='ocr_line' id='line_1_15' title="bbox 119 1407 1659 1481; baseline 0.003 -22"><span class='ocrx_word' id='word_1_89' title='bbox 119 1407 207 1460; x_wconf 63' lang='grc' dir='ltr'>ὅτι</span> <span class='ocrx_word' id='word_1_90' title='bbox 227 1408 434 1477; x_wconf 74' lang='grc' dir='ltr'><strong>ἐτάφη.</strong></span> <span class='ocrx_word' id='word_1_91' title='bbox 469 1407 576 1462; x_wconf 75' lang='grc' dir='ltr'><strong>Καὶ</strong></span> <span class='ocrx_word' id='word_1_92' title='bbox 616 1411 831 1474; x_wconf 69' lang='grc' dir='ltr'>Ἡσαΐας</span> <span class='ocrx_word' id='word_1_93' title='bbox 857 1411 913 1463; x_wconf 84' lang='grc' dir='ltr'><strong>δὲ</strong></span> <span class='ocrx_word' id='word_1_94' title='bbox 942 1411 1039 1480; x_wconf 80' lang='grc' dir='ltr'>τῆς</span> <span class='ocrx_word' id='word_1_95' title='bbox 1064 1411 1236 1481; x_wconf 84' lang='grc' dir='ltr'><strong>ταφῆς</strong></span> <span class='ocrx_word' id='word_1_96' title='bbox 1259 1411 1418 1464; x_wconf 80' lang='grc' dir='ltr'>αὐτοῦ</span> <span class='ocrx_word' id='word_1_97' title='bbox 1457 1411 1659 1481; x_wconf 79' lang='grc' dir='ltr'>μέμνη-</span> 
     </span>
    </p>
   </div>
   <div class='ocr_carea' id='block_1_16' title="bbox 123 1495 1656 1571">
    <p class='ocr_par' dir='ltr' id='par_1_16' title="bbox 123 1495 1656 1571">
     <span class='ocr_line' id='line_1_16' title="bbox 123 1495 1656 1571; baseline 0.005 -25"><span class='ocrx_word' id='word_1_98' title='bbox 123 1510 206 1547; x_wconf 85' lang='grc' dir='ltr'><strong>ται</strong></span> <span class='ocrx_word' id='word_1_99' title='bbox 257 1496 448 1562; x_wconf 83' lang='grc' dir='ltr'>λέγων·</span> <span class='ocrx_word' id='word_1_100' title='bbox 501 1499 594 1550; x_wconf 87' lang='grc' dir='ltr'>Ἐν</span> <span class='ocrx_word' id='word_1_101' title='bbox 632 1499 837 1567; x_wconf 73' lang='grc' dir='ltr'>εἰρήνῃ</span> <span class='ocrx_word' id='word_1_102' title='bbox 894 1501 932 1567; x_wconf 75' lang='grc' dir='ltr'><em>ἡ</em></span> <span class='ocrx_word' id='word_1_103' title='bbox 966 1499 1118 1568; x_wconf 68' lang='grc' dir='ltr'>ταφὴ</span> <span class='ocrx_word' id='word_1_104' title='bbox 1171 1501 1350 1555; x_wconf 83' lang='grc' dir='ltr'>αὐτοῦ</span> <span class='ocrx_word' id='word_1_105' title='bbox 1386 1495 1656 1571; x_wconf 69' lang='grc' dir='ltr'>ἦρταιέκ</span> 
     </span>
    </p>
   </div>
   <div class='ocr_carea' id='block_1_17' title="bbox 119 1581 1657 1659">
    <p class='ocr_par' dir='ltr' id='par_1_17' title="bbox 119 1581 1657 1659">
     <span class='ocr_line' id='line_1_17' title="bbox 119 1581 1657 1659; baseline 0.005 -25"><span class='ocrx_word' id='word_1_106' title='bbox 119 1581 328 1649; x_wconf 80' lang='grc' dir='ltr'>μέσου.</span> <span class='ocrx_word' id='word_1_107' title='bbox 369 1583 508 1636; x_wconf 80' lang='grc' dir='ltr'>’Δντὶ</span> <span class='ocrx_word' id='word_1_108' title='bbox 539 1585 593 1637; x_wconf 83' lang='grc' dir='ltr'><strong>δὲ</strong></span> <span class='ocrx_word' id='word_1_109' title='bbox 619 1586 732 1649; x_wconf 77' lang='grc' dir='ltr'>τοῦ,</span> <span class='ocrx_word' id='word_1_110' title='bbox 751 1587 898 1639; x_wconf 81' lang='grc' dir='ltr'>Ὡσεὶ</span> <span class='ocrx_word' id='word_1_111' title='bbox 931 1588 1289 1657; x_wconf 78' lang='grc' dir='ltr'>τραυματίαι,</span> <span class='ocrx_word' id='word_1_112' title='bbox 1322 1591 1350 1642; x_wconf 88' lang='lat'><strong>6</strong></span> <span class='ocrx_word' id='word_1_113' title='bbox 1380 1592 1474 1659; x_wconf 80' lang='grc' dir='ltr'><strong>μὲν</strong></span> <span class='ocrx_word' id='word_1_114' title='bbox 1501 1589 1657 1642; x_wconf 82' lang='grc' dir='ltr'>Ἀκύ-</span> 
     </span>
    </p>
   </div>
   <div class='ocr_carea' id='block_1_18' title="bbox 123 1665 1655 1748">
    <p class='ocr_par' dir='ltr' id='par_1_18' title="bbox 123 1665 1655 1748">
     <span class='ocr_line' id='line_1_18' title="bbox 123 1665 1655 1748; baseline 0.007 -27"><span class='ocrx_word' id='word_1_115' title='bbox 123 1670 214 1732; x_wconf 76' lang='grc' dir='ltr'><strong>λας</strong></span> <span class='ocrx_word' id='word_1_116' title='bbox 260 1673 693 1741; x_wconf 81' lang='grc' dir='ltr'>φησίν,”ομοιος</span> <span class='ocrx_word' id='word_1_117' title='bbox 740 1665 1141 1742; x_wconf 55' lang='grc' dir='ltr'>ἀνῃρημένοις</span> <span class='ocrx_word' id='word_1_118' title='bbox 1184 1678 1212 1728; x_wconf 93' lang='lat'><strong>6</strong></span> <span class='ocrx_word' id='word_1_119' title='bbox 1257 1675 1312 1729; x_wconf 86' lang='grc' dir='ltr'><strong>δὲ</strong></span> <span class='ocrx_word' id='word_1_120' title='bbox 1352 1677 1655 1748; x_wconf 81' lang='grc' dir='ltr'><strong>Σύμμαχος,</strong></span> 
     </span>
    </p>
   </div>
   <div class='ocr_carea' id='block_1_19' title="bbox 135 1761 1654 1837">
    <p class='ocr_par' dir='ltr' id='par_1_19' title="bbox 135 1761 1654 1837">
     <span class='ocr_line' id='line_1_19' title="bbox 135 1761 1654 1837; baseline 0.007 -25"><span class='ocrx_word' id='word_1_121' title='bbox 135 1761 284 1814; x_wconf 79' lang='grc' dir='ltr'>Ὠσεὶ</span> <span class='ocrx_word' id='word_1_122' title='bbox 311 1763 665 1832; x_wconf 67' lang='grc' dir='ltr'>τετρωμένοι·</span> <span class='ocrx_word' id='word_1_123' title='bbox 698 1766 789 1817; x_wconf 84' lang='grc' dir='ltr'><strong>καί</strong></span> <span class='ocrx_word' id='word_1_124' title='bbox 817 1766 980 1834; x_wconf 84' lang='grc' dir='ltr'>σαφές</span> <span class='ocrx_word' id='word_1_125' title='bbox 1002 1785 1122 1820; x_wconf 89' lang='grc' dir='ltr'>τινα</span> <span class='ocrx_word' id='word_1_126' title='bbox 1155 1768 1350 1837; x_wconf 85' lang='grc' dir='ltr'><strong>τρόπον</strong></span> <span class='ocrx_word' id='word_1_127' title='bbox 1387 1770 1654 1822; x_wconf 79' lang='grc' dir='ltr'>καὶτοῦτο</span> 
     </span>
    </p>
   </div>
   <div class='ocr_carea' id='block_1_20' title="bbox 122 1842 1726 1927">
    <p class='ocr_par' dir='ltr' id='par_1_20' title="bbox 122 1842 1726 1927">
     <span class='ocr_line' id='line_1_20' title="bbox 122 1842 1726 1927; baseline 0.007 -27"><span class='ocrx_word' id='word_1_128' title='bbox 122 1850 434 1927; x_wconf 76' lang='grc' dir='ltr'>ἐπληροῦτο,</span> <span class='ocrx_word' id='word_1_129' title='bbox 464 1853 694 1922; x_wconf 76' lang='grc' dir='ltr'>ὁπηνίκα</span> <span class='ocrx_word' id='word_1_130' title='bbox 718 1855 746 1906; x_wconf 92' lang='lat'><strong>6</strong></span> <span class='ocrx_word' id='word_1_131' title='bbox 773 1856 1098 1926; x_wconf 83' lang='grc' dir='ltr'><strong>στρατιώτης</strong></span> <span class='ocrx_word' id='word_1_132' title='bbox 1125 1857 1285 1927; x_wconf 78' lang='grc' dir='ltr'>λόγχῃ</span> <span class='ocrx_word' id='word_1_133' title='bbox 1314 1857 1540 1927; x_wconf 74' lang='grc' dir='ltr'>ἔτρωσεν</span> <span class='ocrx_word' id='word_1_134' title='bbox 1570 1860 1658 1912; x_wconf 88' lang='grc' dir='ltr'>αύ-</span> <span class='ocrx_word' id='word_1_135' title='bbox 1686 1842 1726 1895; x_wconf 79' lang='grc' dir='ltr'><strong>Β</strong></span> 
     </span>
    </p>
   </div>
   <div class='ocr_carea' id='block_1_21' title="bbox 121 1925 1655 2018">
    <p class='ocr_par' dir='ltr' id='par_1_21' title="bbox 121 1925 1655 2018">
     <span class='ocr_line' id='line_1_21' title="bbox 121 1925 1655 2018; baseline 0.008 -27"><span class='ocrx_word' id='word_1_136' title='bbox 121 1925 208 1992; x_wconf 66' lang='grc' dir='ltr'><strong>τόδ</strong></span> <span class='ocrx_word' id='word_1_137' title='bbox 230 1941 331 2011; x_wconf 79' lang='grc' dir='ltr'><strong>τὴν</strong></span> <span class='ocrx_word' id='word_1_138' title='bbox 360 1941 611 2014; x_wconf 81' lang='grc' dir='ltr'>πλευράν.</span> <span class='ocrx_word' id='word_1_139' title='bbox 660 1943 794 1995; x_wconf 55' lang='grc' dir='ltr'>Ἀλλ’</span> <span class='ocrx_word' id='word_1_140' title='bbox 843 1945 922 1996; x_wconf 81' lang='grc' dir='ltr'>ὅτι</span> <span class='ocrx_word' id='word_1_141' title='bbox 1096 1925 1426 2017; x_wconf 75' lang='grc' dir='ltr'>τραύματίας</span> <span class='ocrx_word' id='word_1_142' title='bbox 1470 1950 1655 2018; x_wconf 72' lang='grc' dir='ltr'>γέγονε</span> 
     </span>
    </p>
   </div>
   <div class='ocr_carea' id='block_1_22' title="bbox 123 2029 1656 2106">
    <p class='ocr_par' dir='ltr' id='par_1_22' title="bbox 123 2029 1656 2106">
     <span class='ocr_line' id='line_1_22' title="bbox 123 2029 1656 2106; baseline 0.007 -26"><span class='ocrx_word' id='word_1_143' title='bbox 123 2029 209 2080; x_wconf 71' lang='grc' dir='ltr'><strong>καὶ</strong></span> <span class='ocrx_word' id='word_1_144' title='bbox 241 2031 300 2082; x_wconf 81' lang='grc' dir='ltr'>ὲν</span> <span class='ocrx_word' id='word_1_145' title='bbox 327 2031 499 2101; x_wconf 83' lang='grc' dir='ltr'>τάφῳ,</span> <span class='ocrx_word' id='word_1_146' title='bbox 529 2031 707 2099; x_wconf 77' lang='grc' dir='ltr'>σαφῶς</span> <span class='ocrx_word' id='word_1_147' title='bbox 734 2033 1070 2104; x_wconf 84' lang='grc' dir='ltr'>παρίσταται·</span> <span class='ocrx_word' id='word_1_148' title='bbox 1106 2034 1240 2106; x_wconf 80' lang='grc' dir='ltr'>πλὴν</span> <span class='ocrx_word' id='word_1_149' title='bbox 1269 2039 1315 2090; x_wconf 76' lang='grc' dir='ltr'>εἰ</span> <span class='ocrx_word' id='word_1_150' title='bbox 1338 2036 1480 2106; x_wconf 84' lang='grc' dir='ltr'>λέγοι</span> <span class='ocrx_word' id='word_1_151' title='bbox 1501 2055 1656 2106; x_wconf 86' lang='grc' dir='ltr'>γεγο-</span> 
     </span>
    </p>
   </div>
   <div class='ocr_carea' id='block_1_23' title="bbox 123 2120 1654 2195">
    <p class='ocr_par' dir='ltr' id='par_1_23' title="bbox 123 2120 1654 2195">
     <span class='ocr_line' id='line_1_23' title="bbox 123 2120 1654 2195; baseline 0.008 -25"><span class='ocrx_word' id='word_1_152' title='bbox 123 2120 262 2172; x_wconf 84' lang='grc' dir='ltr'>νέναι</span> <span class='ocrx_word' id='word_1_153' title='bbox 295 2121 421 2172; x_wconf 75' lang='grc' dir='ltr'>ὡσεὶ</span> <span class='ocrx_word' id='word_1_154' title='bbox 444 2123 793 2193; x_wconf 80' lang='grc' dir='ltr'>τραυματίας,</span> <span class='ocrx_word' id='word_1_155' title='bbox 820 2124 908 2176; x_wconf 69' lang='grc' dir='ltr'>καὶ</span> <span class='ocrx_word' id='word_1_156' title='bbox 948 2126 1125 2195; x_wconf 82' lang='grc' dir='ltr'>ὅμοιος</span> <span class='ocrx_word' id='word_1_157' title='bbox 1164 2129 1273 2190; x_wconf 81' lang='grc' dir='ltr'>τοῖς</span> <span class='ocrx_word' id='word_1_158' title='bbox 1316 2127 1654 2182; x_wconf 78' lang='grc' dir='ltr'><strong>καθεύδουσιν</strong></span> 
     </span>
    </p>
   </div>
   <div class='ocr_carea' id='block_1_24' title="bbox 121 2207 1656 2287">
    <p class='ocr_par' dir='ltr' id='par_1_24' title="bbox 121 2207 1656 2287">
     <span class='ocr_line' id='line_1_24' title="bbox 121 2207 1656 2287; baseline 0.008 -26"><span class='ocrx_word' id='word_1_159' title='bbox 121 2207 175 2261; x_wconf 69' lang='grc' dir='ltr'>ὲν</span> <span class='ocrx_word' id='word_1_160' title='bbox 197 2211 365 2280; x_wconf 75' lang='grc' dir='ltr'>τάφῳ,</span> <span class='ocrx_word' id='word_1_161' title='bbox 398 2212 510 2264; x_wconf 78' lang='grc' dir='ltr'>ἀλλ’</span> <span class='ocrx_word' id='word_1_162' title='bbox 542 2213 600 2265; x_wconf 86' lang='grc' dir='ltr'><strong>οὐ</strong></span> <span class='ocrx_word' id='word_1_163' title='bbox 635 2213 794 2284; x_wconf 83' lang='grc' dir='ltr'>μέχρι</span> <span class='ocrx_word' id='word_1_164' title='bbox 832 2215 1017 2287; x_wconf 79' lang='grc' dir='ltr'>τούτου</span> <span class='ocrx_word' id='word_1_165' title='bbox 1045 2217 1273 2270; x_wconf 79' lang='grc' dir='ltr'>ἵσταται·</span> <span class='ocrx_word' id='word_1_166' title='bbox 1306 2218 1422 2272; x_wconf 75' lang='grc' dir='ltr'>ὅλον</span> <span class='ocrx_word' id='word_1_167' title='bbox 1446 2219 1501 2272; x_wconf 78' lang='grc' dir='ltr'><strong>δὲ</strong></span> <span class='ocrx_word' id='word_1_168' title='bbox 1540 2237 1656 2272; x_wconf 84' lang='grc' dir='ltr'>σνν-</span> 
     </span>
    </p>
   </div>
   <div class='ocr_carea' id='block_1_25' title="bbox 122 2298 1654 2379">
    <p class='ocr_par' dir='ltr' id='par_1_25' title="bbox 122 2298 1654 2379">
     <span class='ocr_line' id='line_1_25' title="bbox 122 2298 1654 2379; baseline 0.012 -31"><span class='ocrx_word' id='word_1_169' title='bbox 122 2298 274 2365; x_wconf 67' lang='grc' dir='ltr'>άψας,</span> <span class='ocrx_word' id='word_1_170' title='bbox 303 2300 418 2368; x_wconf 72' lang='grc' dir='ltr'>ὕψει</span> <span class='ocrx_word' id='word_1_171' title='bbox 448 2303 546 2372; x_wconf 77' lang='grc' dir='ltr'>τὴν</span> <span class='ocrx_word' id='word_1_172' title='bbox 583 2303 816 2357; x_wconf 81' lang='grc' dir='ltr'>διάνοιαν</span> <span class='ocrx_word' id='word_1_173' title='bbox 845 2305 938 2358; x_wconf 83' lang='grc' dir='ltr'>τοῦ</span> <span class='ocrx_word' id='word_1_174' title='bbox 961 2305 1136 2375; x_wconf 80' lang='grc' dir='ltr'>λόγου.</span> <span class='ocrx_word' id='word_1_175' title='bbox 1168 2307 1394 2376; x_wconf 76' lang='grc' dir='ltr'>Γέτονα</span> <span class='ocrx_word' id='word_1_176' title='bbox 1420 2309 1526 2378; x_wconf 78' lang='grc' dir='ltr'><strong>γάρ</strong></span> <span class='ocrx_word' id='word_1_177' title='bbox 1552 2325 1654 2379; x_wconf 78' lang='grc' dir='ltr'><strong>φη-</strong></span> 
     </span>
    </p>
   </div>
   <div class='ocr_carea' id='block_1_26' title="bbox 118 2390 1652 2464">
    <p class='ocr_par' dir='ltr' id='par_1_26' title="bbox 118 2390 1652 2464">
     <span class='ocr_line' id='line_1_26' title="bbox 118 2390 1652 2464; baseline 0.006 -25"><span class='ocrx_word' id='word_1_178' title='bbox 118 2404 220 2450; x_wconf 71' lang='grc' dir='ltr'>σιν,</span> <span class='ocrx_word' id='word_1_179' title='bbox 267 2391 406 2443; x_wconf 78' lang='grc' dir='ltr'>ὡσεὶ</span> <span class='ocrx_word' id='word_1_180' title='bbox 451 2397 815 2462; x_wconf 77' lang='grc' dir='ltr'>τραυματίαι,</span> <span class='ocrx_word' id='word_1_181' title='bbox 858 2390 945 2448; x_wconf 85' lang='grc' dir='ltr'><strong>ὧν</strong></span> <span class='ocrx_word' id='word_1_182' title='bbox 979 2399 1087 2449; x_wconf 81' lang='grc' dir='ltr'><strong>οὐκ</strong></span> <span class='ocrx_word' id='word_1_183' title='bbox 1112 2394 1413 2464; x_wconf 82' lang='grc' dir='ltr'><strong>ἐμνήσθης</strong></span> <span class='ocrx_word' id='word_1_184' title='bbox 1438 2397 1542 2450; x_wconf 71' lang='grc' dir='ltr'>ἔτι.</span> <span class='ocrx_word' id='word_1_185' title='bbox 1589 2398 1652 2449; x_wconf 81' lang='grc' dir='ltr'><strong>οι</strong></span> 
     </span>
    </p>
   </div>
   <div class='ocr_carea' id='block_1_27' title="bbox 122 2479 1650 2554">
    <p class='ocr_par' dir='ltr' id='par_1_27' title="bbox 122 2479 1650 2554">
     <span class='ocr_line' id='line_1_27' title="bbox 122 2479 1650 2554; baseline 0.003 -23"><span class='ocrx_word' id='word_1_186' title='bbox 122 2479 211 2547; x_wconf 76' lang='grc' dir='ltr'>μὲν</span> <span class='ocrx_word' id='word_1_187' title='bbox 247 2480 352 2550; x_wconf 78' lang='grc' dir='ltr'>γὰρ</span> <span class='ocrx_word' id='word_1_188' title='bbox 388 2482 579 2547; x_wconf 70' lang='grc' dir='ltr'>λοιποὶ,</span> <span class='ocrx_word' id='word_1_189' title='bbox 625 2483 758 2553; x_wconf 82' lang='grc' dir='ltr'>μετὰ</span> <span class='ocrx_word' id='word_1_190' title='bbox 796 2485 886 2537; x_wconf 87' lang='grc' dir='ltr'>τὸν</span> <span class='ocrx_word' id='word_1_191' title='bbox 933 2485 1158 2538; x_wconf 86' lang='grc' dir='ltr'>θάνατον</span> <span class='ocrx_word' id='word_1_192' title='bbox 1207 2488 1264 2538; x_wconf 74' lang='grc' dir='ltr'>ὲν</span> <span class='ocrx_word' id='word_1_193' title='bbox 1313 2487 1424 2548; x_wconf 77' lang='grc' dir='ltr'>τοῖς</span> <span class='ocrx_word' id='word_1_194' title='bbox 1463 2484 1650 2554; x_wconf 82' lang='grc' dir='ltr'>τάφοις</span> 
     </span>
    </p>
   </div>
   <div class='ocr_carea' id='block_1_28' title="bbox 118 2568 1648 2645">
    <p class='ocr_par' dir='ltr' id='par_1_28' title="bbox 118 2568 1648 2645">
     <span class='ocr_line' id='line_1_28' title="bbox 118 2568 1648 2645; baseline 0.006 -26"><span class='ocrx_word' id='word_1_195' title='bbox 118 2568 415 2638; x_wconf 81' lang='grc' dir='ltr'>γενόμενοι,</span> <span class='ocrx_word' id='word_1_196' title='bbox 470 2572 884 2643; x_wconf 79' lang='grc' dir='ltr'>ἀπελείφθησαν,</span> <span class='ocrx_word' id='word_1_197' title='bbox 940 2575 1033 2627; x_wconf 71' lang='grc' dir='ltr'>καὶ</span> <span class='ocrx_word' id='word_1_198' title='bbox 1088 2575 1402 2644; x_wconf 67' lang='grc' dir='ltr'>ἀπέμειναν</span> <span class='ocrx_word' id='word_1_199' title='bbox 1435 2575 1503 2645; x_wconf 86' lang='grc' dir='ltr'>γῆ</span> <span class='ocrx_word' id='word_1_200' title='bbox 1558 2575 1648 2628; x_wconf 78' lang='grc' dir='ltr'>καὶ</span> 
     </span>
    </p>
   </div>
   <div class='ocr_carea' id='block_1_29' title="bbox 120 2660 1650 2737">
    <p class='ocr_par' dir='ltr' id='par_1_29' title="bbox 120 2660 1650 2737">
     <span class='ocr_line' id='line_1_29' title="bbox 120 2660 1650 2737; baseline 0.006 -27"><span class='ocrx_word' id='word_1_201' title='bbox 120 2660 275 2723; x_wconf 76' lang='grc' dir='ltr'>κόνις,</span> <span class='ocrx_word' id='word_1_202' title='bbox 311 2662 502 2731; x_wconf 84' lang='grc' dir='ltr'><strong>μηκέτι</strong></span> <span class='ocrx_word' id='word_1_203' title='bbox 533 2663 666 2732; x_wconf 76' lang='grc' dir='ltr'>μετὰ</span> <span class='ocrx_word' id='word_1_204' title='bbox 702 2664 791 2737; x_wconf 77' lang='grc' dir='ltr'><strong>τὸν</strong></span> <span class='ocrx_word' id='word_1_205' title='bbox 827 2663 1049 2717; x_wconf 80' lang='grc' dir='ltr'>θάνατον</span> <span class='ocrx_word' id='word_1_206' title='bbox 1077 2664 1531 2735; x_wconf 81' lang='grc' dir='ltr'>μνημονεύσαντος</span> <span class='ocrx_word' id='word_1_207' title='bbox 1555 2667 1650 2718; x_wconf 80' lang='grc' dir='ltr'>αύ-</span> 
     </span>
    </p>
   </div>
   <div class='ocr_carea' id='block_1_30' title="bbox 118 2749 1644 2824">
    <p class='ocr_par' dir='ltr' id='par_1_30' title="bbox 118 2749 1644 2824">
     <span class='ocr_line' id='line_1_30' title="bbox 118 2749 1644 2824; baseline 0.006 -24"><span class='ocrx_word' id='word_1_208' title='bbox 118 2749 216 2801; x_wconf 71' lang='grc' dir='ltr'><strong>τῶν</strong></span> <span class='ocrx_word' id='word_1_209' title='bbox 242 2751 332 2804; x_wconf 85' lang='grc' dir='ltr'>τοῦ</span> <span class='ocrx_word' id='word_1_210' title='bbox 361 2751 511 2804; x_wconf 80' lang='grc' dir='ltr'><strong>Θεοῦ·</strong></span> <span class='ocrx_word' id='word_1_211' title='bbox 543 2752 650 2822; x_wconf 76' lang='grc' dir='ltr'><strong>ἐγὼ</strong></span> <span class='ocrx_word' id='word_1_212' title='bbox 675 2753 730 2806; x_wconf 85' lang='grc' dir='ltr'><strong>δὲ</strong></span> <span class='ocrx_word' id='word_1_213' title='bbox 754 2754 1012 2824; x_wconf 70' lang='grc' dir='ltr'>ἐγενήθην</span> <span class='ocrx_word' id='word_1_214' title='bbox 1036 2754 1110 2818; x_wconf 82' lang='grc' dir='ltr'>ὡς</span> <span class='ocrx_word' id='word_1_215' title='bbox 1145 2749 1224 2818; x_wconf 72' lang='grc' dir='ltr'><strong>εἷς</strong></span> <span class='ocrx_word' id='word_1_216' title='bbox 1247 2755 1350 2817; x_wconf 78' lang='grc' dir='ltr'>τῶν</span> <span class='ocrx_word' id='word_1_217' title='bbox 1378 2755 1644 2822; x_wconf 83' lang='grc' dir='ltr'>τοιούτων,</span> 
     </span>
    </p>
   </div>
   <div class='ocr_carea' id='block_1_31' title="bbox 119 2841 1647 2918">
    <p class='ocr_par' dir='ltr' id='par_1_31' title="bbox 119 2841 1647 2918">
     <span class='ocr_line' id='line_1_31' title="bbox 119 2841 1647 2918; baseline 0.005 -24"><span class='ocrx_word' id='word_1_218' title='bbox 119 2841 188 2912; x_wconf 76' lang='grc' dir='ltr'><strong>μὴ</strong></span> <span class='ocrx_word' id='word_1_219' title='bbox 211 2842 283 2895; x_wconf 82' lang='grc' dir='ltr'>ὣν</span> <span class='ocrx_word' id='word_1_220' title='bbox 305 2845 483 2913; x_wconf 84' lang='grc' dir='ltr'>ὅμοιος</span> <span class='ocrx_word' id='word_1_221' title='bbox 511 2845 709 2908; x_wconf 79' lang='grc' dir='ltr'>αὐτοῖς’</span> <span class='ocrx_word' id='word_1_222' title='bbox 741 2845 872 2915; x_wconf 74' lang='grc' dir='ltr'>ἐμοῦ</span> <span class='ocrx_word' id='word_1_223' title='bbox 900 2846 1004 2916; x_wconf 87' lang='grc' dir='ltr'><strong>γὰρ</strong></span> <span class='ocrx_word' id='word_1_224' title='bbox 1037 2846 1170 2916; x_wconf 85' lang='grc' dir='ltr'>μετὰ</span> <span class='ocrx_word' id='word_1_225' title='bbox 1210 2848 1308 2918; x_wconf 84' lang='grc' dir='ltr'>τὴν</span> <span class='ocrx_word' id='word_1_226' title='bbox 1336 2847 1529 2918; x_wconf 82' lang='grc' dir='ltr'>τρῶσιν</span> <span class='ocrx_word' id='word_1_227' title='bbox 1558 2851 1647 2903; x_wconf 73' lang='grc' dir='ltr'>καὶ</span> 
     </span>
    </p>
   </div>
   <div class='ocr_carea' id='block_1_32' title="bbox 121 2934 1646 3008">
    <p class='ocr_par' dir='ltr' id='par_1_32' title="bbox 121 2934 1646 3008">
     <span class='ocr_line' id='line_1_32' title="bbox 121 2934 1646 3008; baseline 0.005 -25"><span class='ocrx_word' id='word_1_228' title='bbox 121 2935 251 2998; x_wconf 72' lang='grc' dir='ltr'>μετὰ</span> <span class='ocrx_word' id='word_1_229' title='bbox 272 2935 360 2988; x_wconf 80' lang='grc' dir='ltr'>τὸν</span> <span class='ocrx_word' id='word_1_230' title='bbox 383 2934 606 2988; x_wconf 84' lang='grc' dir='ltr'>θάνατον</span> <span class='ocrx_word' id='word_1_231' title='bbox 630 2936 720 2988; x_wconf 77' lang='grc' dir='ltr'>καὶ</span> <span class='ocrx_word' id='word_1_232' title='bbox 744 2935 876 3006; x_wconf 81' lang='grc' dir='ltr'>μετὰ</span> <span class='ocrx_word' id='word_1_233' title='bbox 901 2935 997 3007; x_wconf 81' lang='grc' dir='ltr'>τὴν</span> <span class='ocrx_word' id='word_1_234' title='bbox 1021 2939 1078 2990; x_wconf 77' lang='grc' dir='ltr'>ὲν</span> <span class='ocrx_word' id='word_1_235' title='bbox 1098 2936 1173 3008; x_wconf 81' lang='grc' dir='ltr'>τῷ</span> <span class='ocrx_word' id='word_1_236' title='bbox 1197 2938 1346 3007; x_wconf 75' lang='grc' dir='ltr'>τάφῳ</span> <span class='ocrx_word' id='word_1_237' title='bbox 1367 2938 1646 2991; x_wconf 76' lang='grc' dir='ltr'>κατάθεσιν</span> 
     </span>
    </p>
   </div>
   <div class='ocr_carea' id='block_1_33' title="bbox 116 3021 1646 3100">
    <p class='ocr_par' dir='ltr' id='par_1_33' title="bbox 116 3021 1646 3100">
     <span class='ocr_line' id='line_1_33' title="bbox 116 3021 1646 3100; baseline 0.008 -29"><span class='ocrx_word' id='word_1_238' title='bbox 116 3021 396 3095; x_wconf 77' lang='grc' dir='ltr'>ἐμνήσθης,</span> <span class='ocrx_word' id='word_1_239' title='bbox 431 3026 574 3095; x_wconf 78' lang='grc' dir='ltr'>ζωῆς</span> <span class='ocrx_word' id='word_1_240' title='bbox 605 3029 740 3097; x_wconf 82' lang='grc' dir='ltr'>μετὰ</span> <span class='ocrx_word' id='word_1_241' title='bbox 784 3027 954 3081; x_wconf 76' lang='grc' dir='ltr'>ταῦτα</span> <span class='ocrx_word' id='word_1_242' title='bbox 1001 3044 1067 3097; x_wconf 86' lang='grc' dir='ltr'>με</span> <span class='ocrx_word' id='word_1_243' title='bbox 1109 3029 1200 3081; x_wconf 80' lang='grc' dir='ltr'>καὶ</span> <span class='ocrx_word' id='word_1_244' title='bbox 1245 3029 1508 3099; x_wconf 78' lang='grc' dir='ltr'>σωτηρίας</span> <span class='ocrx_word' id='word_1_245' title='bbox 1549 3032 1646 3100; x_wconf 84' lang='grc' dir='ltr'>τῆς</span> 
     </span>
    </p>
   </div>
   <div class='ocr_carea' id='block_1_34' title="bbox 116 3113 1708 3211">
    <p class='ocr_par' dir='ltr' id='par_1_34' title="bbox 116 3113 1708 3211">
     <span class='ocr_line' id='line_1_34' title="bbox 116 3113 1708 3211; baseline 0.007 -50"><span class='ocrx_word' id='word_1_246' title='bbox 116 3113 254 3182; x_wconf 74' lang='grc' dir='ltr'>παρὰ</span> <span class='ocrx_word' id='word_1_247' title='bbox 285 3116 368 3166; x_wconf 77' lang='grc' dir='ltr'>σοὶ</span> <span class='ocrx_word' id='word_1_248' title='bbox 392 3115 730 3181; x_wconf 77' lang='grc' dir='ltr'>καταξιώσας</span> <span class='ocrx_word' id='word_1_249' title='bbox 798 3119 882 3173; x_wconf 80' lang='grc' dir='ltr'><strong>Διὸ</strong></span> <span class='ocrx_word' id='word_1_250' title='bbox 924 3119 1014 3171; x_wconf 74' lang='grc' dir='ltr'>καὶ</span> <span class='ocrx_word' id='word_1_251' title='bbox 1040 3119 1330 3189; x_wconf 84' lang='grc' dir='ltr'>ἀρχόμενος</span> <span class='ocrx_word' id='word_1_252' title='bbox 1377 3121 1467 3172; x_wconf 78' lang='grc' dir='ltr'>καὶ</span> <span class='ocrx_word' id='word_1_253' title='bbox 1493 3121 1646 3189; x_wconf 85' lang='grc' dir='ltr'>εύχα-</span> <span class='ocrx_word' id='word_1_254' title='bbox 1669 3155 1708 3211; x_wconf 77' lang='lat' dir='ltr'><strong><em>C</em></strong></span> 
     </span>
    </p>
   </div>
   <div class='ocr_carea' id='block_1_35' title="bbox 118 3206 1642 3279">
    <p class='ocr_par' dir='ltr' id='par_1_35' title="bbox 118 3206 1642 3279">
     <span class='ocr_line' id='line_1_35' title="bbox 118 3206 1642 3279; baseline 0.008 -26"><span class='ocrx_word' id='word_1_255' title='bbox 118 3206 377 3274; x_wconf 70' lang='grc' dir='ltr'>ριστήριον</span> <span class='ocrx_word' id='word_1_256' title='bbox 403 3207 711 3276; x_wconf 82' lang='grc' dir='ltr'>ἀνέπεμπεν</span> <span class='ocrx_word' id='word_1_257' title='bbox 727 3209 756 3260; x_wconf 82' lang='grc' dir='ltr'>ὖ</span> <span class='ocrx_word' id='word_1_258' title='bbox 763 3226 907 3278; x_wconf 85' lang='grc' dir='ltr'>μνον.</span> <span class='ocrx_word' id='word_1_259' title='bbox 926 3209 1113 3277; x_wconf 84' lang='grc' dir='ltr'>λέγων·</span> <span class='ocrx_word' id='word_1_260' title='bbox 1138 3212 1310 3278; x_wconf 86' lang='grc' dir='ltr'>Κύριε</span> <span class='ocrx_word' id='word_1_261' title='bbox 1328 3213 1361 3263; x_wconf 86' lang='lat' dir='ltr'><strong>d</strong></span> <span class='ocrx_word' id='word_1_262' title='bbox 1377 3212 1515 3276; x_wconf 84' lang='grc' dir='ltr'>Θεὸς</span> <span class='ocrx_word' id='word_1_263' title='bbox 1535 3209 1642 3279; x_wconf 83' lang='grc' dir='ltr'>τῆς</span> 
     </span>
    </p>
   </div>
   <div class='ocr_carea' id='block_1_36' title="bbox 115 3296 1673 3367">
    <p class='ocr_par' dir='ltr' id='par_1_36' title="bbox 115 3296 1673 3367">
     <span class='ocr_line' id='line_1_36' title="bbox 115 3296 1673 3367; baseline 0.007 -24"><span class='ocrx_word' id='word_1_264' title='bbox 115 3297 392 3365; x_wconf 80' lang='grc' dir='ltr'>σωτηρίας</span> <span class='ocrx_word' id='word_1_265' title='bbox 413 3315 545 3365; x_wconf 87' lang='grc' dir='ltr'>μου,</span> <span class='ocrx_word' id='word_1_266' title='bbox 573 3296 791 3366; x_wconf 73' lang='grc' dir='ltr'>ἡμέρας</span> <span class='ocrx_word' id='word_1_267' title='bbox 812 3300 1096 3367; x_wconf 79' lang='grc' dir='ltr'><strong>ἐκέκραξα</strong></span> <span class='ocrx_word' id='word_1_268' title='bbox 1129 3303 1224 3355; x_wconf 72' lang='grc' dir='ltr'>καὶ</span> <span class='ocrx_word' id='word_1_269' title='bbox 1258 3302 1324 3354; x_wconf 84' lang='grc' dir='ltr'><strong>ἑν</strong></span> <span class='ocrx_word' id='word_1_270' title='bbox 1353 3302 1520 3355; x_wconf 77' lang='grc' dir='ltr'>νυκτὶ</span> <span class='ocrx_word' id='word_1_271' title='bbox 1551 3303 1673 3354; x_wconf 82' lang='grc' dir='ltr'><strong>ὲν-·</strong></span> 
     </span>
    </p>
   </div>
   <div class='ocr_carea' id='block_1_37' title="bbox 113 3384 1642 3463">
    <p class='ocr_par' dir='ltr' id='par_1_37' title="bbox 113 3384 1642 3463">
     <span class='ocr_line' id='line_1_37' title="bbox 113 3384 1642 3463; baseline 0.008 -28"><span class='ocrx_word' id='word_1_272' title='bbox 113 3384 310 3436; x_wconf 74' lang='lat' dir='ltr'><strong>artior</strong></span> <span class='ocrx_word' id='word_1_273' title='bbox 327 3401 458 3438; x_wconf 90' lang='grc' dir='ltr'><strong>σου.</strong></span> <span class='ocrx_word' id='word_1_274' title='bbox 482 3389 588 3438; x_wconf 72' lang='grc' dir='ltr'><strong>Καὶ</strong></span> <span class='ocrx_word' id='word_1_275' title='bbox 616 3388 683 3439; x_wconf 80' lang='grc' dir='ltr'><strong>τὰ</strong></span> <span class='ocrx_word' id='word_1_276' title='bbox 713 3389 806 3458; x_wconf 84' lang='grc' dir='ltr'><strong>μὲν</strong></span> <span class='ocrx_word' id='word_1_277' title='bbox 831 3393 948 3441; x_wconf 85' lang='grc' dir='ltr'>κατ’</span> <span class='ocrx_word' id='word_1_278' title='bbox 975 3391 1073 3460; x_wconf 78' lang='grc' dir='ltr'><strong>ἐμὲ</strong></span> <span class='ocrx_word' id='word_1_279' title='bbox 1095 3392 1310 3444; x_wconf 82' lang='grc' dir='ltr'>τοιαῦτα</span> <span class='ocrx_word' id='word_1_280' title='bbox 1337 3388 1422 3463; x_wconf 83' lang='grc' dir='ltr'><strong>ἦν.</strong></span> <span class='ocrx_word' id='word_1_281' title='bbox 1461 3394 1642 3461; x_wconf 84' lang='grc' dir='ltr'><strong>Ὅμως</strong></span> 
     </span>
    </p>
   </div>
   <div class='ocr_carea' id='block_1_38' title="bbox 113 3469 1640 3551">
    <p class='ocr_par' dir='ltr' id='par_1_38' title="bbox 113 3469 1640 3551">
     <span class='ocr_line' id='line_1_38' title="bbox 113 3469 1640 3551; baseline 0.007 -27"><span class='ocrx_word' id='word_1_282' title='bbox 113 3473 154 3524; x_wconf 78' lang='lat'><em>6’</em></span> <span class='ocrx_word' id='word_1_283' title='bbox 179 3469 266 3527; x_wconf 78' lang='grc' dir='ltr'>οὖν</span> <span class='ocrx_word' id='word_1_284' title='bbox 288 3475 481 3542; x_wconf 80' lang='grc' dir='ltr'>γέγονα</span> <span class='ocrx_word' id='word_1_285' title='bbox 509 3479 688 3550; x_wconf 79' lang='grc' dir='ltr'>ὅμοιος</span> <span class='ocrx_word' id='word_1_286' title='bbox 715 3481 824 3541; x_wconf 85' lang='grc' dir='ltr'>τοῖς</span> <span class='ocrx_word' id='word_1_287' title='bbox 849 3479 1057 3543; x_wconf 84' lang='grc' dir='ltr'>πολλοῖς</span> <span class='ocrx_word' id='word_1_288' title='bbox 1080 3484 1189 3544; x_wconf 83' lang='grc' dir='ltr'>τοῖς</span> <span class='ocrx_word' id='word_1_289' title='bbox 1221 3485 1278 3533; x_wconf 75' lang='grc' dir='ltr'>ἐν</span> <span class='ocrx_word' id='word_1_290' title='bbox 1308 3482 1460 3551; x_wconf 82' lang='grc' dir='ltr'>τάφῳ</span> <span class='ocrx_word' id='word_1_291' title='bbox 1489 3500 1640 3549; x_wconf 88' lang='grc' dir='ltr'>γενο-</span> 
     </span>
    </p>
   </div>
   <div class='ocr_carea' id='block_1_39' title="bbox 117 3561 1637 3638">
    <p class='ocr_par' dir='ltr' id='par_1_39' title="bbox 117 3561 1637 3638">
     <span class='ocr_line' id='line_1_39' title="bbox 117 3561 1637 3638; baseline 0.014 -27"><span class='ocrx_word' id='word_1_292' title='bbox 117 3561 299 3629; x_wconf 79' lang='grc' dir='ltr'>μένοις,</span> <span class='ocrx_word' id='word_1_293' title='bbox 335 3563 424 3614; x_wconf 75' lang='grc' dir='ltr'>καὶ</span> <span class='ocrx_word' id='word_1_294' title='bbox 456 3563 648 3632; x_wconf 84' lang='grc' dir='ltr'>μηκέτι</span> <span class='ocrx_word' id='word_1_295' title='bbox 679 3563 775 3632; x_wconf 87' lang='grc' dir='ltr'>τῆς</span> <span class='ocrx_word' id='word_1_296' title='bbox 826 3567 919 3634; x_wconf 82' lang='grc' dir='ltr'>σῆς</span> <span class='ocrx_word' id='word_1_297' title='bbox 954 3565 1367 3635; x_wconf 78' lang='grc' dir='ltr'>κατηξιωμένοις</span> <span class='ocrx_word' id='word_1_298' title='bbox 1407 3570 1637 3638; x_wconf 82' lang='grc' dir='ltr'>μνήμης,</span> 
     </span>
    </p>
   </div>
   <div class='ocr_carea' id='block_1_40' title="bbox 113 3651 1636 3727">
    <p class='ocr_par' dir='ltr' id='par_1_40' title="bbox 113 3651 1636 3727">
     <span class='ocr_line' id='line_1_40' title="bbox 113 3651 1636 3727; baseline 0.005 -25"><span class='ocrx_word' id='word_1_299' title='bbox 113 3651 192 3704; x_wconf 68' lang='grc' dir='ltr'>διὰ</span> <span class='ocrx_word' id='word_1_300' title='bbox 217 3652 276 3704; x_wconf 81' lang='grc' dir='ltr'>τὸ</span> <span class='ocrx_word' id='word_1_301' title='bbox 303 3653 409 3708; x_wconf 72' lang='grc' dir='ltr'><strong>ἀπὸ</strong></span> <span class='ocrx_word' id='word_1_302' title='bbox 438 3653 534 3722; x_wconf 84' lang='grc' dir='ltr'>τῆς</span> <span class='ocrx_word' id='word_1_303' title='bbox 560 3654 656 3724; x_wconf 79' lang='grc' dir='ltr'>σῆς</span> <span class='ocrx_word' id='word_1_304' title='bbox 682 3655 857 3726; x_wconf 82' lang='grc' dir='ltr'>χειρὸς</span> <span class='ocrx_word' id='word_1_305' title='bbox 884 3655 1171 3708; x_wconf 85' lang='grc' dir='ltr'>ἀπεῶσθαι.</span> <span class='ocrx_word' id='word_1_306' title='bbox 1216 3656 1356 3710; x_wconf 79' lang='grc' dir='ltr'>’Δντὶ</span> <span class='ocrx_word' id='word_1_307' title='bbox 1387 3658 1492 3727; x_wconf 83' lang='grc' dir='ltr'><strong>γὰρ</strong></span> <span class='ocrx_word' id='word_1_308' title='bbox 1523 3657 1636 3720; x_wconf 81' lang='grc' dir='ltr'>τοῦ,</span> 
     </span>
    </p>
   </div>
   <div class='ocr_carea' id='block_1_41' title="bbox 111 3728 1639 3811">
    <p class='ocr_par' dir='ltr' id='par_1_41' title="bbox 111 3728 1639 3811">
     <span class='ocr_line' id='line_1_41' title="bbox 111 3728 1639 3811; baseline 0.001 -19"><span class='ocrx_word' id='word_1_309' title='bbox 111 3728 216 3792; x_wconf 73' lang='grc' dir='ltr'><strong>Ἦν</strong></span> <span class='ocrx_word' id='word_1_310' title='bbox 251 3743 358 3794; x_wconf 80' lang='grc' dir='ltr'>οὐκ</span> <span class='ocrx_word' id='word_1_311' title='bbox 397 3741 698 3810; x_wconf 81' lang='grc' dir='ltr'>ἐμνήσθης</span> <span class='ocrx_word' id='word_1_312' title='bbox 726 3743 832 3805; x_wconf 85' lang='grc' dir='ltr'>ἐτι,</span> <span class='ocrx_word' id='word_1_313' title='bbox 869 3743 964 3795; x_wconf 78' lang='grc' dir='ltr'>καὶ</span> <span class='ocrx_word' id='word_1_314' title='bbox 999 3743 1164 3796; x_wconf 75' lang='grc' dir='ltr'>αὐτοὶ</span> <span class='ocrx_word' id='word_1_315' title='bbox 1212 3743 1278 3795; x_wconf 83' lang='grc' dir='ltr'>ἐκ</span> <span class='ocrx_word' id='word_1_316' title='bbox 1308 3741 1413 3809; x_wconf 85' lang='grc' dir='ltr'>τῆς</span> <span class='ocrx_word' id='word_1_317' title='bbox 1446 3743 1639 3811; x_wconf 84' lang='grc' dir='ltr'>χειρός</span> 
     </span>
    </p>
   </div>
   <div class='ocr_carea' id='block_1_42' title="bbox 111 3825 1640 3902">
    <p class='ocr_par' dir='ltr' id='par_1_42' title="bbox 111 3825 1640 3902">
     <span class='ocr_line' id='line_1_42' title="bbox 111 3825 1640 3902; baseline -0.001 -20"><span class='ocrx_word' id='word_1_318' title='bbox 111 3846 219 3885; x_wconf 85' lang='grc' dir='ltr'><strong>σου</strong></span> <span class='ocrx_word' id='word_1_319' title='bbox 259 3833 670 3898; x_wconf 77' lang='grc' dir='ltr'>ἀπεώσθησαν,</span> <span class='ocrx_word' id='word_1_320' title='bbox 721 3835 749 3886; x_wconf 91' lang='lat'><strong>6</strong></span> <span class='ocrx_word' id='word_1_321' title='bbox 793 3834 891 3902; x_wconf 80' lang='grc' dir='ltr'>μὲν</span> <span class='ocrx_word' id='word_1_322' title='bbox 947 3832 1169 3896; x_wconf 79' lang='grc' dir='ltr'>Ἀκύλας</span> <span class='ocrx_word' id='word_1_323' title='bbox 1210 3831 1480 3895; x_wconf 79' lang='grc' dir='ltr'>ἐξέδωκεν,</span> <span class='ocrx_word' id='word_1_324' title='bbox 1531 3825 1640 3882; x_wconf 80' lang='grc' dir='ltr'><strong>Ὧν</strong></span> 
     </span>
    </p>
   </div>
   <div class='ocr_carea' id='block_1_43' title="bbox 112 3918 1639 3990">
    <p class='ocr_par' dir='ltr' id='par_1_43' title="bbox 112 3918 1639 3990">
     <span class='ocr_line' id='line_1_43' title="bbox 112 3918 1639 3990; baseline -0.001 -18"><span class='ocrx_word' id='word_1_325' title='bbox 112 3922 213 3972; x_wconf 81' lang='grc' dir='ltr'><strong>οὐκ</strong></span> <span class='ocrx_word' id='word_1_326' title='bbox 228 3921 529 3990; x_wconf 57' lang='grc' dir='ltr'>ἐμνήσθης</span> <span class='ocrx_word' id='word_1_327' title='bbox 551 3921 744 3975; x_wconf 81' lang='grc' dir='ltr'>αὐτῶν</span> <span class='ocrx_word' id='word_1_328' title='bbox 766 3923 871 3983; x_wconf 78' lang='grc' dir='ltr'>ἐτι,</span> <span class='ocrx_word' id='word_1_329' title='bbox 898 3921 993 3974; x_wconf 77' lang='grc' dir='ltr'>καὶ</span> <span class='ocrx_word' id='word_1_330' title='bbox 1024 3921 1188 3974; x_wconf 80' lang='grc' dir='ltr'>αὐτοὶ</span> <span class='ocrx_word' id='word_1_331' title='bbox 1219 3921 1286 3973; x_wconf 79' lang='grc' dir='ltr'>ἐκ</span> <span class='ocrx_word' id='word_1_332' title='bbox 1316 3918 1422 3986; x_wconf 83' lang='grc' dir='ltr'>τῆς</span> <span class='ocrx_word' id='word_1_333' title='bbox 1448 3919 1639 3987; x_wconf 84' lang='grc' dir='ltr'>χειρός</span> 
     </span>
    </p>
   </div>
   <div class='ocr_carea' id='block_1_44' title="bbox 110 4003 1637 4080">
    <p class='ocr_par' dir='ltr' id='par_1_44' title="bbox 110 4003 1637 4080">
     <span class='ocr_line' id='line_1_44' title="bbox 110 4003 1637 4080; baseline 0.001 -19"><span class='ocrx_word' id='word_1_334' title='bbox 110 4023 216 4062; x_wconf 87' lang='grc' dir='ltr'><strong>σου</strong></span> <span class='ocrx_word' id='word_1_335' title='bbox 260 4011 701 4080; x_wconf 58' lang='grc' dir='ltr'>ἀπετμήθησαν</span> <span class='ocrx_word' id='word_1_336' title='bbox 737 4014 765 4064; x_wconf 89' lang='lat'><strong>6</strong></span> <span class='ocrx_word' id='word_1_337' title='bbox 802 4011 857 4063; x_wconf 84' lang='grc' dir='ltr'><strong>δὲ</strong></span> <span class='ocrx_word' id='word_1_338' title='bbox 888 4010 1174 4079; x_wconf 82' lang='grc' dir='ltr'>Σύμμαχός</span> <span class='ocrx_word' id='word_1_339' title='bbox 1219 4027 1396 4080; x_wconf 85' lang='grc' dir='ltr'>φησιν,</span> <span class='ocrx_word' id='word_1_340' title='bbox 1426 4003 1532 4063; x_wconf 85' lang='grc' dir='ltr'><strong>Ὦν</strong></span> <span class='ocrx_word' id='word_1_341' title='bbox 1565 4012 1637 4063; x_wconf 87' lang='grc' dir='ltr'><strong>οὐ</strong></span> 
     </span>
    </p>
   </div>
   <div class='ocr_carea' id='block_1_45' title="bbox 107 4101 1638 4170">
    <p class='ocr_par' dir='ltr' id='par_1_45' title="bbox 107 4101 1638 4170">
     <span class='ocr_line' id='line_1_45' title="bbox 107 4101 1638 4170; baseline 0 -16"><span class='ocrx_word' id='word_1_342' title='bbox 107 4104 518 4168; x_wconf 78' lang='grc' dir='ltr'>μνημονεύσεις</span> <span class='ocrx_word' id='word_1_343' title='bbox 571 4102 678 4165; x_wconf 76' lang='grc' dir='ltr'>ἐτι,</span> <span class='ocrx_word' id='word_1_344' title='bbox 730 4102 942 4166; x_wconf 81' lang='grc' dir='ltr'>οἵτινες</span> <span class='ocrx_word' id='word_1_345' title='bbox 981 4102 1098 4155; x_wconf 80' lang='grc' dir='ltr'><strong>ὑπὸ</strong></span> <span class='ocrx_word' id='word_1_346' title='bbox 1139 4101 1245 4169; x_wconf 84' lang='grc' dir='ltr'>τῆς</span> <span class='ocrx_word' id='word_1_347' title='bbox 1281 4101 1476 4170; x_wconf 82' lang='grc' dir='ltr'>χειρός</span> <span class='ocrx_word' id='word_1_348' title='bbox 1522 4116 1638 4154; x_wconf 85' lang='grc' dir='ltr'><strong>σου</strong></span> 
     </span>
    </p>
   </div>
   <div class='ocr_carea' id='block_1_46' title="bbox 111 4189 493 4257">
    <p class='ocr_par' dir='ltr' id='par_1_46' title="bbox 111 4189 493 4257">
     <span class='ocr_line' id='line_1_46' title="bbox 111 4189 493 4257; baseline 0.016 -19"><span class='ocrx_word' id='word_1_349' title='bbox 111 4189 493 4257; x_wconf 80' lang='grc' dir='ltr'>ἐξεκόπησαν.</span> 
     </span>
    </p>
   </div>
   <div class='ocr_carea' id='block_1_47' title="bbox 174 4281 1636 4352">
    <p class='ocr_par' dir='ltr' id='par_1_47' title="bbox 174 4281 1636 4352">
     <span class='ocr_line' id='line_1_47' title="bbox 174 4281 1636 4352; baseline 0 -18"><span class='ocrx_word' id='word_1_350' title='bbox 174 4282 410 4336; x_wconf 82' lang='grc' dir='ltr'>Ἐθεντό</span> <span class='ocrx_word' id='word_1_351' title='bbox 437 4300 511 4352; x_wconf 82' lang='grc' dir='ltr'><strong>με</strong></span> <span class='ocrx_word' id='word_1_352' title='bbox 536 4283 605 4336; x_wconf 85' lang='grc' dir='ltr'><strong>ἐν</strong></span> <span class='ocrx_word' id='word_1_353' title='bbox 625 4283 823 4350; x_wconf 74' lang='grc' dir='ltr'>λάκκῳ</span> <span class='ocrx_word' id='word_1_354' title='bbox 845 4281 1167 4345; x_wconf 81' lang='grc' dir='ltr'>κατωτάτῳ,</span> <span class='ocrx_word' id='word_1_355' title='bbox 1192 4283 1260 4336; x_wconf 83' lang='grc' dir='ltr'><strong>ἐν</strong></span> <span class='ocrx_word' id='word_1_356' title='bbox 1289 4282 1636 4348; x_wconf 76' lang='grc' dir='ltr'>σκοτεινοῖς,</span> 
     </span>
    </p>
   </div>
   <div class='ocr_carea' id='block_1_48' title="bbox 109 4371 1636 4444">
    <p class='ocr_par' dir='ltr' id='par_1_48' title="bbox 109 4371 1636 4444">
     <span class='ocr_line' id='line_1_48' title="bbox 109 4371 1636 4444; baseline 0.004 -23"><span class='ocrx_word' id='word_1_357' title='bbox 109 4371 196 4424; x_wconf 74' lang='grc' dir='ltr'>καὶ</span> <span class='ocrx_word' id='word_1_358' title='bbox 237 4373 308 4425; x_wconf 83' lang='grc' dir='ltr'><strong>ἐν</strong></span> <span class='ocrx_word' id='word_1_359' title='bbox 340 4372 774 4439; x_wconf 61' lang='grc' dir='ltr'>σκιᾷιθανάτου.</span> <span class='ocrx_word' id='word_1_360' title='bbox 819 4375 960 4427; x_wconf 74' lang='grc' dir='ltr'>Ἀντὶ</span> <span class='ocrx_word' id='word_1_361' title='bbox 989 4374 1352 4435; x_wconf 81' lang='grc' dir='ltr'>τοῦ,Ἔθεντό</span> <span class='ocrx_word' id='word_1_362' title='bbox 1367 4390 1462 4442; x_wconf 81' lang='grc' dir='ltr'><strong>με,</strong></span> <span class='ocrx_word' id='word_1_363' title='bbox 1487 4375 1515 4427; x_wconf 91' lang='lat'><strong>6</strong></span> <span class='ocrx_word' id='word_1_364' title='bbox 1541 4375 1636 4444; x_wconf 83' lang='grc' dir='ltr'>μὲν</span> 
     </span>
    </p>
   </div>
   <div class='ocr_carea' id='block_1_49' title="bbox 1762 589 3281 669">
    <p class='ocr_par' dir='ltr' id='par_1_49' title="bbox 1762 589 3281 669">
     <span class='ocr_line' id='line_1_49' title="bbox 1762 589 3281 669; baseline 0.003 -17"><span class='ocrx_word' id='word_1_365' title='bbox 1762 615 1932 669; x_wconf 90' lang='lat' dir='ltr'><strong>neque</strong></span> <span class='ocrx_word' id='word_1_366' title='bbox 1971 608 2148 654; x_wconf 85' lang='lat' dir='ltr'><strong>tamen</strong></span> <span class='ocrx_word' id='word_1_367' title='bbox 2181 602 2233 653; x_wconf 92' lang='lat' dir='ltr'><strong>in</strong></span> <span class='ocrx_word' id='word_1_368' title='bbox 2274 601 2578 655; x_wconf 86' lang='lat' dir='ltr'><strong>servitutem</strong></span> <span class='ocrx_word' id='word_1_369' title='bbox 2604 600 2719 669; x_wconf 84' lang='lat' dir='ltr'><strong>ejus</strong></span> <span class='ocrx_word' id='word_1_370' title='bbox 2751 589 3000 659; x_wconf 87' lang='lat' dir='ltr'><strong>redactus</strong></span> <span class='ocrx_word' id='word_1_371' title='bbox 3027 614 3130 669; x_wconf 89' lang='lat' dir='ltr'><strong>est,</strong></span> <span class='ocrx_word' id='word_1_372' title='bbox 3165 606 3281 660; x_wconf 83' lang='lat' dir='ltr'><strong>cui-</strong></span> 
     </span>
    </p>
   </div>
   <div class='ocr_carea' id='block_1_50' title="bbox 1761 689 3280 759">
    <p class='ocr_par' dir='ltr' id='par_1_50' title="bbox 1761 689 3280 759">
     <span class='ocr_line' id='line_1_50' title="bbox 1761 689 3280 759; baseline 0.003 -16"><span class='ocrx_word' id='word_1_373' title='bbox 1761 690 1842 744; x_wconf 87' lang='lat' dir='ltr'><strong>vis</strong></span> <span class='ocrx_word' id='word_1_374' title='bbox 1884 697 2012 759; x_wconf 88' lang='lat' dir='ltr'><strong>puto</strong></span> <span class='ocrx_word' id='word_1_375' title='bbox 2040 689 2377 746; x_wconf 78' lang='lat' dir='ltr'><strong>manifestum</strong></span> <span class='ocrx_word' id='word_1_376' title='bbox 2408 706 2556 757; x_wconf 90' lang='lat' dir='ltr'><strong>esse;</strong></span> <span class='ocrx_word' id='word_1_377' title='bbox 2599 691 2670 745; x_wconf 85' lang='lat' dir='ltr'><strong>ita</strong></span> <span class='ocrx_word' id='word_1_378' title='bbox 2715 700 2774 746; x_wconf 85' lang='lat' dir='ltr'><strong>ut</strong></span> <span class='ocrx_word' id='word_1_379' title='bbox 2804 693 2932 746; x_wconf 88' lang='lat' dir='ltr'><strong>nulli</strong></span> <span class='ocrx_word' id='word_1_380' title='bbox 2971 694 3061 748; x_wconf 89' lang='lat' dir='ltr'><strong>alii</strong></span> <span class='ocrx_word' id='word_1_381' title='bbox 3107 695 3280 748; x_wconf 84' lang='lat' dir='ltr'><strong>homi-</strong></span> 
     </span>
    </p>
   </div>
   <div class='ocr_carea' id='block_1_51' title="bbox 1759 779 3280 850">
    <p class='ocr_par' dir='ltr' id='par_1_51' title="bbox 1759 779 3280 850">
     <span class='ocr_line' id='line_1_51' title="bbox 1759 779 3280 850; baseline 0.001 -17"><span class='ocrx_word' id='word_1_382' title='bbox 1759 795 1888 833; x_wconf 88' lang='lat' dir='ltr'><strong>num</strong></span> <span class='ocrx_word' id='word_1_383' title='bbox 1914 780 2102 850; x_wconf 86' lang='lat' dir='ltr'><strong>psalmi</strong></span> <span class='ocrx_word' id='word_1_384' title='bbox 2133 780 2290 834; x_wconf 66' lang='grc' dir='ltr'>νει-1η</span> <span class='ocrx_word' id='word_1_385' title='bbox 2317 780 2522 848; x_wconf 89' lang='lat' dir='ltr'><strong>possint</strong></span> <span class='ocrx_word' id='word_1_386' title='bbox 2551 779 2741 848; x_wconf 87' lang='lat' dir='ltr'><strong>aptari,</strong></span> <span class='ocrx_word' id='word_1_387' title='bbox 2783 789 3128 850; x_wconf 68' lang='lat' dir='ltr'><strong>praeterquam</strong></span> <span class='ocrx_word' id='word_1_388' title='bbox 3163 780 3280 835; x_wconf 79' lang='lat' dir='ltr'><strong>Sal-</strong></span> 
     </span>
    </p>
   </div>
   <div class='ocr_carea' id='block_1_52' title="bbox 1759 868 3278 934">
    <p class='ocr_par' dir='ltr' id='par_1_52' title="bbox 1759 868 3278 934">
     <span class='ocr_line' id='line_1_52' title="bbox 1759 868 3278 934; baseline 0.005 -16"><span class='ocrx_word' id='word_1_389' title='bbox 1759 870 1928 923; x_wconf 69' lang='grc' dir='ltr'>τοιοτί</span> <span class='ocrx_word' id='word_1_390' title='bbox 1949 878 2150 924; x_wconf 88' lang='lat' dir='ltr'><strong>nostro.</strong></span> <span class='ocrx_word' id='word_1_391' title='bbox 2181 868 2631 934; x_wconf 83' lang='lat' dir='ltr'><strong>Quemadmodum</strong></span> <span class='ocrx_word' id='word_1_392' title='bbox 2664 879 2839 923; x_wconf 89' lang='lat' dir='ltr'><strong>autem</strong></span> <span class='ocrx_word' id='word_1_393' title='bbox 2857 870 3027 925; x_wconf 81' lang='lat' dir='ltr'><strong>factus</strong></span> <span class='ocrx_word' id='word_1_394' title='bbox 3054 880 3136 925; x_wconf 85' lang='lat' dir='ltr'><strong>est</strong></span> <span class='ocrx_word' id='word_1_395' title='bbox 3162 873 3278 926; x_wconf 86' lang='lat' dir='ltr'><strong>sic-</strong></span> 
     </span>
    </p>
   </div>
   <div class='ocr_carea' id='block_1_53' title="bbox 1761 959 3276 1028">
    <p class='ocr_par' dir='ltr' id='par_1_53' title="bbox 1761 959 3276 1028">
     <span class='ocr_line' id='line_1_53' title="bbox 1761 959 3276 1028; baseline 0.001 -14"><span class='ocrx_word' id='word_1_396' title='bbox 1761 969 1819 1016; x_wconf 91' lang='lat' dir='ltr'><strong>ut</strong></span> <span class='ocrx_word' id='word_1_397' title='bbox 1860 960 2016 1014; x_wconf 88' lang='lat' dir='ltr'><strong>homo</strong></span> <span class='ocrx_word' id='word_1_398' title='bbox 2048 959 2164 1015; x_wconf 83' lang='lat' dir='ltr'><strong>sine</strong></span> <span class='ocrx_word' id='word_1_399' title='bbox 2205 961 2500 1028; x_wconf 82' lang='lat' dir='ltr'><strong>adjutorio;</strong></span> <span class='ocrx_word' id='word_1_400' title='bbox 2546 963 2617 1017; x_wconf 88' lang='lat' dir='ltr'><strong>ita</strong></span> <span class='ocrx_word' id='word_1_401' title='bbox 2662 964 2821 1018; x_wconf 90' lang='lat' dir='ltr'><strong>etiam</strong></span> <span class='ocrx_word' id='word_1_402' title='bbox 2851 964 2982 1015; x_wconf 86' lang='lat' dir='ltr'><strong>sicut</strong></span> <span class='ocrx_word' id='word_1_403' title='bbox 3022 964 3276 1016; x_wconf 76' lang='lat' dir='ltr'><strong>vulnerati</strong></span> 
     </span>
    </p>
   </div>
   <div class='ocr_carea' id='block_1_54' title="bbox 1759 1052 3276 1122">
    <p class='ocr_par' dir='ltr' id='par_1_54' title="bbox 1759 1052 3276 1122">
     <span class='ocr_line' id='line_1_54' title="bbox 1759 1052 3276 1122; baseline 0 -16"><span class='ocrx_word' id='word_1_404' title='bbox 1759 1053 2068 1106; x_wconf 72' lang='lat' dir='ltr'><strong>dormientes</strong></span> <span class='ocrx_word' id='word_1_405' title='bbox 2102 1052 2157 1104; x_wconf 87' lang='lat' dir='ltr'><strong>in</strong></span> <span class='ocrx_word' id='word_1_406' title='bbox 2184 1053 2434 1120; x_wconf 87' lang='lat' dir='ltr'><strong>sepulcro,</strong></span> <span class='ocrx_word' id='word_1_407' title='bbox 2464 1069 2676 1122; x_wconf 88' lang='lat' dir='ltr'><strong>quorum</strong></span> <span class='ocrx_word' id='word_1_408' title='bbox 2706 1070 2803 1106; x_wconf 86' lang='lat' dir='ltr'><strong>non</strong></span> <span class='ocrx_word' id='word_1_409' title='bbox 2835 1070 2887 1106; x_wconf 91' lang='lat' dir='ltr'><strong>es</strong></span> <span class='ocrx_word' id='word_1_410' title='bbox 2937 1069 3127 1106; x_wconf 86' lang='lat' dir='ltr'><strong>memor</strong></span> <span class='ocrx_word' id='word_1_411' title='bbox 3161 1069 3276 1106; x_wconf 79' lang='lat' dir='ltr'><strong>am-</strong></span> 
     </span>
    </p>
   </div>
   <div class='ocr_carea' id='block_1_55' title="bbox 1757 1140 3274 1210">
    <p class='ocr_par' dir='ltr' id='par_1_55' title="bbox 1757 1140 3274 1210">
     <span class='ocr_line' id='line_1_55' title="bbox 1757 1140 3274 1210; baseline 0.001 -16"><span class='ocrx_word' id='word_1_412' title='bbox 1757 1142 1912 1207; x_wconf 86' lang='lat' dir='ltr'><strong>plius.</strong></span> <span class='ocrx_word' id='word_1_413' title='bbox 1941 1140 2033 1195; x_wconf 73' lang='lat' dir='ltr'><strong>[iis</strong></span> <span class='ocrx_word' id='word_1_414' title='bbox 2060 1140 2219 1194; x_wconf 85' lang='lat' dir='ltr'><strong>etiam</strong></span> <span class='ocrx_word' id='word_1_415' title='bbox 2250 1143 2518 1209; x_wconf 72' lang='lat' dir='ltr'><strong>sepultura</strong></span> <span class='ocrx_word' id='word_1_416' title='bbox 2544 1142 2658 1210; x_wconf 88' lang='lat' dir='ltr'><strong>ejus</strong></span> <span class='ocrx_word' id='word_1_417' title='bbox 2689 1142 2966 1204; x_wconf 86' lang='lat' dir='ltr'><strong>indicatur,</strong></span> <span class='ocrx_word' id='word_1_418' title='bbox 3007 1155 3163 1210; x_wconf 88' lang='lat' dir='ltr'><strong>quam</strong></span> <span class='ocrx_word' id='word_1_419' title='bbox 3190 1142 3274 1196; x_wconf 86' lang='lat' dir='ltr'><strong>di-</strong></span> 
     </span>
    </p>
   </div>
   <div class='ocr_carea' id='block_1_56' title="bbox 1759 1215 3276 1299">
    <p class='ocr_par' dir='ltr' id='par_1_56' title="bbox 1759 1215 3276 1299">
     <span class='ocr_line' id='line_1_56' title="bbox 1759 1215 3276 1299; baseline 0.003 -15"><span class='ocrx_word' id='word_1_420' title='bbox 1759 1232 1914 1285; x_wconf 88' lang='lat' dir='ltr'><strong>vinus</strong></span> <span class='ocrx_word' id='word_1_421' title='bbox 1944 1229 2232 1299; x_wconf 79' lang='lat' dir='ltr'><strong>Apostolus</strong></span> <span class='ocrx_word' id='word_1_422' title='bbox 2255 1231 2319 1283; x_wconf 87' lang='lat' dir='ltr'><strong>ad</strong></span> <span class='ocrx_word' id='word_1_423' title='bbox 2346 1215 2649 1286; x_wconf 75' lang='lat' dir='ltr'><strong>Corinthios</strong></span> <span class='ocrx_word' id='word_1_424' title='bbox 2679 1231 2915 1286; x_wconf 81' lang='lat' dir='ltr'><strong>scribens</strong></span> <span class='ocrx_word' id='word_1_425' title='bbox 2942 1232 3024 1286; x_wconf 92' lang='lat' dir='ltr'><strong>his</strong></span> <span class='ocrx_word' id='word_1_426' title='bbox 3048 1247 3276 1289; x_wconf 84' lang='lat' dir='ltr'><strong>comme-</strong></span> 
     </span>
    </p>
   </div>
   <div class='ocr_carea' id='block_1_57' title="bbox 1758 1321 3274 1392">
    <p class='ocr_par' dir='ltr' id='par_1_57' title="bbox 1758 1321 3274 1392">
     <span class='ocr_line' id='line_1_57' title="bbox 1758 1321 3274 1392; baseline 0 -16"><span class='ocrx_word' id='word_1_427' title='bbox 1758 1330 1928 1377; x_wconf 85' lang='lat' dir='ltr'><strong>morat</strong></span> <span class='ocrx_word' id='word_1_428' title='bbox 1951 1340 1965 1376; x_wconf 92' lang='lat'><strong>:</strong></span> <span class='ocrx_word' id='word_1_429' title='bbox 1988 1321 2204 1375; x_wconf 81' lang='lat' dir='ltr'><strong>Tradidi</strong></span> <span class='ocrx_word' id='word_1_430' title='bbox 2228 1322 2362 1375; x_wconf 83' lang='lat' dir='ltr'><strong>enim</strong></span> <span class='ocrx_word' id='word_1_431' title='bbox 2384 1322 2521 1374; x_wconf 76' lang='lat' dir='ltr'><strong>vobis</strong></span> <span class='ocrx_word' id='word_1_432' title='bbox 2547 1322 2599 1374; x_wconf 84' lang='lat' dir='ltr'><strong>in</strong></span> <span class='ocrx_word' id='word_1_433' title='bbox 2629 1322 2807 1388; x_wconf 83' lang='lat' dir='ltr'><strong>primis</strong></span> <span class='ocrx_word' id='word_1_434' title='bbox 2827 1321 2958 1392; x_wconf 85' lang='lat' dir='ltr'><strong>quod</strong></span> <span class='ocrx_word' id='word_1_435' title='bbox 2983 1333 3033 1375; x_wconf 86' lang='lat' dir='ltr'><strong>et</strong></span> <span class='ocrx_word' id='word_1_436' title='bbox 3062 1325 3232 1391; x_wconf 85' lang='lat' dir='ltr'><strong>accepi</strong></span> <span class='ocrx_word' id='word_1_437' title='bbox 3254 1339 3274 1376; x_wconf 87' lang='lat'><strong><em>:</em></strong></span> 
     </span>
    </p>
   </div>
   <div class='ocr_carea' id='block_1_58' title="bbox 1754 1407 3277 1478">
    <p class='ocr_par' dir='ltr' id='par_1_58' title="bbox 1754 1407 3277 1478">
     <span class='ocr_line' id='line_1_58' title="bbox 1754 1407 3277 1478; baseline 0.004 -19"><span class='ocrx_word' id='word_1_438' title='bbox 1754 1409 1994 1478; x_wconf 82' lang='lat' dir='ltr'><strong>quoniam</strong></span> <span class='ocrx_word' id='word_1_439' title='bbox 2029 1407 2263 1462; x_wconf 73' lang='lat' dir='ltr'><strong>Christus</strong></span> <span class='ocrx_word' id='word_1_440' title='bbox 2300 1417 2528 1462; x_wconf 82' lang='lat' dir='ltr'><strong>mortuus</strong></span> <span class='ocrx_word' id='word_1_441' title='bbox 2575 1418 2650 1463; x_wconf 81' lang='lat' dir='ltr'><strong>est</strong></span> <span class='ocrx_word' id='word_1_442' title='bbox 2683 1425 2776 1476; x_wconf 88' lang='lat' dir='ltr'><strong>pro</strong></span> <span class='ocrx_word' id='word_1_443' title='bbox 2817 1412 3036 1476; x_wconf 87' lang='lat' dir='ltr'><strong>peccatis</strong></span> <span class='ocrx_word' id='word_1_444' title='bbox 3081 1412 3277 1467; x_wconf 80' lang='lat' dir='ltr'><strong>nostris</strong></span> 
     </span>
    </p>
   </div>
   <div class='ocr_carea' id='block_1_59' title="bbox 1755 1497 3274 1567">
    <p class='ocr_par' dir='ltr' id='par_1_59' title="bbox 1755 1497 3274 1567">
     <span class='ocr_line' id='line_1_59' title="bbox 1755 1497 3274 1567; baseline 0.003 -15"><span class='ocrx_word' id='word_1_445' title='bbox 1755 1500 2034 1553; x_wconf 79' lang='lat' dir='ltr'><strong>secundum</strong></span> <span class='ocrx_word' id='word_1_446' title='bbox 2066 1497 2383 1564; x_wconf 82' lang='lat' dir='ltr'><strong>Scripturas,</strong></span> <span class='ocrx_word' id='word_1_447' title='bbox 2416 1507 2466 1551; x_wconf 88' lang='lat' dir='ltr'><strong>et</strong></span> <span class='ocrx_word' id='word_1_448' title='bbox 2499 1499 2623 1567; x_wconf 85' lang='lat' dir='ltr'><strong>quia</strong></span> <span class='ocrx_word' id='word_1_449' title='bbox 2650 1500 2875 1566; x_wconf 83' lang='lat' dir='ltr'><strong>sepultus</strong></span> <span class='ocrx_word' id='word_1_450' title='bbox 2907 1510 2980 1555; x_wconf 74' lang='lat' dir='ltr'><strong>est</strong></span> <span class='ocrx_word' id='word_1_451' title='bbox 3009 1503 3073 1553; x_wconf 72' lang='grc' dir='ltr'><strong>η.</strong></span> <span class='ocrx_word' id='word_1_452' title='bbox 3107 1502 3274 1557; x_wconf 84' lang='lat' dir='ltr'><strong>Isaias</strong></span> 
     </span>
    </p>
   </div>
   <div class='ocr_carea' id='block_1_60' title="bbox 1756 1586 3275 1657">
    <p class='ocr_par' dir='ltr' id='par_1_60' title="bbox 1756 1586 3275 1657">
     <span class='ocr_line' id='line_1_60' title="bbox 1756 1586 3275 1657; baseline 0.005 -18"><span class='ocrx_word' id='word_1_453' title='bbox 1756 1602 1966 1657; x_wconf 84' lang='lat' dir='ltr'><strong>quoque</strong></span> <span class='ocrx_word' id='word_1_454' title='bbox 2023 1586 2348 1655; x_wconf 80' lang='lat' dir='ltr'><strong>sepulturam</strong></span> <span class='ocrx_word' id='word_1_455' title='bbox 2393 1587 2509 1652; x_wconf 85' lang='lat' dir='ltr'><strong>ejus</strong></span> <span class='ocrx_word' id='word_1_456' title='bbox 2562 1598 2820 1642; x_wconf 79' lang='lat' dir='ltr'><strong>memorat</strong></span> <span class='ocrx_word' id='word_1_457' title='bbox 2852 1588 2934 1642; x_wconf 86' lang='lat' dir='ltr'><strong>his</strong></span> <span class='ocrx_word' id='word_1_458' title='bbox 2966 1590 3179 1646; x_wconf 84' lang='lat' dir='ltr'><strong>verbis:</strong></span> <span class='ocrx_word' id='word_1_459' title='bbox 3207 1590 3275 1646; x_wconf 79' lang='lat' dir='ltr'><strong>In</strong></span> 
     </span>
    </p>
   </div>
   <div class='ocr_carea' id='block_1_61' title="bbox 1753 1672 3275 1743">
    <p class='ocr_par' dir='ltr' id='par_1_61' title="bbox 1753 1672 3275 1743">
     <span class='ocr_line' id='line_1_61' title="bbox 1753 1672 3275 1743; baseline 0.004 -14"><span class='ocrx_word' id='word_1_460' title='bbox 1753 1690 1877 1743; x_wconf 83' lang='lat' dir='ltr'><strong>pace</strong></span> <span class='ocrx_word' id='word_1_461' title='bbox 1901 1675 2164 1743; x_wconf 73' lang='lat' dir='ltr'><strong>sepultura</strong></span> <span class='ocrx_word' id='word_1_462' title='bbox 2186 1676 2296 1741; x_wconf 81' lang='lat' dir='ltr'><strong>ejus</strong></span> <span class='ocrx_word' id='word_1_463' title='bbox 2330 1672 2536 1728; x_wconf 77' lang='lat' dir='ltr'><strong>sublata</strong></span> <span class='ocrx_word' id='word_1_464' title='bbox 2564 1683 2639 1727; x_wconf 87' lang='lat' dir='ltr'><strong>est</strong></span> <span class='ocrx_word' id='word_1_465' title='bbox 2666 1689 2728 1727; x_wconf 67' lang='lat' dir='ltr'><strong>ex</strong></span> <span class='ocrx_word' id='word_1_466' title='bbox 2761 1676 2924 1729; x_wconf 87' lang='lat' dir='ltr'><strong>media</strong></span> <span class='ocrx_word' id='word_1_467' title='bbox 2954 1678 3018 1732; x_wconf 80' lang='lat'><strong>“.</strong></span> <span class='ocrx_word' id='word_1_468' title='bbox 3051 1681 3153 1734; x_wconf 73' lang='lat' dir='ltr'><strong>Pro</strong></span> <span class='ocrx_word' id='word_1_469' title='bbox 3180 1679 3275 1735; x_wconf 87' lang='lat' dir='ltr'><strong>illo</strong></span> 
     </span>
    </p>
   </div>
   <div class='ocr_carea' id='block_1_62' title="bbox 1757 1764 3275 1836">
    <p class='ocr_par' dir='ltr' id='par_1_62' title="bbox 1757 1764 3275 1836">
     <span class='ocr_line' id='line_1_62' title="bbox 1757 1764 3275 1836; baseline 0.001 -16"><span class='ocrx_word' id='word_1_470' title='bbox 1757 1773 1955 1826; x_wconf 86' lang='lat' dir='ltr'><strong>autem.</strong></span> <span class='ocrx_word' id='word_1_471' title='bbox 1983 1764 2127 1819; x_wconf 82' lang='lat' dir='ltr'><strong>Sicut</strong></span> <span class='ocrx_word' id='word_1_472' title='bbox 2149 1764 2424 1828; x_wconf 73' lang='lat' dir='ltr'><strong>vulnerati,</strong></span> <span class='ocrx_word' id='word_1_473' title='bbox 2466 1764 2652 1834; x_wconf 84' lang='lat' dir='ltr'><strong>Aquila</strong></span> <span class='ocrx_word' id='word_1_474' title='bbox 2697 1764 2955 1819; x_wconf 82' lang='lat' dir='ltr'><strong>:I’erinde</strong></span> <span class='ocrx_word' id='word_1_475' title='bbox 2993 1775 3144 1836; x_wconf 81' lang='lat' dir='ltr'><strong>atque</strong></span> <span class='ocrx_word' id='word_1_476' title='bbox 3181 1784 3275 1824; x_wconf 81' lang='lat' dir='ltr'><strong>oc-</strong></span> 
     </span>
    </p>
   </div>
   <div class='ocr_carea' id='block_1_63' title="bbox 1755 1855 3272 1930">
    <p class='ocr_par' dir='ltr' id='par_1_63' title="bbox 1755 1855 3272 1930">
     <span class='ocr_line' id='line_1_63' title="bbox 1755 1855 3272 1930; baseline 0.005 -21"><span class='ocrx_word' id='word_1_477' title='bbox 1755 1858 1880 1919; x_wconf 82' lang='lat' dir='ltr'><strong>cisi;</strong></span> <span class='ocrx_word' id='word_1_478' title='bbox 1921 1855 2273 1927; x_wconf 85' lang='lat' dir='ltr'><strong>Symmachus</strong></span> <span class='ocrx_word' id='word_1_479' title='bbox 2324 1869 2450 1910; x_wconf 82' lang='lat' dir='ltr'><strong>vero</strong></span> <span class='ocrx_word' id='word_1_480' title='bbox 2504 1874 2518 1908; x_wconf 90' lang='lat'>:</span> <span class='ocrx_word' id='word_1_481' title='bbox 2567 1855 2729 1919; x_wconf 80' lang='lat' dir='ltr'><strong>Quasi</strong></span> <span class='ocrx_word' id='word_1_482' title='bbox 2777 1859 3030 1911; x_wconf 79' lang='lat' dir='ltr'><strong>vulnerati</strong></span> <span class='ocrx_word' id='word_1_483' title='bbox 3060 1875 3079 1913; x_wconf 88' lang='lat'><strong><em>:</em></strong></span> <span class='ocrx_word' id='word_1_484' title='bbox 3111 1859 3272 1930; x_wconf 88' lang='lat' dir='ltr'><strong>idque</strong></span> 
     </span>
    </p>
   </div>
   <div class='ocr_carea' id='block_1_64' title="bbox 1753 1946 3274 2017">
    <p class='ocr_par' dir='ltr' id='par_1_64' title="bbox 1753 1946 3274 2017">
     <span class='ocr_line' id='line_1_64' title="bbox 1753 1946 3274 2017; baseline 0.003 -15"><span class='ocrx_word' id='word_1_485' title='bbox 1753 1948 1896 2002; x_wconf 90' lang='lat' dir='ltr'><strong>clare</strong></span> <span class='ocrx_word' id='word_1_486' title='bbox 1947 1946 2338 2016; x_wconf 89' lang='lat' dir='ltr'><strong>quodammodo</strong></span> <span class='ocrx_word' id='word_1_487' title='bbox 2389 1947 2658 2016; x_wconf 76' lang='lat' dir='ltr'><strong>impletum</strong></span> <span class='ocrx_word' id='word_1_488' title='bbox 2694 1955 2793 2013; x_wconf 89' lang='lat' dir='ltr'><strong>est,</strong></span> <span class='ocrx_word' id='word_1_489' title='bbox 2851 1950 3062 2017; x_wconf 88' lang='lat' dir='ltr'><strong>quando</strong></span> <span class='ocrx_word' id='word_1_490' title='bbox 3117 1952 3274 2008; x_wconf 79' lang='lat' dir='ltr'><strong>miles</strong></span> 
     </span>
    </p>
   </div>
   <div class='ocr_carea' id='block_1_65' title="bbox 1753 2036 3314 2109">
    <p class='ocr_par' dir='ltr' id='par_1_65' title="bbox 1753 2036 3314 2109">
     <span class='ocr_line' id='line_1_65' title="bbox 1753 2036 3314 2109; baseline 0.003 -19"><span class='ocrx_word' id='word_1_491' title='bbox 1753 2037 1935 2091; x_wconf 85' lang='lat' dir='ltr'><strong>lancea</strong></span> <span class='ocrx_word' id='word_1_492' title='bbox 1972 2037 2110 2091; x_wconf 89' lang='lat' dir='ltr'><strong>latus</strong></span> <span class='ocrx_word' id='word_1_493' title='bbox 2141 2037 2258 2105; x_wconf 88' lang='lat' dir='ltr'><strong>ejus</strong></span> <span class='ocrx_word' id='word_1_494' title='bbox 2285 2036 2579 2091; x_wconf 78' lang='lat' dir='ltr'><strong>vulneravit</strong></span> <span class='ocrx_word' id='word_1_495' title='bbox 2604 2056 2616 2090; x_wconf 90' lang='lat'><strong>:</strong></span> <span class='ocrx_word' id='word_1_496' title='bbox 2639 2037 2781 2107; x_wconf 91' lang='lat' dir='ltr'><strong>quod</strong></span> <span class='ocrx_word' id='word_1_497' title='bbox 2805 2050 2978 2093; x_wconf 82' lang='lat' dir='ltr'><strong>autem</strong></span> <span class='ocrx_word' id='word_1_498' title='bbox 3006 2039 3060 2092; x_wconf 90' lang='lat' dir='ltr'><strong>in</strong></span> <span class='ocrx_word' id='word_1_499' title='bbox 3093 2043 3270 2109; x_wconf 87' lang='lat' dir='ltr'><strong>sepul-</strong></span> <span class='ocrx_word' id='word_1_500' title='bbox 3311 2073 3314 2078; x_wconf 90' lang='lat'><strong><em>-</em></strong></span> 
     </span>
    </p>
   </div>
   <div class='ocr_carea' id='block_1_66' title="bbox 1750 2125 3268 2196">
    <p class='ocr_par' dir='ltr' id='par_1_66' title="bbox 1750 2125 3268 2196">
     <span class='ocr_line' id='line_1_66' title="bbox 1750 2125 3268 2196; baseline 0.003 -16"><span class='ocrx_word' id='word_1_501' title='bbox 1750 2140 1842 2180; x_wconf 89' lang='lat' dir='ltr'><strong>cro</strong></span> <span class='ocrx_word' id='word_1_502' title='bbox 1871 2126 2030 2178; x_wconf 89' lang='lat' dir='ltr'><strong>etiam</strong></span> <span class='ocrx_word' id='word_1_503' title='bbox 2060 2125 2370 2180; x_wconf 83' lang='lat' dir='ltr'><strong>vulneratus</strong></span> <span class='ocrx_word' id='word_1_504' title='bbox 2406 2126 2656 2194; x_wconf 85' lang='lat' dir='ltr'><strong>jacuerit,</strong></span> <span class='ocrx_word' id='word_1_505' title='bbox 2702 2126 2971 2196; x_wconf 84' lang='lat' dir='ltr'><strong>propalam</strong></span> <span class='ocrx_word' id='word_1_506' title='bbox 3017 2138 3114 2183; x_wconf 86' lang='lat' dir='ltr'><strong>est.</strong></span> <span class='ocrx_word' id='word_1_507' title='bbox 3155 2128 3268 2184; x_wconf 74' lang='lat' dir='ltr'><strong>Cte-</strong></span> 
     </span>
    </p>
   </div>
   <div class='ocr_carea' id='block_1_67' title="bbox 1720 2216 3266 2285">
    <p class='ocr_par' dir='ltr' id='par_1_67' title="bbox 1720 2216 3266 2285">
     <span class='ocr_line' id='line_1_67' title="bbox 1720 2216 3266 2285; baseline 0.004 -16"><span class='ocrx_word' id='word_1_508' title='bbox 1720 2239 1725 2245; x_wconf 78' lang='lat'>~</span> <span class='ocrx_word' id='word_1_509' title='bbox 1752 2223 1921 2270; x_wconf 89' lang='lat' dir='ltr'><strong>terum</strong></span> <span class='ocrx_word' id='word_1_510' title='bbox 1950 2229 2072 2271; x_wconf 90' lang='lat' dir='ltr'><strong>cum</strong></span> <span class='ocrx_word' id='word_1_511' title='bbox 2099 2216 2228 2270; x_wconf 83' lang='lat' dir='ltr'><strong>dicit</strong></span> <span class='ocrx_word' id='word_1_512' title='bbox 2270 2231 2329 2272; x_wconf 88' lang='lat' dir='ltr'><strong>se</strong></span> <span class='ocrx_word' id='word_1_513' title='bbox 2359 2217 2556 2270; x_wconf 79' lang='lat' dir='ltr'><strong>factum</strong></span> <span class='ocrx_word' id='word_1_514' title='bbox 2598 2232 2716 2272; x_wconf 85' lang='lat' dir='ltr'><strong>esse</strong></span> <span class='ocrx_word' id='word_1_515' title='bbox 2745 2217 2884 2272; x_wconf 85' lang='lat' dir='ltr'><strong>sicut</strong></span> <span class='ocrx_word' id='word_1_516' title='bbox 2913 2219 3266 2285; x_wconf 85' lang='lat' dir='ltr'><strong>vulneratum,</strong></span> 
     </span>
    </p>
   </div>
   <div class='ocr_carea' id='block_1_68' title="bbox 1745 2300 3270 2379">
    <p class='ocr_par' dir='ltr' id='par_1_68' title="bbox 1745 2300 3270 2379">
     <span class='ocr_line' id='line_1_68' title="bbox 1745 2300 3270 2379; baseline 0.004 -17"><span class='ocrx_word' id='word_1_517' title='bbox 1745 2317 1797 2363; x_wconf 89' lang='lat' dir='ltr'><strong>et</strong></span> <span class='ocrx_word' id='word_1_518' title='bbox 1824 2307 2048 2362; x_wconf 89' lang='lat' dir='ltr'><strong>similem</strong></span> <span class='ocrx_word' id='word_1_519' title='bbox 2073 2300 2456 2363; x_wconf 77' lang='lat' dir='ltr'><strong>dormientibus</strong></span> <span class='ocrx_word' id='word_1_520' title='bbox 2493 2309 2544 2362; x_wconf 89' lang='lat' dir='ltr'><strong>in</strong></span> <span class='ocrx_word' id='word_1_521' title='bbox 2569 2309 2834 2379; x_wconf 88' lang='lat' dir='ltr'><strong>sepulcro,</strong></span> <span class='ocrx_word' id='word_1_522' title='bbox 2864 2310 2951 2366; x_wconf 90' lang='lat' dir='ltr'><strong>hic</strong></span> <span class='ocrx_word' id='word_1_523' title='bbox 2978 2313 3142 2368; x_wconf 89' lang='lat' dir='ltr'><strong>series</strong></span> <span class='ocrx_word' id='word_1_524' title='bbox 3162 2329 3270 2368; x_wconf 87' lang='lat' dir='ltr'><strong>non</strong></span> 
     </span>
    </p>
   </div>
   <div class='ocr_carea' id='block_1_69' title="bbox 1747 2393 3266 2459">
    <p class='ocr_par' dir='ltr' id='par_1_69' title="bbox 1747 2393 3266 2459">
     <span class='ocr_line' id='line_1_69' title="bbox 1747 2393 3266 2459; baseline 0.006 -13"><span class='ocrx_word' id='word_1_525' title='bbox 1747 2393 2098 2459; x_wconf 83' lang='lat' dir='ltr'><strong>terminatur;</strong></span> <span class='ocrx_word' id='word_1_526' title='bbox 2127 2395 2220 2449; x_wconf 85' lang='lat' dir='ltr'><strong>sed</strong></span> <span class='ocrx_word' id='word_1_527' title='bbox 2247 2396 2291 2448; x_wconf 90' lang='lat' dir='ltr'><strong>si</strong></span> <span class='ocrx_word' id='word_1_528' title='bbox 2317 2402 2483 2448; x_wconf 83' lang='lat' dir='ltr'><strong>totum</strong></span> <span class='ocrx_word' id='word_1_529' title='bbox 2503 2405 2784 2452; x_wconf 90' lang='lat' dir='ltr'><strong>connectas</strong></span> <span class='ocrx_word' id='word_1_530' title='bbox 2804 2397 2928 2452; x_wconf 87' lang='lat' dir='ltr'><strong>dicti</strong></span> <span class='ocrx_word' id='word_1_531' title='bbox 2952 2401 3266 2455; x_wconf 86' lang='lat' dir='ltr'><strong>sententiam</strong></span> 
     </span>
    </p>
   </div>
   <div class='ocr_carea' id='block_1_70' title="bbox 1745 2481 3266 2558">
    <p class='ocr_par' dir='ltr' id='par_1_70' title="bbox 1745 2481 3266 2558">
     <span class='ocr_line' id='line_1_70' title="bbox 1745 2481 3266 2558; baseline 0.004 -22"><span class='ocrx_word' id='word_1_532' title='bbox 1745 2481 2107 2551; x_wconf 80' lang='lat' dir='ltr'><strong>deprehendes</strong></span> <span class='ocrx_word' id='word_1_533' title='bbox 2141 2501 2154 2537; x_wconf 92' lang='lat'><strong>:</strong></span> <span class='ocrx_word' id='word_1_534' title='bbox 2187 2483 2391 2539; x_wconf 76' lang='lat' dir='ltr'><strong>Factus</strong></span> <span class='ocrx_word' id='word_1_535' title='bbox 2413 2502 2550 2548; x_wconf 77' lang='lat' dir='ltr'><strong>sum,</strong></span> <span class='ocrx_word' id='word_1_536' title='bbox 2582 2487 2771 2555; x_wconf 87' lang='lat' dir='ltr'><strong>inquit,</strong></span> <span class='ocrx_word' id='word_1_537' title='bbox 2815 2489 2948 2541; x_wconf 81' lang='lat' dir='ltr'><strong>sicut</strong></span> <span class='ocrx_word' id='word_1_538' title='bbox 2991 2491 3266 2558; x_wconf 70' lang='lat' dir='ltr'><strong>uulnerati,</strong></span> 
     </span>
    </p>
   </div>
   <div class='ocr_carea' id='block_1_71' title="bbox 1743 2575 3266 2648">
    <p class='ocr_par' dir='ltr' id='par_1_71' title="bbox 1743 2575 3266 2648">
     <span class='ocr_line' id='line_1_71' title="bbox 1743 2575 3266 2648; baseline 0.007 -25"><span class='ocrx_word' id='word_1_539' title='bbox 1743 2587 1957 2640; x_wconf 75' lang='lat' dir='ltr'><strong>quorum</strong></span> <span class='ocrx_word' id='word_1_540' title='bbox 1979 2589 2078 2625; x_wconf 79' lang='lat' dir='ltr'><strong>non</strong></span> <span class='ocrx_word' id='word_1_541' title='bbox 2107 2588 2159 2626; x_wconf 80' lang='lat' dir='ltr'><strong>es</strong></span> <span class='ocrx_word' id='word_1_542' title='bbox 2189 2589 2383 2627; x_wconf 83' lang='lat' dir='ltr'><strong>memor</strong></span> <span class='ocrx_word' id='word_1_543' title='bbox 2404 2575 2643 2642; x_wconf 81' lang='lat' dir='ltr'><strong>amplius.</strong></span> <span class='ocrx_word' id='word_1_544' title='bbox 2672 2576 2856 2630; x_wconf 67' lang='lat' dir='ltr'><strong>Caneri</strong></span> <span class='ocrx_word' id='word_1_545' title='bbox 2888 2593 3116 2648; x_wconf 84' lang='lat' dir='ltr'><strong>namque</strong></span> <span class='ocrx_word' id='word_1_546' title='bbox 3147 2589 3266 2648; x_wconf 83' lang='lat' dir='ltr'><strong>post</strong></span> 
     </span>
    </p>
   </div>
   <div class='ocr_carea' id='block_1_72' title="bbox 1744 2664 3266 2733">
    <p class='ocr_par' dir='ltr' id='par_1_72' title="bbox 1744 2664 3266 2733">
     <span class='ocr_line' id='line_1_72' title="bbox 1744 2664 3266 2733; baseline 0.006 -18"><span class='ocrx_word' id='word_1_547' title='bbox 1744 2670 1967 2717; x_wconf 85' lang='lat' dir='ltr'><strong>mortem</strong></span> <span class='ocrx_word' id='word_1_548' title='bbox 2013 2664 2068 2716; x_wconf 89' lang='lat' dir='ltr'><strong>in</strong></span> <span class='ocrx_word' id='word_1_549' title='bbox 2105 2664 2362 2732; x_wconf 90' lang='lat' dir='ltr'><strong>sepulcris</strong></span> <span class='ocrx_word' id='word_1_550' title='bbox 2388 2665 2634 2733; x_wconf 88' lang='lat' dir='ltr'><strong>depositi,</strong></span> <span class='ocrx_word' id='word_1_551' title='bbox 2664 2667 2830 2721; x_wconf 85' lang='lat' dir='ltr'><strong>relicti</strong></span> <span class='ocrx_word' id='word_1_552' title='bbox 2853 2675 2998 2732; x_wconf 89' lang='lat' dir='ltr'><strong>sunt,</strong></span> <span class='ocrx_word' id='word_1_553' title='bbox 3038 2684 3100 2723; x_wconf 83' lang='lat' dir='ltr'><strong>ac</strong></span> <span class='ocrx_word' id='word_1_554' title='bbox 3123 2680 3266 2724; x_wconf 85' lang='lat' dir='ltr'><strong>terra</strong></span> 
     </span>
    </p>
   </div>
   <div class='ocr_carea' id='block_1_73' title="bbox 1743 2753 3264 2825">
    <p class='ocr_par' dir='ltr' id='par_1_73' title="bbox 1743 2753 3264 2825">
     <span class='ocr_line' id='line_1_73' title="bbox 1743 2753 3264 2825; baseline 0.004 -17"><span class='ocrx_word' id='word_1_555' title='bbox 1743 2762 1796 2808; x_wconf 84' lang='lat' dir='ltr'><strong>et</strong></span> <span class='ocrx_word' id='word_1_556' title='bbox 1832 2754 2006 2822; x_wconf 77' lang='lat' dir='ltr'><strong>pulvis</strong></span> <span class='ocrx_word' id='word_1_557' title='bbox 2044 2764 2436 2817; x_wconf 86' lang='lat' dir='ltr'><strong>remanserunt,</strong></span> <span class='ocrx_word' id='word_1_558' title='bbox 2487 2753 2596 2811; x_wconf 89' lang='lat' dir='ltr'><strong>Deo</strong></span> <span class='ocrx_word' id='word_1_559' title='bbox 2629 2765 2752 2825; x_wconf 90' lang='lat' dir='ltr'><strong>post</strong></span> <span class='ocrx_word' id='word_1_560' title='bbox 2799 2767 3020 2811; x_wconf 89' lang='lat' dir='ltr'><strong>mortem</strong></span> <span class='ocrx_word' id='word_1_561' title='bbox 3063 2760 3264 2814; x_wconf 88' lang='lat' dir='ltr'><strong>nullam</strong></span> 
     </span>
    </p>
   </div>
   <div class='ocr_carea' id='block_1_74' title="bbox 1742 2845 3265 2915">
    <p class='ocr_par' dir='ltr' id='par_1_74' title="bbox 1742 2845 3265 2915">
     <span class='ocr_line' id='line_1_74' title="bbox 1742 2845 3265 2915; baseline 0.003 -16"><span class='ocrx_word' id='word_1_562' title='bbox 1742 2859 1926 2899; x_wconf 91' lang='lat' dir='ltr'><strong>eorum</strong></span> <span class='ocrx_word' id='word_1_563' title='bbox 1972 2845 2278 2899; x_wconf 89' lang='lat' dir='ltr'><strong>memoriam</strong></span> <span class='ocrx_word' id='word_1_564' title='bbox 2309 2847 2606 2900; x_wconf 85' lang='lat' dir='ltr'><strong>retinente:</strong></span> <span class='ocrx_word' id='word_1_565' title='bbox 2637 2860 2735 2915; x_wconf 78' lang='lat' dir='ltr'><strong>ego</strong></span> <span class='ocrx_word' id='word_1_566' title='bbox 2774 2861 2898 2899; x_wconf 89' lang='lat' dir='ltr'><strong>vero</strong></span> <span class='ocrx_word' id='word_1_567' title='bbox 2933 2845 3102 2902; x_wconf 68' lang='lat' dir='ltr'><strong>fac-tus</strong></span> <span class='ocrx_word' id='word_1_568' title='bbox 3143 2863 3265 2904; x_wconf 84' lang='lat' dir='ltr'><strong>sum</strong></span> 
     </span>
    </p>
   </div>
   <div class='ocr_carea' id='block_1_75' title="bbox 1743 2935 3264 3002">
    <p class='ocr_par' dir='ltr' id='par_1_75' title="bbox 1743 2935 3264 3002">
     <span class='ocr_line' id='line_1_75' title="bbox 1743 2935 3264 3002; baseline 0.001 -11"><span class='ocrx_word' id='word_1_569' title='bbox 1743 2935 1883 2992; x_wconf 88' lang='lat' dir='ltr'><strong>sicut</strong></span> <span class='ocrx_word' id='word_1_570' title='bbox 1911 2950 2049 2989; x_wconf 89' lang='lat' dir='ltr'><strong>unus</strong></span> <span class='ocrx_word' id='word_1_571' title='bbox 2073 2947 2278 2998; x_wconf 86' lang='lat' dir='ltr'><strong>eorum,</strong></span> <span class='ocrx_word' id='word_1_572' title='bbox 2313 2935 2436 2989; x_wconf 85' lang='lat' dir='ltr'><strong>licet</strong></span> <span class='ocrx_word' id='word_1_573' title='bbox 2483 2949 2588 2988; x_wconf 88' lang='lat' dir='ltr'><strong>non</strong></span> <span class='ocrx_word' id='word_1_574' title='bbox 2613 2935 2715 2990; x_wconf 88' lang='lat' dir='ltr'><strong>illis</strong></span> <span class='ocrx_word' id='word_1_575' title='bbox 2761 2936 2947 2991; x_wconf 87' lang='lat' dir='ltr'><strong>similis</strong></span> <span class='ocrx_word' id='word_1_576' title='bbox 2986 2937 3113 3002; x_wconf 91' lang='lat' dir='ltr'><strong>sim;</strong></span> <span class='ocrx_word' id='word_1_577' title='bbox 3140 2953 3264 2993; x_wconf 79' lang='lat' dir='ltr'><strong>nam</strong></span> 
     </span>
    </p>
   </div>
   <div class='ocr_carea' id='block_1_76' title="bbox 1743 3025 3264 3098">
    <p class='ocr_par' dir='ltr' id='par_1_76' title="bbox 1743 3025 3264 3098">
     <span class='ocr_line' id='line_1_76' title="bbox 1743 3025 3264 3098; baseline 0.004 -20"><span class='ocrx_word' id='word_1_578' title='bbox 1743 3027 1846 3082; x_wconf 90' lang='lat' dir='ltr'><strong>mei</strong></span> <span class='ocrx_word' id='word_1_579' title='bbox 1877 3034 1996 3096; x_wconf 89' lang='lat' dir='ltr'><strong>post</strong></span> <span class='ocrx_word' id='word_1_580' title='bbox 2030 3025 2284 3080; x_wconf 77' lang='lat' dir='ltr'><strong>inuictum</strong></span> <span class='ocrx_word' id='word_1_581' title='bbox 2307 3027 2521 3093; x_wconf 86' lang='lat' dir='ltr'><strong>vulnus,</strong></span> <span class='ocrx_word' id='word_1_582' title='bbox 2554 3034 2673 3096; x_wconf 89' lang='lat' dir='ltr'><strong>post</strong></span> <span class='ocrx_word' id='word_1_583' title='bbox 2707 3034 2928 3094; x_wconf 84' lang='lat' dir='ltr'><strong>mortem</strong></span> <span class='ocrx_word' id='word_1_584' title='bbox 2952 3034 3003 3081; x_wconf 89' lang='lat' dir='ltr'><strong>et</strong></span> <span class='ocrx_word' id='word_1_585' title='bbox 3029 3036 3148 3098; x_wconf 88' lang='lat' dir='ltr'><strong>post</strong></span> <span class='ocrx_word' id='word_1_586' title='bbox 3170 3029 3264 3084; x_wconf 57' lang='lat' dir='ltr'><strong>de-i</strong></span> 
     </span>
    </p>
   </div>
   <div class='ocr_carea' id='block_1_77' title="bbox 1742 3115 3264 3189">
    <p class='ocr_par' dir='ltr' id='par_1_77' title="bbox 1742 3115 3264 3189">
     <span class='ocr_line' id='line_1_77' title="bbox 1742 3115 3264 3189; baseline 0.002 -19"><span class='ocrx_word' id='word_1_587' title='bbox 1742 3117 2072 3185; x_wconf 84' lang='lat' dir='ltr'><strong>positionem,</strong></span> <span class='ocrx_word' id='word_1_588' title='bbox 2097 3117 2151 3189; x_wconf 79' lang='lat' dir='ltr'><strong>in</strong></span> <span class='ocrx_word' id='word_1_589' title='bbox 2192 3117 2460 3185; x_wconf 87' lang='lat' dir='ltr'><strong>sepulcro,</strong></span> <span class='ocrx_word' id='word_1_590' title='bbox 2507 3131 2710 3170; x_wconf 86' lang='lat' dir='ltr'><strong>memor</strong></span> <span class='ocrx_word' id='word_1_591' title='bbox 2747 3115 2916 3181; x_wconf 79' lang='lat' dir='ltr'><strong>fuisti,</strong></span> <span class='ocrx_word' id='word_1_592' title='bbox 2954 3132 3015 3170; x_wconf 88' lang='lat' dir='ltr'><strong>ac</strong></span> <span class='ocrx_word' id='word_1_593' title='bbox 3060 3117 3164 3172; x_wconf 87' lang='lat' dir='ltr'><strong>vita</strong></span> <span class='ocrx_word' id='word_1_594' title='bbox 3210 3127 3264 3173; x_wconf 86' lang='lat' dir='ltr'><strong>et</strong></span> 
     </span>
    </p>
   </div>
   <div class='ocr_carea' id='block_1_78' title="bbox 1716 3205 3269 3276">
    <p class='ocr_par' dir='ltr' id='par_1_78' title="bbox 1716 3205 3269 3276">
     <span class='ocr_line' id='line_1_78' title="bbox 1716 3205 3269 3276; baseline 0.001 -14"><span class='ocrx_word' id='word_1_595' title='bbox 1716 3208 1932 3269; x_wconf 72' lang='lat' dir='ltr'><strong>.salute,</strong></span> <span class='ocrx_word' id='word_1_596' title='bbox 1963 3221 2080 3275; x_wconf 66' lang='lat' dir='ltr'><strong>quae</strong></span> <span class='ocrx_word' id='word_1_597' title='bbox 2108 3222 2269 3275; x_wconf 89' lang='lat' dir='ltr'><strong>penes</strong></span> <span class='ocrx_word' id='word_1_598' title='bbox 2298 3215 2348 3260; x_wconf 88' lang='lat' dir='ltr'><strong>te</strong></span> <span class='ocrx_word' id='word_1_599' title='bbox 2378 3214 2479 3268; x_wconf 87' lang='lat' dir='ltr'><strong>est,</strong></span> <span class='ocrx_word' id='word_1_600' title='bbox 2509 3207 2755 3276; x_wconf 80' lang='lat' dir='ltr'><strong>dignatus</strong></span> <span class='ocrx_word' id='word_1_601' title='bbox 2780 3221 2864 3260; x_wconf 89' lang='lat' dir='ltr'><strong>me</strong></span> <span class='ocrx_word' id='word_1_602' title='bbox 2898 3222 2974 3261; x_wconf 88' lang='lat' dir='ltr'><strong>es.</strong></span> <span class='ocrx_word' id='word_1_603' title='bbox 2993 3205 3170 3272; x_wconf 79' lang='lat' dir='ltr'><strong>Quare</strong></span> <span class='ocrx_word' id='word_1_604' title='bbox 3197 3208 3269 3264; x_wconf 86' lang='lat' dir='ltr'><strong>ab</strong></span> 
     </span>
    </p>
   </div>
   <div class='ocr_carea' id='block_1_79' title="bbox 1741 3294 3260 3366">
    <p class='ocr_par' dir='ltr' id='par_1_79' title="bbox 1741 3294 3260 3366">
     <span class='ocr_line' id='line_1_79' title="bbox 1741 3294 3260 3366; baseline -0.001 -13"><span class='ocrx_word' id='word_1_605' title='bbox 1741 3299 1896 3354; x_wconf 88' lang='lat' dir='ltr'><strong>initio</strong></span> <span class='ocrx_word' id='word_1_606' title='bbox 1911 3297 2195 3366; x_wconf 81' lang='lat' dir='ltr'><strong>gratiarum</strong></span> <span class='ocrx_word' id='word_1_607' title='bbox 2221 3296 2442 3350; x_wconf 87' lang='lat' dir='ltr'><strong>actionis</strong></span> <span class='ocrx_word' id='word_1_608' title='bbox 2466 3294 2716 3365; x_wconf 90' lang='lat' dir='ltr'><strong>hymnum</strong></span> <span class='ocrx_word' id='word_1_609' title='bbox 2735 3295 2909 3349; x_wconf 86' lang='lat' dir='ltr'><strong>emisit</strong></span> <span class='ocrx_word' id='word_1_610' title='bbox 2938 3296 3022 3350; x_wconf 89' lang='lat' dir='ltr'><strong>bis</strong></span> <span class='ocrx_word' id='word_1_611' title='bbox 3045 3297 3221 3351; x_wconf 83' lang='lat' dir='ltr'><strong>verbis</strong></span> <span class='ocrx_word' id='word_1_612' title='bbox 3246 3317 3260 3352; x_wconf 90' lang='lat'><strong>:</strong></span> 
     </span>
    </p>
   </div>
   <div class='ocr_carea' id='block_1_80' title="bbox 1741 3385 3267 3451">
    <p class='ocr_par' dir='ltr' id='par_1_80' title="bbox 1741 3385 3267 3451">
     <span class='ocr_line' id='line_1_80' title="bbox 1741 3385 3267 3451; baseline 0 -9"><span class='ocrx_word' id='word_1_613' title='bbox 1741 3388 1958 3451; x_wconf 81' lang='lat' dir='ltr'><strong>Domine</strong></span> <span class='ocrx_word' id='word_1_614' title='bbox 1999 3387 2136 3441; x_wconf 85' lang='lat' dir='ltr'><strong>Deus</strong></span> <span class='ocrx_word' id='word_1_615' title='bbox 2165 3388 2348 3441; x_wconf 88' lang='lat' dir='ltr'><strong>salutis</strong></span> <span class='ocrx_word' id='word_1_616' title='bbox 2383 3386 2529 3448; x_wconf 71' lang='lat' dir='ltr'><strong>mete,</strong></span> <span class='ocrx_word' id='word_1_617' title='bbox 2570 3385 2623 3436; x_wconf 79' lang='lat' dir='ltr'><strong>in</strong></span> <span class='ocrx_word' id='word_1_618' title='bbox 2655 3386 2737 3438; x_wconf 89' lang='lat' dir='ltr'><strong>die</strong></span> <span class='ocrx_word' id='word_1_619' title='bbox 2782 3385 3002 3438; x_wconf 75' lang='lat' dir='ltr'><strong>clamavi</strong></span> <span class='ocrx_word' id='word_1_620' title='bbox 3028 3395 3077 3439; x_wconf 83' lang='lat' dir='ltr'><strong>et</strong></span> <span class='ocrx_word' id='word_1_621' title='bbox 3118 3398 3267 3443; x_wconf 69' lang='lat' dir='ltr'><strong>nocte</strong></span> 
     </span>
    </p>
   </div>
   <div class='ocr_carea' id='block_1_81' title="bbox 1740 3474 3260 3546">
    <p class='ocr_par' dir='ltr' id='par_1_81' title="bbox 1740 3474 3260 3546">
     <span class='ocr_line' id='line_1_81' title="bbox 1740 3474 3260 3546; baseline -0.001 -13"><span class='ocrx_word' id='word_1_622' title='bbox 1740 3496 1915 3534; x_wconf 88' lang='lat' dir='ltr'><strong>coram</strong></span> <span class='ocrx_word' id='word_1_623' title='bbox 1944 3489 2009 3533; x_wconf 88' lang='lat' dir='ltr'><strong>te.</strong></span> <span class='ocrx_word' id='word_1_624' title='bbox 2036 3479 2163 3545; x_wconf 67' lang='lat' dir='ltr'><strong>Quae</strong></span> <span class='ocrx_word' id='word_1_625' title='bbox 2192 3493 2275 3533; x_wconf 88' lang='lat' dir='ltr'><strong>me</strong></span> <span class='ocrx_word' id='word_1_626' title='bbox 2299 3477 2606 3546; x_wconf 82' lang='lat' dir='ltr'><strong>spectabant</strong></span> <span class='ocrx_word' id='word_1_627' title='bbox 2648 3474 2773 3528; x_wconf 88' lang='lat' dir='ltr'><strong>talia</strong></span> <span class='ocrx_word' id='word_1_628' title='bbox 2809 3481 2981 3528; x_wconf 86' lang='lat' dir='ltr'><strong>erant.</strong></span> <span class='ocrx_word' id='word_1_629' title='bbox 3011 3477 3260 3532; x_wconf 81' lang='lat' dir='ltr'><strong>Attamen</strong></span> 
     </span>
    </p>
   </div>
   <div class='ocr_carea' id='block_1_82' title="bbox 1741 3561 3260 3632">
    <p class='ocr_par' dir='ltr' id='par_1_82' title="bbox 1741 3561 3260 3632">
     <span class='ocr_line' id='line_1_82' title="bbox 1741 3561 3260 3632; baseline -0.005 -10"><span class='ocrx_word' id='word_1_630' title='bbox 1741 3569 1912 3622; x_wconf 80' lang='lat' dir='ltr'><strong>factus</strong></span> <span class='ocrx_word' id='word_1_631' title='bbox 1941 3583 2060 3622; x_wconf 89' lang='lat' dir='ltr'><strong>sum</strong></span> <span class='ocrx_word' id='word_1_632' title='bbox 2115 3567 2295 3620; x_wconf 88' lang='lat' dir='ltr'><strong>multis</strong></span> <span class='ocrx_word' id='word_1_633' title='bbox 2322 3568 2378 3619; x_wconf 83' lang='lat' dir='ltr'><strong>in</strong></span> <span class='ocrx_word' id='word_1_634' title='bbox 2425 3563 2668 3632; x_wconf 89' lang='lat' dir='ltr'><strong>sepulcro</strong></span> <span class='ocrx_word' id='word_1_635' title='bbox 2700 3561 2998 3631; x_wconf 69' lang='lat' dir='ltr'><strong>iacentibus</strong></span> <span class='ocrx_word' id='word_1_636' title='bbox 3040 3562 3260 3627; x_wconf 84' lang='lat' dir='ltr'><strong>similia,</strong></span> 
     </span>
    </p>
   </div>
   <div class='ocr_carea' id='block_1_83' title="bbox 1737 3651 3261 3725">
    <p class='ocr_par' dir='ltr' id='par_1_83' title="bbox 1737 3651 3261 3725">
     <span class='ocr_line' id='line_1_83' title="bbox 1737 3651 3261 3725; baseline -0.003 -17"><span class='ocrx_word' id='word_1_637' title='bbox 1737 3657 1829 3725; x_wconf 88' lang='lat' dir='ltr'><strong>qui</strong></span> <span class='ocrx_word' id='word_1_638' title='bbox 1853 3671 1956 3710; x_wconf 90' lang='lat' dir='ltr'><strong>non</strong></span> <span class='ocrx_word' id='word_1_639' title='bbox 1986 3656 2214 3725; x_wconf 81' lang='lat' dir='ltr'><strong>amplius</strong></span> <span class='ocrx_word' id='word_1_640' title='bbox 2253 3654 2506 3708; x_wconf 88' lang='lat' dir='ltr'><strong>memoria</strong></span> <span class='ocrx_word' id='word_1_641' title='bbox 2534 3661 2621 3706; x_wconf 85' lang='lat' dir='ltr'><strong>tua</strong></span> <span class='ocrx_word' id='word_1_642' title='bbox 2643 3651 2786 3720; x_wconf 72' lang='lat' dir='ltr'><strong>digni</strong></span> <span class='ocrx_word' id='word_1_643' title='bbox 2815 3651 3098 3715; x_wconf 85' lang='lat' dir='ltr'><strong>habentur,</strong></span> <span class='ocrx_word' id='word_1_644' title='bbox 3129 3652 3261 3720; x_wconf 83' lang='lat' dir='ltr'><strong>quia</strong></span> 
     </span>
    </p>
   </div>
   <div class='ocr_carea' id='block_1_84' title="bbox 1736 3742 3260 3814">
    <p class='ocr_par' dir='ltr' id='par_1_84' title="bbox 1736 3742 3260 3814">
     <span class='ocr_line' id='line_1_84' title="bbox 1736 3742 3260 3814; baseline -0.001 -17"><span class='ocrx_word' id='word_1_645' title='bbox 1736 3744 1802 3798; x_wconf 92' lang='lat' dir='ltr'><strong>de</strong></span> <span class='ocrx_word' id='word_1_646' title='bbox 1830 3761 1989 3798; x_wconf 85' lang='lat' dir='ltr'><strong>manu</strong></span> <span class='ocrx_word' id='word_1_647' title='bbox 2024 3754 2115 3799; x_wconf 82' lang='lat' dir='ltr'><strong>tua</strong></span> <span class='ocrx_word' id='word_1_648' title='bbox 2161 3745 2358 3814; x_wconf 88' lang='lat' dir='ltr'><strong>repulsi</strong></span> <span class='ocrx_word' id='word_1_649' title='bbox 2403 3751 2546 3798; x_wconf 80' lang='lat' dir='ltr'><strong>sunt.</strong></span> <span class='ocrx_word' id='word_1_650' title='bbox 2578 3743 2709 3796; x_wconf 80' lang='lat' dir='ltr'><strong>Nam</strong></span> <span class='ocrx_word' id='word_1_651' title='bbox 2739 3743 2880 3796; x_wconf 87' lang='lat' dir='ltr'><strong>illius</strong></span> <span class='ocrx_word' id='word_1_652' title='bbox 2922 3742 3041 3797; x_wconf 87' lang='lat' dir='ltr'><strong>loco</strong></span> <span class='ocrx_word' id='word_1_653' title='bbox 3072 3759 3088 3796; x_wconf 87' lang='lat'><strong>:</strong></span> <span class='ocrx_word' id='word_1_654' title='bbox 3118 3743 3260 3807; x_wconf 70' lang='lat' dir='ltr'><strong>Quo-</strong></span> 
     </span>
    </p>
   </div>
   <div class='ocr_carea' id='block_1_85' title="bbox 1737 3834 3262 3904">
    <p class='ocr_par' dir='ltr' id='par_1_85' title="bbox 1737 3834 3262 3904">
     <span class='ocr_line' id='line_1_85' title="bbox 1737 3834 3262 3904; baseline -0.001 -16"><span class='ocrx_word' id='word_1_655' title='bbox 1737 3851 1849 3888; x_wconf 84' lang='lat' dir='ltr'><strong>rum</strong></span> <span class='ocrx_word' id='word_1_656' title='bbox 1872 3851 1972 3889; x_wconf 86' lang='lat' dir='ltr'><strong>non</strong></span> <span class='ocrx_word' id='word_1_657' title='bbox 1990 3851 2044 3887; x_wconf 83' lang='lat' dir='ltr'><strong>es</strong></span> <span class='ocrx_word' id='word_1_658' title='bbox 2069 3851 2262 3887; x_wconf 85' lang='lat' dir='ltr'><strong>memor</strong></span> <span class='ocrx_word' id='word_1_659' title='bbox 2287 3835 2525 3901; x_wconf 83' lang='lat' dir='ltr'><strong>amplius,</strong></span> <span class='ocrx_word' id='word_1_660' title='bbox 2549 3842 2596 3887; x_wconf 80' lang='lat' dir='ltr'><strong>et</strong></span> <span class='ocrx_word' id='word_1_661' title='bbox 2634 3834 2731 3901; x_wconf 82' lang='lat' dir='ltr'><strong>ipsi</strong></span> <span class='ocrx_word' id='word_1_662' title='bbox 2757 3835 2819 3886; x_wconf 83' lang='lat' dir='ltr'><strong>de</strong></span> <span class='ocrx_word' id='word_1_663' title='bbox 2845 3847 3010 3904; x_wconf 52' lang='lat' dir='ltr'><strong>manu</strong></span> <span class='ocrx_word' id='word_1_664' title='bbox 3045 3841 3136 3886; x_wconf 86' lang='lat' dir='ltr'><strong>tua</strong></span> <span class='ocrx_word' id='word_1_665' title='bbox 3183 3849 3262 3886; x_wconf 85' lang='lat' dir='ltr'><strong>re-</strong></span> 
     </span>
    </p>
   </div>
   <div class='ocr_carea' id='block_1_86' title="bbox 1733 3917 3261 3995">
    <p class='ocr_par' dir='ltr' id='par_1_86' title="bbox 1733 3917 3261 3995">
     <span class='ocr_line' id='line_1_86' title="bbox 1733 3917 3261 3995; baseline -0.001 -17"><span class='ocrx_word' id='word_1_666' title='bbox 1733 3926 1869 3995; x_wconf 82' lang='lat' dir='ltr'><strong>pulsi</strong></span> <span class='ocrx_word' id='word_1_667' title='bbox 1891 3934 2029 3986; x_wconf 82' lang='lat' dir='ltr'><strong>sunt,</strong></span> <span class='ocrx_word' id='word_1_668' title='bbox 2056 3924 2245 3993; x_wconf 87' lang='lat' dir='ltr'><strong>Aquila</strong></span> <span class='ocrx_word' id='word_1_669' title='bbox 2266 3922 2426 3977; x_wconf 84' lang='lat' dir='ltr'><strong>edidit</strong></span> <span class='ocrx_word' id='word_1_670' title='bbox 2458 3942 2470 3977; x_wconf 88' lang='lat'><strong>:</strong></span> <span class='ocrx_word' id='word_1_671' title='bbox 2498 3923 2726 3988; x_wconf 82' lang='lat' dir='ltr'><strong>Quorum</strong></span> <span class='ocrx_word' id='word_1_672' title='bbox 2754 3938 2856 3976; x_wconf 80' lang='lat' dir='ltr'><strong>non</strong></span> <span class='ocrx_word' id='word_1_673' title='bbox 2882 3922 3184 3976; x_wconf 78' lang='lat' dir='ltr'><strong>recordatus</strong></span> <span class='ocrx_word' id='word_1_674' title='bbox 3202 3917 3261 3976; x_wconf 76' lang='lat' dir='ltr'><strong>es</strong></span> 
     </span>
    </p>
   </div>
   <div class='ocr_carea' id='block_1_87' title="bbox 1735 4008 3263 4082">
    <p class='ocr_par' dir='ltr' id='par_1_87' title="bbox 1735 4008 3263 4082">
     <span class='ocr_line' id='line_1_87' title="bbox 1735 4008 3263 4082; baseline -0.003 -15"><span class='ocrx_word' id='word_1_675' title='bbox 1735 4015 1895 4074; x_wconf 80' lang='lat' dir='ltr'><strong>ultra,</strong></span> <span class='ocrx_word' id='word_1_676' title='bbox 1917 4023 1964 4066; x_wconf 87' lang='lat' dir='ltr'><strong>et</strong></span> <span class='ocrx_word' id='word_1_677' title='bbox 1983 4011 2082 4079; x_wconf 82' lang='lat' dir='ltr'><strong>ipsi</strong></span> <span class='ocrx_word' id='word_1_678' title='bbox 2107 4026 2169 4064; x_wconf 75' lang='lat' dir='ltr'><strong>ex</strong></span> <span class='ocrx_word' id='word_1_679' title='bbox 2199 4026 2354 4063; x_wconf 76' lang='lat' dir='ltr'><strong>manu</strong></span> <span class='ocrx_word' id='word_1_680' title='bbox 2383 4018 2469 4062; x_wconf 86' lang='lat' dir='ltr'><strong>tua</strong></span> <span class='ocrx_word' id='word_1_681' title='bbox 2487 4010 2703 4064; x_wconf 80' lang='lat' dir='ltr'><strong>absciss‘i</strong></span> <span class='ocrx_word' id='word_1_682' title='bbox 2722 4022 2842 4065; x_wconf 87' lang='lat' dir='ltr'><strong>sunt</strong></span> <span class='ocrx_word' id='word_1_683' title='bbox 2866 4026 2885 4075; x_wconf 80' lang='lat'><strong>,&#39;</strong></span> <span class='ocrx_word' id='word_1_684' title='bbox 2907 4008 3263 4082; x_wconf 82' lang='lat' dir='ltr'><strong>Symmachus</strong></span> 
     </span>
    </p>
   </div>
   <div class='ocr_carea' id='block_1_88' title="bbox 1735 4099 3262 4173">
    <p class='ocr_par' dir='ltr' id='par_1_88' title="bbox 1735 4099 3262 4173">
     <span class='ocr_line' id='line_1_88' title="bbox 1735 4099 3262 4173; baseline -0.004 -15"><span class='ocrx_word' id='word_1_685' title='bbox 1735 4111 1909 4158; x_wconf 84' lang='lat' dir='ltr'><strong>autem</strong></span> <span class='ocrx_word' id='word_1_686' title='bbox 1943 4121 1955 4156; x_wconf 91' lang='lat'><strong>:</strong></span> <span class='ocrx_word' id='word_1_687' title='bbox 1993 4101 2223 4166; x_wconf 80' lang='lat' dir='ltr'><strong>Quorum</strong></span> <span class='ocrx_word' id='word_1_688' title='bbox 2253 4117 2352 4154; x_wconf 83' lang='lat' dir='ltr'><strong>non</strong></span> <span class='ocrx_word' id='word_1_689' title='bbox 2382 4099 2729 4155; x_wconf 81' lang='lat' dir='ltr'><strong>recordaberis</strong></span> <span class='ocrx_word' id='word_1_690' title='bbox 2753 4101 2914 4168; x_wconf 77' lang='lat' dir='ltr'><strong>ultra,</strong></span> <span class='ocrx_word' id='word_1_691' title='bbox 2937 4100 3074 4170; x_wconf 82' lang='lat' dir='ltr'><strong>quia</strong></span> <span class='ocrx_word' id='word_1_692' title='bbox 3103 4114 3262 4173; x_wconf 72' lang='lat' dir='ltr'><strong>manu</strong></span> 
     </span>
    </p>
   </div>
   <div class='ocr_carea' id='block_1_89' title="bbox 1737 4190 2432 4246">
    <p class='ocr_par' dir='ltr' id='par_1_89' title="bbox 1737 4190 2432 4246">
     <span class='ocr_line' id='line_1_89' title="bbox 1737 4190 2432 4246; baseline -0.001 0"><span class='ocrx_word' id='word_1_693' title='bbox 1737 4203 1825 4246; x_wconf 79' lang='lat' dir='ltr'><strong>tua</strong></span> <span class='ocrx_word' id='word_1_694' title='bbox 1853 4192 2012 4245; x_wconf 73' lang='lat' dir='ltr'><strong>excisi</strong></span> <span class='ocrx_word' id='word_1_695' title='bbox 2046 4201 2181 4244; x_wconf 82' lang='lat' dir='ltr'><strong>sunt.</strong></span> <span class='ocrx_word' id='word_1_696' title='bbox 2233 4190 2235 4193; x_wconf 74' lang='grc'><em>’</em></span> <span class='ocrx_word' id='word_1_697' title='bbox 2417 4233 2432 4245; x_wconf 56' lang='grc' dir='ltr'><em>κ</em></span> 
     </span>
    </p>
   </div>
   <div class='ocr_carea' id='block_1_90' title="bbox 1802 4274 3260 4342">
    <p class='ocr_par' dir='ltr' id='par_1_90' title="bbox 1802 4274 3260 4342">
     <span class='ocr_line' id='line_1_90' title="bbox 1802 4274 3260 4342; baseline -0.002 -11"><span class='ocrx_word' id='word_1_698' title='bbox 1802 4276 1964 4332; x_wconf 75' lang='lat' dir='ltr'><strong>Vsus.</strong></span> <span class='ocrx_word' id='word_1_699' title='bbox 2006 4276 2055 4330; x_wconf 88' lang='lat'><strong>7.</strong></span> <span class='ocrx_word' id='word_1_700' title='bbox 2095 4274 2387 4330; x_wconf 69' lang='lat' dir='ltr'><strong>Postumia:</strong></span> <span class='ocrx_word' id='word_1_701' title='bbox 2417 4291 2496 4330; x_wconf 84' lang='lat' dir='ltr'><strong>me</strong></span> <span class='ocrx_word' id='word_1_702' title='bbox 2521 4276 2574 4329; x_wconf 86' lang='lat' dir='ltr'><strong>in</strong></span> <span class='ocrx_word' id='word_1_703' title='bbox 2605 4275 2722 4328; x_wconf 88' lang='lat' dir='ltr'><strong>lacu</strong></span> <span class='ocrx_word' id='word_1_704' title='bbox 2763 4274 3015 4342; x_wconf 78' lang='lat' dir='ltr'><strong>inferiori,</strong></span> <span class='ocrx_word' id='word_1_705' title='bbox 3044 4275 3096 4326; x_wconf 87' lang='lat' dir='ltr'><strong>in</strong></span> <span class='ocrx_word' id='word_1_706' title='bbox 3123 4281 3260 4328; x_wconf 77' lang='lat' dir='ltr'><strong>tene-</strong></span> 
     </span>
    </p>
   </div>
   <div class='ocr_carea' id='block_1_91' title="bbox 1735 4361 3256 4423">
    <p class='ocr_par' dir='ltr' id='par_1_91' title="bbox 1735 4361 3256 4423">
     <span class='ocr_line' id='line_1_91' title="bbox 1735 4361 3256 4423; baseline -0.005 -1"><span class='ocrx_word' id='word_1_707' title='bbox 1735 4367 1899 4422; x_wconf 81' lang='lat' dir='ltr'><strong>brosis</strong></span> <span class='ocrx_word' id='word_1_708' title='bbox 1924 4376 1973 4421; x_wconf 84' lang='lat' dir='ltr'><strong>et</strong></span> <span class='ocrx_word' id='word_1_709' title='bbox 2002 4367 2058 4420; x_wconf 76' lang='lat' dir='ltr'><strong>in</strong></span> <span class='ocrx_word' id='word_1_710' title='bbox 2099 4366 2282 4420; x_wconf 78' lang='lat' dir='ltr'><strong>umbra</strong></span> <span class='ocrx_word' id='word_1_711' title='bbox 2331 4366 2530 4418; x_wconf 84' lang='lat' dir='ltr'><strong>mortis.</strong></span> <span class='ocrx_word' id='word_1_712' title='bbox 2573 4363 2713 4417; x_wconf 91' lang='lat' dir='ltr'><strong>Loco</strong></span> <span class='ocrx_word' id='word_1_713' title='bbox 2760 4363 2920 4423; x_wconf 87' lang='lat' dir='ltr'><strong>illius,</strong></span> <span class='ocrx_word' id='word_1_714' title='bbox 2968 4361 3256 4415; x_wconf 77' lang='lat' dir='ltr'><strong>Posuerunt</strong></span> 
     </span>
    </p>
   </div>
   <div class='ocr_carea' id='block_1_92' title="bbox 119 4451 1648 4537">
    <p class='ocr_par' dir='ltr' id='par_1_92' title="bbox 119 4461 1634 4536">
     <span class='ocr_line' id='line_1_92' title="bbox 119 4461 1634 4536; baseline 0.001 -23"><span class='ocrx_word' id='word_1_715' title='bbox 119 4461 536 4528; x_wconf 79' lang='grc' dir='ltr'>Ἀκύλας-,Ἔθου</span> <span class='ocrx_word' id='word_1_716' title='bbox 561 4482 656 4532; x_wconf 83' lang='grc' dir='ltr'><strong>με,</strong></span> <span class='ocrx_word' id='word_1_717' title='bbox 684 4467 712 4518; x_wconf 94' lang='lat'><strong>6</strong></span> <span class='ocrx_word' id='word_1_718' title='bbox 744 4466 799 4518; x_wconf 85' lang='grc' dir='ltr'><strong>δὲ</strong></span> <span class='ocrx_word' id='word_1_719' title='bbox 820 4464 1386 4536; x_wconf 74' lang='grc' dir='ltr'>Σύμμαχος,Ἐταεάς</span> <span class='ocrx_word' id='word_1_720' title='bbox 1410 4481 1504 4533; x_wconf 83' lang='grc' dir='ltr'><strong>με,</strong></span> <span class='ocrx_word' id='word_1_721' title='bbox 1546 4465 1634 4516; x_wconf 81' lang='grc' dir='ltr'><strong>ὲκ-</strong></span> 
     </span>
    </p>
   </div>
   <div class='ocr_carea' id='block_1_93' title="bbox 1742 4451 3256 4537">
    <p class='ocr_par' dir='ltr' id='par_1_93' title="bbox 1742 4451 3256 4527">
     <span class='ocr_line' id='line_1_93' title="bbox 1742 4451 3256 4527; baseline -0.007 -15"><span class='ocrx_word' id='word_1_722' title='bbox 1742 4475 1834 4520; x_wconf 83' lang='lat' dir='ltr'><strong>me,</strong></span> <span class='ocrx_word' id='word_1_723' title='bbox 1876 4458 2085 4527; x_wconf 79' lang='lat' dir='ltr'><strong>Aquila,</strong></span> <span class='ocrx_word' id='word_1_724' title='bbox 2123 4455 2354 4511; x_wconf 85' lang='lat' dir='ltr'><strong>Posuisti</strong></span> <span class='ocrx_word' id='word_1_725' title='bbox 2390 4471 2468 4507; x_wconf 87' lang='lat' dir='ltr'><strong>me</strong></span> <span class='ocrx_word' id='word_1_726' title='bbox 2482 4470 2499 4516; x_wconf 87' lang='lat'><strong><em>;</em></strong></span> <span class='ocrx_word' id='word_1_727' title='bbox 2556 4451 2903 4523; x_wconf 83' lang='lat' dir='ltr'><strong>Symmachus</strong></span> <span class='ocrx_word' id='word_1_728' title='bbox 2940 4466 3087 4517; x_wconf 82' lang='lat' dir='ltr'><strong>vero,</strong></span> <span class='ocrx_word' id='word_1_729' title='bbox 3140 4451 3256 4504; x_wconf 86' lang='lat' dir='ltr'><strong>Sta-</strong></span> 
     </span>
    </p>
   </div>
   <div class='ocr_carea' id='block_1_94' title="bbox 107 4550 1638 4627">
    <p class='ocr_par' dir='ltr' id='par_1_94' title="bbox 107 4550 1638 4627">
     <span class='ocr_line' id='line_1_94' title="bbox 107 4550 1638 4627; baseline 0.001 -23"><span class='ocrx_word' id='word_1_730' title='bbox 107 4552 372 4608; x_wconf 76' lang='grc' dir='ltr'>δεδώκασι.</span> <span class='ocrx_word' id='word_1_731' title='bbox 404 4558 482 4608; x_wconf 85' lang='grc' dir='ltr'><strong>Δι’</strong></span> <span class='ocrx_word' id='word_1_732' title='bbox 503 4550 576 4609; x_wconf 80' lang='grc' dir='ltr'>ὧν</span> <span class='ocrx_word' id='word_1_733' title='bbox 602 4557 936 4627; x_wconf 85' lang='grc' dir='ltr'>παρίστησιν,</span> <span class='ocrx_word' id='word_1_734' title='bbox 959 4558 1039 4608; x_wconf 84' lang='grc' dir='ltr'>ὅτι</span> <span class='ocrx_word' id='word_1_735' title='bbox 1064 4555 1285 4624; x_wconf 85' lang='grc' dir='ltr'>νεύματι</span> <span class='ocrx_word' id='word_1_736' title='bbox 1313 4553 1404 4606; x_wconf 81' lang='grc' dir='ltr'>τοῦ</span> <span class='ocrx_word' id='word_1_737' title='bbox 1433 4554 1638 4624; x_wconf 58' lang='lat' dir='ltr'><strong>Ila-:96;</strong></span> 
     </span>
    </p>
   </div>
   <div class='ocr_carea' id='block_1_95' title="bbox 107 4644 1639 4721">
    <p class='ocr_par' dir='ltr' id='par_1_95' title="bbox 107 4644 1639 4721">
     <span class='ocr_line' id='line_1_95' title="bbox 107 4644 1639 4721; baseline -0.003 -23"><span class='ocrx_word' id='word_1_738' title='bbox 107 4649 190 4700; x_wconf 75' lang='grc' dir='ltr'>καὶ</span> <span class='ocrx_word' id='word_1_739' title='bbox 219 4648 400 4721; x_wconf 78' lang='grc' dir='ltr'>βουλῇ,</span> <span class='ocrx_word' id='word_1_740' title='bbox 434 4649 529 4718; x_wconf 83' lang='grc' dir='ltr'>οὐχ</span> <span class='ocrx_word' id='word_1_741' title='bbox 569 4648 752 4711; x_wconf 82' lang='grc' dir='ltr'>ἁπλῶς</span> <span class='ocrx_word' id='word_1_742' title='bbox 779 4649 858 4709; x_wconf 78' lang='grc' dir='ltr'><strong>είς</strong></span> <span class='ocrx_word' id='word_1_743' title='bbox 894 4647 983 4699; x_wconf 81' lang='grc' dir='ltr'>τὸν</span> <span class='ocrx_word' id='word_1_744' title='bbox 1013 4646 1254 4708; x_wconf 81' lang='grc' dir='ltr'>θάνατον,</span> <span class='ocrx_word' id='word_1_745' title='bbox 1297 4644 1413 4696; x_wconf 81' lang='grc' dir='ltr'><strong>οὐδὲ</strong></span> <span class='ocrx_word' id='word_1_746' title='bbox 1445 4646 1523 4706; x_wconf 77' lang='grc' dir='ltr'><strong>είς</strong></span> <span class='ocrx_word' id='word_1_747' title='bbox 1550 4644 1639 4695; x_wconf 83' lang='grc' dir='ltr'>τὸν</span> 
     </span>
    </p>
   </div>
   <div class='ocr_carea' id='block_1_96' title="bbox 108 4732 1640 4811">
    <p class='ocr_par' dir='ltr' id='par_1_96' title="bbox 108 4732 1640 4811">
     <span class='ocr_line' id='line_1_96' title="bbox 108 4732 1640 4811; baseline -0.003 -20"><span class='ocrx_word' id='word_1_748' title='bbox 108 4736 224 4811; x_wconf 64' lang='grc' dir='ltr'>ᾅδην</span> <span class='ocrx_word' id='word_1_749' title='bbox 267 4742 362 4795; x_wconf 75' lang='grc' dir='ltr'>καὶ</span> <span class='ocrx_word' id='word_1_750' title='bbox 403 4740 492 4794; x_wconf 78' lang='grc' dir='ltr'>τὸν</span> <span class='ocrx_word' id='word_1_751' title='bbox 523 4739 844 4809; x_wconf 86' lang='grc' dir='ltr'>καλούμενον</span> <span class='ocrx_word' id='word_1_752' title='bbox 867 4739 1065 4792; x_wconf 81' lang='grc' dir='ltr'>λάκκον</span> <span class='ocrx_word' id='word_1_753' title='bbox 1094 4732 1640 4805; x_wconf 55' lang='grc' dir='ltr'>κατελήλυθεννάλλὰ</span> 
     </span>
    </p>
   </div>
   <div class='ocr_carea' id='block_1_97' title="bbox 105 4822 1635 4902">
    <p class='ocr_par' dir='ltr' id='par_1_97' title="bbox 105 4822 1635 4902">
     <span class='ocr_line' id='line_1_97' title="bbox 105 4822 1635 4902; baseline -0.006 -19"><span class='ocrx_word' id='word_1_754' title='bbox 105 4830 186 4883; x_wconf 79' lang='grc' dir='ltr'>καὶ</span> <span class='ocrx_word' id='word_1_755' title='bbox 215 4834 294 4895; x_wconf 73' lang='grc' dir='ltr'><strong>εις</strong></span> <span class='ocrx_word' id='word_1_756' title='bbox 317 4832 384 4884; x_wconf 75' lang='grc' dir='ltr'>τὰ</span> <span class='ocrx_word' id='word_1_757' title='bbox 404 4831 674 4902; x_wconf 80' lang='grc' dir='ltr'>βαθύτατα</span> <span class='ocrx_word' id='word_1_758' title='bbox 696 4830 787 4882; x_wconf 78' lang='grc' dir='ltr'>καὶ</span> <span class='ocrx_word' id='word_1_759' title='bbox 811 4830 878 4882; x_wconf 86' lang='grc' dir='ltr'>τὰ</span> <span class='ocrx_word' id='word_1_760' title='bbox 904 4825 1185 4880; x_wconf 82' lang='grc' dir='ltr'>κατώτατα</span> <span class='ocrx_word' id='word_1_761' title='bbox 1213 4825 1303 4877; x_wconf 78' lang='grc' dir='ltr'>καὶ</span> <span class='ocrx_word' id='word_1_762' title='bbox 1324 4822 1392 4875; x_wconf 85' lang='grc' dir='ltr'>τὰ</span> <span class='ocrx_word' id='word_1_763' title='bbox 1419 4823 1635 4892; x_wconf 74' lang='grc' dir='ltr'>ἔσχατα,</span> 
     </span>
    </p>
   </div>
   <div class='ocr_carea' id='block_1_98' title="bbox 103 4910 1629 4986">
    <p class='ocr_par' dir='ltr' id='par_1_98' title="bbox 103 4910 1629 4986">
     <span class='ocr_line' id='line_1_98' title="bbox 103 4910 1629 4986; baseline -0.003 -18"><span class='ocrx_word' id='word_1_764' title='bbox 103 4918 165 4979; x_wconf 78' lang='grc' dir='ltr'>ὡς</span> <span class='ocrx_word' id='word_1_765' title='bbox 189 4918 250 4970; x_wconf 72' lang='grc' dir='ltr'>ἂν</span> <span class='ocrx_word' id='word_1_766' title='bbox 279 4919 422 4972; x_wconf 76' lang='grc' dir='ltr'>εἴποι</span> <span class='ocrx_word' id='word_1_767' title='bbox 449 4937 549 4982; x_wconf 90' lang='grc' dir='ltr'>τις,</span> <span class='ocrx_word' id='word_1_768' title='bbox 572 4917 678 4972; x_wconf 82' lang='grc' dir='ltr'>τῶν</span> <span class='ocrx_word' id='word_1_769' title='bbox 707 4919 820 4970; x_wconf 73' lang='grc' dir='ltr'>ἐκεῖ</span> <span class='ocrx_word' id='word_1_770' title='bbox 847 4916 1071 4986; x_wconf 78' lang='grc' dir='ltr'>χωρίων.</span> <span class='ocrx_word' id='word_1_771' title='bbox 1107 4913 1402 4983; x_wconf 80' lang='grc' dir='ltr'>Παρίστησι</span> <span class='ocrx_word' id='word_1_772' title='bbox 1427 4911 1481 4963; x_wconf 79' lang='grc' dir='ltr'><strong>δὲ</strong></span> <span class='ocrx_word' id='word_1_773' title='bbox 1508 4910 1629 4964; x_wconf 79' lang='grc' dir='ltr'>τοῦ·</span> 
     </span>
    </p>
   </div>
   <div class='ocr_carea' id='block_1_99' title="bbox 102 5002 1628 5076">
    <p class='ocr_par' dir='ltr' id='par_1_99' title="bbox 102 5002 1628 5076">
     <span class='ocr_line' id='line_1_99' title="bbox 102 5002 1628 5076; baseline -0.004 -17"><span class='ocrx_word' id='word_1_774' title='bbox 102 5025 153 5059; x_wconf 85' lang='grc' dir='ltr'>το</span> <span class='ocrx_word' id='word_1_775' title='bbox 180 5009 268 5062; x_wconf 76' lang='grc' dir='ltr'>καὶ</span> <span class='ocrx_word' id='word_1_776' title='bbox 303 5009 460 5072; x_wconf 80' lang='grc' dir='ltr'>αὐτὸς</span> <span class='ocrx_word' id='word_1_777' title='bbox 501 5011 558 5062; x_wconf 80' lang='grc' dir='ltr'>ὲν</span> <span class='ocrx_word' id='word_1_778' title='bbox 605 5011 714 5072; x_wconf 78' lang='grc' dir='ltr'>τοῖς</span> <span class='ocrx_word' id='word_1_779' title='bbox 746 5006 1087 5076; x_wconf 71' lang='grc' dir='ltr'>Εὐαγγελίοις</span> <span class='ocrx_word' id='word_1_780' title='bbox 1123 5005 1357 5072; x_wconf 71' lang='grc' dir='ltr'>φάσκωνσ</span> <span class='ocrx_word' id='word_1_781' title='bbox 1403 5002 1498 5054; x_wconf 84' lang='grc' dir='ltr'>Δεῖ</span> <span class='ocrx_word' id='word_1_782' title='bbox 1522 5002 1628 5054; x_wconf 80' lang='grc' dir='ltr'><strong>τὸν</strong></span> 
     </span>
    </p>
   </div>
   <div class='ocr_carea' id='block_1_100' title="bbox 110 5093 1625 5170">
    <p class='ocr_par' dir='ltr' id='par_1_100' title="bbox 110 5093 1625 5170">
     <span class='ocr_line' id='line_1_100' title="bbox 110 5093 1625 5170; baseline -0.001 -18"><span class='ocrx_word' id='word_1_783' title='bbox 110 5101 231 5154; x_wconf 60' lang='lat'><strong>7767-</strong></span> <span class='ocrx_word' id='word_1_784' title='bbox 255 5102 362 5155; x_wconf 85' lang='grc' dir='ltr'>τοῦ</span> <span class='ocrx_word' id='word_1_785' title='bbox 387 5100 693 5170; x_wconf 73' lang='grc' dir='ltr'><strong>ἀνθρώπου</strong></span> <span class='ocrx_word' id='word_1_786' title='bbox 711 5100 952 5168; x_wconf 79' lang='grc' dir='ltr'>ποιῆσαι</span> <span class='ocrx_word' id='word_1_787' title='bbox 977 5101 1044 5152; x_wconf 83' lang='grc' dir='ltr'><strong>ἐν</strong></span> <span class='ocrx_word' id='word_1_788' title='bbox 1066 5096 1140 5164; x_wconf 77' lang='grc' dir='ltr'>τῇ</span> <span class='ocrx_word' id='word_1_789' title='bbox 1154 5095 1359 5163; x_wconf 80' lang='grc' dir='ltr'>καρδίᾳ</span> <span class='ocrx_word' id='word_1_790' title='bbox 1385 5094 1492 5162; x_wconf 83' lang='grc' dir='ltr'>τῆς</span> <span class='ocrx_word' id='word_1_791' title='bbox 1515 5093 1625 5162; x_wconf 72' lang='grc' dir='ltr'>τῆς</span> 
     </span>
    </p>
   </div>
   <div class='ocr_carea' id='block_1_101' title="bbox 105 5183 1622 5260">
    <p class='ocr_par' dir='ltr' id='par_1_101' title="bbox 105 5183 1622 5260">
     <span class='ocr_line' id='line_1_101' title="bbox 105 5183 1622 5260; baseline -0.003 -18"><span class='ocrx_word' id='word_1_792' title='bbox 105 5191 242 5257; x_wconf 82' lang='grc' dir='ltr'>τρεῖς</span> <span class='ocrx_word' id='word_1_793' title='bbox 273 5190 494 5260; x_wconf 75' lang='grc' dir='ltr'>ἡμέρας</span> <span class='ocrx_word' id='word_1_794' title='bbox 538 5192 634 5245; x_wconf 75' lang='grc' dir='ltr'>καὶ</span> <span class='ocrx_word' id='word_1_795' title='bbox 668 5192 822 5259; x_wconf 81' lang='grc' dir='ltr'>τρεῖς</span> <span class='ocrx_word' id='word_1_796' title='bbox 862 5192 1100 5254; x_wconf 83' lang='grc' dir='ltr'>νύκτας.</span> <span class='ocrx_word' id='word_1_797' title='bbox 1148 5187 1287 5239; x_wconf 76' lang='grc' dir='ltr'>Ἀντὶ</span> <span class='ocrx_word' id='word_1_798' title='bbox 1317 5185 1371 5236; x_wconf 85' lang='grc' dir='ltr'><strong>δὲ</strong></span> <span class='ocrx_word' id='word_1_799' title='bbox 1409 5183 1523 5248; x_wconf 85' lang='grc' dir='ltr'>τοῦ,</span> <span class='ocrx_word' id='word_1_800' title='bbox 1553 5185 1622 5238; x_wconf 87' lang='grc' dir='ltr'><strong>ἐν</strong></span> 
     </span>
    </p>
   </div>
   <div class='ocr_carea' id='block_1_102' title="bbox 104 5274 1627 5348">
    <p class='ocr_par' dir='ltr' id='par_1_102' title="bbox 104 5274 1627 5348">
     <span class='ocr_line' id='line_1_102' title="bbox 104 5274 1627 5348; baseline -0.005 -16"><span class='ocrx_word' id='word_1_801' title='bbox 104 5281 434 5347; x_wconf 77' lang='grc' dir='ltr'>σκοτεινοῖς,</span> <span class='ocrx_word' id='word_1_802' title='bbox 469 5281 568 5334; x_wconf 78' lang='grc' dir='ltr'>καὶ</span> <span class='ocrx_word' id='word_1_803' title='bbox 598 5282 665 5335; x_wconf 87' lang='grc' dir='ltr'><strong>ὲν</strong></span> <span class='ocrx_word' id='word_1_804' title='bbox 693 5278 832 5348; x_wconf 80' lang='grc' dir='ltr'>σκιᾷ</span> <span class='ocrx_word' id='word_1_805' title='bbox 868 5279 1137 5340; x_wconf 86' lang='grc' dir='ltr'>θανάτου,</span> <span class='ocrx_word' id='word_1_806' title='bbox 1186 5278 1214 5328; x_wconf 90' lang='lat'><strong>6</strong></span> <span class='ocrx_word' id='word_1_807' title='bbox 1276 5274 1518 5337; x_wconf 81' lang='grc' dir='ltr'>Ἀκύλας,</span> <span class='ocrx_word' id='word_1_808' title='bbox 1558 5275 1627 5326; x_wconf 85' lang='grc' dir='ltr'><strong>ἐν</strong></span> 
     </span>
    </p>
   </div>
   <div class='ocr_carea' id='block_1_103' title="bbox 104 5365 1628 5440">
    <p class='ocr_par' dir='ltr' id='par_1_103' title="bbox 104 5365 1628 5440">
     <span class='ocr_line' id='line_1_103' title="bbox 104 5365 1628 5440; baseline -0.009 -13"><span class='ocrx_word' id='word_1_809' title='bbox 104 5372 431 5439; x_wconf 72' lang='grc' dir='ltr'>σκοτεινοῖς,</span> <span class='ocrx_word' id='word_1_810' title='bbox 488 5373 637 5440; x_wconf 79' lang='grc' dir='ltr'>φησὶ,</span> <span class='ocrx_word' id='word_1_811' title='bbox 690 5372 788 5425; x_wconf 79' lang='grc' dir='ltr'>καὶ</span> <span class='ocrx_word' id='word_1_812' title='bbox 828 5373 896 5424; x_wconf 80' lang='grc' dir='ltr'><strong>ἐν</strong></span> <span class='ocrx_word' id='word_1_813' title='bbox 921 5368 1146 5435; x_wconf 80' lang='grc' dir='ltr'><strong>βυθοῖς·</strong></span> <span class='ocrx_word' id='word_1_814' title='bbox 1177 5370 1204 5420; x_wconf 86' lang='grc' dir='ltr'>ὁ</span> <span class='ocrx_word' id='word_1_815' title='bbox 1236 5366 1290 5418; x_wconf 83' lang='grc' dir='ltr'><strong>δὲ</strong></span> <span class='ocrx_word' id='word_1_816' title='bbox 1318 5365 1628 5435; x_wconf 73' lang='grc' dir='ltr'>Σύμμαχος,</span> 
     </span>
    </p>
   </div>
   <div class='ocr_carea' id='block_1_104' title="bbox 104 5455 1622 5530">
    <p class='ocr_par' dir='ltr' id='par_1_104' title="bbox 104 5455 1622 5530">
     <span class='ocr_line' id='line_1_104' title="bbox 104 5455 1622 5530; baseline -0.009 -13"><span class='ocrx_word' id='word_1_817' title='bbox 104 5463 494 5530; x_wconf 70' lang='grc' dir='ltr'>ἐνσκοτεινοῖς</span> <span class='ocrx_word' id='word_1_818' title='bbox 522 5462 983 5530; x_wconf 69' lang='grc' dir='ltr'>ἐσκεπασμένον·</span> <span class='ocrx_word' id='word_1_819' title='bbox 1014 5461 1046 5530; x_wconf 76' lang='grc' dir='ltr'>ἡ</span> <span class='ocrx_word' id='word_1_820' title='bbox 1075 5460 1129 5512; x_wconf 86' lang='grc' dir='ltr'><strong>δὲ</strong></span> <span class='ocrx_word' id='word_1_821' title='bbox 1156 5459 1372 5526; x_wconf 84' lang='grc' dir='ltr'>πέμπτη</span> <span class='ocrx_word' id='word_1_822' title='bbox 1400 5455 1622 5518; x_wconf 79' lang='grc' dir='ltr'>ἐκδοσις,</span> 
     </span>
    </p>
   </div>
   <div class='ocr_carea' id='block_1_105' title="bbox 106 5545 1626 5619">
    <p class='ocr_par' dir='ltr' id='par_1_105' title="bbox 106 5545 1626 5619">
     <span class='ocr_line' id='line_1_105' title="bbox 106 5545 1626 5619; baseline -0.012 -7"><span class='ocrx_word' id='word_1_823' title='bbox 106 5552 165 5604; x_wconf 71' lang='grc' dir='ltr'><strong>ἐν</strong></span> <span class='ocrx_word' id='word_1_824' title='bbox 185 5552 526 5619; x_wconf 78' lang='grc' dir='ltr'>σκοτεινοῖς,</span> <span class='ocrx_word' id='word_1_825' title='bbox 563 5552 631 5605; x_wconf 77' lang='grc' dir='ltr'><strong>ἐν</strong></span> <span class='ocrx_word' id='word_1_826' title='bbox 660 5551 1021 5616; x_wconf 80' lang='grc' dir='ltr'>καταδύτοις.</span> <span class='ocrx_word' id='word_1_827' title='bbox 1052 5547 1231 5600; x_wconf 77' lang='grc' dir='ltr'>-Τοῦτο</span> <span class='ocrx_word' id='word_1_828' title='bbox 1253 5545 1308 5598; x_wconf 84' lang='grc' dir='ltr'><em>δέ</em></span> <span class='ocrx_word' id='word_1_829' title='bbox 1339 5562 1426 5614; x_wconf 89' lang='grc' dir='ltr'>μοι</span> <span class='ocrx_word' id='word_1_830' title='bbox 1453 5560 1626 5614; x_wconf 85' lang='grc' dir='ltr'>παρα-</span> 
     </span>
    </p>
   </div>
   <div class='ocr_carea' id='block_1_106' title="bbox 1735 4542 3257 4610">
    <p class='ocr_par' dir='ltr' id='par_1_106' title="bbox 1735 4542 3257 4610">
     <span class='ocr_line' id='line_1_106' title="bbox 1735 4542 3257 4610; baseline -0.005 -8"><span class='ocrx_word' id='word_1_831' title='bbox 1735 4551 1880 4603; x_wconf 81' lang='lat' dir='ltr'><strong>tuisti</strong></span> <span class='ocrx_word' id='word_1_832' title='bbox 1909 4565 2007 4610; x_wconf 69' lang='lat' dir='ltr'><strong>me,</strong></span> <span class='ocrx_word' id='word_1_833' title='bbox 2036 4548 2333 4602; x_wconf 87' lang='lat' dir='ltr'><strong>ediderunt.</strong></span> <span class='ocrx_word' id='word_1_834' title='bbox 2373 4543 2534 4608; x_wconf 84' lang='lat' dir='ltr'><strong>Queis</strong></span> <span class='ocrx_word' id='word_1_835' title='bbox 2565 4542 2799 4595; x_wconf 89' lang='lat' dir='ltr'><strong>declarat</strong></span> <span class='ocrx_word' id='word_1_836' title='bbox 2847 4556 2903 4595; x_wconf 87' lang='lat' dir='ltr'><strong>se</strong></span> <span class='ocrx_word' id='word_1_837' title='bbox 2935 4557 3000 4595; x_wconf 68' lang='lat' dir='ltr'><strong>ex</strong></span> <span class='ocrx_word' id='word_1_838' title='bbox 3040 4549 3172 4595; x_wconf 89' lang='lat' dir='ltr'><strong>nutu</strong></span> <span class='ocrx_word' id='word_1_839' title='bbox 3204 4551 3257 4595; x_wconf 77' lang='lat' dir='ltr'><strong>et</strong></span> 
     </span>
    </p>
   </div>
   <div class='ocr_carea' id='block_1_107' title="bbox 1731 4631 3257 4698">
    <p class='ocr_par' dir='ltr' id='par_1_107' title="bbox 1731 4631 3257 4698">
     <span class='ocr_line' id='line_1_107' title="bbox 1731 4631 3257 4698; baseline -0.007 -4"><span class='ocrx_word' id='word_1_840' title='bbox 1731 4640 2001 4694; x_wconf 86' lang='lat' dir='ltr'><strong>voluntate</strong></span> <span class='ocrx_word' id='word_1_841' title='bbox 2042 4636 2238 4698; x_wconf 82' lang='lat' dir='ltr'><strong>Patris,</strong></span> <span class='ocrx_word' id='word_1_842' title='bbox 2285 4649 2391 4688; x_wconf 90' lang='lat' dir='ltr'><strong>non</strong></span> <span class='ocrx_word' id='word_1_843' title='bbox 2439 4632 2596 4685; x_wconf 86' lang='lat' dir='ltr'><strong>modo</strong></span> <span class='ocrx_word' id='word_1_844' title='bbox 2643 4631 2699 4684; x_wconf 89' lang='lat' dir='ltr'><strong>in</strong></span> <span class='ocrx_word' id='word_1_845' title='bbox 2744 4641 3003 4695; x_wconf 84' lang='lat' dir='ltr'><strong>mortem,</strong></span> <span class='ocrx_word' id='word_1_846' title='bbox 3062 4632 3114 4685; x_wconf 91' lang='lat' dir='ltr'><strong>in</strong></span> <span class='ocrx_word' id='word_1_847' title='bbox 3177 4633 3257 4684; x_wconf 84' lang='lat' dir='ltr'><strong>in-</strong></span> 
     </span>
    </p>
   </div>
   <div class='ocr_carea' id='block_1_108' title="bbox 1733 4722 3255 4786">
    <p class='ocr_par' dir='ltr' id='par_1_108' title="bbox 1733 4722 3255 4786">
     <span class='ocr_line' id='line_1_108' title="bbox 1733 4722 3255 4786; baseline -0.008 -1"><span class='ocrx_word' id='word_1_848' title='bbox 1733 4733 1936 4785; x_wconf 79' lang='lat' dir='ltr'><strong>fernum</strong></span> <span class='ocrx_word' id='word_1_849' title='bbox 1996 4734 2050 4781; x_wconf 86' lang='lat' dir='ltr'><strong>et</strong></span> <span class='ocrx_word' id='word_1_850' title='bbox 2110 4727 2166 4779; x_wconf 84' lang='lat' dir='ltr'><strong>in</strong></span> <span class='ocrx_word' id='word_1_851' title='bbox 2236 4730 2584 4778; x_wconf 83' lang='lat' dir='ltr'><strong>memoratum</strong></span> <span class='ocrx_word' id='word_1_852' title='bbox 2634 4722 2804 4775; x_wconf 87' lang='lat' dir='ltr'><strong>lacum</strong></span> <span class='ocrx_word' id='word_1_853' title='bbox 2875 4722 3255 4786; x_wconf 78' lang='lat' dir='ltr'><strong>descendisse;</strong></span> 
     </span>
    </p>
   </div>
   <div class='ocr_carea' id='block_1_109' title="bbox 1731 4810 3254 4882">
    <p class='ocr_par' dir='ltr' id='par_1_109' title="bbox 1731 4810 3254 4882">
     <span class='ocr_line' id='line_1_109' title="bbox 1731 4810 3254 4882; baseline -0.009 -8"><span class='ocrx_word' id='word_1_854' title='bbox 1731 4819 1821 4874; x_wconf 85' lang='lat' dir='ltr'><strong>sed</strong></span> <span class='ocrx_word' id='word_1_855' title='bbox 1846 4819 2021 4872; x_wconf 75' lang='lat' dir='ltr'><strong>etiam</strong></span> <span class='ocrx_word' id='word_1_856' title='bbox 2052 4815 2105 4868; x_wconf 90' lang='lat' dir='ltr'><strong>in</strong></span> <span class='ocrx_word' id='word_1_857' title='bbox 2144 4811 2586 4882; x_wconf 79' lang='lat' dir='ltr'><strong>profundissima,</strong></span> <span class='ocrx_word' id='word_1_858' title='bbox 2621 4810 2803 4864; x_wconf 87' lang='lat' dir='ltr'><strong>intima</strong></span> <span class='ocrx_word' id='word_1_859' title='bbox 2827 4818 2879 4863; x_wconf 89' lang='lat' dir='ltr'><strong>et</strong></span> <span class='ocrx_word' id='word_1_860' title='bbox 2908 4817 3168 4869; x_wconf 77' lang='lat' dir='ltr'><strong>extrema,</strong></span> <span class='ocrx_word' id='word_1_861' title='bbox 3195 4816 3254 4861; x_wconf 88' lang='lat' dir='ltr'><strong>ut</strong></span> 
     </span>
    </p>
   </div>
   <div class='ocr_carea' id='block_1_110' title="bbox 1729 4887 3258 4974">
    <p class='ocr_par' dir='ltr' id='par_1_110' title="bbox 1729 4887 3258 4974">
     <span class='ocr_line' id='line_1_110' title="bbox 1729 4887 3258 4974; baseline -0.007 -12"><span class='ocrx_word' id='word_1_862' title='bbox 1729 4910 1802 4962; x_wconf 86' lang='lat' dir='ltr'><strong>ita</strong></span> <span class='ocrx_word' id='word_1_863' title='bbox 1832 4905 2111 4967; x_wconf 89' lang='lat' dir='ltr'><strong>dicam,ibi</strong></span> <span class='ocrx_word' id='word_1_864' title='bbox 2135 4904 2306 4974; x_wconf 84' lang='lat' dir='ltr'><strong>posita</strong></span> <span class='ocrx_word' id='word_1_865' title='bbox 2340 4905 2478 4957; x_wconf 87' lang='lat' dir='ltr'><strong>loca.</strong></span> <span class='ocrx_word' id='word_1_866' title='bbox 2506 4899 2846 4971; x_wconf 86' lang='lat' dir='ltr'><strong>ldipsumque</strong></span> <span class='ocrx_word' id='word_1_867' title='bbox 2877 4903 2927 4955; x_wconf 89' lang='lat' dir='ltr'><strong>in</strong></span> <span class='ocrx_word' id='word_1_868' title='bbox 2954 4887 3258 4967; x_wconf 73' lang='lat' dir='ltr'><strong>Evangeliis</strong></span> 
     </span>
    </p>
   </div>
   <div class='ocr_carea' id='block_1_111' title="bbox 1729 4989 3259 5062">
    <p class='ocr_par' dir='ltr' id='par_1_111' title="bbox 1729 4989 3259 5062">
     <span class='ocr_line' id='line_1_111' title="bbox 1729 4989 3259 5062; baseline -0.006 -12"><span class='ocrx_word' id='word_1_869' title='bbox 1729 5001 1910 5050; x_wconf 89' lang='lat' dir='ltr'><strong>narrat</strong></span> <span class='ocrx_word' id='word_1_870' title='bbox 1942 4993 2027 5048; x_wconf 89' lang='lat' dir='ltr'><strong>his</strong></span> <span class='ocrx_word' id='word_1_871' title='bbox 2052 4992 2229 5047; x_wconf 85' lang='lat' dir='ltr'><strong>verbis</strong></span> <span class='ocrx_word' id='word_1_872' title='bbox 2256 5011 2268 5047; x_wconf 93' lang='lat'><strong>:</strong></span> <span class='ocrx_word' id='word_1_873' title='bbox 2303 4991 2511 5062; x_wconf 87' lang='lat' dir='ltr'><strong>Oportet</strong></span> <span class='ocrx_word' id='word_1_874' title='bbox 2544 4990 2743 5046; x_wconf 80' lang='lat' dir='ltr'><strong>Filium</strong></span> <span class='ocrx_word' id='word_1_875' title='bbox 2789 4989 3259 5053; x_wconf 69' lang='lat' dir='ltr'><strong>hominis,manere</strong></span> 
     </span>
    </p>
   </div>
   <div class='ocr_carea' id='block_1_112' title="bbox 1727 5075 3250 5140">
    <p class='ocr_par' dir='ltr' id='par_1_112' title="bbox 1727 5075 3250 5140">
     <span class='ocr_line' id='line_1_112' title="bbox 1727 5075 3250 5140; baseline -0.004 0"><span class='ocrx_word' id='word_1_876' title='bbox 1727 5089 1782 5140; x_wconf 76' lang='lat' dir='ltr'><strong>in</strong></span> <span class='ocrx_word' id='word_1_877' title='bbox 1814 5083 1964 5139; x_wconf 82' lang='lat' dir='ltr'><strong>corde</strong></span> <span class='ocrx_word' id='word_1_878' title='bbox 2007 5092 2155 5138; x_wconf 79' lang='lat' dir='ltr'><strong>teme</strong></span> <span class='ocrx_word' id='word_1_879' title='bbox 2199 5083 2366 5138; x_wconf 81' lang='lat' dir='ltr'><strong>tribus</strong></span> <span class='ocrx_word' id='word_1_880' title='bbox 2398 5083 2573 5138; x_wconf 82' lang='lat' dir='ltr'><strong>diebus</strong></span> <span class='ocrx_word' id='word_1_881' title='bbox 2618 5091 2668 5137; x_wconf 85' lang='lat' dir='ltr'><strong>et</strong></span> <span class='ocrx_word' id='word_1_882' title='bbox 2720 5081 2880 5134; x_wconf 72' lang='lat' dir='ltr'><strong>tribus</strong></span> <span class='ocrx_word' id='word_1_883' title='bbox 2923 5075 3154 5130; x_wconf 83' lang='lat' dir='ltr'><strong>noctibus</strong></span> <span class='ocrx_word' id='word_1_884' title='bbox 3182 5078 3250 5134; x_wconf 77' lang='lat'><strong>“.</strong></span> 
     </span>
    </p>
   </div>
   <div class='ocr_carea' id='block_1_113' title="bbox 1726 5168 3249 5241">
    <p class='ocr_par' dir='ltr' id='par_1_113' title="bbox 1726 5168 3249 5241">
     <span class='ocr_line' id='line_1_113' title="bbox 1726 5168 3249 5241; baseline -0.006 -10"><span class='ocrx_word' id='word_1_885' title='bbox 1726 5178 1829 5231; x_wconf 87' lang='lat' dir='ltr'><strong>Pro</strong></span> <span class='ocrx_word' id='word_1_886' title='bbox 1866 5176 1956 5229; x_wconf 88' lang='lat' dir='ltr'><strong>illo</strong></span> <span class='ocrx_word' id='word_1_887' title='bbox 1984 5183 2185 5241; x_wconf 86' lang='lat' dir='ltr'><strong>autem,</strong></span> <span class='ocrx_word' id='word_1_888' title='bbox 2216 5177 2269 5229; x_wconf 86' lang='lat' dir='ltr'><strong>in</strong></span> <span class='ocrx_word' id='word_1_889' title='bbox 2317 5175 2592 5229; x_wconf 84' lang='lat' dir='ltr'><strong>tenebrosis</strong></span> <span class='ocrx_word' id='word_1_890' title='bbox 2613 5169 2672 5228; x_wconf 78' lang='grc' dir='ltr'><strong>ἐι</strong></span> <span class='ocrx_word' id='word_1_891' title='bbox 2717 5173 2770 5225; x_wconf 82' lang='lat' dir='ltr'><strong>in</strong></span> <span class='ocrx_word' id='word_1_892' title='bbox 2814 5168 2997 5221; x_wconf 86' lang='lat' dir='ltr'><strong>umbra</strong></span> <span class='ocrx_word' id='word_1_893' title='bbox 3046 5169 3249 5230; x_wconf 82' lang='lat' dir='ltr'><strong>mortis,</strong></span> 
     </span>
    </p>
   </div>
   <div class='ocr_carea' id='block_1_114' title="bbox 1724 5255 3254 5338">
    <p class='ocr_par' dir='ltr' id='par_1_114' title="bbox 1724 5255 3254 5338">
     <span class='ocr_line' id='line_1_114' title="bbox 1724 5255 3254 5338; baseline -0.008 -16"><span class='ocrx_word' id='word_1_894' title='bbox 1724 5268 1911 5338; x_wconf 85' lang='lat' dir='ltr'><strong>Aquila</strong></span> <span class='ocrx_word' id='word_1_895' title='bbox 1939 5266 2017 5321; x_wconf 89' lang='lat' dir='ltr'><strong>sic</strong></span> <span class='ocrx_word' id='word_1_896' title='bbox 2040 5267 2219 5330; x_wconf 84' lang='lat' dir='ltr'><strong>habet,</strong></span> <span class='ocrx_word' id='word_1_897' title='bbox 2245 5267 2301 5319; x_wconf 84' lang='lat' dir='ltr'><strong>in</strong></span> <span class='ocrx_word' id='word_1_898' title='bbox 2324 5267 2598 5320; x_wconf 81' lang='lat' dir='ltr'><strong>tenebrosis</strong></span> <span class='ocrx_word' id='word_1_899' title='bbox 2619 5273 2667 5317; x_wconf 88' lang='lat' dir='ltr'><strong>et</strong></span> <span class='ocrx_word' id='word_1_900' title='bbox 2696 5263 2748 5314; x_wconf 81' lang='lat' dir='ltr'><strong>ia</strong></span> <span class='ocrx_word' id='word_1_901' title='bbox 2776 5257 3044 5329; x_wconf 73' lang='lat' dir='ltr'><strong>profundis</strong></span> <span class='ocrx_word' id='word_1_902' title='bbox 3065 5274 3083 5321; x_wconf 87' lang='lat'><em>;</em></span> <span class='ocrx_word' id='word_1_903' title='bbox 3103 5255 3254 5326; x_wconf 86' lang='lat' dir='ltr'><strong>Sym-</strong></span> 
     </span>
    </p>
   </div>
   <div class='ocr_carea' id='block_1_115' title="bbox 1725 5345 3249 5419">
    <p class='ocr_par' dir='ltr' id='par_1_115' title="bbox 1725 5345 3249 5419">
     <span class='ocr_line' id='line_1_115' title="bbox 1725 5345 3249 5419; baseline -0.007 -9"><span class='ocrx_word' id='word_1_904' title='bbox 1725 5357 1944 5410; x_wconf 87' lang='lat' dir='ltr'><strong>machus</strong></span> <span class='ocrx_word' id='word_1_905' title='bbox 1971 5371 2116 5419; x_wconf 85' lang='lat' dir='ltr'><strong>vero,</strong></span> <span class='ocrx_word' id='word_1_906' title='bbox 2143 5357 2196 5409; x_wconf 87' lang='lat' dir='ltr'><strong>in</strong></span> <span class='ocrx_word' id='word_1_907' title='bbox 2231 5355 2505 5408; x_wconf 82' lang='lat' dir='ltr'><strong>tenebrosis</strong></span> <span class='ocrx_word' id='word_1_908' title='bbox 2537 5352 2822 5410; x_wconf 82' lang='lat' dir='ltr'><strong>obtectum;</strong></span> <span class='ocrx_word' id='word_1_909' title='bbox 2852 5347 3035 5416; x_wconf 89' lang='lat' dir='ltr'><strong>quinta</strong></span> <span class='ocrx_word' id='word_1_910' title='bbox 3063 5345 3249 5412; x_wconf 81' lang='lat' dir='ltr'><strong>editio,</strong></span> 
     </span>
    </p>
   </div>
   <div class='ocr_carea' id='block_1_116' title="bbox 1721 5435 3250 5510">
    <p class='ocr_par' dir='ltr' id='par_1_116' title="bbox 1721 5435 3250 5510">
     <span class='ocr_line' id='line_1_116' title="bbox 1721 5435 3250 5510; baseline -0.008 -8"><span class='ocrx_word' id='word_1_911' title='bbox 1721 5450 1777 5502; x_wconf 74' lang='lat' dir='ltr'><strong>in</strong></span> <span class='ocrx_word' id='word_1_912' title='bbox 1803 5447 2100 5510; x_wconf 79' lang='lat' dir='ltr'><strong>tenebrosis,</strong></span> <span class='ocrx_word' id='word_1_913' title='bbox 2142 5449 2196 5501; x_wconf 82' lang='lat' dir='ltr'><strong>in</strong></span> <span class='ocrx_word' id='word_1_914' title='bbox 2224 5445 2489 5500; x_wconf 78' lang='lat' dir='ltr'><strong>latibulis.</strong></span> <span class='ocrx_word' id='word_1_915' title='bbox 2522 5441 2632 5495; x_wconf 83' lang='lat' dir='ltr'><strong>Hoc</strong></span> <span class='ocrx_word' id='word_1_916' title='bbox 2662 5448 2836 5493; x_wconf 89' lang='lat' dir='ltr'><strong>autem</strong></span> <span class='ocrx_word' id='word_1_917' title='bbox 2877 5435 3182 5491; x_wconf 87' lang='lat' dir='ltr'><strong>necessario</strong></span> <span class='ocrx_word' id='word_1_918' title='bbox 3215 5451 3250 5490; x_wconf 79' lang='grc' dir='ltr'><strong>ιι</strong></span> 
     </span>
    </p>
   </div>
   <div class='ocr_carea' id='block_1_117' title="bbox 1723 5527 3245 5605">
    <p class='ocr_par' dir='ltr' id='par_1_117' title="bbox 1723 5527 3245 5605">
     <span class='ocr_line' id='line_1_117' title="bbox 1723 5527 3245 5605; baseline -0.009 -9"><span class='ocrx_word' id='word_1_919' title='bbox 1723 5555 1810 5596; x_wconf 89' lang='lat' dir='ltr'><strong>me</strong></span> <span class='ocrx_word' id='word_1_920' title='bbox 1835 5539 2174 5595; x_wconf 79' lang='lat' dir='ltr'><strong>observatum</strong></span> <span class='ocrx_word' id='word_1_921' title='bbox 2216 5545 2319 5605; x_wconf 82' lang='lat' dir='ltr'><strong>est,</strong></span> <span class='ocrx_word' id='word_1_922' title='bbox 2365 5551 2432 5592; x_wconf 85' lang='lat' dir='ltr'><strong>ne</strong></span> <span class='ocrx_word' id='word_1_923' title='bbox 2460 5534 2581 5604; x_wconf 87' lang='lat' dir='ltr'><strong>quis</strong></span> <span class='ocrx_word' id='word_1_924' title='bbox 2630 5531 2931 5601; x_wconf 82' lang='lat' dir='ltr'><strong>suspicetur</strong></span> <span class='ocrx_word' id='word_1_925' title='bbox 2977 5528 3149 5596; x_wconf 87' lang='lat' dir='ltr'><strong>ipsum</strong></span> <span class='ocrx_word' id='word_1_926' title='bbox 3186 5527 3245 5582; x_wconf 87' lang='lat' dir='ltr'><strong>in</strong></span> 
     </span>
    </p>
   </div>
   <div class='ocr_carea' id='block_1_118' title="bbox 165 5696 1837 5771">
    <p class='ocr_par' dir='ltr' id='par_1_118' title="bbox 165 5696 1837 5771">
     <span class='ocr_line' id='line_1_118' title="bbox 165 5696 1837 5771; baseline -0.009 -9"><span class='ocrx_word' id='word_1_927' title='bbox 165 5707 207 5741; x_wconf 82' lang='lat'><strong>&quot;</strong></span> <span class='ocrx_word' id='word_1_928' title='bbox 239 5707 257 5761; x_wconf 90' lang='lat' dir='ltr'><strong>l</strong></span> <span class='ocrx_word' id='word_1_929' title='bbox 289 5707 414 5767; x_wconf 84' lang='lat' dir='ltr'><strong>Cor.</strong></span> <span class='ocrx_word' id='word_1_930' title='bbox 449 5721 535 5769; x_wconf 74' lang='lat' dir='ltr'><strong>sv,</strong></span> <span class='ocrx_word' id='word_1_931' title='bbox 567 5705 635 5769; x_wconf 77' lang='lat'><strong>3,</strong></span> <span class='ocrx_word' id='word_1_932' title='bbox 671 5705 722 5759; x_wconf 72' lang='grc'><strong>4.</strong></span> <span class='ocrx_word' id='word_1_933' title='bbox 797 5705 841 5737; x_wconf 77' lang='grc'>⁸³</span> <span class='ocrx_word' id='word_1_934' title='bbox 881 5703 978 5761; x_wconf 85' lang='lat' dir='ltr'><strong>lsa.</strong></span> <span class='ocrx_word' id='word_1_935' title='bbox 1018 5719 1144 5771; x_wconf 79' lang='lat' dir='ltr'><strong>Lm,</strong></span> <span class='ocrx_word' id='word_1_936' title='bbox 1175 5704 1225 5758; x_wconf 91' lang='lat'><strong>8.</strong></span> <span class='ocrx_word' id='word_1_937' title='bbox 1301 5702 1346 5735; x_wconf 74' lang='lat'><em>“</em></span> <span class='ocrx_word' id='word_1_938' title='bbox 1387 5698 1568 5754; x_wconf 77' lang='lat' dir='ltr'><strong>Matth.</strong></span> <span class='ocrx_word' id='word_1_939' title='bbox 1611 5713 1716 5760; x_wconf 78' lang='lat' dir='ltr'><strong>xu.</strong></span> <span class='ocrx_word' id='word_1_940' title='bbox 1752 5696 1837 5749; x_wconf 74' lang='grc'><strong>40.</strong></span> 
     </span>
    </p>
   </div>
  </div>
