3974 6354
720 412 858 468 1063

1334 408 1598 464 EUSEBII
1629 405 2097 463 CESARIENSIS
2131 408 2237 462 0P]

2335 407 2498 465 PARS
2531 397 2722 464 mil:
2752 399 3148 464 EXECETICA'.

3736 409 3846 465 1064

717 525 785 579 ad
824 523 1121 592 sepulcrum
1163 531 1215 576 et
1259 522 1333 590 (ί)
1367 523 1678 593 martyrium
1726 521 2020 576 Salvatoris
2074 524 2237 576 nostri

2343 523 2550 592 γνωσθῇ
2573 541 2585 553 ·
2634 525 2690 575 tv
2714 524 2767 576 δὲ
2794 524 2870 594 τῷ
2899 524 3163 595 σκότει,τά
3187 523 3454 594 θαυμάσιά
3482 542 3571 578 σου
3602 529 3847 599 κηρυχθῇ,

717 622 922 683 patrata
951 612 1471 676 sunt,lmirabilibus,
1501 613 1550 666 is
1588 627 1716 667 sane
1751 609 2110 681 deprehendet
2135 625 2244 680 quo

715 713 871 776 pacto
912 719 974 758 ea
1023 718 1140 772 quae
1171 705 1518 772 pramuntiata
1570 701 1778 757 fuerant
1801 715 1961 771 opere
1981 701 2246 770 completa

713 796 840 848 sint.
873 777 1246 848 Animadverte
1274 807 1432 862 porro
1456 800 1585 862 quot
1605 791 1830 847 diversis
1859 791 2031 846 modis
2049 791 2138 845 hic
2160 804 2245 845 re-

714 882 920 949 gionem
955 862 1143 936 mortis
1161 881 1406 948 explicet.
1433 879 1565 933 Nam
1595 882 1768 948 primo
1792 886 2031 934 mortuos
2055 887 2242 945 vocat;

713 968 968 1031 secundo,
992 969 1083 1038 qui
1114 968 1357 1021 habitant
1387 968 1442 1020 in
1476 968 1760 1035 sepulcro;
1790 967 1973 1029 tertio,
1999 966 2092 1033 qui
2119 973 2245 1020 sunt

711 1059 765 1112 in
795 1060 1121 1127 perditione;
1173 1066 1401 1127 quarto,
1429 1057 1521 1125 qui
1559 1057 1614 1109 in
1648 1056 1884 1110 tenebris
1920 1063 2240 1121 versantur;

709 1149 915 1217 quinto.
935 1149 1025 1215 qui
1051 1155 1176 1200 sunt
1201 1147 1254 1200 in
1285 1155 1426 1200 terra
1441 1143 1884 1200 oblivionilezec
1908 1145 2102 1215 quippe
2127 1160 2244 1199 om-

711 1251 801 1291 nza
845 1236 911 1291 de
959 1236 1146 1292 iisdem
1177 1235 1452 1302 enuntiat;
1491 1236 1642 1305 queis
1669 1235 1944 1288 hominum
1973 1223 2159 1290 amans
2186 1243 2240 1288 et

710 1327 970 1396 benignus
1024 1327 1161 1381 Deus
1208 1326 1468 1380 mirabilia
1501 1325 1835 1380 exhibiturus
1855 1325 2064 1378 eratzii
2092 1326 2240 1380 vide-

711 1417 836 1470 licet
869 1414 1307 1479 miscricordiam,
1331 1415 1606 1468 veritatem
1633 1422 1685 1469 et
1709 1414 1972 1483 justitiam
1995 1413 2087 1468 Dei
2103 1427 2241 1468 nar.-

711 1506 924 1559 rabuut.
956 1505 1071 1570 Qua
1101 1503 1302 1559 ratione
1329 1511 1504 1558 autem
1552 1503 1664 1559 hac
1701 1504 1944 1558 videlicet
1972 1504 2238 1558 mirabilia

709 1593 826 1657 Dei,
858 1594 1220 1649 misericordia
1241 1633 1254 1656 ,
1303 1595 1601 1649 veritas'et
1631 1593 1838 1663 justitia
1868 1594 1986 1662 ejus
2019 1593 2083 1647 ad
2117 1594 2238 1652 illos

710 1685 838 1738 olim
872 1693 1109 1739 mortuos
1133 1723 1148 1747 ,
1179 1683 1247 1737 ad
1295 1685 1540 1755 sepulcra
1563 1723 1580 1747 ,
1631 1684 1697 1737 ad
1729 1685 2079 1754 perditionem
2101 1723 2116 1747 ,
2167 1685 2233 1737 ad

709 1776 955 1830 tenebras
973 1786 1026 1829 et
1052 1776 1116 1830 ad
1145 1784 1342 1830 terram
1368 1774 1657 1829 oblivionis
1691 1776 2059 1844 pervenerint,
2094 1775 2234 1828 scire

2343 613 2400 666 tv
2419 629 2478 665 τε
2509 616 2572 683 τῇ
2603 613 2986 683 ἐπιλελησμένῃ
3015 616 3084 683 γῇ
3115 614 3148 683 ἡ
3191 613 3493 684 δικαιοσύνη
3529 631 3620 666 σου
3661 632 3847 685 μνημο·

2342 701 2521 772 νευθῇ.
2548 698 2608 754 Εἰ
2650 702 2706 755 δέ
2730 719 2809 763 τις
2839 702 2928 754 τὸν
2967 689 3087 754 νοῧν
3117 697 3415 772 ἐπιστήσειε
3441 706 3551 765 τοῖς
3565 703 3694 756 καθ’
3725 705 3849 773 ἡμᾶς

2344 792 2485 862 ἀμφὶ
2506 793 2566 844 τὸ
2583 793 2782 862 μνῆμα,
2815 793 2902 844 καὶ
2927 791 2986 844 τὸ
3017 791 3304 862 μαρτύριον
3329 791 3420 845 τοῦ
3447 793 3693 862 Σωτῆρος
3711 795 3849 864 ἡμῶν

2341 879 2715 932 ἐπιτελεσθεϊσι
2755 879 3086 948 θαυμασίοις,
3115 879 3321 949 ἀληθῶς
3361 880 3559 932 εἵσεται
3600 883 3745 942 ὅπως
3768 899 3848 937 πι-

2341 969 2613 1040 πλήρωται
2639 969 2814 1039 ἔργοις
2841 969 2908 1021 τὰ
2933 967 3340 1038 τεθεσπισμένα.
3381 971 3488 1023 Θέα
3519 970 3574 1023 δὲ
3617 970 3704 1024 διά
3747 973 3847 1024 τού·

2339 1076 2443 1112 των
2472 1059 2616 1120 ὅπως
2643 1059 2738 1128 τὴν
2773 1059 2830 1111 tv
2855 1057 2932 1127 τῷ
2967 1047 3178 1127 θανάτῳ
3207 1057 3385 1128 χώραν
3412 1058 3672 1129 διαφόρως
3701 1061 3847 1131 ἑρμη-

2338 1149 2494 1202 νεύει.
2511 1147 2726 1218 Πρῶτον
2745 1147 2840 1217 μὲν
2860 1148 3080 1218 νεκροὺς
3100 1147 3278 1215 σαφῶς
3293 1148 3596 1211 ἀποκαλῶν,
3624 1149 3845 1221 δεύτερον

2336 1239 2460 1302 τοὺς
2483 1240 2542 1291 tv
2565 1239 2735 1308 τάφῳ,
2756 1238 2934 1308 τρίτον
2964 1239 3086 1299 τοὺς
3110 1239 3166 1290 tv
3186 1238 3443 1308 ἀπωλείᾳ,
3467 1239 3721 1310 τέταρτον
3743 1243 3846 1302 τοὺς

2335 1330 2393 1380 tv
2439 1327 2644 1396 σκότῳ,
2693 1313 2934 1396 πέμπτον
2981 1327 3103 1389 τοὺς
3141 1329 3197 1379 tv
3241 1330 3303 1396 τῇ
3348 1328 3735 1402 ὲπιλελησμένῃ
3768 1333 3842 1399 γε.

2335 1417 2516 1470 Ταῦτα
2543 1417 2648 1486 γὰρ
2681 1418 2852 1472 πάντα
2880 1417 3005 1486 περὶ
3039 1417 3146 1470 τῶν
3188 1417 3364 1471 αὐτῶν
3412 1419 3755 1488 διεξέρχεται,
3780 1415 3846 1482 οἷς

2333 1507 2557 1578 ἤμελλεν
2581 1510 2609 1561 ὁ
2635 1507 2999 1578 φιλάνθρωπος
3018 1508 3109 1560 καί
3138 1508 3332 1575 ἀγαθὸς
3355 1509 3484 1572 Θεὸς
3509 1510 3770 1562 δεικνύναι
3794 1526 3844 1562 ts

2333 1599 2426 1650 καὶ
2451 1598 2701 1669 παρέχειν
2731 1600 2998 1668 θαυμάσια
3017 1613 3031 1628 ⁶
3079 1599 3140 1652 τὸ
3169 1600 3312 1662 ἕλεος
3339 1599 3500 1653 αὐτοῦ
3536 1600 3732 1670 δηλαδὴ
3763 1602 3845 1652 καὶ

2332 1687 2428 1756 τὴν
2470 1687 2719 1756 ἀλήθειαν
2760 1689 2852 1740 καὶ
2883 1690 2981 1758 τὴν
3025 1687 3355 1758 δικαιοσύνην
3378 1688 3470 1741 τοῦ
3512 1689 3644 1742 Θεοῦ
3669 1689 3839 1756 διηγή-

2335 1793 2528 1831 σονται.
2569 1779 2717 1831 Ἔστι
2737 1778 2792 1831 δὲ
2821 1779 3104 1847 ἐπιγνῶναι
3129 1781 3273 1843 ὅπως
3293 1779 3464 1833 πάντα
3494 1779 3685 1841 ταῦτα,
3721 1776 3842 1842 λέγω

711 1866 912 1930 licebit,
937 1854 985 1920 si
1012 1866 1305 1936 cogitemus
1348 1872 1480 1935 quot
1531 1865 1790 1920 bonorum
1820 1865 1977 1919 nobis
2003 1865 2130 1919 olim
2180 1866 2235 1919 in

2335 1867 2386 1918 δὲ
2412 1866 2478 1920 τὰ
2509 1867 2774 1938 θαυμάσια
2816 1869 2909 1922 τοῦ
2940 1868 3071 1922 Θεοῦ
3111 1869 3202 1923 καὶ
3231 1868 3290 1923 τὸ
3323 1869 3465 1930 ἔλεος
3495 1865 3674 1929 αὐτοῦ,
3701 1865 3841 1933 uti;

710 1969 882 2011 morte
911 1955 1271 2017 venantibus,
1305 1961 1493 2010 auctor
1521 1951 1681 2008 fuerit
1717 1951 1962 2007 Salvator
1983 1962 2038 2010 et
2065 1953 2237 2008 Domi-

2331 1957 2549 2026 ἀλήθεια
2576 1958 2758 2024 αὐτοῦ,
2793 1960 2884 2013 καὶ
2915 1961 2946 2031 ἡ
2977 1960 3277 2031 δικαιοσύνη
3309 1957 3467 2013 αὐτοῦ
3511 1956 3736 2026 ἔφθασεν
3765 1957 3844 2008 ἐπὶ

707 2060 811 2101 nus
836 2052 1034 2108 noster,
1057 2058 1284 2114 quorum
1313 2045 1482 2114 gratia
1517 2043 1574 2097 in
1597 2043 1686 2098 illa
1712 2044 1829 2097 loca
1853 2042 2148 2106 descendit,
2177 2051 2237 2098 ut

2335 2047 2454 2110 τοὺς
2482 2047 2644 2101 una:
2667 2051 2907 2120 νεκροὺς,
2949 2050 3042 2103 καὶ
3077 2051 3136 2102 tv
3158 2050 3365 2119 τάφοις,
3393 2048 3486 2101 καὶ
3515 2048 3575 2101 tv
3605 2045 3844 2116 ἀπωλείᾳ,

709 2149 816 2190 non
859 2136 995 2190 vivis
1025 2151 1034 2188 ι
1061 2134 1206 2199 ‘odo,
1252 2134 1345 2189 sed
1377 2134 1539 2189 etiam
1567 2135 1792 2189 mortuis
1823 2133 2191 2188 dominaretur
2219 2150 2234 2188 :

706 2239 832 2279 nam
865 2239 984 2292 qua:
1009 2237 1172 2278 causa
1221 2221 1379 2277 fuerit
1408 2221 1699 2278 descensus
1725 2223 1843 2292 ejus
1890 2223 1946 2277 in
1977 2222 2235 2291 mortemf,

709 2314 796 2367 hic
826 2311 1158 2381 apertissime
1185 2311 1474 2367 declaravit
1499 2331 1512 2368 :
1546 2329 1662 2383 qua:
1685 2312 1978 2368 secundum
2004 2327 2235 2382 evange-

708 2401 861 2455 listas
896 2412 1024 2453 tunc
1053 2401 1268 2470 impleta
1316 2410 1460 2466 sunt,
1497 2417 1619 2456 cum
1660 2397 1826 2455 multa
1850 2415 2075 2471 corpora
2104 2416 2234 2457 san-

709 2498 948 2554 ctorum,
989 2491 1080 2559 qui
1125 2489 1490 2556 dormierant,
1553 2499 1981 2558 resurrexerunt,
2013 2498 2066 2548 et
2108 2507 2231 2547 cum

705 2581 825 2649 ipso
861 2578 1134 2635 Salvatore
1163 2581 1218 2635 in
1247 2588 1486 2637 sanctam
1517 2580 1609 2636 Dei
1635 2581 1902 2638 civitatem
1925 2621 1942 2648 ,
1991 2582 2238 2638 videlicet

705 2670 761 2727 in
787 2671 928 2724 illam
957 2671 1248 2735 cmlestem,
1279 2672 1508 2741 ingressi
1539 2681 1684 2728 sunt.

2333 2137 2426 2190 καὶ
2448 2139 2506 2190 tv
2537 2139 2728 2208 σκότῳ,
2757 2140 2848 2193 καὶ
2881 2141 2939 2193 tv
2961 2144 3030 2211 γῇ
3072 2140 3478 2210 ὲπιλελησμένῃ,
3518 2139 3570 2191 εἰ
3607 2139 3847 2209 νοήσομεν

2337 2227 2476 2281 ὅσων
2520 2229 2734 2296 ἀγαθῶν
2770 2230 2934 2293 αῐτιος
2973 2231 3188 2298 γέγονεν
3235 2230 3264 2282 ὀ
3305 2227 3488 2299 Σωτὴρ
3535 2227 3628 2280 καὶ
3667 2227 3846 2297 Κύριος

2338 2316 2490 2386 ἡμῶν
2515 2318 2624 2380 τοῖς
2654 2316 2814 2370 πάλαι
2843 2318 2900 2369 tv
2922 2317 2997 2386 τῷ
3025 2315 3231 2385 θανάτῳ
3265 2315 3654 2385 γεγενημένοις,
3681 2315 3746 2367 δι’
3768 2313 3847 2374 οὓς

2336 2405 2429 2458 καὶ
2456 2407 2513 2459 tv
2543 2405 2766 2470 ἰκτίνοις
2795 2405 3137 2477 κατεληλύθει
3183 2407 3290 2469 τοῖς
3319 2405 3520 2468 τόποις,
3551 2405 3636 2457 ἴνα
3669 2404 3736 2474 μὴ
3763 2403 3846 2474 μό-

2335 2513 2421 2548 νον
2459 2495 2688 2561 ζώντων,
2721 2498 2854 2552 ἀλλά
2889 2497 2980 2551 καὶ
3003 2497 3206 2568 νεκρῶν
3235 2495 3509 2567 κυριεύσῃ.
3545 2493 3624 2545 Τὰ
3648 2492 3748 2560 γὰρ
3772 2489 3845 2542 αι-

2333 2602 2422 2641 τια
2464 2588 2563 2657 τῆς
2610 2587 2765 2659 μέχρι
2795 2588 2884 2641 τοῦ
2931 2589 3154 2643 θανάτου
3199 2587 3418 2642 καθόδου
3451 2583 3611 2639 αὑτοῦ
3649 2579 3847 2636 διάτῶν

2336 2677 2697 2747 προκειμένων
2723 2678 3001 2749 τηλαυγῶς
3021 2677 3373 2750 παρέστησεν·
3408 2677 3547 2746 ειπερ
3574 2670 3848 2743 ἐπληροῦτο

705 2762 839 2816 κατά
870 2763 991 2824 τοὺς
1029 2762 1427 2830 εύαγγελιστάς,
1459 2767 1547 2819 ὅτε
1593 2765 1761 2818 πολλά
1805 2765 2028 2834 σώματα
2070 2767 2474 2837 κεκοιμημένων
2526 2769 2691 2837 ἀγίων
2717 2771 3039 2842 ἠγέρθησαν,
3101 2771 3194 2826 καὶ
3231 2773 3326 2824 σὺν
3379 2770 3523 2840 αὺτῷ
3551 2768 3626 2838 τῷ
3657 2765 3846 2837 Σωτῆρι

703 2853 944 2923 εἰσῆλθον
976 2857 1052 2918 εἰς
1081 2861 1177 2927 τὴν
1221 2857 1376 2924 ἀγίαν
1422 2855 1572 2908 πόλιν
1597 2856 1690 2908 τοῦ
1727 2855 1880 2918 Θεοῦ,
1919 2854 2115 2925 δηλαδὴ
2141 2855 2237 2925 τὴν
2270 2858 2596 2928 ἐπουράνιον.

772 2949 934 3004 Vsns.
969 2948 1053 3003 is.
1088 2949 1152 3001 Et
1192 2965 1282 3018 ego
1314 2949 1381 3001 ad
1417 2959 1464 3002 te
1506 2949 1755 3012 clamaui,
1784 2958 1831 3002 et
1876 2964 2026 3003 mane
2065 2950 2235 3004 oratio

2410 2951 2510 3006 Καὶ
2539 2951 2651 3021 ἐγὼ
2680 2954 2826 3022 πρὸς
2848 2954 2921 3007 σὲ
2947 2953 3222 3022 κῦιιραξα,
3250 2950 3424 3006 καὶτὸ
3438 2951 3585 3020 πρωϊ
3612 2951 3650 3018 ἠ
3677 2961 3845 3018 προσ-

705 3057 819 3095 mea
855 3040 1122 3107 prwveniet
1171 3048 1237 3092 te.
1271 3038 1727 3120 Quemadmodum
1774 3033 1828 3092 in
1861 3038 2018 3092 titulo
2041 3039 2235 3108 psalmi

2335 3043 2481 3111 ευκή
2501 3061 2617 3112 μου
2640 3042 2960 3112 προρθάσει
2987 3059 3078 3097 σε.
3134 3044 3339 3112 Ὠσπερ
3372 3042 3430 3096 tv
3459 3040 3536 3110 τῷ
3563 3041 3647 3094 κα⁹
3669 3039 3848 3111 ψαλιμῇ

705 3150 818 3198 ιιι,
853 3133 943 3202 qui
976 3139 1156 3202 aperte
1184 3145 1247 3185 ex
1299 3118 1526 3200 persona
1559 3127 1849 3187 Salvatoris
1900 3134 2068 3187 nostri
2097 3148 2238 3203 ,ιιι-ο-

705 3223 909 3284 fertur,
956 3223 1182 3284 dicitur,
1230 3219 1334 3273 Pro
1367 3221 1682 3287 susceptione
1707 3223 1994 3288 matutina,
2023 3239 2131 3294 quo
2163 3240 2241 3280 re-

707 3313 969 3368 surrectio
1006 3311 1300 3365 Salvatoris
1347 3312 1560 3374 nostri,
1618 3327 1737 3381 quae
1788 3329 1945 3369 mane
1975 3316 2235 3385 contigit,

705 3401 1114 3467 subindicatur;
1161 3399 1390 3470 idipsum
1435 3400 1545 3468 jam
1592 3398 1675 3454 his
1723 3400 2014 3470 significari
2069 3411 2236 3472 puto,

705 3488 862 3542 Mane
889 3490 1057 3542 oratio
1085 3504 1197 3541 mea
1228 3488 1496 3556 prmia
1533 3497 1621 3542 te:
1659 3503 1766 3556 quo
1790 3489 2078 3556 indicatur,
2114 3505 2238 3546 ora-

701 3583 902 3636 tionem
931 3577 1222 3634 Salvatoris
1252 3593 1358 3632 non
1404 3579 1509 3630 alio
1555 3584 1796 3647 tempore
1826 3577 2069 3633 eﬂ‘ectum
2111 3595 2241 3635 con-

704 3678 943 3725 secutam
976 3683 1112 3729 esse.
1148 3669 1249 3720 nisi
1285 3669 1626 3722 illucescente
1655 3680 1846 3720 aurora
1881 3673 1933 3720 et
1965 3655 2240 3725 matutinis

705 3760 875 3822 horis,
907 3773 1028 3812 cum
1051 3758 1371 3812 resurrectio
1399 3766 1730 3810 mortuorum
1755 3754 2017 3811 accidisse
2049 3769 2237 3811 narra-

704 3859 814 3905 tur.
838 3848 1013 3917 Quare
1052 3864 1221 3918 neque
1253 3863 1502 3918 vespere,
1541 3863 1713 3916 neque
1752 3849 1974 3902 meridie
1997 3887 2012 3911 ,
2068 3863 2240 3917 neque

706 3943 812 3996 alio
839 3942 1066 4011 quodam
1102 3949 1356 4010 tempore,
1388 3942 1480 3995 sed
1531 3935 1723 4010 (Vsus.
1756 3940 1844 4010 15)
1883 3955 2034 3996 me
2069 3939 2238 3996 oratio

704 4050 820 4087 mea
845 4032 1110 4100 praveniet
1138 4041 1201 4084 te.
1248 4030 1464 4100 thuid,
1494 4029 1730 4093 Domine,
1776 4031 1977 4098 repellis
2009 4031 2240 4085 animm

706 4139 894 4184 meam,
927 4121 1111 4191 avertis
1147 4119 1331 4188 faciem
1360 4129 1502 4173 tuam
1530 4138 1562 4173 a
1592 4123 1715 4176 me?
1745 4121 1803 4174 In
1829 4121 2081 4175 vicesimo
2106 4135 2240 4191 quo-

703 4229 812 4283 que
844 4190 1025 4282 primo.
1065 4210 1314 4264 dicebat:
1361 4209 1532 4272 Deus,
1579 4209 1718 4264 Deus
1748 4227 1909 4273 metu,
1938 4190 2136 4280 respice
2185 4211 2240 4264 iit

708 4317 807 4363 me,
836 4315 992 4370 quare
1021 4314 1099 4352 me
1121 4297 1476 4365 dereliquisti?
1512 4295 1607 4350 Hic
1653 4307 1828 4353 autem
1857 4299 2006 4362 dicit,
2033 4295 2236 4368 utquid,

2339 3131 2522 3201 σαφῶς
2554 3134 2618 3186 ὲκ
2658 3131 2940 3203 προσώπου
2984 3133 3075 3186 τοῦ
3120 3132 3363 3202 Σωτῆρος
3401 3131 3554 3202 ἡμῶν
3594 3130 3846 3200 εἰρημένῳ

2336 3221 2473 3274 κατά
2490 3221 2584 3291 τὴν
2599 3221 2909 3292 προγραφὴν
2923 3221 3155 3286 λέλεκτο,
3180 3223 3192 3239 '
3204 3219 3478 3289 ruperit;
3495 3220 3845 3287 ἀντιλήψεως

2336 3307 2442 3376 τῆς
2465 3309 2724 3378 ἑωθινῆς,
2768 3309 2860 3362 τοῦ
2893 3310 3050 3392 λόγου
3075 3311 3174 3382 τὴν
3205 3311 3492 3364 ἀνάστασιν
3537 3310 3626 3365 τοῦ
3675 3309 3844 3377 Σωτῆ-

2339 3416 2429 3469 ρος
2468 3400 2620 3469 ήμῶν
2651 3401 3010 3475 αἰνιττομένου
3048 3400 3187 3454 κατά
3221 3400 3316 3472 τὴν
3357 3399 3578 3471 ἑωθινὴν
3601 3399 3740 3472 ὥραν
3764 3415 3847 3466 γε·

2337 3488 2634 3560 γενημένην
2653 3506 2666 3519 ο
2697 3489 2837 3543 οὕτω
2864 3490 2956 3543 καὶ
2985 3488 3079 3543 νῦν
3109 3489 3302 3543 ταύτὸν
3337 3489 3679 3562 ⁴ιτιμαίνεσθαι
3709 3484 3842 3557 ἠγοῦ-

2339 3593 2435 3646 μαι
2462 3577 2545 3630 διὰ
2573 3577 2780 3641 τούτου,
2818 3578 2971 3646 Πρωτ
2997 3579 3034 3646 ἠ
3062 3577 3364 3646 προσευχὴ
3395 3595 3508 3643 μου
3534 3575 3844 3647 expugnatio“

2335 3683 2426 3732 σε,
2471 3668 2748 3740 δηλοῦντος
2785 3669 2875 3723 τοῦ
2903 3670 3090 3737 λόγου,
3109 3670 3189 3722 ὅτι
3221 3667 3296 3739 μὴ
3329 3668 3467 3739 ἄλλῳ
3489 3668 3660 3740 καιρῷ
3674 3668 3740 3720 τὰ
3759 3667 3846 3734 τῆς

2338 3761 2634 3831 προσευχῆς
2655 3760 2745 3814 τοῦ
2779 3760 3021 3830 Σωτῆρος
3045 3761 3124 3820 εἰς
3146 3758 3279 3829 ἔργα
3311 3757 3504 3828 ἐχώρει
3531 3761 3564 3830 ἢ
3596 3758 3730 3812 κατά
3756 3758 3843 3826 τὴν

2337 3851 2409 3903 ἕω
2425 3851 2585 3904 καὶτὸ
2604 3851 2760 3922 πρωϊ,
2789 3852 2876 3904 ὅτι
2907 3851 2998 3904 καί
3013 3849 3079 3901 τὰ
3092 3849 3190 3917 τῆς
3211 3850 3275 3900 ὲκ
3301 3847 3504 3918 νεκρῶν
3525 3847 3846 3908 ἀναστάσεως

2337 3936 2651 4005 γεγενῆσθαι
2680 3935 3103 4010 μεμαρτύρηται.
3141 3937 3219 3987 Δι’
3247 3935 3275 3988 ὃ
3314 3928 3433 3987 οὔτε
3460 3934 3710 4004 ἑσπέρας,
3736 3933 3845 3985 οὔτε

2338 4026 2690 4101 μεσημβρίας,
2706 4025 2826 4078 οὕτε
2840 4026 2978 4097 ἄλλῳ
2989 4026 3092 4078 τινὶ
3110 4023 3302 4097 καιρῷ,
3315 4023 3449 4078 ἀλλὰ
3470 4022 3551 4088 τῷ
3571 4023 3728 4091 πρωτν
3757 4040 3848 4092 φτΓ

2339 4117 2440 4174 civ,
2470 4119 2508 4184 ἠ
2535 4118 2834 4187 προσευχή
2850 4132 2966 4187 μου
2986 4115 3311 4186 προφθάσει
3326 4129 3418 4170 σε.
3461 4114 3646 4176 Ὶγατι,
3666 4115 3845 4183 Κύριε,

2336 4208 2589 4273 ἀπωθεῖς
2610 4209 2722 4276 τὴν
2743 4209 2948 4278 ψυχήν
2961 4227 3076 4278 μου
3095 4249 3110 4274 ,
3137 4207 3526 4278 ἀποστρέφεις
3555 4208 3620 4261 τὸ
3645 4208 3846 4276 πρόσω-

2338 4300 2454 4351 πόν
2485 4313 2597 4352 σου
2641 4299 2739 4351 ἀπ’
2775 4300 2953 4366 uici);
3003 4298 3111 4353 Kal.
3155 4301 3212 4352 ὲν
3243 4299 3320 4369 τῷ
3366 4298 3448 4353 κα⁹
3477 4299 3626 4366 ελεγι
3667 4297 3746 4362 τὸ,
3798 4296 3844 4347 '0

707 4388 1083 4457 interrogando
1102 4401 1205 4458 qua
1227 4386 1292 4441 de
1320 4399 1482 4441 causa
1516 4386 1798 4442 derelictus
1824 4403 1854 4441 a
1880 4387 2038 4443 Patre
2070 4389 2159 4452 sit,
2182 4393 2236 4442 et

2339 4387 2497 4453 Θεὸς,
2519 4391 2552 4441 ό
2573 4389 2713 4452 Θεός
2733 4405 2871 4456 μου,
2888 4387 3147 4456 πρόσχες
3161 4405 3279 4456 μοι,
3296 4388 3450 4441 [rati
3487 4383 3846 4457 ἐγκατέλιπές

706 4491 874 4545 quare
901 4476 986 4530 ille
1013 4476 1242 4529 animam
1281 4489 1432 4529 suam
1463 4475 1746 4545 repulerit;
1796 4483 1856 4528 ut
1902 4477 1946 4530 si
1994 4484 2092 4532 nOs
2141 4477 2240 4530 ali-

708 4565 920 4634 quando
946 4566 1091 4620 dubii
1127 4582 1428 4635 quazramus
1467 4582 1633 4635 quare
1662 4566 1801 4620 Deus
1831 4565 1965 4620 Filio
1991 4583 2088 4623 suo
2130 4584 2239 4624 non

709 4657 966 4723 pepercit,
991 4657 1080 4708 sed
1119 4656 1336 4708 tradidit
1366 4671 1486 4710 eum
1510 4696 1526 4720 ,
1555 4655 1736 4710 volens
1767 4656 2040 4709 hominum
2069 4659 2239 4712 mani-

711 4746 810 4800 bus
834 4744 1126 4800 dedititium
1160 4763 1278 4801 esse
1309 4747 1380 4815 (id
1406 4748 1552 4803 enim
1607 4755 1722 4801 erat
1766 4761 1888 4802 eum
1937 4749 2239 4816 relinquere

709 4849 772 4888 ac
797 4834 1101 4903 repellere);
1141 4837 1442 4891 ediscamus
1485 4837 1536 4889 id
1569 4837 1735 4892 nostri
1779 4840 1948 4906 gratia
1975 4837 2130 4905 plane
2168 4837 2240 4893 ia-

705 4932 872 4988 ctum,
910 4933 965 4978 ut
1000 4923 1179 4977 docuit
1204 4925 1488 4993 Apostolus
1523 4927 1605 4980 his
1629 4927 1808 4982 verbis
1837 4945 1849 4980 :
1881 4926 1981 4981 Sed
2012 4943 2105 4996 pro
2145 4943 2239 4980 no—

709 5017 786 5070 bis
807 5015 1093 5069 hominibus
1123 5017 1192 5077 η’,
1214 5027 1272 5068 ut
1301 5016 1448 5069 ﬁeret
1464 5032 1632 5085 agnus
1647 5018 1740 5072 Dei
1763 5026 1816 5072 et
1833 5020 1948 5072 ovis
1965 5019 2236 5073 immolata

708 5121 810 5176 pro
852 5107 1022 5160 salute
1072 5106 1276 5159 mundi.
1327 5104 1683 5170 Quamobrem
1737 5109 1992 5177 propheta
2025 5121 2237 5176 quoque

707 5193 917 5248 dicebat
949 5213 962 5248 :
998 5193 1062 5246 Et
1092 5193 1342 5246 Dominus
1375 5192 1587 5246 tradidit
1617 5210 1732 5246 eam
1773 5197 1990 5262 peccatis
2019 5195 2232 5249 nostris.

773 5350 816 5382 ⁹⁹
856 5347 1012 5401 Rom.
1045 5364 1162 5412 vui,
1194 5347 1280 5402 52.

784 5463 850 5532 ,1)
901 5461 1113 5532 Scilicet
1141 5462 1372 5532 ecclesia
1407 5461 1471 5514 ad
1501 5454 1801 5532 sepulcrum
1849 5459 2067 5532 Christi,
2106 5473 2223 5528 quae

705 5527 1100 5586 ab‘A'tlianasio
1138 5531 1190 5582 in
1225 5533 1443 5599 epistola
1482 5527 1669 5599 synodi
1709 5527 2221 5599 Hierosolymitanac,

707 5617 757 5668 p.
794 5602 909 5662 199,
954 5599 1238 5669 μαρτύριον
1260 5591 1354 5651 τοῦ
1397 5591 1656 5669 Σωτῆρος,
1699 5591 2225 5669 uiartyriu'mWSaloa-

708 5666 861 5728 toris,
901 5666 1041 5736 apud
1085 5667 1435 5722 Sozomenum
1469 5666 1644 5722 autem
1675 5667 1766 5720 lib.
1807 5683 1864 5727 ιι,
1899 5668 2058 5736 ο.27,
2089 5666 2226 5734 μέγα

709 5735 1017 5802 μαρτύριον,
1057 5754 1294 5803 umquam
1335 5741 1641 5800 martyrium
1680 5737 1891 5791 dicitur.
1935 5735 2057 5790 Haec
2087 5751 2226 5789 almo

2333 4492 2440 4545 pe;
2454 4474 2597 4543 λέγει
2623 4475 2677 4526 δὲ
2695 4476 2749 4526 tv
2764 4475 2986 4538 τούτοις,
3015 4476 3112 4527 ινα
3137 4477 3213 4538 τί,
3235 4474 3646 4546 ὲρωτηματικῶς
3664 4471 3846 4524 πυνθα-

2338 4566 2554 4635 νόμενος
2583 4566 2646 4617 δι’
2666 4568 2730 4635 ἢν
2761 4566 2933 4618 αἰτίαν
2967 4563 3440 4633 ἐγκαταλέλειπται
3473 4549 3588 4617 ὑπὸ
3624 4563 3713 4616 τοῦ
3745 4559 3843 4616 Πα-

2337 4652 2479 4726 τρδς,
2510 4655 2602 4708 καὶ
2640 4656 2776 4708 ἰνατί
2817 4655 3068 4709 ἀπώσατο
3109 4654 3269 4708 αὐτοῦ
3296 4654 3394 4724 τὴν
3445 4653 3649 4724 ψυχήν⁸
3694 4651 3845 4714 ὡςάν

2337 4748 2432 4799 καὶ
2454 4747 2630 4816 ἡμεῖς,
2660 4743 2712 4796 εῐ
2742 4763 2870 4798 ποτε
2907 4747 3248 4816 διαποροῖμεν
3273 4743 3338 4796 δι’
3375 4744 3440 4814 ἢν
3469 4745 3639 4796 αἰτίαν
3669 4745 3698 4796 ὀ
3728 4741 3844 4803 Θεὸς

2337 4837 2437 4890 τοῦ.
2459 4837 2583 4890 ἰδίου
2611 4835 2740 4888 Υίοῦ
2776 4837 2872 4889 οὐκ
2906 4836 3173 4906 ἐφείσατο,
3209 4833 3342 4887 ἀλλά
3377 4835 3680 4904 παρέδωκεν
3701 4832 3844 4887 αὐτὸν

2338 4925 2564 4996 θελήσας
2596 4924 2898 4995 ὑποχείριον
2925 4924 3224 4996 ἀνθρώποις
3251 4922 3500 4990 γενέσθαι
3525 4939 3540 4954 ο
3584 4923 3730 4976 τοῦτο
3751 4920 3849 4992 γὰρ

2314 5011 2402 5085 ιῆν
2430 5016 2490 5068 τὸ
2532 5014 2840 5068 καταλιπεῖν
2868 5016 3026 5070 αὑτὸν
3070 5016 3164 5067 καὶ
3208 5011 3555 5068 ἀπώσασθαι·
3590 5013 3848 5084 μανθάνοι-

2339 5120 2456 5173 μεν,
2514 5105 2595 5157 ὅτι
2640 5102 2793 5157 τοῦτο
2854 5105 2990 5174 ὑπὲρ
3034 5103 3186 5174 ἡμῶν
3235 5102 3470 5171 γέγονεν,
3525 5099 3847 5173 ὼςλὲδίδαξεν

2333 5197 2361 5248 ὁ
2415 5195 2723 5248 ’Διιπόστολοι⁸
2769 5194 2932 5247 εἰπών
2953 5212 2966 5224 ·
3010 5193 3168 5248 Ἀλλ’
3209 5193 3355 5262 ὑπὲρ
3390 5192 3558 5262 ἡμῶν
3604 5190 3844 5249 πάντων,

2324 5459 2522 5536 ghristi
2544 5462 2648 5518 335
2672 5461 2924 5536 dedicata
2951 5471 3052 5524 est,
3082 5463 3230 5536 unde
3249 5471 3460 5536 tempus
3476 5463 3749 5536 editorum
3779 5457 3838 5536 ab

2326 5530 2556 5587 Eusebio
2581 5534 3084 5588 commentariorum
3122 5529 3375 5595 eruimus
3396 5535 3447 5585 in
3475 5529 3838 5584 Praeliminari-

2327 5601 2616 5727 {iusbpuad
2632 5604 2697 5657 de
2726 5618 2781 5658 re
2801 5612 2856 5658 et
2874 5603 2939 5658 de
2963 5603 3295 5658 mirabilibus
3323 5617 3386 5655 ea
3411 5604 3464 5656 in
3490 5597 3712 5654 ecclesia
3735 5598 3836 5650 edi-

2356 5689 2398 5728 IS
2426 5690 2440 5726 l
2487 5690 2501 5726 ι
2534 5691 2581 5728 vi
2623 5689 2664 5731 e.
