3960 6352
55 431 198 487 1065

1193 431 1683 487 COMMENTAIIIA
1707 431 1777 485 1N
1817 430 2148 488 PSAIMOS.
2214 437 2220 442 ’

3085 437 3217 491 1066

50 547 138 596 ἶνα
170 544 392 614 πίνηται
433 545 599 613 ἀμνὸς
647 543 777 597 Θεοῦ
826 543 917 596 καὶ
967 543 1227 614 πρόϐατον
1280 544 1585 613 ἱερουργού-

1689 541 1755 594 Et
1781 543 1861 595 hic
1891 553 2103 610 peccata
2139 551 2316 595 nostra
2351 552 2542 610 portat,
2570 554 2618 596 et
2645 560 2738 612 pro
2765 545 2908 599 nobis
2939 549 3220 606 cruciatur.

51 650 218 702 μενον
248 635 389 704 ὑπὲρ
426 635 523 704 τῆς
553 635 646 688 τοῦ
695 635 894 703 κόσμου
928 631 1215 704 σωτηρίας.
1250 635 1446 704 Διόπερ
1479 633 1589 686 ἐλε-

47 739 109 788 γε
147 725 246 776 καὶ
283 725 312 775 ὁ
337 723 616 794 προφήτης
635 741 646 753 ·
676 724 783 776 Kal
813 724 1024 790 Κύριος
1050 722 1384 790 παρέδωκεν
1407 723 1589 776 αὐτὸν

49 810 177 875 ταῖς
219 813 518 881 ἁμαρτίαις
562 811 741 880 ἡμῶν.
797 813 904 864 Kal
951 808 1126 877 οὗτος
1164 813 1269 877 τὰς
1305 813 1586 880 ἁμαρτίας

48 901 222 966 ἡμῶν
250 901 429 970 φέρει,
456 901 552 953 καὶ
581 901 709 969 περὶ
744 902 907 969 ἡμῶν
935 899 1229 953 dove-(irai.
1271 901 1381 955 Kal
1408 902 1586 967 αὐτὸς

47 989 480 1056 ἑτραυματίσθη
508 988 603 1041 διὰ
631 988 736 1053 τὰς
761 976 1039 1056 ἀμὶιρτίας
1068 987 1252 1056 ἡμῶν,
1284 990 1377 1042 καὶ
1399 1006 1581 1058 μεμα-

48 1077 326 1129 λὰκισται
363 1077 459 1130 διὰ
486 1076 590 1142 τὰς
619 1079 862 1146 ἀνομίας
892 1076 1089 1146 ἡμῶν
1110 1077 1189 1142 τῷ
1203 1077 1441 1145 μώλωπι
1466 1081 1584 1134 αὑ-

48 1168 154 1220 τοῦ
193 1167 360 1237 ἡμεῖς
395 1167 652 1236 ιάθημεν.
701 1156 972 1238 Ἐπιφέρει
1002 1168 1058 1220 δὲ
1082 1168 1251 1236 λέγων
1281 1170 1337 1221 ὲν
1365 1167 1448 1220 ua.’
1475 1184 1489 1199 ·
1531 1171 1584 1222 Ὀ

49 1259 221 1322 Θεὸς,
250 1258 601 1326 κεκράξομαι
649 1257 867 1326 ἡμέρας
888 1298 903 1322 ,
948 1261 1045 1313 καὶ
1088 1261 1198 1312 οὐκ
1237 1261 1585 1328 εισαθιούσῃ,

49 1356 145 1405 καὶ
181 1355 420 1418 νυκτὸς,
449 1353 545 1407 καὶ
571 1354 678 1405 οὐκ
712 1355 799 1418 εις
827 1351 1024 1405 ἄνοιαν
1059 1352 1187 1420 ἐμοί
1209 1369 1220 1380 ο
1267 1353 1360 1404 καὶ
1390 1354 1448 1404 ιν
1475 1356 1584 1416 τοῖς

51 1441 429 1511 προκειμένοις
458 1455 471 1468 ·
541 1438 958 1507 Ἀποστρέφεις
1000 1440 1062 1491 τὸ
1105 1440 1424 1506 πρόσωπόν
1471 1452 1585 1491 σου

47 1534 147 1584 ἀπ’
182 1531 346 1599 ἐμοῦ.
380 1530 575 1599 Ὅμοια
601 1530 657 1581 δὲ
683 1530 913 1599 ἡγοῦμαι
939 1526 1074 1581 εἶναι
1099 1529 1268 1582 ταῦτα
1296 1532 1408 1592 τοῖς
1433 1529 1490 1581 ὲν
1509 1527 1586 1596 τῷ

52 1622 365 1692 Εὑαγγελίῳ
399 1622 540 1692 ἔργῳ
577 1620 1038 1690 τετελειωμένοις,
1069 1620 1194 1673 ἔνθα
1229 1620 1444 1682 διαστὰς
1480 1619 1586 1672 τῶν

1690 633 1758 686 Et
1785 635 1890 702 ipse
1910 634 2206 688 vulneratus
2242 643 2318 688 est
2365 644 2570 702 propter
2599 645 2808 702 peccata
2844 649 3042 702 nostra,
3076 639 3225 708 inﬁr-

1685 735 1858 775 matus
1903 731 1982 776 est
2036 732 2244 790 propter
2289 723 2587 792 iniquitates
2629 735 2872 780 nostras:
2909 729 3066 783 vibice
3109 731 3222 799 ejus

1683 829 1776 864 nos
1797 812 1974 885 sanati
2011 826 2194 864 sumus
2224 812 2266 865 ‘.
2299 811 2356 864 In
2392 827 2478 865 xx:
2509 819 2682 865 autem
2717 812 3014 882 subjungit,
3044 814 3185 870 Deus
3206 855 3222 879 ,

1681 900 1914 953 clamabo
1945 915 2032 966 per
2055 901 2210 965 diem,
2233 909 2281 953 et
2313 916 2414 954 non
2439 899 2704 964 exaudies;
2725 911 2774 955 et
2795 911 2958 961 nocte.
2973 913 3020 957 et
3040 921 3138 957 non
3155 907 3224 960 ad

1629 1009 1638 1038 ·.
1682 991 2031 1059 insipientiam
2087 991 2212 1042 mihi
2253 991 2310 1054 ‘;
2345 991 2399 1044 in
2433 992 2676 1060 praesenti
2726 1007 2870 1056 vero,
2904 994 3102 1048 Auertis
3139 997 3223 1065 fa-

1683 1083 1810 1134 ciem
1836 1091 1976 1132 tuam
1999 1097 2030 1132 a
2061 1096 2157 1134 me.
2194 1079 2316 1134 Haec
2342 1097 2501 1150 porro
2537 1082 2733 1136 similia
2762 1090 2888 1150 puto
2913 1082 2979 1137 iis
3007 1094 3122 1152 qua
3167 1081 3220 1136 in

1690 1169 1971 1238 Evangelio
2000 1185 2158 1240 opere
2179 1173 2442 1241 completa
2469 1171 2732 1237 feruntur,
2761 1173 2852 1227 ubi
2883 1187 2914 1226 a
2944 1172 3222 1240 discipulis

1693 1270 1962 1326 semotus,
2015 1262 2068 1314 in
2103 1261 2290 1316 faciem
2347 1264 2629 1331 procubuit
2687 1279 2848 1320 orans
2895 1274 2947 1320 et
2996 1265 3217 1319 dicens:

1685 1347 1863 1412 Pater,
1894 1352 1940 1403 si
1971 1351 2216 1417 possibile
2241 1361 2338 1413 est,
2377 1361 2605 1406 transeat
2628 1353 2713 1407 hic
2736 1355 2876 1407 calix
2914 1371 2947 1407 a
2976 1361 3072 1406 nte.
3130 1352 3224 1407 Ve-

1684 1449 1972 1494 rumtamen
2017 1457 2117 1494 non
2163 1443 2297 1494 sicut
2335 1459 2426 1511 ego
2475 1444 2608 1507 volo,
2659 1445 2747 1497 sed
2803 1446 2937 1499 sicut
2970 1455 3024 1497 tu
3055 1447 3127 1510 ²⁸;
3161 1458 3223 1499 ac

1685 1545 1920 1594 rursum,
1950 1530 2129 1595 Pater,
2156 1533 2201 1584 si
2220 1548 2326 1600 non
2352 1543 2515 1599 potest
2543 1534 2624 1586 hic
2648 1537 2893 1601 transire,
2924 1536 3026 1589 nisi
3054 1533 3224 1588 bibam

1684 1619 1852 1683 illum,
1884 1621 1978 1688 ﬁat
2003 1619 2236 1673 voluntas
2273 1631 2362 1674 tua
2383 1623 2423 1675 ⁸.

51 1714 326 1783 μαθητῶν,
347 1713 534 1766 ἔπεσεν
561 1714 650 1766 ἐπὶ
674 1714 951 1784 πρόσωπον
972 1713 1138 1766 αὑτοῦ
1161 1712 1579 1783 προσευχόμενος
1609 1713 1700 1765 καὶ
1732 1711 1926 1779 λέγων·
1966 1710 2171 1778 Πάτερ,
2214 1715 2266 1764 el
2303 1712 2577 1779 δυνατὸν,
2613 1715 2948 1782 παρελθέτω
3005 1711 3072 1769 τὸ
3119 1723 3224 1768 ποέ

52 1806 252 1874 eripior
283 1805 453 1859 τοῦτο
491 1807 590 1860 ἀπ’
620 1788 781 1875 ἐμοῦ.
810 1806 981 1874 Πλὴν
1009 1809 1117 1875 οὐχ
1152 1808 1230 1872 ὼς
1291 1806 1404 1876 ἐγὼ
1434 1805 1599 1868 θέλω,
1634 1806 1766 1858 ἀλλ’
1791 1807 1868 1870 ὡς
1893 1807 1970 1858 σύ
1991 1822 2004 1834 ·
2028 1807 2119 1857 καὶ
2141 1806 2296 1859 πάλιν
2319 1823 2330 1837 ·
2360 1806 2570 1875 Πάτερ,
2590 1810 2642 1861 ει
2665 1811 2735 1862 οὐ
2759 1807 3001 1863 δύναται
3051 1807 3221 1862 τοῦτο

49 1895 382 1962 παρελθεῖν,
441 1894 546 1947 ἐὰν
580 1893 664 1964 μὴ
709 1895 852 1949 αὐτὸ
897 1897 1026 1960 πίω,
1077 1894 1373 1963 γενηθήτω
1425 1895 1491 1947 τὸ
1553 1892 1776 1962 θέλημά
1806 1909 1917 1946 σου

118 1987 357 2054 Πτωχός
378 1988 490 2054 ειμι
513 1985 624 2054 ἐγὼ
650 1987 742 2039 καὶ
759 1987 828 2039 ἐν
847 1987 1050 2051 κόποις
1068 1986 1136 2038 ἐκ
1152 1985 1423 2052 νεότητός
1436 2000 1574 2052 μου·

1746 1981 1906 2037 Vens.
1935 1983 2111 2038 16-19.
2150 1985 2353 2051 Pauper
2401 2001 2514 2037 sum
2559 2003 2648 2056 ego
2679 1995 2730 2040 et
2768 1987 2820 2040 in
2874 1987 3136 2042 laboribus
3186 2005 3222 2042 a

50 2081 308 2145 ὑψωθεὶς
348 2078 412 2128 δὲ
455 2076 844 2144 ἑταπεινώθην
881 2078 977 2130 καὶ
1021 2075 1411 2144 ἐξηπορήθην.
1457 2074 1578 2128 Ἐπ’

1689 2071 1936 2133 iuventute
1990 2089 2100 2124 mea
2123 2088 2142 2124 :
2195 2071 2453 2126 exaltatus
2501 2084 2669 2128 autem
2699 2075 2998 2128 humiliatus
3024 2091 3139 2129 sum
3170 2072 3221 2129 εί

50 2169 150 2231 ἐμὲ
182 2166 425 2232 διῆλθον
451 2169 507 2218 al
542 2167 706 2234 ὀργαί
725 2181 860 2228 σου,
889 2170 941 2219 οι
969 2167 1304 2234 φοϐερισμοι
1338 2179 1453 2218 σου
1495 2163 1584 2227 ἐξ·

51 2257 348 2323 ετάραξάν
378 2274 473 2325 με.
522 2256 901 2310 Ἑκύκλωσάν
928 2273 1004 2325 με
1032 2255 1274 2323 ὼςῦὂωρ
1295 2255 1447 2322 ὅλην
1472 2255 1584 2320 τὴν

52 2348 301 2416 ἡμέραν,
334 2347 646 2416 περιέσχον
664 2363 740 2416 με
764 2347 918 2415 ἅμα..
941 2345 1294 2415 Ἐμάκρυνας
1322 2345 1421 2398 ἀπ’
1441 2342 1581 2411 ἐμοῦ

52 2435 233 2500 φίλον
260 2434 357 2486 καὶ
385 2436 668 2502 πλησίον,
698 2435 793 2487 καὶ
826 2434 966 2499 τοὺς
1002 2435 1305 2503 γνωστούς
1331 2448 1446 2500 μου
1467 2430 1580 2484 ἀπὸ

54 2525 466 2592 ταλαιπωρίας.
518 2525 627 2576 Καὶ
659 2523 829 2577 ταῦτα
858 2526 886 2576 ὁ
924 2523 1208 2593 Σύμμαχος
1265 2519 1583 2590 σαφέστερόν

56 2630 167 2672 πως
199 2611 456 2674 ἐξέδωκεν
497 2612 660 2664 εἰπών
685 2629 698 2642 ο
749 2613 983 2681 Πτωχὸς
1026 2613 1107 2663 ὢν
1156 2611 1249 2663 καὶ
1299 2610 1586 2662 ἐκλείπων

54 2704 168 2757 ἀπὸ
201 2705 498 2771 νεότητος,
549 2705 841 2758 ἀνέλαϐον
888 2705 993 2757 τὸν
1036 2705 1219 2772 φόϐον
1258 2718 1392 2756 σου.
1435 2705 1586 2770 Πρὸς

55 2799 285 2862 τούτοις
306 2796 376 2850 δι’
396 2795 540 2866 ἐμοῦ
565 2797 949 2864 παρώδευσαν
979 2801 1036 2850 al
1063 2797 1225 2865 ὀργαί
1251 2810 1383 2859 σου,
1412 2797 1469 2850 al
1496 2795 1588 2848 ἐκ·

56 2887 308 2956 πλήξεις
330 2901 442 2940 σου
471 2886 918 2954 κατεσιώπησαν
943 2903 1036 2955 με.
1074 2885 1397 2954 Περιῆλθόν
1413 2903 1486 2954 με
1511 2887 1590 2952 ὠς

59 2979 262 3040 ὕδατα,
292 2975 493 3030 πᾶσαν
552 2976 665 3044 τὴν
710 2976 932 3045 ἡμέραν
979 2974 1456 3043 περιεκύκλωσάν
1495 2991 1587 3044 με.

59 3073 162 3123 Καὶ
188 3072 218 3122 ὁ
257 3070 502 3132 Ἀκύλας,
530 3069 646 3121 Ἐπ’
678 3067 799 3137 ἐμὲ,
844 3069 993 3138 φησὶ,
1018 3066 1321 3136 παρῆλθον
1345 3069 1404 3120 al
1431 3067 1594 3134 ὀργαί

58 3177 191 3212 σου.
228 3161 412 3222 Ὅπως
447 3160 502 3210 δὲ
532 3160 746 3229 πτωχὸς
774 3156 838 3230 ἧν
878 3162 969 3212 καὶ
1004 3161 1060 3211 ὲν
1085 3160 1272 3222 κόποις
1308 3161 1371 3212 ὲκ
1413 3159 1595 3228 νεότη-

59 3265 175 3313 τος,
199 3247 434 3300 διδάσκει
469 3247 624 3310 αὐτὸς
652 3249 707 3299 ὲν
732 3251 840 3318 τοῖς
880 3245 1220 3314 Εὑαγγελίοις
1254 3247 1376 3316 περὶ
1407 3243 1594 3298 ἑαυτοῦ
1626 3300 1634 3307 ,

1678 2161 1967 2227 perplexus.
2004 2159 2160 2215 lnme
2207 2165 2518 2216 transierunt
2552 2165 2644 2218 ira:
2687 2174 2784 2217 tua:
2813 2204 2828 2227 ,
2873 2174 3085 2218 terrores
3148 2145 3221 2218 tui

1680 2249 2103 2301 conturbauerunt
2151 2267 2249 2305 me.
2299 2250 2753 2306 Circumdederunt
2793 2269 2871 2305 me
2905 2255 3037 2305 sicut
3088 2269 3223 2323 aqua

1682 2347 1789 2391 tota
1834 2339 1950 2402 die,
1999 2340 2443 2394 circumdederunt
2493 2359 2571 2396 me
2633 2343 2806 2396 simul.
2878 2341 3148 2413 Elongasti
3190 2361 3218 2394 a

1681 2443 1760 2478 me
1811 2428 2035 2479 amicum
2074 2438 2126 2481 et
2180 2431 2511 2498 proximum,
2566 2439 2616 2484 et
2678 2439 2824 2484 notos
2864 2447 3000 2485 meos
3044 2448 3076 2483 a
3128 2431 3196 2484 mi

1681 2518 1833 2572 seria.
1888 2517 2010 2572 Haec
2057 2520 2254 2574 clarius
2286 2519 2637 2590 Symmachus
2674 2521 2842 2575 edidit
2872 2522 2955 2576 bis
3003 2521 3219 2577 verbis:

1685 2607 1884 2677 Pauper
1913 2625 2027 2662 cum
2056 2610 2155 2663 sim
2198 2621 2247 2663 et
2303 2610 2545 2678 deﬁciens
2592 2627 2625 2664 a
2659 2611 2924 2679 jubentute
2951 2651 2966 2674 ,
3024 2612 3224 2681 suscepi

1687 2699 1919 2750 timorem
1950 2706 2114 2750 tuum.
2154 2697 2235 2749 Ad
2269 2697 2377 2749 haec
2426 2712 2516 2766 per
2562 2713 2641 2750 me
2674 2707 3092 2765 pratermearunt
3129 2702 3224 2755 ire

1687 2795 1787 2841 tua:
1807 2826 1820 2849 ,
1865 2796 2083 2839 terrores
2108 2787 2184 2838 tui
2217 2795 2385 2838 tacere
2402 2801 2478 2838 me
2499 2785 2746 2853 fecerunt.
2768 2786 3224 2843 Circumveuerunt

1688 2893 1766 2930 me
1801 2878 1933 2930 sicut
1963 2892 2129 2946 aqua,
2173 2884 2279 2930 tota
2307 2877 2388 2928 die
2420 2875 2862 2930 circumdederunt
2891 2893 2985 2930 me.
3032 2878 3222 2948 Aquila

1690 2984 1835 3030 vero,
1862 2968 2026 3036 Super
2049 2985 2146 3031 me,
2179 2966 2369 3038 inquit,
2391 2969 2749 3036 praterierunt
2779 2969 2871 3024 ira
2917 2979 3037 3023 tuae.
3087 2970 3225 3034 Quo‘

1692 3057 1848 3110 modo
1874 3066 2050 3111 autem
2078 3072 2276 3126 pauper
2312 3054 2482 3133 fuerit:
2500 3067 2552 3111 et
2579 3058 2632 3110 in
2656 3057 2932 3112 laboribus
2961 3071 2991 3110 a
3033 3058 3237 3126 juven-_

1692 3153 1824 3209 tute,
1859 3146 2015 3200 docet
2044 3147 2158 3215 ipse
2188 3147 2267 3200 ‘in
2311 3146 2612 3216 Evangeliis
2659 3147 2726 3201 de
2762 3137 2819 3201 se
2872 3147 3096 3216 loquens
3120 3147 3226 3203 .his

1695 3245 1909 3298 verbis:
1953 3243 2150 3297 Discite
2206 3261 2238 3298 a
2288 3261 2366 3298 me
2415 3246 2537 3315 quia
2585 3247 2728 3300 mitis
2757 3262 2872 3300 sum
2923 3245 2972 3298 et
3016 3243 3226 3300 humilis

60 3334 228 3401 λέγων
249 3351 262 3366 ·
303 3335 524 3388 Μάθετε
553 3336 652 3388 ἀπ’
685 3335 849 3404 ἐμοῦ,
881 3335 966 3387 ὅτι
1000 3333 1187 3402 πρᾶός
1222 3338 1338 3404 εἰμι
1369 3338 1464 3387 καὶ
1491 3350 1588 3384 τα-

1689 3335 1844 3387 corde
1881 3334 1922 3384 ⁴.
1956 3335 2241 3402 Apostolus
2267 3334 2392 3388 item
2421 3335 2498 3387 ait
2526 3352 2540 3388 :
2574 3333 2678 3399 Qui
2703 3351 2821 3387 cum
2843 3336 2894 3388 in
2932 3336 3102 3404 {arma
3130 3335 3228 3391 Dei

59 3427 260 3491 πεινός
307 3425 378 3492 τῇ
415 3426 643 3493 καρδίᾳ.
687 3427 794 3479 Καὶ
838 3427 866 3477 ὁ
911 3426 1218 3488 Ἀπόστολός
1249 3442 1442 3496 φησιν·
1495 3427 1590 3490 Ὃς

59 3518 125 3566 ὲν
140 3513 342 3583 μορφῇ
374 3515 514 3569 Θεοῦ
544 3514 840 3592 ὑπάρχων,
867 3517 977 3583 οὐχ
1003 3516 1309 3584 ἁρπαγμὸν
1329 3513 1591 3583 ᾐτήσατο

61 3603 208 3658 εἶναι
248 3604 354 3657 ἴσα
377 3605 512 3669 Θεῷ,
540 3605 674 3657 ἀλλ’
700 3605 912 3657 ἑαυτὸν
935 3603 1228 3657 ἐκένωσεν
1245 3621 1259 3634 ο
1293 3603 1430 3658 ὥστε
1457 3595 1590 3658 εἶναι

65 3697 227 3764 σαφὲς
281 3692 394 3758 πῶς
454 3696 665 3764 εἴρηται
715 3695 864 3766 παρὰ
911 3698 1021 3758 τοῖς
1082 3695 1473 3766 Ἐὄδομήκοντα
1511 3699 1590 3762 τὸ,

62 3786 301 3852 Πτωχός
324 3788 435 3854 ειμι
465 3785 578 3853 ἐγὼ
600 3786 694 3841 καὶ
724 3787 791 3838 ἐν
820 3786 1024 3852 κόποις
1059 3786 1126 3839 ἐκ
1155 3789 1431 3855 νεότητός
1452 3806 1588 3858 μου.

74 3879 207 3931 Ἀλλ’
238 3880 298 3930 ὲν
338 3879 432 3948 μὲν
473 3881 539 3947 τῇ
579 3878 785 3946 νεότητι
822 3877 1002 3942 αὑτοῦ,
1041 3879 1133 3930 καὶ
1170 3870 1338 3941 ἄλλως
1370 3879 1473 3932 ὑπὸ
1502 3879 1593 3932 τὸν

63 3969 408 4038 νομιζόμενον
428 3969 634 4038 πατέρα
657 3968 746 4021 τὸν
776 3967 992 4037 Ἰωσὴφ,
1020 3969 1112 4020 καὶ
1139 3969 1238 4039 τὴν
1259 3969 1397 4022 κατὰ
1422 3971 1594 4040 σάρκα

66 4060 277 4130 μητέρα
306 4061 652 4132 τρεφόμενος,
676 4061 884 4129 πτωχὸς
914 4056 980 4129 ἦν
1009 4061 1065 4112 ἐν
1091 4064 1320 4129 πτωχοῖς
1344 4078 1356 4090 ·
1390 4063 1481 4114 καὶ⁸
1505 4061 1594 4114 τὸν

63 4153 214 4205 ἄλλον
241 4151 300 4203 δὲ
323 4153 483 4205 αὑτοῦ
522 4152 632 4221 βίον
669 4152 915 4213 πλούσιος
939 4150 1033 4214 ὢν,
1061 4151 1127 4203 δι’
1155 4153 1298 4220 ἡμᾶς
1328 4150 1595 4223 ἐπτώχευο
1617 4159 1628 4167 ’

66 4233 368 4305 σεν,’ὃπω;
402 4245 560 4312 ἡμεῖς
603 4245 668 4314 τῇ
702 4242 859 4294 αὑτοῦ
910 4243 1147 4312 πτωχείᾳ
1195 4242 1591 4312 πλουτήσωμεν.

67 4334 190 4384 Ὀτε
233 4331 293 4383 δὲ
347 4332 526 4383 λοιπὸν
568 4329 997 4402 παραδοξοποιῶν
1039 4332 1132 4384 καὶ
1171 4331 1310 4394 Θεοῦ,
1345 4331 1595 4402 δυνάμεις

66 4423 367 4486 ἀποτελῶν,
413 4422 599 4492 ὑψώθη
635 4440 693 4474 τε
761 4424 851 4476 καὶ
881 4424 967 4477 διὰ
1009 4423 1101 4476 τοῧ
1145 4424 1345 4487 πάθους
1372 4424 1597 4493 ὑψωθεὶς

67 4513 416 4583 ἐταπεινώθη.
447 4516 520 4567 Δι’
567 4515 595 4566 ὃ
628 4515 805 4584 ἔλεγεν
828 4532 840 4544 ·
887 4516 1106 4582 Ὥσπερ
1143 4514 1361 4582 Μωσῆς
1394 4516 1598 4584 inbutos

66 4603 168 4654 τὸν
202 4603 342 4670 ὄφιν
373 4604 441 4656 ἐν
467 4601 539 4670 τῇ
569 4602 778 4672 ἐρήμῳ,
822 4603 1004 4669 οὕτως
1036 4603 1343 4672 ὑψωθῆναι
1378 4603 1471 4656 δεῖ
1497 4603 1601 4655 τὸν

1692 3432 1842 3487 esset,
1873 3439 1973 3476 non
2009 3424 2246 3491 rapinam
2283 3422 2568 3476 arbitratus
2613 3432 2690 3477 est
2723 3439 2835 3498 esse
2874 3441 2927 3477 se
2979 3425 3227 3493 aqualem

1689 3512 1796 3566 Deo
1813 3553 1827 3576 ,
1867 3514 1954 3567 sed
1974 3513 2300 3580 semetipsum
2327 3513 2604 3566 exinanirit
2623 3514 2681 3578 ’ς
2709 3513 2782 3567 ita
2808 3524 2865 3567 ut
2883 3515 3226 3591 perspicuum

1687 3605 1758 3658 sit
1771 3620 1874 3673 qua
1892 3604 1957 3659 de
1966 3620 2128 3659 causa
2142 3604 2279 3674 apud
2293 3604 2432 3659 LXX
2449 3605 2767 3674 Interpretes
2781 3604 3228 3675 dicatur,Pauper

1687 3714 1803 3752 sum
1825 3715 1914 3768 ego
1943 3706 1992 3752 et
2020 3699 2072 3751 in
2103 3698 2365 3752 laboribus
2416 3718 2450 3751 a
2470 3699 2735 3768 juventute
2781 3714 2911 3753 mea.
2946 3700 3140 3761 Verum
3170 3702 3227 3756 in

1685 3785 1964 3860 iuventute
1995 3802 2117 3851 sua,
2145 3802 2270 3841 cum
2303 3789 2539 3857 alioquin
2574 3803 2603 3841 a
2631 3788 2883 3857 losepho,
2946 3791 3037 3858 qui
3075 3799 3228 3859 pater

1688 3875 1806 3945 ejus
1828 3891 1948 3931 esse
1982 3877 2289 3945 putabatur,
2313 3884 2367 3931 et
2397 3893 2426 3930 a
2458 3875 2625 3931 matre
2659 3893 2754 3932 sua
2788 3881 3080 3933 secundum
3108 3895 3230 3934 car-

1689 3981 1833 4027 nem,
1863 3966 2198 4026 educaretur.
2232 3966 2433 4035 pauper
2481 3967 2649 4020 inter
2677 3975 3133 4038 pauperes-erat;
3175 3979 3230 4026 et

1691 4073 1813 4110 cum
1842 4057 2132 4111 secundum
2164 4058 2319 4110 aliam
2345 4058 2506 4110 vitam
2529 4072 2678 4123 suam
2706 4059 2855 4113 dives
2878 4068 3041 4125 esset,
3061 4063 3228 4117 nostri

1692 4162 1854 4201 causa
1896 4148 2050 4216 inops
2077 4146 2297 4200 ell'ectus
2321 4155 2424 4208 est,
2457 4157 2516 4200 ut
2546 4162 2643 4202 nos
2673 4148 2791 4216 ejus
2824 4148 3004 4218 inopia
3035 4151 3239 4207 divites

1692 4253 1951 4292 essemus.
1981 4237 2114 4293 Cum
2144 4251 2302 4306 porro
2334 4236 2549 4290 demum
2591 4237 2830 4308 prodigia
2855 4246 2908 4292 et
2937 4238 3028 4293 Dei
3061 4241 3229 4294 virtu-

1695 4337 1773 4380 tes
1800 4327 1985 4388 eilens,
2018 4327 2282 4380 exaltatus
2299 4334 2475 4395 _est,et
2502 4341 2597 4396 per
2617 4327 2919 4395 passionem
2952 4343 3102 4383 suam
3123 4329 3229 4382 ele-

1694 4414 1870 4481 vatus,
1899 4417 2207 4471 humiliatus
2237 4425 2338 4472 est.
2371 4415 2547 4491 Quare
2566 4417 2774 4470 dicebat
2806 4436 2818 4471 :
2851 4417 2995 4471 Sicut
3023 4416 3226 4487 Moyses

1695 4505 1946 4558 exaltabit
1994 4515 2277 4574 serpentem
2317 4507 2371 4558 in
2401 4505 2624 4569 deserto,
2654 4507 2732 4558 ita
2777 4507 3000 4558 exaltari
3034 4517 3228 4594 oporte‘t

1699 4589 1894 4645 Filium
1922 4594 2143 4648 hominis
2164 4595 2218 4660 ⁶;
2250 4609 2312 4647 ac
2335 4610 2568 4657 rursum,
2597 4594 2728 4648 Cum
2753 4595 3104 4649 exaltawritis
3137 4589 3229 4650 Fil-

78 4694 206 4744 Υιὸν
232 4694 338 4747 τοῦ
365 4694 668 4761 ἀνθρώπου
692 4711 705 4723 ·
744 4695 835 4747 καὶ
865 4695 1021 4748 πάλιν
1051 4711 1065 4724 ·
1112 4695 1285 4748 Ὅταν
1319 4694 1592 4762 ὑψώσητε

1699 4683 1823 4734 lium
1866 4683 2107 4747 hominis,
2161 4692 2279 4736 tunc
2322 4685 2637 4750 cognoscetis
2685 4685 2807 4753 quia
2837 4700 2927 4754 ego
2981 4687 3128 4752 um’;
3173 4688 3229 4742 in

67 4785 168 4834 τὸν
205 4784 344 4836 Υίὸν
373 4785 478 4838 τοῦ
503 4785 826 4852 ἀνθρώπου,
868 4787 995 4838 τότε
1023 4784 1341 4853 γνώσεσθε,
1371 4784 1459 4837 ὅτι
1489 4785 1601 4852 ἐγώ

68 4876 175 4939 εἰμι
202 4889 216 4902 ·
266 4875 358 4926 καὶ
391 4876 446 4926 ὲν
484 4875 558 4944 τῷ
597 4875 931 4945 προκειμένῳ
959 4891 972 4903 ’
1031 4875 1314 4953 ’ξ’ψωθεὶς
1359 4874 1428 4925 δὲ
1464 4875 1596 4928 ’ἐτα-

69 4961 360 5029 πεινώθην
393 4965 491 5016 καὶ
524 4963 916 5032 ἐξηπορήθην.
965 4962 1037 5015 Τὸ
1066 4963 1144 5024 δὲ,
1171 4965 1250 5014 Δι’
1287 4964 1430 5031 ἐμοῦ
1453 4977 1599 5032 παρ-

69 5053 338 5106 ώδευσαν
379 5058 436 5108 al
495 5056 660 5124 ὀργαί
693 5071 840 5115 σου,
887 5053 1023 5108 κατὰ
1073 5054 1162 5106 τὸν
1215 5054 1520 5123 Σύμμαχον,
1565 5054 1597 5124 ἢ

70 5145 202 5196 κατὰ
240 5143 330 5195 τὸν
382 5145 604 5200 Ἀκύλαν
629 5163 642 5175 ⁸
689 5147 810 5216 Ἐπ’
848 5145 950 5215 ἐμὲ
995 5144 1300 5214 παρῆλθον
1324 5147 1383 5196 al
1426 5146 1590 5213 ὀργαί

71 5251 200 5297 σου,
231 5233 266 5302 ἢ
297 5233 434 5286 κατὰ
463 5237 588 5297 τοὺς
625 5237 1046 5307 Ἐὂδομήκοντα,Δ
1082 5237 1202 5290 Ἐπ’
1221 5235 1323 5304 ἐμὲ
1354 5235 1598 5303 διῆλθον

72 5331 122 5378 al
154 5326 324 5396 ὀργαί
346 5341 482 5387 σου,
521 5327 708 5394 σαφῶς.
727 5329 1068 5399 παρίστησιν,
1104 5330 1185 5381 ὅτι
1209 5329 1307 5380 οὐκ
1337 5331 1414 5390 εἰς
1437 5329 1596 5383 αὐτὸν

73 5418 399 5490 ἐπέσκηψαν,
435 5416 568 5470 ἀλλὰ
608 5417 672 5469 δι’
707 5417 867 5472 αὐτοῦ
913 5419 1179 5490 παρῆλθον
1204 5438 1218 5451 ο
1268 5421 1360 5472 καὶ
1403 5420 1480 5472 ὅτι
1523 5421 1596 5491 μὴ

73 5512 319 5582 ἔστησαν,
348 5508 480 5562 ἀλλὰ
509 5508 736 5578 διῆλθον.
770 5510 841 5561 Τὸ
868 5509 945 5574 δὲ,
969 5510 1326 5578 ἐξετάραξάν
1342 5528 1437 5579 με,
1461 5512 1600 5565 κατὰ

74 5609 188 5668 τοὺς
222 5603 634 5671 Ἐὁδομήκοντα,
668 5599 847 5668 ὅμοιόν
866 5600 980 5654 ιστι
1005 5601 1081 5674 τῷ
1115 5602 1383 5673 εἰρημένῳ
1410 5603 1468 5654 ὲν
1492 5604 1601 5666 τοῖς

140 5749 156 5780 ι
194 5746 305 5800 lsa.
339 5757 468 5804 LIII,
503 5741 611 5800 3—3,
672 5744 690 5769 ‘
729 5738 869 5800 Psal,
908 5754 1030 5803 xxi,
1065 5742 1117 5796 ὅ.

1698 4774 1942 4841 praesenti
1975 4787 2100 4826 vero
2127 4773 2218 4835 ait,
2240 4771 2519 4826 Exaltatus
2559 4783 2752 4839 autem,
2779 4776 3085 4830 humiliatus
3113 4795 3229 4831 sum

1697 4873 1757 4924 et
1785 4864 2071 4930 perplexas.
2117 4862 2252 4915 Illud
2290 4871 2496 4927 autem,
2533 4862 2636 4918 Per
2686 4883 2765 4919 me
2807 4878 3228 4935 pratermeorunt

1698 4956 1792 5008 ira
1846 4963 1969 5016 tua,
2025 4952 2316 5008 secundum
2369 4952 2782 5024 Symmachum;
2812 4961 2895 5013 vel
2936 4961 3228 5014 secundum

1698 5042 1962 5111 Aquilam,
1999 5041 2162 5109 Super
2184 5060 2261 5096 me
2280 5046 2638 5112 praeterierunt
2662 5049 2754 5102 ira:
2779 5061 2900 5114 ture,
2926 5049 3006 5103 vel
3034 5029 3242 5105 secum.

1697 5130 2011 5194 dumLXX,
2050 5131 2115 5185 In
2137 5149 2217 5187 me
2243 5137 2560 5189 transierunt
2593 5138 2687 5191 ire
2713 5147 2833 5201 tua,
2863 5139 3004 5193 clare
3025 5138 3233 5193 denun-

1702 5227 1817 5288 tiat,
1853 5238 1958 5277 non
2003 5223 2056 5277 in
2089 5224 2181 5278 illo
2239 5227 2566 5290 constitisse,
2602 5230 2692 5282 sed
2743 5244 2834 5297 per
2875 5243 2995 5281 eum
3017 5241 3234 5297 praeter-

1702 5312 1857 5378 iisse;
1929 5327 2102 5382 neque
2137 5317 2370 5376 stetisse,
2405 5315 2497 5369 sed
2533 5317 2828 5370 transiisse.
2865 5317 2996 5370 illud
3031 5327 3230 5384 autem,

1702 5403 2129 5457 conturbauerunt
2163 5422 2261 5469 me,
2301 5406 2600 5461 secundum
2643 5403 2803 5468 LXX,
2838 5405 2964 5458 huic
2993 5405 3235 5478 Evange-

1704 5495 1896 5548 Iiorum
1936 5493 2081 5547 dicto
2116 5495 2294 5551 simile
2335 5505 2420 5551 est
2451 5515 2466 5550 ε
2493 5495 2646 5548 Nunc
2675 5497 2850 5548 anima
2875 5512 2985 5550 mea
3021 5498 3234 5574 turbgta

1703 5597 1776 5639 est
1794 5587 1845 5650 ⁸;
1868 5591 1940 5650 et,
1989 5584 2179 5639 Tristis
2205 5597 2279 5640 est
2304 5589 2478 5640 anima
2497 5603 2607 5639 mea
2631 5602 2787 5656 usque
2808 5586 2874 5638 ad
2897 5595 3134 5642 mortem'
3157 5597 3232 5646 :et

1191 5745 1236 5774 "
1275 5742 1458 5813 Matth.
1496 5759 1592 5796 xxv

1689 5745 1777 5796 39.
1852 5745 1872 5775 ⁸
1909 5743 2036 5796 ibid.
2075 5743 2162 5796 42.
2237 5744 2258 5774 ⁸
2297 5744 2484 5801 Matth.
2521 5760 2601 5808 ιι,
2635 5743 2724 5799 29.
2799 5744 2819 5776 ³
2858 5742 3051 5813 Philip.
3093 5746 3233 5812 ",6.

79 5815 124 5873 ἴ.
193 5818 216 5850 ⁸
256 5811 412 5870 Joan.
447 5826 541 5874 Ill,
578 5811 660 5864 ﬂ.
733 5810 752 5840 ⁷
787 5807 940 5862 Joan.
978 5827 1106 5877 νιιι,
1138 5812 1225 5868 28.
1300 5814 1321 5845 ³
1358 5811 1511 5868 Joan.
1549 5830 1656 5882 xu,
1689 5814 1776 5868 ‘27.
1852 5814 1873 5845 '
1913 5813 2098 5868 Matth.
2134 5829 2293 5878 xxvr,
2332 5817 2417 5867 38.

349 5908 610 5967 ΡΑτεοι..
645 5905 758 5965 ϐε.
806 5904 1036 5966 XXIII.

2892 5905 2966 5963 3's
