3974 6354
695 405 835 464 1067

1393 407 1661 466 EUSEBII
1687 410 2167 470 CESARIENSIS
2203 409 2357 469 OPP.
2383 410 2570 470 PARS
2610 415 2698 473 Ill.
2740 448 2809 460 —
2838 417 3256 477 EXEGETICA.

3787 428 3905 485 1068

694 533 890 582 cetera
936 540 1149 596 quoque
1197 526 1495 582 secundum
1531 528 1814 585 historiam
1862 515 2243 600 implebantur

2364 534 2713 604 Εὐαγγελίοις
2745 553 2758 566 ·
2799 537 2928 591 Νῦν
2953 538 2992 605 ἡ
3030 539 3201 608 ψυχή
3240 558 3360 608 μου
3399 544 3763 612 τετάρακται,
3803 547 3902 599 καὶ·

694 636 818 676 cum
849 635 915 675 eo
951 621 1136 676 relicto
1165 621 1394 691 apostoli
1447 623 1856 686 abscesserunt,
1887 623 2078 680 Petrus
2131 639 2261 681 vero

693 718 779 772 ter
801 713 1013 778 negavit
1040 726 1186 766 eum.
1221 710 1286 765 Et
1315 712 1419 766 alia
1447 727 1664 782 quoque
1690 715 1901 769 ratione
1932 715 2047 770 haec
2077 717 2262 771 omnia

693 801 924 865 dicebat,
971 801 1201 856 aliorum
1251 802 1394 856 mala
1450 803 1556 858 sibi
1585 811 1644 860 ut
1676 807 1898 876 propria
1956 807 2258 877 ascribens,

691 891 938 947 videlicet
985 881 1280 961 proditoris
1310 891 1462 948 ludat
1493 896 1815 964 perniciem,
1848 897 2129 968 totiusque
2146 898 2260 955 Ju-

689 984 858 1041 daicae
883 986 1062 1057 gentis
1093 985 1309 1040 ruinam
1335 1006 1346 1040 :
1371 986 1438 1042 de
1472 989 1691 1058 quibus,
1726 993 1883 1061 quasi
1905 991 1973 1047 de
2004 991 2129 1050 filiis
2158 995 2259 1049 im-

685 1077 893 1149 probis,
923 1078 1226 1148 iniquitatis
1277 1093 1390 1134 sua:
1440 1095 1608 1136 causa
1671 1083 2047 1152 pereuntibus,
2070 1085 2258 1140 "vehe—

687 1169 856 1224 menti
912 1169 1280 1225 miserationis
1309 1178 1364 1226 et
1407 1172 1761 1230 humanitatis
1821 1174 2016 1232 affectu
2069 1193 2254 1234 eorum

687 1262 828 1316 mala
869 1261 934 1315 ad
974 1276 1263 1332 personam
1307 1264 1586 1333 propriam
1619 1262 1886 1332 referens,
1929 1266 2255 1337 ingemisce—

684 1353 797 1409 bat.
852 1351 910 1408 ld
955 1368 1121 1424 porro
1150 1354 1420 1425 intelligas
1457 1356 1504 1412 si
1534 1356 1622 1412 his
1650 1357 1926 1428 propheta:
1951 1359 2132 1415 verbis
2170 1367 2252 1413 at-

681 1444 873 1500 tendas
901 1443 1041 1499 :Hic
1067 1454 1281 1514 peccata
1305 1456 1489 1502 nostra
1527 1457 1727 1516 portat,
1755 1457 1808 1504 et
1831 1449 2105 1518 pro-nobis
2125 1467 2253 1504 cru-

681 1537 856 1591 ciatur
874 1539 937 1590 ¹⁰.
957 1536 1139 1604 Quare
1152 1553 1337 1594 eorum
1349 1540 1523 1609 gratia
1535 1539 1721 1595 dolore
1733 1540 1959 1598 affectus
1980 1543 2249 1597 exclama-

680 1629 772 1706 bat
797 1628 985 1684 dicens
1019 1649 1031 1683 :
1067 1627 1133 1682 In
1168 1646 1249 1683 me
1292 1631 1617 1684 transierunt
1644 1633 1738 1686 ira:
1763 1640 1887 1693 tute.
1919 1641 2144 1688 terrores
2169 1634 2248 1687 ιιιὶ

679 1719 1114 1776 conturbauerunt
1143 1737 1241 1775 me.
1267 1719 1499 1776 Videbat
1527 1722 1671 1776 enim
1699 1737 1809 1777 non
1834 1723 1908 1777 ita
1934 1724 2106 1778 multo
2126 1732 2250 1795 post

677 1817 960 1866 venturam
1008 1810 1168 1878 iram,
1206 1825 1328 1880 qua:
1375 1810 1561 1864 omnia
1596 1809 1705 1866 illis
1735 1818 1968 1881 augusta
2003 1820 2057 1866 et
2087 1827 2248 1868 vene-

2368 627 2720 694 Περίλυπός
2740 628 2912 682 ἐστιν
2933 628 2972 693 ἠ
3010 630 3173 706 ψυχή
3201 648 3322 698 μου
3355 631 3465 699 ἕως
3498 633 3754 689 θανάτου
3777 651 3788 663 ·
3825 638 3904 689 καὶ

2365 715 2432 768 τὰ
2464 715 2624 769 λοιπά
2648 716 2705 770 δὲ
2738 717 2878 771 κατὰ
2906 717 3006 790 τὴν
3034 718 3272 790 ίστορίαν
3300 720 3620 792 ἐπληροῦτο,
3643 723 3729 776 ὅτε
3756 741 3902 778 κατα-

2365 806 2612 870 λιπόντες
2634 808 2792 860 αὑτὸν
2814 809 2864 862 οἱ
2903 808 3190 863 ἀπόστολοι
3217 809 3422 880 ᾤχοντο
3440 829 3453 842 ·
3477 815 3505 866 ὁ
3527 812 3583 866 δὲ
3613 814 3810 886 Πὰρος
3825 817 3902 868 καὶ

2364 896 2542 966 τρίτον
2578 897 2740 950 αὐτὸν
2783 899 3078 970 ὴρνήσατο.
3125 901 3232 954 Καὶ
3279 901 3451 966 ἄλλως
3491 902 3547 956 δὲ
3593 902 3665 956 τὰ
3705 905 3900 975 προκεί-

2367 1005 2504 1057 μενα
2546 987 2759 1042 ἅπαντα
2812 989 3083 1058 ἔφασκεν,
3147 992 3568 1064 ίδιοποιούμενος
3607 994 3675 1048 τά
3721 996 3900 1066 ἑτέρων

2365 1080 2539 1132 κακά’
2578 1078 2720 1148 λέγω
2755 1080 2813 1133 δὲ
2851 1080 2946 1134 τοῦ
2977 1083 3236 1153 προδότου
3279 1084 3448 1138 Ἰούδα
3490 1086 3590 1158 τὴν
3627 1086 3897 1147 ἀπώλειαν.

2362 1168 2568 1222 καὶτοῦ
2591 1169 2789 1232 παντὸς
2825 1170 3090 1225 Ἰουδαίων
3116 1172 3299 1238 ἔθνους
3331 1174 3429 1245 τὴν
3454 1176 3762 1230 ἀπόπτωσιν
3780 1195 3792 1206 ·
3827 1179 3898 1248 ἔφ’

2359 1253 2440 1322 οἷς
2470 1258 2538 1311 δι’
2568 1258 2872 1329 ὑπερὸολὴν
2906 1261 3304 1334 εὐσπλαγχνίας
3356 1267 3449 1320 καὶ
3496 1266 3895 1339 φιλανθρωπίας,

2357 1348 2433 1412 ὡς
2453 1350 2683 1418 ὲφ*.υίοῖς
2700 1353 2972 1421 πονηροῖς,
2988 1351 3186 1418 διὰτάς
3196 1355 3375 1410 αὐτῶν
3390 1358 3598 1422 κακίας
3617 1358 3896 1430 ἀπολλυμέ-

2357 1454 2488 1502 νοις,
2505 1436 2673 1498 ταῦτα
2685 1442 2765 1503 είς
2776 1440 2966 1494 ἑαυτοῦ
2982 1444 3268 1513 πρόσωπον
3278 1444 3449 1498 ἀναλα
3456 1445 3693 1516 μὸἀνων,
3707 1446 3895 1500 ἀπωδύ-

2358 1547 2500 1601 ρετο.
2520 1531 2632 1604 Νοή
2641 1550 2753 1596 σεις
2766 1533 2822 1587 δὲ
2832 1531 2990 1586 τοῦτο
3014 1535 3310 1607 ἐπιστήσας
3322 1536 3399 1590 τῶ
3415 1537 3626 1607 λέγοντι
3643 1541 3891 1611 προφήτῃ·

2365 1618 2559 1689 Οὗτος
2598 1622 2706 1690 τὰς
2733 1623 3020 1692 ἁμαρτιας
3048 1622 3215 1693 ἡμῶν
3238 1624 3420 1695 φέρει,
3471 1628 3572 1680 καὶ
3600 1629 3728 1696 περὶ
3749 1628 3896 1700 ἡμῶν

2355 1712 2656 1769 ὀδυνᾶται.
2695 1715 2789 1767 Διὸ
2821 1714 2958 1786 ὑπὲρ
2998 1715 3176 1770 αὐτῶν
3211 1716 3544 1789 ὀδυνώμενος
3564 1719 3690 1772 ἐϐόα
3706 1720 3891 1790 λέγων·

2367 1806 2482 1859 'Ez‘
2510 1805 2615 1876 ἐμὲ
2654 1805 2902 1874 διῆλθον
2951 1810 3012 1863 αι
3052 1809 3222 1878 ὀργαί
3255 1822 3370 1863 σου
3402 1850 3418 1876 ,
3473 1811 3527 1862 οι
3573 1813 3894 1880 φοϐερισμοι

675 1902 845 1964 randa
884 1903 952 1959 de
983 1902 1164 1957 medio
1209 1902 1466 1968 sustulit;
1501 1901 1574 1954 ita
1605 1909 1666 1956 ut
1711 1901 1913 1956 Sancta
1940 1911 2243 1960 sanctorum

2356 1915 2471 1955 σου
2524 1898 2890 1969 ἐξετάραξάν
2919 1905 3016 1973 με.
3077 1902 3251 1976 Ἑώρα
3291 1903 3400 1976 γὰρ
3435 1903 3534 1976 τὴν
3571 1905 3670 1960 οὐκ
3695 1908 3769 1969 είς
3802 1923 3890 1976 μα-

671 2003 727 2052 et
764 1996 934 2051 altare
975 2007 1008 2048 a
1051 1991 1421 2049 fundamentis
1453 1992 1824 2056 diruerentur,
1858 2008 2122 2064 regesque
2154 2009 2251 2050 eo-

671 2099 792 2141 rum
843 2083 937 2157 qui
989 2082 1247 2139 diuturna
1293 2091 1578 2136 atavorum
1625 2082 1977 2138 successione
2018 2083 2084 2137 ad
2117 2083 2249 2139 illud

671 2192 848 2250 usque
905 2184 1122 2247 tempus
1171 2175 1526 2238 devenerant,
1571 2171 1733 2228 finem
1764 2173 2070 2243 imperandi
2101 2173 2248 2230 face-

671 2274 825 2334 rent;
849 2267 942 2337 jus
970 2274 1025 2322 et
1049 2265 1284 2321 facultas
1307 2265 1399 2320 illa
1429 2266 1546 2322 suis
1573 2264 1790 2320 vivendi
1816 2264 2050 2336 legibus,
2081 2280 2188 2337 qua
2216 2279 2248 2320 a

669 2360 991 2431 longissimo
1024 2374 1138 2414 aevo
1169 2358 1250 2413 usi
1275 2356 1513 2423 fuerant,
1534 2357 1723 2428 legalis
1761 2358 1943 2414 cultus
1971 2373 2095 2413 cum
2127 2359 2248 2429 ipso

670 2452 1001 2517 sacerdotio,
1029 2467 1095 2509 ac
1123 2451 1351 2522 reliquis
1382 2450 1615 2506 ducibus
1649 2451 2101 2522 principibusque
2129 2453 2246 2508 suis

667 2552 1181 2622 exstinguerenture
1213 2550 1287 2603 ita
1317 2557 1377 2602 ut
1407 2564 1476 2604 ne
1499 2548 1786 2620 vestigium
1809 2548 2034 2620 quidem
2054 2564 2243 2605 eorum

669 2641 739 2697 ad
791 2642 893 2697 hoc
939 2646 1115 2711 usque
1172 2649 1387 2710 tempus
1442 2639 1724 2696 residuum
1775 2634 2244 2707 manseritﬁQuze

666 2730 852 2788 omnia
893 2731 1137 2802 perpessi
1180 2740 1336 2795 sunt,
1357 2731 1438 2784 ira
1470 2729 1566 2787 Dei
1597 2747 1710 2787 non
1741 2732 1839 2787 diu
1874 2742 1998 2804 post
2031 2736 2244 2803 passio-

665 2837 790 2877 nem
817 2822 959 2894 ejus,
987 2823 1058 2878 ob
1085 2823 1324 2878 admissa
1357 2831 1549 2878 contra
1580 2825 1757 2895 ipsum
1786 2823 2051 2888 facinora,
2074 2832 2240 2878 totam

663 2925 856 2967 eorum
890 2920 1106 2982 gentem
1134 2911 1442 2967 invadente.
1465 2912 1607 2978 Quae
1645 2915 1761 2984 ipse
1793 2912 2134 2984 significabat
2157 2914 2242 2970 his

664 3000 865 3068 verbis,
897 2999 960 3056 In
1006 3001 1460 3054 me'transierttnt
1504 3003 1600 3055 ira:
1652 3009 1778 3067 tuaz‘,
1811 3017 1876 3055 ac
1918 3002 1966 3056 si
2012 3001 2240 3068 diceret,

663 3090 892 3161 Propter
927 3107 1038 3156 me;
1077 3092 1192 3148 sive
1212 3092 1511 3148 secundum
1542 3091 1949 3165 Symmachum,
1985 3093 2091 3148 Per
2122 3110 2236 3155 me;

662 3185 794 3256 quia
851 3183 1156 3257 secundum
1211 3185 1290 3238 rei
1334 3185 1616 3240 veritatem
1645 3185 1773 3239 talia
1804 3193 2024 3257 propter
2049 3186 2235 3256 ipsum

661 3278 812 3349 passi
851 3283 998 3334 sunt.
1034 3275 1149 3332 lmo
1190 3277 1354 3333 etiam
1399 3279 1616 3332 illorum
1649 3278 1859 3333 cladem
1897 3280 2236 3349 prbspiciens

659 3370 895 3435 dicebat,
954 3369 1201 3426 Ter-rores
1247 3373 1322 3425 tui
1370 3371 1810 3425 conturbauerunt
1850 3385 1957 3426 me.
2009 3370 2236 3425 Etiamsi

658 3464 806 3521 enim
839 3471 1085 3521 terrores
1114 3463 1232 3530 Dei,
1259 3480 1398 3536 quos
1423 3465 1558 3536 ipsis
1589 3465 1870 3534 propheta:
1917 3464 2228 3518 intermina-

657 3556 878 3624 bantur,
893 3573 990 3613 eos
1006 3559 1075 3613 ob
1091 3557 1346 3614 duritiem
1365 3557 1547 3613 cordis
1583 3572 1692 3611 non
1707 3555 2092 3612 conturbarent
2113 3573 2128 3622 ;
2149 3570 2236 3610 me

655 3657 859 3714 tamen,
878 3649 1080 3721 inquit,
1098 3649 1193 3720 qui
1211 3650 1538 3704 terribilium
1559 3663 1874 3703 sermonum
1891 3654 2107 3702 tuorum
2121 3646 2234 3700 exi-

654 3749 771 3796 tum
793 3741 1212 3811 "prespicerem,
1248 3749 1486 3794 terrores
1515 3738 1592 3792 tui
1625 3737 2109 3796 conturbaverunt.
2142 3734 2233 3791 Sic

653 3831 839 3902 itaque
872 3831 943 3886 ob
970 3847 1163 3888 eorum
1205 3830 1514 3901 impietates
1536 3829 1752 3886 Patrem
1785 3843 1884 3900 pro
1908 3829 2017 3885 illis
2040 3827 2232 3898 depreo

651 3936 809 3988 cans,
845 3923 1030 3978 animo
1060 3923 1216 3999 valde
1239 3933 1490 3988 maestus,
1525 3924 1881 3994 ipsorumque
1924 3936 2089 3978 causa
2114 3929 2230 3975 tur-

649 4004 831 4081 batus,
858 4018 1037 4079 tristis
1065 4024 1182 4072 erat
1206 4033 1379 4086 usque
1406 4015 1473 4070 ad
1509 4023 1736 4072 mortem
1773 4036 1784 4070 :
1819 4016 1947 4086 quia
1978 4015 2222 4070 immine-

648 4111 785 4166 bant
833 4112 941 4167 illis
989 4112 1084 4165 irae
1129 4110 1221 4165 Dei
1254 4113 1391 4178 tela;
1428 4112 1502 4165 ita
1534 4119 1594 4166 ut
1624 4111 1924 4172 orationes,
1957 4124 2095 4179 quas
2130 4125 2228 4179 pro

641 4194 760 4258 illis
810 4203 1117 4265 emittebat,
1144 4202 1284 4256 nihil
1334 4202 1439 4256 loci
1486 4202 1784 4257 baberent:
1817 4215 1989 4270 quare
2016 4215 2141 4254 cum
2170 4200 2226 4254 in

648 4295 959 4366 Evangeliis
991 4309 1198 4365 pronus
1224 4301 1278 4349 et
1306 4293 1672 4364 procumbens
1704 4295 1758 4348 in
1791 4293 1984 4348 faciem
2009 4292 2226 4361 jacens-

2341 1991 2484 2062 ικρὸν
2546 1994 2974 2066 ἐπελευσομένην
3044 1995 3226 2060 αὐτοῖς
3267 1996 3436 2068 ὀργὴν
3463 2037 3478 2060 ,
3543 1997 3666 2068 ἥτις
3735 1999 3892 2052 αὐτῶν

2351 2081 2559 2153 ἀθρόως
2598 2082 2668 2137 τὰ
2720 2085 2892 2155 σεμνὰ
2935 2086 3114 2141 πάντα
3164 2085 3487 2159 ὲξηφάνισεν
3525 2105 3538 2118 ·
3587 2089 3662 2151 ὡς
3695 2090 3759 2142 τὰ
3807 2091 3890 2160 μὲν

2353 2176 2518 2243 Ἀγια
2544 2173 2662 2228 τῶν
2703 2175 2917 2244 ἁγίων,
2948 2178 3042 2230 καὶ
3077 2177 3141 2231 τὸ
3171 2177 3550 2251 θυσιαστήριον
3593 2181 3658 2234 ὲκ
3698 2180 3886 2253 βάθρων

2349 2265 2683 2332 ἀπολέσθαι,
2724 2265 2976 2338 βασιλέας
3018 2267 3077 2321 δὲ
3114 2267 3315 2333 αὐτῶν,
3362 2272 3488 2335 τοὺς
3527 2273 3592 2324 ὲκ
3637 2273 3889 2341 προγόνων

2347 2357 2597 2428 διαδοχῆς
2626 2359 2708 2420 ἐίς
2729 2358 2903 2410 ἐκεῖνο
2935 2356 3128 2428 καιροῦ
3159 2357 3574 2430 διάρκέσαντας,
3609 2360 3889 2430 καταλυθῆ-

2347 2469 2454 2517 ναι,
2500 2454 2600 2523 τήν
2640 2469 2698 2505 τε
2732 2451 3061 2522 αὐτονομίαν
3097 2450 3220 2506 καθ’
3251 2451 3320 2524 ῆν
3353 2452 3412 2520 ἑξ
3451 2453 3652 2517 ἀἰῶνος
3697 2453 3887 2525 μακροῦ

2346 2546 2720 2601 ἐπολιτεύοντο
2739 2585 2752 2609 ,
2788 2545 2883 2600 καὶ
2913 2545 3012 2614 τὴν
3059 2546 3199 2601 κατά
3242 2546 3437 2618 νόμους
3479 2545 3731 2618 λατρείαν
3767 2548 3885 2616 αὐτῇ

2345 2638 2610 2710 ἱερωσύνῃ
2660 2637 2753 2691 καὶ
2807 2639 2918 2701 τοῖς
2957 2638 3166 2701 λοιποζς
3199 2639 3442 2709 ἡγεμόσι
3489 2655 3548 2693 τε
3595 2637 3768 2692 αὐτῶν
3809 2640 3888 2692 καί

2345 2729 2596 2802 ἄρχουσιν
2624 2726 3061 2800 ἀποσϐεσθῆναι*
3093 2728 3170 2792 ὡς
3201 2729 3334 2802 μηδὲ
3367 2731 3511 2802 [χνος
3533 2729 3707 2783 αὐτῶν
3739 2730 3885 2784 εἰσέτι

2343 2821 2437 2873 νῦν
2475 2819 2905 2893 πριλείπεσθαι.
2937 2823 3005 2874 Ἀ
3025 2819 3091 2892 δὴ
3125 2821 3300 2877 πάντα
3329 2821 3657 2876 πεπόνθασιν
3685 2821 3886 2891 ὑπὸτῆς

2341 2913 2508 2984 ὀργῆς
2537 2909 2631 2964 τοῦ
2663 2911 2822 2977 Θεοῦ,
2854 2913 2952 2984 τῆς
2988 2914 3088 2967 οὐκ
3113 2916 3198 2978 είς·
3233 2914 3444 2986 μακρὸν
3472 2913 3612 2985 μετὰ
3641 2915 3704 2969 τὸ
3735 2913 3885 2976 πάθος

2342 3004 2506 3058 αὑτοῦ
2553 3004 2615 3076 τὸ
2659 3006 2768 3058 πᾶν
2821 3004 3000 3058 αὐτῶν
3050 3005 3200 3069 ἔθνος
3251 3006 3662 3079 καταλαϐούσης
3692 3006 3785 3060 διὰ
3828 3007 3883 3059 τὰ

2340 3096 2716 3167 τετολμημένα
2745 3097 2928 3160 αὐτοῖς
2949 3099 3070 3150 κατ’
3101 3095 3265 3150 αὐτοῦ
3287 3116 3299 3127 ·
3333 3097 3370 3152 ἃ
3390 3097 3454 3168 δὴ
3484 3097 3667 3169 ἐδήλου
3695 3098 3880 3166 λέγων·

2354 3189 2478 3242 Ἐπ’
2507 3186 2613 3257 ἐμὲ
2651 3187 2904 3258 διῆλθον
2935 3193 2994 3244 al
3042 3190 3212 3259 ὀργαί
3247 3205 3364 3244 σου
3397 3207 3412 3222 ο
3449 3190 3583 3244 ὡσεὶ
3606 3190 3754 3258 ἔλεγε
3773 3229 3787 3254 ,
3813 3187 3882 3242 Δι’

2262 3242 2306 3300 (³
2335 3278 2438 3347 ἐμέ
2461 3295 2474 3308 -
2508 3242 2554 3350 η’
2575 3242 2723 3334 κατά
2734 3242 2826 3333 ζει
2845 3242 2924 3332 Σύ
2933 3242 3275 3350 satis,“
3295 3242 3442 3349 ἐμοῦ
3462 3296 3476 3310 ο
3507 3242 3630 3334 ιω
3653 3242 3746 3334 At
3761 3242 3881 3334 alma

2335 3371 2425 3424 τὸν
2449 3370 2620 3442 ἀληθῆ
2669 3371 2824 3439 λόγον
2863 3371 2934 3425 δι’
2950 3372 3112 3425 αὐτὸν
3144 3369 3314 3436 ταῦτα
3347 3371 3524 3426 πάντα
3554 3370 3876 3425 πεπόνθασιν.

2348 3463 2506 3538 Ἀλλὰ
2553 3465 2647 3518 καὶ
2692 3464 2939 3538 προορῶν
2976 3464 3156 3518 αὐτῶν
3198 3463 3290 3519 τὸν
3331 3463 3552 3536 όλεθρον
3591 3465 3797 3534 ἔλεγεν·
3826 3465 3879 3516 Ol

2333 3536 2683 3624 φοϐερισμοί
2727 3536 2843 3608 σου
2884 3551 3256 3622 ἐξετάραεάν
3296 3571 3391 3624 με.
3441 3555 3506 3609 El
3543 3554 3652 3625 γὰρ
3698 3555 3785 3608 καὶ
3823 3554 3878 3605 τὰ

2337 3645 2571 3718 μάλισια
2616 3645 2703 3701 διά
2742 3647 2840 3719 τὴν
2878 3648 3231 3718 ἀναισθησίαν
3273 3647 3374 3700 οὐκ
3422 3647 3716 3720 ἐτάραττον
3759 3647 3876 3700 ὲκεί-

2333 3745 2456 3802 νους
2491 3741 2540 3792 oi
2569 3737 2659 3792 διὰ
2697 3739 2805 3792 τῶν
2838 3740 3133 3812 προφητῶν
3172 3738 3556 3811 ἀπειλούμενοι
3581 3741 3699 3794 κατ’
3721 3739 3874 3794 αὐτῶν

2333 3828 2654 3900 φοϐερισμοὶ
2687 3829 2781 3882 τοῦ
2809 3828 2970 3898 Θεοῦ,
3015 3828 3132 3884 ἀλλ’
3157 3829 3279 3900 ἐμὲ.
3317 3830 3502 3900 φησιν,
3542 3829 3751 3902 ὁρῶντα
3783 3829 3874 3881 τῶν

2331 3921 2578 3994 φοϐερῶν
2629 3939 2724 3975 σου
2771 3921 2944 3991 λόγων
2992 3922 3415 3988 τὰς,ὲκ6ἀσεις,
3453 3913 3800 3995 ἐξετάρασσον
3835 3924 3872 3972 si

2330 4007 2652 4080 φοϐερισμοί
2681 4026 2797 4063 σου.
2830 4007 3022 4075 Οὕτως
3055 4005 3147 4064 οὖν
3185 4006 3273 4065 sua
3309 4011 3408 4076 τὰς
3447 4007 3672 4067 ἐκείνων
3702 4014 3869 4068 δυσσε-

2329 4098 2483 4163 6είας
2513 4100 2851 4173 παρακαλῶν
2881 4102 2976 4156 τὸν
3015 4103 3235 4174 Πατέρα
3265 4103 3405 4175 ὑπὲρ
3429 4104 3633 4169 αὐτῶν,
3671 4105 3759 4160 καὶ
3789 4105 3870 4173 τὴν

2325 4188 2501 4260 ψυχὴν
2524 4191 2847 4262 ὑπεραλγῶν
2872 4193 2964 4246 καὶ
2995 4192 3063 4245 δι’
3090 4193 3288 4257 αὐτοὺς
3307 4195 3723 4266 ταραττόμενος,
3743 4194 3868 4262 περί.

2326 4279 2494 4344 λυπος
2530 4276 2598 4352 ἦν
2643 4281 2804 4355 μέχρι
2842 4282 3071 4338 θανάτου
3092 4300 3106 4314 ο
3138 4285 3324 4356 ἐπειδὴ
3362 4284 3432 4338 τὰ
3467 4287 3567 4357 τῆς
3599 4285 3764 4358 όργῆς
3793 4280 3865 4335 τοῦ

2326 4372 2459 4426 Θεοῦ
2492 4374 2738 4446 σφοδρῶς
2769 4375 3020 4430 ἐπέκειτο
3050 4379 3172 4431 κατ’
3201 4378 3400 4443 αὐτῶν,
3435 4377 3512 4442 ὡς
3535 4379 3666 4450 μηδὲ
3693 4376 3864 4454 τυγχά-

646 4402 752 4458 que
781 4401 969 4458 preces
1012 4387 1304 4453 emitteret,
1347 4385 1568 4455 haecque
1609 4387 1916 4439 clamaret:
1950 4382 2138 4448 Pater,
2173 4383 2225 4436 si

643 4481 892 4551 possibile
920 4489 1017 4545 est,
1045 4487 1280 4534 transeat
1305 4494 1336 4533 a
1377 4494 1456 4531 me
1486 4478 1628 4532 calix
1652 4478 1750 4531 iste
1779 4477 1818 4506 “
1842 4492 1856 4542 ;
1886 4474 2102 4538 deinde,
2133 4474 2224 4529 ubi

2345 4481 2436 4517 ιειν
2469 4465 2578 4517 τῶν
2609 4466 2801 4536 εὐχῶν,
2849 4462 2925 4524 ὧν
2950 4469 3266 4541 ἀνέπεμπεν
3301 4470 3441 4541 ὑπὲρ
3468 4470 3648 4523 αὐτῶν
3667 4487 3682 4500 ·
3721 4467 3781 4527 δι’
3803 4461 3860 4518 ὧν

644 4573 779 4634 vidit
804 4569 981 4626 Patris
1003 4571 1336 4627 voluntatem
1367 4570 1629 4632 abnuere,
1654 4565 1958 4637 subiunxit,
2001 4563 2223 4619 Veram-

2345 4557 2658 4628 ταρακαλῶν
2695 4560 2787 4611 καὶ
2813 4559 3066 4629 δεόμενος
3093 4562 3151 4613 ιν
3178 4562 3291 4622 τοῖς
3326 4560 3677 4650 Εὐαγγελίοις
3729 4573 3863 4628 προσο
3919 4559 3925 4582 "

645 4670 817 4714 tamen
847 4677 949 4714 non
992 4662 1127 4716 sicut
1147 4677 1240 4730 ego
1265 4659 1404 4723 volo,
1435 4658 1524 4713 sed
1554 4659 1691 4712 sicut
1721 4664 1778 4708 tu
1793 4655 1857 4709 ¹¹.
1887 4653 1952 4707 Et
1975 4653 2220 4708 secundo

2345 4648 2556 4702 ἔπιπτεν
2599 4650 2812 4721 πρηνής
2846 4667 2906 4704 τε
2948 4651 3086 4704 κατά
3135 4648 3706 4723 προσώπουίκείμενος
3726 4648 3860 4707 ἐϐόα,
3919 4687 3923 4709 ε

643 4749 833 4804 abiens
859 4750 1169 4818 procumbit
1195 4751 1251 4804 in
1283 4749 1498 4813 faciem,
1517 4757 1571 4804 et
1604 4748 1689 4802 his
1716 4743 1895 4801 verbis
1922 4753 2078 4798 orat:
2108 4742 2218 4796 Pa-

2345 4740 2544 4809 Πάτερ,
2579 4739 2770 4810 λέγων,
2811 4744 2866 4795 ει
2896 4740 3178 4805 δυνατὸν,
3209 4740 3554 4810 παρελθέτω
3597 4742 3659 4795 τὸ
3711 4739 3861 4803 ποτή-
3913 4783 3921 4818 ἐ

643 4849 740 4904 ter,
773 4839 820 4892 si
870 4839 1118 4908 possibile
1171 4857 1273 4896 non
1310 4850 1386 4894 est
1418 4849 1477 4893 ut
1504 4839 1586 4893 hic
1617 4846 1877 4900 transeat,
1911 4836 2014 4890 nisi
2044 4835 2216 4889 bibam

2345 4849 2454 4886 nor
2498 4831 2674 4888 τοῦτο
2715 4832 2816 4887 ἀπ’
2847 4831 2993 4902 ἐμοῦ
3015 4848 3030 4862 ο
3063 4827 3162 4886 εἷθ’
3198 4831 3340 4905 όρῶν
3385 4831 3742 4886 ἀνανεύουοαν
3783 4829 3859 4898 τὴν
3910 4859 3919 4916 3

639 4932 815 4996 illam,
852 4932 951 5001 fiat
981 4933 1222 5003 voluntas
1254 4941 1349 4984 tua
1368 4930 1445 4995 ¹⁸;
1481 4946 1543 4983 ac
1563 4931 1724 4986 tertio
1755 4916 2036 5001 prdfectus
2065 4941 2220 4982 eum-

2345 4925 2517 4997 ιουλὴν
2558 4925 2654 4979 τοῦ
2705 4925 2951 4998 Πατρδς,
2989 4926 3266 4997 -έπέφερε.
3298 4923 3473 4992 Πλὴν
3499 4924 3635 4980 ἀλλ.
3661 4927 3765 4992 οὐχ
3797 4923 3858 4984 ὡς

638 5024 761 5079 dem
819 5001 1124 5082 sermonem
1156 5023 1402 5092 protulit.
1430 5022 1611 5088 Quare
1635 5022 1877 5092 idipsum
1909 5020 1994 5076 his
2033 5018 2215 5074 verbis

2459 5018 2633 5084 θέλω,
2665 5020 2803 5074 ἀλλ’
2837 5019 2917 5086 ὡς
2940 5019 3042 5073 σύ.
3077 5019 3188 5072 Καὶ
3219 5005 3468 5092 ὰύτέρον
3499 5004 3760 5082 ἀπελθὼν,
3785 5015 3857 5069 ἐπὶ

637 5112 980 5184 significabat
1007 5129 1023 5167 :
1056 5091 1273 5182 Ulqiu'd,
1293 5111 1535 5176 Domine,
1556 5091 1762 5182 repellis
1780 5113 2012 5166 animam
2026 5126 2219 5166 meant.

2345 5111 2615 5182 τρόσωπον
2652 5113 2860 5177 πίπτει,
2906 5111 3000 5188 stat
3038 5109 3396 5202 προσεύχεται
3428 5111 3630 5181 λέγων·
3670 5109 3853 5202 Πάτερ.

635 5206 827 5259 avertis
882 5205 1074 5274 faciem
1110 5213 1256 5257 tuam
1304 5221 1337 5257 a
1385 5206 1505 5259 me?
1529 5213 1584 5259 et
1616 5204 1771 5269 illud,
1791 5203 1858 5259 ιιι
1880 5220 1961 5259 me
1983 5204 2212 5258 transie-

2345 5206 2369 5257 πὶ
2397 5206 2467 5259 οὐ
2496 5204 2745 5259 δύναται
2772 5203 2948 5258 τοῦτο
2973 5201 3308 5270 παρελθεῖν,
3337 5203 3444 5257 ἐὰν
3461 5203 3549 5274 μὴ
3577 5203 3718 5258 αὐτὸ
3743 5201 3851 5258 πίω.
3910 5207 3913 5264 ἕ

635 5305 760 5350 rant
807 5299 901 5351 ira:
968 5306 1113 5362 tuae,
1186 5305 1410 5350 terrores
1466 5296 1544 5348 tui
1589 5296 2030 5352 conturbauerunt
2091 5311 2194 5348 me.

2345 5298 2613 5366 ενηθήτω
2628 5299 2692 5352 τό
2713 5294 2943 5368 θέλημά
2955 5313 3069 5351 σου
3090 5311 3103 5323 ’
3127 5297 3411 5370 καὶτρετον
3427 5299 3483 5352 δὲ
3495 5293 3851 5370 πορευθεὶςτὺν
3910 5275 3913 5370 ξ

633 5386 836 5444 Videns
872 5388 1053 5444 autem
1081 5388 1236 5460 longe
1267 5402 1297 5442 a
1326 5387 1502 5442 salute
1545 5385 1642 5443 Dei
1671 5389 1946 5444 excidisse
1971 5403 2070 5464 eos
2101 5401 2199 5457 pro

2345 5390 2476 5443 ιὺτὺν
2491 5390 2645 5459 λόγον
2661 5388 2951 5461 προῦφερε.
2977 5387 3066 5441 Διὸ
3087 5387 3149 5458 δὴ
3163 5389 3332 5442 ταῦτα
3370 5389 3644 5462 σημαίνων
3666 5379 3763 5440 ’καὶ
3781 5381 3849 5436 διὰ
3909 5371 3911 5424 4

633 5482 832 5552 quibus
878 5482 1153 5539 orationes
1205 5479 1536 5542 eﬂundebat,
1569 5494 1669 5552 pro
1717 5481 1910 5538 iisdem
1951 5481 2054 5537 sibi
2099 5493 2197 5548 pa-

2345 5482 2412 5536 ὦν
2431 5483 2803 5555 προκειμένων
2814 5479 3023 5549 ἔλεγεν
3043 5480 3175 5535 Ἵνα
3191 5483 3247 5536 τί
3264 5522 3279 5547 ,
3298 5476 3745 5550 Κύριεβπωθεᾶ·
3759 5471 3848 5538 τὴν
3905 5549 3908 5552 ἢ

632 5586 774 5629 trum
812 5589 1038 5630 suorum
1066 5587 1230 5631 causa
1256 5573 2073 5636 charissimisetdilectissimis,
2099 5571 2200 5625 di-

2345 5573 2515 5644 -υχήν
2533 5591 2672 5646 μου,
2711 5569 3106 5640 ἀποστρέφεις
3145 5573 3212 5627 τὸ
3259 5575 3586 5643 πρόσωπόν
3616 5584 3739 5645 σου,
3765 5561 3846 5618 ἀπ’
3895 5579 3907 5654 ε

630 5667 789 5722 cebat
821 5686 832 5720 :
865 5665 1143 5737 Elongasti
1172 5683 1204 5720 a
1231 5683 1314 5721 me
1339 5668 1566 5721 anticum
1591 5675 1640 5722 et
1660 5669 1980 5737 proximam,
2007 5675 2057 5721 et
2099 5681 2194 5718 uo-

2345 5667 2482 5732 ιιοῦ;
2516 5668 2612 5722 και
2637 5666 2728 5733 τὸ,
2769 5665 2896 5720 Ἐπ’
2933 5664 3038 5736 ἐμὲ
3075 5664 3323 5736 διῆλθον
3362 5671 3423 5723 αι
3459 5664 3626 5736 ὀργαί
3654 5674 3778 5726 σου,
3800 5657 3839 5710 o.‘

706 5843 748 5872 ί·
787 5839 890 5898 lsa.
926 5857 1049 5907 ιιιι,
1089 5842 1140 5898 5.
1215 5844 1251 5875 "
1301 5840 1487 5899 Matth.
1527 5859 1654 5902 uvt
1679 5885 1694 5914 ,
1733 5845 1820 5903 '69.
1899 5845 1942 5878 ¹¹
1985 5841 2120 5899 ibid.
2202 5841 2243 5875 “

2345 5841 2417 5899 id.
2457 5841 2545 5896 42.
