3974 6354
77 421 191 479 1069
1195 412 1694 470 COMMENTARIA
1732 415 1801 469 IN
1835 411 2172 468 PSALMOS.
3121 409 3254 474 1070

75 532 386 604 ροϐερισμοί
419 545 535 586 σου
561 529 1042 601 ἐξετάραξάνέιε.
1091 528 1260 602 Ὁρῶν
1291 532 1348 584 δὲ
1383 533 1598 603 μακρὰν

1711 543 1779 586 ξοδ
1837 549 1976 587 meos
2031 549 2064 585 a
2119 529 2348 584 miseria.
2379 528 2586 582 Iudicat
2615 534 2793 580 autem
2824 540 2919 580 eos
2948 525 3005 579 in
3033 523 3256 580 Iudaica

77 622 406 684 ἐκπίπτοντας
436 621 534 692 τῆς
582 620 674 674 τοῦ
718 619 851 674 Θεοῦ
898 621 1166 691 σωτηρίας
1205 623 1330 683 τοὺς
1358 620 1496 691 ὑπὲρ
1525 615 1600 674 ὧν

77 715 155 776 τὰς
182 712 338 782 εὐχὰς
368 711 601 774 ἐποιεῖτο
632 713 914 783 φιλτάτους
952 712 1111 775 ὄντας
1143 710 1304 765 αὑτοῦ
1349 712 1442 764 καὶ¹
1472 712 1601 779 ἀγα-

75 806 251 875 πητοὺς
277 804 364 857 διὰ
389 805 513 868 τοὺς
538 805 796 876 πατέρας,
841 803 1022 873 έλεγεν
1039 821 1050 832 ·
1096 801 1466 872 Ἐμάκρυνας
1499 803 1600 856 ἀπ’

84 894 194 964 εμοῦ
219 896 398 964 φίλον
423 897 520 949 καὶ
554 897 834 963 πλησίον,
861 896 960 950 καὶ
988 896 1129 962 τοὺς
1159 898 1464 965 Truc:er
1481 914 1598 966 μου

89 987 169 1038 ind
199 987 610 1054 ταλαιπωρίας.
651 987 811 1057 Δηλοί
847 986 904 1040 δὲ
942 987 1063 1051 τοὺς
1085 990 1142 1040 ἐν
1169 988 1248 1059 τῷ
1284 987 1425 1042 ἔθνει
1463 1004 1600 1057 γνω-

1707 714 1888 782 portio
1914 720 1968 767 et
1997 711 2286 767 haereditas
2332 708 2504 778 ipsius
2537 714 2712 769 erant,
2749 705 2941 762 sed.ob
2974 718 3127 759 suam
3169 704 3257 758 in-

1706 803 2080 859 credulitatem
2110 817 2238 856 vere
2262 800 2449 871 procul
2483 797 2552 852 ab
2575 813 2640 853 eo
2670 795 2863 852 remoti
2893 801 3053 860 sunt;
3086 801 3141 848 et
3164 794 3259 865 qui

1707 895 1834 950 oiim
1857 895 2016 949 amici
2051 893 2287 957 fuerant,
2316 906 2435 947 sese
2459 890 2711 944 inimicos
2747 887 3178 952 constituerunt;
3206 893 3262 940 et

1708 1001 1831 1041 cum
1869 985 1984 1040 noti
2011 984 2130 1054 ejus
2169 990 2381 1046 essent,
2420 980 2724 1036 venientem
2754 978 2930 1045 ipsum
2955 989 3061 1029 non
3093 988 3260 1028 nove-

1707 1084 1853 1143 runt,
1878 1090 2053 1144 neque
2082 1078 2460 1141 susceperunt.
2491 1067 2735 1134 Quorum
2762 1067 3000 1121 omnium
3033 1079 3197 1119 causa
3230 1078 3261 1117 a

75 1187 149 1240 ρος
169 1166 301 1242 ἦσαν
325 1170 489 1224 αὑτοῦ
521 1173 616 1224 καὶ
647 1162 1009 1244 κληρονομίαλ
1044 1173 1157 1226 ἀλλ’
1184 1172 1600 1244 ἐμακρύνθησαν

1711 1166 1816 1221 Deo
1861 1168 2020 1235 longe
2061 1164 2190 1218 iacti
2222 1169 2370 1227 sunt,
2404 1160 2476 1214 ob
2501 1158 2772 1213 miseriam
2802 1157 3052 1212 videlicet
3085 1170 3258 1210 suam.

74 1260 262 1331 ἀληθῶς
302 1263 396 1317 ἀπ’
440 1261 601 1317 αὐτοῦ
651 1261 738 1316 διὰ
790 1263 886 1335 τῆς
927 1263 1132 1318 ἑαυτῶν
1167 1264 1458 1328 ἀπιστίας·
1507 1263 1600 1315 καὶ

1711 1259 1800 1313 Sic
1831 1261 1996 1330 igitur
2015 1273 2044 1311 a
2065 1257 2176 1311 Deo
2197 1255 2516 1328 exciderunt
2545 1251 2840 1308 secundum
2864 1249 2993 1303 illud
3015 1249 3216 1302 dictum
3243 1264 3257 1300 :

74 1352 215 1405 πάλαι
261 1355 408 1417 ὄντες
455 1353 622 1423 φίλοι,
674 1331 900 1429 ἐχθροίδς
946 1357 1168 1419 ἑαυτοὺς
1220 1355 1595 1425 κατέστησαν·

1711 1350 1970 1416 Quoniam
1990 1351 2079 1420 qui
2106 1348 2349 1417 elongant
2381 1364 2434 1401 se
2473 1364 2506 1400 a
2535 1355 2582 1400 te
2606 1331 2842 1415 peribunt
2863 1344 2924 1397 ”.
2957 1340 3132 1411 Atque
3158 1339 3263 1394 huc

72 1442 149 1492 καὶ
172 1443 393 1509 γνωστοὶ
427 1444 783 1516 τυγχάνοντες
821 1444 1004 1510 αὐτοῦ,
1051 1433 1272 1499 ἐλθόντα
1311 1446 1470 1499 αὺτὸν
1497 1447 1596 1498 οὐκ

1711 1444 1961 1500 desinunt
1984 1443 2178 1512 psalmi
2197 1440 2458 1495 Filiorum
2485 1438 2618 1493 Core
2647 1436 2915 1505 inscripti.

72 1534 355 1602 ἐπέγνωσαν
374 1577 390 1599 ,
443 1537 563 1591 οὐδὲ
611 1538 988 1610 παρεδέξαντο.
1036 1534 1135 1594 Ὧν
1183 1539 1345 1592 ἓνεκα
1387 1540 1600 1594 πάντων
1638 1524 1733 1592 καὶ
1762 1537 1867 1590 ἀπὸ
1895 1536 1987 1589 τοῦ
2032 1533 2166 1589 Θεοῦ
2197 1531 2612 1604 ἐμακρύνθησαν
2638 1529 2702 1582 δι’
2728 1530 2903 1582 αἰτίαν
2932 1527 3030 1597 τῆς
3061 1523 3265 1579 ἐαυτῶν

69 1624 431 1698 ταλαιπωρίας.
496 1627 652 1683 Οὕτω
709 1629 754 1683 δ’
827 1626 919 1684 οὖν
972 1631 1063 1683 καὶ
1120 1632 1506 1683 ἐκπεπτώκασι
1559 1629 1652 1683 τοῦ
1692 1628 1823 1681 Θεοῦ
1855 1627 1996 1682 κατὰ
2020 1627 2080 1679 τὸ
2136 1626 2340 1694 φάσκον
2375 1623 2571 1691 λόγιον,
2611 1622 2726 1673 Ὅτι
2768 1623 2822 1673 οἱ
2859 1618 3265 1688 μακρύνοντες

70 1720 293 1789 ἑαυτοὺς
349 1722 466 1778 ἀπὸ
515 1725 631 1778 σοῦ
665 1726 1046 1781 ἀπολοῦνται.
1081 1727 1189 1780 Καὶ
1228 1727 1308 1790 είς
1343 1725 1501 1780 τοῦτο
1542 1725 1932 1797 καταλήγουσιν
1969 1725 2017 1776 οἱ
2053 1720 2515 1793 ἐπιγεγραμμένοι
2557 1717 2662 1771 τῶν
2699 1715 2842 1769 υἱῶν
2860 1714 3009 1782 Κορὲ
3039 1705 3260 1783 ψαλμοί.

79 1079 209 1141 ποὺς
226 1078 380 1142 ὄντας
404 1078 565 1132 αὑτοῦ
595 1079 852 1150 πρότερον
877 1080 969 1132 καὶ
989 1079 1199 1149 φίλουςο
1236 1082 1355 1133 ἐπεὶ
1382 1081 1474 1135 καὶ
1508 1081 1600 1150 μέ-

1707 633 1864 694 gente
1885 625 1979 694 qui
2008 622 2215 693 pridem
2236 620 2357 674 -noti
2391 620 2491 673 sibi
2514 619 2742 674 et'amici
2763 623 2968 681 essent,
3000 616 3258 685 quoniam
3361 644 3364 648 -

192 1861 533 1954 ΣΥΝΕΣΕΩΣ
567 1864 774 1918 MBAN
811 1865 897 1935 Ἰᾭ
934 1865 1282 1938 ΕΣΔΡΑΙΤῌ.
1332 1864 1462 1919 ΠΗ’.

102 2084 106 2088 .
133 2000 200 2054 Τὰ
232 2000 367 2069 ὲλέη
397 2001 503 2056 τοῦ
529 2004 746 2072 Κυρίου
779 2007 865 2070 είς
900 2005 1005 2058 τὸν
1025 2005 1208 2060 αἰῶνα
1232 2005 1467 2076 ᾄσομαι.
1505 2007 1606 2073 Εἰς

70 2096 258 2162 γενεὰν
299 2095 398 2148 καὶ
435 2096 650 2165 γενεὰν
688 2096 1144 2171 ἀπαγγελῶιτὴν
1182 2098 1469 2169 ἀλήθειάν
1490 2115 1605 2154 σου

69 2187 127 2236 ἐν
148 2184 219 2252 τῷ
255 2187 505 2256 στόματί
536 2206 673 2257 μου.
691 2188 906 2265 Ἐπειδὴ
935 2189 1135 2259 προῖὼν
1158 2188 1282 2261 ἑξῆς
1311 2189 1492 2260 μέλλει
1517 2189 1606 2242 λέ·-

70 2294 199 2345 γεινο
232 2281 355 2334 Ποῦ
391 2284 509 2335 εισι
544 2280 617 2334 τὰ
654 2282 791 2350 έλέη
833 2297 948 2336 σου
984 2281 1055 2336 τὰ
1088 2282 1320 2351 ἀρχαῖα,
1354 2283 1545 2350 Κύριε,
1569 2281 1608 2337 ἁ

69 2368 284 2438 ὤμοσας
300 2369 380 2435 τῷ
399 2370 577 2424 Δαυῒδ
597 2373 665 2425 ἐν
683 2371 756 2441 τῇ
777 2373 1022 2440 ἀληθείᾳ
1045 2387 1191 2437 σου;
1213 2359 1612 2443 προθεραπεύει

69 2459 120 2510 τὺ
145 2459 322 2530 μέλλον
354 2462 684 2535 ῥηθήσεσθαι
709 2465 796 2518 διὰ
819 2465 927 2518 τῶν
960 2465 1354 2536 προκειμένων,
1384 2463 1605 2533 δυνάμει

68 2549 204 2602 τοῦτο
243 2550 446 2619 λέγων·
491 2554 552 2606 El
589 2555 682 2608 καὶ
724 2555 791 2608 τὰ
833 2555 1143 2626 ἀνθρώπινα
1190 2554 1484 2626 πράγματα
1508 2553 1606 2623 τὴν

69 2640 189 2709 ἐμὴν
214 2640 384 2712 ψυχὴν
411 2643 490 2704 εἰς
515 2643 816 2713 ἀμηχανίαν
838 2644 1140 2713 ἐμϐαλόντα
1172 2643 1443 2716 ταράττει,
1466 2641 1607 2710 ἴλιγ-

70 2732 148 2799 γόν
174 2733 230 2786 τέ
258 2751 347 2805 μοι
382 2729 485 2788 καῖ
501 2735 730 2812 ἀπορίαν
760 2737 992 2806 ἐμποιεῖ,
1023 2735 1128 2790 τῶν
1160 2736 1286 2799 σῶν,
1323 2729 1374 2789 ὦ
1415 2736 1605 2807 Κύριε,

70 2825 347 2894 χριμάτων,
379 2825 453 2889 ὡς
479 2825 688 2897 μέλλειν
723 2828 914 2898 μικρὸν
939 2827 1160 2904 ὕστερον
1186 2829 1495 2901 ἁποτολμᾷν
1516 2831 1609 2883 καὶ

70 2918 288 2988 ἀπορεῖν,
316 2919 456 2991 ὑπὲρ
499 2912 572 2972 ὧν
621 2919 685 2972 σὺ
728 2920 826 2989 μὲν
864 2921 895 2971 ὁ
936 2919 1169 2993 ἀψευδὴς
1188 2921 1318 2984 Θεὸς
1355 2922 1490 2994 πρὸς
1518 2917 1636 2976 τδν’

69 3006 212 3062 Δαυῒδ
237 3009 574 3078 ἐπαγγελιῶν
593 3011 884 3082 πεποίησαι
905 3025 917 3038 δ
941 3011 1194 3065 τάναντία
1217 3012 1274 3065 δὲ
1297 3012 1608 3085 συμϐέϐηκε

68 3103 173 3164 ταῖς
202 3105 321 3166 σαῖς
354 3102 709 3173 ὑποσχέσεσι·
741 3102 821 3155 διὸ
869 3104 962 3155 καὶ
1005 3102 1182 3174 μέλλω
1228 3104 1405 3174 λέγειν
1429 3121 1443 3136 ο
1483 3105 1608 3160 Ποῦ

69 3194 169 3246 εισι
190 3194 260 3248 τὰ
283 3194 432 3262 ιὲλέη
455 3209 570 3260 σου
594 3195 665 3249 τὰ
697 3194 929 3264 ἀρχαῖα,
960 3191 1168 3263 Κύριε;
1193 3197 1305 3250 ἀλλ’
1338 3198 1485 3267 ὅμως
1515 3216 1609 3251 πε-

69 3284 357 3355 πεισμένος,
383 3286 464 3338 ὃτι
496 3285 569 3355 μὴ
592 3285 936 3355 διαψεύσεταί
970 3304 1060 3340 σου
1088 3289 1120 3358 ἡ
1152 3288 1469 3356 ἐπαγγελία,
1493 3290 1611 3342 οὐδὲ

68 3376 379 3428 διαπεσεῖται
411 3378 444 3447 ἡ
473 3375 568 3430 τοῦ
598 3375 692 3430 σοῦ
723 3377 880 3446 λόγου
901 3378 1145 3450 ἀλήθεια,
1181 3379 1464 3451 προλαϐὼν
1489 3383 1612 3444 τοὺς

71 3468 342 3538 μέλλοντας
382 3469 442 3534 ἐξ
478 3466 821 3540 ἀνθρωπίνης
850 3471 1132 3534 ἀσθενείας
1157 3471 1485 3544 ῥηθήσεσθαι
1523 3469 1612 3544 μίοι
1658 3463 1661 3467 ’

68 3559 258 3628 λόγους,
286 3561 382 3632 τὴν
409 3561 647 3632 ἐμαυτοῦ
670 3561 847 3616 πίστιν
867 3563 960 3617 καὶ
981 3565 1041 3615 τὸ
1065 3563 1284 3627 εὐσεϐὲς
1320 3567 1419 3634 τῆς
1443 3566 1611 3636 ἐμαυ-

67 3650 146 3704 τοῦ
193 3651 414 3724 γνώμης
456 3653 951 3724 προασφαλίςομαιο
1000 3653 1084 3706 διὸ
1135 3668 1301 3724 φημιο
1358 3655 1435 3707 Τὰ
1471 3655 1611 3722 eam

66 3757 187 3808 σου,
208 3744 401 3812 Κύριε,
432 3745 518 3810 εὶς
543 3744 649 3810 τὸν
667 3743 851 3797 αίῶνα
871 3741 1108 3812 ᾄσομαι.
1143 3744 1215 3796 Οὐ
1259 3743 1365 3818 γάρ
1399 3743 1493 3797 νῦν
1517 3745 1614 3814 μό-

68 3850 160 3898 νον,
191 3835 278 3888 ὅτε
296 3835 470 3889 ταῦτα
499 3834 643 3890 λαλῶ
674 3837 765 3890 καὶ
795 3836 1118 3908 φθέγγομαι,
1141 3835 1209 3888 τὰ
1235 3836 1358 3905 ἐλέη
1383 3835 1476 3889 τοῦ
1500 3838 1613 3891 Κυ-

67 3926 170 3996 ρίου
192 3929 412 4001 ᾄσομαι,
445 3929 580 3984 ἀλλὰ
606 3931 701 3986 καὶ
743 3933 800 3986 ἐν
830 3934 959 4005 τοῖς.
992 3928 1458 4000 σκυθρωποτέροις
1488 3945 1610 3982 και-

68 4022 186 4089 ροίς,
207 4021 300 4075 καὶ
327 4018 384 4075 ἐν
405 4022 584 4087 αὑτοζς
610 4023 836 4087 ἐκείνοις
861 4024 925 4076 δι’
943 4022 1036 4086 οὒς
1059 4022 1234 4093 μέλλω
1261 4022 1436 4090 λέγειν
1457 4035 1468 4048 ·
1489 4020 1612 4074 Ποῦ

66 4113 168 4164 εισι
207 4112 278 4166 τὰ
316 4112 457 4182 eam
490 4129 606 4168 σου
627 4115 698 4167 τὰ
721 4113 955 4182 ἀρχαῖα,
980 4114 1186 4181 Κύριε;
1215 4112 1322 4166 Καὶ
1356 4112 1474 4166 τότε
1506 4112 1613 4182 γὰρ

66 4202 146 4254 καὶ
187 4204 265 4266 είς
308 4199 398 4255 τὸν
440 4203 576 4273 μετὰ
613 4202 780 4256 ταῦτα
813 4205 1021 4274 χρόνον,
1053 4203 1146 4256 καὶ
1180 4203 1267 4257 δίὰ
1296 4203 1493 4267 παντὸς
1519 4203 1613 4257 τοῦ

64 4289 243 4354 αἰῶνος
278 4291 337 4344 οὐ
379 4287 656 4362 παύσομαι
705 4291 953 4364 ἀνυμνῶν
993 4291 1061 4347 τὰ
1092 4292 1219 4364 ἐλέη
1261 4311 1375 4360 σου,
1420 4294 1612 4366 Κύριε,

62 4379 292 4451 ἀκριϐῶς
323 4381 496 4446 εἰδὼς,
534 4383 616 4437 ὅτι
638 4423 654 4447 ,
683 4382 827 4450 ἅπαξ
849 4384 1303 4455 ἐπαγγειλάμενος
1332 4384 1425 4448 τὰς
1457 4388 1514 4439 ἐν
1540 4385 1614 4457 τῷ

62 4469 245 4543 ψαλμῷ
278 4473 628 4544 προφητείας,
663 4473 1072 4546 οΰδιαψεύσεις,
1104 4475 1198 4529 ἅτε
1220 4475 1353 4539 Θεὸς
1386 4474 1460 4530 ὢν
1493 4476 1631 4548 ἀλη-.

68 4560 176 4661 ξής.
193 4565 395 4661 Διόπερ
410 4566 471 4661 οὐ
669 4565 736 4620 τὰ
747 4566 870 4640 ἐλέη
896 4585 1009 4633 σου,
1027 4566 1217 4637 Κύριε,
1242 4569 1320 4632 είς
1341 4569 1430 4622 τὸν
1443 4568 1612 4622 αἰῶνα
1645 4607 1688 4661 η

65 4654 274 4725 ᾄσομαι,
307 4657 442 4711 ἀλλὰ
465 4659 558 4713 καὶ
582 4658 680 4730 τὴν
703 4658 957 4734 ἀλήθειάν
988 4675 1078 4712 σου
1112 4658 1230 4714 καθ’
1263 4659 1496 4728 ἑκάστην
1521 4675 1612 4726 γε-

65 4745 178 4801 νεάν
202 4748 520 4817 ἀπαγγελῶ.
545 4750 608 4803 Ei
630 4750 736 4822 γὰρ
764 4751 854 4804 καὶ
878 4749 946 4804 τὰ
979 4748 1210 4820 μάλιστα
1242 4748 1460 4802 τοιαῦτά
1494 4766 1615 4804 τινα

67 4836 258 4904 μεταξὺ
284 4840 590 4912 γενήσεται,
620 4840 695 4904 ὡς
729 4841 892 4906 δοκεῖ,
930 4841 1144 4894 ἐναντία
1171 4843 1289 4902 ταῖς
1323 4843 1441 4902 σαῖς
1479 4839 1615 4910 πρὸς

63 4926 143 4978 τὸν
181 4928 343 4982 Δαυῖδ
383 4931 732 5001 ἐπαγγελίαις
762 4933 1096 5002 συμϐαίνειν,
1133 4930 1268 4983 ἀλλὰ
1310 4931 1402 4983 καὶ
1444 4929 1615 4992 οὕτως

64 5014 164 5085 ἐγὼ
195 5020 557 5086 πεπίστευκα,
590 5026 683 5076 καὶ
709 5022 921 5093 άληθῶς
971 5022 1206 5093 ἐμαυτὸν
1251 5021 1500 5084 πέπεικα,
1536 5023 1615 5076 ὃτι

62 5107 160 5160 τῶν
184 5109 358 5178 λόγων
388 5128 502 5178 σου,
531 5106 576 5166 ῶ
604 5114 797 5185 Κύριε,
832 5116 864 5185 η
895 5114 1118 5186 ἀλήθεια
1150 5112 1398 5166 οὐδέποτε
1431 5112 1612 5181 διαπε-

65 5200 247 5254 σείται.
297 5201 497 5273 Διόπερ
531 5191 632 5257 ’τὸν
677 5207 853 5259 πάντα
889 5223 989 5276 μου
1020 5205 1207 5276 χρόνον
1236 5203 1332 5272 τῆς
1367 5202 1509 5272 ζωῆς
1549 5204 1609 5256 οὐ

65 5289 332 5362 παύσομαι
361 5293 420 5344 ἐν
447 5291 526 5361 τῷ
551 5295 777 5365 στόματί
804 5313 904 5366 μου
924 5296 1021 5369 τὴν
1047 5291 1300 5367 ἀλήθειάν
1321 5308 1412 5344 σου
1437 5293 1612 5361 άπαγ-

65 5383 276 5451 γέλλων.
295 5382 460 5436 Ἀλλά
474 5385 565 5437 καὶ
587 5387 913 5457 παραδιδοὺς
931 5392 998 5460 τῇ
1027 5387 1263 5460 ἐμαυτοῦ
1283 5389 1465 5460 γραφῇ
1485 5384 1613 5438 ταύ-

64 5493 152 5548 την
185 5473 493 5556 καταλείψω
526 5480 637 5540 τοῖς
677 5481 1169 5556 μεταγενεστέροις,
1198 5482 1277 5545 είς
1306 5480 1367 5534 τὸ
1395 5479 1487 5532 καὶ
1519 5476 1615 5529 αὐ-

65 5571 180 5656 τους
205 5566 548 5623 διδάσκεσθαι
584 5585 643 5620 τε
672 5570 763 5621 καὶ
803 5571 1088 5638 μανθάνειν
1111 5572 1307 5645 ὁμοίως
1341 5569 1460 5642 ἐμοὶ
1493 5567 1613 5651 καθ’

65 5652 292 5734 ἑκάστην
320 5660 512 5731 γενεὰν
535 5659 632 5730 τὴν
663 5660 915 5733 ἀλήθειάν
946 5681 1038 5719 σου
1079 5664 1168 5723 διὰ
1211 5665 1470 5736 στόματος
1504 5646 1615 5733 ’φέ-

133 5817 181 5851 ⁸⁸
208 5814 349 5875 Plal.
387 5820 566 5866 sunt
595 5809 672 5869 27

1711 1863 1760 1916 1.
1787 1857 2255 1941 lNTELLECTUS
2277 1853 2530 1914 ᾹΞΤΗΑΝ
2557 1848 2942 1908 EZRAITIEL
2977 1847 3260 1905 XXXVlIl.

1776 1995 1944 2050 Vens.
1987 1993 2040 2046 2.
2084 1989 2478 2046 Misericordiae
2509 1987 2718 2042 Domini
2757 1987 2809 2039 in
2842 1995 3092 2040 aeternum
3138 2000 3263 2038 can-

1709 2089 1850 2144 tabo.
1892 2086 1958 2140 In
1995 2085 2382 2158 generationem
2422 2091 2472 2136 et
2516 2079 2897 2151 generationem
2943 2074 3262 2129 annuntiabo

1707 2182 1973 2236 veritatem
2004 2176 2146 2232 tuam
2175 2179 2230 2230 in
2254 2191 2341 2230 ore
2370 2191 2500 2229 meo.
2533 2171 2798 2239 Quoniam
2828 2171 2883 2225 in
2915 2167 3264 2238 sequentibus

1707 2274 1950 2327 dicturus
1996 2276 2103 2332 est,
2149 2265 2250 2320 Ubi
2280 2272 2402 2341 sunt
2451 2259 2825 2317 misericordia:
2868 2267 2972 2312 tuae
3013 2255 3260 2336 antique,

1707 2364 1948 2426 Domine,
1981 2377 2112 2431 quas
2129 2337 2341 2428 jurastt"
2363 2354 2531 2410 David
2562 2355 2616 2407 in
2644 2352 2857 2407 veritate
2880 2333 3024 2403 tua?‘
3044 2347 3111 2402 iis
3147 2359 3266 2416 qua:

1709 2461 1895 2527 postea
1944 2451 2184 2524 proferet
2232 2450 2345 2520 jam
2391 2445 2723 2517 respondere
2763 2442 3070 2504 antevertit,
3120 2454 3184 2494 ac
3219 2438 3265 2494 si

1707 2548 1913 2602 diceret
1943 2563 1956 2599 :
1988 2542 2217 2596 Etiamsi
2239 2542 2488 2594 humanae
2515 2553 2602 2593 res
2623 2536 2856 2589 animam
2881 2548 3055 2587 meam
3089 2533 3143 2584 in
3170 2545 3268 2584 an-

1708 2638 1942 2709 gustiam
1980 2642 2034 2689 et
2063 2630 2454 2698 dubitationem
2503 2627 2802 2696 conjiciant
2831 2638 2895 2677 ac
2926 2622 3264 2692 perturbent,

1709 2729 2045 2800 caligineque
2093 2739 2179 2778 me
2231 2731 2284 2777 et
2338 2717 2680 2774 haesitatione
2733 2712 2965 2768 adiciant
3014 2713 3088 2767 ob
3131 2719 3262 2773 tua,

1711 2837 1744 2875 ο
1766 2819 2009 2880 Domine,
2049 2813 2287 2885 judicia;
2323 2812 2398 2865 ita
2425 2820 2484 2864 ut
2513 2823 2638 2862 mox
2668 2805 3018 2876 quaestionem
3050 2815 3266 2856 movere

1712 2913 1885 2968 ausim
1911 2911 1978 2966 de
2012 2907 2318 2981 promissis,
2349 2919 2469 2974 qua:
2497 2909 2556 2955 tu
2594 2899 2736 2954 Deus
2776 2895 3041 2952 mendacii
3070 2908 3266 2963 expers

1710 3004 1900 3060 Davidi
1935 3000 2167 3065 dedisti;
2200 3005 2254 3053 et
2284 3004 2464 3050 tamen
2494 2988 2978 3063 pollicitationibus
3001 2986 3110 3040 tuis
3137 3000 3268 3040 con-

1712 3097 1878 3151 traria
1925 3092 2256 3154 acciderunt,
2299 3085 2653 3158 quamobrem
2702 3081 2948 3136 dicturus
2990 3093 3133 3142 sum,
3169 3075 3269 3129 Ubi

1711 3198 1835 3244 sunt
1879 3182 2254 3239 misericordia:
2287 3190 2390 3233 tua:
2423 3177 2672 3246 antiqua,
2706 3172 2967 3226 Domine?
2995 3178 3271 3225 verumta-

1714 3298 1839 3338 men
1877 3287 2061 3334 certus
2089 3274 2506 3347 promissionem
2551 3278 2698 3322 tuam
2724 3280 2832 3319 non
2880 3265 3089 3318 irritam
3131 3262 3266 3328 fore,

1713 3389 1891 3446 neque
1930 3348 2207 3434 sermonis
2241 3365 2319 3419 tui
2360 3363 2640 3416 veritatem
2674 3359 2946 3426 lapsuram
2979 3370 3122 3419 esse,
3152 3369 3270 3410 ser-

1715 3473 1906 3522 mo‘nes
1937 3477 2074 3534 quos
2103 3477 2166 3516 ex
2200 3460 2435 3514 humana
2467 3452 2775 3509 inﬁrmitate
2803 3449 3114 3520 prolaturus
3148 3460 3269 3502 sum

1714 3565 2078 3631 praeverteris,
2129 3552 2291 3607 ﬁdem
2345 3562 2519 3602 meam
2576 3551 2630 3600 et
2676 3543 2930 3612 pietatem
2991 3533 3273 3594 sententia:

1713 3625 1847 3707 mea!
1887 3650 2041 3721 prius
2081 3644 2361 3717 proﬁteor,
2405 3654 2469 3695 ac
2504 3638 2646 3703 dico,
2687 3629 3095 3689 Misericordia“
3126 3640 3266 3693 tuas,
3337 3625 3348 3636 '

1712 3743 1955 3806 Domine,
1985 3740 2046 3793 in
2069 3748 2320 3794 (sternam
2351 3730 2592 3787 cantabo.
2625 3726 2742 3782 Non
2769 3729 2912 3781 enim
2957 3738 3100 3777 nunc
3129 3723 3271 3776 dun-

1712 3841 1886 3896 taxat,
1927 3846 2052 3886 cum
2097 3830 2212 3883 haec
2257 3828 2449 3895 loquor
2499 3831 2553 3878 et
2591 3817 2829 3892 profero,
2865 3808 3271 3886 misericordias

1713 3923 1930 3978 Domini
1954 3910 2208 3982 cantabo,
2239 3905 2426 3972 verum
2455 3917 2617 3970 etiam
2663 3914 2717 3966 in
2753 3909 3094 3965 tristioribus
3127 3917 3268 3962 tem-

1712 4016 1957 4088 poribus,
1989 4014 2043 4066 in
2079 4013 2214 4082 ipsis
2238 4009 2493 4064 videlicet
2518 4005 2677 4075 queis
2707 4004 2956 4058 dicturus
2985 4016 3128 4066 sum,
3171 3999 3270 4054 Ubi

1712 4117 1834 4164 sunt
1864 4103 2234 4160 misericordiae
2256 4111 2359 4154 tuae
2389 4100 2639 4169 antiqua,
2671 4095 2926 4150 Domine?
2953 4094 3107 4150 Tunc
3125 4092 3268 4147 enim

1712 4205 1767 4254 et
1797 4196 1945 4260 omni
1967 4194 2212 4265 sequenti
2246 4200 2508 4260 tempore,
2539 4190 2648 4244 imo
2678 4203 2774 4259 per
2796 4201 2959 4241 omne
2990 4186 3266 4249 saeculum,

1713 4304 1822 4345 non
1849 4271 2004 4342 linem
2028 4286 2220 4341 faciam
2247 4281 2556 4338 celebrandi
2585 4278 2990 4335 misericordias
3005 4285 3146 4340 tuas,
3167 4276 3287 4336 Do-,

1714 4382 1896 4436 mine:
1922 4379 2091 4449 probe
2117 4378 2293 4432 sciens
2320 4382 2394 4440 te,
2429 4373 2647 4444 quando
2675 4371 2841 4426 semel
2869 4385 2931 4424 ea
2960 4368 3292 4442 inqprophew

1713 4474 1789 4528 tia
1837 4470 2027 4544 psalmi
2067 4468 2341 4539 pollicitus
2381 4482 2460 4530 es,
2509 4479 2617 4519 non
2661 4463 2810 4516 irrita
2865 4461 2952 4514 illa
3001 4459 3266 4512 facturum

1713 4582 1856 4631 esse,
1882 4572 2066 4633 utpote
2096 4560 2262 4615 Deum
2290 4571 2557 4613 veracem.
2586 4552 2946 4619 Quamobrem
2977 4565 3085 4602 non
3107 4549 3296 4614 modo_

1715 4652 2120 4711 misericordias
2153 4662 2296 4712 tuas,
2331 4646 2576 4709 Domine,
2612 4645 2667 4699 in
2713 4650 2973 4697 aeternum
3013 4643 3295 4708 cantabo,

1717 4749 1812 4804 sed
1853 4749 2016 4802 etiam
2045 4744 2323 4797 veritatem
2370 4747 2518 4792 tuam
2564 4752 2661 4806 per
2697 4736 2939 4806 singulas
2970 4735 3272 4805 generatio—

1717 4855 1814 4894 nes
1837 4833 2190 4891 annuntiabo.
2226 4829 2344 4882 Etsi
2377 4827 2520 4881 enim
2559 4826 2739 4895 aliqua
2771 4825 2986 4878 interim
3015 4832 3272 4880 eventura

1718 4933 1848 4993 sint,
1880 4942 1999 4997 qua:
2024 4925 2132 4977 tuis
2164 4920 2348 4974 Davidi
2372 4920 2513 4974 datis
2546 4917 3029 4989 pollicitationibus
3057 4922 3272 4982 contra-

1717 5023 1800 5077 ria
1833 5020 2147 5082 videantur;
2199 5012 2552 5068 nihilominus
2595 5021 2777 5065 tamen
2810 5011 2974 5065 credo
3015 5024 3077 5061 ac
3115 5009 3273 5077 plane

1683 5127 2037 5186 "persuasum
2073 5108 2202 5163 mihi
2249 5115 2352 5172 est,
2387 5120 2696 5161 sermonum
2741 5113 2976 5167 tuorum,
3023 5100 3267 5163 Domine,

1720 5197 1997 5256 veritatem
2032 5212 2310 5267 nunquam
2341 5210 2462 5250 esse
2500 5194 2794 5262 lapsuram.
2823 5189 2947 5244 ldeo
2977 5203 3070 5258 per
3099 5195 3271 5242 totum

1717 5294 1841 5348 vita:
1889 5306 2021 5346 mete
2065 5299 2277 5360 tempus
2325 5303 2435 5342 non
2482 5287 2641 5341 tinem
2691 5283 2882 5338 faciam
2915 5279 3271 5334 annuntiandi
3342 5286 3350 5294 ‘

1721 5383 2004 5438 veritatem
2034 5389 2179 5435 tuam
2228 5381 2283 5435 in
2331 5395 2426 5433 ore
2467 5391 2606 5431 meo.
2640 5374 2834 5429 Verum
2871 5373 3030 5426 etiam
3069 5371 3271 5439 scripto

1721 5473 2095 5543 consignatam
2149 5473 2295 5526 illam
2332 5469 2562 5541 posteris
2607 5464 2813 5520 tradam
2844 5481 2858 5518 :
2885 5470 2945 5516 ut
2987 5463 3087 5531 ipsi
3135 5477 3272 5531 quo-

1721 5551 1848 5638 que,
1879 5563 2102 5638 perinde
2133 5572 2293 5634 atque
2320 5575 2439 5632 ego,
2490 5560 2816 5613 edoceantur
2849 5562 2902 5609 et
2929 5553 3143 5608 discant
3175 5570 3271 5624 per

1722 5658 1964 5730 singulas
1985 5657 2363 5729 generationes
2395 5653 2673 5710 veritatem
2706 5657 2854 5702 tuam
2881 5647 2936 5702 in
2966 5661 3059 5702 ore
3089 5644 3271 5715 ferret,
