3974 6354
670 443 792 494 1071

1350 428 1610 485 EUSEBll
1646 423 2115 482 CIESARIENSIS
2150 423 2298 481 OPP.
2337 422 2514 478 PARS
2539 425 2634 478 Ill.
2671 451 2742 462 —
2777 416 3179 494 EXEGETICA.

3694 411 3812 466 i072

664 563 728 601 ac
765 556 1077 614 persuasum
1127 538 1358 593 habeant
1409 548 1682 604 nunquam
1730 548 1888 602 posse
1930 533 2192 601 promissa

2314 548 2426 596 >ειν,
2471 531 2564 584 καὶ
2605 528 2888 582 πεπεῖσθαι
2939 527 3200 598 μηδέποτε
3243 524 3498 578 δύνασθαι
3537 523 3816 575 διαπίπτειν

663 646 755 689 tua
797 633 1057 690 excidere.
1094 628 1260 684 Totus
1301 635 1478 681 autem
1522 640 1720 691 sermo,
1763 624 1964 680 Christi
1999 638 2063 677 ex
2110 637 2196 677 se-

668 727 809 782 mine
831 723 992 778 David
1017 721 1437 792 generationem,
1465 726 1518 773 et
1546 732 1769 787 regnum
1791 716 1910 784 ejus
1942 716 2201 768 vaticina-

667 825 773 891 tur.
803 812 1242 882 Quandoquidem
1277 810 1420 864 enim
1462 811 1518 862 in
1548 807 1974 878 praecedentibus
1999 806 2118 873 ejus
2147 807 2201 859 in

666 909 971 964 hominibus
1001 904 1273 976 generatio
1315 902 1793 972 praenuntiabatur,
1825 909 1879 952 ut
1917 899 1970 953 in
1997 898 2202 967 psalmo

663 1015 859 1055 LXXXVI
912 998 1242 1052 declaratum
1289 1002 1408 1059 est;
1469 1000 1524 1046 at
1571 999 1763 1061 praeter
1806 989 2202 1060 generationem

663 1093 779 1158 ejus
811 1090 951 1144 scitu
977 1101 1190 1156 quoque
1224 1099 1358 1152 opus
1396 1093 1516 1137 erat
1537 1083 1676 1136 unde
1706 1080 2017 1149 proditurus
2039 1082 2200 1141 esset;

558 1248 562 1254 γ
664 1184 764 1235 hoc
799 1194 1032 1249 praesens
1079 1176 1352 1245 Scriptura
1393 1172 1699 1228 necessario
1732 1172 1907 1234 docet,
1940 1183 2057 1238 quae
2082 1181 2205 1235 pro-

665 1271 974 1324 missionem
1027 1265 1118 1319 Dei
1153 1265 1217 1328 ad
1262 1264 1511 1317 Davidem
1561 1261 1752 1314 factam
1797 1260 1864 1313 de
1897 1258 2112 1313 Christo
2140 1272 2204 1310 ex

667 1361 871 1416 semine
899 1359 1015 1427 ejus
1039 1355 1316 1426 prodituro
1341 1353 1716 1423 complectitur
1743 1372 1755 1405 :
1785 1352 1854 1402 ita
1888 1361 1942 1403 ut
1967 1349 2052 1401 hic
2076 1361 2205 1400 con-

666 1459 916 1522 gruenter
950 1457 1085 1517 post
1139 1445 1516 1500 antecedentes
1556 1443 1792 1512 psalmos
1845 1441 2053 1510 positus
2112 1438 2200 1492 sit.

671 1543 967 1610 lnscriptus
1012 1547 1191 1592 autem
1237 1537 1407 1591 solum
1437 1544 1541 1597 est,
1571 1534 1895 1596 Intellectus,
1934 1547 1996 1585 ac
2032 1545 2206 1599 neque

668 1633 905 1703 psalmus
945 1646 1118 1698 neque
1155 1629 1385 1698 hymnus
1412 1624 1630 1679 dicitur.
1666 1621 1848 1677 Fuerit
1878 1635 2006 1674 vero
2033 1618 2206 1672 canti-

668 1739 785 1777 cum
816 1723 1205 1792 propheticum,
1243 1732 1304 1771 ea
1326 1730 1445 1785 quae
1477 1714 1772 1769 secundum
1821 1713 1987 1766 Deum
2013 1717 2098 1763 est
2131 1709 2207 1761 in-

668 1817 956 1885 telligentia
985 1813 1246 1881 indigens.
1279 1810 1457 1874 Quare
1495 1805 1697 1859 dictum
1730 1811 1832 1864 est,
1860 1802 1923 1855 In
1959 1796 2206 1856 internum

2294 622 2392 685 τὰς
2425 622 2522 684 σὰς
2551 620 2892 688 ἐπαγγελίας.
2910 619 2967 670 '0
2994 618 3048 669 δὲ
3078 618 3182 678 πᾶς
3210 615 3361 684 λόγος
3392 616 3490 683 τὴν
3514 616 3575 666 ὲκ
3601 614 3816 685 σπέρμα-

2295 730 2383 775 τος
2413 712 2570 765 Δαυῖδ
2600 712 2809 778 γένεσιν
2833 709 2924 762 τοῦ
2953 706 3182 777 Χριστοῦ
3213 706 3304 758 καὶ
3328 705 3425 774 τὴν
3456 704 3717 773 βασιλείαν
3739 706 3818 757 αὑ·

2297 801 2388 853 τοῦ
2418 801 2678 864 θεσπίζει.
2699 798 2907 869 Ἐπειδὴ
2954 797 3060 867 γὰρ
3091 795 3178 848 διὰ
3224 795 3328 847 τῶν
3362 784 3659 864 ἔμπροσθεν
3697 797 3725 863 ἡ
3754 797 3817 858 εἰς

2298 890 2608 962 ἀνθρώπους
2657 889 2863 958 γένεσις
2912 887 3073 940 αὑτοῦ
3118 886 3510 957 προεφητεύετο
3537 886 3668 938 κατὰ
3695 884 3754 938 τὰ
3773 887 3820 936 ἐν

2298 982 2375 1051 τῷ
2405 982 2456 1034 π’
2491 982 2583 1034 καὶ
2609 980 2660 1045 ς’
2687 979 2882 1049 ψαλμῷ
2913 978 3257 1048 παραστάντα
3279 993 3291 1006 ’
3324 978 3484 1045 ἐχρῆν
3510 975 3566 1027 δὲ
3608 976 3728 1045 πρὸς
3762 979 3818 1045 τῇ

2299 1071 2504 1139 γενέσει
2559 1069 2744 1140 μαθεῖν
2804 1069 2896 1121 καὶ
2949 1067 3108 1119 πόθεν
3161 1065 3574 1136 προελεύσεταιο
3613 1064 3819 1116 διδάσκει

2299 1162 2454 1214 τοῦτο
2504 1161 2809 1228 ἀναγκαίως
2857 1160 2888 1229 ἠ
2939 1157 3184 1228 παροῦσα
3235 1157 3441 1228 Γραφὴ,
3474 1156 3569 1225 τὴν
3602 1155 3725 1226 πρὸς
3747 1156 3822 1206 τὸν

2301 1252 2457 1304 Δαυτδ
2505 1250 2828 1318 ἐπαγγελίαν
2865 1250 2957 1301 τοῦ
2987 1248 3118 1300 Θεοῦ
3165 1248 3287 1318 περὶ
3328 1246 3420 1299 τοῦ
3453 1249 3517 1298 ὲκ
3546 1246 3822 1315 σπέρματος

2301 1342 2461 1396 αὑτοῦ
2490 1343 2578 1394 τὸν
2607 1340 2836 1410 Χριστὸν
2876 1336 3292 1409 προελεύσεσθαι
3321 1338 3640 1406 περιέχουσα
3661 1351 3672 1364 ·
3704 1334 3822 1386 ὥστε

2301 1433 2441 1503 ἔχειν
2472 1430 2786 1484 ἀκολουθίαν
2813 1430 2905 1482 καὶ
2928 1427 3117 1480 τοῦτον
3149 1428 3280 1496 πρὸς
3304 1427 3426 1488 τοὺς
3447 1424 3553 1495 πρὸ
3577 1424 3727 1477 αὑτοῦ
3748 1442 3825 1477 κα-

2301 1522 2724 1591 τατεταγμένους
2749 1519 3013 1590 ψαλμούς.
3050 1517 3350 1582 Συνέσεως
3371 1517 3427 1568 δὲ
3454 1515 3822 1584 ἐπιγέγραπται

2303 1615 2460 1676 αὐτὸς
2494 1615 2670 1682 μόνον,
2700 1610 2822 1663 οὒτε
2865 1612 2921 1663 δὲ
2959 1609 3184 1679 ψαλμὸς.
3209 1607 3331 1660 οὔτε
3359 1607 3543 1676 ὕμνος.
3579 1607 3672 1674 Eii}
3712 1606 3751 1657 δ’
3771 1605 3825 1658 ἂν

2303 1701 2411 1772 ᾠδὴ
2439 1700 2746 1771 προφητικὴ
2775 1697 3038 1762 συνέσεῶς
3065 1699 3162 1768 τῆς
3193 1698 3329 1751 κατὰ
3358 1697 3487 1750 Θεὸν
3515 1696 3823 1764 δεομένη.Δι¹

2304 1791 2331 1844 ὃ
2357 1792 2599 1843 λέλεκται
2623 1807 2635 1818 ·
2662 1793 2762 1855 Εἰς
2789 1791 2896 1842 τὸν
2918 1790 3100 1841 αἰῶνα
3127 1788 3362 1856 ᾄσομαι,
3398 1789 3512 1848 καὶ,
3537 1789 3619 1852 εἰς
3647 1786 3827 1854 γενεὰν

668 1906 906 1970 cantabo,
936 1912 1009 1966 et,
1044 1905 1096 1956 in
1123 1902 1501 1971 generationem
1522 1904 1568 1948 et
1598 1895 1975 1965 generationem
2003 1909 2205 1945 annun-

2314 1883 2401 1936 καὶ
2430 1881 2640 1950 γενεὰν
2668 1879 2978 1949 ἀπαγγελῶ
3003 1880 3117 1946 τὴν
3142 1879 3435 1946 ἀλήθειάν
3448 1893 3583 1933 σου.
3601 1877 3722 1930 Ἀπὸ
3746 1875 3827 1945 μὲν

670 1999 805 2052 tiabo
855 1998 1118 2049 veritatem
1165 2003 1328 2068 tuam.
1383 1989 1465 2042 Ah
1511 1986 1597 2040 his
1645 1986 1840 2054 quippe
1889 1984 2090 2045 verbis,
2140 1980 2204 2034 In

668 2100 913 2145 ceternum
945 2084 1186 2146 cantabo,
1219 2083 1340 2151 jure
1378 2079 1649 2133 canticum
1681 2092 1799 2132 esse
1845 2076 2097 2141 dicatur;
2139 2074 2207 2133 ab

669 2182 774 2235 illis
805 2187 1003 2241 autem,
1045 2171 1377 2229 Annuutiabo
1419 2171 1685 2224 veritatem
1721 2176 1859 2219 tuam
1897 2168 1948 2218 in
1995 2181 2209 2236 genera-

669 2277 856 2328 tionem
885 2278 932 2323 et
964 2269 1364 2338 generationem,
1385 2271 1439 2316 et
1473 2277 1501 2314 a
1524 2259 1892 2329 sequentibus,
1925 2257 2206 2327 prophetia

669 2365 850 2418 fuerit.
893 2360 1076 2413 Dictus
1134 2364 1311 2410 autem
1352 2361 1435 2408 est
1467 2351 1663 2405 Aithan
1709 2349 2102 2417 Ezraitzezqua
2142 2347 2208 2401 de

671 2472 727 2510 re
757 2456 810 2507 in
837 2453 985 2521 prius
1014 2445 1296 2517 explicatis
1325 2442 1542 2514 psalmis
1563 2456 1659 2509 pro
1690 2438 1942 2493 facultate
1966 2438 2209 2508 disputa-

670 2556 782 2599 tum
808 2559 835 2595 a
865 2542 1021 2595 nobis
1051 2546 1149 2592 est.

741 2633 904 2686 Vens.
947 2631 999 2703 ξ).
1052 2627 1310 2693 Quoniam
1355 2622 1558 2684 dixisti,
1605 2617 1668 2673 In
1714 2627 1961 2696 retentum
2007 2615 2211 2669 miseri-

669 2725 848 2779 cordia
895 2717 1274 2787 wdiﬁcabitur,
1319 2715 1375 2768 in
1419 2713 1557 2766 caelis
1593 2708 1976 2780 prwparabitur
2022 2708 2208 2759 veritas

671 2827 779 2870 tua.
813 2813 916 2866 Pro
939 2813 1029 2865 illo
1061 2819 1259 2869 autem,
1293 2806 1550 2871 Quoniam
1583 2803 1787 2864 dixisti,
1833 2799 2021 2869 Aquila
2046 2798 2212 2850 inter-

671 2913 911 2977 pretatus
940 2912 1041 2963 est,
1066 2898 1322 2962 Quoniam
1351 2894 1496 2954 dixi;
1530 2890 1885 2962 Symmachus
1917 2901 2062 2949 vero,
2092 2901 2214 2955 quo-

671 2976 812 3051 niam
869 2992 1012 3054 dixi;
1067 2985 1366 3041 Theodotio
1421 2983 1704 3042 similiter,
1757 2978 2016 3042 Quoniam
2065 2976 2210 3038 dixi;

669 3087 856 3155 quinta
888 3083 1014 3135 item
1042 3076 1227 3141 editio,
1265 3073 1522 3148 Quoniam
1558 3071 1703 3130 dixi;
1732 3068 1888 3137 quasi
1915 3067 2119 3120 scilicet
2147 3079 2214 3118 ex

672 3177 949 3246 Prophetas
1000 3182 1226 3240 persona
1286 3179 1465 3221 sermo
1510 3161 1857 3225 enuntietur;
1909 3157 1997 3210 hic
2048 3171 2212 3225 porro

2311 1972 2416 2042 γὰρ
2446 1971 2536 2023 τοῦ
2559 1990 2570 2002 ·
2607 1974 2709 2036 Εἰς
2737 1971 2842 2024 τὸν
2873 1971 3052 2026 αἰῶνα
3078 1970 3314 2040 ᾄσομαι.
3350 1970 3487 2041 ᾠδὴν
3523 1969 3679 2039 αὐτὴν
3704 1968 3826 2021 εἰκό-

2309 2079 2415 2123 τως
2437 2061 2501 2114 ἄν
2530 2079 2611 2124 τις
2638 2062 2796 2114 εἷπον
2835 2062 2940 2114 ἀπὸ
2965 2061 3020 2114 δὲ
3042 2061 3134 2114 τοῦ
3154 2077 3168 2092 ο
3211 2061 3537 2132 Ἀπαγγελῶ
3569 2061 3676 2127 τὴν
3699 2059 3826 2127 ἀλή-

2312 2151 2472 2205 θειάν
2498 2168 2610 2205 σου
2633 2155 2718 2217 εἰς
2739 2153 2946 2221 γενεὰν
2976 2153 3072 2205 καί
3094 2152 3324 2221 γενεὰν,
3354 2154 3454 2206 καῖ
3475 2154 3580 2206 ἀπὸ
3601 2152 3699 2204 τῶν
3723 2151 3829 2219 ἑξῆς

2312 2242 2721 2313 ἐπιλεγομένων,
2758 2244 3106 2314 προφητείαν.
3143 2245 3396 2296 Λέλεκται
3451 2243 3507 2296 δὲ
3555 2242 3708 2294 Δίθὰν
3749 2240 3827 2292 τοῦ

2325 2334 2628 2406 Ἐσδραῖτου
2655 2336 2781 2404 περὶ
2799 2331 2864 2388 οῦ
2893 2335 2959 2387 τὰ
2989 2335 3332 2406 παραστάντα
3356 2331 3413 2386 ἔν
3438 2335 3549 2396 τοῖς
3579 2347 3832 2404 προτεχνο-

2313 2424 2652 2494 λογουμένοις
2673 2425 2780 2478 τῶν
2811 2426 3034 2497 ψαλμῶν
3062 2425 3427 2496 διειλήφαμεν.

2384 2593 2502 2645 Ὅτι
2546 2589 2717 2661 εἶπας
2739 2611 2753 2625 ο
2790 2598 2892 2661 Εἰς
2915 2596 3020 2650 τὸν
3049 2597 3230 2650 αἰῶνα
3265 2597 3434 2662 ἕλεος
3478 2594 3832 2666 οἰκοδομηθή-
3859 2615 3872 2624 ο

2315 2698 2501 2748 σεται,
2551 2687 2619 2740 ἐν
2665 2687 2786 2752 τοῖς
2816 2685 3089 2756 οὐρανοῖς
3118 2688 3600 2758 ἐτοιμασθήσεται
3641 2690 3678 2756 ἠ
3706 2686 3836 2752 d111-

2315 2776 2442 2830 θειὰ
2472 2792 2604 2830 σου.
2623 2778 2765 2833 Ἀντὶ
2794 2779 2885 2832 τοῦ
2907 2796 2920 2809 °
2956 2781 3072 2832 Ὅτι
3104 2777 3294 2846 εἶπας,
3321 2781 3349 2830 ὁ
3380 2780 3477 2849 μὲν
3518 2778 3728 2838 Ἀκύλας
3753 2779 3836 2846 ἠρ-

2320 2869 2577 2937 μήνευσεν
2595 2885 2608 2898 ο
2644 2870 2762 2922 Ὅτι
2791 2866 2957 2922 εἴπω
3000 2872 3027 2923 ὁ
3056 2870 3111 2923 δὲ
3141 2870 3429 2939 Σύμμαχος
3448 2886 3460 2898 ·
3503 2870 3622 2920 Ὅτι
3655 2863 3835 2920 εἷπον·

2319 2956 2411 3008 καὶ
2452 2958 2479 3007 ὁ
2506 2955 2790 3008 Θεοδοτίων
2821 2959 3017 3027 ὁμοίως
3036 2974 3048 2987 ·
3083 2959 3200 3010 Ὅτι
3227 2955 3398 3011 εἶπον
3420 2975 3432 2987 ·
3467 2960 3560 3010 καὶ
3583 2961 3613 3027 ἡ
3645 2958 3836 3026 πέμπτη

2319 3044 2520 3107 ἔκδοσις
2540 3061 2551 3072 ·
2593 3046 2707 3096 ’Ότι
2735 3042 2900 3098 εἴπαο
2948 3047 3021 3110 ὡς
3052 3048 3114 3098 ὲκ
3152 3046 3435 3116 προσώπου
3464 3046 3556 3098 τοῦ
3586 3045 3837 3115 Προφήτου

2318 3131 2604 3201 λεγομένου
2627 3132 2721 3184 τοῦ
2748 3133 2922 3201 λόγου.
2938 3129 3100 3198 Οὗτος
3126 3134 3181 3186 δὲ
3208 3130 3273 3204 ἦν
3302 3133 3466 3186 Αἰθὰν
3485 3137 3512 3185 ὁ
3536 3134 3836 3203 Ἐσδραῖτης,

673 3223 1024 3326 ετοῖιλΕιὴιιιί
1063 3259 1324 3319 Ezraitcs,
1383 3262 1440 3309 ut
1474 3253 1660 3307 titulus
1708 3223 1965 3304 declarat.
2008 3223 2211 3315 Hujus-

2315 3223 2388 3285 ὡς
2422 3225 2454 3291 ἡ
2489 3223 2774 3294 προγραφὴ
2802 3225 3112 3296 παρίστησι.
3137 3224 3396 3294 Τοιαύτην
3424 3224 3480 3276 δέ
3498 3241 3615 3276 τινα
3637 3223 3839 3276 διάνοιαν

675 3360 816 3418 modi
860 3370 986 3410 vero
1037 3351 1353 3407 sententiam
1398 3343 1663 3414 Propheta
1709 3341 2017 3396 subindicat
2055 3336 2211 3392 :Jam

645 3437 647 3439 ί
677 3462 829 3509 antea
863 3446 994 3511 dixi,
1039 3439 1431 3497 Misericordias
1467 3435 1676 3490 Domini
1706 3438 1760 3485 in
1802 3440 2053 3485 retentum
2087 3444 2214 3480 can-

675 3552 813 3607 tabo.
853 3550 907 3605 ld
940 3557 1118 3602 autem
1152 3545 1244 3613 qui
1268 3542 1384 3596 ﬁeri
1423 3544 1616 3610 possit,
1646 3537 1751 3590 nisi
1797 3533 1968 3603 prima
1998 3531 2088 3584 illa
2121 3527 2214 3583 Dei

676 3641 1066 3701 misericordia,
1101 3637 1167 3690 ab
1196 3635 1348 3689 initio
1371 3639 1424 3686 et
1451 3645 1480 3683 a
1503 3628 1724 3684 conditu
1755 3622 1942 3679 mundi
1966 3623 2019 3675 in
2041 3620 2216 3674 homi-

675 3737 836 3790 nibus
867 3731 1110 3788 l'undata,
1151 3722 1395 3794 sequenti
1426 3730 1665 3788 tempore
1688 3713 2012 3773 accreverit,
2049 3717 2101 3765 et
2133 3710 2216 3763 in-

678 3835 790 3881 star
832 3822 1038 3878 πώηοίὶ
1081 3815 1445 3872 accessionem
1477 3807 1757 3864 habuerit?
1801 3803 1933 3858 Nam
1969 3802 2060 3856 Dei
2088 3813 2215 3870 erga

678 3914 921 3970 homines
963 3907 1331 3966 misericordia
1378 3902 1618 3973 quotidie
1665 3897 1896 3962 crescit,
1951 3902 2004 3951 et
2061 3892 2216 3964 quasi

680 4008 881 4063 fabrica
933 4010 1157 4073 augetur
1207 4007 1259 4053 et
1293 3995 1589 4052 exstruitur
1624 3991 1677 4044 in
1730 3989 2127 4060 generationem
2162 3992 2216 4038 et

679 4096 1098 4169 generationem.
1117 4091 1252 4157 Quia
1277 4089 1439 4159 igitur
1459 4085 1570 4139 dixi
1601 4093 1653 4137 et
1682 4080 1958 4141 aiﬁrmavi,
1983 4079 2035 4131 in
2064 4083 2218 4130 mter-

680 4201 808 4242 num
857 4181 1281 4238 misericordiam
1322 4178 1417 4231 Dei
1440 4172 1808 4228 aedificandam
1838 4185 1979 4232 esse,
2018 4177 2071 4224 et
2099 4169 2218 4222 ideo

681 4293 766 4332 me
810 4272 1209 4329 misericordias
1266 4269 1383 4337 ejus
1446 4267 1498 4319 in
1555 4274 1810 4318 aeternum
1877 4258 2218 4316 cantaturum

680 4383 834 4433 esse;
864 4381 968 4419 non
1000 4361 1352 4434 ignorandum
1374 4367 1476 4423 est,
1505 4355 1652 4409 verbi
1680 4358 1956 4408 veritatem
1987 4353 2039 4405 in
2067 4353 2218 4406 ccelis

681 4456 1084 4528 praeparandam
1110 4470 1251 4509 esse.
1294 4449 1532 4504 Terrena
1563 4446 1761 4516 quippe
1796 4444 2006 4514 negotia
2038 4451 2090 4498 et
2119 4445 2217 4496 ho-

2318 3312 2569 3364 ὑποὸἁλοι
2602 3312 2666 3365 ἂν
2697 3314 2725 3363 ὁ
2763 3314 3048 3384 Προφήτης
3069 3330 3082 3342 ·
3115 3313 3325 3375 Φθάσας
3362 3312 3464 3383 ἥδη
3499 3313 3746 3383 πρότερον
3775 3305 3840 3362 εἷο

2318 3418 2416 3453 πον
2438 3419 2450 3430 ·
2499 3404 2578 3454 ὃτι
2617 3402 2689 3453 Τὰ
2733 3403 2870 3470 ἐλέη
2898 3403 3001 3456 τοῦ
3030 3404 3245 3471 Κυρίου
3269 3406 3354 3468 εἰς
3390 3403 3496 3457 τὸν
3529 3403 3702 3458 αἰῶνα
3720 3401 3839 3469 ᾆσο-

2311 3509 2433 3560 μαι.
2463 3492 2615 3545 Τοῦτι
2680 3493 2736 3545 δὲ
2789 3493 2904 3556 πῶς
2959 3495 3072 3546 ποτ’
3097 3494 3160 3548 ἂν
3208 3495 3411 3562 γένοιτο
3458 3493 3492 3564 ἢ
3533 3494 3624 3547 τοῦ
3658 3493 3839 3564 πρώτου

2317 3581 2499 3644 ἐλέους
2531 3581 2623 3634 τοῦ
2649 3581 2780 3634 Θεοῦ
2809 3581 2865 3648 ἐξ
2893 3583 3064 3654 ἀρχῆς
3089 3584 3180 3635 καὶ
3212 3583 3318 3636 ἀπὸ
3345 3583 3566 3654 πρώτης
3604 3599 3839 3653 κοσμογο-

2317 3669 2434 3734 νίας
2478 3671 2918 3742 καταϐληθέντος
2948 3675 3025 3736 είς
3074 3673 3408 3745 ἀνθρώπους,
3458 3668 3689 3727 ἐπίδοσιν
3723 3671 3841 3725 κατὰ

2318 3763 2536 3832 χρόνους
2563 3762 2940 3833 λαμϐάνοντος,
2969 3764 3061 3815 καὶ
3086 3764 3239 3834 δίκην
3267 3765 3556 3835 οἰκοδομῆς
3586 3763 3840 3829 αὔξοντος

2316 3851 2476 3917 Αὔξει
2495 3854 2601 3923 γὰρ
2635 3853 2899 3923 ὁσημέραι
2919 3854 2977 3906 τὸ
3001 3853 3145 3916 ἔλεος
3166 3853 3257 3906 τοῦ
3279 3853 3410 3916 Θεοῦ
3432 3858 3512 3917 εἰς
3535 3854 3840 3924 ἀνθρώπους,

2319 3946 2411 3997 καὶ
2430 3944 2582 4014 δίκην
2610 3945 2890 4014 οἰκοδομῆς
2911 3945 3204 4015 προκόπτει
3233 3946 3323 3998 καὶ
3343 3945 3693 4015 οἰκοδομεῖται
3719 3944 3839 3996 κατὰ

2319 4035 2506 4103 γενεὰν
2527 4037 2617 4088 καὶ
2637 4035 2846 4102 γενεάν.
2866 4029 3076 4105 Ἐπειδὴ
3097 4035 3269 4087 τοίνυν
3289 4031 3438 4088 εἶπον
3458 4037 3549 4088 καὶ
3566 4035 3841 4088 διεδεδαιιυ-

2322 4125 2517 4194 σάμην,
2543 4127 2621 4177 ὅτι
2653 4127 2730 4188 είς
2763 4125 2852 4177 τὸν
2881 4124 3048 4178 αἰῶνα
3075 4105 3297 4188 τὺέλεος
3326 4125 3416 4177 τοῦ
3436 4124 3569 4178 Θεοῦ
3591 4125 3842 4193 οἰκοδομη-

2322 4213 2559 4284 θήσεται,
2587 4214 2676 4267 καὶ
2725 4213 2810 4267 διὰ
2853 4213 3008 4268 τοῦτο
3038 4215 3106 4269 τὰ
3130 4214 3252 4286 ὲλέη
3282 4214 3439 4268 αὐτοῦ
3474 4217 3551 4277 εἰς
3577 4215 3665 4268 τὸν
3698 4215 3843 4267 αἰῶνα

2322 4305 2540 4375 ᾄσομαι,
2571 4309 2631 4359 οὐ
2658 4308 2917 4377 προσήκει
2940 4308 3168 4376 ἀγνοεῖν,
3191 4309 3269 4360 ὅτι
3297 4306 3389 4360 τοῦ
3415 4309 3624 4378 λόγουή
3650 4306 3843 4373 ἀλήθεια

2323 4396 2378 4445 ὲν
2427 4397 2537 4455 τοῖς
2583 4395 2826 4464 οὐρανοῖς
2870 4396 3331 4469 ἑτοιμασθήσεται.
3363 4398 3443 4450 Τὰ
3473 4399 3581 4469 γὰρ
3625 4397 3844 4466 περίγεια

2325 4483 2619 4552 πράγματα
2648 4461 2741 4534 καὶ
2779 4485 2811 4552 ἡ
2845 4485 2901 4536 ὲν
2938 4461 3256 4554 ἀνθρώποιςὶ
3274 4486 3434 4538 κακία
3469 4461 3662 4549 δόξειεν
3690 4461 3761 4538 ἂν
3783 4484 3843 4553 μὴ

682 4553 883 4605 minum
944 4549 1143 4602 malitia
1197 4560 1302 4599 non
1348 4542 1571 4596 multam
1621 4537 1768 4592 verbi
1822 4537 2211 4590 accurationem

2326 4537 2461 4627 1:qu
2478 4537 2539 4628 .‘Ct
2571 4537 2847 4644 ὲμφαίνείν
2889 4575 2948 4626 τὺ
2979 4537 3197 4645 ἀκριϐὲς
3217 4537 3324 4628 ’τοῦ
3358 4537 3642 4646 λόγους·έῷ

681 4643 934 4699 exhibere
984 4647 1243 4710 possunt;
1299 4635 1423 4706 quia
1471 4633 1638 4685 multa
1683 4630 1737 4682 in
1780 4628 1889 4681 vita
1945 4628 2219 4680 hominum

684 4732 1074 4803 inaequabilitas
1104 4741 1202 4785 est.
1228 4729 1420 4782 Verum
1449 4724 1701 4794 quoniam
1729 4720 1993 4790 promissa
2024 4718 2134 4782 Dei,
2157 4719 2222 4772 ad

682 4824 933 4879 Davidem
972 4821 1134 4882 facta,
1173 4821 1351 4873 divina
1381 4833 1443 4871 ac
1477 4815 1716 4870 cmlestia
1747 4819 1892 4875 sunt,
1939 4827 2132 4882 neque,
2166 4819 2224 4863 ut

681 4917 849 4972 Judrei
911 4913 1275 4981 suspicantur,
1324 4920 1536 4966 terrena
1581 4917 1634 4962 et
1684 4921 1978 4975 corporea;
2035 4921 2098 4961 ea
2157 4905 2224 4959 de

684 5023 846 5063 causa
870 5007 991 5076 jure
1019 5003 1289 5071 Propheta
1326 5003 1473 5070 prius
1497 5000 1796 5069 distinguit,
1835 5015 1940 5052 non
1977 4999 2030 5052 in
2057 5007 2222 5062 terra,

684 5099 776 5152 sed
816 5099 867 5150 in
923 5094 1078 5150 caelis
1121 5094 1398 5148 veritatem
1441 5092 1828 5161 promissorum
1878 5090 1970 5145 Dei
2021 5105 2226 5160 praapa-

685 5187 906 5240 randam
936 5202 1076 5242 esse.
1105 5183 1463 5251 Quamobrem
1501 5182 1852 5253 Symmachus
1891 5184 2002 5237 hazc
2026 5184 2226 5236 clarius

684 5280 908 5347 explicat
934 5279 1119 5334 dicens
1146 5300 1157 5333 :
1188 5277 1253 5331 In
1277 5277 1416 5330 caelis
1439 5276 1747 5344 fundabitnr
1791 5278 1978 5329 veritas
2009 5287 2119 5328 tua.

759 5474 918 5528 Vens.
943 5476 1056 5530 4-6.
1108 5476 1348 5545 Disposui
1371 5486 1733 5531 testamentum
1761 5477 1933 5530 electis
1968 5479 2113 5536 meis,
2131 5475 2224 5544 ju-

692 5566 800 5616 ravi
829 5564 993 5618 David
1023 5584 1164 5620 servo
1206 5585 1337 5632 meo,
1362 5568 1530 5639 Usque
1558 5571 1609 5622 in
1645 5577 1892 5621 wternum
1919 5568 2222 5638 prwparabo

2324 4667 2632 4756 ἐινωμαλίαν
2681 4662 2815 4719 εἶναι
2864 4666 3036 4719 δοκεῖν
3086 4668 3222 4720 κατὰ
3247 4669 3351 4720 -τὸν
3375 4667 3700 4739 ἀνθρώπινον
3732 4668 3843 4737 βίον.

2337 4757 2470 4814 Ἀλλ’
2495 4757 2786 4828 ἐπειδήπερ
2819 4759 2873 4810 αἱ
2900 4759 3216 4826 ἐπαγγελίαι
3241 4758 3332 4811 τοῦ
3361 4757 3519 4822 Θεοῦ,
3551 4761 3602 4812 al
3629 4759 3752 4829 πρὸς
3769 4758 3844 4808 τὸν

2325 4849 2484 4902 Δαυῖδ
2503 4849 2879 4920 γεγενημέναι,
2898 4849 3035 4904 θεῖαι
3057 4851 3146 4903 καὶ
3169 4851 3404 4922 οὐράνιοι
3423 4854 3750 4922 τυγχάνουσι,
3770 4851 3844 4902 καὶ

2324 4939 2438 5009 οὐχ,
2461 4941 2533 5001 ὡς
2564 4939 2627 4992 ἂν
2654 4940 2964 4994 ὑπολάϐοιεν
2999 4943 3260 4996 Ἰουδαίων
3296 4943 3499 5005 παῖδες,
3533 4943 3740 5011 γεώδεις
3769 4944 3845 4994 καὶ

2327 5035 2646 5101 σωματικαί⁶
2670 5037 2888 5098 είκότως
2915 5036 3001 5089 διὰ
3025 5037 3179 5089 τοῦτο
3204 5037 3664 5106 προδιαστέλλεται
3687 5041 3710 5090 ὁ
3731 5040 3845 5105 Πρία-

2326 5123 2518 5193 φήτης,
2550 5127 2630 5178 ὅτι
2664 5127 2735 5198 μὴ
2769 5129 2857 5181 ἐπὶ
2887 5129 2986 5197 τῆς
3025 5128 3144 5197 γῆς,
3179 5128 3289 5180 ἀλλ’
3318 5129 3375 5181 ὲν
3406 5131 3517 5191 τοῖς
3567 5130 3792 5200 οὐρανοῖς
3819 5127 3841 5189 ή

2324 5213 2548 5283 ἀλήθεια
2596 5217 2699 5268 τῶν
2744 5217 3074 5287 ἐπαγγελιῶν
3105 5216 3197 5270 τοῦ
3244 5217 3376 5270 Θεοῦ
3411 5218 3843 5289 ἑτοιμασθήσεται.

2335 5304 2527 5374 Διόπερ
2559 5308 2585 5357 ὁ
2617 5307 2902 5378 Σύμμαχος
2936 5308 3255 5379 σαφέστερον
3296 5311 3632 5380 ὴρμήνευσεν
3666 5305 3844 5360 εἰπών·

2349 5389 2441 5445 Ἑν
2464 5395 2585 5460 τοῖς
2617 5398 2888 5465 οὐρανοῖς
2915 5398 3338 5466 ἑδρασθήσεται
3377 5403 3414 5468 ἠ
3448 5398 3688 5467 ἀλήθειά
3729 5411 3843 5448 σοι’.

2391 5487 2666 5556 Διεθέμην
2692 5489 2977 5557 διαθήκην
3006 5490 3127 5557 τοῖς
3163 5492 3461 5558 ἐκλεκτοῖς
3489 5510 3605 5561 μου
3628 5508 3640 5519 ³
3666 5489 3843 5555 ὤμοσα

2324 5579 2500 5631 Δαυῒδ
2537 5579 2614 5644 τῷ
2639 5580 2830 5645 δούλῳ
2859 5598 2976 5648 μου
2987 5599 3006 5613 ν’
3046 5584 3188 5649 Ἕως
3215 5586 3318 5656 τοῦ
3345 5581 3557 5649 αἰῶνος
3581 5576 3842 5646 ἑτοιμάσω

693 5672 858 5708 semen
891 5668 1054 5721 tuum,
1085 5668 1134 5712 et
1163 5661 1432 5729 cediﬁcabo
1458 5663 1512 5713 in
1538 5663 1915 5732 generationem
1946 5670 1993 5714 et
2021 5677 2211 5730 generat

2314 5671 2384 5724 τὸ
2418 5670 2650 5739 σπέρμα
2690 5674 2946 5735 σου,καί
2995 5676 3360 5744 οἰκοδομήσω
3399 5680 3485 5742 εἰς
3534 5673 3732 5743 γενεὰν
3759 5667 3841 5720 καὶ

696 5749 879 5797 tionem
897 5748 1133 5801 thronum
1159 5761 1321 5803 tuum.
1350 5753 1672 5820 Diapsatma.
1699 5752 2091 5820 Conﬁtebuntur
2112 5754 2211 5806 uel:

2331 5762 2538 5827 γενεὰν
2580 5761 2684 5813 τὸν
2720 5764 2933 5829 θρόνον
2968 5779 3102 5821 σου.
3141 5755 3846 5834 ΔιάψωίμαΠΕξομο-ιογῖί·

696 5837 959 5890 mirabilia
994 5848 1105 5905 tua,
1148 5839 1385 5908 Domine,
1427 5847 1620 5899 etenim
1667 5845 1931 5899 veritatem
1983 5856 2123 5899 tuam
2173 5849 2211 5901 ir

2331 5867 2536 5906 σον-ται
2567 5857 2617 5907 οἰ
2646 5855 2880 5922 οὐρανοί
2930 5856 2998 5911 τὰ
3041 5856 3334 5924 θαυμάσιά
3369 5874 3504 5922 σου,
3545 5858 3726 5923 Κύριει
3763 5846 3843 5902 καλ
