3974 6354
128 524 239 581 1073

1270 490 1768 566 consumam
1803 506 1870 561 ιιι
1908 502 2240 560 PSALMOS.
2346 497 2348 499 ’

3134 500 3268 546 10'“

84 666 87 667 κ
127 641 214 708 τὰρ
230 636 338 703 τὴν
356 633 643 703 ’ἀλήθειαν
665 646 788 693 σου,
801 630 860 686 ἐν
877 649 881 652 ν
901 600 1216 695 Ἐκκλησία
1234 625 1433 695 ἀγιων.
1452 624 1643 694 Σαφῶς

1747 621 1982 676 Ecclesia
2005 626 2326 674 sanctorum.
2360 611 2483 666 Haec
2510 625 2576 667 ex
2606 622 2831 679 persona
2857 605 2953 661 Dei
2992 601 3271 659 manifeste

126 726 267 779 ταῦτα
302 724 365 775 ὲκ
400 721 685 795 προσώπου
721 718 814 773 τοῦ
846 715 979 769 0εοῦ
1008 713 1247 786 εἴρηται·
1286 712 1474 782 διόπερ
1495 712 1668 765 δοκεῖ.

129 830 200 883 μοι
238 811 381 882 παρά
418 813 529 873 τοῖς
567 808 960 877 Ἐδδομήκοντα
998 801 1252 872 ἀνωτέρω
1274 798 1519 870 ειρῆσθαι
1545 798 1635 851 τό·

128 906 233 955 Ὀτι
256 897 450 966 εἶπας-ο
485 901 586 964 Εἰς
630 896 735 950 τὸν
771 893 951 948 αἰῶνα
978 893 1147 957 ἕλεος
1190 887 1641 958 οἰκοδομηθήσε-

126 1009 216 1057 ται,
244 992 310 1044 ἐν
344 990 468 1055 τοῖς
496 978 771 1057 οὐρανοῖς
807 972 1293 1051 ἑτοιμασθήσεται
1322 981 1362 1047 ἡ
1396 977 1643 1047 ἀλήθειὰ

126 1098 247 1136 σουο
279 1077 358 1143 οἷς
390 1078 715 1147 ἐπισυνῆπτε
758 1074 848 1127 τόο
898 1070 1175 1140 Δωθέμην
1207 1067 1492 1135 διαθήκην
1520 1065 1643 1131 τοῖς

124 1169 393 1234 ἐκλεκτοῖς
421 1185 540 1238 μου
557 1183 570 1197 ο
607 1166 693 1219 ἵνα
733 1163 851 1217 καθ’
884 1159 1185 1232 ὑπερϐατὸν
1206 1157 1488 1230 είηηοίᾏτως
1508 1156 1643 1238 ἔχων

125 1259 276 1321 ὁνοῦς
300 1258 404 1310 τῶν
425 1236 839 1327 προκειμένων·
880 1247 1096 1319 Ἐπειδὴ
1141 1249 1204 1301 σὺ
1243 1246 1422 1309 αὐτὸς,
1455 1238 1500 1298 ὧ
1528 1236 1641 1298 Κύ-

127 1366 212 1419 ριε,
235 1351 287 1399 ὲν
321 1349 435 1408 ταῖς
479 1345 605 1415 περὶ
643 1342 735 1396 τοῦ
770 1340 928 1395 Δαυῒδ
954 1339 1302 1409 ἐπαγγελίαις
1330 1334 1512 1400 ἅπας’
1550 1336 1643 1399 Είς

125 1440 199 1492 τὸν
222 1438 381 1491 αἰῶνα
411 1437 474 1489 τὸ
500 1436 643 1499 ἔλεός
670 1450 770 1505 μου
796 1433 857 1485 τὸ
882 1431 1018 1503 πρὸς
1055 1431 1143 1483 τὸν
1170 1426 1353 1511 ῘΔαυῒδ,
1378 1427 1411 1499 ἢ
1451 1426 1546 1480 καὶ
1583 1426 1643 1478 τὸ

126 1532 190 1592 είς
219 1530 415 1591 πάντας
446 1524 759 1597 ἀνθρώπους
791 1519 1296 1592 οίκοδομηθήσεταγ
1341 1518 1434 1571 καὶ
1475 1533 1644 1589 προσ-

127 1618 300 1689 έθηκας
342 1618 541 1684 λέγων·
571 1614 847 1684 Διεθέμην
869 1609 1157 1677 διαθήκην
1196 1608 1320 1676 τοῖς
1348 1606 1644 1672 ἐκλεκτοῖς

121 1723 239 1775 μου,
280 1706 394 1775 ἢτοι
439 1704 703 1773 ἑπιλέκτῳ
746 1719 868 1773 μου,
910 1701 1034 1755 καί·
1064 1702 1307 1768 ,Ὥμοσα
1340 1695 1524 1751 Δαυῒδ
1565 1693 1645 1775 τῷ

332 1812 472 1864 μου,
518 1795 610 1847 καὶ
653 1768 722 1847 τὰ
746 1768 970 1861 ῒτούτοις
999 1786 1289 1843 ἀκόλουθα·
1327 1768 1642 1854 πέπεισμαι,

127 1889 196 1941 ὅτι
220 1885 406 1940 οὔποτε
435 1877 907 1953 διαψευσθήσονται
933 1896 1026 1932 σου
1067 1879 1122 1933 αἱ
1157 1875 1493 1943 ἐπαγγελίαι,
1554 1873 1676 1945 μέ-Δ

1743 713 1908 773 dicta-
1939 721 2068 767 sunt
2098 726 2111 762 :
2146 721 2211 761 ac
2239 704 2453 759 videtur
2496 701 2627 755 mihi
2678 698 2799 753 ideo
2831 697 2971 767 apud
3001 694 3143 749 LXX
3183 710 3269 749 su-

1742 803 1924 872 perius
1968 801 2172 854 dictum
2223 795 2393 850 fuisse
2416 835 2431 859 ,
2470 791 2727 858 Quoniam
2759 787 2938 840 dixiin
2967 801 2987 839 :
3015 784 3083 838 In
3125 794 3275 839 terer-

1743 909 1866 947 num
1894 887 2250 944 misericordia
2276 881 2639 953 tediﬁcabitur,
2658 881 2710 933 in
2735 878 2873 932 cmlis
2896 875 3276 944 prteparabitttr

1742 983 1930 1049 ueritas
1955 989 2075 1043 tua;
2090 978 2286 1048 quibus
2314 974 2426 1027 haec
2447 970 2820 1030 subdiderunt,
2839 964 3082 1034 Disposui
3114 973 3274 1017 testa-

1744 1080 1972 1126 mentum
2005 1069 2179 1131 electis
2219 1066 2380 1127 meis;
2415 1071 2473 1115 ut
2502 1074 2595 1130 per
2625 1058 2955 1129 hyperbaton
2985 1053 3113 1109 dicti
3156 1066 3279 1106 sen—

1743 1161 1911 1216 tentia
1964 1161 2043 1217 sic
2085 1142 2416 1228 exprimatur
2441 1171 2454 1206 :
2483 1149 2743 1217 Quoniam
2772 1155 2828 1199 tu
2873 1146 3007 1214 ipse,
3033 1134 3278 1206 Domine,

1744 1253 1799 1305 in
1828 1247 2283 1320 promissionibus
2302 1241 2518 1298 Davidis
2542 1237 2723 1294 dixisti
2758 1255 2770 1290 :
2802 1236 2861 1289 lu
2891 1245 3149 1288 aeternum
3182 1232 3280 1284 mi-

1745 1338 2039 1397 sericordia
2069 1352 2188 1391 mea
2218 1349 2348 1405 erga
2378 1331 2652 1392 Davidem,
2680 1327 2793 1382 sive
2820 1338 2945 1394 erga
2969 1335 3154 1378 omnes
3185 1323 3280 1374 bo-

1745 1431 1919 1484 mines
1982 1425 2372 1491 tedilicabitur;
2429 1430 2482 1477 et
2530 1421 2645 1474 ha-c
2696 1415 2973 1486 adiecisti,
3034 1411 3280 1480 Disposui

1746 1527 2110 1589 testamentum
2152 1502 2325 1569 electis
2367 1512 2517 1576 meis,
2548 1508 2774 1574 scilieet,
2806 1508 2976 1562 electo
3014 1520 3156 1567 meo,
3206 1510 3277 1566 et,

1744 1595 1931 1663 λιιι*αυί
1961 1606 2135 1662 David
2156 1622 2299 1659 servo
2323 1619 2454 1667 meo,
2486 1610 2539 1671 et
2571 1610 2761 1654 caetera
2783 1618 2801 1653 τ
2818 1610 3133 1668 persuasum
3157 1593 3281 1647 mihi

1746 1708 1831 1756 est
1865 1697 2131 1769 prcmissa
2186 1702 2281 1748 tua
2322 1704 2596 1761 nunquam
2647 1675 2815 1741 irrita
2844 1686 2980 1750 fere,
3010 1685 3105 1738 sed
3157 1696 3280 1737 vera

1748 1791 2011 1859 ﬁrmaque
2039 1794 2295 1841 mansura
2329 1775 2492 1845 esse;
2524 1778 2616 1835 sed
2667 1792 2778 1831 non
2823 1775 2920 1838 ita,
2956 1782 3012 1827 ut
3041 1775 3095 1828 in
3142 1784 3280 1828 terra

1749 1877 2047 1933 consistant
2078 1894 2091 1930 :
2123 1887 2296 1943 neque
2338 1871 2481 1927 enim
2511 1877 2724 1924 terrena
2768 1862 2838 1918 et;
2874 1864 3092 1920 sensilia
3135 1869 3281 1927 sunt,

128 1991 255 2027 νουσι
274 1975 328 2027 δὲ
368 1951 586 2044 ἀληθείς
600 1951 1095 2025 καὶ-ἀδιάπτωτοιί
1117 1965 1229 2020 ἀλλ’
1261 1967 1359 2034 οὐχ
1390 1963 1533 2016 ὥστε
1560 1964 1650 2017 ἐπὶ

1749 1980 1922 2037 neque
1948 1963 2158 2019 venalia
2210 1971 2266 2017 et
2308 1959 2461 2016 brevi
2513 1966 2755 2027 tempore
2797 1955 3075 2015 duratura,
3105 1951 3280 2020 qualis

127 2064 209 2133 τῆς
243 2066 339 2135 γῆς
380 2062 721 2119 συνίστασθαι
756 2060 953 2122 αὑτάςο
999 2058 1118 2111 οὐδὲ
1145 2055 1251 2127 γὰρ
1295 2055 1523 2121 ἐπίγειοι
1558 2056 1654 2109 καὶ

127 2152 375 2222 αἰσθηταὶ,
406 2151 524 2204 οὐδὲ
562 2149 764 2219 ὠνηταὶ
796 2149 889 2202 καὶ
911 2147 1255 2218 ὀλιγοχρόνιοι
1284 2147 1651 2216 τυγχάνουσιν,

126 2239 219 2306 οἷός
242 2246 392 2296 ’ἐστιν
422 2244 451 2295 6
482 2240 588 2295 τῶν
618 2238 914 2319 ἀνθρώπων
948 2238 1079 2308 βίος,
1121 2236 1235 2290 ἀλλ’
1267 2238 1518 2292 ἀθάνατοι
1564 2235 1654 2288 καὶ

126 2334 307 2387 ultimm
332 2333 423 2386 καὶ
451 2335 517 2403 τῇ
546 2334 611 2402 σῇ
640 2330 849 2401 θεότητι
883 2330 1415 2403 «gemmam-mp
1438 2329 1537 2381 οὐκ
1562 2326 1652 2377 ἐπὶ
1687 2353 1691 2361 ν

127 2424 209 2493 τῆς
232 2424 349 2493 γῆς,
376 2424 490 2495 ἀλλ’
518 2425 575 2475 ἐν
604 2425 715 2485 τοῖς
741 2421 984 2493 οὐρανοῖς
1009 2410 1454 2490 ἑτοιμασθήσεται
1472 2420 1505 2487 ἡ
1527 2415 1655 2484 ἁλή-

128 2512 231 2566 θεια
276 2512 378 2566 τῶν
428 2513 536 2565 σῶν
583 2512 716 2582 πρὸς
746 2512 837 2565 τὸν
865 2510 1023 2564 Δαυῒδ
1054 2506 1566 2577 ὲπαγγελιῶν.“Δντὶ
1596 2503 1653 2556 δὲ

127 2599 205 2651 τοῦ
223 2617 236 2630 ’
274 2599 550 2667 Δωθέμην
591 2596 875 2666 διαθήκην
915 2596 1039 2662 τοῖς
1085 2583 1383 2660 ἐκλεκτοῖς
1418 2610 1557 2663 μου,
1604 2595 1653 2646 οἱ

127 2689 280 2742 λοιποὶ
316 2688 509 2751 πάντες
546 2679 897 2758 ἐρμηνευταί·
929 2685 1012 2763 Τῷ
1039 2686 1326 2751 ἐπιλέκτῳ
1343 2701 1481 2752 μου,
1505 2682 1654 2754 εἰρή-

128 2796 255 2832 κασι.
283 2779 389 2832 Καὶ
431 2777 631 2847 μᾶλλον
663 2776 885 2846 ἁρμόζει
918 2778 983 2845 τῇ
1013 2774 1217 2847 διανοίᾳ
1248 2777 1280 2846 ή
1305 2773 1525 2844 τοιαύτη
1566 2771 1654 2825 εκ-

128 2864 253 2932 δοσις
271 2883 284 2896 -
311 2866 557 2936 οὐδὲγὰρ
577 2866 703 2936 περὶ
732 2863 933 2917 πολλῶν
958 2865 1103 2919 ἐστιν
1130 2865 1158 2917 6
1181 2862 1350 2931 λόγος,
1373 2862 1506 2917 ἀλλὰ
1529 2862 1654 2931 περὶ

132 2957 272 3026 μόνου
311 2958 401 3011 τοῦ
440 2957 633 3011 Δαυϊδ·
674 2955 821 3025 αὐτῷ
856 2955 983 3027 7&9,
1015 2956 1166 3025 φησι,
1196 2957 1289 3008 καὶ
1319 2953 1523 3025 ὤμοσα,
1559 2953 1653 3007 ἆτε

128 3044 277 3116 δούλῳ
297 3063 395 3117 μου
417 3047 527 3101 δντι
548 3038 920 3117 καιὲπιλέκτῳ
942 3063 1060 3116 μου.
1080 3046 1153 3098 Οὐ
1172 3048 1276 3117 γὰρ
1292 3046 1451 3117 ἤρκει
1471 3043 1655 3112 ἁπλῶς

128 3139 381 3196 διαθέσθαι
408 3142 553 3213 αὐτῷ
576 3142 856 3213 διαθήκην,
890 3140 1073 3211 ὥσπερ
1110 3140 1360 3210 διεθέμην
1393 3137 1469 3207 τῷ
1508 3135 1650 3201 Νῶε,

129 3233 208 3285 καὶ
234 3235 368 3301 μετὰ
395 3233 565 3288 ταῦτα
593 3232 669 3303 τῷ
704 3233 966 3303 ’Δόραὰμ,
997 3232 1088 3284 καὶ
1129 3231 1285 3284 πάλιν
1313 3230 1426 3301 μετ’
1453 3230 1654 3282 ἐκεῖνον

127 3323 222 3384 τοῖς
245 3324 373 3385 υἱοῖς
408 3323 620 3394 Ἰσραὴλ
649 3322 741 3375 ἐπὶ
769 3322 867 3390 τῆς
892 3324 1094 3392 ἐρήμου
1117 3320 1201 3373 διὰ
1224 3318 1481 3381 Μωσέως·
1516 3316 1653 3369 ὲκεί-
1675 3346 1679 3351 ι

128 3426 222 3473 νοις
264 3411 370 3483 γὰρ
408 3400 528 3482 δίχα
559 3403 923 3482 ὁρκωμοσίας·
951 3409 1028 3480 τῷ
1056 3412 1099 3464 δ’
1132 3409 1396 3478 ὲπιλέκτῳ
1432 3424 1529 3478 μου
1562 3406 1653 3459 καὶ

126 3500 193 3569 τῷ
236 3493 367 3571 ὲμῷ
394 3501 680 3574 θεράποντι
725 3502 818 3554 καὶ
867 3501 1033 3570 δούλῳ
1057 3499 1217 3569 Δαυῒδ
1241 3498 1489 3568 διεθέμην
1521 3496 1655 3566 μετὰ

126 3593 271 3661 ὅρκου
303 3591 691 3663 παραλήψεως·
728 3590 912 3661 ὤμοσα
954 3591 1061 3660 γὰρ
1101 3588 1245 3659 αὐτῷ
1272 3589 1398 3660 περὶ
1425 3586 1518 3640 τοῦ
1548 3586 1655 3641 δεῖν

124 3681 177 3733 τὸ
221 3680 433 3752 σπέρμα
477 3679 638 3733 αὐτοῦ
688 3682 765 3743 εἰς
792 3681 879 3733 τὸν
920 3680 1091 3734 αἰῶνα
1120 3678 1422 3749 ἑτοιμάσειν
1450 3676 1544 3731 καὶ
1566 3678 1654 3742 τὸν

127 3770 294 3841 θρόνον
322 3771 484 3824 αὑτοῦ
509 3772 896 3842 οίκοδομήσειν,
931 3773 1024 3825 καὶ
1052 3773 1150 3826 οὐκ
1186 3774 1264 3834 είς
1293 3770 1416 3840 μίαν
1446 3770 1653 3838 γενεὰν,

124 3858 223 3909 ἀλλ’
252 3861 331 3921 είς
374 3857 572 3927 γενεὰν
607 3861 699 3913 καὶ
722 3860 927 3927 γενεάν.
955 3861 1088 3931 Περὶ
1112 3860 1169 3913 δὲ
1192 3859 1283 3911 τοῦ
1315 3858 1538 3929 ὀμνύναι
1565 3858 1655 3911 τὸν

124 3948 259 4013 θεὸν,
286 3950 314 4001 6
340 3949 478 4019 ἱερὸς
493 3949 810 4013 Ἀπόστολος
838 3951 893 4001 ὲν
921 3948 1442 4020 τῇπρδςέΕὸραίους
1464 3949 1651 4019 φησιν’

127 4034 235 4091 Ἵνα
256 4038 352 4093 διὰ
380 4039 486 4093 δύο
525 4040 872 4108 πραγμάτων
897 4040 1278 4107 ἀμεταθέτων,
1316 4039 1384 4091 ἐν
1414 4034 1503 4102 οἷς
1524 4037 1657 4091 ἀδύ-

124 4142 289 4181 νατον
310 4130 652 4196 ψεύσασθαι
678 4129 783 4181 τὸν
817 4128 980 4193 Θεὸν,
1006 4128 1258 4196 ἰσχυρὰν
1280 4127 1658 4196 παράκλησιν

124 4216 355 4285 ἔχωμεν.
386 4218 522 4270 Κατ’
554 4219 798 4271 ἐπίτασιν
832 4218 939 4289 7&9
971 4203 1210 4287 μείζονος
1233 4216 1657 4280 διαϐεϐαιώσεως

124 4300 215 4357 καὶ
233 4305 391 4376 ὅρκος
422 4306 786 4375 παρείληπται
816 4306 894 4374 τῷ
920 4306 1069 4375 Θεῷ(
1094 4305 1250 4359 Κατὰ
1275 4307 1417 4370 τίνος
1447 4307 1502 4359 δὲ
1522 4308 1549 4359 6
1570 4309 1660 4377 69-

124 4410 206 4459 κος
236 4396 361 4465 ἑξῆς
400 4396 601 4468 προῖὼν
632 4395 865 4448 διδάσκει
892 4394 1092 4463 λέγων·
1137 4395 1319 4460 Ἅπαξ
1353 4395 1555 4464 ὤμοσα
1590 4396 1660 4448 ἐν

124 4482 193 4551 τῷ
208 4485 349 4554 ἁγίῳ
367 4484 681 4552 μου.Ἐνθα
708 4486 800 4538 καὶ
827 4486 1155 4556 ἐπιστήσεις,
1182 4486 1265 4549 τίς
1288 4503 1415 4538 ποτε
1437 4487 1542 4556 ἄρα
1566 4478 1656 4537 οὗ·

122 4589 202 4637 τος
233 4571 299 4646 ἦν
332 4577 362 4629 6
401 4574 554 4643 ἅγιος
598 4573 689 4627 τοῦ
732 4574 885 4642 Θεοῦ,
920 4575 1037 4628 καθ’
1062 4569 1120 4628 οὗ
1155 4576 1375 4645 ὄμνυσιν
1418 4576 1490 4637 ὡς
1521 4576 1656 4627 κατὰ

124 4662 239 4716 Υίοῦ
258 4662 594 4733 μονογενοῦς,
619 4666 697 4726 εἰς
721 4665 783 4716 τὸ
804 4665 861 4730 ἐξ
879 4665 1110 4729 ἅπαντος
1127 4666 1194 4718 τὰ
1216 4666 1311 4734 τῆς
1331 4664 1652 4731 ἐπαγγελίας

122 4753 489 4824 κμτυνθῆναι.
522 4754 625 4804 Τὸν
676 4753 772 4823 μὲν
819 4749 909 4805 οὖν
956 4753 1105 4821 ἅγιον
1141 4753 1443 4823 ὡμολόγουν
1487 4753 1577 4805 καὶ
1606 4754 1654 4804 οἱ

121 4842 356 4912 δαίμονες
379 4841 436 4897 ιν
466 4844 576 4905 τοῖς
606 4841 969 4908 Εὑαγγελίοις,
990 4843 1077 4894 ὅτε
1109 4844 1181 4912 μὴ
1212 4843 1459 4911 φέροντες
1490 4841 1651 4892 αὑτοῦ

123 4933 209 5001 τὴν
234 4935 413 4988 ἔνθεον
440 4933 663 5004 δύναμιν
687 4932 1005 5000 κολαστικὴν
1025 4928 1187 4984 οὖσαν
1206 4931 1380 5004 αὐτῶν
1426 4931 1517 4983 καὶ
1553 4931 1654 4983 ὰπ-

122 5000 415 5092 ελαστικὴν,
447 5000 616 5079 ἐϐόων,
656 5022 929 5089 λέγοντεςο
985 5021 1121 5082 Ἔα,
1161 5021 1215 5072 τί
1241 5000 1497 5088 ἡμῖνκαὶ
1535 5020 1653 5080 σοι,

132 5110 311 5176 Ἰησοῦ
356 5111 687 5180 Ναῶρῆνε;
717 5108 969 5178 Οἶδαμέν
993 5123 1065 5161 σε
1086 5110 1176 5173 τίς
1206 5106 1277 5171 εἴ,
1304 5112 1335 5161 ὀ
1361 5107 1523 5176 ἅγιος
1551 5110 1658 5162 τοῦ

124 5199 279 5257 Θεοῦ.
306 5202 465 5254 Κατὰ
500 5202 687 5254 τούτου
723 5202 899 5254 τοίνυν
929 5200 1092 5269 ὀμνὺς
1122 5202 1150 5251 ό
1180 5200 1329 5264 Θεὸς,
1361 5195 1447 5251 οἶα
1478 5199 1657 5269 πατὴρ

123 5286 249 5339 κατὰ
284 5287 601 5355 μονογενοῦς
642 5289 732 5341 aut
768 5286 1046 5356 ἀγαπητοῦ
1092 5286 1228 5348 υίοῦ,
1263 5284 1341 5354 τῷ
1365 5282 1521 5337 Δαυῒδ
1561 5285 1658 5356 τὴν

120 5376 437 5447 ἐπαγγελίαν
494 5378 744 5430 ὲποιεῖτω
772 5381 836 5431 Ὃ
896 5378 959 5447 δὴ
1017 5377 1109 5431 καὶ
1159 5374 1390 5443 διδάσκει
1447 5374 1616 5441 λέγων
1640 5392 1653 5404 ·

124 5466 299 5532 Ἀπαξ
322 5466 527 5538 ὤμοσα
550 5466 614 5519 ὲν
646 5464 725 5530 τῷ
750 5467 893 5535 ἁγίῳ
920 5485 1056 5535 μου,
1086 5468 1141 5519 εὶ
1183 5464 1262 5529 τῷ
1303 5462 1480 5519 Δαυῒδ
1508 5465 1654 5531 ψεύ-

123 5572 314 5625 σομαι.
340 5554 524 5624 Ζητῶν
558 5554 614 5606 δὲ
655 5554 777 5624 παρ’
802 5554 1017 5624 ἐμαυτῷ
1041 5555 1138 5623 τὴν
1168 5554 1359 5616 αἰτίαν,
1387 5552 1453 5605 δι’
1475 5554 1540 5622 ἢν
1570 5555 1657 5606 οὐ·

123 5643 344 5714 δίνὶμὲν
366 5642 508 5712 ἄλλῳ
537 5641 641 5694 τῶν
671 5642 860 5707 ἁγίων,
888 5646 1031 5713 μόνῳ
1056 5642 1110 5695 δὲ
1137 5643 1214 5712 τῷ
1231 5641 1388 5695 Δαυῒδ
1410 5641 1474 5701 δι’
1494 5643 1653 5712 ὅρκου

190 5798 235 5828 ⁸⁵
270 5797 428 5854 Hebr.
462 5802 537 5859 ﬁt,
579 5791 658 5849 l8.
736 5796 775 5825 "
814 5793 935 5847 an.
976 5810 1048 5849 ιν.
1081 5795 1164 5847 34-

1749 2054 2025 2109 hominum
2055 2053 2165 2107 vita
2197 2058 2316 2116 est;
2360 2049 2456 2104 sed
2488 2043 3059 2108 immortalia,‘aeterna
3087 2048 3140 2094 et
3171 2040 3267 2094 dei-

1749 2147 1847 2199 tati
1870 2152 1974 2197 tute
1998 2140 2369 2213 congruentia.
2401 2136 2739 2206 Quapropter
2770 2148 2876 2187 non
2910 2133 2965 2186 in
2987 2141 3150 2195 terra,
3190 2129 3280 2183 sed

1750 2235 1805 2288 in
1853 2233 2008 2301 caelis
2047 2229 2438 2301 praeparabitur
2463 2225 2665 2281 veritas
2713 2236 2899 2291 eorum
2949 2236 3077 2293 quae
3094 2219 3280 2275 Davidi

1748 2322 2131 2392 pollicituses.
2160 2320 2268 2375 Pro
2296 2317 2389 2373 illo
2417 2325 2614 2381 autem,
2649 2312 2893 2382 Disposui
2923 2317 3280 2368 testamentum

1747 2414 1918 2467 electis
1952 2414 2099 2476 meis,
2131 2411 2326 2480 reliqui
2357 2422 2547 2463 omnes
2568 2407 2929 2475 interpretes,
2952 2400 3127 2454 Electa
3151 2415 3282 2461 meo,

1748 2501 2017 2556 dixerunt.
2056 2497 2186 2566 Quae
2235 2514 2365 2555 sane
2423 2495 2790 2567 interpretatio
2818 2491 2956 2547 vera:
3006 2489 3281 2544 sententia

1750 2590 1923 2660 magis
1944 2590 2227 2660 congruit:
2257 2604 2364 2642 non
2395 2587 2537 2642 enim
2569 2586 2634 2640 de
2657 2584 2839 2638 multis
2870 2586 3177 2642 sermoest,
3191 2578 3282 2633 sed

1750 2678 1817 2734 de
1841 2692 1949 2731 uno
1985 2675 2218 2742 Davide;
2250 2676 2353 2745 ipsi
2401 2675 2598 2745 quippe
2645 2671 2841 2750 iuravi,
2874 2671 3068 2739 inquit,
3106 2675 3283 2737 utpote

1753 2784 1909 2845 servo
1948 2775 2169 2833 meoet
2195 2765 2366 2820 electo
2414 2778 2553 2818 meo.
2591 2761 2786 2831 Neque
2827 2760 2969 2814 enim
3009 2760 3141 2813 satis
3168 2766 3278 2813 erat

1752 2859 1851 2929 ipsi
1886 2865 2262 2921 testamentum
2289 2854 2593 2923 disponere,
2619 2852 2757 2907 sient
2782 2848 2913 2913 Noe,
2946 2856 3131 2917 postea
3157 2861 3283 2902 vero

1751 2948 2078 3011 Abrabatno,
2107 2946 2402 3014 deindeque
2449 2943 2573 2998 llliis
2625 2941 2787 2996 Israel
2837 2940 2892 2992 in
2934 2938 3161 2993 deserto.
3192 2952 3281 3006 per

1751 3038 1986 3109 Moyse’m
2015 3037 2255 3105 disposui
2283 3055 2296 3089 :
2324 3049 2446 3088 nam
2480 3048 2602 3087 eum
2628 3033 2694 3087 iis
2723 3032 2839 3086 sine
2863 3030 3198 3100 juramento;
3232 3035 3287 3080 at

1752 3143 1876 3183 cum
1920 3128 2110 3191 electo,
2148 3140 2303 3181 servo
2333 3134 2385 3180 et
2415 3123 2613 3177 famulo
2648 3137 2767 3176 meo
2801 3119 3020 3181 Davide,
3047 3117 3287 3171 adhibito

1749 3216 2118 3287 jtn‘ejurando,
2141 3214 2315 3270 ftedus
2336 3223 2389 3269 et
2411 3219 2786 3267 testamentum
2820 3207 3123 3263 iniiJuravi
3144 3206 3285 3261 enim

1680 3284 1720 3341 (ἶ
1754 3306 1857 3376 ipsi
1909 3304 2144 3358 futurum
2177 3318 2297 3358 esse
2333 3312 2392 3357 ut
2418 3315 2597 3355 semen
2636 3298 2754 3369 ejus
2777 3300 2830 3353 in
2852 3308 3108 3353 aeternum
3148 3311 3284 3367 pra:-

1753 3402 1994 3464 paretur,
2018 3400 2071 3447 et
2087 3394 2312 3446 thronus
2344 3390 2460 3459 ejus
2477 3382 2787 3453 aediﬁcetur,
2807 3404 2913 3442 non
2934 3387 2989 3441 in
3007 3400 3166 3459 unam
3198 3399 3287 3454 ge-

1755 3474 2109 3549 nerationem,
2150 3478 2244 3534 sed
2267 3480 2318 3532 in
2352 3476 2746 3548 generationem
2778 3483 2831 3528 et
2862 3472 3282 3543 generationem.
3396 3474 3404 3485 ‘

1752 3569 1862 3625 Cur
1893 3579 2071 3625 autem
2106 3570 2245 3624 Dens
2268 3568 2548 3638 iuraverit,
2579 3565 2636 3620 S.
2661 3564 2946 3634 Apostolus
2969 3564 3024 3616 in
3051 3559 3289 3630 Epistula

1754 3662 1821 3717 ad
1854 3659 2105 3715 Hebraeos
2128 3659 2444 3714 testiﬁcatur
2470 3676 2483 3712 :
2512 3656 2578 3710 Ut
2604 3672 2692 3725 per
2712 3654 2844 3707 duas
2876 3670 2957 3725 res
2981 3652 3286 3715 immobiles,

1753 3744 1936 3823 quibus
1974 3749 2289 3819 impossibile
2339 3757 2416 3803 est
2455 3748 2663 3802 mentiri
2700 3745 2899 3809 Deum,
2946 3744 3288 3812 fortissimum

1754 3838 2000 3919 solatium
2039 3841 2404 3894 habeamus".
2428 3837 2565 3897 Nam
2591 3838 2658 3893 ad
2686 3838 3049 3893 accessionem
3070 3834 3289 3903 majoris

1755 3929 2089 3986 certitudinis
2103 3927 2244 3982 Deus
2251 3929 2615 3996 juraméntum
2628 3926 2885 3980 adhibuit.
2904 3924 3005 3977 Per
3020 3937 3177 3992 quem
3193 3936 3260 3973 au

1755 4030 1858 4077 tem
1876 4020 2222 4101 iuraverinin
2240 4019 2587 4089 sequentibus
2604 4018 2761 4072 docet
2780 4017 2864 4070 bis
2882 4014 3060 4069 verbis
3079 4034 3091 4068 :
3120 4013 3289 4068 Semel

1746 4114 1926 4183 juraui
1975 4099 2028 4167 in
2080 4099 2259 4167 sancto
2314 4128 2445 4165 meo.
2491 4107 2592 4164 Ubi
2644 4108 2942 4178 perpendas
2974 4108 3064 4176 qui
3105 4108 3174 4161 sit
3204 4107 3287 4160 illc

1757 4217 1985 4269 sanctus.
2007 4204 2121 4267 Dei,
2146 4218 2241 4273 per
2270 4217 2428 4271 quem
2450 4202 2605 4272 quasi
2624 4216 2717 4272 per
2734 4200 2929 4254 Filium
2955 4199 3287 4267 unigenitum

1710 4306 1715 4319 '
1753 4294 1933 4362 jurat,
1974 4294 2040 4345 ad
2094 4291 2511 4360 promissionem
2572 4289 2791 4343 omnino
2843 4283 3285 4351 conﬁrmandam.

1760 4386 1901 4451 Sane
1932 4400 2058 4439 vero
2099 4391 2345 4437 sanctum
2380 4383 2527 4435 illum
2556 4382 2636 4435 vel
2666 4380 2934 4434 daemones
2961 4378 3014 4430 in
3050 4375 3286 4444 Evange-

1756 4477 1845 4531 liis
1860 4475 2093 4530 confessi
2119 4481 2265 4533 sunt.
2290 4489 2411 4527 eum
2441 4470 2809 4538 divinam'ejus
2835 4474 3169 4537 potestatem,
3185 4480 3286 4533 qua

1715 4567 1817 4636 μεθ
1860 4566 2117 4636 puniebat
2158 4564 2213 4618 'et
2250 4563 2498 4632 ejiciebat
2525 4576 2632 4615 non
2661 4560 2911 4622 ferentes,
2948 4558 3063 4610 llaec
3090 4556 3290 4609 clama-

1758 4657 1889 4710 bant
1919 4676 1931 4709 :
1970 4647 2111 4717 Sine,
2131 4653 2253 4723 quid
2280 4651 2423 4705 nobis
2454 4661 2502 4703 et
2526 4649 2640 4711 tibi,
2670 4647 2797 4701 Iesu
2836 4641 3291 4703 Nazareni-No-

1755 4749 1917 4802 vimu’s
1952 4757 1998 4801 te
2020 4750 2133 4816 quis
2161 4747 2254 4809 sis,
2275 4732 2483 4803 sanctus
2504 4741 2600 4795 Dei
2623 4741 2683 4792 ιο.
2703 4739 2804 4793 Per
2831 4739 2973 4792 hunc
3003 4738 3182 4806 itaque
3198 4736 3289 4804 ju-

1758 4854 1889 4894 rans
1917 4837 2076 4899 Detis,
2108 4844 2168 4889 ut
2200 4845 2349 4904 pater
2370 4848 2465 4903 per
2485 4831 2819 4902 unigenitum
2847 4825 3188 4883 et.dilectum
3228 4824 3290 4876 tl-

1759 4929 1911 4991 lium,
1954 4924 2138 4977 Davidi
2194 4921 2605 4991 promissionem
2641 4919 2821 4973 dabat.
2871 4915 3023 4981 Quod
3068 4914 3186 4981 ipse
3215 4912 3287 4964 ita

1760 5018 1948 5071 docet:
1977 5012 2145 5068 Semel
2154 5010 2335 5082 'juraui
2360 5013 2413 5065 in
2430 5021 2611 5065 sancto
2631 5026 2762 5074 meo,
2789 5010 2833 5062 si
2858 5004 3023 5061 David
3045 5004 3284 5060 mentiar.

1753 5108 1885 5162 Cum
1932 5112 2109 5159 autem
2141 5119 2348 5159 mecum
2387 5088 2698 5172 quaererem,
2720 5115 2817 5152 cur
2847 5096 3045 5152 nemini
3079 5101 3289 5149 sancto-

1754 5212 1894 5261 rum,
1921 5196 2027 5250 nisi
2059 5195 2271 5259 Davidi,
2302 5193 2713 5264 promissionem
2745 5191 2811 5245 de
2867 5188 3069 5242 semine
3118 5186 3287 5256 ipsius

1755 5300 1877 5340 cum
1907 5285 2217 5354 joramento
2253 5282 2397 5337 Deus
2432 5280 2692 5344 ediderit;
2725 5278 2864 5331 hanc
2888 5291 2972 5330 me
2992 5273 3288 5343 deprehen-

1757 5376 1901 5431 disse
1940 5389 2160 5430 causam
2199 5374 2403 5427 aestimo
2441 5392 2452 5426 :
2486 5369 2721 5440 comperi
2776 5381 3007 5436 namque
3034 5364 3285 5441 Davidem

1760 5471 1881 5518 ante
1908 5463 2052 5516 illam
2092 5478 2122 5515 a
2154 5460 2263 5517 Deo
2309 5459 2410 5515 sibi
2458 5460 2636 5513 datam
2689 5456 3099 5526 promissionem
3137 5451 3287 5521 jura-

1759 5560 1942 5608 mento
1990 5568 2149 5607 usum
2201 5551 2386 5621 fuisse.
2432 5548 2654 5617 iurasse
2705 5555 2882 5611 autem
2917 5546 3089 5613 ipsum
3129 5541 3285 5597 docet

1726 5642 1997 5713 \Spiritus
2012 5680 2023 5683 -η
2041 5641 2265 5697 divinus
2289 5640 2345 5693 in
2366 5652 2567 5704 «οιιιι,
2596 5636 2782 5693 dicens
2815 5652 2828 5687 :
2871 5632 3144 5698 Memento,
3185 5628 3288 5682 Do-
