3960 6352
44 427 73 483 ι
84 429 221 485 οτι
1164 427 1661 487 ΟΟΜΜΕΝΤΑΜΔ

1759 426 1784 483 [‘
1798 425 2139 485 PSAEMOS.
3192 434 3328 490 5078

44 544 436 618 κοδομῆσαι,
469 547 701 603 ἐνταῦθά
720 554 779 601 ’σε
801 546 898 617 τὴν
919 545 1150 599 κιϐωτὸν
1177 545 1388 617 ἱδρῦσαι
1402 545 1496 599 τοῦ
1517 543 1661 598 Θεοῦ

1775 543 1974 599 biiiret.
2007 543 2124 620 Qua
2154 542 2222 598 de
2251 557 2312 599 re
2330 542 2497 598 David
2526 540 2757 601 Domino
2778 543 3006 619 iuravit,
3054 552 3109 602 et
3146 553 3330 602 votum

44 635 176 684 Καὶ
217 638 384 709 περὶ
413 638 602 691 τούτου
623 637 804 710 ὤμοσε
840 635 1098 707 Δαυτδ-τῷ
1127 636 1332 708 Κυρίῳ,
1362 639 1456 690 καὶ
1478 636 1661 708 ηὕξατι

1776 635 1924 691 vovit
1963 633 2073 690 l‘eo
2092 633 2262 690 Iacob
2299 635 2526 694 dicens:
2560 635 2622 691 Si
2649 636 2898 690 introiere
2936 637 2993 690 in
3024 637 3334 693 tabernacu-

44 717 134 789 τῷ
176 720 336 794 Θεῷ
383 724 576 779 Ἰακὼϐ
606 726 808 794 λέγων·
844 727 914 780 ει
941 726 1357 796 εισελεύσομαι
1394 728 1480 792 εις
1523 727 1661 796 σκή-

1778 728 1886 780 lum
1911 727 2096 781 domus
2134 742 2281 791 mete,
2314 727 2361 781 si
2387 727 2668 782 ascendere
2700 729 2753 781 in
2794 727 2980 782 lectum
3013 731 3169 782 strati
3198 732 3332 784 mei:

44 829 251 883 νωμα
286 818 474 872 οικου
491 836 633 888 μου,
656 821 710 873 sl
735 816 1105 887 ἀναϐήσομαι
1125 818 1223 872 ἐπὶ
1248 821 1459 887 κλίνης
1488 835 1661 888 στρω-

1776 819 1822 872 si
1847 816 2035 872 dedero
2064 833 2303 872 somnum
2327 816 2494 872 oculis
2528 819 2677 882 meis,
2703 827 2752 872 et
2775 817 3033 896 palpebris
3062 819 3188 872 meis
3207 817 3334 873 dor-

44 902 242 971 μνῆς
263 923 429 974 μου,
458 909 511 961 el
534 906 704 960 δώσω
732 906 927 961 ὕπνον
947 907 1070 973 τοῖς
1097 908 1424 978 ὀφθαλμοῖς
1432 926 1551 978 μου
1576 910 1661 963 καὶ

1776 910 2121 974 mitationem,
2147 909 2308 963 donec
2335 909 2591 964 inveniam
2617 910 2785 963 locum
2817 909 3061 972 Domino,
3091 909 3352 964 tabem.

49 996 199 1063 τοῖς
227 999 590 1069 βλεφάροις
626 1016 744 1068 μου
774 984 1276 1070 νυσταγμὸνξέως
1309 998 1379 1058 οὗ
1403 1003 1553 1070 εὕρω
1582 1005 1661 1057 τός

1775 999 1949 1055 culum
1981 1000 2091 1057 Deo
2127 999 2295 1055 Iacob
2319 1001 2384 1054 ¹³.
2417 1000 2542 1056 Haec
2579 1000 2670 1054 illo
2715 1001 3008 1072 cogitante,
3031 1000 3178 1070 pium
3211 999 3333 1071 qui-

50 1102 190 1141 πον
224 1089 337 1156 τῷ
360 1091 574 1159 Κυρίῳ,
598 1089 883 1160 σκήνωμα
899 1091 987 1158 τῷ
1017 1091 1138 1158 Θεῷ
1175 1092 1384 1147 Ἰακώϐ.
1414 1093 1596 1148 Ταῦτα
1620 1093 1661 1148 δι

1775 1092 1896 1149 dem
1926 1091 2263 1164 prOpositum
2295 1091 2436 1149 Deus
2460 1093 2723 1165 approbat
2755 1112 2767 1146 :
2797 1107 2970 1162 neque
3003 1100 3182 1147 tamen
3208 1106 3333 1162 per-

51 1181 256 1234 αὐτοῦ
314 1183 708 1254 διανοηθέντος,
751 1170 850 1256 τὴν
895 1184 992 1255 μὲν
1032 1186 1349 1257 προαίρεσιν
1386 1186 1484 1256 τῆς
1525 1187 1661 1240 εὐσε-

1775 1184 1940 1238 mittit
1978 1185 2198 1240 domum
2243 1185 2476 1251 exstrui,
2511 1200 2623 1240 non
2653 1199 2792 1255 opus
2835 1198 2957 1238 esse
3005 1182 3119 1238 Deo
3146 1182 3346 1238 dicens,

52 1270 236 1337 ὗείας
277 1275 610 1346 ἀποδέχεται
633 1277 662 1329 ὁ
690 1276 821 1340 Θεός
839 1292 854 1307 ·
878 1277 940 1330 οὐ
973 1277 1079 1348 μὴν
1105 1278 1384 1350 ἐπιτρέπει
1416 1279 1508 1331 τὸν
1529 1274 1661 1333 οἶκοι

1773 1273 1937 1330 domo
1976 1274 2368 1340 sensibili,-vel
2413 1289 2497 1331 er
2532 1271 2854 1329 inanimatis-
2894 1271 3166 1342 lapidibus
3208 1285 3331 1325 con-

54 1364 389 1429 γενέσθαι·
423 1366 498 1438 μὴ
529 1367 635 1439 γὰρ
663 1366 865 1421 δεῖσθαι
909 1367 1042 1422 Θεὸν
1068 1368 1195 1423 ὄντα
1219 1371 1365 1422 οἴκου
1395 1369 1661 1440 αἰσθητοῦ1

1774 1359 2063 1432 struenda;
2094 1364 2188 1420 sed
2214 1365 2261 1420 si
2279 1379 2440 1435 οριιει
2450 1356 2600 1420 esset
2621 1363 2787 1418 Deum
2815 1363 2873 1417 in
2897 1373 3040 1418 terra
3062 1362 3331 1428 habitare,

61 1455 316 1524 μηδ’ὲξ
339 1458 559 1528 ἀψύχων
585 1459 746 1512 λίθων
778 1461 1062 1531 οἰκοδομῆς
1095 1462 1528 1533 συπησομὲνου·
1559 1463 1661 1516 ἀλλ’

1771 1469 1837 1510 ex
1865 1453 2038 1524 ipsius
2067 1454 2237 1509 David
2268 1454 2870 1524 semine-proditurum
2888 1469 3035 1516 esse,
3055 1454 3148 1523 qui
3178 1467 3331 1509 suam

57 1549 113 1597 εἰ
145 1548 282 1617 ἄρα
325 1551 492 1621 ἐχρῆν
524 1549 659 1604 Θεὸν.
685 1553 852 1606 οἰκεῖν
879 1555 970 1607 ἐπὶ
997 1553 1118 1624 γῆς,
1151 1554 1218 1606 ὲκ
1244 1554 1553 1624 σπέρματος
1578 1555 1661 1608 αὐ-

1772 1546 2027 1602 deitatem
2060 1547 2354 1616 exciperet,
2387 1546 2600 1616 quique
2623 1559 2837 1600 sacram
2863 1545 3084 1601 domum
3115 1553 3168 1601 et
3191 1554 3330 1602 tem-

55 1636 191 1700 τοῦ,
224 1639 342 1692 τοῦ
369 1641 526 1694 Δαυϊδ
551 1643 969 1713 προελεύσεσθαι
987 1645 1080 1697 τὸν
1100 1644 1661 1715 ὑτυοδεξόμενονίαύτοῐ

1770 1638 1916 1708 plum
1943 1646 2191 1694 sanctum
2223 1636 2333 1692 Deo
2371 1638 2595 1707 dignum
2624 1645 2952 1702 exstrueret,
2986 1638 3147 1708 cujus
3173 1639 3328 1695 thro-

61 1730 175 1799 τὴν
216 1731 488 1803 θεότητα.
524 1734 584 1797 ὃς
618 1735 1081 1806 καὶςοξκοδομήσει
1111 1735 1190 1806 τῷ
1213 1736 1337 1807 Θεῷ
1361 1738 1576 1802 ἐπάξιον
1600 1741 1661 1791 te:

1771 1745 1874 1786 nus
1903 1746 1999 1801 per
2036 1745 2199 1786 omne
2227 1731 2485 1786 saeculum
2514 1731 2812 1787 duraturus
2838 1731 3338 1803 esset..Signitica-.

61 1821 170 1888 ρὸν
211 1816 383 1876 οἷκον
418 1825 512 1878 καὶ
545 1825 670 1879 ναὸν
690 1827 861 1895 ἅγιον.
886 1820 946 1880 οὗ
974 1828 1063 1880 τὸν
1093 1827 1279 1898 θρόνον
1307 1831 1385 1893 εἰς
1416 1830 1506 1883 τὸν
1536 1830 1661 1901 σύμ·

1774 1821 2088 1876 bat.autem
2124 1820 2405 1876 Christum
2424 1835 2592 1876 suum
2622 1836 2689 1876 ex
2723 1820 2932 1878 semine
2978 1819 3198 1876 Davidis
3246 1836 3329 1876 se—

65 1930 280 1966 παντα
313 1915 621 1987 διαρκέσειν
647 1887 1070 1990 αἰῶνα.Ἐδήλου
1102 1887 1156 1972 δὲ
1185 1919 1292 1991 ἄρα
1323 1887 1413 1974 τδν
1441 1887 1661 1994 Χρισ-έὸι

1773 1911 2010 1967 cundum
2043 1925 2261 1966 carnem
2298 1912 2586 1978 oriturum,
2626 1917 2679 1966 et
2717 1908 3014 1966 Ecclesium
3044 1912 3114 1964 ab
3139 1925 3206 1966 eo
3235 1927 3328 1981 per

63 2002 259 2056 αὑτοῦ
309 2006 402 2058 τὸν
443 2009 506 2060 ὲκ
536 2007 848 2078 σπέρματος
883 2008 1045 2062 Δαυῖδ
1081 2010 1223 2064 κατὰ
1250 2012 1426 2084 σάρκα
1451 2016 1661 2085 γενησό-

1772 2011 1946 2058 totum
1983 2002 2170 2062 orbem
2201 2001 2660 2059 constituendam.
2694 2000 2850 2068 Quod
2890 2009 3069 2058 autem
3114 2001 3230 2057 haec
3255 2004 3329 2057 ita

72 2111 282 2162 μενον,
329 2094 425 2150 καὶ
469 2097 564 2168 τὴν
606 2096 674 2150 δι’
703 2098 866 2152 αὐτοῦ
904 2099 1024 2166 uel?
1051 2101 1180 2173 ὅλης
1211 2102 1312 2174 τῆς
1350 2105 1661 2176 οἰκουμένης

1772 2107 1832 2148 se
1883 2090 2168 2156 haberent;
2211 2091 2520 2163 Regnorum
2567 2094 2834 2163 scriptura
2881 2093 3039 2148 docet
3086 2091 3190 2148 hoc
3232 2107 3325 2162 pa-

69 2189 512 2262 συστησομένην
544 2190 1012 2264 Ἑκκλησίιν.”οτι
1034 2195 1089 2250 δὲ
1113 2199 1264 2253 ταῦθ’
1290 2199 1461 2264 οὕτως
1481 2201 1611 2272 ἔχει,
1633 2204 1661 2272 ή

1769 2190 1858 2238 cto
1882 2201 1895 2238 :
1920 2181 2149 2237 Factum
2171 2192 2251 2239 est
2287 2193 2470 2239 autem
2502 2201 2620 2238 cum
2650 2182 2846 2240 sederet
2886 2184 3056 2240 David
3093 2185 3147 2239 in
3173 2183 3325 2239 domo

70 2279 191 2333 τῶν
245 2280 550 2337 Βασιλειῶν
596 2285 778 2357 γραφὴ
798 2287 1023 2364 Δτοῦτον,
1054 2289 1292 2358 διδάσκει
1323 2293 1414 2347 τὸν
1435 2294 1661 2364 τρόπον·

1770 2292 1886 2339 sua,
1921 2275 2264 2330 et-Dominus
2287 2277 2667 2346 possessionem
2690 2279 2739 2331 ei
2771 2275 2997 2332 dedisses
3019 2278 3074 2330 in
3102 2277 3325 2334 circuitu

73 2369 193 2421 Kal
228 2370 476 2439 ἐγένετο
505 2372 602 2427 ὅτε
622 2357 862 2431 ἐκάθισε
891 2362 1072 2431 Δαυῒδ
1096 2370 1166 2432 ἐν
1185 2379 1264 2444 τῷ
1294 2381 1439 2448 οἴκῳ
1459 2357 1663 2447 αὐτοῦ,

79 2460 182 2512 καὶ
218 2462 442 2530 Κύριος
475 2470 1072 2538 κατεκληρονόμησεν
1099 2472 1284 2526 αὐτὸν
1326 2475 1526 2536 κύκλῳ
1549 2473 1667 2527 ἀπὸ

81 2548 348 2605 πάντων
370 2552 486 2607 τῶν
515 2556 739 2624 ἐχθρῶν
770 2559 926 2624 αὐτῷ
945 2579 958 2591 ·
989 2564 1085 2616 καὶ
1113 2560 1280 2616 εἶπεν
1306 2566 1342 2618 d
1370 2564 1667 2630 ,ϐασιλεὺς

88 2639 250 2705 πρὸς
283 2644 491 2698 Ναϐὰν
518 2647 622 2699 τὸν
647 2648 988 2718 προφήτην·
1029 2652 1171 2706 Ἰδοὺ
1209 2652 1286 2721 δὴ
1320 2653 1433 2724 ἐγὼ
1473 2671 1665 2709 κατοι-

84 2728 173 2779 κῶ
199 2729 279 2780 ἐν
307 2731 448 2798 οἴκῳ
473 2733 734 2803 κεδρινῳ,
769 2739 864 2791 καὶ
900 2741 937 2807 ἡ
965 2741 1206 2808 κιϐωτὸς
1231 2743 1336 2796 τοῦ
1377 2744 1522 2799 Θεοῦ
1566 2745 1666 2800 κά-

86 2821 269 2885 θηται
306 2821 375 2874 έν
394 2822 562 2890 μέσῳ
605 2824 712 2893 τῆς
726 2828 960 2897 σκηνῆς
984 2847 997 2860 -
1028 2832 1084 2901 η,
1112 2833 1182 2884 έν
1203 2832 1370 2900 μέσῳ
1389 2834 1661 2904 “ﬁdem.

88 2907 166 2970 ὡς
309 2910 562 2985 Ἐὄραῖκὴ
620 2915 764 2980 λέξις
813 2919 1084 2989 σημαίνει.
1135 2922 1242 2974 Καὶ
1295 2918 1424 2977 εἷπε
1462 2926 1664 2981 Ναϐὰν

91 3009 248 3068 προς
294 3003 402 3055 τὸν
434 3005 725 3068 βασιλέα·
761 3009 962 3064 Πάντα
990 3011 1107 3064 ὅσα
1131 3012 1206 3066 ἂν
1241 3013 1310 3066 ὲν
1347 3014 1422 3083 τῇ
1453 3015 1665 3084 καρδίᾳ

87 3103 212 3142 σου
250 3090 456 3154 ,ϐάδιζε
498 3095 598 3148 καὶ
635 3097 807 3162 ποίει,
853 3098 940 3152 ὅτι
977 3102 1187 3168 Κύριος
1207 3103 1356 3170 μετὰ
1385 3103 1520 3158 σοῦ.
1550 3106 1660 3159 Kal

87 3179 336 3277 ἐγένετο
361 3183 665 3277 ’τῇῗννυντι
698 3188 922 3277 ἐκείνῃ,
959 3193 1055 3246 καὶ
1088 3189 1321 3261 ἐγένετο
1349 3194 1515 3265 ,ῥῆμα
1544 3200 1661 3251 Κυ-
1686 3217 1733 3277 c

86 3269 227 3335 ρίου
261 3272 413 3352 πρὸς
436 3276 638 3330 Ναθὰν
660 3276 878 3346 λέγων’
919 3283 1182 3348 Πορεύου
1214 3285 1362 3353 πρὸς
1387 3285 1494 3340 τὸν
1523 3285 1661 3340 δοῦ-

91 3361 210 3412 λον
233 3378 359 3429 μου
383 3364 579 3431 Δαυῒδ,
607 3367 705 3420 καὶ
731 3369 860 3423 εἰπέ
885 3388 898 3400 ο
945 3371 1086 3430 Τάδε
1116 3375 1274 3443 λέγει
1307 3377 1544 3446 Κύριος·
1580 3379 1662 3432 Οὐ

95 3451 177 3503 σὺ
227 3455 640 3526 οὶκοδομήσεις
679 3477 782 3530 μοι
828 3459 996 3518 οἶκον
1042 3467 1144 3520 τοῦ
1184 3469 1537 3539 κατοικῆσαι
1554 3488 1658 3540 με·

96 3540 185 3595 ὄττι
225 3543 303 3597 οὑ
341 3545 655 3616 κατῴκησα
680 3550 748 3604 ἐν
779 3552 920 3621 οῑκῳ
959 3557 1057 3624 ἀφ’
1088 3553 1163 3626 ἧς
1195 3557 1415 3626 ἡμέρας
1441 3560 1663 3631 ἀνήγα-

96 3652 206 3702 γον
258 3637 398 3704 τοὺς
443 3640 612 3706 υἱοὺς
652 3641 886 3712 Ἰσραὴλ
935 3646 1005 3709 ἐξ
1053 3647 1351 3716 Αἰγύπτου
1397 3649 1528 3716 ἕως,
1556 3649 1662 3720 τῆς

97 3723 327 3794 τἰμέραςί
352 3731 599 3798 ταύτης·
629 3734 727 3787 καὶ
769 3734 930 3804 ἤμην
955 3737 1361 3807 ἐμπεριπατῶν
1387 3741 1458 3793 ἐν
1486 3759 1678 3797 καταμ-Δ

100 3819 319 3887 λύματι
359 3821 458 3875 καὶ
497 3823 568 3877 ἐν
607 3823 810 3896 σκηνῇ
853 3827 921 3880 ἐν
957 3827 1144 3883 πᾶσιν
1176 3826 1267 3898 οἷς
1303 3830 1552 3901 διῆλθον
1591 3835 1662 3889 ἐν

99 3910 281 3964 παντὶ
321 3913 554 3981 Ἰσραήλ
570 3931 583 3945 °
615 3918 668 3969 el
690 3917 894 3971 λαλῶν
920 3918 1200 3987 ἐλάλησα
1220 3920 1368 3992 πρὸς
1385 3923 1532 3991 μίαν
1550 3943 1661 3994 φυ-

102 3998 221 4068 λὴν
243 4003 352 4057 τοῦ
394 3999 660 4074 Ἰσραὴλ,
685 3999 732 4073 ᾧ
757 4007 1140 4077 ἐνετειλάμην
1182 4012 1522 4080 ποιμαίνειν
1555 4015 1662 4070 τὸν

102 4091 252 4144 λαόν
293 4109 412 4161 μου
449 4096 690 4165 Ἰσραὴλ
716 4097 932 4166 λέγων’
987 4101 1047 4153 Τί
1091 4101 1200 4153 οὐκ
1247 4102 1663 4173 ᾠκοδομήκατέ

102 4195 197 4245 μοι
225 4177 396 4234 οἷκον
419 4181 691 4251 κέδρινον
704 4200 724 4248 ;
745 4185 856 4239 Καὶ
876 4187 991 4240 νῦν
1015 4187 1153 4241 τάδε
1183 4189 1439 4258 ἐρεῖς,τῷ
1463 4193 1675 4259 δούλῳ.

100 4286 215 4336 μου
269 4271 447 4326 Δαυτδ
464 4290 478 4305 '
539 4273 681 4329 Τάδε
733 4276 892 4346 λέγει
936 4279 1148 4347 Κύριος
1195 4276 1657 4356 παντοκράτωρνό

110 4359 359 4415 Ἐλαὸόν
400 4379 476 4417 σε
519 4363 589 4417 ἐκ
630 4361 740 4432 τῆς
783 4366 1213 4436 μάνδραςζάπὸ
1255 4371 1501 4431 ὄπισθεν
1541 4376 1659 4432 τῶν

106 4452 422 4525 προϐάτων,
455 4454 560 4508 τοῦ
585 4452 755 4510 εἶναι
794 4474 867 4511 σε
910 4462 996 4526 εἰς
1039 4458 1371 4532 ἡγούμενον
1409 4466 1507 4521 ἐπὶ
1554 4469 1660 4523 τὸν

1770 2367 1834 2419 ab
1863 2366 2099 2421 omnibus
2131 2368 2359 2423 inimicis
2394 2369 2536 2429 suis:
2577 2367 2712 2439 dixit
2744 2385 2836 2424 rex
2862 2371 2929 2423 ad
2952 2368 3171 2424 Nat/tan
3198 2384 3324 2442 pro-

1767 2457 1974 2527 phetam
2005 2474 2023 2511 :
2050 2456 2184 2514 Ecce
2221 2477 2316 2530 ego
2356 2460 2533 2515 habito
2565 2462 2620 2514 in
2645 2460 2799 2516 domo
2835 2460 3068 2528 cedrina,
3103 2471 3152 2515 et
3201 2477 3324 2516 arca

1767 2547 1866 2601 Dei
1896 2547 2036 2602 sedet
2062 2549 2118 2602 in
2144 2552 2312 2604 medio
2344 2551 2701 2614 tabernaculi;
2724 2558 2848 2615 aut,‘
2872 2553 2927 2605 in
2961 2553 3130 2605 medio
3152 2552 3325 2620 pellis.

1767 2647 1828 2693 ut
1869 2637 2129 2694 Hebraica
2168 2641 2328 2695 lectio
2367 2640 2657 2711 signiﬁcat.
2709 2640 2776 2694 Et
2825 2642 2964 2695 dixit
2997 2641 3214 2696 Nat/tan
3257 2643 3324 2695 ad

1767 2746 1954 2800 regem,
1999 2728 2192 2784 Omnia
2228 2746 2344 2800 qua:
2390 2739 2511 2784 sunt
2537 2734 2590 2783 in
2637 2730 2792 2784 corde
2831 2741 2919 2786 tuo
2961 2731 3089 2786 vade
3130 2742 3178 2786 et
3214 2733 3323 2800 fac,

1765 2823 1888 2891 quia
1905 2822 2159 2876 Dominus
2198 2831 2363 2876 tecum
2390 2833 2487 2877 est.
2534 2821 2596 2874 Et
2618 2822 2816 2890 factum
2845 2833 2920 2877 est
2953 2825 3006 2876 in
3035 2835 3180 2878 nocte
3205 2824 3321 2889 illa,

1764 2925 1812 2968 et
1863 2916 2059 2984 factum
2094 2926 2170 2970 est
2211 2915 2417 2970 verbum
2461 2915 2675 2970 Domini
2725 2915 2792 2969 ad
2842 2915 3061 2969 Nathan
3104 2917 3318 2993 dicens.

1774 3006 1915 3061 Vade
1942 3007 2011 3060 ad
2034 3015 2242 3062 “servum
2271 3023 2440 3061 meum
2463 3006 2657 3072 David,
2686 3016 2735 3062 et
2755 3008 2840 3062 dic
2869 3023 2886 3060 :
2919 3007 3041 3063 Hcce
3072 3010 3198 3063 dicit
3223 3009 3318 3064 Do-

1763 3099 1954 3164 minus,
1992 3093 2200 3152 Non'tu
2226 3097 2513 3168 wdiﬁcabis
2553 3100 2683 3153 mihi
2718 3103 2943 3154 domum.
2979 3099 3048 3153 ad
3076 3100 3318 3154 habitam

1762 3187 1886 3242 dum
1911 3205 1928 3242 :
1953 3190 2078 3258 quia
2105 3205 2207 3242 non
2235 3189 2471 3244 habitavi
2493 3191 2546 3244 in
2574 3189 2728 3245 domo
2749 3209 2782 3244 a
2808 3192 2892 3246 die
2913 3191 3012 3245 illa
3030 3208 3135 3262 qua
3163 3192 3317 3258 edux!

1762 3282 1900 3349 ﬁlios
1953 3279 2124 3335 Israel
2172 3296 2238 3334 ex
2287 3279 2534 3351 rEgypto,
2575 3297 2736 3351 usque
2762 3283 2836 3336 vin
2880 3282 3018 3338 diem
3069 3285 3242 3338 hanc:
3273 3295 3319 3339 et

1764 3368 2098 3423 ambulabam
2127 3369 2181 3423 in
2208 3368 2490 3424 diversorio
2519 3379 2567 3424 et
2589 3371 2642 3423 in
2669 3371 3002 3428 tabernaculo
3029 3373 3084 3428 in
3122 3377 3318 3429 cunctis

1765 3463 1892 3516 locis
1919 3478 2009 3530 per
2044 3478 2160 3531 qum
2189 3462 2406 3516 transivi
2435 3479 2552 3515 cum
2576 3464 2736 3516 .omni
2776 3462 2986 3528 Israel;
3035 3465 3082 3518 si
3108 3464 3318 3536 loquens

1764 3555 1964 3608 locutus
1990 3570 2102 3607 sum
2125 3554 2193 3608 ad
2227 3570 2386 3621 unam
2412 3554 2603 3609 tribum
2644 3554 2834 3618 Israel,
2870 3557 2955 3608 cui
2979 3557 3198 3623 pra'cepi
3223 3571 3312 3626 pa-

1760 3663 1899 3702 scere
1916 3647 2164 3716 populum
2188 3662 2358 3700 meum
2391 3645 2564 3702 Israel
2583 3646 2757 3702 dicens
2778 3662 2798 3701 :
2829 3645 3003 3711 Quare
3025 3663 3128 3700 non
3149 3647 3311 3716 (edifi-

1760 3737 1921 3790 castis
1971 3735 2099 3788 mihi
2143 3734 2356 3790 domum
2400 3736 2667 3792 cedrinam
2684 3739 2719 3792 2.
2758 3735 2828 3789 Et
2876 3729 3012 3791 nunc
3032 3737 3142 3792 hac
3177 3736 3315 3792 dices

1760 3841 1906 3879 servo
1953 3840 2063 3879 meo
2094 3825 2262 3879 David
2294 3841 2313 3879 :
2343 3824 2472 3881 Haec
2517 3826 2644 3899 dicit
2672 3827 2932 3883 Dominus
2968 3830 3313 3898 omnipotens,

1762 3916 1874 3988 Ego
1899 3912 1996 3970 tuli
2033 3925 2081 3971 te
2107 3933 2173 3972 ea:
2208 3917 2333 3972 ovili
2359 3929 2654 3989 sequentem
2677 3936 2814 3982 oves,
2870 3928 2928 3986 ut
2952 3935 3102 3992 esses
3133 3921 3186 3973 in
3214 3919 3314 3982 du-

1760 4024 1869 4062 cem
1902 4006 2097 4072 Israel,
2136 4017 2186 4062 et
2222 4024 2370 4062 eram
2423 4019 2590 4064 tecum
2641 4012 2696 4062 in
2744 4010 2984 4079 omnibus
3027 4010 3313 4081 ubicunque

1759 4099 2110 4153 ambulabas:
2151 4110 2199 4153 et
2246 4098 2450 4169 perdidi
2489 4118 2662 4156 omnes
2708 4103 2942 4156 inimicos
2983 4112 3148 4157 tuosa
3182 4102 3312 4173 facit

1761 4191 1874 4256 tua,
1907 4200 1957 4245 et
1987 4190 2086 4259 feci
2114 4200 2160 4244 te
2192 4193 2520 4246 nominatum
2556 4192 2838 4248 secundum
2876 4211 3058 4249 nomen
3098 4212 3306 4265 magno-

1761 4297 1873 4335 rum
1902 4281 1991 4352 qui
2025 4290 2146 4334 sunt
2173 4283 2228 4336 in
2268 4293 2429 4338 terra.
2457 4282 2524 4337 Et
2547 4299 2738 4352 ponam
2767 4284 2952 4338 locum
2976 4285 3163 4354 populo
3203 4302 3312 4340 meo
3422 4286 3425 4288 ’

1761 4372 1951 4438 Israel,
1994 4381 2043 4426 et
2075 4373 2323 4441 plantabo
2363 4391 2481 4429 eum
2528 4385 2576 4438 et
2612 4375 2868 4429 habitabit
2895 4392 2984 4444 per
3025 4391 3099 4438 se,
3129 4385 3180 4430 et
3209 4393 3341 4458 non

1757 4464 2018 4519 sollicitus
2045 4466 2144 4518 erit
2175 4465 2400 4534 amplius
2425 4480 2442 4518 :
2467 4475 2515 4520 et
2543 4483 2645 4520 non
2676 4465 2832 4520 a‘ddet
2859 4466 3006 4535 filius
3019 4467 3310 4536 iniquitatis

116 4541 380 4613 Ἰσραὴλ,
410 4546 508 4625 ml
535 4545 695 4617 ἥμην
720 4548 869 4617 μετὰ
893 4550 1007 4604 σοῦ
1044 4552 1114 4605 ἐν
1153 4552 1340 4609 πᾶσιν
1385 4554 1474 4623 οἷς
1517 4559 1649 4612 ἐπο-

1759 4553 2030 4608 Ιιιιηιξιὶανε
2065 4557 2230 4622 ipsum
2279 4556 2412 4609 sicut
2454 4570 2487 4606 α
2524 4555 2800 4621 principio,
2845 4572 2877 4607 a
2913 4555 3094 4610 diebus
3126 4558 3309 4626 quibus

101 4635 277 4696 ρεύου
301 4651 314 4665 ο
366 4637 466 4691 ual‘
497 4638 910 4706 ὲξωλόθρευσα
951 4639 1195 4709 πάντας·¹
1225 4645 1366 4712 τοὺς
1410 4647 1660 4717 ἐχθρούς

110 4739 215 4777 σου
245 4726 364 4780 ἆπύ
392 4728 710 4796 προσώπου
734 4746 850 4784 σου
868 4748 897 4766 ”-
927 4733 1025 4785 καὶ
1055 4735 1312 4805 ἐποίησά
1335 4742 1412 4791 σε
1436 4741 1657 4816 ,ὀνομα-

109 4815 251 4869 στὸν
297 4819 442 4899 κατὰ
493 4819 559 4872 τὸ
602 4819 788 4889 ὄνομα
820 4819 938 4875 τῶν
964 4823 1247 4894 μεγάλων
1279 4828 1396 4882 τῶν
1424 4815 1521 4883 ἐπὶ
1550 4829 1657 4899 τῆς

112 4905 229 4972 γῆς.
253 4895 403 4963 ,Κατ
425 4910 681 4979 θήσομαι
716 4911 902 4964 τόπον
941 4912 1022 4977 τῷ
1060 4914 1188 4980 λαῷ
1227 4934 1345 4986 μου
1390 4895 1676 4990 Ἰσραὴλ,-

113 4997 202 5048 καὶ
248 5002 670 5068 καταφυτεύσω
701 5001 883 5055 αὐτὸν
916 5003 1020 5059 καὶ
1043 5010 1493 5076 κατασκηνώσει
1524 5017 1654 5070 καθ’

113 5084 343 5141 ἑαυτόν·
375 5091 470 5143 καὶ
491 5094 563 5146 οὐ
584 5092 930 5163 μεριμνήσει
945 5095 1275 5160 οὐκέτι,καὶ
1303 5101 1375 5154 οὐ
1400 5105 1655 5174 προσθήτ
1672 5150 1682 5156 ..

112 5190 197 5230 σει
237 5178 366 5245 υἱὸς
405 5180 636 5248 ἀδικίας
679 5183 782 5237 τοῦ
823 5187 1178 5241 ταπεινῶσαι
1230 5191 1415 5245 αὐτὸν
1460 5195 1654 5262 καθὼς

113 5267 200 5319 ἀπ’
233 5266 420 5336 ἀρχῆς
442 5271 562 5325 ἀπὸ
597 5271 715 5326 τῶν
1122 5279 1304 5345 ἔταξα
1333 5284 1532 5350 κριτὰς
1553 5287 1652 5342 ἐπὶ

115 5355 207 5409 τὸν
255 5358 411 5412 λαόν
440 5376 559 5427 μου
595 5361 866 5432 Ἰσραήλ·
906 5368 1003 5421 καὶ
1044 5368 1370 5425 ἀναπαύσω
1414 5387 1488 5428 σε
1534 5377 1652 5432 ἀπὸ

118 5446 340 5502 πάντων
369 5448 484 5502 τῶν
509 5448 733 5518 ἐχθρῶν
763 5467 898 5510 σου.
927 5458 1034 5512 Kal
1055 5461 1376 5530 ἀπαγγελεῖ
1416 5479 1514 5519 σοι
1545 5469 1652 5521 Κύ-

113 5552 248 5606 ρέος,
267 5539 360 5596 ,ὅτι
383 5535 551 5593 οἶκον
570 5540 979 5613 οἰκοδομήσας
1003 5549 1180 5616 αὐτῷ.
1196 5553 1303 5607 Kal
1330 5553 1518 5619 ἔσται,
1541 5556 1650 5611 ἐὰν

121 5627 491 5698 πληρωθῶσιν
519 5633 579 5686 αι
610 5631 816 5702 ἡμέραι
855 5650 994 5704 σου,
1023 5640 1119 5694 καὶ
1140 5635 1649 5713 ,κοιμηθήσῃξμετὰ

189 5808 225 5840 ”
256 5810 395 5868 Psal.
433 5829 620 5871 cum.
659 5818 772 5873 3—5.

1757 4647 2004 4700 constitui
2045 4645 2248 4714 judices
2305 4661 2461 4713 super
2513 4647 2760 4714 populum
2807 4663 2975 4700 meum
3023 4647 3235 4704 Israel:
3263 4661 3322 4729 et.

1757 4739 1984 4810 requiem
2017 4737 2152 4796 dabo
2191 4737 2285 4789 tibi
2305 4735 2378 4788 ἀὑ
2421 4736 2660 4790 omnibus
2697 4738 2922 4792 inimicis
2957 4740 3081 4796 tuis.
3125 4740 3193 4794 Et
3224 4758 3301 4794 an-

1755 4830 2015 4884 nuntiabit
2057 4827 2150 4881 tibi
2195 4827 2468 4891 Dominus,
2506 4835 2561 4880 ut
2584 4827 2796 4882 domum
2830 4830 3056 4899 aediﬁces
3084 4833 3206 4899 ipsi.
3241 4831 3310 4886 Et

1754 4922 1876 4987 erit,
1905 4937 2021 4973 cum
2064 4918 2261 4985 impleti
2287 4917 2482 4986 fuerint
2517 4916 2626 4972 dies
2658 4921 2756 4983 tui,
2799 4931 2848 4973 et
2876 4922 3153 4976 dormieris
3192 4938 3311 4976 cum

1755 5012 1993 5081 patribus
2027 5011 2153 5073 tuis,
2181 5019 2230 5063 et
2251 5009 2512 5064 suscitabo
2549 5026 2723 5065 semen
2763 5020 2908 5065 tuum
2930 5023 3044 5080 post
3077 5021 3144 5075 te,
3172 5015 3312 5083 quod

1754 5105 1852 5157 erit
1883 5103 1938 5156 in
1977 5111 2149 5155 ventre
2181 5110 2288 5165 tuo,
2314 5112 2361 5155 et
2395 5100 2700 5170 prwpmbo
2744 5118 2955 5171 regnum
2987 5111 3154 5156 tuum.
3192 5103 3312 5171 Ipse

1756 5193 2038 5261 ludiﬁcabit
2067 5192 2194 5245 mihi
2216 5192 2447 5263 domum,
2471 5200 2520 5245 et
2545 5182 2740 5261 erigant
2763 5207 2973 5261 regnum
3003 5191 3116 5259 ejus
3151 5210 3311 5263 usque

1757 5287 1813 5338 in
1859 5283 2130 5337 sarculum.
2180 5281 2290 5352 Ego
2321 5298 2440 5336 sero-
2476 5281 2558 5335 illi
2607 5282 2662 5334 in
2697 5290 2919 5350 patrem,
2972 5294 3021 5336 et
3060 5284 3167 5350 ipse
3207 5287 3308 5338 erit

1759 5375 1886 5429 milii
1919 5376 1973 5427 in
2011 5374 2216 5443 filium.
2251 5373 2319 5427 Et
2355 5374 2410 5427 si
2443 5373 2636 5427 venerit
2674 5373 2922 5441 iniquitas
2954 5374 3092 5443 ejus,
3119 5386 3169 5428 et
3218 5393 3307 5429 ar-

1754 5481 1912 5537 guam
1947 5480 2064 5518 eum
2095 5467 2149 5518 in
2190 5466 2336 5534 virga
2381 5466 2628 5531 uirorum,
2679 5473 2729 5518 et
2780 5466 2832 5518 in
2861 5462 3030 5536 plagis
3071 5466 3307 5534 filiorum

1755 5557 2042 5612 hominum.
2088 5554 2504 5633 Misericordiam
2537 5563 2709 5609 autem
2745 5571 2912 5616 meam
2933 5572 3036 5608 non
3064 5541 3304 5624 auferam

1707 5702 1709 5704 .
1755 5649 1819 5702 ab
1849 5665 1931 5712 eo,
1965 5649 2098 5702 sicut
2131 5642 2324 5702 abstuli
2363 5647 2430 5700 ab
2458 5649 2523 5700 iis
2560 5663 2688 5717 quos
2720 5648 2917 5702 abstuli
2950 5665 2981 5700 a
3008 5647 3142 5716 facie
3164 5667 3299 5707 mea.
