3974 6354
702 406 839 462 1079

1385 401 1648 458 EUSEBU
1683 402 2146 461 CESARTENSIS
2184 405 2330 463 OPP.
2374 402 2553 459 PARS
2585 401 2666 457 Ill.
2711 432 2777 442 -—
2813 399 3212 456 EXEGETICA.

706 517 776 573 Et
817 517 982 588 ﬁdelis
1011 518 1107 572 erit
1134 520 1315 572 domus
1347 520 1460 588 ejus
1500 529 1548 572 et
1578 537 1789 590 regnum
1831 523 1943 584 eius
1986 538 2144 592 usque
2184 526 2239 576 in

2350 511 2737 594 τῶνξπατέρων
2766 536 2901 585 σου,
2934 522 3028 576 καί
3062 522 3380 589 ἀναστήσω
3401 525 3466 577 τὸ
3492 525 3724 593 σπέρμα
3756 541 3861 578 σου

705 609 949 663 amulum
983 609 1035 661 in
1062 618 1332 676 conspectu
1358 625 1471 662 meo
1495 626 1513 662 :
1536 619 1583 662 et
1617 610 1829 664 thronus
1858 612 1970 680 ejus
1999 616 2099 667 erit
2128 628 2238 666 ere-

709 704 820 750 ctus
849 698 902 749 in
931 698 1177 751 saeculum
1217 696 1498 752 secundum
1545 696 1719 754 omnes
1756 717 2009 756 sermones
2040 702 2152 767 hos,
2187 713 2234 756 et

707 788 984 843 secundum
1023 781 1314 843 universam
1362 790 1608 858 uisionem
1639 791 1770 846 hanc
1793 793 1856 848 ”.
1907 793 1997 848 Sic
2029 796 2236 848 locutus

708 883 790 931 est
829 875 1037 929 Nathan
1068 875 1276 930 Davidi.
1327 874 1450 930 Haec
1481 891 1644 946 porro
1683 879 1863 932 omnia
1903 880 1957 932 in
2005 880 2234 934 medium

708 964 879 1026 attuli,
908 972 968 1016 ut
996 963 1346 1026 declararem,
1393 979 1513 1018 cum
1559 965 1724 1020 David
1766 967 2148 1021 aadilicaturum
2182 981 2238 1020 ει-

707 1051 926 1106 domum
951 1066 1088 1110 arcae
1117 1051 1207 1106 Dei
1229 1053 1432 1122 primus
1461 1055 1818 1123 promisisset,
1835 1053 2020 1117 Deum,
2047 1067 2228 1124 appro

708 1142 834 1196 bata
874 1143 1018 1200 illius
1050 1144 1268 1212 pietate,
1299 1143 1533 1199 vicissim
1560 1128 1854 1213 pollicitum
1897 1145 1945 1198 ei
1973 1160 2112 1207 esse,
2148 1160 2232 1198 ex-

708 1231 995 1285 citaturum
1039 1246 1097 1286 se
1141 1220 1323 1286 semen
1377 1229 1494 1298 ejus
1545 1245 1685 1293 esse,
1723 1232 1881 1300 cujus
1929 1246 2089 1301 opera
2137 1231 2236 1285 sibi

707 1321 922 1376 domum
966 1323 1223 1377 excitaret
1250 1339 1262 1375 :
1287 1327 1341 1374 et
1367 1335 1488 1374 cum
1516 1320 1680 1376 David
1713 1324 1859 1392 prior
1888 1323 2148 1392 iurasset,
2183 1337 2239 1376 se

708 1410 840 1463 nihil
868 1412 1012 1465 aliud
1043 1405 1166 1470 ante
1195 1409 1482 1474 facturum,
1514 1426 1674 1481 quam
1707 1413 2001 1469 invenisset
2030 1413 2136 1468 Deo
2162 1415 2237 1468 lo-

709 1513 854 1563 cum,
881 1499 1043 1556 Deum
1072 1503 1311 1556 vicissim
1337 1502 1552 1570 jurasse
1575 1503 1894 1572 pollicendo,
1924 1513 1974 1559 et
2011 1506 2243 1558 humano

711 1606 827 1646 sese
863 1595 997 1645 mori
1036 1603 1416 1662 attemperasse
1451 1595 1506 1648 in
1545 1594 1811 1662 loquendo
1844 1614 1856 1649 :
1884 1611 2007 1649 nam
2036 1595 2241 1649 inﬁnita

709 1695 874 1750 prape
902 1682 1004 1736 alia
1037 1682 1091 1736 in
1133 1683 1313 1737 divina
1343 1682 1621 1752 Scriptura
1655 1699 1719 1738 ex
1746 1683 1978 1738 humana
2017 1699 2241 1738 consue-

711 1771 893 1827 tudine
919 1780 973 1826 et
1011 1774 1240 1842 quadam
1276 1773 1544 1841 cogitandi
1571 1773 1778 1828 ratione
1809 1775 1876 1828 de
1918 1774 2024 1828 Deo
2053 1759 2240 1828 dicun-

2337 616 2483 684 μετὰ
2512 614 2606 676 σὲ,
2637 612 2666 665 ὃ
2708 611 2876 664 ἐσται
2897 611 2964 663 ἐν
2991 608 3062 677 τῇ
3090 613 3280 677 κοιλίᾳ
3308 628 3441 677 σου,
3472 613 3568 665 καὶ
3591 610 3863 681 ἑτοιμάσω

2339 703 2453 771 τὴν
2473 702 2791 767 ,ϐασιλείαν
2816 714 2949 754 σου.
2972 700 3160 766 Αὐτὸς
3179 701 3566 771 οἰκοδομήσει
3591 720 3689 770 μοι
3711 700 3863 754 οἶκον

2341 793 2420 858 τῷ
2447 791 2686 860 ὀνόματι
2719 808 2852 858 μου,
2876 790 2971 843 καὶ
3000 776 3311 858 ἀνορθώσω
3331 790 3437 844 τὸν
3457 791 3670 858 θρόνον
3693 790 3863 842 αὑτοῦ

2341 882 2450 946 ἕως
2484 882 2568 945 sle;
2601 879 2705 932 τὸν
2725 879 2924 931 αἰῶνα.
2943 879 3088 947 Ἐγὼ
3113 880 3320 949 ἔσομαι
3352 879 3508 944 αὐτῷ
3531 882 3616 943 είς
3639 877 3860 945 πατέρα,

2343 973 2439 1025 καί
2471 972 2650 1035 αὐτὸς
2678 971 2845 1023 ἔσται
2871 989 2968 1039 μοι
2993 974 3078 1038 είς
3121 974 3273 1025 υἱόν.
3308 972 3416 1025 Kal
3450 971 3556 1024 ἐὰν
3584 972 3725 1037 ἔλθῃ
3756 970 3865 1023 ἀδι-

2343 1062 2442 1114 κία
2481 1060 2682 1123 αὑτοῦ,
2711 1061 2804 1113 καί
2845 1059 3064 1129 ἐλέγξω
3098 1063 3280 1115 αὑτὸν
3315 1062 3383 1115 ἐν
3406 1060 3603 1130 ῥάϐδῳ
3627 1060 3859 1125 ἀνδρῶν.

2343 1150 2439 1203 καὶ
2486 1151 2555 1202 ἐν
2593 1150 2768 1218 ἁφαῖς
2802 1148 2946 1203 υἱῶν
2985 1151 3323 1217 ἀνθρώπων,
3353 1151 3424 1205 Τὸ
3462 1151 3529 1204 δὲ
3571 1152 3735 1216 ἔλεός
3757 1168 3862 1219 μου

2344 1243 2453 1294 οὐκ
2479 1241 2819 1308 ,ἀποστήσω
2851 1240 2947 1294 ἄπ’
2974 1240 3173 1306 αὐτοῦ,
3213 1241 3402 1307 καθὼς
3430 1241 3737 1321 ἀπέστησα
3774 1243 3860 1307 ἀφ’

2343 1327 2427 1386 ὧν
2455 1334 2767 1399 ἀπέστησα
2793 1333 2860 1385 ἐκ
2891 1330 3206 1400 προσώπου
3228 1350 3363 1400 μου.
3389 1333 3498 1386 Kal
3522 1332 3863 1398 πιστωθήσεο

2343 1440 2436 1476 ται
2473 1425 2506 1474 ό
2525 1422 2686 1488 οἶκος
2711 1422 2893 1476 αὐτοῦ
2922 1422 3019 1475 καὶ
3041 1422 3079 1488 ἠ
3105 1422 3384 1486 ,ϐασιλεία
3414 1422 3596 1476 αὐτοῦ
3625 1422 3728 1487 ἕως
3745 1420 3861 1475 αἰῶ-

2345 1528 2448 1575 νος
2476 1503 2727 1563 ἐνώπιόν
2741 1527 2858 1578 μου
2875 1524 2889 1538 ⁶
2927 1509 3026 1562 καὶ
3064 1512 3096 1562 ό
3122 1510 3326 1576 θρόνος
3352 1509 3535 1563 αὐτοῦ
3567 1509 3726 1563 ἔσται
3771 1510 3862 1561 ἀν-

2346 1583 2680 1666 ωρθωμένος
2709 1600 2793 1663 εις
2821 1585 2942 1652 ’τὸν
2974 1597 3151 1652 αἰῶνα
3188 1598 3333 1650 κατὰ
3357 1597 3582 1663 πάντας
3611 1598 3742 1662 τοὺς
3773 1598 3862 1649 λό’·

2347 1704 2487 1756 γους
2511 1694 2773 1754 τούτους,
2806 1691 2901 1742 καί
2939 1688 3085 1743 κατὰ
3119 1687 3323 1742 πᾶσαν
3355 1687 3466 1754 τὴν
3505 1688 3708 1754 ὅρασιν
3740 1688 3862 1739 ταύ-

2349 1794 2475 1844 την.
2504 1777 2684 1841 Οῦτως
2719 1771 2948 1849 ’ἐλάλησε
2980 1778 3171 1832 Ναθάνι
3194 1778 3328 1848 πρὸς
3370 1778 3459 1830 τὸν
3500 1777 3670 1828 Δαυῒδ.
3698 1776 3864 1830 Ταῦτα
3972 1853 3974 1856 Ι

710 1868 816 1914 tur.
843 1860 1049 1927 Quibus
1072 1864 1145 1916 ita
1168 1863 1627 1927 commonstratis,
1646 1864 1755 1932 jam
1784 1871 1949 1918 restat
1971 1871 2027 1918 ut
2050 1864 2239 1933 psalmi

2350 1868 2402 1937 5η
2448 1867 2622 1922 πάντα
2664 1869 2994 1939 παρεθέμην,
3036 1869 3376 1940 παραστῆσαι
3425 1865 3751 1938 βουλόμενος,
3779 1867 3861 1928 ὼς.

709 1949 913 2005 dictum
943 1952 1371 2010 consideremus.

2350 1955 2560 2026 πρώτου
2591 1958 3061 2028 ἐπηγγειλαμένου
3079 1957 3169 2010 τοῦ
3199 1958 3355 2011 Δαυῒδ
3379 1953 3522 2010 οἷκον
3555 1955 3862 2009 κατασκευα-

3733 403 3863 457 ιοεο

712 2040 821 2104 ζειν
853 2044 918 2112 τῇ
967 2041 1180 2112 κιϐωτῷ
1228 2041 1318 2096 τοῦ
1357 2043 1509 2109 Θεοῦ,
1547 2043 1937 2114 ἀποδεξάμενος
1961 2050 2120 2099 αὐτον
2151 2048 2246 2114 της
2284 2045 2553 2108 εὐσεϐείας
2581 2048 2609 2097 ὁ
2648 2047 2803 2111 Θεὸς,·
2845 2048 3329 2115 ἀντεπαγγέλλεται
3365 2048 3425 2100 τὸ
3472 2046 3684 2117 σπέρμα
3713 2044 3859 2098 αὐτοῦ

711 2131 1047 2202 ἀναστήσειν,
1082 2134 1174 2186 καὶ
1204 2133 1293 2186 διά
1316 2134 1500 2187 τούτου
1529 2135 1947 2199 κατασκευάζειν
1981 2132 2154 2203 ἐαυτῷ
2178 2131 2320 2188 οἷκον
2342 2151 2355 2163 ·
2388 2136 2480 2188 καὶ
2516 2135 2705 2199 ὼς.τοῦ
2741 2136 2900 2189 Δαυῒδ
2945 2136 3158 2206 πρώτου
3215 2136 3557 2206 ὀμωμοκότος
3615 2136 3684 2205 μὴ
3745 2135 3862 2202 septi-

712 2240 863 2296 τερον
887 2226 1060 2280 ἀλλοτι
1087 2229 1328 2298 ποιήσειν
1346 2230 1438 2282 τοῦ
1461 2231 1622 2297 τόπον
1648 2231 1823 2300 εὐρεὶν
1842 2231 1917 2299 τῷ
1938 2230 2074 2303 Θεῷ,
2096 2230 2392 2300 ἀμοιὸαἰως
2417 2231 2508 2283 καὶ
2539 2232 2566 2283 ὁ
2595 2230 2722 2293 Θεὸς
2753 2232 3036 2299 ἀντόμνυσι
3103 2230 3220 2308 διάὀ
3245 2231 3345 2300 τῆς
3405 2229 3737 2308 ἐπαγγελίας,
3784 2230 3864 2308 ἀντ

707 2313 1118 2389 θρωπινώτερον
1166 2319 1604 2387 συγκαταϐαίνων
1636 2320 1713 2389 τῷ
1745 2320 1911 2390 λόγῳ*
1950 2301 2132 2391 ἐπειδὴ
2165 2323 2257 2374 καὶ
2291 2321 2423 2376 ἄλλα
2453 2323 2618 2391 μυρία
2664 2324 2720 2375 ἐν
2764 2324 2828 2392 τῇ
2875 2322 2992 2392 θείᾳ
3023 2301 3227 2392 Γραφῇ
3274 2305 3700 2390 ἀνθρωποπαθῶς
3753 2301 3864 2385 περί

711 2407 802 2460 ἑοῦ
828 2408 960 2461 Θεοῦ
989 2408 1229 2462 λέλεκται
1268 2410 1405 2462 κατά
1433 2426 1550 2462 τινα
1602 2411 1888 2494 νοουμένην
1922 2412 2163 2481 θεωρίαν.
2217 2406 2317 2465 Ὦν-
2347 2412 2514 2476 οὕτως
2560 2413 3031 2482 ἀποδεδειγμένων,
3094 2412 3280 2480 καιρὸς
3332 2410 3431 2480 ἠδη
3462 2412 3555 2463 καὶ⁴
3579 2409 3673 2477 τὴν
3709 2410 3759 2459 ἐν
3797 2406 3861 2474 τῷ

712 2498 906 2569 ψαλμῷ
937 2500 1078 2564 λέξιν
1107 2501 1489 2572 ἐπιθεωρῆσαι.

781 2607 921 2671 Quid
946 2610 1047 2663 sibi
1071 2610 1185 2664 vult
1214 2625 1342 2680 ergo
1369 2613 1658 2681 promissio
1685 2611 1816 2668 Dei?
1844 2615 1969 2668 Haec
1990 2615 2096 2668 duo
2116 2629 2250 2684 pra:-

714 2700 942 2763 nuntiat,
969 2700 1141 2770 primo
1173 2717 1232 2756 se
1277 2701 1496 2758 Davidis
1535 2719 1718 2759 semen
1758 2704 1812 2757 in
1844 2706 2099 2759 saeculum
2131 2719 2243 2758 ser-

718 2799 1002 2858 vaturum;
1037 2792 1299 2857 secundo,
1346 2794 1598 2848 thronum
1631 2795 1749 2864 eius
1775 2795 2160 2848 aadiﬁcaturum
2197 2793 2250 2845 in

716 2883 1107 2954 generationem
1155 2892 1209 2938 et
1248 2886 1666 2955 generationem.
1713 2884 1913 2940 Deinde
1964 2885 2088 2954 quia
2140 2883 2252 2937 hac

713 2988 824 3027 non
869 2973 1120 3050 sensibili
1146 2987 1294 3028 more
1341 2975 1397 3027 in
1421 2981 1586 3037 terra,
1625 2988 1799 3042 neque
1850 2974 1904 3026 in
1945 2987 2112 3042 regno
2151 2973 2251 3024 hu-

717 3077 874 3115 mana
915 3062 1126 3116 ratione
1150 3062 1494 3116 considerato
1532 3064 1713 3118 futura
1748 3074 1920 3127 erant,
1955 3066 2250 3132 promisso-

717 3167 836 3205 rum
869 3153 1310 3222 complementum
1342 3154 1394 3206 in
1428 3156 1596 3210 cmlos
1642 3155 1886 3208 remittit.
1917 3152 2253 3223 Quapropter

718 3244 858 3297 sicut
895 3244 1141 3309 superius
1172 3243 1327 3308 dixit,
1363 3242 1428 3298 I-n
1476 3246 1602 3299 οωίο
1632 3245 2018 3314 ργωραναὸὶιιιν
2062 3245 2252 3296 veritas

721 3345 850 3396 tua;
883 3334 963 3388 sic
997 3341 1119 3403 post
1170 3333 1262 3390 Dei
1293 3335 1705 3404 promissionem
1728 3336 1836 3403 jam
1871 3334 2053 3396 infert,
2080 3331 2256 3401 Conﬁ-

721 3423 1112 3485 tebunturepwli
1146 3424 1411 3478 mirabilia
1463 3433 1574 3487 tua,
1606 3424 1840 3478 Domine.
1894 3422 2078 3492 Neque
2115 3424 2254 3476 enim

719 3510 965 3566 homines
996 3512 1085 3580 qui
1116 3512 1171 3564 in
1207 3521 1348 3566 terra
1378 3520 1524 3574 sunt.
1555 3512 1747 3582 inquit,
1791 3513 2086 3581 intelligere
2109 3519 2256 3578 pote-

719 3606 846 3652 runt
900 3613 1060 3666 quam
1095 3606 1325 3652 mentem
1369 3599 1618 3662 habeant,
1654 3615 1686 3652 o
1717 3598 1963 3662 Domine,
1991 3601 2254 3667 promissa

721 3697 832 3754 tua,
877 3704 977 3742 nec
1019 3703 1264 3757 quasnam
1312 3689 1419 3741 sint
1470 3690 1903 3759 propheticorum
1951 3704 2253 3745 sermonum

722 3779 1106 3848 complementa
1126 3796 1150 3843 ;.
1173 3779 1265 3831 sed
1298 3779 1396 3846 ipsi
1447 3780 1568 3831 εωΙί
1615 3779 1882 3842 videlicet,
1935 3788 1990 3832 et
2032 3796 2149 3848 quae
2203 3780 2254 3832 in

723 3868 860 3921 coelo
897 3875 1023 3921 sunt
1052 3866 1243 3920 divina:
1275 3869 1539 3921 virtutes:
1571 3870 1821 3936 quoniam
1862 3870 2012 3923 cmlis
2054 3883 2258 3937 compe-

727 3959 792 4009 tit
839 3959 1110 4012 mirabilia
1135 3966 1244 4020 tua,
1275 3974 1392 4027 quae
1431 3939 1484 4011 in
1514 3961 1961 4028 promissionibus
1993 3961 2254 4023 feruntur,

725 4058 977 4097 enarrare
1017 4053 1070 4097 et
1124 4045 1483 4113 interpretari.
1533 4046 1987 4111 Quemadmodum
2022 4048 2256 4101 vicissim

726 4138 1002 4208 vevitatem
1041 4143 1244 4203 tuam,
1308 4151 1426 4205 quae
1479 4137 1534 4188 in
1598 4139 1879 4204 promissis
1932 4136 2114 4189 Davidi
2165 4139 2258 4190 da-

727 4226 799 4278 tis
842 4224 1185 4297 celebratur,
1238 4224 1475 4292 cogitare
1529 4234 1578 4276 et
1631 4226 1913 4293 enuntiare
1960 4240 2066 4278 non
2126 4225 2259 4278 alio-

727 4329 845 4368 rum
899 4321 1032 4378 erat,
1078 4328 1234 4388 quam
1272 4313 1528 4366 caelorum
1583 4321 1806 4376 tantum,
1856 4323 1908 4367 et
1952 4314 2256 4382 angelorum

727 4404 818 4472 qui
859 4403 910 4456 in
933 4404 1094 4458 cmlis-
1112 4412 1282 4458 sunt:
1330 4403 1382 4455 hi
1427 4417 1657 4471 namque
1700 4405 1976 4456 veritatem
2021 4414 2164 4455 tuam
2205 4413 2257 4456 et

727 4493 992 4551 mirabilia
1038 4501 1129 4545 tua
1163 4493 1217 4546 in
1250 4491 1485 4546 Ecclesia
1510 4503 1813 4546 sanctorum
1840 4493 2255 4545 conﬁtebuntur.

729 4579 937 4636 Etenim
969 4583 1012 4635 si
1043 4583 1329 4653 aliquando
1367 4585 1492 4637 talis
1518 4582 1755 4636 Ecclesia
1780 4584 1834 4635 in
1878 4592 2020 4635 terra
2047 4592 2257 4645 exstet,

731 4688 849 4742 quae
895 4671 1130 4726 Ecclesia
1161 4684 1468 4729 sanctorum
1497 4683 1754 4730 vocetur:
1787 4683 1981 4742 praeter
2008 4674 2107 4727 hos
2136 4688 2261 4725 san-

731 4772 848 4816 ctos
870 4801 884 4825 ,
915 4761 1015 4830 ipsi
1045 4761 1166 4813 caeli
1187 4800 1201 4825 ,
1235 4763 1347 4816 sive
1376 4763 1568 4815 divinae
1592 4764 1847 4825 virtutes,
1876 4763 1988 4817 sive
2015 4758 2261 4816 cml'cstes

733 4850 975 4922 homines
999 4890 1013 4913 ,
1053 4850 1318 4903 mirabilia
1348 4859 1440 4904 tua
1467 4859 1520 4904 et
1548 4852 1822 4904 veritatem
1852 4860 1996 4903 tuam
2015 4891 2029 4914 ,
2059 4865 2177 4919 quae
2206 4850 2240 4901 ir

734 4945 1085 5011 presentibus
1124 4945 1402 5010 promissis
1443 4943 1629 5000 fertur.
1661 4944 2076 4995 conﬁtebuntur.
2107 4943 2261 5006 Quod

736 5032 781 5082 si
828 5033 882 5083 in
921 5033 1050 5099 ipsis
1091 5030 1245 5085 cmlis
1291 5031 1530 5086 Ecclesia
1567 5031 1812 5100 qumdam
1855 5033 1922 5082 sit
1964 5031 2262 5098 primitivo-

738 5133 853 5172 rum
874 5157 890 5180 ,
925 5119 1316 5189 descriptorum
1350 5122 1404 5173 in
1437 5122 1622 5181 oculis,
1655 5134 1718 5173 ea
1748 5118 1926 5171 verius
1959 5125 2009 5170 et
2043 5131 2264 5170 accura-

737 5211 843 5262 tius
871 5207 1104 5277 Ecclesia
1132 5220 1440 5264 sanctorum
1468 5225 1587 5264 esse
1613 5203 1828 5263 dicatur
1854 5225 1865 5258 :
1932 5207 1983 5258 in
2011 5222 2114 5275 qua
2143 5207 2260 5259 cmli

742 5299 1010 5351 veritatem
1057 5302 1443 5367 promissorum
1490 5299 1616 5360 Dei,
1661 5309 1712 5352 et
1759 5296 2027 5349 mirabilia
2056 5299 2108 5348 in
2142 5311 2266 5364 pro-

741 5389 919 5442 missis
975 5388 1148 5456 posita
1177 5427 1193 5452 ,
1238 5391 1582 5442 enarrabunt.
1647 5387 1908 5441 Mirabilia
1954 5396 2129 5439 autem
2179 5386 2281 5437 illa.

741 5492 858 5543 quae
906 5477 1135 5542 fuerint,
1192 5478 1295 5530 nisi
1349 5473 1598 5531 Davi'dem
1643 5479 1870 5532 electum
1923 5474 2012 5528 Dei
2054 5474 2265 5537 vocari,

744 5581 948 5618 necnon
973 5582 1153 5622 semen
1181 5567 1248 5620 ab
1275 5567 1391 5634 ipso
1421 5569 1750 5635 proditurum
1779 5581 1897 5622 esse
1915 5607 1927 5630 ,
1957 5564 2096 5634 quod
2126 5565 2244 5617 thro

820 5719 864 5747 ⁸⁸
895 5716 931 5769 Η
965 5718 1090 5785 Ill-3.
1127 5735 1230 5785 vn,
1265 5720 1410 5772 1-17.

2419 2612 2483 2664 Τί
2523 2613 2696 2665 τοίνυν
2741 2612 2983 2680 βούλεται
3028 2614 3060 2682 ἠ
3105 2611 3395 2680 ἐπαγγελία
3446 2610 3537 2663 τοῦ
3582 2608 3739 2672 Θεοῦ;
3773 2608 3862 2661 Δύο

2349 2698 2518 2750 ταῦτα
2537 2700 2917 2771 προαγορεύει·
2949 2701 3156 2770 πρῶτον
3181 2700 3274 2768 μὲν
3293 2700 3353 2752 τὸ
3375 2683 3592 2770 σπέρμα
3614 2697 3701 2750 τοῦ
3724 2695 3861 2748 Acut!

2350 2788 2450 2850 ἕως
2480 2787 2572 2841 τοῦ
2601 2790 2789 2850 αἰῶνος
2815 2789 3064 2856 φυλάξειν
3082 2804 3094 2816 ·
3125 2789 3370 2859 δεύτερον
3396 2788 3451 2840 δὲ
3475 2788 3564 2839 τὸν
3594 2786 3762 2854 θρόνον
3781 2788 3861 2839 αὐ-

2348 2880 2440 2932 τοῦ
2474 2879 2837 2949 οἰκοδομήσειν
2867 2881 2945 2941 είς
2978 2878 3166 2947 γενεὰν
3189 2879 3284 2930 καὶ
3313 2878 3519 2945 γενεάν.
3544 2875 3651 2928 Εἶτ’
3674 2876 3862 2943 ἐπειδη-

2353 2970 2668 3041 περ-ήμελλε
2695 2968 2862 3022 ταῦτα
2892 2970 2966 3039 μὴ
2990 2969 3084 3020 ἐνιῦ⁹
3104 2969 3206 3036 γῆς
3235 2966 3501 3037 αἰσθητῶς
3527 2966 3861 3027 συνίστασθαι,

2358 3061 2487 3131 μηδὲ
2533 3062 2588 3112 ὲν
2630 3062 2694 3130 τῇ
2738 3059 2875 3112 κατά
2919 3058 3194 3128 ἄνθρωπον
3243 3056 3502 3125 βασιλείᾳ,
3531 3056 3608 3117 είς
3638 3055 3863 3124 οὐρανοὺς

2278 3123 2319 3179 C
2503 3123 2806 3219 ἀναπέμπει
2839 3149 2944 3201 τῶν
2975 3123 3310 3216 ἐπαγγελιῶν
3351 3145 3420 3198 ea:
3460 3123 3862 3214 ἀποτελέσματα.

2351 3244 2426 3293 Δι’
2456 3241 2483 3292 δ
2506 3239 2689 3309 ὥσπερ
2713 3239 2964 3309 ἀνωτέρω
2994 3238 3190 3308 ἔφησεν
3209 3255 3222 3268 ·
3267 3239 3360 3290 Ἐν
3386 3235 3465 3300 τῷ
3492 3235 3716 3302 οὐρανῷ
3743 3236 3862 3286 ἐτοι-

2348 3330 2722 3398 μασθήσεται
2763 3329 2802 3395 ἠ
2846 3328 3091 3395 ἀλήθειά
3127 3345 3260 3392 σου,
3321 3327 3461 3381 οῦτω
3493 3328 3584 3380 καὶ
3618 3328 3707 3380 νῦν
3752 3325 3863 3397 μετὰ

2351 3421 2447 3490 τὴν
2473 3420 2795 3487 ἐπαγγελίαν
2819 3419 2908 3471 τοῦ
2941 3418 3073 3472 Θεοῦ
3103 3419 3349 3489 ἐπιφέρει
3372 3420 3430 3472 τό
3450 3437 3471 3448 ·’
3507 3415 3839 3487 Ἐξομολογή

2352 3525 2556 3562 σον-ται
2602 3513 2654 3563 al
2709 3511 2941 3577 οὐρανοὶ
2985 3509 3056 3561 τὰ
3097 3508 3394 3578 θαυμάσια
3420 3523 3557 3571 σου,
3586 3496 3765 3575 Κύριε.
3799 3504 3862 3557 Οὐ

2353 3601 2459 3670 γὰρ
2504 3603 2550 3653 οἱ
2599 3602 2688 3653 ἐπὶ
2730 3601 2828 3669 γῆς
2868 3601 3156 3671 ἄνθρωποι,
3212 3599 3363 3666 φησὶ,
3413 3598 3720 3670 δυνήσονται
3761 3612 3862 3646 συν-

2356 3690 2510 3754 ιέναι,
2542 3693 2718 3742 ὁποῖον
2748 3687 2871 3741 νοῦν
2911 3689 3138 3757 ἔχουσιν,
3162 3681 3206 3740 ὧ
3234 3687 3417 3757 Κύριε,
3455 3690 3510 3740 αἱ
3556 3685 3856 3752 ἐπαγγελίαι,

2354 3781 2457 3833 οὐδ’
2492 3784 2649 3834 ὁποῖα
2671 3780 2738 3832 τὰ
2763 3780 3168 3848 ἀποτελέσματα
3190 3778 3294 3848 τῶν
3329 3777 3670 3848 προφητικῶν
3691 3773 3860 3842 τυγχά-

2359 3886 2434 3922 νει
2463 3869 2641 3940 λόγων
2652 3885 2664 3897 '
2695 3867 2809 3920 ἀλλ’
2836 3869 2884 3919 οἱ
2907 3845 3119 3936 οὐρα-νοτ.
3153 3845 3302 3917 αὐτοὶ
3328 3845 3546 3934 δηλαδὴ,
3569 3863 3660 3915 καὶ
3689 3864 3737 3915 αἱ
3765 3862 3861 3913 κατ’

2357 3960 2576 4028 οὐρανὸν
2609 3959 2744 4010 θεῖαι
2771 3957 3041 4026 δυνάμειςο
3067 3957 3252 4026 διόπερ
3277 3958 3384 4016 τοῖς
3402 3955 3643 4024 οὐρανοῖς
3670 3950 3860 4022 ἁρμόζει

2355 4051 2420 4103 τὰ
2467 4050 2738 4119 θαυμάσια
2780 4063 2872 4100 σου
2909 4049 2978 4100 τὰ
3020 4048 3364 4118 ἐμφερόμενα
3401 4049 3518 4108 ταῖς
3552 4043 3860 4110 ἐπαγγελίαις

2356 4137 2644 4205 διηγεῖσθαι
2688 4136 2790 4189 καὶ.
2819 4134 3424 4204 διερμηνσύειν.Ὢσπερ
3455 4133 3614 4184 πάλιν
3638 4131 3728 4200 τὴν
3753 4129 3859 4195 ἀλή-

2357 4228 2501 4279 θειάν
2528 4245 2640 4287 σου,
2667 4228 2764 4297 τὴν
2788 4230 2843 4280 ἐν
2866 4231 2981 4289 ταῖς
2997 4227 3129 4295 πρὸς
3154 4226 3240 4277 τὸν
3270 4223 3427 4276 Δαυτδ
3454 4221 3776 4290 ἐπαγγελίαις
3796 4219 3860 4268 δε-

2357 4313 2701 4384 δοξασμένήν,
2729 4318 2826 4368 οὐκ
2853 4316 3021 4369 ἄλλων
3045 4311 3267 4383 ἦν,νοεῖν
3284 4316 3375 4365 καὶ
3398 4311 3689 4381 διηγεῖσθαι
3716 4307 3807 4360 ἀλλ’
3833 4304 3857 4370 ἢ

2292 4440 2331 4491 D
2366 4408 2537 4475 μόνων
2579 4406 2684 4459 τῶν
2727 4405 2964 4474 οὐρανῶν
3008 4406 3102 4456 καὶ
3135 4403 3238 4456 τῶν
3267 4405 3322 4453 ἐν
3349 4402 3591 4470 οὐρανοῖς
3622 4397 3856 4477 ἀγγέλων·

2360 4490 2502 4548 οὗτοι
2528 4498 2633 4565 γὰρ
2667 4495 2759 4548 καὶ
2783 4494 2879 4562 τὴν
2906 4493 3157 4562 ἀλήθειάν
3183 4508 3272 4542 σου
3303 4490 3396 4541 καὶ
3418 4488 3483 4539 τὰ
3511 4485 3765 4556 θαυμάσιά
3787 4497 3858 4532 σου

2361 4588 2415 4637 ἐν
2448 4584 2732 4655 Ἐκκλησία
2759 4585 2922 4651 ἁγίων
2940 4582 3430 4655 ἐξομολογήσονται.
3449 4579 3510 4630 El
3535 4577 3639 4646 γάρ
3664 4590 3772 4626 ποτε
3793 4570 3860 4638 γέ-

2361 4693 2498 4726 νοιτο
2538 4673 2822 4741 Ἐκκλησία
2848 4690 2928 4735 τις
2957 4671 3170 4741 τοιαύτη
3225 4669 3312 4725 ἐπὶ
3337 4669 3454 4737 γῆς,
3483 4667 3557 4728 ὼς
3581 4666 3736 4731 ἁγίων
3766 4662 3860 4712 Ἐκ-

2363 4765 2582 4832 κλησίαν
2609 4763 2773 4831 αὐτὴν
2801 4758 3338 4830 χρηματίζειν,νπαρά
3368 4754 3572 4815 τούτοις
3601 4756 3647 4805 ol
3664 4750 3856 4822 οὐρανοὶ,

2360 4855 2467 4905 εἴτε
2499 4853 2747 4921 δυνάμεις
2780 4852 2934 4914 θεῖαι,
2959 4851 3065 4902 εἴτε
3092 4851 3182 4903 καὶ
3207 4848 3441 4918 οὐράνιοι
3457 4845 3660 4914 ἄνδρες,
3682 4844 3741 4892 τὰ
3759 4839 3860 4890 θαυ-

2369 4943 2534 5012 μάσιά
2560 4959 2649 4994 σου
2671 4943 2761 4993 καὶ
2783 4941 2878 5011 τὴν
2911 4940 3157 5011 ἀλήθειάν
3189 4955 3300 4998 σου,
3330 4935 3425 5004 τὴν
3443 4931 3791 5002 ἐμφερομένην
3817 4928 3858 4976 ἐν
3972 4931 3974 4934 ’

2365 5033 2479 5092 ταῖς
2519 5029 2895 5098 προκειμέναις
2940 5027 3302 5096 ἐπαγγελίαις,
3326 5023 3789 5092 ἐξομολογήσονται.
3813 5016 3859 5066 El

2367 5119 2422 5170 δέ
2458 5122 2568 5172 ἐστι
2620 5121 2710 5171 καὶ
2761 5121 2817 5170 ἐν
2864 5120 3039 5178 αὐτοῖς
3081 5118 3192 5176 τοῖς
3221 5115 3462 5183 οὐρανοῖς
3498 5111 3768 5181 Ἐκκλησία
3797 5121 3859 5164 τις

2372 5210 2721 5278 πρωτοτόκων
2753 5207 3244 5277 ἀπογεγραμμένων
3269 5205 3323 5255 ἐν
3356 5205 3614 5273 οὐρανοῖς,
3646 5196 3858 5284 rapidita-
3972 5277 3974 5284 Ι

2374 5315 2462 5366 ρον
2509 5299 2596 5349 καὶ
2641 5297 2986 5366 ἀληθέστερον
3031 5291 3237 5363 λεχθείη
3287 5291 3350 5344 ἂν
3397 5293 3575 5360 ἐκείνη
3613 5282 3862 5354 Ἐκκλησία
3972 5282 3974 5330 ξ

2375 5389 2537 5453 ἁγίων
2561 5385 2702 5440 εἶναι
2736 5387 3041 5452 Ἐκκλησία,
3071 5385 3126 5434 ἐν
3213 5385 3257 5434 οἱ
3290 5383 3505 5455 οὐρανοὶ
3537 5380 3627 5441 τὴν
3647 5373 3856 5444 ἀλήθειαν

2373 5477 2478 5528 τῶν
2505 5477 2832 5544 ἐπαγγελιῶν
2862 5474 2950 5526 τοῦ
2981 5473 3112 5524 Θεοῦ
3137 5474 3226 5526 καὶ
3248 5453 3607 5539 τάὶθαυμάσια
3636 5467 3703 5518 τᾶ
3719 5466 3768 5512 ὲν

2375 5569 2490 5628 ταῖς
2526 5567 2866 5635 ἀποκείμενα
2893 5564 3248 5634 διηγήσονται.
3279 5562 3559 5630 Θαυμάσια
3589 5558 3640 5608 δὲ
3671 5553 3775 5604 τίνα
3807 5543 3867 5614 ἦν·
