3974 6354
110 481 207 536 N181

1127 481 1616 540 COMMENTARIA
1649 482 1714 536 IN
1764 481 2095 538 ΡεΑιΜυδ.

3090 486 3112 538 1
3123 484 3230 538 082

107 593 234 662 ἀλλ’ἢ
261 593 319 645 τὸ
344 594 592 648 ἐκλεκτὸν
619 593 712 648 τοῦ
752 595 884 648 Θεοῦ
913 598 1237 669 χρηματίσαι
1284 600 1374 652 τὸν
1422 599 1598 664 Δαυῒδ,

1701 614 1828 653 num
1875 607 2132 653 aeternum
2176 605 2457 652 nacturum
2497 600 2604 665 sit;
2649 605 2807 668 atque
2851 608 3228 654 testamentum

108 683 241 738 καὶτὸ
269 682 326 748 eg
353 681 513 736 αὐτοῦ
541 683 786 750 γενέσθαι
821 687 1035 757 σπέρμα
1057 688 1238 758 θρόνον
1266 688 1477 744 αίὼνιον
1505 709 1601 744 κα-

108 773 239 836 θίξον,
267 773 357 824 καὶ
385 771 457 824 τὸο
471 772 729 850 διαθήκην
757 773 966 828 αἰώνιον
989 776 1319 831 διατίθεσθαι.
1342 780 1472 850 πρὸς
1503 781 1600 833 αὺ-

108 863 172 914 τὸν
193 860 270 912 τὸν
293 860 440 925 Θεὸν,
466 861 499 930 ἢ
530 861 793 931 συνθήκην
815 864 947 932 πρὸς
967 865 1126 918 αὐτὸν
1152 865 1399 934 γενέσθαι
1419 885 1432 932 ;
1464 867 1602 920 οὕτω

107 954 188 1023 γὰρ
215 953 243 1004 δ
271 953 495 1014 Ἀκύλας
531 953 624 1004 καὶ
664 952 948 1023 Σύμμαχος
986 959 1347 1027 ήρμήνευσαν,
1389 959 1608 1028 συνθήο

108 1061 198 1110 xm“
227 1043 342 1096 ἀντὶ
379 1042 631 1112 διαθήκης
659 1045 953 1112 εἰρηκότες.
981 1047 1282 1118 Θαυμάσιον
1321 1046 1388 1120 ἦν
1427 1051 1515 1103 καὶ
1544 1052 1604 1104 τὸ

107 1131 292 1200 ὀμνύναι
329 1131 417 1182 τὸν
444 1130 573 1182 Θεὸν
610 1131 873 1202 ἀνθρώπῳ
907 1135 998 1188 καὶ
1027 1136 1085 1188 τὸ
1112 1138 1334 1205 φάσκειν
1359 1142 1492 1211 πρὸς
1515 1141 1602 1194 τὸν

107 1221 230 1272 αὐτόν
246 1237 260 1251 ·
287 1222 430 1284 Ἕως
459 1221 562 1273 τοῦ
589 1219 795 1286 αἰῶνος
817 1224 1102 1293 ἑτοιμάσω
1131 1229 1194 1280 τὸ
1217 1220 1446 1297 σπέρμα
1465 1245 1600 1293 σου,

106 1310 215 1362 κατά
235 1310 320 1362 τὸν
349 1311 635 1380 Σύμμαχον
652 1327 667 1344 ο
689 1313 795 1367 Καὶ
838 1315 1199 1384 οίκοδομήσω
1229 1321 1313 1383 εις
1344 1319 1604 1386 ἑκάστην

105 1398 278 1462 γενεὰν
298 1397 403 1451 τὸν
427 1400 638 1465 θρόνον
667 1416 800 1465 σου,
837 1402 973 1455 κατά
997 1402 1085 1456 τὸν
1117 1406 1293 1458 αὐτόν.
1317 1406 1388 1458 Τὸ
1411 1407 1465 1458 δὲ
1489 1410 1602 1476 μεῖ-

105 1488 174 1549 ζον
200 1489 434 1542 ἁπάντων
467 1488 645 1559 θαῦμα
666 1490 820 1544 τοῦτο
850 1488 936 1563 ἦν,
961 1494 1020 1546 τὸ
1047 1494 1266 1548 τοιαῦτα
1287 1497 1603 1564 ἐπαγγελλό-

108 1595 232 1647 μενον
259 1579 346 1631 τὸν
367 1579 495 1632 Θεὸν
517 1580 662 1651 ὅρκῳ
690 1581 854 1636 ταῦτα
876 1584 1359 1655 ἐπισφραγίσασθαι
1384 1603 1396 1615 ο
1431 1587 1520 1638 καὶ
1543 1586 1603 1639 τὸ

109 1667 286 1720 πάντων
328 1667 756 1742 θαυμασιώτερον
784 1671 841 1724 τὸ
881 1672 1015 1742 μετά
1050 1673 1138 1725 τὸν
1165 1673 1302 1726 θεῖον
1336 1675 1490 1746 ὅρκον
1521 1674 1625 1728 δο-·

105 1761 193 1811 κείν
217 1761 283 1829 μὴ
305 1761 449 1823 τέλος
471 1763 740 1834 εἰληφέναι
759 1765 880 1826 τοὺς
903 1764 994 1817 τοῦ
1017 1764 1146 1817 Θεοῦ
1178 1765 1383 1834 λόγους,
1410 1762 1602 1820 τάναν-

105 1849 172 1899 ria
197 1849 246 1900 δὲ
276 1854 338 1920 τῇ
367 1853 673 1922 ὁρκωμοσία
708 1835 990 1923 συμϐῆναι.
1010 1854 1280 1925 Ἐπιφέρει
1303 1855 1429 1922 γοῦν
1456 1855 1600 1928 έξῆς,

105 1940 292 1992 ἐναντία
307 1921 421 2003 ταῖς
444 1942 536 1995 τοῦ
562 1921 692 1995 Θεοῦ
720 1921 1062 2011 ἐπαγγελίαις
1085 1921 1255 2014 δηλῶν
1279 1921 1603 2015 μϐεδηκέ-

105 2046 198 2080 ναι·
223 2029 282 2081 δι’
313 2030 348 2082 ἃ
373 2032 464 2083 καὶ
495 2033 722 2101 μάλιστα
754 2034 1106 2103 ἐκπλήττεται
1142 2036 1232 2086 καὶ
1278 2034 1538 2104 θαυμάζει
1575 2038 1602 2088 ὁ

107 2121 355 2191 Προφήτης
373 2137 386 2151 ⁸
417 2123 770 2176 ἀποδυσπετεῖ
800 2123 925 2191 γοῦν
954 2123 1076 2194 ἑξῆς
1105 2125 1271 2192 λέγων
1290 2142 1302 2154 ·
1328 2126 1449 2179 Ποῦ
1476 2125 1603 2178 ἐστι

105 2212 160 2262 τὰ
181 2212 306 2278 eam
330 2227 440 2266 σου
466 2213 537 2266 τὰ
560 2213 788 2281 ἀρχαῖα,
811 2214 1000 2280 Κύριε,
1022 2213 1058 2267 ἁ
1080 2213 1312 2283 ὤμοσας
1337 2213 1414 2278 τῷ
1428 2215 1603 2267 Δαυῖδ

105 2299 160 2351 ὲν
181 2299 244 2368 τῇ
265 2302 504 2369 ἀληθείᾳ
536 2318 648 2356 σου
663 2319 681 2366 ;
720 2303 853 2356 Ἀλλ’
873 2304 1262 2374 ἀποθεραπεύει
1290 2304 1384 2372 τὴν
1412 2300 1601 2354 ἑαυτοῦ

105 2392 394 2461 ἀμηχανίαν,
426 2379 680 2462 ἀνωτέρω
711 2393 806 2462 μὲν
839 2392 1099 2462 είρηκὼς’
1146 2394 1247 2446 Ἐν
1280 2391 1399 2455 τοῖς
1439 2392 1604 2456 οὐρα-

104 2479 206 2544 νοῖς
228 2480 699 2549 ἐτοιμασθήσεται
722 2485 761 2549 ἠ
785 2481 1029 2547 ἀλήθειὰ
1052 2498 1183 2543 σου,
1215 2485 1269 2533 ὲν
1296 2480 1349 2532 δὲ
1375 2482 1484 2541 τοῖς
1511 2496 1602 2548 με·

104 2568 157 2618 τὰ
183 2572 380 2639 χεῖρας·
427 2571 987 2640 Ἐξομολογήσονται
1025 2576 1076 2625 οι
1107 2571 1341 2638 οὐρανοί
1368 2571 1440 2622 τὰ
1472 2575 1603 2623 θαυ-

101 2657 259 2723 μὰσιά
290 2674 420 2723 σου,
447 2659 543 2711 καὶ
567 2659 676 2727 γὰρ
701 2659 813 2727 τὴν
832 2660 1114 2725 ἀλήθειάν
1137 2675 1248 2713 σου
1283 2661 1350 2712 ἐν
1374 2660 1605 2726 Ἐκκλη-

106 2747 191 2812 άίᾳ
219 2749 538 2816 ἀτίων.”οτι
578 2751 666 2814 τίς
706 2751 772 2802 ἐν
815 2751 1089 2818 νεφέλαις
1136 2750 1481 2818 ίσωθήσεται
1525 2750 1603 2815 τῷ

104 2837 286 2904 Κυρίῳ,
306 2839 718 2908 ὁμοιωθήσεται
763 2838 841 2903 τῷ
886 2841 1075 2907 Κιφίῳ
1117 2841 1184 2893 ἐν
1230 2840 1377 2906 υἱοῖς
1425 2840 1603 2904 Θεοῦ;

115 2926 234 2979 Ἀντί
270 2929 387 2980 τοῖν
433 2931 502 2983 ἐν
539 2932 831 2998 νεφέλαις,
891 2932 918 2983 ό
969 2931 1253 3001 Σύμμαχός
1301 2948 1452 3000 φησιο
1511 2932 1603 2994 Τίς

106 3016 193 3082 γὰρ
234 3017 296 3070 ἐν
342 3019 554 3086 αιθέρι;
583 3018 790 3089 Σφόδρα
840 3018 894 3070 δὲ
939 3018 1235 3080 ἀκολούθως
1272 3020 1511 3089 ἐπήγαγε
1539 3018 1603 3070 τὰ

106 3111 404 3181 προκείμενα
425 3115 536 3175 τοῖς
554 3111 887 3183 προλεχθεῖσι
913 3128 925 3141 ·
963 3110 1056 3181 τὴν
1086 3112 1191 3181 γὰρ
1217 3110 1464 3180 ἀλήθειάν
1491 3126 1600 3171 σου,

1698 698 1957 743 aeternum
1978 727 1994 752 ,
2028 690 2140 743 sive
2169 697 2381 758 pactum
2413 691 2477 742 ab
2507 691 2597 742 illo
2626 705 2746 742 cum
2780 688 2887 741 Deo
2912 703 3225 757 percussum

1699 779 1905 833 fuisse?
1933 779 2010 832 sic
2033 779 2174 832 enim
2205 777 2392 846 Aquila
2422 791 2472 832 et
2503 777 2851 848 Symmachus
2894 778 3223 846 interpretati

1700 878 1860 932 sunt,
1891 869 1980 938 qui
2013 880 2221 936 pactum
2259 884 2355 937 pro
2383 876 2706 922 testamento
2751 867 3016 920 dixerunt.
3065 868 3224 920 Mira-

1699 961 1804 1014 bile
1831 974 2044 1028 quoque
2070 962 2386 1028 eratjurare
2418 957 2581 1011 Deum
2626 957 2864 1018 homini,
2899 957 3102 1025 ipsique
3139 957 3224 1010 di-

1699 1065 1820 1104 cere
1837 1091 1850 1112 ,
1881 1049 2052 1118 Usque
2071 1051 2123 1103 in
2145 1064 2392 1104 mentum
2414 1049 2720 1117 pra’parabo
2743 1064 2908 1100 semen
2936 1058 3078 1099 tuum
3096 1087 3110 1108 ,
3139 1063 3224 1102 sc-

1699 1142 1930 1195 cundum
1963 1125 2334 1210 Symmachum
2361 1159 2374 1192 :
2410 1139 2474 1191 Et
2506 1141 2770 1206 a’dificabo
2811 1140 2862 1191 in
2892 1154 3228 1206 unamquam-

1679 1235 1792 1300 'que
1809 1232 2185 1300 generationem
2204 1229 2440 1283 thronum
2462 1239 2601 1281 tuum
2619 1269 2632 1294 ,
2653 1231 2942 1282 secundum
2959 1227 3220 1282 eumdem.

1699 1310 1766 1372 At
1781 1321 2069 1374 maximum
2089 1320 2326 1374 omnium
2349 1318 2659 1374 miraculum
2679 1317 2806 1371 illud
2824 1325 2957 1381 erat,
2981 1317 3225 1372 videlicet

1699 1409 1811 1464 hac
1827 1411 2118 1479 pollicitum
2141 1409 2304 1465 Deum
2324 1449 2337 1472 ,
2352 1409 2656 1477 juramento
2670 1408 2853 1462 eadem
2872 1409 3183 1477 obsignasse
3207 1427 3220 1461 :

1698 1515 1882 1554 verum
1924 1500 2066 1570 quod
2095 1500 2334 1554 omnium
2365 1499 2585 1552 omnino
2617 1497 3076 1552 mirabilissimum
3108 1507 3223 1564 est,

1697 1587 1792 1644 Dei
1818 1605 2123 1651 sermones,
2153 1604 2291 1658 quos
2315 1588 2528 1657 juratus
2562 1587 2887 1655 protulerat,
2921 1601 3032 1640 non
3055 1585 3120 1639 ad
3147 1587 3226 1641 ef-

1699 1679 1896 1735 fectum
1939 1680 2199 1735 deductos
2244 1694 2406 1744 esse;
2456 1678 2548 1732 sed
2595 1678 2916 1745 juramentls
2957 1677 3223 1730 contraria
3264 1666 3268 1671 ’

1700 1773 1938 1826 evenisse
1980 1771 2168 1826 videri.
2213 1769 2344 1823 Nam
2389 1768 2577 1824 deinde
2617 1769 2819 1838 pergit,
2867 1769 3060 1823 divinis
3103 1784 3229 1837 pro-

1703 1861 1886 1916 missis
1916 1864 2155 1931 opposita
2180 1859 2470 1928 contigisse
2498 1873 2725 1914 narrans
2752 1879 2764 1912 :
2794 1874 3021 1928 quorum
3051 1859 3223 1910 maxi-

1701 1965 1783 2004 me
1805 1965 1965 2004 causa
1989 1949 2312 2042 obstupe‘scit
2335 1950 2660 2015 miraturque
2683 1945 2973 2016 Propheta,
2997 1954 3048 2000 et
3072 1946 3228 2015 quasi

1700 2056 1812 2094 rem
1837 2057 1976 2110 aegre
2005 2039 2180 2094 ferens
2203 2038 2278 2092 ait
2307 2058 2318 2093 :
2349 2038 2445 2091 Ubi
2476 2048 2594 2091 sunt
2622 2039 2988 2091 misericordia:
3015 2047 3116 2090 tuo:
3141 2053 3227 2102 an-

1700 2128 1884 2195 tiquae,
1915 2127 2161 2192 Domine,
2192 2143 2323 2195 quae
2344 2125 2542 2194 jurasti
2567 2125 2735 2178 David
2778 2125 2830 2178 in
2859 2126 3070 2178 veritate
3097 2127 3231 2179 tua?

1698 2214 1766 2270 At
1793 2215 2050 2285 angustia
2078 2231 2187 2271 sua:
2214 2217 2469 2270 medelam
2506 2215 2774 2276 adhibuit,
2819 2223 2928 2267 tum
2975 2214 3232 2282 superius

1699 2321 1820 2360 cum
1861 2306 2094 2370 diceret,
2150 2305 2213 2359 In
2264 2306 2403 2360 cwlis
2444 2306 2822 2375 prwparabilur
2863 2305 3049 2358 ueritas
3092 2314 3224 2365 tua;

1700 2401 1811 2446 tum
1857 2395 1908 2446 in
1949 2394 2032 2448 his
2074 2409 2191 2463 quae
2235 2404 2531 2450 tractamus
2571 2396 2787 2458 dicens,
2837 2393 3228 2462 Conﬁtebuntur

1699 2481 1811 2533 caeli
1841 2481 2102 2534 mirabilia
2134 2491 2222 2536 tua
2241 2521 2255 2544 ,
2283 2485 2470 2536 etenim
2499 2485 2764 2537 veritatem
2795 2491 2936 2535 tuam
2963 2484 3014 2535 in
3043 2482 3225 2536 Eccle-

1700 2573 1779 2624 sia
1831 2581 2146 2624 relictorum.
2169 2602 2238 2611 —
2262 2571 2420 2626 Vens.
2454 2574 2524 2627 ,7.
2575 2573 2832 2637 Quoniam
2861 2573 2974 2641 qui:
3005 2574 3060 2625 in
3080 2571 3227 2624 nubi-

1701 2659 1792 2712 ί)αέ
1825 2659 2110 2723 aequabitur
2135 2659 2354 2714 Domino
2381 2701 2394 2721 ,
2426 2661 2610 2715 similis
2638 2664 2736 2715 erit
2766 2662 2985 2713 Domino
3016 2662 3069 2714 in
3101 2662 3227 2728 ﬁliis

1705 2749 1795 2802 Dei
1824 2752 1846 2804 .9
1873 2749 1975 2802 Pro
2006 2749 2126 2813 illo,
2157 2750 2209 2800 in
2257 2751 2506 2810 nubibus,
2553 2750 2903 2819 Symmachus
2947 2749 3058 2811 ait,
3095 2749 3230 2813 Qui;

1700 2843 1834 2896 enim
1876 2841 1930 2893 in
1975 2841 2205 2894 wthere?
2249 2840 2544 2893 Admodum
2586 2833 2941 2909 congruenter
2973 2840 3083 2892 haec
3112 2840 3223 2908 jam

1701 2929 1990 2999 praemissis
2024 2929 2255 2998 adjecit:
2292 2932 2567 2983 veritatem
2607 2930 2746 2982 enim
2789 2937 2967 2990 tuam,
3012 2929 3220 2996 inquit,

1701 3029 1754 3074 et
1796 3021 2062 3082 mirabilia
2107 3029 2198 3073 tua
2245 3021 2451 3074 etiamsi
2495 3019 2736 3073 homines
2781 3018 3074 3088 intelligere
3115 3033 3223 3071 non

1701 3111 1948 3175 valeant;
1982 3117 2085 3178 qua
2133 3110 2198 3162 de
2225 3123 2390 3163 causa
2417 3109 2635 3178 jamjam
2669 3109 2913 3163 dicturus
2939 3124 3055 3163 sum
3079 3150 3092 3174 ,
3130 3106 3226 3160 Ubi

106 3200 232 3266 φησὶ,
254 3202 341 3253 καὶ
366 3201 432 3254 τὰ
456 3200 726 3270 Θαυμάσιά
755 3216 868 3262 σου,
895 3199 942 3250 εί
971 3200 1061 3250 καὶ
1090 3198 1161 3268 μὴ
1189 3198 1456 3267 ἄνθρωποι
1485 3213 1601 3250 συν-

1701 3210 1820 3255 sunt
1857 3198 2226 3253 misericordia
2268 3208 2368 3252 tua!
2408 3201 2634 3266 antiqua:
2655 3241 2668 3264 ,
2703 3197 2953 3260 Domine,
2985 3215 3112 3266 quas
3135 3199 3227 3267 ju-

105 3291 219 3340 εἶναι
243 3290 514 3345 δύνανται·
545 3290 610 3342 δι’
640 3289 684 3341 ὃς
713 3289 884 3359 μέλλω
923 3287 1095 3356 λέγειν
1129 3289 1316 3358 μικρὸν
1348 3287 1563 3356 ὕστερον
1587 3303 1599 3317 ⁸

106 3377 206 3428 Ποῦ
225 3377 342 3430 ἐστι
367 3379 439 3439 τὰ
457 3376 594 3443 ἐλέη
624 3391 736 3429 σου
763 3378 832 3428 τὰ
853 3377 1084 3445 ἀρχαῖα,
1104 3376 1295 3442 Κύριε,
1313 3373 1349 3426 ἅ
1370 3374 1602 3441 ὤμοσας

103 3465 167 3528 τῷ
188 3468 377 3529 Δαυτδς
417 3468 551 3520 Ἀλλ’
576 3469 787 3538 οὐρανοὶ
817 3468 1155 3537 διηγήσονται
1196 3468 1287 3518 καὶ
1319 3465 1626 3534 Ἐκκλησίαι

105 3556 248 3620 ἁγίων
288 3557 636 3627 μαρτυρήσει,
666 3557 744 3609 ὅτι
794 3556 954 3626 μηδὲν
983 3549 1057 3607 ὧν
1083 3555 1298 3622 ῶμοσας
1325 3552 1401 3621 τῷ
1425 3553 1600 3613 Δαυῖδ,

102 3645 418 3708 διαπεσεῖται,
451 3647 568 3698 οὐδὲ
596 3646 878 3714 ψεύσονται
909 3663 997 3698 σου
1031 3637 1083 3696 αἱ
1115 3643 1460 3711 ἐπαγγελίαν
1489 3644 1605 3696 ἀδύ-

103 3739 360 3807 νατονγάρ
394 3740 504 3789 ἐστι
536 3738 596 3790 τὸ
624 3738 680 3790 σὲ
710 3737 1029 3807 ψεύσασθαι.
1060 3736 1162 3798 Τίς
1181 3736 1286 3804 γάρ
1310 3752 1388 3786 σοι
1415 3733 1600 3799 ἐξισω-

104 3825 294 3896 Θήσεται
324 3832 378 3881 ὲν
400 3829 638 3900 ἀληθείᾳ,
668 3829 700 3899 ἢ
726 3829 808 3892 τίς
835 3830 1219 3898 ὁμοιωθήσεται
1250 3827 1304 3879 ὲν
1326 3824 1401 3894 τῷ
1430 3823 1602 3892 λέγειν

101 3917 180 3965 καὶ
200 3917 501 3971 πιστοῦσθαί
535 3934 623 3970 σου
657 3919 753 3980 τὰς
783 3916 1133 3983 ὲπαγγελίας;
1171 3913 1301 3966 Οὐδὲ
1333 3912 1439 3981 γὰρ
1459 3913 1603 3964 ἀντι-

103 4005 263 4072 στῆναι
295 4023 382 4059 σου
412 4010 475 4077 τῇ
508 4005 662 4076 βουλῇ
701 4005 913 4058 δύναταί
958 4021 1058 4066 τις,
1093 4003 1163 4064 ὡς
1193 4001 1508 4071 ἀνατρέπειν
1535 3999 1603 4052 τὰ

100 4089 224 4156 ἅπαξ
251 4095 345 4145 ὑπὸ
375 4094 466 4146 σοῦ
492 4094 779 4163 ὡρισμένα,
804 4096 989 4161 μήτιγε
1011 4092 1078 4143 τὰ
1111 4089 1226 4159 μεθ’
1251 4091 1408 4160 ὅρκου
1435 4092 1602 4160 ἐπηγ-

100 4181 332 4248 γελμένα·
377 4183 513 4242 ὥστε
555 4185 601 4232 εί
639 4181 709 4250 μὴ
739 4183 830 4233 καὶ
873 4183 1000 4250 ήμίν
1037 4179 1292 4247 ἔγνωσταί
1323 4197 1409 4230 πω
1440 4181 1601 4251 ήτῶν

99 4270 404 4336 ἐπαγγελιῶν
431 4286 521 4321 σου
545 4268 780 4338 ἀλήθεια,
812 4268 922 4319 ἀλλ’
948 4270 1119 4319 έκεῖνο
1143 4267 1380 4338 ἀκριϐῶς
1415 4269 1566 4337 ῐσμεν
1585 4306 1598 4329 ,

99 4358 174 4410 ὅτι
208 4359 447 4424 δυνατὸς
475 4355 545 4419 ετ,
571 4361 757 4426 Κύριε,
786 4358 879 4409 καὶ
915 4358 952 4424 ἢ
989 4357 1232 4424 ἀλήθειά
1262 4372 1373 4409 σου
1405 4359 1602 4419 κύκλῳ

99 4462 216 4501 σου.
244 4450 395 4502 Πάντ’
423 4445 511 4502 οὖν
542 4449 636 4500 ὅσα
667 4447 757 4499 καὶ
779 4446 1091 4516 βεϐούλησαι
1120 4447 1356 4511 δύνασαι,
1381 4447 1472 4498 καὶ
1495 4446 1600 4497 τῶν

1702 3289 1832 3342 raui
1865 3287 2031 3340 David
2057 3289 2080 3342 ?
2107 3294 2162 3338 at
2188 3287 2308 3339 celi
2335 3286 2692 3346 enarrabunt,
2724 3292 2777 3338 et
2822 3285 3059 3340 Ecclesia
3102 3302 3225 3341 san-

1700 3389 1904 3432 ctorum
1927 3376 2316 3437 testiﬁcabitur,
2338 3377 2468 3428 nihil
2491 3389 2674 3429 eorum
2696 3391 2812 3442 qua:
2831 3374 3012 3428 Davidi
3035 3375 3226 3443 jurasti

1700 3469 2173 3538 lapsurum'esse,
2225 3482 2399 3535 neque
2442 3466 2627 3518 irritas
2678 3464 2792 3518 fore
2841 3466 3226 3533 promissiones

1700 3568 1822 3614 tuas
1849 3578 1862 3612 :
1893 3559 2006 3613 ﬁeri
2031 3559 2173 3612 enim
2196 3560 2378 3625 nequit
2402 3564 2451 3608 te
2479 3554 2710 3607 mentiri.
2742 3554 2870 3619 Quis
2890 3555 3030 3608 enim
3057 3569 3228 3622 aqua-

1702 3650 1768 3704 lis
1799 3649 1896 3702 tibi
1921 3649 2025 3703 erit
2054 3650 2108 3701 in
2139 3647 2393 3708 veritate,
2425 3651 2517 3697 aut
2545 3644 2665 3712 quis
2696 3645 2887 3705 similis
2916 3643 3018 3696 erit
3046 3643 3140 3696 tibi
3173 3643 3225 3696 in

1699 3753 1792 3800 eo,
1817 3738 1956 3805 quod
1984 3737 2219 3806 loquaris
2240 3743 2293 3789 et
2317 3733 2696 3804 promissiones
2724 3741 2825 3784 tuas
2850 3731 3012 3785 ﬁrmas
3038 3738 3090 3784 et
3117 3731 3226 3798 ple-

1700 3842 1780 3881 nae
1812 3825 1937 3879 ﬁdei
1977 3825 2249 3879 evadant?
2276 3822 2402 3876 Tuae
2431 3823 2625 3891 quippe
2653 3820 2913 3874 voluntati
2944 3834 3100 3873 nemo
3126 3835 3224 3887 po-

1699 3923 1803 3972 test
1832 3902 2127 3977 obsistere,
2176 3915 2248 3965 ita
2286 3920 2346 3965 ut
2389 3927 2484 3974 ea,
2529 3925 2646 3979 quae
2674 3923 2702 3960 a
2733 3918 2783 3963 te
2813 3909 2974 3962 semel
3007 3907 3223 3962 deﬁnita

1702 4015 1854 4070 sunt,
1884 4012 2120 4066 evertat,
2154 4003 2348 4057 nedum
2380 4017 2441 4056 ea
2471 4019 2588 4071 qua:
2618 4014 2738 4054 cum
2767 3999 3071 4070 iuramento
3098 4014 3222 4068 pro-

1699 4095 1864 4149 missa
1907 4087 2071 4156 sunt;
2118 4092 2190 4143 ita
2232 4097 2291 4143 ut
2328 4089 2538 4143 etiamsi
2582 4089 2740 4143 nobis
2781 4096 2903 4140 nota
2942 4102 3047 4139 non
3086 4093 3227 4139 esset

1699 4183 2084 4256 promissorum
2117 4188 2329 4233 tuorum
2359 4181 2556 4234 veritas
2578 4221 2592 4245 ,
2625 4187 2677 4230 at
2712 4177 2841 4230 illud
2884 4177 3046 4242 probe
3086 4177 3224 4228 scia-

1701 4287 1850 4334 mus,
1879 4271 2120 4340 quoniam
2151 4279 2326 4334 potens
2354 4285 2437 4332 es,
2472 4269 2720 4325 Domine,
2752 4275 2798 4319 et
2831 4268 3017 4318 veritas
3052 4274 3137 4316 tua
3171 4266 3226 4315 in

1699 4363 1916 4415 circuitu
1947 4370 2054 4414 tuo.
2094 4358 2281 4414 Omnia
2325 4360 2486 4428 igitur
2513 4373 2842 4427 quaecunque
2871 4355 3102 4408 voiueris
3132 4370 3224 4421 po-

1699 4463 1816 4514 tes,
1857 4461 1910 4506 et
1937 4449 2312 4520 praedictorum
2352 4448 2417 4502 de
2462 4447 2659 4500 Davide
2706 4447 2987 4499 verborum
3026 4453 3223 4497 veritas

99 4537 246 4605 λόγων
275 4557 362 4592 σου
391 4533 496 4592 τῶν
521 4540 646 4608 περὶ
672 4537 763 4590 τοῦ
782 4536 937 4588 Δαυῒδ
962 4537 1368 4609 προρρηθέντων
1409 4539 1440 4602 ὴ
1469 4535 1596 4603 ὰλὴ-

1699 4543 1841 4596 circa
1871 4551 1922 4595 te
1949 4542 2219 4605 volvitur;
2252 4538 2323 4590 ita
2355 4547 2412 4589 ut
2440 4537 2722 4596 omnibus,
2757 4535 2848 4603 qui
2877 4535 3016 4586 circa
3049 4543 3098 4586 te
3131 4549 3222 4601 po-

99 4626 203 4681 θεια
226 4631 356 4701 ἀμφὶ
390 4629 714 4694 σέείλελταιτ
748 4627 820 4688 ὼς
843 4630 972 4678 πᾶσι
1002 4627 1097 4696 μὲν
1118 4631 1228 4688 τοῖς
1251 4628 1372 4696 περὶ
1402 4627 1459 4677 σὲ
1487 4621 1601 4678 οὖσι

99 4719 177 4766 καὶ
206 4720 292 4788 τὴν
315 4716 407 4788 σὴν
438 4717 658 4784 θεότητα
675 4713 1029 4782 δορυφυροῦσι
1061 4713 1432 4780 γινώσκεσθαι,
1448 4713 1602 4779 ἀγνο-

97 4806 248 4858 εῖσθαι
270 4808 321 4859 δὲ
342 4811 451 4868 τοῖς
484 4805 693 4875 μακρὰν
723 4802 1074 4868 ἀφεστηκόσιν
1099 4804 1205 4854 ἀπὸ
1234 4802 1344 4854 σοῦ.

157 4896 294 4949 Δοκεῖ
332 4897 388 4949 δέ
440 4912 528 4965 μοι
573 4893 656 4945 διά
686 4893 879 4942 τούτων
901 4891 928 4940 ὁ
961 4892 1261 4960 Προφήτης,
1288 4890 1420 4958 ἁγίῳ
1450 4889 1607 4940 Πνεύ-

100 5001 212 5051 ματι
240 4985 596 5056 θεοφορηθεὶς,
623 4981 853 5042 καὶτοὺς
871 4981 966 5049 τῆς
984 4979 1158 5048 ψυχῆς
1179 4980 1481 5048 ὀφθαλμοὺς
1501 4997 1602 5046 φω-

1701 4632 1789 4686 siti
1818 4639 1941 4686 sunt
1969 4639 2022 4685 et
2050 4630 2298 4683 deitatem
2327 4626 2525 4694 stipant
2555 4631 2700 4676 tuam
2721 4664 2736 4687 ,
2770 4633 2895 4676 nota
2926 4623 3023 4689 sit,
3059 4624 3123 4676 ab
3156 4625 3227 4677 iis

1700 4738 1829 4776 vero
1856 4722 1946 4790 qui
1977 4720 2161 4789 procul
2193 4715 2393 4771 te'sunt
2413 4754 2427 4780 ,
2454 4715 2745 4784 ignoretur.

1768 4891 1845 4944 Ex
1874 4890 1958 4942 his
1990 4902 2150 4957 porro
2175 4885 2387 4942 videtur
2415 4883 2544 4937 mihi
2567 4881 2836 4952 Propheta
2871 4883 3071 4954 Spiritu
3101 4897 3216 4936 san-

1699 4990 1786 5035 cto
1813 4980 1989 5033 divine
2020 4978 2257 5047 repletus
2277 5019 2290 5042 ,
2332 4992 2393 5030 ac
2423 4977 2616 5029 mentis
2642 4976 2816 5029 oculis
2849 4975 3108 5043 spirituali
3142 4977 3216 5027 lu-

94 5075 140 5123 τὶ
162 5075 312 5144 νοερῷ
335 5073 742 5147 καταυγασθεὶς,
766 5071 862 5140 τὴν
889 5069 1040 5134 δόξαν
1072 5071 1364 5138 ἑωρακέναι
1388 5068 1475 5119 τοῦ
1499 5070 1603 5121 Μο-

1698 5072 1843 5124 mine
1869 5071 2170 5123 illustratus
2190 5109 2202 5133 ,
2233 5066 2458 5137 gloriare
2487 5066 2686 5120 vidisse
2717 5063 2980 5133 Unigeniti
3010 5063 3133 5129 Dei,
3170 5065 3220 5117 in

96 5162 317 5225 νογενοῦς
362 5163 452 5214 τοῦ
497 5163 628 5214 Θεοῦ
702 5163 756 5213 ὲν
805 5160 950 5229 μέσῳ
999 5159 1093 5227 τῆς
1137 5157 1450 5225 Ἐκκλησίας
1493 5157 1601 5208 τῶν

96 5253 242 5317 ἁγίων
270 5252 513 5313 ἑστῶτος,
539 5253 630 5303 καί
659 5248 1109 5320 δορυφορουμένω
1151 5246 1252 5298 ὑπὸ
1292 5245 1394 5297 τῶν
1436 5245 1602 5312 ἁγίων

94 5343 189 5392 τῶν
217 5345 267 5394 έν
304 5331 544 5410 βασιλείᾳ
580 5340 759 5393 αὐτοῦ.
795 5337 1177 5408 Μνημονεύσας
1207 5337 1334 5404 γοῦν
1373 5336 1478 5389 τῶν
1507 5336 1597 5387 οὺ-

98 5431 271 5497 ρανῶν,
299 5431 385 5483 καὶ
433 5428 516 5498 τῷ
559 5427 684 5491 θείῳ
734 5427 998 5496 Πνεύματι
1038 5425 1338 5486 ὲνατενίσας
1383 5426 1446 5492 τῇ
1494 5424 1598 5477 τῶν

96 5518 245 5584 ἀγίων
275 5505 591 5586 Ἐκκλησία,
622 5516 789 5568 έοικεν
835 5518 1127 5585 ἑωρακέναι
1168 5516 1328 5584 μέσον
1361 5513 1448 5564 τὸν
1473 5513 1596 5564 Υἱὸν

92 5607 177 5658 τοῦ
205 5609 325 5662 Θεοῦ
342 5626 357 5641 ο
379 5605 494 5660 εἶτα
519 5604 652 5675 μετὰ
679 5605 772 5674 τὴν
795 5603 994 5657 ἐκείνου
1021 5605 1334 5672 κατανόησιν
1360 5604 1597 5670 ἐπιστρέ-

94 5713 203 5762 φειν
231 5700 345 5762 τοὺς
385 5697 686 5765 ὀφθαλμοὺς
718 5695 807 5746 ἐπὶ
847 5694 954 5745 τῶν
983 5695 1136 5758 πέριξ
1162 5695 1325 5760 ἁγίων
1355 5692 1593 5759 ἀγγέλων

96 5788 178 5838 καὶ
203 5789 554 5858 ἀρχαγγέλων,
603 5784 915 5852 πνευμάτων
933 5801 988 5836 τε
1016 5783 1167 5836 θείων
1203 5785 1293 5836 καὶ
1323 5783 1591 5850 δυνάμεων

1699 5159 1870 5213 medio
1892 5157 2141 5211 Ecclesia:
2165 5167 2472 5211 sanctorum
2495 5156 2706 5218 stantis,
2731 5164 2784 5210 et
2807 5163 3110 5214 sanctorum
3132 5157 3222 5224 qui

1699 5251 1751 5302 in
1792 5262 1956 5314 regno
1978 5248 2096 5314 eius
2123 5256 2248 5301 sunt
2277 5246 2613 5298 multitudine
2641 5245 2860 5312 Stipati.,
2883 5243 3016 5297 Cum
3059 5246 3225 5297 cmlos

1697 5349 1923 5401 namque
1953 5343 2337 5396 memorasset,
2372 5341 2423 5385 et
2456 5331 2654 5400 Spiritu
2683 5332 2866 5384 divino
2915 5342 3222 5388 sanctorum

1669 5422 1987 5475 'Ecclesiam
2023 5423 2338 5486 intueretur,
2369 5421 2580 5475 videtur
2613 5423 2664 5475 in
2697 5425 2872 5477 medio
2914 5439 3096 5478 eorum
3135 5422 3224 5476 Fi-

1695 5512 1820 5563 lium
1836 5509 1926 5561 Dei
1950 5512 2312 5578 conspexisse,
2328 5510 2517 5563 deinde
2535 5521 2707 5565 autem
2727 5515 2842 5581 ipso
2862 5514 3220 5577 considerato,

1695 5602 1878 5655 oculos
1909 5608 2115 5654 vertere
2156 5602 2220 5653 ad
2259 5610 2567 5656 sanctorum
2612 5607 2952 5673 angelorum,
2998 5606 3224 5660 archan-

1694 5693 1929 5760 gelorum
1949 5729 1963 5752 ,
1992 5691 2272 5758 spirituum
2297 5690 2597 5746 divinorum
2629 5702 2680 5747 ct
2710 5698 2961 5747 virtutum
2997 5697 3220 5749 circum-

1694 5780 1921 5852 positum
1947 5780 2166 5834 cborum
2193 5799 2203 5832 :
2248 5781 2435 5835 horum
2478 5783 2806 5838 divinitatem
2839 5785 3017 5838 mirari
3044 5802 3060 5855 ί
3091 5800 3216 5838 eum
