3976 6356
727 493 873 549 ιοεο»

1415 486 1682 544 EUSEBII
1719 487 2371 546 CESARIENSlS-OP-P.
2406 486 2704 570 PARS~IiL
2745 516 2814 529 —
2843 484 3245 542 EXEGETICA.

3771 488 3898 543 ιοει

733 623 859 662 vero
886 606 982 676 qui
1003 619 1199 660 omnes
1228 604 1467 668 excedita,
1494 619 1695 660 omnes
1719 611 1939 674 superat
1959 645 1975 670 ,
2008 605 2261 675 (inigeni-

2365 606 2516 676 χορόν
2534 622 2546 635 ·
2575 605 2666 658 καὶ
2694 603 2987 674 θαυμάζειν
3009 601 3107 672 τὴν
3135 599 3336 654 τούτων
3368 600 3619 669 θειότητα
3638 619 3650 630 υ
3682 604 3888 676 ὑπερεκ-

732 709 842 756 tum
871 697 996 761 Dei,
1027 711 1147 750 cum
1178 703 1397 766 stupore
1429 694 1774 751 considerare
1800 695 2040 750 :ideinde
2065 712 2131 751 ex
2175 697 2268 751 ad—

734 789 1008 844 miratione
1031 788 1143 842 haec
1163 786 1313 842 eﬂari
1330 827 1345 852 ,
1369 785 1628 850 Quoniam
1647 788 1761 852 quis
1780 788 1832 840 in
1857 787 2074 842 nubibus
2094 803 2270 857 mqua-

733 881 869 934 bitur
894 881 1158 937 Domino?
1190 879 1306 934 sive
1349 879 1648 934 secundum
1679 879 2057 951 Symmachum
2077 921 2093 949 ,
2137 881 2268 948 Quis

731 975 862 1025 enim
892 974 944 1025 in
972 972 1153 1026 (ethera
1177 970 1400 1038 conferet
1423 986 1477 1024 se
1490 969 1710 1024 Domino
1737 972 1790 1024 in
1815 969 1940 1040 ﬁliis
1955 972 2053 1026 Dei
2073 975 2098 1027 2
2125 971 2269 1040 Hac,

731 1064 797 1118 de
827 1062 1112 1133 Unigenito
1135 1061 1227 1116 Dei
1259 1063 1400 1116 dicta
1421 1102 1436 1126 ,
1472 1063 1613 1132 piam
1643 1070 1858 1118 servant
1899 1063 2218 1119 sententiam
2253 1079 2268 1128 ;

732 1154 798 1208 de
827 1153 986 1209 Patre
1015 1160 1234 1208 vero-ac
1267 1153 1375 1209 Deo
1414 1155 1791 1209 universorum
1830 1170 1987 1210 secus
2016 1173 2028 1208 :
2072 1155 2271 1224 impro-

732 1246 858 1315 pria.
877 1243 1018 1298 enim
1047 1253 1099 1298 et
1129 1245 1289 1313 impia
1315 1244 1647 1313 comparatio
1675 1252 1836 1299 esset.
1865 1243 1999 1299 Nam
2029 1244 2153 1300 ﬁliis
2178 1244 2272 1300 Dei

733 1335 971 1391 omnium
1000 1349 1216 1388 causam
1244 1335 1490 1390 conferre
1509 1375 1524 1400 ,
1553 1343 1607 1390 et
1631 1350 1754 1390 eum
1782 1336 1873 1405 qui
1901 1351 2063 1405 supra
2093 1338 2272 1392 omnia

734 1432 817 1479 est
849 1421 989 1478 Deus
1020 1425 1140 1478 aliis
1171 1438 1521 1494 comparare,
1565 1425 1999 1494 improbissimus
2031 1428 2270 1482 omnium

735 1531 901 1572 ausus
927 1525 1087 1573 esset.
1118 1517 1184 1571 At
1215 1518 1331 1573 sine
1359 1518 1599 1588 periculo
1628 1519 1799 1578 Filius
1836 1521 1928 1577 Dei
1963 1523 2274 1593 unigenitus
2299 1510 2308 1519 ’

736 1606 862 1661 ﬁliis
900 1606 993 1662 Dei
1031 1617 1395 1676 comparatur,
1435 1624 1498 1664 ac
1535 1609 1738 1666 dicitur
1772 1627 1896 1666 cum
1935 1613 2273 1685 incompara-

737 1696 894 1750 bilem
925 1686 1070 1762 esse,
1099 1713 1218 1752 cum
1249 1699 1396 1753 nullo
1425 1699 1810 1755 conferendum
1831 1743 1847 1768 ,
1889 1709 2050 1771 atque
2089 1704 2274 1760 admo-

733 1787 858 1841 dum
880 1790 1201 1844 antecellere
1220 1792 1481 1847 asseritur
1500 1792 1585 1848 his
1608 1792 1809 1855 verbis,
1830 1794 1959 1860 Quis
1981 1795 2034 1847 in
2055 1795 2273 1850 nubibus

733 1883 1025 1949 aquabitur
1058 1880 1323 1937 Domino?
1365 1897 1428 1936 ac
1469 1883 1516 1936 si
1554 1883 1786 1947 dicatur,
1829 1901 2004 1941 nemo.
2049 1885 2273 1943 Etiamsi

732 1973 871 2024 enim
899 1972 1053 2026 multi
1081 1975 1254 2027 sancti
1275 2011 1292 2038 ,
1315 1981 1367 2029 et
1393 1974 1561 2028 millia
1589 1975 1900 2045 angelorum
1917 2017 1933 2042 ,
1955 1985 2010 2032 et
2035 1977 2273 2035 Ecclesia

731 2059 1156 2129 primitivorum,
1184 2059 1540 2130 principatus,
1555 2069 1897 2132 potestates,
1927 2067 2142 2132 throni,
2173 2067 2272 2123 do-

688 2145 690 2152 “
732 2149 1058 2204 minationes
1083 2187 1098 2210 ,
1141 2149 1366 2218 spiritus
1419 2153 1627 2206 sancti.
1679 2154 1908 2210 virtutes
1947 2156 2176 2224 divinat,
2216 2159 2272 2214 in

732 2239 1049 2293 caelestibus
1070 2239 1396 2295 exercitibus
1415 2252 1718 2308 versentur,
1742 2246 2016 2301 caelestem
2043 2243 2275 2318 implen-

733 2337 814 2382 tes
846 2327 1137 2384 Ecclesiam
1166 2348 1180 2392 ;
1206 2340 1261 2385 at
1285 2334 1438 2402 quis,
1468 2334 1575 2397 ait,
1598 2335 1654 2389 in
1681 2335 1880 2392 ethera
1905 2352 2068 2408 οιιιιη
2093 2339 2274 2395 ﬁrma-

731 2422 972 2470 mentum
1003 2417 1179 2488 posito
1205 2422 1510 2490 aequabitur
1545 2422 1814 2478 Domino?
1849 2425 2002 2492 Quod
2039 2429 2085 2483 si
2115 2429 2271 2484 multi

731 2506 826 2559 ﬁlii
851 2505 943 2585 Dei
976 2516 1102 2563 sunt
1129 2511 1388 2581 multique
1427 2511 1536 2575 dii,
1585 2515 1882 2569 secundum
1923 2517 2086 2582 illud,
2128 2516 2270 2574 Deus

729 2597 874 2650 stetit
909 2598 965 2651 in
989 2615 1252 2670 synagoga
1281 2603 1495 2658 deorum
1526 2607 1567 2639 "
1590 2622 1603 2670 ;
1629 2613 1718 2672 et,
1759 2606 1895 2662 Deus
1925 2608 2139 2664 deorum
2165 2609 2271 2665 Do-

731 2689 901 2742 minus
941 2689 1144 2745 locutus
1181 2702 1258 2746 est
1286 2696 1330 2728 “
1356 2735 1371 2754 .
1416 2704 1506 2759 et,
1555 2695 1665 2766 Ego
1699 2697 1848 2765 dixi,
1890 2698 1980 2753 Dii
2029 2703 2186 2765 satis,
2219 2711 2277 2756 st-

730 2780 828 2848 ﬁhi
855 2780 1114 2836 Altissimi
1143 2801 1316 2840 omnes
1338 2785 1415 2842 ":
1445 2786 1538 2843 sed
1560 2789 1674 2858 quis
1698 2789 1888 2844 similis
1914 2793 2015 2846 erit
2047 2791 2269 2847 Domino

730 2872 783 2922 in
815 2871 941 2938 ﬁliis
983 2872 1128 2929 Dei?
1167 2873 1299 2929 Nam
1346 2892 1470 2931 cum
1520 2880 1792 2935 innumeri
1841 2881 1962 2951 ejus
2008 2881 2100 2936 ﬁlii
2129 2886 2266 2947 sint.

729 2976 924 3027 nemo,
973 2964 1180 3034 inquit.
1228 2967 1358 3023 huic
1404 2970 1597 3027 similis
1641 2973 1783 3035 erit,
1814 2981 1910 3027 aut
1946 2977 2281 3045 minabitur.

731 3057 914 3118 utpote
953 3054 1044 3121 qui
1082 3056 1288 3112 electus
1314 3057 1416 3121 sit,
1445 3059 1754 3130 unigenitus
1778 3069 1836 3117 et
1877 3065 2267 3136 primogenitus

730 3140 908 3194 omnis
935 3149 1217 3211 creatum,
1253 3143 1486 3200 Verbum
1517 3147 1644 3202 item
1673 3157 1727 3203 et
1771 3151 2054 3220 sapientia,
2095 3153 2267 3210 virtus

2367 695 2689 768 πλήττεσθαι
2713 696 2769 750 δὲ
2791 696 2880 749 τὸν
2905 695 3158 748 ἐπέκεινα
3181 693 3413 751 πάντων.
3440 693 3533 745 καὶ
3559 691 3695 762 ὑπὲρ
3715 694 3890 757 πάντας

2364 788 2455 842 τὸν
2475 788 2748 858 Μονογενῆ
2774 786 2866 839 τοῦ
2892 784 3024 838 Θεοῦ
3044 799 3059 814 ⁸
3093 779 3189 837 εἴτ’
3217 785 3281 836 ὲκ
3311 783 3404 836 τοῦ
3430 783 3704 853 θαύματος
3727 784 3894 838 ἀναπεο

2369 879 2669 950 φωνηκέναι
2695 879 2783 930 τό·
2813 878 2929 929 ’Ότι
2957 875 3049 940 τίς
3071 875 3140 928 ἐν
3166 873 3440 942 νεφέλαις
3465 872 3809 941 ισωθήσεται
3830 872 3892 937 τῷ

2367 970 2593 1037 Κυρίῳ;
2640 968 2672 1038 ἢ
2720 966 2860 1022 κατὰ
2901 965 2991 1018 τὸν
3016 964 3301 1035 Σύμμαχον
3325 981 3338 996 ·
3378 965 3473 1030 Τίς
3501 964 3610 1032 τὰρ
3643 965 3713 1016 ἐν
3735 964 3902 1030 αίθέμ

2369 1060 2826 1130 ἀντιπαραθήσει
2855 1058 2933 1125 τῷ
2964 1060 3154 1128 Κυρίῳ
3180 1060 3248 1113 ἐν
3272 1055 3419 1122 υἱοῖς
3441 1056 3624 1119 Θεοῦ;
3657 1053 3827 1108 Ταῦτα
3847 1055 3892 1106 δὲ

2370 1155 2497 1226 περ)⁸
2541 1155 2638 1225 μὲν
2687 1151 2788 1207 τοῦ
2826 1151 3157 1221 Μονογενοῦς
3191 1149 3283 1204 τοῦ
3314 1147 3447 1202 Θεοῦ
3473 1146 3733 1218 λεγόμενα
3751 1145 3902 1210 ,σώζοι

2371 1245 2437 1298 ἂν
2473 1243 2668 1314 εὐσεΘῆ
2697 1244 2793 1314 τὴν
2815 1243 3069 1305 διάνοιαν,
3099 1242 3158 1294 οὐ
3189 1239 3285 1311 μὲν
3316 1237 3554 1310 περὶτοῦ
3593 1236 3793 1308 [ἰατρὸς
3820 1236 3902 1288 καὶ.

2371 1334 2504 1389 Θεοῦ
2533 1334 2638 1388 τῶν
2662 1335 2795 1389 ὅλων
2813 1351 2827 1365 ο
2849 1334 3112 1396 ἀνοίκειος
3142 1330 3250 1401 γὰρ
3273 1331 3371 1383 καὶ
3395 1329 3597 1400 ἀσεϐὴς
3626 1329 3660 1398 ή
3686 1325 3893 1395 παράθε-

2374 1444 2474 1490 σις.
2508 1425 2579 1480 Τὸ
2627 1425 2734 1497 γὰρ
2779 1426 2914 1488 υἱοῖς
2942 1422 3078 1478 Θεοῦ
3112 1420 3476 1494 παραϐάλλειν
3508 1421 3569 1473 τὸ
3598 1421 3801 1474 πάντων
3825 1420 3891 1471 al-

2369 1537 2500 1585 τιον,
2532 1519 2623 1573 καὶ
2651 1517 2711 1571 τὸ
2748 1519 3055 1588 συγκρίνειν
3095 1515 3300 1586 ἑτέροις
3329 1513 3529 1586 τολμᾷν
3552 1513 3642 1568 τὸν
3673 1515 3905 1567 ιπέκεινα,

2371 1610 2479 1664 τῶν
2498 1609 2632 1662 ὅλων
2652 1608 2803 1672 Θεδν,
2824 1607 3040 1662 πάντων
3059 1607 3123 1661 ἂν
3138 1607 3344 1675 γένοιτο
3365 1603 3736 1659 ἀνοσιώτατον.
3751 1605 3894 1657 ’Δκίψ

2372 1701 2525 1764 δυνος
2565 1699 2612 1753 δ’
2633 1699 2698 1753 ἂν
2747 1698 2832 1769 είη
2875 1699 2912 1757 ,ὁ
3135 1699 3272 1769 υίοτς
3298 1695 3431 1749 Θεοῦ
3464 1696 3757 1766 συγκρίνων
3788 1696 3894 1748 Υίὺν

2373 1783 2512 1838 Θεοῦ
2541 1783 2819 1855 μονογενῆ,
2836 1783 2929 1837 καὶ
2952 1782 3016 1836 τὸ
3032 1783 3165 1856 πρὸς
3187 1783 3390 1846 πάντας
3411 1783 3731 1853 ἀσύγκριτον
3752 1784 3904 1838 αὐτοῦ,

2375 1877 2466 1929 καὶ
2491 1874 2845 1947 ἁπαράθετον,
2875 1873 2995 1928 uﬁ’
3024 1873 3322 1947 ὑπερϐολὴν
3346 1874 3688 1945 τε-ύπερέχον
3727 1876 3894 1946 σημαί-

2303 1929 2346 1984 B
2374 1983 2481 2020 νειν
2510 1929 2754 2019 m'cos-
3005 1929 3290 2034 νεφέλαις
3325 1929 3673 2031 ίσωθήοῖεὲαι
3705 1929 3895 2029 '63qu-

2363 2059 2502 2125 plqi;
2527 2057 2649 2112 ἀντὶ
2691 2056 2807 2121 ¹ιποῦ,
2847 2057 3042 2121 οὐδείς.
3074 2057 3268 2130 Είγάρ
3308 2058 3402 2127 καὶ
3439 2056 3622 2112 πολλοὶ
3659 2056 3909 2126 ἀγιοικαὶ-

2374 2147 2629 2220 μυριάδες
2659 2149 2922 2216 ἀγγέλων,
2946 2148 3042 2202 καὶ
3077 2138 3769 2221 Ἐκκλησίίπριοτοτόιαυν,
3811 2152 3906 2220 ἀρι

2369 2240 2462 2310 χαί
2493 2256 2549 2292 τε
2583 2239 2676 2330 καὶ
2702 2238 2939 2303 ἐξουσίαι
2967 2242 3062 2294 καὶ
3089 2241 3391 2330 θρόνοιίιαῖ⁵
3409 2242 3737 2313 κυριότητες,
3758 2243 3894 2294 πνεύσ

2374 2330 2518 2401 ματά
2541 2346 2600 2382 τε
2632 2328 2785 2398 ἀγια,
2818 2332 2912 2386 καὶ
2936 2330 3188 2401 δυνάμεις
3219 2328 3359 2387 θεῖαι
3383 2334 3441 2386 έν
3468 2335 3587 2395 ταῖς
3615 2334 3729 2386 κατ’
3756 2332 3885 2401 οὐρο-

2369 2423 2458 2476 νὸν
2490 2425 2762 2494 στρατιαῖς
2785 2421 3172 2489 πολιτεύονται,
3200 2423 3299 2495 τὴν
3330 2424 3644 2495 ἐπουράνιον
3672 2424 3893 2492 συμπλη-

2373 2513 2587 2586 ροῦντες
2628 2514 2978 2584 Ἐκκλησίανσ
3004 2513 3138 2568 ἀλλὰ
3175 2515 3278 2578 τίς,
3312 2515 3493 2585 φησὶν,
3524 2517 3583 2569 ὲν
3622 2515 3698 2585 τῷ
3741 2515 3894 2586 αἰθέρι

2369 2605 2444 2676 τῷ
2468 2605 2721 2659 ἐπέκεινα
2741 2605 2834 2658 τοῦ
2859 2606 3230 2677 περεώματος
3261 2605 3578 2677 ίσωθήσεται
3599 2606 3676 2670 τῷ
3701 2607 3891 2675 Κυρὶω;

2367 2697 2431 2750 Ei
2451 2697 2508 2750 δὲ
2525 2695 2703 2751 πολλοὶ
2723 2697 2829 2749 uici.
2851 2695 2988 2752 Θεοῦ
3007 2698 3098 2750 καὶ
3121 2697 3233 2750 θεοὶ
3252 2697 3389 2750 κατά
3407 2698 3469 2750 τό
3488 2713 3502 2728 ·
3531 2699 3586 2750 Ὀ
3610 2698 3748 2763 Θεὸς
3766 2699 3893 2763 ἔστη

2367 2786 2437 2840 ἐν
2469 2783 2790 2854 συναγωγῇ
2821 2787 2991 2850 θεῶν,
3022 2787 3114 2840 καί
3135 2804 3148 2818 ’
3182 2787 3326 2854 Θεὸς
3357 2786 3506 2842 θεῶν
3533 2789 3737 2856 Κύριος
3779 2787 3889 2840 ἐλά·

2365 2876 2540 2942 inae,
2578 2876 2704 2929 καί·
2745 2875 2884 2947 Ἐτιὼ
2911 2872 3080 2930 εἶπον
3098 2893 3110 2906 ⁸
3147 2877 3278 2931 Θεοί
3303 2877 3461 2939 ἐστε,
3487 2877 3584 2930 καὶ
3609 2877 3723 2930 υἱοὶ
3755 2878 3888 2944 ’Υιξ-ί-

2366 2979 2516 3018 στου
2542 2964 2760 3030 πάντες
2778 2982 2791 2995 ·
2816 2965 2948 3018 ἀλλά
2981 2966 3068 3032 Τίς
3093 2964 3509 3035 ὁμοιωθήσεται
3537 2963 3616 3030 τῷ
3638 2967 3820 3033 Κυρίῳ
3837 2967 3890 3018 ἐν

2366 3054 2515 3121 υίοῒς
2544 3055 2723 3118 Θερῦξ
2764 3057 2985 3127 Μυρέων
3029 3057 3135 3127 γὰρ
3179 3057 3345 3110 ὄντων
3373 3056 3523 3124 υἱῶν,
3549 3055 3736 3120 οὐδεὶς,
3763 3058 3890 3128 φησι..

2365 3144 2536 3217 τούτῳ
2565 3147 2977 3219 ὁμοιωθήσεται,
3004 3147 3123 3201 οὐδὲ
3147 3145 3552 3217 ὲεισωθήσεται,
3579 3147 3806 3217 ἐκλεκτῷ
3828 3149 3890 3200 ὅτι

727 3241 783 3283 et
812 3232 1069 3300 sapientia
1098 3233 1208 3290 Dei.
1247 3235 1489 3307 Mihique
1518 3239 1729 3294 videtur
1779 3241 1972 3298 borum
2020 3246 2266 3300 notitiam

2365 3237 2459 3290 καὶ
2487 3239 2760 3307 μονογενεῖ
2793 3237 2886 3290 καὶ
2918 3237 3242 3309 πρωτοτόκῳ
3269 3239 3444 3307 πάσης
3490 3238 3733 3304 κτίσεως,
3759 3238 3890 3306 Λόγῳ

700 3321 783 3390 Vin
814 3321 1236 3390 praecedentibus
1267 3328 1509 3393 tradere,
1554 3346 1677 3385 cum
1724 3333 1800 3386 ait
1827 3352 1842 3387 :
1873 3334 2269 3403 Conﬁtebuntus

728 3410 843 3464 ειείὶ
874 3413 1138 3468 mirabilia
1170 3425 1280 3470 tua.
1328 3417 1603 3489 Siquidem
1635 3437 1703 3477 ex
1732 3422 2074 3480 mirabilibus
2102 3441 2266 3480 unum

729 3501 832 3556 hoc
855 3511 1001 3568 erat,
1029 3507 1170 3573 quod
1196 3508 1448 3579 deinceps
1471 3509 1841 3583 deUnigenito
1863 3512 1958 3570 Dei
1986 3515 2274 3572 additurus

666 3615 670 3620 -
727 3597 873 3655 erat,
905 3599 958 3645 et
981 3593 1192 3660 quidem
1221 3599 1546 3652 necessario.
1576 3597 1713 3664 Quia
1739 3600 1880 3654 enim
1911 3602 2060 3656 illum
2089 3619 2154 3658 ex
2184 3620 2268 3660 se-

729 3681 874 3734 mine
901 3680 1068 3736 David
1099 3686 1430 3740 nasciturum
1457 3703 1613 3755 esse,
1643 3691 1698 3744 in
1725 3692 2004 3762 prophetia
2031 3695 2274 3750 indicano

726 3768 856 3824 dum
898 3782 1048 3839 erat,
1091 3772 1340 3829 deitatem
1382 3778 1502 3845 ejus
1540 3781 1633 3849 qui
1675 3781 1728 3835 in
1771 3783 1891 3852 ipso
1929 3783 2273 3844 habitaturus

727 3867 844 3913 erat
894 3869 1051 3916 antea
1104 3867 1604 3936 contemplabatur;
1647 3878 1706 3924 ut
1746 3885 1853 3927 una
1899 3874 2270 3934 edisceremus

727 3961 846 4020 quae
877 3951 1049 4008 virtus
1093 3954 1146 4008 in
1199 3956 1317 4024 ipso
1364 3957 1668 4015 habitatura
1711 3972 1888 4030 esset,
1920 3972 1972 4021 ct
2001 3967 2275 4023 sciremus.

727 4040 900 4132 ipsum
944 4044 1159 4132 quidem
1210 4045 1377 4132 ﬁlium
1417 4065 1538 4106 esse
1580 4051 1840 4118 Davidis,
1866 4071 1986 4112 eum
2014 4075 2142 4116 vero
2173 4061 2264 4132 ιιιιί

728 4126 784 4180 in
814 4129 932 4198 ipso
958 4130 1293 4185 habitatur“;
1329 4131 1471 4189 esset
1492 4179 1505 4194 .
1539 4139 1734 4195 Filium
1768 4142 1880 4198 Dei.

802 4307 968 4365 Vsus.
1009 4314 1060 4366 ὃ.
1103 4316 1239 4367 Heus
1266 4317 1353 4384 qui
1381 4315 1705 4384 gloriﬁcatur
1732 4321 1792 4374 iu
1813 4324 2029 4379 consilio
2055 4335 2264 4385 sancto.-

726 4416 838 4454 rum
860 4443 874 4467 ,
905 4418 1118 4470 magnus
1142 4412 1189 4455 et
1213 4403 1456 4458 terribilis
1482 4421 1634 4473 super
1657 4424 1834 4474 omnes
1855 4415 1941 4481 qui
1963 4415 2016 4467 in
2041 4415 2263 4468 circuitu

723 4491 835 4559 ejus
865 4501 1004 4549 sunt.
1031 4491 1258 4557 Quinam
1293 4494 1362 4546 sit
1387 4494 1433 4548 is
1458 4496 1549 4564 qui
1578 4512 1698 4552 cum
1726 4503 1938 4556 nemine
1962 4505 2259 4573 comparari

724 4583 807 4637 vel
835 4583 1067 4636 conferri
1099 4585 1270 4652 possit
1291 4623 1305 4647 ,
1335 4585 1603 4642 neminem
1647 4589 1876 4646 similem
1919 4593 2169 4650 admittat
2207 4598 2261 4651 in
2294 4573 2337 4628 θ

725 4674 792 4726 iis
823 4673 914 4740 qui
949 4674 1041 4725 lilii
1073 4673 1165 4727 Dei
1195 4683 1477 4740 vocantur,
1513 4678 1600 4735 hic
1627 4680 1868 4736 declarat
1894 4683 2082 4740 dicens
2112 4706 2125 4740 :
2161 4689 2262 4742 ﬂia

722 4773 799 4816 est
849 4762 1021 4828 Deus,
1066 4767 1153 4833 qui
1195 4767 1524 4837 gloriﬁcatur
1565 4773 1620 4823 in
1669 4774 1890 4840 consilio
1936 4787 2259 4834 sanctorum.

722 4854 1018 4908 Consilium
1053 4863 1227 4910 autem
1257 4869 1563 4916 sanctorum
1591 4863 1700 4931 jam
1725 4880 1885 4933 supra
1915 4867 2051 4922 dixit
2082 4868 2266 4925 Eccle-

721 4943 855 4996 siam
885 4953 1196 5000 sanctorum
1221 4964 1342 5004 esse
1359 4990 1374 5014 ,
1399 4953 1715 5021 videturque
1739 4953 2036 5014 Ecclesium
2061 4963 2264 5029 primo-

723 5035 1025 5102 genltorum
1045 5075 1060 5100 ,
1097 5037 1188 5105 qui
1218 5038 1475 5111 descripti
1507 5051 1635 5097 sunt
1665 5044 1719 5097 in
1749 5047 1935 5112 caelis,
1969 5052 2255 5116 consilium

724 5126 1036 5191 nominare,
1071 5129 1302 5198 quadam
1346 5131 1526 5188 habita
1567 5138 1774 5192 ratione
1817 5138 1882 5192 ad
1916 5150 2138 5196 senatus
2166 5144 2257 5212 qui

725 5213 888 5268 variis
935 5217 991 5269 in
1038 5217 1172 5274 locis
1216 5220 1500 5276 exsistunt.
1552 5225 1608 5279 In
1664 5224 1766 5280 hoc
1807 5233 1986 5282 autem
2031 5218 2259 5285 consilio

724 5311 1035 5358 sanctorum
1099 5309 1267 5377 gloria
1331 5311 1450 5380 ejus
1512 5316 1855 5379 celebratur,
1909 5319 2001 5387 qui
2053 5322 2257 5374 nullam

723 5397 1178 5463 comparationem
1217 5404 1299 5476 vel
1335 5404 1737 5464 similitudinem
1769 5409 2003 5465 admittit
2032 5427 2158 5466 cum
2192 5413 2259 5469 iis
2288 5432 2292 5436 '

723 5484 814 5551 qui
851 5485 941 5538 ﬁlii
977 5484 1070 5540 Dei
1104 5499 1397 5547 vocantur:
1429 5507 1603 5564 neque
1635 5499 1806 5552 solum
1839 5500 2170 5568 gloriﬁcatur
2203 5503 2258 5555 in

726 5571 954 5627 consilio
987 5583 1327 5644 sanctorum,
1359 5582 1454 5636 sed
1492 5585 1651 5638 etiam
1687 5587 1941 5647 terribilis
1969 5598 2052 5644 est
2094 5607 2257 5661 super

725 5670 915 5716 omnes
941 5663 1032 5730 qui
1060 5663 1114 5718 in
1149 5663 1375 5722 circuitu
1403 5671 1533 5739 ejus.
1553 5681 1696 5728 sunt.
1734 5675 1962 5740 Quinam
1994 5688 2169 5734 autem
2205 5680 2258 5734 in

2365 3343 2424 3380 τε
2452 3328 2611 3399 σοφίᾳ
2643 3328 2737 3382 καὶ
2759 3326 2984 3398 δυνάμει
3022 3327 3114 3383 καὶ
3151 3328 3312 3398 σοφίᾳ.
3338 3328 3492 3382 Θεοῦ.
3524 3330 3632 3381 Καί
3664 3346 3747 3404 μοι
3774 3328 3888 3380 δοκει

2364 3416 2460 3488 τὴν
2488 3416 2687 3470 τούτων
2713 3415 2910 3485 γνῶσιν
2933 3416 3018 3470 διά
3040 3417 3147 3493 τῶν
3169 3417 3420 3489 ἀνωτέρω
3443 3416 3738 3488 σημαίνειν.
3755 3419 3807 3471 έν
3829 3413 3888 3478 οἷς

2365 3505 2499 3577 ἔφτγ
2550 3507 3119 3578 Ἐξομολογήσονται
3146 3510 3199 3562 ol
3232 3509 3472 3576 οὐρανοὶ
3507 3507 3579 3561 τὰ
3623 3507 3887 3578 θαυμὰσιΔ

2364 3598 2604 3652 σου.⁹Εν
2652 3597 2758 3670 γὰρ
2807 3597 2915 3653 τῶν
2969 3599 3282 3670 θαυμασίων
3328 3601 3419 3653 καὶ
3471 3600 3622 3653 τοῦτο
3668 3595 3752 3670 ἦν,
3777 3601 3886 3667 ὅπερ

2366 3691 2594 3760 ἦμελλεν
2641 3690 2768 3762 ἑξῆς
2813 3691 3082 3762 ἐπιλέγειν
3133 3693 3260 3765 περὶ
3307 3692 3400 3746 τοῦ
3451 3693 3775 3762 Μονογενοῦς
3816 3692 3886 3744 τοί

2363 3770 2496 3834 Θεοῦ
2519 3797 2531 3812 ’
2563 3783 2874 3848 ἀναγκαίως
2900 3784 2988 3836 δέ’
3015 3783 3202 3855 ἐπειδὴ
3234 3783 3432 3854 ἧμελλε
3460 3785 3550 3837 τὸν
3580 3787 3643 3837 ὲκ
3675 3785 3886 3855 σπέρμα-

2363 3891 2452 3938 τος
2476 3874 2634 3927 Δαυῖδ
2656 3875 3010 3945 γενησόμενον
3030 3874 3118 3928 διὰ
3136 3875 3236 3944 τῆς
3256 3876 3586 3944 προφητείας
3618 3876 3885 3946 σημαίνειν,

2363 3966 2460 4036 τὴν
2489 3965 2716 4036 θεότητα
2746 3965 2836 4020 τοῦ
2873 3967 3285 4035 κατοικήσοντος
3314 3968 3371 4019 ὲν
3406 3966 3553 4036 αὐτῷ
3583 3961 3885 4038 προθεώρεί·

2363 4053 2438 4116 ὼς
2468 4051 2532 4106 ἀν
2563 4054 2695 4124 ὁμοῦ
2729 4054 3012 4124 μάθοιμεν,
3039 4053 3120 4117 τίς
3165 4055 3199 4125 ή
3252 4052 3517 4124 μέλλουσα
3556 4057 3812 4121 κατοικεῖν
3843 4057 3886 4104 ὲν

2363 4143 2508 4199 αύτῶ
2527 4143 2770 4215 δύναμις,
2815 4144 2907 4198 καὶ
2937 4144 3012 4207 ὡς
3035 4145 3064 4198 ὁ
3098 4145 3205 4216 μὲν.
3228 4141 3340 4208 ύίὸς
3368 4140 3436 4216 ἦν
3467 4145 3641 4210 Δαυῖδ,
3683 4141 3729 4200 6'
3746 4146 3796 4198 δὲ
3841 4145 3900 4196 ὲν.

2364 4236 2508 4307 αύτῴ
2540 4237 2876 4308 κατοικήσων
2906 4237 3032 4301 Υίὺς
3061 4237 3152 4290 τοῦ
3181 4236 3338 4291 Θεοῦ.
3367 4241 3375 4246 ’
3508 4284 3517 4293 .

2443 4329 2497 4381 '0
2534 4329 2676 4394 Θεὸς
2700 4327 3159 4398 ἐνδοξαζόμενος
3195 4329 3264 4382 ἐν
3287 4314 3489 4396 ,βουλῇ
3513 4328 3708 4397 ἁγίων,
3730 4329 3882 4398 μέτα(

2366 4418 2462 4470 καὶ
2498 4417 2745 4486 φοϐερὸς
2781 4417 2877 4470 ἐπὶ
2926 4418 3153 4483 πάντας
3184 4418 3322 4484 τοὺς
3351 4422 3685 4486 περικύκλῳ
3707 4417 3883 4472 αὐτοῦ.

2367 4508 2466 4560 Τὸν
2489 4508 2562 4579 μὴ
2607 4507 2795 4576 ἔχοντα
2843 4507 3126 4576 σύγκρισιν
3149 4548 3164 4571 ,
3221 4509 3354 4578 μηδὲ
3404 4509 3738 4579 παράθεσιν,
3776 4509 3882 4578 μηδὲ

2363 4599 2617 4669 ὁμοίωσιν
2656 4599 2790 4669 πρός
2829 4615 2950 4652 τινα
2994 4599 3102 4653 τῶν
3146 4598 3549 4677 ὠνομασμένων
3576 4599 3702 4652 υἱῶν
3745 4599 3888 4662 Θεοῦ,

2362 4688 2538 4750 ὁποῖός
2582 4687 2663 4750 τίς
2711 4691 2824 4740 ἐστι
2859 4687 3148 4757 παρίστησι
3200 4687 3400 4756 λέγων’
3445 4686 3633 4756 Οὗτός
3677 4691 3831 4743 ἐστιν
3860 4695 3884 4742 ό

2365 4779 2505 4844 Θεὸς
2544 4783 2575 4834 ό
2621 4778 3075 4847 ὲνδοξαζόμενος
3114 4781 3182 4833 ἐν
3216 4779 3288 4849 τῇ
3324 4781 3528 4850 βουλῇ
3567 4781 3682 4835 τῶν
3709 4783 3880 4849 ἁγίων.

2363 4868 2566 4939 Βουλὴν
2597 4869 2652 4921 δὲ
2700 4869 2869 4937 ἁγίων
2903 4871 3158 4939 προσεῖπε
3197 4873 3292 4942 τὴν
3342 4874 3599 4943 ἀνωτέρω
3638 4871 3882 4941 λεχθεῖσαν

2373 4960 2691 5030 Ἐκκλησίαν
2732 4961 2931 5030 ἁγίων·
2973 4953 3064 5016 καὶ
3101 4963 3261 5034 ἐῴκει
3287 4966 3386 5036 τὴν
3437 4966 3753 5037 Ἐκκλησίαν
3796 4967 3882 5018 τῶν

2363 5054 2715 5120 πρωτοτόκων
2752 5054 2859 5106 τῶν
2898 5056 3396 5127 ἀπογεγραμμένων
3421 5059 3478 5108 ὲν
3515 5059 3755 5131 οὐρανοῖς
3787 5058 3882 5127 βω-

2362 5140 2457 5211 λὴν
2482 5141 2840 5212 ὠνομακέναι,
2867 5144 3140 5213 ἀναλόγως
3175 5147 3287 5208 τοῖς
3325 5147 3464 5199 κατὰ
3509 5149 3668 5201 τόπον
3695 5149 3882 5218 βουλευ-

2362 5233 2585 5302 τηρίοις.
2629 5235 2711 5286 Ἐν
2740 5234 2907 5307 ταύτῃ
2934 5235 2992 5288 δὲ
3021 5238 3086 5306 τῇ
3123 5234 3280 5305 βουλῇ
3302 5236 3409 5289 τῶν
3441 5239 3611 5305 ἁγίων
3643 5239 3880 5306 ἐνδοξαξό-

2367 5320 2520 5387 ,ιενός
2544 5323 2686 5374 ἐστιν
2705 5323 2732 5373 ὁ
2757 5323 2832 5392 μὴ
2862 5322 2998 5392 ἔχων
3022 5323 3319 5394 σύγκρισιν,
3345 5325 3478 5395 μηδὲ
3504 5329 3752 5399 ὁμοίωσιν
3772 5328 3880 5398 πρὸς

2358 5409 2479 5471 τοὺς
2511 5410 2933 5482 ὀνομαζομένους
2968 5413 3114 5474 υἱοὺς
3153 5411 3284 5475 Θεοῦ
3307 5431 3318 5443 ·
3357 5417 3450 5469 καὶ
3484 5419 3545 5470 οὐ
3585 5419 3734 5488 μόνον
3761 5416 3878 5470 ἐνδο-

2360 5499 2646 5569 ξαζόμενός
2675 5505 2820 5556 ἐστιν
2861 5506 2918 5556 ὲν
2962 5505 3026 5573 τῇ
3080 5502 3237 5574 βουλῇ
3269 5505 3376 5558 τῶν
3416 5509 3606 5574 ἀγίων,
3633 5509 3763 5562 ἀλλά
3804 5503 3876 5556 καὶ

2360 5589 2585 5660 φοϐερὸς
2609 5594 2837 5664 ὑπάρχει
2863 5594 2954 5646 ἐπὶ
2999 5595 3202 5658 πάντας
3230 5598 3352 5659 τοὺς
3385 5601 3690 5670 περικύκλῳ
3717 5593 3872 5650 αὐτοῦ.

2359 5681 2511 5746 Τίνες
2534 5684 2577 5736 δῖ
2603 5684 2665 5738 ἂν
2715 5681 2821 5738 εἷεν
2864 5683 2911 5739 οί
2959 5686 3266 5759 περικύκλῳ
3299 5690 3466 5745 αὑτοῦ
3509 5691 3621 5745 ἀλλ’
3650 5691 3677 5761 ἢ
3713 5690 3762 5741 οι
3790 5686 3878 5738 tam

797 5834 838 5866 ’⁸
881 5835 1016 5894 Psal.
1053 5857 1248 5910 um,
1290 5848 1334 5900 Ι.
1413 5851 1454 5880 ²²
1497 5851 1635 5908 Psal.
1672 5871 1829 5920 χιιι,
1872 5860 1919 5913 l.
2001 5861 2045 5892 ’³
2087 5858 2227 5914 Psal.
2272 5875 2468 5924 LXXXI.
2509 5862 2562 5915 6-
