3976 6356
111 477 231 536 i085

1127 475 1737 534 COMHENTARIAJN
1777 437 2109 533 PSALMOS.

3152 469 3311 541 roso'

105 591 183 646 τοό
220 591 386 655 Θεοῦ,
434 588 527 643 καὶ
568 588 722 644 αὐτοὶ
766 588 878 642 θεοὶ
920 586 1382 660 χρηματίζοντες,
1428 589 1492 642 δι’
1544 588 1631 654 οὒς

1738 591 1968 645 circuitu
1996 591 2115 660 ejus
2143 588 2372 654 fuerint,
2416 592 2520 646 nisi
2549 591 2641 645 ﬁlii
2673 589 2800 655 Dei,
2829 593 2919 662 qui
2945 601 2998 647 et
3025 595 3125 664 ipsi
3150 612 3274 665 quo.

104 687 310 755 εῐρηται,
341 683 395 734 '0
424 681 568 746 Θεὸς
587 681 737 745 ἔστη
759 680 828 733 ἐν
852 679 1168 749 συναγωγῇ
1189 680 1368 745 θεῶν;
1391 683 1498 734 Καὶ
1527 681 1633 753 γὰρ

101 775 166 838 τὸ,
200 775 296 828 Ἐν
317 771 521 840 βουλῇ
543 771 743 840 ἁγίων,
772 771 865 824 καὶ
884 771 966 834 τὸ,
1005 772 1106 824 Ἐν
1139 773 1433 840 ἐκκλησίᾳ
1482 786 1625 840 πρω-

99 863 476 925 cometen-.1111
503 861 583 924 τὸ,
621 861 715 914 Ἐν
742 859 1062 928 συναγωγῇ
1092 860 1262 926 θεῶν,
1301 861 1358 914 ἓν
1385 862 1477 915 καὶ
1510 878 1634 914 ταυ-

99 957 173 1008 τὸν
201 949 332 1006 εἷναί
367 970 456 1023 μοι
474 952 634 1004 δοκεῖ.
653 949 866 1002 Τούτων
891 950 1174 1022 τοιγαροῦν
1199 953 1256 1005 ὲν
1291 951 1437 1024 μέσῳ
1465 952 1633 1017 ἑστὼς

102 1045 173 1098 καὶ
215 1045 316 1096 ὑπὸ
362 1041 564 1096 τούτων
603 1040 1062 1112 δορυφορούμενος
1116 1044 1145 1096 ὁ
1177 1043 1302 1106 Υίὺς
1339 1042 1432 1096 τοῦ
1477 1044 1631 1110 Θεοῦ,

100 1121 492 1204 ιβοξαζὸμενος
512 1133 722 1203 εἴρηται
756 1132 850 1186 καὶ
881 1131 1050 1203 μέγας
1085 1135 1176 1187 καὶ
1202 1134 1448 1206 φοϐερός.
1476 1137 1542 1191 '0
1570 1153 1632 1204 γε

104 1227 190 1298 μὴν
227 1226 515 1296 Σύμμαχος
562 1223 629 1276 τά
682 1220 1013 1294 προκείμενα
1052 1224 1242 1278 τοῦτον
1288 1225 1512 1292 ἐξέδωκε
1543 1227 1633 1280 τὸν

99 1319 274 1388 τρόπον
291 1335 305 1349 ·
348 1316 456 1371 Θεέ
481 1315 732 1384 ducente
761 1316 832 1370 ἐν
858 1316 1058 1384 ὁμιλίᾳ
1089 1315 1269 1385 ἀτίων
1288 1317 1507 1386 πολλῇ,
1535 1320 1631 1372 καὶ

101 1410 354 1478 ἐπίφοϐος
377 1409 446 1461 ἐν
473 1406 620 1463 πᾶσι
643 1407 766 1472 τοῖς
793 1407 923 1476 περὶ
956 1405 1240 1461 σεαυτόν·
1269 1409 1298 1460 ό
1323 1406 1380 1459 δὲ
1408 1407 1632 1471 Ἀκύλας

103 1501 240 1574 φησί·
303 1499 581 1568 ’ἰσχυρὸς
616 1498 1190 1568 κατισχυρευόμενος
1223 1498 1291 1550 ἐν
1323 1497 1634 1566 ἀπορῤήτῳ

101 1591 278 1659 ἁγίων,
306 1588 550 1657 πλῆθος,
579 1589 829 1658 πλῆθος,
861 1589 960 1643 καὶ
987 1589 1269 1657 ἐπίφοϐος
1286 1588 1383 1641 ἐπὶ
1405 1588 1632 1656 πάντας

101 1682 276 1749 κύκλῳ
309 1681 514 1735 αὑτοῦ.
565 1682 628 1734 Ἦ
655 1681 711 1734 δὲ
744 1680 838 1734 τοῦ
865 1681 1024 1751 λόγου
1051 1681 1255 1735 διάνοια
1284 1679 1382 1752 τὴν
1411 1681 1631 1734 ἀκολου-

101 1775 202 1828 θίαν
242 1774 584 1846 παρίστησιν.
636 1774 851 1844 Ἐπειδὴ
907 1775 1012 1845 γάρ
1042 1773 1264 1837 δυνατὸς
1307 1769 1388 1839 εἴ,
1424 1773 1593 1844 Κύριε
1617 1813 1630 1839 ,

101 1868 261 1939 φησὶν,
289 1867 383 1921 καὶ
414 1869 447 1938 ή
485 1866 710 1938 ἀλήθειά
744 1861 836 1920 σου
858 1865 1040 1936 κύκλῳ
1075 1883 1190 1930 σου,
1215 1865 1436 1928 εἰκότως
1463 1866 1632 1937 μέγας

1739 695 1845 749 que
1887 680 1961 733 dii
1999 688 2383 750 nuncupantur
2413 699 2426 734 :
2461 695 2691 749 quorum
2734 695 2897 735 causa
2931 682 3134 737 dictum
3166 694 3288 749 est,

1738 770 1878 824 Deus
1905 774 2044 824 stetit
2077 774 2131 825 in
2158 789 2423 842 synagoga
2449 770 2667 825 deorum
2691 773 2774 824 ³δῖ
2803 771 3008 827 Etenim
3031 775 3160 828 illud
3180 816 3197 840 ,
3225 775 3288 830 In
3323 791 3349 814 ν

1737 861 1953 915 consilio
1985 871 2285 915 sanctorum
2313 879 2332 926 ,'
2363 870 2414 916 et
2449 863 2581 916 illud
2608 901 2623 923 ,
2679 860 2740 914 In
2786 863 3004 916 ecclesia
3034 866 3272 934 primoge-

1738 954 1965 1006 nitorum
1983 970 2004 1017 ;
2052 963 2136 1017 et,
2172 952 2240 1006 In
2284 971 2548 1024 synagoga
2580 954 2835 1018 deorum;
2868 971 3028 1008 unum
3063 963 3117 1009 et
3150 957 3293 1011 idem

1737 1059 1857 1100 esse
1885 1045 2098 1110 videtur
2141 1045 2293 1100 mihi.
2341 1044 2543 1099 Horum
2583 1046 2765 1115 itaque
2811 1047 2866 1100 in
2899 1047 3075 1100 medio
3103 1057 3289 1112 stans,

1737 1135 1821 1189 his
1852 1127 2267 1205 stipatus'Filius
2294 1135 2385 1190 Dei
2410 1175 2426 1199 ,
2456 1135 2787 1205 gloriﬁcatus
2807 1177 2821 1200 ,
2852 1151 3081 1206 magnus
3109 1145 3161 1190 et
3180 1143 3268 1189 ter

1739 1228 1917 1282 ribilis
1948 1228 2169 1281 dicitur.
2219 1225 2343 1280 Haec
2386 1242 2518 1280 vero
2551 1227 2910 1298 Symmachus
2959 1230 3040 1282 sic
3084 1228 3288 1282 edidit:

1736 1320 1874 1374 Deus
1921 1320 2104 1372 invicte
2149 1320 2202 1372 in
2247 1321 2636 1373 conversatione
2679 1328 2982 1374 sanctorum
3010 1321 3176 1374 multa
3192 1330 3212 1378 ,'
3241 1327 3294 1372 et

1739 1409 1995 1463 tremende
2017 1410 2072 1462 in
2101 1409 2338 1463 omnibus
2369 1409 2460 1478 qui
2488 1411 2683 1462 circum
2714 1419 2760 1463 te
2783 1419 2903 1463 sunt
2926 1426 2944 1471 ,'
2971 1409 3163 1479 Aquila
3191 1424 3296 1463 aut

1735 1509 1840 1556 tem
1866 1503 1940 1554 ait
1964 1521 1975 1554 :
2003 1500 2179 1553 Fortis
2205 1501 2484 1554 roboratus
2508 1503 2559 1554 in
2577 1511 2776 1554 secreto
2796 1510 3094 1555 sanctorum
3114 1541 3133 1567 ,
3157 1502 3265 1554 mul

1738 1592 1903 1647 titudo
1923 1633 1937 1658 ,
1974 1591 2255 1645 multitudo
2277 1631 2291 1650 .
2322 1599 2370 1644 et
2407 1592 2701 1645 tremendus
2731 1609 2886 1660 super
2915 1608 3090 1646 omnes
3120 1593 3208 1662 qui
3237 1593 3300 1645 in-

1737 1682 1959 1736 circuitu
2003 1681 2115 1750 ejus
2162 1689 2307 1735 sunt.
2358 1679 2475 1750 Ipsa
2511 1694 2676 1750 porro
2708 1681 2838 1734 dicti
2885 1682 3151 1736 sententia
3198 1696 3286 1735 se-

1739 1775 1871 1827 riem
1905 1773 2095 1842 aperit.
2129 1771 2262 1825 Nam
2289 1773 2418 1842 quia
2449 1781 2642 1841 potens
2667 1787 2759 1835 es,
2794 1767 3050 1837 Domine,
3077 1773 3292 1842 inquit,

1735 1869 1790 1917 et
1821 1863 2018 1916 veritas
2049 1869 2142 1916 tua
2177 1863 2230 1914 in
2262 1862 2494 1915 circuitu
2529 1872 2653 1925 tuo,
2696 1860 2818 1930 jure
2863 1875 3090 1928 magnus
3135 1876 3194 1915 es
3234 1869 3286 1915 et

101 1955 157 2021 εἷ,
187 1958 271 2010 καὶ
307 1957 534 2039 φοϐερὸς
579 1952 657 2021 ei,
703 1957 798 2010 καὶ
840 1956 1250 2028 ἑνδοξαζόμενος
1289 1956 1341 2009 εἴ
1381 1958 1437 2009 ὲν
1473 1957 1631 2029 βουλῇ

1735 1953 1995 2006 terribilis
2037 1958 2090 2005 et
2129 1948 2466 2021 glorilicatus
2498 1951 2551 2005 in
2587 1950 2817 2005 consilio
2862 1959 3203 2013 sanctorum,
3236 1959 3282 2004 et

101 2050 267 2118 ἁγίων,
299 2051 390 2103 καὶ
415 2051 472 2102 ὲν
493 2052 603 2111 τοῖς
629 2048 726 2120 τὴν
753 2048 851 2120 σὴν
883 2048 1112 2118 θεότητα
1140 2048 1540 2119 περιπολοῦσιν,
1560 2051 1629 2125 oi,

102 2142 190 2194 τῶν
225 2141 327 2194 σῶν
347 2141 686 2210 ἐπαγγελιῶν
715 2142 814 2211 τὴν
860 2140 1118 2212 ἀλήθειαν
1145 2141 1492 2212 συνορῶντες,
1536 2143 1632 2206 τὰς

103 2235 388 2304 πρεπούσας
443 2232 790 2303 εὐχαριστίας
840 2231 978 2302 μετὰ
1026 2230 1348 2302 θαυμασμοῦ
1393 2233 1492 2301 τῆς
1536 2233 1632 2304 σῆς

103 2326 324 2395 θεότητος
356 2325 755 2395 ἀντιπέμπουσι.
801 2323 893 2376 Διὸ
935 2321 1113 2404 μικρῷ
1147 2322 1377 2393 πρόσθεν
1414 2322 1659 2388 ἔλεγον».

112 2415 652 2487 Ἐξομολογ-ἠσονται
676 2419 731 2468 οί
775 2414 1014 2484 οὐρανοί
1047 2413 1130 2468 ιτὰ
1164 2413 1465 2482 θαυμάσια
1492 2430 1628 2478 σου,

102 2509 183 2562 καί
212 2509 319 2576 τὴν
349 2509 634 2578 ἀλήθειάν
663 2523 777 2562 σου
809 2508 878 2561 ἐν
911 2507 1232 2575 Ἐκκλησία
1254 2500 1452 2573 ἁτίῶν.

159 2600 318 2666 Κύριε
347 2602 380 2653 ὁ
418 2599 560 2665 Θεὸς
588 2598 707 2652 τῶν
735 2597 1078 2668 δυνάμεων,
1121 2597 1213 2661 τίς
1247 2595 1446 2663 ὅμοιός
1488 2611 1622 2657 σοι;

104 2692 334 2757 Δυνατὸς
359 2689 430 2755 εἷ,
459 2693 656 2759 Κύριε,
677 2689 774 2743 καὶ
794 2691 832 2758 ἠ
860 2688 1112 2756 ἀλήθειά
1132 2701 1247 2742 σου
1267 2687 1468 2752 κύκλῳ
1493 2703 1624 2741 σσυ.

104 2781 171 2833 Σὺ
196 2780 491 2848 δεσπόζεις
517 2781 624 2835 τοῦ
658 2773 1043 2848 κράτουςτῆς
1066 2777 1398 2844 θαλάσσης,
1429 2777 1534 2831 τὸν
1563 2778 1630 2832 δὲ

106 2871 274 2926 σάλον
292 2871 408 2926 τῶν
441 2871 719 2942 κυμάτων
741 2869 932 2939 αὐτῆς
956 2868 1036 2923 σὺ
1068 2869 1516 2936 καταπραΰνεις.
1547 2869 1630 2922 Σὺ

103 2959 478 3027 ἐταπείνωσας
507 2964 586 3028 ὡς
625 2962 984 3031 τραυματίαν
1009 2959 1396 3030 ὑπερήφανον
1437 2962 1504 3013 ἐν
1551 2961 1630 3025 τῷ

109 3051 352 3120 Βραχίονι
393 3051 503 3120 τῆς
532 3052 835 3122 δυνάμεώς
871 3067 986 3106 σου
1023 3050 1446 3120 διεσκόρπισας
1491 3052 1630 3117 τσὺς

102 3141 325 3210 ἐχθρούς
359 3150 498 3198 σου,
528 3143 634 3196 Καὶ
669 3145 726 3197 ἐν
762 3143 968 3206 τούτοις
995 3144 1146 3196 οὐδὲν
1181 3144 1367 3217 ἀφίησι
1404 3142 1510 3195 τῶν
1536 3159 1627 3209 γε-

105 3234 254 3300 νητῶν
284 3230 420 3287 εῖναι
447 3237 628 3304 ὅμοιον
653 3233 732 3304 τῷ
762 3234 1160 3304 θεολογουμένῳ
1196 3232 1309 3303 Υίῷ
1333 3231 1423 3286 τοῦ
1463 3231 1623 3285 Θεοῦ·

102 3325 240 3380 αὐτὸν
268 3329 372 3399 γάρ
418 3323 556 3381 εἷναι
589 3328 679 3380 τὸν
701 3326 960 3392 δυνατὸν,
1004 3328 1096 3381 καὶ
1119 3327 1209 3380 τὸν
1240 3325 1348 3379 τῶν
1393 3323 1628 3377 δυνατῶν

101 3416 232 3483 Θεὸν,
287 3406 377 3474 καὶ
404 3421 580 3474 αὐτῶν
605 3420 712 3472 τῶν
747 3421 1026 3491 δυνάμεων
1069 3413 1289 3492 Κύριον,
1322 3421 1395 3482 ὡς
1430 3418 1629 3490 μηδένα

103 3509 228 3579 αὐτῷ
248 3509 541 3578 ἀντιλέγειν
565 3510 839 3574 δύνασθαι,
873 3511 1005 3582 μηδὲ
1041 3514 1107 3581 τῇ
1147 3510 1308 3564 αὐτοῦ
1350 3509 1508 3580 βουλῇ
1542 3509 1632 3562 ἀν-

105 3599 387 3654 θίστασθαι·
426 3602 492 3654 δι’
527 3602 554 3655 ὃ
598 3601 773 3670 λέγειν
802 3603 963 3655 αὐτὸν
996 3604 1088 3656 καὶ
1129 3605 1316 3667 ποιεῖν,
1341 3602 1433 3654 ἅτε
1475 3592 1629 3671 μόνον

102 3689 324 3766 δυνατὸν,
375 3694 442 3746 τά
483 3692 686 3747 πάνταυ
722 3692 783 3744 τὸ
811 3693 948 3764 γὰρ,
1007 3694 1099 3759 Τίς
1130 3693 1327 3763 ὅμοιός
1373 3708 1506 3758 σοι;
1539 3695 1631 3746 καὶ

102 3778 306 3834 ἐνταῦθα
334 3783 435 3836 οὐκ
471 3779 562 3836 ἐπὶ
595 3782 687 3836 τοῦ
719 3785 964 3851 σπανίου,
1007 3784 1118 3838 ἀλλ’
1161 3786 1252 3837 ἐπὶ
1288 3786 1378 3839 τοῦ
1411 3785 1632 3856 μηδενὸς

103 3873 456 3952 παρείληπται.
490 3875 691 3928 Ούδένα
715 3874 845 3952 γοῦν
873 3877 1053 3947 ὅμοιον
1087 3873 1226 3931 εἷναί
1261 3894 1389 3947 φησι
1422 3877 1497 3948 τῷ
1536 3896 1631 3930 κυ-

105 3946 496 4036 ριολῖδγουμένῳ,
520 3946 1000 4039 ἀντιπαραϐάλλων
1030 3969 1176 4038 αὐτῷ
1220 3946 1344 4032 τοὺς
1381 3946 1632 4040 ἀνωτέρω

103 4051 390 4122 εἰρημένους
428 4057 576 4121 υἱοὺς
616 4057 782 4110 Θεοῦ..
803 4058 913 4128 Τῆς
951 4058 1059 4129 γὰρ
1097 4059 1267 4126 αὐτῆς
1304 4059 1481 4128 ἔχεται
1522 4060 1634 4112 δια-

103 4142 226 4206 *οίας
251 4145 314 4199 τά
343 4147 583 4217 παρόντα
610 4149 703 4200 καὶ
721 4132 790 4200 τά
815 4139 1073 4218 πρότερα,
1099 4149 1156 4200 ὲν
1177 4143 1257 4210 οἷς
1286 4149 1492 4219 εἴρητο·
1517 4151 1634 4202 Ὅτι

104 4229 246 4295 είςέν
255 4234 531 4302 νεφέλαις
543 4234 894 4300 ισωθήσεται
905 4234 984 4300 τῷ
995 4235 1212 4303 Κυρίῳ,
1221 4237 1634 4304 ὁμοιωθήσεται

103 4319 167 4385 τῷ
192 4325 373 4391 Κυρίῳ
396 4325 466 4376 ἑν
488 4323 636 4390 υίοῖς
666 4324 844 4388 Θεοῦ;
876 4326 970 4378 καὶ
993 4319 1086 4379 νῦν
1118 4327 1162 4379 δ’
1191 4322 1303 4390 οὖν,
1333 4330 1422 4394 Τις
1440 4328 1634 4395 ὅμοιός

102 4424 181 4465 σοι
193 4429 209 4476 ;
223 4415 398 4484 φησὶν,
410 4415 491 4468 ὅτι
505 4414 721 4478 δυνατὸς
739 4411 807 4480 εἷ,
826 4417 917 4468 καίι
933 4418 964 4477 ἡ
981 4417 1202 4488 ἀλήθεια
1211 4418 1316 4473 τῶν
1331 4414 1498 4488 λόγων
1521 4437 1632 4484 σου,

101 4502 150 4553 αἰ
169 4520 222 4556 τε
238 4505 549 4576 ἐπαγγελίαι
572 4523 662 4559 σου
687 4524 754 4560 πε
763 4507 813 4578 pi
831 4507 889 4560 σὲ
913 4509 1005 4563 καὶ
1026 4509 1172 4580 παρὰ
1195 4512 1275 4562 σοὶ
1293 4510 1634 4581 τυγχάνουσι.

1734 2045 1788 2098 in
1817 2043 1884 2098 iis
1911 2043 2001 2112 qui
2043 2043 2302 2097 deitatem
2353 2043 2557 2112 stipant
2603 2050 2786 2104 tuam,
2839 2041 2967 2110 qui,
2995 2051 3284 2109 conspecta

1733 2135 2121 2204 promissorum
2140 2143 2354 2187 tuorum
2384 2133 2635 2194 veritate,
2660 2131 2870 2186 debitas
2898 2147 3018 2185 cum
3049 2132 3269 2185 admira-

1732 2225 1878 2279 tione
1930 2224 2150 2278 deitatis
2208 2232 2316 2277 tua
2367 2224 2664 2292 gratiarum
2716 2222 2959 2277 actiones
3014 2221 3266 2276 emittunt

1731 2315 1908 2382 Quare
1934 2315 2096 2384 paulo
2123 2323 2280 2368 antea
2309 2314 2554 2369 dicebam
2581 2331 2596 2367 ε
2628 2312 3026 2381 Conﬁtebuntur
3051 2311 3162 2366 caeli
3193 2312 3262 2363 mi

1729 2406 1922 2486 rabitia
1948 2415 2038 2459 tua
2055 2445 2069 2471 ,
2091 2415 2140 2460 et
2167 2407 2432 2459 veritatem
2459 2416 2601 2458 tuam
2627 2405 2681 2457 in
2707 2403 2941 2458 Ecclesia
2966 2413 3284 2459 sanctorum.

1798 2609 1962 2665 Vens.
2003 2608 2166 2663 9-H.
2205 2608 2426 2662 Domine
2456 2606 2594 2660 Deus
2625 2607 2896 2669 virtutum,
2941 2606 3058 2674 quis
3098 2603 3287 2658 similis

1731 2699 1821 2753 tibi
1848 2701 1872 2752 ?
1900 2698 2091 2754 Potens
2128 2715 2204 2761 es,
2235 2697 2487 2759 Domine,
2519 2705 2569 2749 et
2611 2697 2799 2749 veritas
2846 2705 2946 2746 tua-
2970 2695 3025 2747 in
3068 2695 3312 2755 circuitu

1733 2799 1841 2844 tuo.
1898 2791 1977 2844 Tu
2023 2789 2315 2843 dominaris
2346 2787 2592 2855 potestati
2625 2787 2823 2848 maris,
2868 2793 3065 2838 motum
3112 2793 3283 2836 autem

1728 2882 1980 2950 ﬂuctuum
2006 2881 2119 2950 ejus
2138 2890 2192 2933 tu
2215 2880 2445 2948 mitigas.
2471 2876 2548 2930 Tu
2579 2877 2867 2929 humiliasti
2894 2877 3026 2928 sicut
3045 2873 3276 2926 vulnera-

1733 2982 1840 3027 tum
1876 2971 2190 3040 superbum,
2236 2970 2290 3023 in
2333 2968 2544 3021 brachio
2593 2968 2799 3021 virtutis
2846 2976 2948 3018 tute
2989 2961 3285 3029 dispersisti

1730 3064 1967 3116 inimicos
2001 3042 2138 3115 tuos.
2190 3060 2247 3114 In
2291 3061 2377 3114 his
2416 3073 2632 3129 quoque
2663 3057 2864 3111 nullam
2899 3055 3158 3108 factarum
3194 3067 3285 3106 re-

1730 3169 1848 3208 rum
1878 3154 2108 3207 similem
2156 3151 2296 3205 Filio
2333 3151 2461 3213 Dei,
2493 3151 2584 3219 qui
2628 3149 2769 3202 Deus
2815 3149 3158 3218 praedicatur,
3191 3145 3285 3198 ad—

1731 3243 1938 3308 mittit;
1974 3242 2151 3311 ipsum
2201 3258 2433 3311 namque
2477 3251 2530 3296 et
2577 3247 2844 3310 potentem
2892 3246 2947 3294 et
2988 3237 3282 3307 potentium

1731 3331 1897 3386 Deum
1924 3347 1986 3386 ac
2012 3333 2267 3386 virtutum
2300 3332 2578 3384 dominum
2611 3329 2776 3394 dicit,
2805 3330 2876 3383 ita
2912 3337 2970 3381 ut
3000 3342 3157 3381 nemo
3181 3325 3284 3396 ipsi

1730 3437 2030 3494 repugnare
2050 3463 2065 3487 ,
2101 3437 2276 3491 neque
2304 3422 2424 3491 ejus
2454 3420 2723 3475 voluntati
2755 3418 3126 3474 contradicere
3155 3432 3283 3485 pos-

1732 3516 1801 3571 sit
1825 3533 1852 3568 :-
1874 3528 2073 3584 quare,
2103 3520 2290 3582 utpote
2315 3513 2466 3567 solus
2492 3519 2716 3581 potens,
2747 3508 2927 3563 omnia
2959 3507 3092 3561 dicit
3122 3513 3175 3559 et
3206 3505 3286 3559 fa-

1731 3607 1805 3661 cit
1833 3625 1847 3673 ;
1881 3606 2014 3659 illud
2047 3606 2192 3660 enim
2215 3645 2229 3670 ,
2265 3603 2396 3670 Quis
2426 3592 2615 3658 similis
2645 3602 2739 3654 tibi
2763 3603 2787 3655 ?
2816 3614 2923 3654 non
2951 3611 3104 3651 raros
3131 3611 3280 3659 esse,

1731 3697 1824 3752 sed
1853 3697 2062 3750 nullum
2088 3709 2209 3752 esse
2237 3695 2498 3750 declarat.
2531 3693 2808 3748 Neminem
2841 3691 3022 3760 itaque
3051 3688 3282 3742 similem

1732 3805 1853 3843 esse
1883 3790 1959 3841 ait
1988 3789 2102 3855 illi,
2133 3788 2228 3856 qui
2253 3785 2518 3840 Dominus
2562 3784 2905 3854 praedicatur,
2950 3795 3072 3834 cum
3110 3778 3282 3833 eidem

1733 3879 1854 3932 ilos
1898 3884 2210 3945 comparat,
2251 3874 2343 3944 qui
2388 3874 2639 3942 superius
2681 3872 2774 3924 ﬁlii
2821 3868 2915 3922 Dei
2961 3868 3091 3921 dicti
3133 3871 3278 3921 sunt.

1732 3970 1854 4024 Haec
1882 3968 2024 4024 enim
2057 3968 2230 4022 eidem
2261 3967 2469 4019 haerent
2497 3962 2813 4025 sententiae,
2846 3961 2932 4013 cui
2967 3960 3153 4015 isthasc
3186 3973 3282 4014 su-

1733 4060 1914 4131 perius
1943 4059 2127 4111 dicta:
2177 4051 2439 4120 Quoniam
2478 4054 2593 4123 quis
2640 4055 2693 4105 in
2735 4049 2955 4122 nubibus
2979 4046 3285 4118 .wquabitur

1733 4150 2006 4204 Domino?
2052 4145 2242 4201 similis
2291 4146 2389 4197 erit
2436 4143 2658 4197 Domino
2705 4143 2758 4194 in
2806 4141 2932 4210 ﬁliis
2960 4139 3102 4194 Dei?
3129 4137 3282 4192 Nunc

1734 4228 1858 4296 item
1878 4279 1892 4303 ,
1925 4239 2054 4304 Quis
2088 4237 2276 4292 similis
2303 4236 2438 4290 tibi?
2465 4236 2562 4299 ait,
2603 4233 2730 4303 quia
2772 4241 2960 4301 potens
2983 4245 3042 4285 es
3063 4270 3078 4294 ,
3111 4238 3164 4284 et
3190 4243 3283 4302 ve-

1739 4334 1873 4386 ritas
1932 4345 2242 4385 sermonum
2293 4335 2550 4390 tuorum,
2612 4324 2877 4394 promissa
2923 4335 3138 4392 quoque
3189 4328 3281 4372 tua

1735 4426 1879 4480 circa
1929 4433 1981 4478 te
2026 4431 2080 4477 et
2126 4436 2293 4492 penes
2323 4427 2375 4474 te
2400 4429 2546 4475 sunt.
2579 4417 2751 4478 Penes
2784 4426 2834 4469 te
2860 4416 3055 4484 quippe
3083 4419 3165 4466 est
3185 4451 3198 4475 ,
3228 4419 3306 4464 εις

1735 4533 1899 4588 penes
1922 4532 2015 4572 eos
2045 4518 2137 4585 qui
2180 4523 2234 4571 te
2273 4513 2629 4574 circumdant,
2670 4510 2868 4564 veritas
2915 4517 3043 4561 tua:
3078 4519 3199 4558 nam
3233 4504 3281 4558 si

104 4593 236 4664 Παρὰ
251 4599 328 4651 σοὶ
352 4599 615 4668 γάρ,ὲστι,
640 4600 897 4673 καὶπαρά
924 4603 1034 4665 τοῖς
1052 4601 1304 4655 κυκλοῦσί
1329 4620 1408 4667 σε,
1441 4604 1472 4673 ή
1505 4602 1631 4673 ἀλή-

1738 4609 1830 4679 qui
1872 4609 2115 4679 proxime
2153 4617 2209 4660 te
2267 4613 2321 4660 et
2365 4607 2421 4682 in
2463 4601 2692 4656 circuitu
2730 4607 2820 4652 tuo
2853 4604 3013 4659 sunt,
3044 4594 3120 4648 illi
3152 4591 3285 4648 sane

102 4682 204 4738 θειά
222 4703 310 4741 σου
330 4705 345 4720 θ
370 4691 421 4741 εί.
461 4689 568 4760 γάρ
599 4691 740 4755 τινές
774 4709 868 4744 σου
896 4692 1120 4764 πλησίον
1143 4695 1236 4746 καὶ
1253 4694 1434 4764 κύκλῳ
1457 4711 1634 4765 περιε-

103 4774 278 4842 στῶτες
307 4775 433 4862 εἷεν,
455 4775 599 4833 οὗτοι
631 4775 781 4834 αὐτοὶ
803 4783 900 4854 τὴν
921 4783 1176 4855 ἀλήθειάν
1197 4802 1289 4838 σου
1336 4785 1600 4853 γινώσκου
1614 4818 1633 4826 -

102 4879 186 4918 σιν.
200 4867 382 4940 Ἡμεῖς
397 4871 452 4925 δὲ
469 4871 529 4923 οἱ·
550 4872 642 4922 ἐπὶ
661 4873 782 4942 γῆς,
800 4873 880 4930 ἐτι
907 4877 1122 4946 μακράν
1143 4894 1234 4930 σου
1260 4879 1630 4948 τυγχάνοντες,

105 4954 195 5020 τὰς·
231 4962 631 5034 μεγαλουργίας,
678 4981 769 5018 σου
831 4966 938 5019 άπὸ
999 4957 1109 5021 τῶν
1157 4969 1296 5022 κατὰ
1360 4957 1635 5024 θάλασσαν

101 5046 477 5122 ἐνεργουμένων
528 5053 632 5107 ὑπὸ
674 5055 771 5126 τῆς
820 5057 918 5127 σῆς
977 5058 1231 5128 προνοίας
1285 5057 1636 5129 θεωροῦντες,

103 5142 458 5216 ὁμολογοῦμεν,
488 5149 569 5201 ὅτι
587 5145 593 5151 ’
614 5149 834 5213 δυνατὸς
852 5146 928 5214 εἴ,
957 5151 1051 5205 καὶ
1084 5153 1117 5222 ή
1147 5150 1371 5220 ἀλήθειά
1403 5169 1494 5204 σου
1535 5154 1632 5206 κύ-

104 5233 195 5303 κλῳ
219 5252 327 5290 σου.
351 5239 460 5308 Τῆς
477 5256 536 5291 τε
567 5239 673 5310 γάρ
704 5239 976 5312 Θαλάσσης
1004 5242 1098 5294 καὶ
1126 5241 1220 5294 τοῦ
1246 5240 1497 5295 τοσούτου
1523 5245 1630 5297 τῶν

105 5323 282 5380 ὑδάτων
314 5328 506 5391 κύτους
539 5329 602 5381 σὺ
658 5331 816 5400 μόνος
847 5331 1143 5397 δεσπόζεις,
1188 5316 1280 5385 καὶ
1334 5333 1426 5385 τὸν
1472 5334 1629 5387 σάλον

110 5414 192 5469 οὖν
217 5418 469 5489 κυμάτων
496 5418 662 5488 αὐτῆς
702 5422 766 5473 σὺ
808 5423 966 5492 μόνος
1011 5425 1437 5495 καταπραΰνεις,
1473 5409 1628 5495 περι-

104 5506 198 5573 θεὶς
220 5512 351 5583 αὐτῇ
382 5510 602 5580 κλεῖθρα
641 5512 734 5565 καὶ
763 5514 952 5576 πύλας,
995 5516 1087 5568 καὶ
1129 5517 1248 5585 ὅρια
1295 5515 1431 5585 αὐτῇ
1462 5515 1632 5586 πηξά-

105 5617 258 5669 μενος,
295 5605 370 5667 ὡς
412 5602 479 5656 ἂν
527 5601 600 5670 μὴ
645 5603 931 5674 ύπερὸἄσα
979 5606 1331 5659 κατακλύσειε
1382 5606 1478 5676 τὴν
1527 5607 1632 5661 τῶν

105 5690 371 5766 ἀνθράκων
399 5692 735 5763 οἰκουμένην.
773 5695 836 5747 Ὃ
851 5693 911 5764 δὴ
944 5697 1033 5751 καὶ
1073 5697 1201 5752 αὐτὸ
1224 5695 1280 5750 ἒν
1306 5714 1356 5748 τι
1380 5693 1634 5767 τυγχάνει

165 5847 200 5870 ’θ’
235 5846 388 5905 ιὲεειι.Δ
411 5861 604 5913 usui,
636 5848 686 5903 1.

1721 4700 2018 4764 veritatem
2067 4697 2280 4751 norunt.
2310 4701 2480 4746 tuam.
2514 4690 2622 4744 Nos
2651 4697 2825 4743 autem
2855 4687 2944 4757 qui
2975 4687 3027 4740 in
3053 4693 3199 4739 terra
3230 4691 3283 4736 et

1737 4790 1914 4844 adhuc
1944 4788 2129 4858 procul
2161 4795 2214 4840 te
2245 4796 2544 4846 versamur,
2576 4795 2640 4833 ex
2670 4778 2739 4832 iis
2770 4791 2889 4846 qua:
2920 4776 3032 4831 sive
3059 4776 3114 4829 in
3139 4782 3282 4827 terra

1738 4883 1850 4936 sive
1876 4881 1930 4934 in
1960 4877 2095 4931 mari
2122 4891 2151 4928 a
2178 4859 2518 4945 providentia
2545 4878 2634 4924 tua
2660 4878 2944 4938 geruntur,
2972 4880 3161 4935 magna
3191 4873 3280 4917 tua

1735 4971 1945 5042 opiﬁcia
1976 4966 2396 5036 contemplantes
2415 5003 2430 5027 ,
2473 4961 2791 5016 conﬁtemur
2819 4969 2870 5012 te
2898 4965 3194 5027 potentem,
3228 4963 3282 5008 et

1731 5061 2007 5117 veritatem
2040 5065 2187 5109 tuam
2220 5057 2273 5109 in
2307 5054 2539 5108 circuitu
2565 5063 2657 5106 tuo
2685 5066 2826 5106 esse.
2856 5048 2988 5102 Nam
3032 5055 3093 5110 _tu
3135 5045 3284 5099 solus

1732 5150 1868 5205 mari
1897 5156 1951 5204 et
1977 5155 2140 5201 tanta:
2172 5159 2433 5216 aquarum
2461 5140 2779 5214 plenitudini
2805 5134 3101 5192 dominaris
3124 5173 3138 5197 ,
3163 5149 3282 5188 mo-

1731 5251 1840 5296 tum
1873 5240 2132 5293 ﬂuctuum
2162 5239 2279 5307 ejus
2301 5250 2444 5290 unus
2473 5234 2688 5304 mitigas
2711 5270 2725 5292 ,
2764 5227 2975 5297 ipsique
3004 5226 3238 5279 claustra
3265 5261 3281 5286 ,

1735 5339 1919 5403 portas
1947 5338 2000 5383 et
2025 5329 2288 5383 terminos
2323 5325 2487 5379 ﬁxisti
2513 5364 2525 5386 ,
2562 5338 2628 5376 ne
2659 5329 3104 5390 praetergressum
3139 5314 3262 5380 pela-

1729 5438 1828 5494 gus
1857 5419 2082 5475 inundet
2107 5420 2313 5473 orbem.
2339 5415 2493 5482 Quod
2521 5428 2653 5468 sane
2683 5412 2765 5464 vel
2791 5423 2958 5461 unum
2987 5406 3280 5459 maximum

1734 5517 1892 5571 fuerit
1935 5512 2216 5582 potestatis
2262 5520 2367 5563 tua:
2417 5511 2810 5575 argumentum.
2845 5501 2912 5552 At
2941 5498 3082 5551 enim
3130 5500 3282 5544 tanta

1734 5621 1997 5677 aquarum
2050 5603 2369 5663 commotio,
2422 5598 2520 5651 tibi
2581 5605 2639 5649 ut
2685 5593 2902 5647 domino
2943 5589 3277 5655 obsequens,

1693 5711 1698 5716 ‘
1735 5698 1860 5768 dum
1893 5705 2108 5751 tumens
2141 5695 2195 5750 in
2225 5693 2389 5746 altum
2422 5687 2686 5756 evehitur,
2716 5679 3032 5740 reformidat
3064 5686 3279 5748 tamen,
