3960 6352
18 426 151 482 1089

1161 418 1653 476 COMMENTAKIA
1690 417 1753 472 IN
1793 415 2122 479 PSALMQS.

3057 415 3192 470 1090

18 538 200 595 αὐτοῦ’
226 525 822 612 διωκορπὶσει.’³’Λέγει
880 538 936 591 δέ
996 536 1164 590 ταῦτα
1219 534 1553 603 ἀναγκαίως·
1593 532 1860 606 προειπὼν
1890 534 2015 604 γὰρ,
2062 530 2316 597 Δυνατὸς
2360 531 2433 597 εἴ,
2465 532 2657 599 Κύριε,
2726 505 2823 584 καί
2864 531 2903 599 ἠ
2952 529 3194 596 ἁλήθειά

18 649 124 685 σου
173 634 379 699 κύκλῳ
416 610 578 693 -σου,
625 627 940 700 παρίστησιν
988 628 1167 688 αὐτοῖς
1219 625 1394 696 έργοις
1443 623 1558 685 πῶς
1596 623 1825 693 ὑπάρχει
1848 622 2066 684 δυνατὸς
2091 623 2119 673 ό
2145 619 2350 690 ,Κύριος
2371 621 2450 682 είς
2477 610 2732 672 πίστωσιν
2800 618 2895 688 τῆς
2948 617 3196 688 ἀληθείας

18 724 177 778 αὐτοῦ
204 763 220 787 ,
270 723 406 792 ὑπὲρ
451 721 542 773 τοῦ
582 719 679 782 τὰς
724 718 1048 786 ἐπαγγελίας
1091 715 1224 787 πρὸς
1270 717 1360 769 τὸν
1401 714 1560 768 Δαυτδ
1594 714 1957 784 γεγενημένας
1980 712 2197 782 ἀληθεῖς
2219 710 2505 776 ἀποδεῖξαι.

83 818 188 869 Σοί
240 819 396 870 εἰσιν
420 811 689 880 οὐρανοὶ,
739 813 832 864 καὶ
864 809 946 877 σή
996 812 1164 864 ἐστιν
1215 812 1252 878 ἡ
1303 809 1404 879 τῆ.
1449 810 1588 877 τὴν,

1735 803 1895 863 Vitis.
1925 807 2015 872 12,
2040 808 2124 862 15.
2146 806 2244 860 Tui
2266 813 2386 860 sunt
2415 803 2527 858 ewli
2547 813 2598 857 et
2617 815 2708 855 tua
2735 811 2812 856 est
2845 813 3003 864 terra,
3023 803 3196 857 orbem

18 906 379 974 οἰκουμένην
416 904 509 956 καὶ
556 903 617 956 τὸ
675 900 957 969 πλήρωμα
1001 897 1189 966 αὐτῆς
1231 898 1312 952 σὺ
1365 899 1561 968 ἐθεμε-

18 1000 252 1063 .ῖὶωσας
275 1039 289 1058 ,
346 996 447 1049 τὸν
506 992 734 1064 ,βορρᾶν
802 993 895 1045 καί
953 991 1065 1058 τὴν
1112 991 1430 1046 θάλασσαν
1483 991 1562 1045 σὺ

21 1091 293 1152 ἔκτισας.
324 1085 516 1153 Θαόὼρ
553 1085 649 1137 καί
691 1083 906 1152 Ἑρμῶν
948 1083 1016 1135 ἐν
1041 1081 1119 1146 τῷ
1165 1082 1404 1151 ὀνόματί
1450 1073 1564 1136 σου

22 1179 509 1246 ἁταὶλιάσονται.
537 1175 597 1228 Ἦ
617 1175 815 1228 διάνοια
835 1172 940 1226 τῶν
963 1172 1324 1244 προκειμένων
1347 1173 1564 1244 τοιαύτη

20 1274 100 1333 τές
135 1275 276 1327 ἐστι·
314 1267 608 1336 Πεποίησαι
644 1265 759 1335 μὲν,
795 1258 838 1317 ὦ
875 1262 1042 1333 Κύριε
1065 1301 1079 1325 ,
1112 1261 1244 1332 πρὸς
1277 1263 1366 1316 τὸν
1411 1262 1566 1315 Δαυῖδ

23 1361 359 1430 ἐπαγγελίας
381 1360 508 1429 περὶ
545 1356 637 1410 τοῦ
671 1356 977 1427 σπέρματος
1015 1353 1177 1408 αὐτοῦ
1226 1354 1319 1406 καὶ
1361 1349 1455 1405 τοῦ
1487 1355 1566 1415 είς

21 1451 195 1504 αίῶνα
225 1448 591 1519 διαρκέσοντος
626 1446 811 1517 θρόνου
855 1444 1044 1498 αὐτοῦ·
1076 1445 1168 1498 καὶ
1205 1444 1406 1505 ταύτας
1423 1441 1567 1512 ὦμο-

26 1559 122 1601 σας
152 1539 235 1609 τῷ
262 1537 420 1592 Δαυῒδ
439 1536 785 1589 ἐπιτελέσειν.
825 1531 1064 1606 Ὀρῶμέν
1097 1533 1154 1586 δὲ
1184 1536 1342 1603 ἡμεῖς
1375 1533 1422 1584 oi
1472 1532 1566 1586 ἄν·

26 1631 236 1699 θρωποι
268 1628 338 1698 μὴ
373 1627 747 1696 πληρουμένας
770 1624 954 1687 αὐτὰς,
985 1624 1106 1676 ὅσον
1127 1623 1218 1675 ἐπὶ
1243 1625 1353 1685 τοῖς
1384 1620 1570 1692 αἰσθη-

23 1723 133 1781 τοῖς
160 1720 261 1771 καὶ
302 1717 623 1788 ὁρωμένοις·
657 1715 734 1767 διό
779 1731 976 1784 φαμεν,
1004 1713 1126 1766 Ποῦ
1161 1715 1279 1766 εισι
1317 1712 1392 1765 τὰ
1430 1710 1568 1777 mn

25 1828 139 1863 σου
168 1809 246 1862 τὰ
286 1806 518 1876 ἀρχαῖα,
551 1808 754 1874 Κύριε;
801 1803 936 1876 πλὴν
969 1801 1102 1858 ἀλλά
1129 1802 1464 1874 πεπείσμεθά
1513 1818 1572 1854 σε

27 1903 81 1966 ἐξ
117 1901 357 1961 ἅπαντος
395 1899 704 1969 ἀληθεύειν,
733 1899 812 1951 ὅτι
848 1895 1100 1962 δυνατὸς
1124 1892 1196 1960 εἴ,
1235 1895 1329 1948 καί
1360 1895 1398 1962 ἡ
1430 1892 1574 1960 ἁλή-

29 1993 154 2047 θειά
181 2006 301 2070 σου
323 1993 517 2055 κύκλῳ
539 2006 671 2043 σου.
693 1989 800 2041 Καὶ
829 1988 1100 2059 μάρτυρές
1117 2004 1180 2054 γε
1204 1986 1301 2056 τῆς
1322 1985 1574 2057 ἀληθείας

31 2103 123 2137 σου
161 2085 360 2146 πάντες
389 2084 437 2135 οἱ
472 2082 597 2152 περὶ
636 2080 722 2132 σέ·
764 2082 820 2132 αἱ
865 2079 994 2147 γοῦν
1039 2078 1272 2148 οὐράνιοι
1323 2072 1575 2146 δυνάμεις

1663 912 1814 956 εει-ηε
1843 911 1891 955 et
1921 899 2288 969 plenitudinem
2316 898 2427 966 ejus
2461 905 2515 950 tu
2545 897 2800 965 fundasti,
2833 897 3122 966 aquilonem
3147 905 3198 950 et

1661 1009 1802 1046 mare
1815 1002 1870 1045 tu
1884 993 2088 1046 creasti.
2099 989 2301 1043 Thabor
2315 990 2360 1042 et
2380 987 2607 1041 Hermon
2621 988 2674 1040 in
2691 988 2892 1040 nomine
2923 996 3008 1040 tuo
3023 988 3199 1040 exsul-

1665 1083 1864 1140 tabunt.
1885 1080 2085 1136 Horum
2110 1082 2235 1134 talis
2268 1079 2528 1135 sententia
2571 1086 2650 1132 est
2675 1096 2688 1132 :
2721 1076 2929 1140 Davidi,
2953 1076 3196 1141 Domine,

1663 1173 1928 1246 promissa
1956 1171 2151 1226 dedisti
2176 1170 2240 1225 de
2270 1169 2472 1224 semine
2504 1168 2645 1236 ejus,
2666 1179 2728 1218 ac
2757 1167 2823 1221 de
2862 1167 3053 1219 throno
3082 1166 3198 1234 ejus

1664 1280 1834 1334 usque
1872 1264 1926 1318 in
1956 1271 2216 1317 mternum
2243 1260 2503 1314 duratura
2523 1247 2548 1310 ἐ
2578 1264 2736 1325 atque
2769 1256 2868 1324 ipsi
2898 1253 3080 1307 Davidi
3111 1254 3199 1321 ju-

1665 1355 1799 1410 rasti
1829 1362 1888 1409 te
1905 1368 1969 1407 ea
2008 1351 2370 1422 perlecturum
2410 1363 2552 1403 esse.
2599 1346 2707 1402 Nos
2747 1354 2922 1399 autem
2954 1344 3199 1398 homines

1663 1444 1906 1500 videmus
1932 1436 2045 1496 haec
2086 1456 2190 1495 non
2222 1447 2481 1512 quantum
2527 1436 2593 1491 ad
2615 1451 2678 1490 ea
2708 1449 2826 1504 qua:
2856 1434 2957 1489 sub
2986 1447 3198 1488 sensum

1665 1544 1716 1590 et
1763 1542 2036 1602 aspectum
2070 1531 2271 1585 cadunt
2330 1526 2538 1596 impleri
2571 1546 2583 1580 :
2611 1540 2776 1595 quare
2822 1523 3070 1587 dicimus,
3106 1521 3224 1576 Ubi

1665 1633 1788 1679 sunt
1809 1621 2178 1678 misericordia:
2208 1629 2309 1673 tute
2341 1613 2587 1682 antique,
2607 1617 2859 1670 Domine?
2888 1628 3204 1684 persuasum
3287 1595 3292 1603 ’

1640 1723 1846 1771 .tamen
1899 1714 2159 1772 habemus
2214 1718 2266 1765 te
2321 1723 2542 1780 prorsus
2597 1723 2839 1763 veracem
2896 1722 3034 1771 esse,
3079 1707 3205 1774 quia
3304 1693 3306 1695 ’

1669 1814 1845 1875 potens
1872 1821 1924 1858 es
1958 1812 2008 1858 et
2031 1803 2220 1857 ueritas
2245 1808 2334 1852 tua
2361 1800 2414 1852 in
2440 1799 2657 1851 circuitu
2686 1807 2793 1850 tuo.
2827 1795 3015 1852 Testes
3042 1786 3207 1866 porro

1671 1892 1914 1950 veritatis
1952 1901 2059 1946 tua:
2092 1897 2219 1946 sunt
2265 1896 2527 1959 quotquot
2571 1889 2716 1940 circa
2751 1894 2804 1939 te
2852 1885 3155 1939 consistunt
3187 1900 3204 1937 :

1673 2001 1798 2040 nam
1848 1984 2096 2039 caelestes
2143 1981 2370 2036 virtutes
2400 1974 3062 2048 conﬁtebuntur‘mirabilia
3093 1984 3207 2040 tua,

1673 2087 1724 2132 et
1749 2077 2013 2130 ueritatem
2063 2083 2206 2126 tuam
2242 2072 2299 2125 in
2347 2070 2581 2125 Ecclesia
2625 2077 2940 2122 sanctorum.
2970 2065 3035 2118 Et
3079 2080 3209 2120 sane

28 2172 576 2242 έξομολοτήσονται
595 2172 664 2223 τὰ
688 2168 983 2238 θαυμάσιά
1002 2183 1136 2234 σου,
1165 2169 1261 2222 καί
1296 2167 1408 2235 τὴν
1433 2168 1578 2236 ἀλή-

1687 2171 1792 2234 iure
1825 2154 2072 2222 ctelestes
2111 2165 2214 2220 illa:
2240 2161 2464 2218 virtutes
2491 2161 2950 2233 ,veritatemtuam
2985 2156 3208 2211 conﬁte-

32 2263 202 2318 θειάν
247 2280 361 2317 σου
405 2263 473 2316 ἐν
522 2261 837 2327 Ἐκκλησία
885 2260 1082 2314 ὁσίων.
1118 2260 1226 2313 Καὶ
1255 2259 1474 2321 εἰκότως
1522 2258 1577 2309 ai

33 2357 276 2426 οὐράνιοι
295 2354 550 2424 δυνάμεις
569 2351 666 2421 τὴν
691 2350 938 2421 ἀλήθειάν
960 2366 1050 2402 σου
1088 2348 1575 2420 ἐξομολογὴσονται,

35 2446 224 2516 ἐπειδὴ
251 2447 306 2498 ἐν
332 2445 407 2514 τῷ
441 2442 650 2514 οὐρανῷ
677 2440 1117 2511 ἑτοιμασθήσεται
1138 2444 1170 2510 ἡ
1208 2426 1543 2508 ἀλήθειάσου
1561 2454 1574 2466 ·

35 2542 108 2600 ὼς
147 2540 344 2610 μηκέτι
392 2537 499 2588 δεῖν
529 2536 625 2597 τάς
668 2531 992 2600 ἐπαγγελίας
1024 2547 1135 2592 σου,
1168 2528 1262 2590 τὰς
1305 2528 1436 2596 πρὸς
1490 2527 1579 2579 τὸν

38 2629 220 2689 Δαυῒδ,
253 2627 520 2694 ἐπιγείους
551 2621 686 2678 εῖναι
729 2623 820 2675 καὶ
861 2619 1168 2690 σωματικὰς
1213 2618 1471 2688 νομίζειν·
1523 2619 1581 2670 ἐν

39 2722 144 2791 γὰρ
172 2720 253 2790 τῷ
283 2716 494 2789 οὐρανῷ
520 2709 956 2784 ἐτοιμασθήσεται
973 2712 1006 2780 ἡ
1032 2709 1254 2780 ἀλήθειά
1274 2727 1385 2762 σου.
1403 2708 1584 2763 Ταῦτα.

37 2813 90 2863 δὲ
118 2812 214 2864 καὶ
256 2808 415 2870 αὐτὸς
473 2809 536 2858 ἐκ
577 2804 670 2857 τοῦ
712 2803 864 2870 ἁγίου
911 2801 1219 2869 Πνεύματος
1257 2798 1583 2870 μεμαθηκώς

43 2919 212 2972 φημι·
256 2900 331 2954 Τὰ
382 2896 540 2964 ὲλέη·
568 2912 682 2949 σου
727 2897 812 2958 είς
855 2892 961 2946 τὸν
987 2890 1170 2944 αἰῶνα
1213 2889 1446 2959 ᾄσομαι.
1484 2893 1586 2957 Είς

44 2992 257 3061 γενεὰν
300 2989 398 3043 καὶ
429 2986 635 3058 γενεὰν
683 2981 992 3052 ἀπαγγελῶ
1016 2973 1140 3049 τῆν’
1164 2979 1446 3047 ἀλήθειάν
1472 2996 1586 3034 σου

44 3087 110 3137 ἐν
139 3083 220 3148 τῷ
248 3079 496 3149 στόματί
512 3093 648 3146 μου.
687 3073 986 3144 Ἀληθεύειν
1014 3070 1070 3125 δέ
1103 3087 1161 3123 σε
1185 3070 1312 3123 Θεὸν
1348 3070 1473 3122 ὄντα
1494 3070 1587 3122 καὶ

49 3177 249 3248 Κύριον
275 3174 382 3227 τῶν
416 3172 550 3224 ὅλων
583 3165 866 3221 πεπεῖσθαι
890 3164 1015 3233 χρὴ,
1035 3161 1120 3215 διά
1145 3160 1205 3212 τὸ
1232 3159 1427 3230 μηδένα
1455 3154 1588 3212 εἶναι

46 3244 229 3339 ὅμοιον
270 3269 335 3336 τῇ
367 3268 433 3336 σῇ
457 3263 687 3330 δυνάμει
708 3278 719 3289 ·
756 3260 848 3312 καὶ
877 3257 983 3329 γὰρ
1018 3256 1110 3309 καὶ
1147 3253 1272 3306 τῶν¹
1292 3244 1591 3321 ἀσωμάτων

50 3362 142 3413 καὶ
172 3358 329 3412 θείων
357 3354 631 3424 δυνάμεων
662 3351 862 3421 Κύριος
899 3344 967 3410 εἴ,
995 3347 1086 3400 καὶ¹
1116 3343 1337 3407 δυνατὸς.
1361 3339 1411 3396 εἴ
1437 3344 1592 3414 μόνος

51 3451 141 3522 καὶ
167 3447 305 3517 ὑπὲρ
335 3446 558 3506 πάντας,
592 3442 665 3505 ὡς
698 3442 795 3511 τὴν
841 3440 1092 3510 ἀλήθειάν
1124 3454 1214 3491 σου
1257 3436 1603 3491 πιστοῦσθαι.-

53 3541 112 3592 Εἰ
137 3538 194 3590 δὲ
224 3537 318 3590 καὶ
348 3535 460 3588 ἐστι
484 3550 567 3595 τις
586 3534 643 3584 ὲν
667 3534 778 3594 τοῖς
799 3527 948 3583 οὖσιν
973 3531 1328 3599 ὑπερήφανος,
1353 3530 1381 3581 ό
1403 3527 1593 3581 καλού-

59 3645 214 3701 μενος
239 3625 477 3688 διάϐολος
513 3622 879 3692 ἀντικείμενος
900 3621 1006 3682 ἀεὶ,
1038 3621 1130 3673 καὶ
1159 3618 1403 3689 πολεμῶν
1431 3622 1495 3689 τῇ
1529 3623 1593 3690 σῇ

56 3720 301 3791 ἀληθείᾳ,
353 3716 486 3771 ἀλλὰ
531 3716 594 3768 σὺ
639 3713 820 3767 τοῦτον
877 3710 1263 3774 ἐταπείνωσας·
1305 3708 1412 3761 εῐτε
1455 3711 1596 3773 τινές

57 3815 188 3865 είσιν
219 3809 356 3881 ὑπὲρ
387 3808 570 3861 τοῦτον
603 3804 791 3876 ἐχθραὶ
824 3805 916 3856 καὶ
938 3801 1303 3871 ἀντικείμεναι
1326 3797 1596 3868 δυνάμεις,

58 3903 192 3957 ἀλλά
227 3901 320 3955 καὶ
347 3899 543 3963 ταύτας
570 3897 966 3968 διεσκόρπισας.
1001 3893 1234 3946 Πάντοτε
1275 3890 1338 3943 σὺ
1363 3891 1594 3959 κρατεῖς,

58 3998 149 4051 καὶ
179 3997 277 4067 τῆς
328 3995 434 4049 τῶν
459 3993 593 4047 ὅλων
639 3991 824 4056 οὐσίας
868 3978 932 4043 σὺ
983 3987 1296 4052 δεσπόζεις,
1347 3983 1464 4036 ἐπεὶ
1505 3983 1599 4036 καὶ

60 4087 284 4157 ποιητὴς
324 4085 430 4138 τῶν
468 4084 601 4137 ὅλων
621 4079 934 4151 ’τυγχάνεις.
969 4079 1115 4150 Αὕτη
1160 4076 1267 4148 γὰρ
1301 4076 1333 4146 ἡ
1362 4074 1599 4127 θάλασσα

60 4178 152 4230 καὶ
180 4177 244 4231 τὺ
282 4174 528 4229 τοσοῦτον
556 4174 656 4243 τῆς
704 4173 874 4242 ὑγρᾶς
915 4170 1099 4234 οὐσίας
1145 4169 1399 4237 στοιχεῖον
1445 4164 1599 4234 ἔργον

62 4269 295 4339 ὑπάρχει
325 4267 434 4330 σὸν,
466 4265 558 4317 καὶ
589 4263 647 4315 σὲ
687 4262 870 4333 κύριον
911 4259 1285 4331 ἐπιγράφεται.
1330 4257 1394 4310 Εἰ
1420 4255 1475 4308 δὲ
1510 4253 1601 4306 καὶ

61 4357 278 4433 οὐρανοί
325 4373 466 4420 τινες
496 4354 749 4426 ἀνώτεροι
787 4353 881 4406 τοῦ
926 4350 1295 4430 στερεώματος
1342 4345 1599 4408 νοοῦνται,

64 4453 221 4506 θείων
251 4448 566 4520 πνευμάτων
599 4446 692 4500 καὶ
729 4443 1007 4515 δυνάμεων
1047 4441 1242 4512 ἁγίων,
1283 4437 1387 4492 τῶν
1417 4454 1473 4489 τε
1507 4436 1604 4504 τὴν

68 4544 161 4617 σὴν
197 4542 424 4613 θεότητα
467 4535 894 4611 περιπολούντων
927 4533 1167 4604 ἀγγέλων
1201 4531 1292 4584 καὶ
1335 4525 1604 4598 ἀρχαγγέ-

64 4635 170 4688 λων
200 4634 512 4704 οῖκητήρια,
558 4630 651 4683 καὶ
692 4620 836 4681 οὗτοι
868 4627 948 4680 σοί
986 4628 1121 4679 εἰσιν
1171 4622 1286 4692 ἅμα
1324 4620 1455 4672 πᾶσι
1496 4618 1606 4680 τοῖς

67 4725 304 4778 οίκοῢσιν
335 4724 531 4785 αὐτοῖς.
565 4721 675 4775 Καὶ
712 4719 837 4774 ἀλλο
877 4719 934 4772 δὲ
966 4718 1217 4786 στοιχεῖον
1259 4713 1318 4765 οὐ
1358 4709 1542 4782 μικρὸν
1573 4710 1606 4778 η

1619 3471 1659 3526 C

1677 2260 1895 2321 buntur,
1924 2261 2055 2326 quia
2085 2257 2138 2310 in
2175 2254 2313 2309 caelo
2344 2251 2731 2324 przeparabitur
2753 2249 2951 2303 veritas
2980 2256 3070 2301 tua
3089 2239 3211 2309 fita

1677 2358 1737 2402 nt
1770 2348 2035 2418 promissa
2067 2354 2159 2400 tua
2183 2345 2250 2401 ad
2279 2343 2535 2399 Davidem
2564 2340 2726 2404 facta,
2758 2354 2863 2392 non
2899 2337 3081 2405 utique
3101 2345 3213 2388 tera

1678 2452 1804 2493 rena
1831 2446 1883 2492 et
1913 2450 2172 2506 corporea
2205 2432 2452 2489 habenda
2488 2431 2595 2487 sint
2621 2449 2634 2484 :
2663 2445 2787 2484 nam
2830 2428 2885 2482 in
2917 2426 3056 2480 ctelo
3077 2437 3214 2493 prae-

1679 2528 1954 2599 parabitur
1989 2528 2190 2581 veritas
2218 2533 2330 2578 tua.
2366 2523 2490 2580 Haec
2523 2537 2651 2577 vero
2689 2535 2717 2575 a
2764 2518 2970 2588 Spiritu
3028 2522 3214 2571 sancto

1679 2622 1901 2673 edoctus
1930 2617 2053 2671 dico
2083 2637 2095 2670 :
2123 2614 2511 2669 Misericordia
2537 2613 2654 2665 tuas
2683 2602 2737 2664 in
2761 2618 3006 2663 internum
3034 2612 3216 2659 canta-

1682 2708 1762 2761 bo.
1796 2705 1859 2759 In
1887 2705 2268 2776 generationem
2294 2711 2342 2755 et
2373 2699 2753 2771 generationem
2785 2692 3101 2747 annuntiabo
3129 2707 3215 2745 ue-

1684 2799 1887 2851 ritatem
1929 2805 2070 2848 tuam
2102 2795 2155 2846 in
2187 2809 2272 2845 ore
2303 2807 2434 2844 meo.
2466 2788 2540 2843 Te
2565 2786 2750 2857 porro,
2774 2792 2956 2853 utpote
2975 2782 3139 2836 Deum
3163 2789 3217 2836 et

1684 2887 1970 2942 Dominum
2005 2887 2404 2944 universorum,
2426 2893 2671 2934 veracem
2692 2877 2911 2932 credere
2944 2874 3214 2938 convenit,

1688 2979 1812 3049 quia
1846 2977 2027 3031 nullus
2054 2984 2138 3030 est
2183 2974 2278 3027 tibi
2313 2971 2512 3049 virtute
2560 2967 2793 3024 similis:
2826 2966 3086 3049 siquidem
3134 2963 3220 3019 in-

1689 3083 2069 3140 corporearum
2112 3075 2165 3122 et
2202 3048 2503 3122 divinarum
2552 3062 2808 3115 virtutum
2850 3040 3106 3113 Dominus
3135 3074 3215 3122 es,

1689 3159 1944 3228 solusque
1970 3169 2032 3210 ac
2075 3171 2238 3225 super
2277 3161 2463 3208 omnes
2495 3160 2698 3222 potens;
2719 3165 2800 3212 es,
2825 3150 2899 3203 ita
2933 3159 2990 3228 ut
3021 3146 3219 3202 verita-

1690 3260 1794 3304 tem
1823 3225 1971 3327 tuam
2004 3247 2314 3302 credibilem
2366 3244 2545 3298 facere
2591 3243 2786 3312 possis.
2822 3225 3057 3305 Quodsi
3102 3238 3224 3308 quis

1692 3342 1745 3394 λιι
1777 3354 1952 3394 rerum
1985 3345 2177 3393 natura
2213 3336 2476 3406 superbus
2496 3334 2740 3396 exsistat,
2764 3344 2954 3400 nempe
2978 3329 3225 3388 diabolus

1691 3430 1785 3485 tibi
1832 3418 2041 3496 semper
2090 3423 2449 3484 adversarius,
2481 3437 2544 3475 ac
2589 3421 2865 3474 veritatem
2910 3429 3229 3490 poppugnans

1695 3525 1964 3574 tuam:-tu
2005 3532 2135 3572 sane
2177 3516 2320 3569 hunc
2355 3511 2644 3567 buuiiliasti
2679 3527 2692 3563 :
2723 3509 2765 3564 si
2802 3520 2929 3560 vero
2971 3506 3106 3558 huic
3131 3519 3223 3561 su-

1695 3613 1931 3681 periores
1964 3607 2208 3679 quaedam
2251 3608 2480 3662 inimica:
2519 3605 2574 3658 et
2609 3600 2845 3654 adversae
2879 3597 2976 3666 tibi
3000 3582 3229 3650 virtutes

1695 3680 1821 3763 sint,
1855 3716 1946 3756 eas
1986 3693 2200 3770 quoque
2230 3695 2524 3766 dissipasti.
2547 3680 2637 3747 ‘l‘u
2667 3690 2861 3769 ubique
2883 3689 3134 3756 imperas,
3175 3692 3230 3739 et

1696 3792 2070 3845 universorum
2107 3783 2422 3843 substantia:
2449 3781 2762 3842 dominaris,
2798 3776 2923 3847 quia
2955 3775 3229 3854 universo-

1695 3894 1812 3932 rum
1843 3877 2022 3947 Opifex
2050 3893 2130 3932 es.
2168 3877 2347 3946 Ipsum
2376 3875 2571 3944 quippe
2594 3854 2759 3932 mare,
2786 3875 3098 3933 tantumque
3125 3861 3228 3917 bu-

1695 3970 1851 4024 mida
1888 3967 2203 4024 substantia
2227 3966 2596 4034 elementum,
2632 3968 2782 4016 tuum
2812 3966 2896 4027 est
2931 3954 3226 4026 opificium,

1697 4070 1856 4132 teque
1882 4060 2156 4116 dominum
2183 4041 2403 4129 ascribit
2424 4069 2602 4110 suum.
2623 4051 2762 4119 Quid
2781 4051 2830 4107 si
2859 4049 2982 4105 cmli
3011 4043 3229 4117 quidam

1697 4153 1816 4222 ipso
1844 4149 2179 4204 ﬁrmamento
2202 4147 2506 4217 superiores
2549 4143 2872 4214 cogitentur,
2910 4140 3000 4210 qui
3028 4137 3232 4197 scilicet

1697 4241 2338 4311 divinorum'spirituum,
2364 4244 2672 4294 sanctarum
2705 4235 2984 4295 virtutum,
3017 4228 3232 4300 angelo-

1699 4342 1818 4390 rum
1848 4340 1902 4388 et
1920 4331 2360 4402 archangelorum
2397 4327 2651 4383 deitatem
2698 4333 2846 4378 tuam
2898 4319 3232 4390 stipantium,

1701 4423 1968 4478 domicilia
1984 4423 2124 4487 sint;
2156 4420 2211 4475 lii
2235 4434 2451 4491 quoque
2475 4431 2595 4471 cum
2625 4413 2875 4471 omnibus
2905 4410 3096 4483 incolis
3120 4405 3236 4462 suis

1702 4516 1783 4569 tui
1837 4523 1984 4571 sunt.
2033 4513 2193 4568 Aliud
2220 4511 2383 4567 etiam
2410 4516 2415 4520 '
2445 4509 2765 4564 elementum
2817 4518 2924 4558 non
2943 4491 3235 4570 "exiguum,

1703 4607 1854 4663 arida
1890 4621 2080 4675 nempe
2111 4602 2412 4675 substantia
2432 4606 2486 4654 et
2505 4607 2648 4653 terra
2678 4593 2830 4648 caelis
2862 4591 3122 4675 subjecta,
3147 4595 3238 4641 tua

1684 4702 1830 4769 item
1861 4707 1965 4771 est.
1989 4669 2123 4752 dum
2152 4669 2330 4763 itaque
2366 4688 2547 4746 omnia
2587 4697 2675 4741 tuo
2710 4685 2866 4739 nutui
2907 4669 3242 4767 serviantret

73 4815 209 4883 Ξηρὰ
231 4816 403 4878 οὐσία,
435 4762 583 4884 καὶὴ
625 4814 735 4875 τοῖς
775 4810 1018 4882 οὐρανοῖς
1052 4762 1379 4873 ὑποκειμένη
1417 4762 1506 4870 γῖῆ,
1542 4806 1588 4852 σί

1710 4801 1768 4847 tu
1788 4769 2036 4847 omnibus
2059 4762 2308 4856 imperes,
2350 4789 2536 4852 utpote
2563 4772 2806 4834 omnium
2841 4762 3110 4836 dominus,
3145 4786 3242 4825 rex

73 4908 182 4959 ἐστι
217 4907 310 4959 καὶ
345 4907 504 4978 αὕτη.
525 4906 647 4958 Ὅτε
677 4903 852 4955 τοίνυν
894 4901 962 4952 τὰ
1006 4898 1288 4968 σύμπαντα
1335 4896 1444 4956 τοῖς
1497 4894 1606 4954 σοῖς

73 4998 299 5068 νεύμασι
323 4997 576 5061 δουλεύει,
608 4997 699 5049 καὶ
733 4994 794 5046 σὺ
822 4992 1035 5046 πάντων
1068 4989 1302 5060 κρατεῖς,
1323 4983 1504 5053 κύριος
1532 4982 1607 5037 ὢν

74 5089 322 5142 ἁπάντων
356 5089 447 5143 καὶ
493 5087 740 5159 βασιλεὺς
782 5085 874 5138 καὶ
905 5081 1062 5146 Θεὸς,
1109 5079 1191 5141 τίς
1237 5071 1608 5159 ἀντιστήσεται

75 5195 185 5242 σοις
218 5178 290 5231 ."H
313 5180 362 5232 τί
382 5180 441 5232 τὸ
467 5178 710 5250 ἐμποδὼν
734 5177 880 5252 ἔσται
900 5173 991 5228 τοῦ
1025 5173 1097 5243 μὴ
1153 5166 1521 5223 πιστώσασθαι

81 5273 192 5345 μεθ’
229 5272 386 5342 ὅρκου
417 5271 551 5343 πρὸς
572 5272 728 5326 αὐτὸν
765 5271 1030 5340 ἐποιήσως

145 5363 356 5434 Σφόδρα
375 5364 550 5416 τοίνυν
571 5365 663 5417 καὶ
691 5362 991 5425 ἀκολούθως
1012 5362 1120 5425 τοῖς
1143 5357 1445 5430 ἔμπροσθεν
1469 5356 1618 5426 είρη-

86 5460 259 5531 μένοις
290 5455 375 5510 διὰ
399 5455 506 5509 τῶν
536 5445 902 5526 προκειμένων
947 5455 1190 5531 ἐπήγαγε
1227 5451 1306 5517 τὸ,
1335 5449 1437 5505 Σοί
1465 5449 1619 5501 slew

83 5528 134 5607 oi
164 5546 423 5618 οὐρανοὶ,
456 5547 552 5600 καί
587 5545 668 5602 σή
702 5546 870 5599 ἐστιν
895 5548 934 5614 ἡ
963 5544 1038 5616 τῆ
1059 5528 1086 5577 θ’
1119 5543 1231 5612 τὴν
1270 5536 1620 5608 οἰκουμένην

86 5645 194 5700 καὶ
214 5640 496 5709 πλήμυμα
529 5635 714 5707 αὐτῆς
743 5635 823 5689 σὺ
847 5635 1257 5705 ἐθεμελίωσας.
1284 5630 1358 5685 Ού
1387 5628 1492 5698 γὰρ
1529 5626 1620 5698 μό-

86 5755 173 5790 νον
202 5735 290 5788 τὸν
336 5728 576 5804 οὐρανὸν,
602 5730 753 5800 φησὶ,
807 5725 1022 5790 καὶτὰς
1074 5727 1132 5778 ἐν
1172 5721 1316 5793 αὐτῷ
1344 5720 1612 5789 δυνάμεις,

87 5827 218 5882 ἀλλά
245 5823 335 5880 καὶ
353 5820 448 5891 τὴν
481 5819 583 5890 γῆν
614 5819 678 5873 σὺ
718 5815 1101 5886 ἐθεμελίωσας·
1135 5811 1430 5885 συμφώνως
1465 5810 1530 5880 τῇ
1562 5809 1619 5862 ἐν

1708 4892 1761 4939 et
1790 4882 1950 4944 Deus,
1977 4880 2102 4950 quis
2137 4876 2355 4931 resistet
2389 4872 2520 4927 tibi?
2559 4869 2637 4944 .Et
2682 4865 2812 4943 quid
2864 4859 3243 4936 impedimento

1710 4974 1888 5036 fuerit,
1911 4969 2197 5042 quominus
2232 4975 2324 5020 tua
2349 4965 2520 5020 electo
2541 4970 2635 5017 tuo
2661 4959 2994 5040 Davididata
3017 4953 3243 5024 promis-

1713 5082 1792 5130 sa,
1824 5079 1942 5135 qua:
1968 5056 2442 5132 juratusedidisti,
2473 5053 2750 5111 credibilia
2782 5044 3130 5135 reddantur?‘

1567 5121 1676 5225 ῑτάς
1715 5121 1810 5223 σὰς
1841 5121 1991 5229 ’πρὸς
2020 5155 2109 5208 τὸν
2154 5151 2403 5206 ἐκλεκτόν
2454 5165 2544 5202 σου
2587 5144 2744 5200 Δαυτδ
2786 5133 3106 5206 ἐπαγγελίας
3129 5172 3144 5197 ,
3179 5121 3244 5193 ἀς

1765 5341 2080 5401 Admodum
2110 5342 2472 5411 congruenter
2493 5345 2656 5402 supra
2686 5325 2843 5397 dictis
2870 5323 2980 5411 jam
3027 5319 3245 5388 subiicit

1713 5436 1843 5493 illud
1870 5453 1882 5487 :
1914 5432 2012 5486 Tui
2044 5437 2165 5486 sunt
2217 5410 2331 5482 caeli
2372 5433 2421 5478 et
2449 5431 2541 5475 tua
2581 5427 2654 5472 est
2686 5427 2865 5469 terra:
2897 5410 3067 5466 orbem
3096 5418 3245 5462 terra:

1713 5542 1760 5585 et
1787 5524 2156 5596 plenitudinem
2201 5521 2312 5590 ejus
2345 5527 2397 5570 tu
2447 5512 2700 5583 fundasti.
2748 5506 2866 5560 Non
2910 5501 3067 5596 modo
3103 5500 3245 5596 enim

1715 5591 1930 5681 ctelum,
1979 5618 2075 5680 ait,
2105 5591 2160 5670 et
2214 5613 2440 5669 virtutes
2481 5605 2555 5659 ibi
2588 5606 2866 5657 versantes
2889 5636 2904 5661 ,
2943 5591 3037 5650 sed
3087 5592 3246 5647 etiam

1719 5722 1914 5770 terram
1942 5705 2178 5762 fundasti
2202 5723 2215 5759 :
2236 5702 2320 5758 cui
2345 5696 2542 5752 accinit
2569 5694 2658 5748 illa
2689 5687 3097 5745 Proverbiorum
3127 5699 3247 5737 scn-

1723 5802 1933 5860 tentia:
1966 5798 2105 5854 Deus
2139 5793 2394 5873 sapientia
2441 5786 2675 5858 {undavit
2711 5792 2901 5839 terram
2929 5793 2948 5832 :
2984 5789 3248 5849 praepan—
