3976 6356
661 392 786 450 i091

1322 389 1588 446 EUSEBII
1627 387 2101 446 CESARIENSIS
2127 387 2274 443 OPP.
2306 386 2492 442 PARS
2526 387 2610 444 ΙΙΙ.
2650 419 2721 431 -
2759 386 3162 445 EXEGETICA.

3727 394 3845 451 1093

656 513 726 566 sit
755 519 929 564 autem
953 511 1106 564 ctelos
1136 510 1190 563 in
1218 509 1500 578 prudentia
1531 511 1598 565 ³⁸.
1632 509 1731 565 Hic
1762 526 1892 566 vero
1917 511 2212 566 habitatam

2318 511 2431 571 ταῖς
2471 509 2800 581 Παροιμίαις
2837 509 3070 581 λεγούσῃ
3111 511 3281 582 φωνῇ.
3333 511 3391 564 '0
3422 512 3567 578 Θεὸς
3592 513 3664 581 τῇ
3689 518 3846 584 σοφίᾳ

658 618 816 658 terra:
847 611 1104 672 'partem,
1165 602 1322 672 quasi
1388 603 1822 673 praestantiorem
1852 642 1868 666 ,
1895 601 2213 673 οἰκουμένην

2318 599 2662 666 ὲθεμελίωσε
2703 598 2818 667 τὴν
2858 598 2977 667 γῆν
3000 618 3012 629 ο
3053 602 3341 671 ἡτοίμασε
3373 603 3442 656 δὲ
3479 606 3761 671 οὐρανοὺς
3793 607 3845 658 ὲγ

656 695 973 759 nominavit,
1008 694 1075 749 ad
1105 693 1400 752 discrimen
1432 695 1574 749 inter
1599 693 1869 749 desertam
1899 704 1953 749 et
1989 695 2211 749 cultam.

655 786 778 839 lmo
798 785 956 840 etiam
987 785 1378 856 plenitudinem
1403 785 1552 840 orbis
1577 792 1737 840 terrae
1773 783 1994 853 adiecit,
2029 783 2113 844 his
2142 784 2216 839 si-

657 875 916 946 gniﬁcans
966 877 1261 931 humanum
1293 892 1486 947 genus,
1520 876 1666 946 quod
1706 875 1894 930 orbem
1925 883 2083 930 terra:
2110 875 2212 928 im-

659 969 784 1039 plet.
813 966 997 1037 Neque
1021 977 1202 1023 tamen
1225 969 1467 1034 aberres,
1500 968 1546 1022 si
1574 967 1682 1022 alio
1709 967 2018 1038 explicandi
2067 981 2215 1021 more

656 1059 846 1123 dicas,
914 1060 1305 1128 plenitudinem
1356 1075 1479 1115 esse
1538 1058 1840 1113 Salvatoris
1893 1057 2212 1121 Ecclesiam.

631 1147 638 1184 ί
656 1166 818 1223 quam
867 1154 1043 1220 ipsum
1097 1151 1191 1206 Dei
1235 1151 1471 1206 Verbum
1511 1151 1760 1207 fundavit
1792 1167 1956 1222 supra
1984 1159 2210 1222 petram.

656 1241 996 1311 Quapropter
1061 1243 1190 1297 alibi
1233 1242 1463 1298 dictum
1511 1252 1598 1298 est
1649 1263 1662 1298 :
1723 1243 1978 1298 Dominus
2031 1261 2216 1313 regna-

655 1335 726 1388 vit
749 1375 763 1397 ,
793 1333 1025 1389 decorem
1059 1337 1271 1388 indutus
1300 1344 1396 1391 est.
1425 1335 1630 1390 Etenim
1653 1340 1881 1390 correxit
1917 1338 2088 1391 orbem
2112 1347 2212 1391 ter-

656 1441 752 1493 ηε,
769 1427 858 1495 qui
885 1443 986 1480 non
1012 1429 1413 1480 commovebitur
1432 1429 1493 1479 ³¹.
1516 1427 1798 1493 Quomodo
1818 1439 1998 1484 autem
2021 1427 2213 1483 funda-

654 1519 794 1572 verit
817 1519 1000 1573 orbem
1035 1527 1192 1574 terrae
1219 1519 1410 1574 deinde
1441 1521 1647 1589 adjicit,
1671 1520 1976 1590 Aquilonem
2001 1532 2050 1575 et
2069 1539 2212 1580 mare

658 1618 714 1662 tu
737 1611 959 1664 creasti:
983 1612 1170 1680 quinta
1198 1626 1326 1666 vero
1354 1611 1542 1676 editio,
1568 1613 1876 1683 Aquilonem
1890 1623 1939 1668 et
1960 1625 2136 1668 notum
2157 1624 2210 1669 tu

653 1701 864 1753 creasti.
899 1698 1230 1771 Videturque
1262 1701 1391 1756 mihi
1423 1717 1518 1772 per
1549 1703 1657 1756 duo
1695 1703 1862 1758 latera
1890 1713 1945 1760 et
1973 1716 2211 1760 extrema

655 1790 847 1855 orbis,
883 1798 1055 1845 totum
1113 1792 1374 1847 mundum
1442 1793 1773 1864 signiﬁcare,
1831 1810 1991 1864 quem
2037 1797 2211 1865 reple-

2311 688 2617 758 φρονήσει.
2652 679 2788 743 Κατ’
2816 680 3090 760 ἐξαίρετον
3117 687 3173 746 δὲ
3206 692 3444 748 ἐνταῦθα
3479 695 3539 747 τὸ
3565 697 3846 767 οἰκούμενον

2315 781 2478 852 μέρος
2502 781 2601 851 τῆς
2633 782 2736 853 γῆς
2782 785 3101 856 οἰκουμένην
3141 786 3440 856 ὠνόμασεν,
3467 788 3846 855 ἀποδιαστείλας

2311 871 2411 941 τῆς
2469 873 2675 944 ἐρήμου
2732 873 2955 945 καὶτῆς
3006 875 3245 945 οἰκητοῦ,
3315 877 3473 931 Ἀλλα
3517 879 3609 931 καὶ
3637 879 3696 931 τὸ
3735 884 3847 950 πλή.

2310 979 2471 1034 ρωμα
2530 964 2627 1032 τῆς
2666 964 2986 1036 οἰκουμένης
3031 967 3365 1038 προσέθηκεν
3393 1009 3407 1033 ,
3455 969 3595 1024 οὕτω
3627 975 3846 1043 σημήνας

2315 1055 2374 1106 τὸ
2411 1054 2516 1108 τῶν
2556 1054 2856 1127 ἀνθρώπων
2884 1057 3058 1124 γένος,
3089 1058 3196 1112 τῶν
3239 1061 3336 1132 τὴν
3379 1061 3698 1132 οἰκουμένην
3734 1064 3845 1134 πλη⁹

2314 1145 2565 1215 ρούντων.
2619 1147 2897 1219 Πλήρωμα
2944 1149 3000 1201 δὲ
3049 1150 3141 1203 καὶ
3194 1151 3367 1215 ἄλλως
3413 1155 3512 1224 τῆς
3557 1156 3847 1226 οἰκουμένης

2311 1235 2410 1289 οὐκ
2454 1237 2520 1290 ἂν
2565 1237 2827 1308 ἁμάρτοις
2859 1241 3030 1308 λέγων
3071 1240 3167 1312 τὴν
3217 1244 3309 1296 τοῦ
3343 1244 3598 1317 Σωτῆρος
3650 1247 3846 1317 Ἐκκλη-

2315 1329 2432 1382 σίαν
2452 1370 2466 1393 ,
2522 1330 2588 1400 ἢν
2621 1330 2779 1394 αὐτὸς
2820 1333 2848 1385 ό
2882 1332 2978 1386 τοῦ
3021 1333 3154 1386 Θεοῦ
3199 1335 3366 1403 Λόγος
3398 1337 3744 1408 ὲθεμελίωσεν
3772 1341 3847 1391 ἐπὶ

2311 1419 2408 1490 τὴν
2445 1421 2668 1492 πέτραν.
2726 1423 2816 1474 Διὸ
2863 1423 2959 1476 καὶ
2998 1424 3058 1476 ὲν
3106 1425 3314 1496 ἑτέροις
3353 1427 3602 1499 εἴρηται·
3657 1427 3848 1498 Κύριος

2312 1509 2737 1576 ἐϐασίλευσεν,
2789 1511 3146 1579 εὐπρέπειαν
3211 1516 3552 1570 ἐνεδύσατο.
3607 1519 3712 1572 Καὶ
3759 1521 3850 1588 τὰρ

2316 1599 2663 1668 κατώρθωσε
2706 1600 2821 1668 τὴν
2860 1604 3250 1673 οἰκουμένην,
3294 1605 3422 1674 ἣτις
3464 1611 3535 1661 οὐ
3583 1607 3849 1675 σαλευθή-

2314 1704 2506 1743 σεται.
2534 1691 2659 1754 Πῶς
2684 1691 2742 1745 δὲ
2782 1691 3108 1763 έθεμελίωσε
3137 1695 3234 1765 τὴν
3275 1697 3615 1768 οἰκουμένην,
3639 1700 3850 1768 ἐπιλέγει

2311 1778 2458 1850 ἑξῆς,
2483 1781 2830 1850 Τὸνβορῤᾱν
2840 1776 2935 1838 καί
2971 1783 3084 1853 τὴν
3098 1785 3750 1855 θάλασσανσὺέκτισας
3770 1795 3837 1847 αὐ

654 1881 730 1934 vit
778 1881 1072 1938 Salvatoris
1125 1885 1300 1938 nostri
1346 1883 1546 1939 virtus.
1587 1883 2006 1964 Animadvertas
2051 1899 2215 1954 porro

2318 1869 2403 1923 rd-
2425 1871 2529 1942 ἡδὲ
2555 1873 2780 1944 πέμπτη
2799 1873 3023 1941 ἐκδοσις,
3045 1875 3274 1946 Βορῤᾶν
3297 1879 3393 1934 καί
3413 1882 3593 1934 νότον
3617 1883 3694 1936 σὺ
3725 1883 3851 1937 ἐκτι-

654 1973 834 2038 velim,
860 1988 967 2043 quo
991 1984 1148 2044 pacto
1175 1975 1262 2028 hic
1289 1990 1386 2045 pro
1411 1974 1548 2028 facie
1581 1975 1750 2030 totius
1796 1962 2007 2040 mundi,
2034 1975 2218 2030 orien-

649 2067 759 2116 tem
791 2071 991 2131 ponat;
1033 2077 1130 2132 pro
1172 2063 1394 2118 sinistra
1424 2102 1440 2126 ,
1472 2062 1772 2131 “borealem
1828 2063 2077 2132 plagam;
2120 2078 2218 2132 pro

654 2151 874 2207 dextera
900 2153 1306 2209 meridionalem
1345 2160 1401 2209 et
1431 2138 1746 2208 australem.
1785 2150 1918 2207 Nam
1956 2168 2078 2208 cum
2111 2154 2214 2219 ait,

653 2244 960 2314 Aquilonem
1001 2255 1050 2299 et
1096 2244 1283 2299 dextra
1328 2254 1384 2298 tu
1434 2245 1660 2308 creasti,
1706 2245 1974 2301 borealem
2005 2246 2216 2317 plagam

647 2336 933 2397 sinistrum
955 2351 1075 2390 esse
1098 2336 1245 2390 latus
1267 2336 1536 2400 declarat;
1567 2336 1834 2405 siquidem
1858 2337 2106 2391 dextrum
2131 2344 2217 2391 est

651 2429 908 2484 australe.
947 2426 1005 2482 Si
1047 2428 1229 2497 itaque
1279 2436 1484 2482 stantes
1519 2435 1706 2482 notum
1735 2431 1789 2482 in
1812 2428 2218 2499 dextera,aqui—

653 2521 832 2576 [onem
865 2521 918 2574 in
948 2521 1170 2575 sinistra
1221 2519 1540 2584 habeamus,
1580 2521 1864 2576 adversum
1900 2521 2216 2578 habebimus

646 2610 937 2673 orientem,
980 2625 1010 2666 a
1041 2618 1196 2682 tergo
1220 2619 1399 2666 autem
1427 2612 1764 2668 occidentem
1793 2632 1807 2667 :
1836 2614 1908 2667 ita
1936 2622 1996 2667 ut
2026 2629 2218 2670 secun-

644 2701 782 2756 dum
809 2701 1086 2774 physicam
1113 2702 1604 2760 considerationem
1640 2705 1753 2760 haec
1790 2706 1935 2762 dicta
1965 2707 2073 2762 sint
2095 2748 2108 2769 ,
2151 2707 2216 2760 ad

644 2793 819 2849 totius
848 2795 1036 2850 mundi
1073 2797 1397 2865 positionem
1443 2796 1847 2853 declarandam.
1905 2797 2037 2864 Quae
2085 2797 2219 2851 indi-

646 2898 776 2941 care
806 2887 1171 2942 necessarium
1207 2885 1304 2940 fuit
1344 2889 1408 2940 ad
1438 2888 1879 2959 signiﬁcandum,
1909 2889 2217 2942 divinarum

650 2975 1059 3048 Scripturarum
1092 2977 1399 3031 doctrinam
1431 2988 1609 3048 neque
1638 2980 1836 3035 horum
1867 2980 2085 3050 quidem
2122 2996 2219 3035 no-

647 3071 826 3125 titiam
856 3069 1288 3140 praetermisisse.
1309 3067 1442 3122 Nam
1466 3070 1669 3134 omnia,
1699 3071 1890 3141 inquit,
1916 3078 1972 3124 tu
1996 3073 2215 3137 creasti,

645 3162 767 3217 sive
814 3160 1035 3216 dextras
1081 3160 1268 3214 mundi
1314 3169 1515 3230 partes,
1549 3161 1664 3217 sive
1715 3163 1986 3218 sinistras.
2020 3163 2217 3237 Verum

2315 1976 2450 2028 σας.
2485 1965 2639 2018 Δοκεῖ
2669 1965 2726 2018 δέ
2755 1983 2844 2036 μοι
2864 1965 2953 2020 διά
2976 1967 3081 2020 τῶν
3106 1967 3198 2020 δύο
3218 1969 3466 2042 πλευρῶν
3490 1989 3551 2025 τε
3574 1976 3664 2026 καί
3690 1975 3852 2046 ἄκρων

2313 2055 2414 2124 τῆς
2451 2057 2771 2129 οἰκουμένης
2820 2060 2912 2114 τδν
2961 2060 3248 2132 σύμπαντα
3292 2063 3495 2134 κόσμον
3550 2065 3761 2136 δηλοῦν,
3806 2067 3854 2120 ὃν

2316 2145 2626 2216 ἐπλήρωσεν
2655 2150 2686 2218 ή
2713 2150 2804 2200 τοῦ
2828 2151 3075 2222 Σωτῆρος
3099 2154 3254 2224 ημῶν
3282 2153 3527 2224 δύναμις.
3547 2156 3652 2209 Θέα
3678 2159 3729 2211 δὲ
3756 2158 3854 2212 τινα

2314 2238 2512 2307 τρόπον
2553 2238 2639 2292 διὰ
2670 2240 2872 2294 τούτων
2909 2244 3238 2313 παρίσταται
3283 2247 3570 2315 πρόσωπον
3608 2249 3696 2301 τοῦ
3735 2249 3854 2320 σύμ-

2319 2345 2516 2394 παντος
2545 2331 2749 2404 κόσμου
2789 2334 2848 2387 τὸ
2871 2335 3185 2389 ἀνατολικὸν
3222 2337 3403 2408 μέρος·
3432 2340 3708 2412 ἀριστερὸν
3731 2341 3782 2394 δὲ
3805 2342 3855 2393 τὸ

2317 2419 2544 2492 βόρειον,
2575 2423 2746 2490 δεξιὸν
2770 2425 2824 2479 δὲ
2855 2427 2914 2481 τὸ
2949 2428 3316 2500 μεσημϐρινὸν
3339 2430 3434 2483 καὶ
3463 2432 3651 2487 νότιον.
3685 2433 3763 2485 Ἑν
3790 2433 3855 2502 τῷ

2315 2519 2420 2590 γὰρ
2453 2521 2638 2589 φάναι,
2672 2521 2780 2576 Τόν
2803 2522 3036 2592 ,ϐοῤῥᾱν
3061 2522 3160 2575 καὶ
3194 2523 3266 2576 τὰ
3298 2521 3466 2587 δεξιὰ
3499 2524 3580 2577 σὺ
3619 2524 3854 2588 ἔκτισας,

2314 2612 2376 2664 τὸ
2398 2613 2604 2685 βόρειον
2626 2614 2856 2685 πλευρὸν
2881 2615 3163 2688 ἀριστερὸν
3188 2611 3326 2669 εῐναι
3349 2615 3602 2682 ἐδίδαξεν
3639 2617 3688 2669 εί
3707 2632 3763 2685 γε
3783 2615 3854 2667 δε-

2317 2702 2424 2767 ξιὸν
2453 2705 2512 2758 τὺ
2541 2705 2731 2760 νότιον.
2774 2707 2836 2759 Εἰ
2867 2706 2931 2777 δὴ
2971 2702 3062 2760 οὖν
3106 2708 3337 2772 ἑστῶτες
3381 2709 3600 2780 ἔχοιμεν
3641 2711 3694 2763 ὲν
3729 2709 3857 2779 δεξιᾷ

2320 2795 2417 2866 μὲν
2446 2798 2651 2850 ἑαυτῶν
2687 2799 2775 2852 τὸν
2810 2799 2980 2866 νότον,
3011 2803 3067 2852 ὲν
3096 2799 3153 2854 δὲ
3176 2803 3286 2865 τοῖς
3308 2801 3616 2873 ἀριστεροῖς
3637 2803 3721 2856 τὸν
3752 2802 3856 2874 βορ-

2320 2890 2438 2959 ρᾶν,
2477 2889 2892 2959 ἀντιπρόσωπον
2947 2893 3218 2964 σχήσομεν
3265 2893 3363 2965 τὴν
3410 2893 3691 2966 ἀνατολὴν,
3738 2893 3859 2946 κατὰ

2317 2979 2483 3034 νώτου
2511 2981 2566 3036 δὲ
2595 2983 2692 3054 τὴν
2716 2969 2886 3036 δύσιψ
2919 2984 3058 3038 ὥστε
3085 2984 3227 3039 κατά
3247 2975 3374 3039 τινα
3398 2985 3631 3056 φυσικὴν
3655 2986 3856 3058 θεωρίαν

2318 3072 2564 3145 εἰρῆσθαι
2597 3062 2787 3141 ταῦτα,
2825 3075 2923 3146 τὴν
2949 3075 3096 3129 θέσιν
3123 3074 3216 3129 τοῦ
3254 3077 3456 3141 παντὸς
3498 3077 3696 3149 κόσμου
3738 3094 3859 3147 παρ-

2321 3166 2567 3221 ιστῶντα.
2607 3169 2673 3221 Ἀ
2712 3169 2807 3221 καὶ
2849 3168 2989 3223 αὐτὰ
3031 3154 3768 3243 ἀναγκαῖονὲπισημήνασθαι
3795 3174 3859 3232 εἰς

651 3253 875 3308 dextras
907 3251 1085 3306 solum
1119 3251 1442 3306 nominatim
1469 3253 1808 3318 memoravit,
1843 3261 2004 3325 atque
2027 3270 2057 3308 a
2087 3255 2215 3310 sini-

2321 3261 2658 3332 παράστασιν
2686 3261 2779 3315 τοῦ
2816 3262 2949 3333 μηδὲ
2976 3264 3072 3335 τὴν
3100 3264 3300 3318 τούτων
3338 3265 3538 3334 γνῶσιν
3570 3264 3857 3338 παραλελοί-

654 3344 756 3400 stri
785 3344 1004 3400 nomine
1041 3345 1292 3399 consulto
1345 3343 1624 3401 abstinuit.
1675 3347 1855 3414 Quare
1919 3348 2217 3404 secundum

656 3433 1043 3506 Symmachum.
1069 3435 1288 3502 dicitur,
1322 3434 1386 3489 In
1418 3438 1727 3507 Aquilonem
1772 3447 1822 3493 et
1861 3437 2130 3493 dexteram
2159 3446 2217 3491 tu

651 3525 885 3587 creasti;
947 3526 1244 3581 secundum
1308 3528 1558 3599 Aquilam
1604 3541 1733 3583 vero
1758 3567 1772 3592 ,
1817 3528 2122 3596 Aquilonem
2168 3537 2216 3582 et

653 3615 922 3671 dexteram
959 3626 1016 3670 tu
1037 3620 1247 3675 creasti.
1277 3619 1476 3687 Quinta
1511 3627 1689 3674 autem
1719 3619 1887 3674 editio
1915 3619 2217 3676 accuratius

653 3710 938 3785 explicavit
973 3726 1220 3781 quamam
1262 3712 1486 3767 dextera
1509 3719 1694 3766 essent
1724 3710 1913 3766 dicens
1935 3752 1950 3771 .
2000 3710 2218 3780 Aquilo-

653 3816 769 3855 nem
810 3810 860 3855 et
892 3797 1072 3856 abtum
1112 3812 1165 3855 tu
1197 3803 1410 3857 creasti.
1447 3801 1680 3858 Sinistra
1724 3817 1888 3872 porro
1931 3803 2072 3873 apud
2102 3819 2217 3869 om-

656 3908 752 3946 nes
783 3893 1105 3964 interpretes
1143 3893 1364 3950 silentio
1389 3895 1643 3959 mittitur,
1671 3894 1797 3965 quia
1843 3903 2064 3965 putatur
2089 3897 2217 3967 quid

656 3983 952 4040 infaustum
982 4001 1124 4049 esse,
1155 3994 1210 4041 et
1238 3985 1430 4055 dextro
1461 3987 1769 4058 oppositum
1795 4006 1806 4042 :
1860 3988 1994 4042 nihil
2036 3997 2214 4044 autem

654 4075 709 4131 in
733 4077 988 4131 universo
1031 4077 1326 4132 infaustum
1357 4087 1411 4132 et
1452 4077 1594 4133 bono
1630 4081 1937 4150 oppositum
1961 4087 2062 4138 est.
2097 4079 2217 4135 Om-

657 4169 747 4240 nia
776 4169 942 4231 enim,
971 4163 1178 4238 inquit,
1233 4179 1290 4222 tu
1326 4172 1544 4225 creasti.
1581 4171 1696 4227 Duo
1743 4183 1921 4229 autem
1966 4182 2213 4241 montes,

666 4256 872 4311 l‘habor
900 4266 952 4310 et
975 4255 1232 4320 Hermon,
1270 4273 1366 4327 per
1398 4260 1774 4315 excellentiam
1805 4271 1999 4332 praeter
2026 4279 2217 4320 omnes

658 4345 792 4399 alios
824 4345 1108 4400 memorati
1143 4354 1304 4401 sunt:
1339 4349 1538 4402 etenim
1572 4349 1625 4402 hi
1673 4350 1728 4404 in
1755 4353 1973 4407 nomine
2001 4362 2093 4406 tuo
2120 4369 2216 4408 ex-

658 4435 958 4491 sultabunt.
1022 4433 1332 4492 Secundum
1389 4437 1637 4507 Aquilam
1683 4455 1850 4504 vero,
1913 4442 2121 4495 Thubor
2169 4452 2218 4496 et

659 4525 892 4582 Hermon
924 4529 976 4582 in
1004 4529 1210 4584 nomine
1240 4537 1329 4582 tuo
1362 4528 1688 4594 laudabunt;
1735 4533 2032 4588 secundum
2060 4532 2216 4604 Sym-

2323 3352 2477 3406 πέναι
2504 3353 2604 3424 τὴν
2631 3352 2738 3407 τῶν
2760 3353 2920 3408 θείων
2952 3355 3183 3427 Γραφῶν
3216 3357 3582 3422 διδασκαλίαν.
3610 3355 3688 3410 Τὰ
3707 3357 3862 3410 πάντα

2321 3445 2449 3518 γὰρ,
2477 3447 2627 3518 φησὶ,
2661 3448 2724 3500 σὺ
2746 3446 2984 3512 ἔκτισας,
3011 3449 3081 3504 τά
3107 3467 3166 3504 τε
3196 3449 3343 3516 δεξιὰ
3367 3450 3462 3504 τοῦ
3486 3450 3687 3520 κόσμου
3717 3449 3859 3521 μέρη.

2322 3536 2415 3590 καὶ
2444 3532 2513 3590 τᾶ
2540 3537 2820 3608 ἀριστερά.
2868 3537 3026 3593 Ἀλλὰ
3052 3539 3120 3596 τὰ
3143 3541 3240 3612 μὲν
3261 3539 3410 3608 δεξιά
3438 3541 3689 3610 ὀνομαστί
3712 3553 3858 3609 apos-

2322 3631 2491 3694 εἶπεν,
2515 3627 2814 3698 ἐφυλάξατο
2832 3629 2889 3684 δὲ
2910 3630 3210 3705 χρήσασθαι
3238 3631 3315 3704 τῷ
3343 3630 3436 3686 τοῦ
3463 3628 3741 3704 ἀριστεροῦ
3765 3627 3859 3680 6V6-

2325 3738 2483 3792 part:
2503 3721 2592 3774 Διὸ
2624 3721 2869 3777 λέλεκται
2901 3725 3043 3779 κατὰ
3068 3725 3160 3779 τὸν
3185 3725 3500 3796 Σύμμαχον,
3536 3725 3639 3788 Εἰς
3656 3716 3860 3788 ,βοῤῥᾶν

2321 3815 2418 3867 καί
2468 3813 2672 3878 δεξιὰν
2711 3815 2792 3868 σὺ
2839 3815 3114 3883 ἔκτισας·
3163 3818 3256 3869 καὶ
3297 3809 3455 3870 κατά
3486 3815 3578 3867 τὸν
3637 3811 3856 3870 Ἀκύλαν,

2321 3903 2552 3974 Βορῤἇν
2586 3905 2684 3960 καί
2710 3904 2915 3971 δεξιὰν
2941 3907 3023 3961 σὺ
3050 3908 3313 3971 ἔκτισας.
3357 3905 3422 3958 Ἠ
3448 3904 3506 3958 δὲ
3543 3903 3756 3973 πέμπτη
3787 3900 3860 3952 ἐκ-

2320 3998 2464 4062 δοσις
2507 3998 2836 4071 σαφέστερον
2875 4001 3187 4074 ἡρμήνευσε
3216 4000 3338 4054 τίνα
3374 3997 3443 4051 τὰ
3474 3995 3619 4060 δεξιὰ
3647 3997 3858 4065 φήσασα,

2320 4089 2550 4159 Βορῤἆν
2592 4092 2690 4144 καὶ
2737 4091 2916 4160 νότον
2959 4091 3042 4147 σὺ
3092 4091 3357 4157 ἔκτισας.
3409 4089 3484 4142 Τὸ
3523 4088 3566 4141 δ’
3606 4084 3860 4160 ἀριστερὸν

2322 4182 2497 4251 πάντη
2527 4182 2859 4254 σεσιώπηται
2888 4185 3037 4257 παρὰ
3063 4187 3176 4249 τοῖς
3207 4186 3358 4246 πᾶσι,
3382 4183 3471 4236 διὰ
3494 4181 3554 4234 τὸ
3581 4177 3860 4251 νομίζεσθαι

2325 4274 2510 4326 σκαιὸν
2541 4271 2676 4327 εἶναι
2715 4277 2808 4330 καὶ
2841 4277 3080 4330 ἐναντίον
3108 4275 3186 4347 τῷ
3224 4273 3399 4345 δεξιῷ
3445 4272 3596 4326 οὐδὲν
3624 4272 3677 4324 δὲ
3715 4272 3768 4323 έν
3799 4266 3860 4337 τῷ

2323 4363 2483 4416 παντί
2516 4367 2720 4428 σκαιὸν,
2769 4367 2890 4420 οὐδὲ
2936 4366 3014 4438 τῷ
3059 4366 3208 4438 καλῷ
3252 4365 3512 4420 ἐναντίον.
3564 4363 3738 4417 Πάντα
3780 4361 3861 4431 μὲν

2323 4451 2434 4518 οὖν,
2465 4456 2616 4526 φησι,
2645 4459 2707 4510 σὺ
2735 4442 2971 4522 ἔκτισας.
3011 4461 3149 4528 Ὄρη
3179 4458 3234 4510 δὲ
3262 4457 3374 4520 δύο,
3407 4456 3469 4509 τδ
3494 4454 3686 4526 Θαόὼρ
3709 4453 3860 4506 καὶτὸ

2333 4544 2547 4616 Ἑρμὼν
2577 4546 2850 4618 ἐξαίρετόν
2876 4566 2929 4601 τι
2968 4548 3228 4618 κέκληται
3272 4547 3422 4616 παρὰ
3457 4547 3650 4599 πάντα·
3679 4545 3749 4614 τῷ
3772 4546 3860 4614 γὰρ

659 4620 910 4676 machum
943 4629 1154 4687 autem,
1203 4622 1414 4677 Thabor
1464 4632 1512 4676 et
1563 4622 1796 4677 Harmon
1853 4641 2040 4678 nomen
2074 4635 2215 4679 tuum

2322 4637 2541 4707 ὀνόματί
2568 4655 2660 4690 σου
2687 4639 2855 4692 ταῦτα
2881 4639 3317 4707 ἀγαλλιάσονται.
3346 4637 3502 4690 Κατὰ
3528 4638 3583 4690 δὲ
3603 4637 3689 4689 τὸν
3724 4634 3852 4689 ’Δκύο

657 4708 1009 4764 celebrabant.
1045 4709 1248 4765 Horum
1296 4727 1458 4782 porro
1493 4713 1756 4767 montium
1804 4715 1968 4768 variis
2000 4715 2052 4768 in
2085 4715 2215 4770 locis

2322 4726 2439 4793 λαν,
2486 4729 2683 4798 Θαόὼρ
2726 4730 2823 4783 καὶ
2867 4730 3086 4800 Ἑζρμὼν⁹
3113 4730 3182 4783 ἐν
3208 4727 3289 4794 τῷ
3324 4728 3568 4796 ὀνόματί
3600 4743 3709 4780 σου
3730 4726 3856 4779 αἰγέ»

660 4802 905 4856 meminit
933 4800 1141 4858 Veteris
1188 4802 1518 4860 Testamenti
1567 4805 1798 4860 historia
1825 4846 1840 4870 ,
1877 4807 2215 4877 arhitrorque

2323 4833 2528 4873 O’O‘UUt'
2563 4822 2700 4875 κατὰ
2734 4822 2790 4876 δὲ
2821 4823 2910 4875 τὸν
2946 4822 3256 4893 Σύμμαχον,
3292 4818 3494 4888 Θαὸὼρ
3528 4819 3623 4871 καί
3658 4817 3718 4871 τὸ
3763 4818 3850 4885 Ἑρ-

658 4893 744 4948 his
780 4894 836 4949 in
883 4895 1161 4949 montibus
1207 4897 1485 4952 mirabiles
1536 4897 1657 4951 illas
1708 4896 2004 4953 Salvatoris
2037 4902 2215 4980 nostri

2318 4910 2448 4980 μὼν
2476 4912 2542 4965 τὸ
2572 4912 2758 4982 ὄνομά
2793 4929 2909 4967 σου
2954 4911 3396 4982 εὐφημήσουσι.
3445 4909 3658 4962 Τούτων
3691 4909 3743 4962 δὲ
3773 4907 3848 4959 τῶ-

659 4986 1186 5058 transligurationes,
1224 4987 1642 5058 frequentesque
1689 5005 1869 5045 moras
1909 4993 2215 5060 exstitisse,

2324 5003 2492 5072 ὀρέων
2524 5004 2795 5076 μέμνηται
2824 5005 3096 5078 διαφόρως
3135 5007 3169 5075 η
3209 5003 3309 5073 τῆς
3341 5001 3585 5064 Παλαιᾶς
3623 4999 3857 5070 suam.

661 5079 872 5147 quando
903 5094 1026 5134 cum
1076 5078 1391 5134 hominibus
1437 5081 1778 5135 versabatur.
1812 5081 1893 5135 An
1940 5099 2070 5137 vero
2101 5084 2215 5155 ipsa

2330 5097 2554 5168 ἱστορία·
2582 5099 2674 5151 καὶ
2702 5094 2856 5168 οἶμαί
2881 5117 2945 5168 γε
2975 5101 3033 5152 ὲν
3060 5095 3281 5174 τούτοις⁵
3297 5097 3408 5157 τοῖς
3433 5092 3582 5166 ὄρεσι
3603 5093 3693 5156 τὰς
3714 5108 3856 5162 παρτ

660 5173 938 5226 nominum
972 5169 1300 5243 signiﬁcatio
1350 5171 1552 5241 aliquid
1587 5172 1744 5228 nobis
1786 5173 1852 5227 ad
1897 5175 2090 5231 horum
2137 5181 2221 5233 in—

660 5265 1008 5334 telligentiam
1046 5263 1311 5329 conferat,
1350 5276 1406 5318 tu
1440 5265 1555 5333 ipse
1586 5265 1899 5323 consideres
1928 5271 2105 5326 velim.

2327 5185 2508 5251 δόξους
2535 5188 2625 5241 τοῦ
2658 5189 2906 5261 Σωτῆρος
2937 5189 3091 5261 ἡμῶν
3117 5185 3395 5258 γεγονέναι
3423 5184 3859 5257 μεταμορφώσεις,

2328 5280 2421 5331 καὶ
2451 5280 2548 5344 τὰς
2589 5281 2805 5345 πλείους
2841 5280 3137 5354 διατρισὰς,
3180 5281 3268 5333 ὅτε
3308 5279 3403 5332 σὺν
3437 5277 3733 5352 ἀνθρώηυοις
3760 5277 3860 5327 ἔπο-

661 5360 915 5412 λιτεύετο.
945 5361 1007 5412 Εἰ
1043 5361 1099 5414 δὲ
1141 5362 1232 5415 καὶ
1277 5359 1383 5415 τῶν
1430 5359 1703 5430 ὀνομάτων
1749 5365 1783 5431 ἡ
1819 5365 2082 5437 ἑρμηνεία
2117 5370 2479 5441 συμσάλλεταί
2525 5393 2578 5431 τι
2617 5379 2748 5449 ἡμῖν
2781 5379 2858 5441 εἰς
2893 5377 2989 5449 τὴν
3032 5374 3140 5428 τῶν
3202 5373 3576 5445 προκειμένων
3635 5371 3860 5426 διάνοιαν,

662 5459 754 5513 καὶ
788 5457 949 5519 αὐτὸς
976 5459 1305 5529 ἐπιστήσεις.

732 5548 897 5604 Vsus.
933 5548 1132 5613 14,15.
1173 5551 1333 5602 Τιικηι
1361 5547 1628 5603 brachium
1662 5567 1777 5604 cum
1831 5557 2063 5622 potentia
2089 5572 2106 5610 :
2137 5558 2224 5626 ﬁr-

664 5651 830 5697 metur
855 5657 1038 5694 manus
1069 5648 1180 5705 tua,
1204 5641 1465 5695 exaltetur
1496 5643 1711 5697 dextera
1744 5653 1833 5698 tua
1865 5663 1882 5700 :
1927 5648 2140 5717 iustitia
2175 5658 2224 5702 et

641 5891 651 5897 .
731 5817 778 5852 ³⁸
817 5814 974 5874 Prov.
1013 5833 1107 5880 ut.
1149 5817 1232 5874 19.
1310 5819 1350 5853 ³⁸
1391 5820 1536 5880 Psal.
1574 5838 1681 5878 xcu
1707 5863 1721 5884 .
1759 5823 1809 5879 l.

2398 5554 2512 5622 Σὸς
2540 5557 2870 5647 όεβραχίων
2892 5557 3040 5627 μετὰ
3076 5513 3453 5622 δυναστείας
3485 5549 3861 5647 κραταιωθητω

2329 5647 2366 5715 ἡ
2403 5649 2529 5718 χείρ
2561 5642 2698 5714 σου,
2729 5649 3022 5719 sermonm
3063 5647 3102 5717 ἠ
3143 5647 3312 5714 δεξιά
3350 5662 3486 5703 σου.
3537 5642 3860 5710 Δικαιοσύνη
