3960 6352
30 341 200 395 ιυθὸ

1215 347 1704 405 consumma
1742 351 1813 406 IN
1847 333 2176 420 nsanos

3153 365 3306 423 ιοοι·

30 456 144 508 καὶ
180 457 399 528 κρῖμα
429 461 734 533 ἐτοιμασία
769 465 882 529 τοῦ
912 467 1123 534 θρόνου
1137 483 1287 523 -οόυ,
1329 444 1533 535 Ἔλεος
1559 488 1633 524 κα

1745 472 2006 541 judicium
2031 475 2345 542 praeparatio
2374 474 2545 530 throni
2572 476 2669 531 tui.
2702 475 3068 536 Misericordia
3111 492 3159 536 et
3202 499 3288 538 ve-

30 546 345 612 ἀλήθεια
374 557 834 623 προπορεύσεται
866 559 979 627 πρὸ
1013 561 1336 627 προσώπου
1376 579 1510 617 σου.
1540 565 1649 617 Καὶ

30 635 239 691 ταῦτα.
290 644 384 705 είς
424 643 520 715 τὴν
552 645 643 700 τοῦ
690 648 1022 716 Μονσγενοῦς
1060 649 1154 704 τοῦ
1190 652 1320 705 Θεοῦ
1349 652 1648 721 δοξολογίαν

30 730 479 803 παρείληπται,
506 736 648 808 άπερ
672 739 996 812 σαφέστερον
1015 743 1044 795 ό
1075 740 1301 807 Ἀκύλας
1316 745 1644 815 ἡρμήνευσε,

30 822 262 878 τοῦτον
321 828 556 892 ἀποδοὺς
596 831 688 884 τὸν
726 833 945 904 τρόπον’
978 835 1093 900 Σὸς
1132 838 1164 889 ὁ
1197 837 1462 908 ,βραχίων
1503 838 1648 907 μετὰ

30 910 468 984 δυναστείας-ο
501 919 788 998 ἀήττητος
825 925 864 992 ἡ
899 926 1188 993 χεὶρνσου,
1224 926 1434 996 ὑψηλὴ
1471 929 1510 996 ἡ
1535 927 1647 996 ιδε-

32 1003 148 1065 ξιά
187 1021 359 1063 σουο
383 1011 744 1081 δικαιοσύνη
767 1015 867 1068 καὶ
902 1016 1078 1086 κρῖμα
1098 1016 1282 1084 ,ϐάσις
1305 1019 1411 1072 τοῦ
1433 1021 1646 1087 θρόνου

30 1109 193 1148 σου.
248 1099 379 1151 Καὶ
405 1100 604 1164 ταύτας
633 1101 689 1155 δέ
714 1105 1025 1172 ἀναγκαίως
1053 1106 1150 1170 τὰς
1181 1107 1496 1177 θεοπρεπεῖς
1521 1112 1646 1179 ἀρε-

31 1185 148 1248 τὰς
184 1190 258 1240 ἐν
308 1193 378 1260 τῇ
406 1189 648 1264 θεολογίᾳ
676 1196 974 1268 παρείληφε
1004 1198 1090 1258 διὰ
1115 1199 1213 1262 τὰς
1235 1199 1326 1252 τοῦ
1359 1200 1488 1253 Θεοῦ
1513 1204 1646 1273 πρὸς

30 1275 138 1327 τὸν
155 1277 355 1331 Δαυῖδ
381 1280 726 1351 ἐπαγγελίας.
750 1285 912 1339 Οὐδὲν
928 1285 1054 1358 γὰρ,
1074 1289 1253 1358 φησὶν,
1273 1290 1643 1358 ἀντιστήσεται

33 1369 148 1421 σοῦ
185 1373 267 1441 τῇ
308 1371 498 1444 βουλῇο
545 1376 681 1445 μετὰ
707 1377 817 1448 γὰρ
843 1378 938 1431 τοῦ
975 1378 1145 1434 θέλειν
1176 1380 1269 1434 καὶ
1304 1381 1362 1433 τὸ
1391 1382 1643 1436 δύνασθαί

30 1475 131 1512 σοι
168 1455 434 1534 οἷααΘεῷ
461 1467 554 1519 καὶ
583 1465 815 1541 δεσπότῃ
839 1469 945 1523 τῶν
971 1471 1106 1524 ὅλων
1127 1471 1377 1544 πάρεστι.
1407 1474 1515 1527 Καὶ
1536 1473 1643 1544 γὰρ

40 1551 325 1622 βραχίων
354 1555 436 1609 σοί
464 1558 578 1610 ἐστι
614 1558 784 1628 μέγας
823 1561 916 1614 καὶ
941 1561 1226 1633 δυναστείᾳ
1255 1564 1345 1616 καὶ
1373 1563 1513 1635 ἀρχὴ
1537 1565 1671 1630 τῶν,

30 1644 322 1708 πάν-οων,
346 1650 794 1722 κεκραταιωμένη
813 1669 870 1704 τε
892 1653 1009 1722 χεὶρ
1031 1654 1124 1706 καὶ
1145 1653 1449 1725 ὑψηλοτάτη
1471 1655 1641 1721 δεξιὰ,

44 1733 74 1784 ὃ
91 1749 160 1785 τε
199 1732 412 1806 θρόνος
436 1738 539 1809 τῆς
569 1741 669 1812 σῆς
699 1741 990 1812 βασιλείας,
1007 1743 1193 1816 ὥσπερ
1220 1746 1267 1797 ot
1291 1745 1397 1798 τῶν
1429 1747 1520 1799 ἐπὶ
1543 1747 1643 1818 γῆς

1745 563 1880 616 ritas
1899 563 2184 631 precedent
2204 564 2389 632 [aciem
2409 573 2573 621 suam.
2601 565 2722 620 Haec
2752 567 2878 622 item
2914 569 2979 623 ad
3017 569 3284 641 Unigeniti

1747 649 1841 707 Dei
1868 652 2090 722 gloriam
2112 652 2487 709 celebrandam
2534 665 2862 724 usurpantur
2890 676 2902 710 :
2939 674 3058 728 qua;
3093 663 3284 731 Aquila

1745 742 1948 798 clarius
2001 743 2380 813 interpretatur
2421 745 2522 800 hoc
2567 754 2723 816 pacto
2759 764 2773 800 :
2804 747 2969 802 Tuum
3017 749 3285 806 brachium

1745 846 1863 884 cum
1904 834 2132 900 potentia
2161 850 2180 888 :
2220 833 2410 887 invicta
2449 851 2634 889 manus
2688 845 2798 899 tua,
2828 837 3028 890 excelsa
3069 839 3286 896 dextera

1746 927 1839 972 tua
1856 936 1874 972 :
1897 921 2108 988 iustitia
2133 930 2182 975 et
2207 921 2465 990 judicium
2487 923 2626 978 basis
2653 925 2824 980 throni
2855 929 2948 979 tui.
2973 925 3284 1000 Opportune

1744 1018 1922 1065 autem
1949 1008 2159 1067 divinas
2187 1013 2348 1067 hasce
2382 1013 2629 1079 virtutes,
2659 1015 2724 1070 de
2757 1015 2865 1071 Deo
2905 1018 3145 1087 loquens,
3171 1035 3285 1075 me-

1745 1103 1994 1169 moravit,
2023 1104 2094 1158 ob
2119 1105 2383 1173 promissa
2411 1103 2503 1160 Dei
2534 1104 2720 1160 Davidi
2747 1107 2907 1161 facta.
2938 1108 3166 1174 Etenim,
3203 1113 3285 1167 in-

1742 1193 1879 1260 quit,
1909 1193 2043 1247 nihil
2085 1195 2347 1250 voluntati
2389 1197 2616 1252 obsistet
2655 1205 2760 1252 tute
2792 1218 2802 1252 :
2839 1215 2961 1253 eum
3013 1202 3287 1258 voluntate

1743 1289 1938 1357 quippe
1979 1288 2098 1352 tibi,
2128 1275 2316 1358 utpote
2350 1287 2459 1344 Deo
2509 1299 2564 1344 et
2602 1289 2822 1346 ‘domino
2873 1292 3242 1349 universorum
3266 1335 3280 1359 ,

1741 1378 1892 1433 adest
1925 1387 2184 1448 potestas.
2219 1379 2352 1434 Nam
2392 1396 2643 1452 magnum
2668 1382 2764 1437 tibi
2789 1383 3067 1439 brachium
3099 1395 3200 1452 est,
3231 1395 3286 1441 et

1742 1477 1982 1539 potestas
2009 1478 2063 1525 et
2089 1471 2372 1540 imperium
2397 1472 2448 1523 in
2477 1473 2678 1538 omnia,
2715 1489 2905 1528 manus
2942 1474 3172 1542 ﬁrmata,
3196 1493 3284 1532 ex-

1741 1559 2127 1615 cellentissima
2181 1560 2438 1616 dextera:
2477 1562 2811 1632 thronusque
2864 1565 3012 1634 regni
3060 1568 3180 1632 tui,
3226 1577 3285 1622 ut

1742 1649 1920 1702 throni
1972 1649 2312 1718 regnantium
2359 1651 2413 1702 in
2463 1657 2611 1705 terra
2662 1666 2726 1706 ex
2775 1654 3006 1721 pretiosa
3059 1657 3284 1710 materia

1742 1738 1976 1794 coniecti
2003 1748 2152 1808 sunt,
2175 1742 2250 1795 ita
2273 1749 2328 1795 et
2355 1743 2467 1812 ipse
2489 1758 2552 1796 ex
2577 1743 2643 1798 iis
2665 1759 2784 1813 qua
2813 1751 2864 1821 te
2899 1744 3064 1798 Deum
3091 1746 3282 1802 decent

51 1822 485 1890 βασιλευόντων
508 1831 684 1900 θρόνοι
718 1833 776 1899 ἐξ
804 1827 934 1904 ὕλης
963 1835 1150 1905 τιμίας
1178 1837 1516 1908 πεποίηνται,
1551 1839 1633 1890 καὶ

1741 1833 2099 1885 concinnatus
2127 1839 2229 1886 est.
2262 1831 2463 1887 Divina:
2512 1834 2690 1904 itaque
2725 1834 2969 1898 virtutes,
2988 1835 3196 1904 iustitia
3229 1847 3283 1893 et

42 1917 227 1981 uino;
257 1913 420 1983 οὗτος
447 1922 510 1974 ἐκ
537 1923 644 1975 τῶν
673 1925 985 1994 πρεπόντων
1015 1943 1096 1979 σοι
1116 1926 1194 1996 τῷ
1214 1926 1332 1997 Θεῷ
1352 1929 1640 1982 κατεσκεύ-

44 2021 255 2060 ασται.
310 2009 518 2080 Ἀρεταὶ
545 2013 673 2081 γοῦν
699 2014 1037 2086 θεοπρεπείᾳ
1065 2016 1371 2088 δικαιοσύνη
1408 2019 1500 2072 καὶ
1522 2021 1641 2090 κρῖ-

49 2112 156 2166 μα,
204 2098 314 2151 τὸν
354 2101 441 2155 σὺν
479 2100 879 2174 κατακοσμοῦσι
917 2106 1118 2178 θρόνον.
1155 2108 1348 2178 Διόπερ
1377 2107 1638 2163 τοσούτων

44 2189 244 2243 οὐσῶν
281 2193 435 2264 παρὰ
466 2195 546 2247 σοὶ
572 2195 650 2266 τῷ
677 2195 797 2266 Θεῷ
814 2197 1111 2268 δυνάμεων,
1134 2198 1350 2269 ὁμαλῶς
1377 2201 1469 2253 καὶ
1494 2201 1639 2252 ἀκω-

43 2279 240 2345 λύτως
287 2283 322 2353 ἡ
371 2284 597 2356 ἀλήθεια
643 2286 751 2339 τῶν
802 2288 907 2341 σῶν
949 2289 1282 2358 ἐπαγγελιῶν
1324 2284 1633 2361 προτρέχει,

50 2371 309 2441 μηδενὸς
341 2375 726 2446 παραποδίζειν
751 2377 1044 2450 δυναμένου
1068 2380 1165 2444 τὰς
1191 2381 1292 2445 σὰςΔ
1316 2382 1633 2449 ἀποφάσεις,

51 2463 125 2527 ἃς
155 2464 398 2536 ὤμοσας
420 2467 497 2538 τῷ
521 2469 682 2522 Δαυῖδ
706 2470 839 2540 ἐλέῳ
871 2473 965 2524 καὶ
994 2472 1172 2542 χάριτι
1203 2472 1300 2534 τὰς
1327 2471 1634 2536 ἐκτεθείσας

53 2553 407 2623 ἐπαγγελίας
455 2557 592 2642 πρὸς
624 2558 1193 2631 αὐτὺνηπεποιημένος.
1247 2561 1388 2612 Ἀντὶ
1429 2559 1485 2612 δὲ
1516 2560 1632 2622 τοῦ,

50 2645 432 2713 Δικαιοσύνη
460 2645 556 2698 καί
590 2646 763 2715 κρῖμα
793 2647 1099 2716 ἐτοιμασία
1127 2649 1230 2703 τοῦ
1257 2651 1469 2718 θρόνου
1494 2667 1630 2714 σου,

52 2734 204 2787 κατὰ
243 2734 341 2794 τὸν
386 2735 632 2800 Ἀκύλαν,
657 2739 1009 2807 Δικαιοσύνη
1033 2739 1132 2794 καὶ
1164 2741 1338 2809 κρῖμα
1370 2742 1435 2795 τὸ
1463 2734 1632 2811 ἕδρα-

51 2836 186 2891 σμα
210 2825 325 2880 τοῦ
353 2828 566 2894 θρόνου
590 2828 794 2894 αὐτοῦ,
820 2830 1053 2901 εἴρηται·
1080 2833 1109 2884 ὁ
1131 2825 1187 2884 δὲ
1210 2831 1494 2903 Σύμμαχος
1520 2833 1633 2903 τὴν

50 2915 256 2976 βάσιν
289 2917 456 2990 αὐτὴν
486 2915 624 2974 είναί
651 2938 782 2992 φησι
811 2921 908 2992 τὴν
937 2922 1276 2996 δικαιοσύνην
1310 2926 1401 2979 καὶ
1425 2925 1486 2979 τὸ
1516 2927 1634 2997 κρτέ
1659 2980 1663 2985 .

59 3021 156 3071 μα.
204 3005 326 3077 Τῆς
347 3025 410 3091 γε
447 3009 552 3079 μὴν
580 3010 920 3084 δικαιοσύνης
950 3014 1044 3067 καὶ
1078 3014 1171 3067 τοῦ
1209 3014 1470 3086 κρίματος
1497 3014 1632 3085 μετὰ

57 3093 414 3169 δικαιοσύνης
436 3101 817 3174 ἐκφερομένου,
852 3104 1138 3176 προτρέχει
1162 3104 1306 3168 ἔλεος
1330 3105 1423 3158 καὶ
1444 3107 1477 3175 ὴ
1501 3103 1632 3176 ἀλή-

1734 1921 2004 1990 judicium
2028 1960 2045 1986 ,
2073 1921 2324 1975 thronum
2357 1931 2619 1977 exornant
2652 1931 2821 1976 tuum.
2848 1921 3182 1992 Quapropter
3202 1963 3218 1986 ,
3247 1938 3281 1978 ο

1739 2010 1903 2074 Deus,
1937 2023 2060 2066 cum
2091 2017 2171 2065 tot
2201 2021 2472 2084 tantaeque
2514 2026 2679 2082 penes
2722 2018 2774 2065 te
2811 2019 3102 2081 potestates
3135 2013 3277 2076 sint,

1735 2100 1935 2155 veritas
1954 2101 2112 2169 plana
2135 2100 2223 2154 via
2265 2109 2318 2155 et
2365 2089 2483 2155 sine
2515 2101 2668 2155 obice
2697 2102 3143 2171 promissionibus
3172 2101 3281 2156 tuis

1734 2189 2060 2258 praecurrit:
2114 2204 2236 2243 cum
2294 2205 2452 2244 nemo
2512 2192 2683 2261 possit
2745 2190 3005 2247 obsistere
3048 2192 3281 2246 decretis

1733 2277 1862 2342 tuis,
1890 2278 2090 2348 quibus
2118 2279 2313 2349 jurasti
2343 2279 2554 2346 Davidi,
2577 2295 2643 2336 ex
2680 2281 3048 2336 misericordia
3075 2290 3128 2336 et
3149 2296 3272 2353 gra—

1732 2370 1808 2424 tia
1849 2378 1939 2424 tua
1984 2371 2453 2444 jammemoratas
2483 2371 2650 2428 edens
2695 2372 3130 2443 pollicitationes.
3175 2369 3280 2426 Pro

1733 2462 1826 2517 illo
1853 2471 2056 2528 autem,
2086 2462 2313 2519 Iustitia
2357 2474 2406 2519 et
2429 2465 2694 2534 judicium
2746 2467 3062 2534 prmparatio
3111 2464 3280 2518 throni

1735 2554 1840 2617 tui;
1870 2553 2167 2608 secundum
2212 2554 2460 2625 Aquilam
2487 2595 2502 2614 .
2533 2554 2753 2609 Iustitia
2788 2566 2836 2610 et
2864 2557 3127 2624 judicium
3157 2556 3280 2624 fun-

1731 2643 2028 2697 damentum
2061 2643 2233 2697 throni
2281 2646 2392 2712 ejus
2417 2684 2432 2709 ,
2478 2644 2710 2712 dicitur;
2767 2645 3120 2717 Symmachus
3150 2661 3278 2702 vero

1733 2735 1881 2789 basin
1908 2736 2042 2791 dixit
2066 2751 2188 2793 esse
2200 2721 2465 2805 justitiam
2508 2745 2561 2790 et
2602 2737 2888 2804 judicium.
2923 2735 3155 2792 Iustitia;
3184 2752 3278 2790 au-

1728 2836 1838 2883 tem
1868 2836 1921 2882 et
1942 2828 2171 2898 judicio,
2202 2826 2345 2897 quod
2372 2843 2495 2882 cum
2526 2828 2733 2897 justitia
2756 2828 2975 2884 etiertur
2996 2868 3011 2891 ,
3047 2842 3277 2898 praecur-

1728 2920 1801 2974 rit
1847 2920 2216 2976 misericordia
2241 2927 2295 2974 et
2339 2920 2558 2975 veritas.
2589 2918 2859 2974 Justitiam
2889 2919 3029 2974 enim
3065 2919 3277 2973 miseri-

1729 3011 1912 3066 cordia
1945 3017 2273 3080 temperans,
2303 3010 2545 3065 mitiores
2571 3018 2761 3066 contra
2782 3025 2875 3066 eos
2898 3010 2989 3080 qui
3021 3024 3277 3080 peccave-

1731 3112 1857 3159 runt
1884 3102 2086 3173 profert
2114 3104 2606 3160 comminationes:
2656 3118 2779 3158 nam
2829 3104 2965 3159 alias
3007 3101 3275 3180 justitiam

59 3186 206 3242 Θεια.
241 3189 334 3260 Τῷ
366 3191 494 3259 γοῦν
516 3193 649 3264 ἐλέῳ
679 3194 776 3266 τὴν
804 3174 1145 3268 δικαιοσύνην
1167 3197 1479 3268 ἀνακιρνὰς,
1501 3174 1631 3267 πρα-

1732 3195 1850 3266 ejus
1882 3210 1988 3250 non
2015 3203 2364 3267 temperatam
2381 3195 2568 3249 nullus
2589 3195 2865 3250 hominum
2898 3177 3212 3251 sustineret.

59 3283 260 3354 οτέρας
295 3289 521 3341 ποιεῖται
546 3289 642 3351 τὰς
665 3289 807 3344 κατὰ
835 3290 939 3345 τῶν
962 3292 1351 3362 ἡμαρτηκότων
1377 3291 1618 3354 ἀπειλάςο
1660 3290 1960 3361 titanas
1979 3291 2209 3361 ἄκρατον
2245 3288 2410 3342 αὑτοῦ
2431 3289 2528 3360 τὴν
2582 3289 2922 3361 δικαιοσύνην
2984 3290 3081 3343 οὐκ
3104 3289 3166 3343 ἄν
3193 3303 3276 3352 τις

59 3376 369 3448 ἀνθρώπων
399 3381 735 3450 ὑπομείνειεν

129 3493 440 3562 Μακάριος
469 3497 503 3549 δ
533 3494 681 3580 λαός
708 3497 743 3549 δ
774 3497 1080 3566 γινώσκων
1111 3493 1478 3569 ἀλαλιηιμόνζ
1508 3501 1625 3554 Κύ-
1688 3544 1692 3550 ,

56 3601 170 3652 pte,
205 3586 281 3639 ἐν
304 3585 384 3650 τῷ
414 3585 559 3655 φωτί
586 3585 692 3640 τοῦ
717 3586 1038 3654 προσώπου
1062 3603 1178 3642 σου
1209 3591 1619 3658 πορεύσονται,

64 3674 160 3728 καὶ
197 3675 272 3728 ἐν
299 3674 379 3741 τῷ
416 3677 657 3746 ὀνόματί
683 3690 801 3731 σου
841 3676 1305 3747 ἀταλλιάσονται
1335 3678 1485 3749 ὅλην
1510 3680 1624 3748 τὴν

61 3763 314 3846 ἡμέρωι,
353 3765 451 3820 καὶ
473 3767 542 3821 ἐν
567 3760 1015 3837 τῇ,δικαιοσύνῃ
1039 3784 1155 3822 σου
1179 3769 1617 3837 ὑψωθήσονται.

69 3857 184 3912 Ὅτι
208 3860 489 3930 καύχημα
515 3860 624 3930 τῆς
651 3860 955 3932 δυνάμεως
984 3859 1182 3916 αὐτῶν
1211 3861 1291 3916 σὺ
1318 3857 1390 3926 εἶ,
1428 3863 1524 3916 καί
1548 3865 1628 3916 ἐν.

65 3947 139 4018 τῇ
161 3952 410 4020 εὐδοκία
441 3967 556 4014 σου
588 3953 967 4024 ὑψωθήσεται
987 3954 1052 4008 τὸ
1084 3954 1259 4023 κέρας
1280 3953 1466 4024 ἡμῶν.
1497 3958 1615 4010 Ὅτι

66 4041 169 4094 τοῦ
213 4043 434 4111 Κυρίου
477 4045 516 4112 ἠ
559 4032 878 4113 ἀντίληψις
926 4044 1111 4114 ἡμῶν,
1157 4045 1254 4098 καί
1293 4046 1398 4100 τοῦ
1444 4046 1613 4116 ἁγίου

79 4130 315 4201 Ἰσραὴλ
342 4134 644 4200 ,ϐασιλέως
666 4133 850 4203 ἡμῶν.
879 4135 1107 4206 Νοήσεις
1125 4153 1186 4188 τε
1213 4136 1305 4189 καὶ
1331 4135 1502 4200 ἄλλως
1523 4126 1612 4190 τὸν

71 4221 380 4294 ἀλαλαγμὸν
399 4225 506 4278 άπὸ
527 4224 636 4279 τῶν
668 4225 807 4280 κατὰ
836 4228 959 4290 τοὺς
991 4227 1214 4296 καιροὺς
1239 4226 1346 4279 τῶν
1377 4226 1624 4298 πολέμων

67 4312 432 4378 ἀλαλαζόντων
453 4317 798 4388 στρατιωτῶν
810 4318 912 4372 οιαὶ
937 4318 1098 4387 φόϐον
1129 4320 1494 4391 ἐμποιούντων
1514 4323 1625 4385 τοῖς

71 4404 274 4477 ἐχθροῖς
305 4407 392 4461 διὰ
421 4408 521 4479 τῆς
554 4408 793 4479 μείζονος
824 4408 950 4479 βοῆς
983 4412 1077 4464 καὶ
1114 4411 1214 4481 τῆς
1254 4411 1394 4466 κατὰ
1422 4411 1623 4481 ταύτην

73 4493 398 4561 συμφωνίας.
417 4495 473 4548 '0
501 4495 556 4549 δὲ
589 4495 1063 4562 ΘεῖοςἈπόστολος
1087 4500 1182 4564 τὰς
1207 4503 1264 4553 ὲν
1291 4502 1428 4573 ἁγίῳ
1457 4501 1639 4562 Πνεύο,

76 4597 193 4692 uim
223 4585 407 4692 caldi,
448 4587 545 4651 τὰς
697 4587 785 4642 διὰ
821 4591 1061 4661 γεγωνουῦ
1092 4591 1240 4662 βοῆς,
1275 4592 1498 4692 ἀλλὰνὲν
1528 4593 1618 4646 δυ·
1649 4637 1692 4692 D

72 4669 222 4739 νάμει
251 4673 560 4746 Πνεύματος
593 4677 1067 4749 ἀναπεμπομένας,
1107 4681 1356 4744 τοιαύτας
1389 4677 1524 4735 εἶναι
1545 4682 1621 4736 δι-

75 4756 250 4816 δάσκει
292 4765 486 4833 λέγων’
525 4766 678 4820 Αὐτὸ
723 4767 786 4820 τὸ
830 4768 1092 4838 Πνεῦμα·
1125 4771 1617 4840 ὑπερεντυγχάνει

73 4849 212 4919 ὑπὲρ
233 4853 402 4924 ἡμῶν
421 4855 770 4925 στεναγμοῖς
793 4857 1137 4926 ἀλαλήτοις,
1162 4859 1317 4913 Οὕτω
1354 4861 1411 4913 δὲ
1445 4861 1617 4931 μέγας

75 4936 144 5001 τίς
174 4941 284 4996 ἐστι
312 4945 422 5018 ua't
439 4944 660 5008 σπάνιος
690 4947 718 4999 ὁ
741 4944 994 5010 πολλάκις
1020 4947 1122 5000 ὑπὸ
1151 4948 1258 5002 τῶν
1283 4948 1441 5002 θείων
1473 4950 1614 5020 Γρα-

1801 3489 1965 3545 Vsns.
1998 3488 2182 3544 16-19.
2206 3485 2397 3542 Beatus
2424 3487 2643 3541 naeuius
2662 3487 2749 3540 aui
2764 3497 2862 3540 scit
2880 3469 3270 3557 jubilationem:

1730 3582 1951 3637 Domine
1977 3581 2033 3635 iu
2057 3579 2433 3646 tumineivultus
2450 3579 2526 3631 tui
2554 3577 2914 3641 ambulabunt,
2928 3590 2976 3633 et
2992 3583 3046 3634 in
3067 3587 3272 3641 nomine

1729 3683 1816 3728 tuo
1826 3671 2157 3728 exsultabant
2175 3670 2445 3736 totadie,et
2458 3671 2513 3724 in
2525 3670 2736 3739 justitia
2770 3679 2858 3725 tua
2879 3672 3267 3733 excitabuntur.

1728 3763 1989 3831 Quoniam
2015 3761 2185 3832 gloria
2215 3761 2419 3816 uirtutis
2455 3777 2634 3816 eorum
2663 3769 2717 3813 tu
2754 3777 2829 3824 es,
2869 3770 2917 3814 et
2947 3763 3001 3814 in
3030 3761 3270 3832 benepta-

1719 3857 1823 3908 cito
1858 3863 1949 3908 tuo
1969 3851 2291 3909 excitabitur
2313 3868 2473 3905 cornu
2504 3861 2760 3906 nostrum.
2789 3848 2927 3916 Quia
2951 3851 3162 3907 Domini
3191 3866 3271 3911 est

1719 3945 2003 4012 assumptio
2034 3949 2233 4005 nostra,
2259 3950 2310 3996 et
2333 3943 2502 3995 sancti
2533 3941 2703 3996 Israel
2739 3943 2870 4012 regis
2903 3945 3085 3998 nostri.
3111 3944 3256 4001 Jubi-

1717 4036 1928 4090 lationis
1956 4032 2169 4087 modum
2196 4031 2300 4084 alia
2332 4032 2538 4088 ratione
2579 4033 2846 4104 intelligas
2868 4074 2883 4096 ,
2912 4050 2977 4090 ex
3023 4035 3252 4093 militum

1719 4126 1772 4180 in
1800 4133 2039 4195 tempore
2067 4125 2187 4180 belli
2206 4123 2544 4194 jubilatione,
2565 4132 2625 4178 ut
2653 4126 2838 4181 hostes
2876 4127 3079 4196 majore
3111 4128 3254 4184 edito

1723 4217 1976 4281 clamore,
2001 4215 2288 4286 additaque
2316 4215 2655 4286 symphonia,
2685 4217 3147 4287 perterrefaciant.
3179 4219 3267 4273 Di-

1722 4312 1883 4365 vinus
1911 4317 2088 4364 autem
2119 4300 2410 4378 Apostolus
2454 4308 2592 4362 tales
2631 4322 2764 4364 esse
2811 4308 2968 4363 docet
2995 4311 3265 4365 orationes

1723 4403 1779 4457 in
1812 4401 2014 4472 Spiritu
2039 4407 2250 4463 sancto,
2285 4413 2384 4454 nec
2405 4399 2511 4453 alta
2540 4413 2690 4462 voce,
2721 4399 2815 4454 sed
2845 4400 3126 4454 invii-tute
3149 4399 3266 4469 Spi-

1719 4497 1858 4550 ritus
1883 4495 2130 4556 emissas,
2163 4507 2284 4548 cum
2313 4491 2427 4546 ait:
2472 4491 2594 4562 Ipse
2641 4491 2867 4554 Spiritus
2899 4491 3131 4560 postulat
3165 4507 3260 4560 pro

1721 4586 1890 4650 nobis,
1915 4585 2187 4657 gemitibus
2207 4582 2644 4637 inenarrabitibus
2662 4583 2728 4634 ³⁸.
2757 4581 2927 4636 Tanta
2945 4597 3104 4652 porro
3128 4590 3262 4637 tam-

1720 4693 1824 4748 que
1844 4693 1966 4733 rara
1990 4689 2073 4734 est
2095 4679 2344 4748 jubilatio
2379 4676 2490 4738 illa,
2511 4675 2710 4746 passim
2734 4689 2764 4728 a
2792 4674 2990 4729 divinis
3014 4672 3260 4745 Scriptu-

1713 4771 1789 4826 ris
1835 4778 2161 4832 memorata,
2208 4778 2267 4822 ut
2297 4767 2487 4823 beatus
2542 4764 2863 4836 praedicetur
2910 4765 3004 4836 qui
3059 4780 3258 4846 gnarus

1707 4859 1854 4915 illius
1883 4867 1987 4922 est,
2015 4858 2239 4928 perinde
2267 4868 2425 4930 atque
2451 4855 2543 4912 alii
2567 4871 2635 4913 ex
2662 4858 2936 4926 pmclaris
2961 4857 3256 4913 secundum

1707 4949 1873 5007 Deum
1897 4951 2063 5023 gestis
2086 4951 2227 5006 beati
2245 4951 2519 5006 dicuntur.
2549 4949 2671 5006 Ideo
2695 4951 2783 5006 hic
2806 4950 3035 5005 dicitur:
3060 4946 3256 5004 Beatus

76 5032 176 5098 φῶν
209 5038 601 5112 ὀνομαζόμενος
632 5039 961 5109 ἀλαλαγμὸς,
1003 5040 1077 5104 ὡς
1102 5041 1494 5113 μακαρίζεσθαι
1525 5043 1608 5096 τὸν

1728 5040 1919 5109 νοριιίιιε
1946 5042 2035 5111 qui
2056 5042 2153 5096 scit
2172 5043 2555 5111 jubilatianem.
2583 5042 2721 5097 Alibi
2744 5055 2872 5096 vero
2901 5041 3111 5094 divinus
3143 5055 3258 5095 ser-

75 5122 395 5198 ἐπιστήμονα
421 5131 632 5198 τούτου,
664 5129 864 5202 ὁμοίως
894 5133 1006 5194 τοῖς
1043 5132 1493 5204 μακαριζομένοις
1516 5134 1608 5186 ἐπὶ

74 5220 172 5280 τοῖς
199 5219 375 5286 ἄλλοις
399 5224 539 5279 κατὰ
568 5226 698 5294 Θεὸν
727 5222 1127 5296 κατορθώμασι.
1161 5225 1251 5276 Διὸ
1276 5223 1504 5277 ἐνταῦθα
1525 5224 1611 5277 λέ-

75 5305 262 5364 λεκταιο
284 5313 584 5381 Μακάριος
612 5319 644 5370 ό
670 5315 820 5383 λαός
852 5319 884 5369 ό
913 5313 1217 5385 γινώσκων
1241 5314 1606 5382 ἀλαλαγμὸν.

89 5399 164 5453 Ἐν
192 5402 391 5474 ἑτέροις
416 5403 474 5456 δὲ
507 5406 535 5458 ό
575 5403 715 5468 θεῖος
755 5405 908 5474 λόγος
942 5405 1128 5460 θυσίαν
1157 5402 1291 5458 εἶναι
1321 5406 1410 5459 τὸν
1435 5406 1608 5461 τοιοῦ-

79 5504 156 5544 τον
201 5493 507 5565 ἀλαλαγμὸν
554 5494 791 5550 διδάσκει
843 5496 1012 5567 λέγων
1038 5514 1052 5527 °
1115 5497 1453 5552 Ἐκύκλωσα
1509 5499 1616 5554 καί

80 5579 246 5642 ἔθυσα
278 5586 348 5641 ἐν
393 5585 470 5658 τῇ
511 5586 715 5658 σκηνῇ
754 5589 940 5657 αὐτοῦ
985 5589 1202 5644 θυσίαν
1240 5591 1609 5663 ἀλαλαγμοῦ.

165 5737 204 5772 ⁸³
235 5732 556 5808 Βοω.ἰῙιι,
583 5737 674 5797 36.
718 5739 796 5776 λ⁸³
834 5738 977 5799 Psal.
1014 5757 1176 5810 xm,
1211 5741 1266 5809 6,

1712 5150 1800 5189 mo
1827 5133 2136 5203 hujusmodi
2167 5131 2542 5204 jubi'lationem
2571 5134 2802 5189 hostiam
2825 5145 2961 5186 esse
2983 5131 3139 5184 docet
3170 5131 3255 5188 his

1706 5223 1925 5279 verbis:
1967 5223 2196 5279 Circuivi
2252 5226 2303 5281 et
2349 5226 2615 5281 immolari
2665 5225 2718 5283 in
2759 5221 3092 5276 tabernaculo
3139 5223 3252 5289 ejus

1708 5314 1934 5368 hostiam
1959 5315 2291 5385 jubilationis
2321 5317 2383 5372 ³³.
2428 5315 2528 5370 Hic
2553 5326 2713 5385 porro
2734 5311 2945 5367 videtur
2965 5309 3093 5364 mihi
3127 5309 3252 5380 Spi‘

1707 5408 1843 5463 ritus
1872 5418 2095 5468 sanctus
2135 5410 2389 5481 populum
2418 5406 2621 5464 Christi
2660 5409 2844 5474 aperte
2875 5403 3088 5458 beatum
3115 5415 3252 5471 pra-

1707 5499 1889 5556 dicare
1914 5517 1929 5554 :
1959 5500 2076 5571 ipse
2095 5517 2328 5572 namque
2353 5515 2475 5556 cum
2499 5499 2554 5552 in
2582 5496 2824 5552 notitiam
2852 5494 3057 5550 venerit
3074 5493 3248 5548 victo-

1704 5590 1801 5648 ria:
1828 5605 1859 5646 a
1890 5587 2173 5650 Salvatore
2198 5601 2385 5651 nostro
2408 5590 2474 5647 de
2495 5587 2727 5645 inimicis
2745 5594 2914 5659 partae
2929 5613 2964 5653 ,-
2988 5583 3265 5661 adversus.
