3976 6356
132 466 230 521 λὀ97

1173 466 1658 523 ΟΟΜΜΕΝΤΑΒΙΑ
1693 468 1758 522 IN
1795 466 2122 549 ΡεΑιιιοε.

3090 464 3222 519 1098

125 577 326 627 primum
731 573 836 626 Καὶ
857 573 1010 644 ἡμῶν
1033 576 1088 628 δὲ
1115 578 1288 630 αὐτῶν
1314 579 1419 631 τῶν
1438 579 1606 632 ταῦτα

1707 587 1814 632 tur.
1847 579 1998 657 Quod
2037 586 2213 633 autem
2242 592 2431 644 cornu,
2475 579 2581 634 nisi
2629 578 2680 633 id
2725 579 2866 648 quod
2911 592 2976 644 ex
3022 580 3226 634 semine

122 659 432 722 θεσπιζόντων
459 659 546 712 διὰ
572 658 665 712 τοῦ
706 659 1014 730 Πνεῦματος
1043 664 1326 733 προφητῶν
1353 664 1413 716 τὸ
1443 665 1606 736 κέρας

121 749 433 820 ὑψωθήσεται.
467 749 621 802 Ποῖον
644 746 702 802 δὲ
729 749 893 819 κέρας·
910 751 949 821 νῆ
974 751 1036 804 τὸ
1068 752 1255 821 μέλλον
1278 755 1341 806 ὲκ
1367 754 1607 824 σπέρμα-

119 855 188 900 τος
207 835 354 890 dat-ato
380 837 518 891 κατὰ
544 837 638 908 τὴν
682 838 796 906 σὴν,
817 830 880 888 ὦ
907 837 1095 907 Κύριε,
1127 841 1449 908 ἐπαγγελίαν
1477 858 1609 910 προ-

119 927 419 990 missoin»;
444 925 552 980 Καὶ
571 925 723 980 τοῦτο
747 927 852 996 γὰρ
879 927 939 979 τὸ
957 927 1120 998 κέρας
1138 929 1310 999 ἡμῶν,
1345 931 1402 984 ὲν
1419 923 1464 996 ᾧ
1485 931 1610 993 τοὺς

119 1017 306 1086 ἐχθροὺς
343 1017 494 1086 ἡμῶν
523 1016 894 1087 κερατιοῦμεν,
925 1019 982 1069 ὲν
1011 1019 1077 1087 τῇ
1107 1018 1319 1088 εὐδοκία
1349 1036 1440 1072 σου
1469 1020 1610 1088 ὑψω-

119 1108 321 1176 θήσεται,
343 1105 433 1160 σοῦ
459 1105 553 1159 τοῦ
566 1107 745 1174 ’Δγίου
773 1106 1002 1178 Ἰσραὴλ,
1029 1093 1122 1160 τοῦ
1153 1107 1409 1177 βασιλέως
1433 1109 1606 1179 ἡμῶν,

119 1195 594 1267 ἀντιλαμϐανομένου
637 1197 735 1267 τῆς
775 1197 961 1250 τούτου
1000 1196 1094 1250 τοῦ
1131 1197 1304 1268 κέρως
1328 1199 1606 1266 γενέσεως.

119 1285 216 1340 Εἶεν
241 1286 280 1340 δ’
309 1286 374 1340 ἂν
403 1282 557 1341 αὗται
585 1288 754 1357 φωναὶ
785 1287 1110 1359 προφητικαὶ
1142 1289 1200 1353 ἐξ
1224 1288 1416 1342 οἰκείου
1446 1306 1609 1360 προσ⁸

117 1375 235 1428 ώπου
261 1375 324 1428 τὰ
351 1376 677 1446 προκείμενα
714 1378 1103 1446 ἀναφωνοῦσαι,
1146 1377 1308 1449 κέρας
1343 1395 1402 1430 τε
1435 1378 1608 1432 αὐτῶν

115 1465 427 1534 ὁμολογοῦσαι
455 1461 593 1519 εἶναι
619 1466 708 1519 τὸν
734 1466 871 1520 κατὰ
902 1465 1076 1538 capita.
1100 1466 1462 1537 φανησόμενον
1479 1469 1609 1538 Χρι-

114 1554 519 1610 στδντοῦΘεοῦ.·

168 1673 288 1724 Τότε
323 1670 624 1738 ἐλάλησας
653 1670 722 1724 ἐν
750 1670 950 1740 δράσει
988 1671 1109 1738 τοῖς
1150 1673 1298 1740 υἱοῖς
1335 1690 1468 1738 σου,
1515 1675 1608 1728 καί

113 1753 274 1823 εἶπας·
346 1749 583 1828 Ἐθέμην
613 1760 898 1826 ,βοήθειαν
941 1761 1036 1819 ἐπί
1073 1760 1353 1815 avi-aeds"
1398 1763 1613 1830 ὒψωσα

115 1846 362 1900 ἐκλεκτὸν
379 1849 449 1902 ἐκ
477 1850 580 1904 τοῦ
601 1850 750 1904 λαοῦ
769 1867 904 1919 μου.
924 1845 1116 1918 Εὗρον
1142 1850 1318 1905 Δαυῒδ
1340 1851 1443 1905 τόν
1471 1851 1608 1905 δοῦ-

1708 667 1871 722 David
1919 668 2212 721 secundum
2275 664 2452 734 tuam,
2513 667 2764 731 Domine,
2815 668 3224 736 promissionem

1706 755 2040 824 proditurum
2090 754 2209 808 est?
2253 752 2383 809 Nam
2433 755 2564 808 illud
2607 769 2774 808 cornu
2826 763 3085 816 nostrum,
3116 769 3226 823 quo

1708 845 1952 899 inimicos
1995 853 2211 900 nostros
2239 845 2634 911 ventilabimns,
2673 845 2729 897 in
2770 843 3101 913 beneplacito
3132 853 3226 898 tuo

1705 923 2062 989 exaltabitur:
2092 940 2147 988 te
2194 933 2389 995 Sancto
2432 932 2616 996 Israel,
2654 947 2778 1002 rege
2820 941 3024 995 nostro,
3063 933 3223 1001 hujus

1662 1045 1667 1051 δ
1706 1037 1873 1077 cornu
1900 1031 2077 1075 ortum
2129 1031 2463 1090 procurante.
2508 1020 2599 1075 ﬂat
2625 1035 2786 1091 porro
2814 1035 2972 1075 voces
3001 1022 3221 1090 prophe-

1707 1119 1884 1164 tarum
1929 1110 2149 1174 fuerint,
2200 1126 2268 1184 ea
2312 1112 2524 1179 propria
2567 1116 2794 1180 persona
2830 1111 2942 1164 haec
2972 1125 3089 1180 qua
3114 1111 3224 1178 jam

1706 1207 2002 1255 tractamus
2055 1199 2459 1268 proferentium,
2516 1215 2580 1254 ac
2636 1200 3000 1276 conﬁtentium
3057 1215 3225 1253 cornu

1693 1303 1862 1356 ,suum
1905 1303 2027 1344 esse
2072 1287 2353 1344 Christum
2379 1287 2492 1356 Dei,
2541 1289 2634 1358 qui
2681 1288 2977 1344 secundum
3012 1302 3227 1345 carnem

1704 1378 2017 1447 proditurus
2039 1379 2092 1432 in
2120 1379 2294 1432 lucem
2315 1385 2417 1430 est.

1773 1656 1933 1712 Vens.
1967 1656 2154 1711 21-25.
2175 1656 2316 1709 Tunc
2341 1656 2538 1708 locutus
2565 1672 2617 1708 es
2644 1657 2698 1708 in
2727 1656 2918 1710 uisione
2947 1657 3072 1725 ﬁliis
3099 1659 3225 1722 tuis,

1705 1757 1755 1803 et
1773 1729 1988 1801 dixisti:
2025 1746 2178 1799 Posui
2208 1746 2521 1814 adjutorium
2552 1747 2606 1798 in
2631 1754 2862 1813 potente;
2884 1733 3226 1799 exultavieie-

1708 1833 1844 1892 ctum
1881 1852 1946 1891 ea:
1976 1837 2162 1906 populo
2210 1852 2338 1890 mea.
2393 1835 2569 1889 Inveni
2607 1836 2768 1888 David
2804 1851 3002 1889 servum
3036 1851 3225 1898 meum,

366 1897 1400 2006 eisEIQ'EVaLee—ezpia;
1410 1897 1606 2010 ⁷Ἠνγῖιλρ

1708 1928 1819 1982 oleo
1847 1938 2026 1982 sancto
2070 1942 2178 1981 meo
2211 1928 2335 1979 unxi
2365 1943 2501 1980 eum.
2546 1925 2735 1980 Manus
2764 1928 2897 1980 enim
2935 1943 3046 1980 mea
3076 1929 3226 1979 auai-

115 2025 214 2091 χείρ
245 2041 358 2092 μου
401 2028 902 2094 συναντιλήψεται
938 2027 1112 2093 αὐτῷ,
1153 2029 1249 2081 καὶ
1286 2033 1317 2082 ὀ
1341 2029 1608 2099 ,βραχίων

113 2131 207 2182 μου,
228 2107 566 2184 κατισχῦσει
593 2102 794 2171 αὐτόν.
841 2119 956 2171 Οὐκ
989 2117 1278 2186 ὠφελήσει
1306 2120 1512 2188 ἐχθρός
1540 2121 1608 2171 ἐν

113 2203 258 2271 αὐτῷ,
287 2207 380 2257 καί
425 2204 553 2272 υίὸς
596 2206 841 2275 ἀνομίας
870 2211 940 2261 οὺ
969 2207 1216 2274 κακώσει
1261 2210 1459 2263 αὐτόν.
1498 2211 1605 2262 Καὶ

114 2295 362 2362 συγκόψαι
387 2296 502 2351 ἀπὸ
529 2298 846 2366 προσώπου
876 2300 1056 2352 αὑτοῦ
1086 2299 1223 2365 τοὺς
1248 2300 1492 2367 ἐχθροὺς
1515 2302 1608 2352 αὺ-

113 2383 216 2447 τοῦ,
241 2385 331 2437 καί
363 2384 502 2450 τοὺς
526 2388 851 2455 μισοῦντας
875 2387 1058 2441 αὐτόν
1087 2373 1467 2456 τροπῶσομαί.
1498 2389 1605 2442 Καὶ

111 2476 143 2541 ἡ
166 2473 390 2540 ἀλήθειά
408 2493 527 2544 μου
557 2476 654 2529 καί
679 2476 742 2529 τὸ
781 2479 948 2542 ἔλεός
981 2495 1098 2546 μου
1119 2481 1241 2545 μετ’
1278 2477 1480 2542 αὑτοῦ,
1510 2479 1606 2531 καὶ

113 2562 166 2615 ἐν
189 2563 258 2628 τῷ
292 2566 524 2634 ὀνόματί
559 2583 674 2635 μου
703 2562 1075 2633 ὑψωθήσεται
1103 2569 1167 2620 τό
1208 2568 1379 2634 κέρας
1401 2567 1602 2621 αὑτοῦ.

116 2653 266 2720 ’Δπαξ
300 2655 382 2709 διὰ
416 2655 521 2709 τῶν
547 2655 843 2727 ἔμπροσθεν
884 2657 1254 2732 μνημονεύσας
1276 2660 1304 2710 ό
1334 2655 1484 2732 λόγος
1513 2656 1605 2710 τοῦ

113 2744 260 2814 κέρως
281 2747 333 2799 ἐν
358 2741 436 2808 οἷς
467 2745 587 2816 ἔφη’
627 2747 720 2798 Ἐν
738 2744 810 2814 τῇ
837 2746 1074 2812 εὐδοκίᾳ
1096 2761 1210 2799 σου
1235 2746 1607 2813 ὑψωθήσεται

111 2834 166 2884 τὸ
185 2831 343 2900 κέρας
366 2831 548 2902 ἡμῶν,
580 2834 881 2902 ἀναγκαίως
914 2832 1112 2902 προῖὼν
1135 2832 1369 2885 διδάσκει
1397 2833 1447 2885 τί
1482 2849 1607 2885 ποτε

110 2917 164 2989 ἢν
193 2921 332 2975 τοῦτο
354 2924 413 2976 τὸ
437 2925 620 2994 κέρας,
660 2926 752 2976 καὶ
780 2923 937 2976 πόθεν
964 2920 1100 2992 ἥξει,
1131 2921 1222 2975 καὶ
1251 2923 1362 2986 πῶς
1394 2922 1604 2992 ὑψωθή-

113 3028 257 3066 σεται.
282 3016 367 3081 Διό
394 3032 573 3085 φησιν·
607 3015 725 3069 Ὅτι
745 3015 849 3070 τοῦ
869 3018 1083 3085 Κυρίου
1110 3013 1278 3068 ἐσῒίν
1307 3016 1344 3082 ἡ
1372 3015 1606 3080 ἀντίλη-

111 3103 215 3166 ψις,
247 3105 277 3172 η
308 3070 609 3174 τοῦιέέρως
637 3103 887 3174 δηλονότι.
918 3070 1116 3176 Ιίυρίου
1155 3104 1212 3157 δὲ
1247 3070 1415 3171 ποίου,
1450 3105 1482 3175 ἢ
1515 3070 1604 3156 τοῦ

1707 2020 1920 2073 liabitur
1946 2021 2014 2085 ei,
2042 2027 2092 2073 et
2115 2019 2382 2072 brachium
2410 2036 2579 2072 meum
2605 2019 2912 2088 confartabit
2941 2034 3075 2072 cum.
3106 2016 3227 2072 Non

1703 2109 1937 2176 proﬁciet
1969 2108 2205 2161 inimicus
2246 2108 2299 2160 in
2337 2125 2416 2173 co,
2450 2123 2499 2162 et
2524 2109 2667 2176 ﬁlius
2698 2109 2980 2179 iniquitatis
3011 2123 3111 2162 non
3135 2123 3229 2160 no-

1706 2199 1833 2252 cebit
1858 2200 1923 2252 ei.
1956 2197 2023 2252 Et
2051 2200 2319 2253 concidam
2349 2215 2380 2250 a
2407 2199 2538 2266 facie
2567 2200 2730 2266 ipsius
2759 2199 2992 2252 inimicos
3017 2198 3149 2266 ejus,
3178 2207 3227 2249 et

1706 2287 1929 2342 odientes
1955 2304 2072 2343 eum
2097 2289 2152 2341 in
2177 2289 2353 2358 [ngam
2385 2300 2693 2343 convertam.
2725 2287 2795 2341 Et
2823 2289 3008 2342 veritas
3039 2277 3151 2341 mea
3179 2296 3228 2340 ct

1705 2377 2058 2431 misericordia
2086 2393 2199 2432 mea
2222 2395 2335 2430 cum
2357 2380 2490 2445 ipso,
2517 2388 2566 2431 et
2593 2380 2645 2432 in
2670 2380 2870 2432 nomine
2894 2394 3002 2432 nteo
3028 2378 3232 2431 exalta~

1706 2469 1842 2522 bitur
1886 2485 2044 2522 cornu
2089 2470 2220 2538 ejus.
2271 2469 2406 2523 Cum
2451 2469 2610 2523 semel
2655 2476 2811 2522 antea
2855 2481 3034 2522 sermo
3064 2482 3232 2523 cornu

1703 2560 2092 2623 memoraverit,
2121 2575 2241 2613 cum
2271 2559 2472 2614 diceret
2498 2577 2511 2612 :
2545 2557 2609 2610 In
2631 2558 2943 2624 beneplacito
2967 2567 3056 2610 tuo
3083 2558 3233 2610 exal-

1706 2649 1902 2702 tabitur
1937 2660 2094 2701 c‘ornu
2120 2655 2372 2708 nostrum,
2402 2645 2708 2699 necessario
2736 2645 2890 2698 docet
2917 2646 2970 2698 in
3001 2660 3231 2714 sequen-

1705 2737 1848 2791 tibus
1877 2735 2140 2806 quodnam
2174 2733 2300 2787 illud
2328 2747 2516 2796 cornu,
2542 2731 2682 2786 unde
2709 2741 2989 2785 venturum
3015 2742 3068 2786 et
3096 2748 3230 2802 quo-

1704 2827 1864 2881 modo
1891 2822 2232 2880 exaltandum
2264 2824 2353 2878 sit.
2383 2820 2740 2886 Quamobrem
2774 2821 2923 2887 dicit,
2957 2821 3094 2887 Quia
3120 2820 3230 2875 Dc-

1702 2919 1833 2973 mini
1865 2924 1945 2971 est
1987 2917 2290 2983 assumptio,
2345 2913 2490 2968 illius
2526 2927 2695 2967 cornu
2727 2912 2989 2966 videlicet.
3022 2899 3228 2966 Domini

1706 3013 1882 3060 autem
1919 3001 2220 3070 cuiusnam,
2265 3001 2366 3056 nisi
2411 2998 2799 3076 Sanctilsrael,
2843 3001 2985 3068 regis
3022 3001 3232 3054 nostri?

1705 3094 1824 3165 lpse
1845 3090 2085 3163 namque
2119 3093 2375 3174 Dominus
2416 3092 2495 3147 et'.
2520 3090 2751 3145 Sanctus
2798 3087 2959 3144 Israel
2991 3105 3104 3152 rex,
3139 3089 3234 3144 Dei

121 3190 276 3253 Ἀγίου
291 3193 496 3264 Ἰσραὴλ
513 3183 603 3248 τοῦ
625 3195 881 3265 βασιλέως
901 3195 1081 3266 ήμῶν;
1114 3190 1281 3259 Αὐτὸς
1310 3194 1414 3266 γὰρ
1440 3197 1470 3248 ό
1497 3195 1606 3247 Κύ-

1711 3185 1961 3252 Verbum,
2008 3185 2304 3254 assumptio
2353 3183 2454 3238 erit
2489 3196 2660 3236 cornu
2692 3181 2883 3244 nostri,
2916 3182 2996 3234 uti
3031 3181 3236 3250 pollici-

113 3297 206 3349 ριος
228 3283 313 3334 καὶ
335 3285 362 3335 ὀ
384 3286 568 3352 Ἀγιος
608 3285 699 3338 τοῦ
751 3287 960 3356 Ἰσραὴλ
997 3270 1258 3356 βασιλεὺς,
1291 3289 1319 3339 .6
1344 3285 1436 3338 τοῦ
1472 3285 1605 3339 Θεοῦ

1708 3285 1797 3333 tus
1827 3283 1929 3340 est,
1975 3291 2095 3329 cum
2143 3290 2238 3343 per
2283 3273 2566 3342 prophetas
2616 3283 2914 3326 sermonem
2947 3271 3144 3325 faceret
3170 3271 3237 3324 de

109 3372 270 3436 Λόγος,
301 3373 571 3444 ἀντίληψις
602 3373 748 3427 ἔσται
772 3374 863 3428 τοῦ
889 3377 1061 3446 κέρως
1097 3377 1248 3446 ἡμῶν
1279 3376 1399 3430 καθ’
1424 3376 1486 3438 ἃς
1515 3393 1610 3428 πε·-

110 3462 295 3531 mima:
326 3464 665 3531 ἐπαγγελίας,
694 3465 924 3533 ὁπηνίκα
962 3465 1110 3516 λαλεῖ
1139 3467 1222 3517 διὰ
1255 3466 1360 3516 τῶν
1398 3483 1609 3534 προφη-

105 3551 197 3604 τῶν
224 3554 336 3623 περὶ
374 3553 464 3605 τοῦ
496 3553 770 3623 μέλλοντος
815 3556 877 3605 ὲκ
926 3554 1229 3622 σπέρματος
1275 3555 1433 3608 Δαυῖδ
1481 3571 1608 3624 προσ

107 3640 409 3696 ελεύσεσθαι.
458 3646 584 3697 Ὅτε
624 3644 749 3715 γὰρ,
796 3645 972 3713 φῇσὶν,
1023 3643 1282 3712 ὲλάλησας
1328 3645 1382 3696 ὲν
1427 3644 1606 3712 ὁράσει

105 3732 201 3792 τοῖς
233 3732 395 3799 ἁγίοις
425 3749 536 3795 σου,
563 3733 630 3786 τά
655 3750 712 3785 τε
752 3733 1074 3803 προκείμενα
1115 3723 1424 3802 ὲπηγγείλῶ
1444 3733 1527 3794 σὺ,
1563 3726 1608 3783 ὧ

105 3817 238 3881 Θεὸς,
264 3819 344 3872 διὰ
373 3819 480 3872 τῶν
513 3819 734 3872 σεαυτοῦ
772 3820 900 3873 υίῶν
935 3821 1039 3873 τῶν
1073 3819 1377 3892 προφητῶν,
1406 3813 1484 3883 οἷς
1513 3820 1610 3882 τὰς

105 3909 296 3976 ὁράσεις
318 3910 418 3964 τῶν
458 3909 749 3980 μελλόντων
784 3911 1172 3982 ἀπεκάλυπτες·
1211 3910 1276 3963 δι’
1305 3907 1480 3962 αὐτῶν
1502 3907 1617 3977 γὰρ

105 3998 185 4047 καὶ
211 3998 512 4068 ποιούμενος
551 3999 646 4062 τὰς
682 3997 1001 4066 ἐπαγγελίας
1025 3998 1134 4060 τὰς
1167 3997 1300 4066 πρὸς
1322 3997 1410 4050 τὸν
1430 3995 1606 4058 Δαυτδ,

104 4086 289 4149 τούτοις
319 4089 531 4157 ἐχρήσω
559 4091 671 4152 τοῖς
700 4088 892 4157 λόγοις·
946 4087 1183 4156 Ἐ’θέμην
1200 4086 1484 4154 ,βοήθειαν
1512 4086 1607 4138 ἐπὶ

103 4171 353 4228 δυνατόν·
377 4177 590 4244 ὒψωοα
616 4177 894 4230 ἐκλεκτὸν
914 4176 981 4229 ἐκ
1006 4175 1109 4228 τοῦ
1135 4175 1284 4228 λαοῦ
1302 4192 1436 4243 μου.
1472 4173 1606 4227 Ἀνθ’

102 4259 164 4314 ὧν
189 4267 216 4317 ό
243 4265 523 4336 Σύμμαχος
545 4265 726 4319 τοῦτον
752 4266 1051 4337 ἡρμήνευσε
1081 4267 1170 4318 τὸν
1195 4265 1409 4334 τρόπον·
1448 4265 1609 4318 ἐἶπέ-

100 4355 236 4419 θηκα
272 4355 584 4422 ἀντίληψιν
613 4353 861 4422 ἀνδρῶν,
899 4355 1114 4423 {ithaca
1157 4355 1469 4407 ἐπιλεκτον
1494 4352 1608 4406 ἀπὸ

101 4445 193 4499 τοῦ
214 4447 357 4500 λαοῦ
376 4463 514 4516 μου.
547 4441 737 4513 Εὗρον
761 4444 936 4498 dacto
959 4445 1068 4499 τὸνἐ
1093 4444 1315 4498 δοῦλόν
1344 4461 1482 4512 μου,
1520 4443 1611 4496 καὶ

99 4535 157 4586 τὰ
185 4535 300 4607 ἑξῆς
322 4540 433 4600 τοῖς
473 4524 858 4606 Ἐδδομήκοντα
893 4535 1296 4606 παραπλησίως·
1331 4527 1404 4587 ὧν
1433 4537 1465 4604 ἡ
1495 4534 1609 4586 διὰ-

99 4641 204 4679 νοια
229 4627 408 4681 τοῦτον
436 4627 547 4698 ἔχει
571 4627 660 4679 τὸν
684 4625 894 4697 τρόπον’
930 4625 1105 4680 Πολλὰ
1153 4625 1388 4696 ζητήσας
1422 4625 1480 4676 ἰν
1515 4625 1610 4676 ἁν-

100 4713 314 4782 Θρὼποις
340 4717 486 4781 ἄξιον
515 4719 688 4788 εὑρεῖν
713 4714 967 4784 ἐμαυτοῦ,
1000 4716 1147 4784 μόλις
1183 4714 1310 4768 ποτὲ
1341 4709 1494 4783 εὖρον
1520 4715 1610 4766 τὸν

97 4803 263 4861 δοῦλόν
292 4824 390 4876 μου
417 4808 600 4870 Δαυῖδ,
637 4807 728 4860 τὸν
757 4806 821 4858 δι’
847 4806 1143 4876 ὑπερόολὴν
1162 4805 1436 4867 εὐσεϐείας
1465 4800 1609 4857 οἷκον

97 4894 176 4945 ἐπὶ
201 4892 299 4962 γῆς
323 4897 602 4967 εὐκτήριον
626 4896 746 4963 ὲμοϊ
771 4891 1050 4963 δείμασθαι
1087 4894 1242 4962 μόνον
1264 4891 1371 4944 τῶν
1483 4892 1611 4946 αίῶ-

96 4998 172 5044 νος
197 4982 615 5055 διανενοημένον.
640 4985 835 5056 Διόπερ
861 4982 1086 5054 ἀμοιϐὴν
1115 4975 1260 5065 αῦτῷ
1279 4985 1375 5052 τῆς
1409 4981 1611 5052 ἀγαθῆς

97 5073 179 5124 rat
214 5072 462 5136 εὐσεϐοῦς
502 5076 862 5148 προαιρέσεως
899 5072 1250 5145 δωρούμενος,
1280 5073 1390 5126 ἀνθ’
1413 5065 1473 5126 οὗ
1501 5072 1613 5124 δια-

96 5163 324 5234 νενόηται
369 5162 539 5228 οίκου,
592 5165 750 5229 αὐτὸς
795 5164 1013 5236 ἐμαυτῷ
1059 5164 1189 5218 νεὼν
1239 5163 1494 5231 πανάγιον
1548 5164 1610 5215 ὲκ

98 5254 386 5326 σπέρματος
417 5252 579 5307 αὐτοῦ
610 5256 1013 5311 κατασκιυάσω.
1053 5255 1206 5317 Neri);
1245 5255 1354 5324 γὰρ
1395 5249 1464 5323 ἦν
1493 5255 1522 5306 ὁ
1549 5252 1608 5305 ὲκ

98 5345 385 5416 σπέρματος
416 5342 574 5397 Δαυτδ
594 5344 824 5411 γεγονὼς
843 5342 1121 5416 ἄνθρωπος
1149 5346 1238 5398 τοῦ
1265 5342 1605 5412 κατασκηνώ-

96 5451 267 5499 σαντος
291 5438 344 5488 ὲν
363 5434 509 5505 αὐτῷ
528 5433 660 5488 Θεοῦ
682 5435 871 5503 Λόγου.
903 5441 967 5492 '0
990 5421 1052 5508 δὴ
1082 5439 1173 5491 καὶ
1198 5436 1356 5498 αὐτὸς
1381 5437 1407 5488 ό
1430 5433 1605 5506 Σωτὴρ

95 5526 322 5582 ἐδίδασκε
349 5543 415 5580 πε
424 5527 476 5597 pl.
501 5525 590 5579 τοῦ
621 5526 748 5580 ἰδίου
771 5525 1016 5596 σώματος
1034 5529 1225 5598 λέγων’
1251 5530 1482 5582 Λύσατε
1511 5525 1609 5578 τόν

93 5618 228 5671 ναὸν
250 5617 484 5681 τοῦτον,
516 5618 609 5672 καὶ
632 5618 701 5671 ἐν
724 5617 918 5685 τρισίν
947 5620 1189 5689 ἡμέραις
1211 5618 1387 5688 ἐγερῶ
1408 5617 1616 5674 αὐτόν.

153 5777 194 5809 ⁸⁸
229 5775 390 5833 Iesu.
425 5791 497 5839 ιι,
533 5778 613 5830 ω.

224 5907 238 5916 -
349 5867 617 5931 ΡΑὺιοι..
649 5871 763 5929 Gn.
790 5869 1001 5930 XXIII

1696 3369 1801 3422 'illo
1819 3367 1910 3436 qui
1933 3382 1998 3420 ex
2020 3367 2224 3421 semine
2241 3363 2403 3417 David
2424 3362 2732 3432 proditurus
2757 3369 2891 3414 erat.
2915 3362 3048 3414 Cum
3071 3361 3234 3426 enim,

1708 3457 1901 3526 inquit.
1930 3457 2140 3510 locutus
2160 3471 2218 3509 es
2247 3455 2300 3507 in
2329 3454 2536 3508 visione
2561 3452 2906 3514 sanctistuis,
2937 3460 2989 3505 et
3013 3451 3126 3505 haec
3153 3460 3234 3516 tu,

1708 3545 1868 3610 Deus,
1898 3562 1995 3616 per
2027 3546 2164 3601 ﬁlios
2215 3555 2334 3600 tuos
2357 3543 2640 3614 prophetas
2684 3541 2996 3610 promisisti,
3040 3541 3237 3608 quibus

1709 3634 2011 3691 futurorum
2038 3639 2274 3692 visiones
2305 3635 2575 3698 revelasti,
2605 3647 2699 3703 per
2729 3646 2822 3687 eos
2852 3646 3081 3699 namque
3105 3645 3234 3699 pro-

1709 3726 1994 3780 missiones
2022 3725 2210 3779 Davidi
2238 3725 2463 3789 cdebas;
2487 3732 2615 3778 tunc
2650 3722 2734 3776 bis
2765 3735 2895 3775 usus
2924 3719 3101 3774 verbis
3129 3735 3188 3774 cs
3217 3738 3232 3772 :

1711 3817 1873 3872 Posui
1918 3815 2234 3884 adjutorium
2281 3816 2334 3868 in
2376 3823 2577 3880 potente
2605 3829 2622 3865 :
2654 3811 2879 3865 excitavi
2925 3811 3137 3863 electum
3173 3811 3237 3864 de

1706 3911 1847 3979 plebe
1875 3923 2006 3961 mea.
2042 3903 2167 3973 Pro.
2192 3918 2298 3972 quo
2347 3903 2701 3973 Symmachus
2747 3900 2860 3972 hoc
2883 3905 3037 3968 pacto
3071 3899 3237 3952 inter-

1708 4009 1948 4070 pretatus
1990 4005 2092 4059 est,
2127 3995 2305 4049 .Posui
2338 3992 2678 4060 'adjutorium
2722 3992 2972 4053 virorum,
3012 3991 3238 4043 exallavi

1708 4093 1924 4146 electum
1962 4106 1993 4142 a
2031 4085 2218 4157 populo
2251 4101 2381 4138 meo.
2417 4085 2595 4137 Inveni
2623 4082 2788 4136 David
2820 4096 3020 4146 servum
3047 4097 3235 4146 meum,

1710 4193 1764 4240 et
1783 4184 1985 4253 reliqua
2007 4179 2142 4236 LXX
2173 4175 2594 4246 interpretationi
2615 4173 2809 4229 similia
2836 4192 2850 4226 :
2873 4186 3100 4241 quorum
3128 4172 3238 4224 haec

1709 4282 1796 4330 est
1839 4272 2104 4328 sententia
2137 4287 2152 4324 :
2192 4268 2326 4322 Cum
2367 4267 2421 4320 in
2445 4265 2750 4320 hominibus
2790 4261 2879 4316 diu
2908 4260 3237 4326 multumque

1713 4365 2047 4435 quaesiissem
2074 4362 2247 4414 virum
2281 4373 2378 4415 .me
2425 4358 2664 4426 dignum,
2701 4354 2783 4406 vix
2815 4352 3027 4407 tandem
3061 4349 3236 4404 inveni

1715 4452 1880 4507 David
1925 4465 2140 4506 servum
2183 4454 2384 4512 meum,
2429 4445 2520 4513 qui
2551 4441 2748 4511 ingenti
2797 4442 2991 4509 pietate
3035 4444 3235 4508 motus,

1713 4545 1862 4600 solus
1887 4557 1953 4597 ex
1981 4542 2049 4596 iis
2076 4541 2168 4611 qui
2195 4554 2225 4592 a
2255 4536 2450 4592 saeculo
2479 4533 2694 4587 fuerunt
2723 4531 2938 4584 domum
2962 4527 3088 4581 mihi
3114 4541 3238 4580 ora-

1712 4633 1877 4688 tionis
1905 4637 2182 4685 exstruere
2204 4625 2474 4696 c'ogitavit.
2503 4624 2682 4687 Quare
2705 4621 2830 4673 boni
2857 4619 3036 4688 piique
3060 4617 3238 4672 consi-

1711 4723 1768 4778 lii
1794 4723 1961 4776 vicem
1991 4719 2093 4787 ipsi
2131 4716 2450 4786 rependens,
2491 4727 2588 4782 pro
2624 4711 2785 4766 domo
2814 4724 2974 4779 quam
3005 4709 3238 4764 excitare

1708 4810 1898 4872 voluit,
1923 4808 2050 4862 mihi
2082 4822 2148 4861 ex
2179 4804 2381 4859 semine
2406 4804 2523 4871 ejus
2551 4801 2806 4869 templum
2839 4798 3236 4854 sanctissimum

1712 4898 2002 4955 adornabo.
2016 4895 2147 4948 Nam
2167 4893 2257 4962 qui
2277 4907 2339 4947 ex
2361 4892 2562 4947 semine
2583 4888 2751 4943 David
2774 4887 2946 4942 iactus
2961 4895 3042 4941 est
3059 4885 3236 4944 homo.

1711 4990 1802 5046 Dei
1847 4985 2007 5042 Verbi
2048 4987 2104 5040 in
2140 4986 2258 5054 ipso
2303 4982 2593 5036 habitantis
2621 4980 2874 5050 templum
2915 4983 3048 5032 erat.
3090 4974 3237 5039 Quod

1711 5058 1872 5138 etiam
1899 5078 2145 5132 Salvator
2175 5077 2288 5139 ipse
2309 5071 2535 5129 docebat
2547 5071 2616 5126 de
2645 5085 2870 5141 corpore
2886 5082 2994 5124 suo
3021 5065 3236 5119 dicens:

1714 5169 1902 5225 Solvite
1915 5163 2155 5233 templum
2166 5164 2278 5227 hoc,
2296 5174 2345 5217 et
2361 5164 2413 5216 in
2427 5155 3018 5228 tribusdiebusescitabo
3033 5151 3166 5207 illud
3176 5154 3238 5206 '.'.

1716 5260 1887 5328 Atque
1920 5253 2203 5310 admodum
2232 5260 2590 5325 congruenter
2613 5246 2957 5321 promissioni
2989 5244 3055 5298 ad
3088 5243 3243 5298 Davi—

1714 5349 1834 5406 dem
1864 5347 2034 5410 facta,
2064 5342 2209 5399 Deus
2236 5345 2342 5414 ipsi
2368 5344 2544 5399 vicem
2579 5337 2838 5416 rependit;
2882 5335 3019 5402 Quia
3060 5335 3241 5404 igitur,

1714 5439 1905 5510 inquit,
1942 5434 2192 5489 idoneum
2221 5443 2274 5489 et
2303 5433 2524 5504 dignum
2558 5427 2973 5501 promissionum
3006 5437 3242 5477 mearum

1715 5526 1886 5580 virum
1914 5522 2110 5595 reperi,
2143 5519 2396 5576 Davidem
2430 5520 2670 5583 scilicet;
2701 5514 2820 5570 ideo
2843 5514 3018 5584 ipsum
3048 5510 3245 5563 auxilio

1715 5606 1834 5672 meo
1855 5613 2104 5684 dignatus
2150 5627 2290 5679 sum,
2321 5611 2558 5664 electum
2589 5606 2878 5670 declaravi,
2901 5613 2955 5658 et
2981 5608 3250 5670 super-tm

2905 5861 2981 5916 35
