3976 6356
738 457 862 516 ιω(

1411 447 1676 511 EUSEBll
1708 447 2182 513 CESARIENSIS
2213 453 2362 513 OPP.
2394 453 2572 513 PARS
2607 451 2696 515 Ill.
2725 488 2796 501 --
2832 448 3233 512 EXEGETICA.

3821 461 3929 515 “00

734 580 846 628 tum
885 569 1140 640 pupulum
1175 567 1431 625 exaltavi.
1486 568 1567 625 Ad
1618 570 1732 626 haec
1790 586 1939 635 vero,
1992 572 2118 640 quia
2166 586 2265 643 pos

2395 573 2503 627 Kal.
2540 574 2738 644 σφόδρα
2774 590 2836 641 γε
2869 571 3213 642 καταλλήλως
3252 574 3317 642 τῇ
3346 569 3442 624 τοῦ
3469 572 3633 626 Δαυτδ
3661 574 3929 645 ἐπαγγελίᾳ

731 661 953 715 multam
989 659 1460 730 perquisitionem,
1510 661 1686 731 ipsum
1731 662 1904 716 solum
1946 662 2290 731 pollicitatio-

714 766 858 805 rnum
899 765 1141 805 mearum
1173 750 1396 821 dignum
1429 751 1639 819 inveni;
1688 752 1845 807 talem
1871 753 2287 823 deprehensum,

727 838 951 912 dignum
983 840 1112 895 item
1143 840 1309 895 habui
1334 843 1425 912 qui
1455 842 1577 895 oleo
1605 848 1798 896 sancto
1830 858 1950 896 meo
1973 850 2285 913 ungeretur,
2342 896 2347 901 ,

724 946 837 1001 quo
862 932 1038 1001 ipsum
1067 931 1221 986 elIeci
1245 932 1543 1007 Christum,
1573 940 1629 987 et
1655 934 1773 988 haec
1807 935 1883 989 illi
1915 950 1999 989 me
2029 936 2287 990 beneﬁcia

725 1022 1053 1077 collaturum
1076 1023 1366 1092 polliceor:
1398 1022 1625 1077 Dextera
1654 1041 1766 1079 mea
1789 1027 2013 1093 ﬁrmiter
2044 1027 2143 1094 ipsi
2165 1027 2288 1080 ade-

726 1114 821 1179 rit,
853 1124 902 1169 et
943 1114 1210 1168 brachium
1261 1132 1430 1169 meum
1483 1117 1801 1185 confortabit
1844 1135 1961 1171 eum
1995 1135 2011 1172 :
2044 1120 2284 1172 inimicus

721 1221 843 1261 eum
892 1222 996 1259 non
1048 1204 1304 1276 decipiet,
1354 1223 1513 1276 neque
1559 1208 1703 1276 ﬁlius
1760 1210 2049 1279 iniquitatis
2097 1212 2283 1281 aﬂliget

721 1313 859 1353 eum.
890 1295 1004 1352 Imo
1034 1300 1193 1351 etiam
1225 1297 1493 1352 concidam
1526 1298 1579 1351 in
1609 1310 1883 1369 conspectu
1911 1302 2022 1369 ejus
2053 1301 2281 1355 odientes

721 1404 861 1449 eum,
907 1399 954 1442 et
1001 1389 1277 1459 aﬂligentes
1320 1404 1437 1441 eum
1480 1390 1768 1456 percutiam
1800 1405 1820 1443 ε
1850 1392 2186 1458 con/irmatio
2233 1400 2282 1443 et

721 1476 897 1545 gratia
933 1493 1047 1531 mea
1090 1476 1257 1531 aderit
1288 1478 1407 1545 ipsi.
1462 1476 1526 1530 Et
1568 1477 1683 1532 htEC
1723 1480 1939 1550 quidem
1971 1480 2150 1533 omnia
2180 1480 2280 1549 ipsi

721 1565 972 1631 aderunt,
1025 1567 1322 1622 secundum
1387 1565 1697 1636 Symmachi
1755 1571 2277 1639 interpretationem.

720 1654 1027 1712 Secundum
1056 1656 1197 1711 LXX
1225 1673 1372 1721 vero,
1401 1656 1594 1711 Manus
1629 1676 1764 1722 mea,
1806 1660 2001 1729 inquit,
2050 1660 2281 1712 auxilia-

718 1748 857 1801 bitur
902 1750 968 1812 ei,
1009 1758 1058 1802 et
1104 1748 1373 1803 brachium
1424 1765 1591 1802 meum
1635 1749 1953 1817 confortabit
1982 1765 2098 1802 eum
2128 1764 2146 1801 :
2177 1766 2279 1801 non

714 1840 950 1908 proficiet
980 1840 1220 1894 inimicus
1253 1842 1308 1893 in
1329 1856 1409 1904 eo,
1438 1848 1488 1893 et
1512 1839 1654 1909 ﬁlius
1684 1840 1979 1910 iniquitatis
2014 1857 2115 1895 non
2148 1841 2279 1909 afﬂi-

2393 663 2483 715 καὶ
2504 664 2532 714 6
2557 662 2686 726 Θεὸς
2710 664 2809 733 τὴν
2834 662 2970 732 πρὸς
2991 654 3152 713 αὑτὸν
3180 660 3408 731 ἀμοιϐὴν
3431 662 3747 734 ἐποιήσατο.
3781 664 3927 717 Ἐπει-

2390 753 2453 823 δὴ
2502 753 2697 818 τοίνυν,
2749 754 2931 822 φησιν,
2980 750 3279 822 ἐπιτήδειον
3325 746 3482 822 εὗρον
3530 754 3627 806 καὶ
3673 752 3817 818 ἄξιον
3842 756 3926 806 τῶν

2390 842 2538 913 ἐμῶν
2570 844 2907 911 ἐπαγγελιῶν
2953 843 3045 895 τὸν
3093 841 3269 905 Δαυῖδ,
3322 842 3409 896 διὰ
3438 843 3597 897 τοῦτο
3643 846 3924 915 κατηξίωσα

2388 932 2547 985 αὐτὸν
2580 934 2677 1002 τῆς
2704 932 2843 1002 ἐμῆς
2875 930 3146 1001 βοηθείας,
3184 930 3434 983 ἐκλεκτὸν
3462 932 3621 985 αὑτὸν
3648 933 3923 1003 ἀποφήνας.

2390 1025 2480 1076 καὶ
2524 1024 2661 1094 ὑπὲρ
2704 1024 2880 1076 πάντα
2921 1022 3011 1073 τὸν
3050 1022 3177 1075 λαὸν
3203 1021 3509 1091 ἀνυψώσας.
3553 1023 3667 1075 Καὶ
3705 1022 3783 1074 ἔτι
3818 1023 3925 1092 πρὸς

2386 1098 2592 1176 τούτοις
2632 1112 2817 1184 ἐπειδὴ
2866 1112 3033 1166 πολλὰ
3078 1112 3338 1183 ζητήσας,
3387 1113 3543 1182 μόνον
3587 1113 3754 1165 αὑτὸν
3796 1108 3926 1183 εὗρον

2386 1204 2533 1271 ἄξιον
2566 1204 2673 1257 τῶν
2707 1204 2854 1274 ἐμῶν
2887 1204 3247 1272 ἐπαγγελιῶν,
3285 1205 3380 1258 καὶ
3420 1203 3597 1275 εὑρὼν
3639 1205 3923 1275 κατηξίωσα

2384 1295 2613 1365 κρίσεως
2655 1294 2749 1347 τοῦ
2792 1296 2948 1364 ἁγίου
2984 1314 3083 1367 μου
3124 1297 3328 1358 ἐλαίου,
3365 1296 3430 1349 δι’
3462 1289 3523 1349 οὗ
3576 1296 3675 1351 καὶ
3722 1298 3923 1368 Χριστὸν

2382 1388 2543 1440 αὑτὸν
2584 1388 3026 1459 ἀπειργασάμην,
3080 1390 3171 1440 καὶ
3212 1387 3385 1441 ταῦτα
3422 1386 3569 1458 αὑτῷ
3600 1387 3921 1457 δωρήσασθαι

2382 1472 2799 1549 ἐπαγγέλλομαι·
2843 1480 2903 1534 'H
2920 1478 3087 1542 δεξιά
3103 1496 3221 1547 μου
3244 1476 3501 1543 βεϐαίως
3523 1478 3815 1533 συνέστω
3837 1480 3920 1530 a13-

2380 1568 2479 1634 τῷ,
2532 1570 2629 1623 καὶ
2663 1573 2693 1623 ό
2718 1570 2988 1637 βραχίων
3032 1587 3151 1638 μου
3201 1567 3515 1635 στερεώσει
3564 1570 3772 1623 αὐτόν.
3820 1571 3918 1622 Οὐκ

2378 1659 2742 1728 ἐξαπατήσει
2776 1662 2959 1713 αὑτὸν
2989 1658 3222 1729 ἐχθρὸς,
3248 1658 3389 1717 οὐδὲ
3412 1660 3538 1725 υἱὸς
3567 1660 3802 1727 ἀδικίας
3834 1676 3917 1713 κα-

2378 1750 2555 1805 κώσει
2574 1752 2776 1805 αὐτόν.
2812 1750 2987 1809 Ἀλλὰ
3014 1750 3113 1803 καὶ
3143 1753 3429 1820 συγκόψαι
3456 1750 3574 1805 ἀπὸ
3604 1751 3920 1821 ἔμπροσθεν

2378 1840 2563 1894 αὐτοῦ
2614 1839 2755 1907 τοὺς
2790 1839 3123 1910 μισοῦντας
3170 1841 3375 1905 αὑτὸν,
3425 1842 3523 1895 καὶ
3573 1843 3718 1910 τοὺς
3764 1860 3915 1897 κακο-

714 1941 795 2002 get
825 1934 1014 2001 ipsum.
1059 1930 1127 1985 Et
1152 1929 1425 1985 concidam
1459 1948 1491 1983 a
1518 1925 1653 1999 facie
1677 1930 1839 1998 ipsius
1874 1931 2112 1984 inimicos
2142 1930 2266 2000 ejus,

2380 1932 2697 1998 ποιοῦντας
2723 1931 2910 1987 αὑτὸν
2940 1930 3200 1994 πατᾶξω·
3234 1934 3272 2001 ri
3303 1932 3371 1986 δὲ
3401 1933 3730 2001 ,βεϐαίωσις
3770 1935 3859 1988 καὶ
3887 1937 3915 1997 ἠ

712 2034 763 2078 et
789 2023 1016 2077 odientes
1038 2040 1155 2077 eum
1187 2024 1241 2075 in
1280 2022 1457 2091 fugam
1495 2030 1811 2077 convertam.
1843 2019 1912 2074 Et
1939 2023 2129 2075 veritas
2160 2037 2276 2074 mea

610 2136 618 2157 ί
707 2124 762 2169 et
792 2113 1154 2169 misericordia
1186 2129 1301 2167 mea
1328 2124 1447 2166 cum
1481 2112 1623 2180 ipso;
1671 2127 1733 2166 ac
1763 2111 1979 2167 demum
2010 2121 2133 2183 post
2159 2112 2273 2167 haec

708 2207 913 2270 omnia,
944 2206 996 2259 in
1032 2206 1236 2259 nomine
1266 2221 1376 2258 meo
1405 2202 1727 2259 exaltabitur
1766 2221 1929 2259 cornu
1961 2204 2098 2273 ejus.

2378 2019 2550 2090 χάρις
2587 2020 2706 2089 μοῦ
2750 2021 3042 2075 συνέσται
3079 2020 3254 2086 αὐτῷ.
3296 2022 3407 2075 Καὶ
3440 2022 3611 2078 ταῦτα
3660 2024 3760 2094 μὲν
3790 2026 3917 2094 αὐτῴ

2378 2111 2552 2164 πάντα
2598 2110 2750 2163 ἔσται
2794 2110 2936 2165 κατὰ
2982 2110 3079 2184 τὴν
3120 2111 3213 2165 τοῦ
3265 2113 3561 2186 Συμμάχου
3616 2116 3913 2186 ἑρμηνείαν·

2378 2202 2521 2256 κατὰ
2567 2202 2624 2256 δὲ
2671 2204 2795 2266 τοὺς
2855 2203 3284 2275 Ἑϐδομήκοντα·
3329 2206 3391 2260 Ἡ
3432 2207 3561 2275 χείρ
3593 2226 3737 2276 μου,
3783 2212 3915 2277 φησὶ,

709 2300 1222 2369 συναντιλήψεται
1264 2299 1442 2364 αὐτῷ,
1483 2300 1581 2353 καὶ
1623 2302 1654 2354 ὁ
1681 2300 1951 2369 ,βραχίων
1974 2317 2093 2369 μου
2122 2299 2475 2368 κατισχύσει
2522 2296 2727 2375 αὑτόν.
2785 2299 2907 2351 Οὐκ
2951 2296 3246 2365 ὠφελήσει
3290 2298 3502 2367 ἐχθρὸς
3537 2299 3605 2351 ἐν
3638 2298 3914 2364 aermna!

707 2392 840 2458 υίὸς
871 2392 1122 2461 ἀνομίας
1146 2394 1218 2445 οὑ
1238 2389 1494 2444 κακώσει
1521 2391 1723 2452 αὐτόν.
1750 2390 1859 2445 Kal
1886 2392 2172 2461 συγκόψω
2200 2390 2316 2445 ἀπὸ
2342 2387 2663 2457 προσώπου
2693 2386 2879 2441 αὑτοῦ
2918 2382 3075 2453 τοὺς
3094 2387 3347 2457 ἐχθροὺς
3384 2388 3591 2454 αὑτοῦ,
3639 2389 3740 2444 καὶ
3792 2391 3913 2453 τοὺς

705 2482 1034 2553 μισοῦντας
1067 2482 1254 2536 αὑτὸν
1271 2481 1664 2552 τροπώσομαι.
1687 2483 1796 2538 Kal
1830 2484 1868 2551 ἠ
1897 2482 2143 2547 ἀλήθειά
2163 2499 2281 2552 μου
2318 2480 2418 2535 καὶ
2442 2478 2510 2534 τὸ
2527 2479 2695 2541 ἔλεός
2716 2496 2832 2541 μου
2854 2478 2980 2543 μετ’
3014 2479 3219 2533 αὑτοῦ·
3255 2478 3352 2533 καὶ
3372 2479 3546 2547 τέλος
3567 2483 3723 2552 μετὰ
3749 2481 3913 2535 ταῦτα

705 2569 922 2635 πάντα,
956 2571 1025 2624 ὲν
1046 2570 1126 2635 τῷ
1153 2571 1397 2641 ὀνόματί
1422 2590 1539 2641 μου
1572 2571 1952 2641 ὑψωθήσεται
1980 2572 2045 2626 τὸ
2082 2571 2258 2640 κέρας
2280 2572 2487 2627 αὑτοῦ.

776 2687 890 2744 Hoc
928 2698 1108 2746 autem
1151 2705 1319 2746 cornu
1368 2691 1487 2761 ejus
1531 2707 1597 2747 ex
1644 2692 1763 2763 ipso
1802 2692 2164 2762 proditurum,
2213 2696 2268 2743 et

705 2782 971 2853 templum
999 2797 1065 2838 ex
1115 2783 1326 2838 semine
1351 2783 1525 2854 ipsius
1568 2783 1702 2837 mihi
1742 2774 2217 2838 excitandum'est
2250 2798 2263 2834 :

726 2888 991 2945 psumque
1020 2888 1191 2928 cornu
1227 2873 1348 2943 ejus
1394 2875 1451 2927 in
1489 2874 1709 2928 nomine
1752 2888 1874 2928 meo
1902 2872 2263 2939 exaltabitur;

715 2965 927 3020 nomine
978 2966 1179 3035 quippe
1233 2972 1289 3019 et
1354 2964 1738 3035 appellatione,
1766 2979 1885 3018 mea
1933 2962 2262 3034 dignabitur.

704 3055 1249 3111 Denominationibus
1272 3053 1415 3110 enim
1457 3054 1594 3110 meis
1626 3052 2051 3125 nuncupabitur,
2085 3059 2139 3108 et
2168 3067 2265 3121 ap-

702 3148 1092 3220 pellationibus
1141 3160 1357 3219 quoque
1403 3145 1540 3201 meis
1586 3144 1729 3216 apud
1767 3160 1958 3201 omnes
2000 3143 2264 3199 exaltabi-

2443 2686 2613 2741 Τοῦτο
2643 2688 2700 2741 δὲ
2727 2689 2788 2742 τὸ
2816 2687 2983 2760 κέρας
3013 2687 3179 2741 αὑτοῦ
3213 2686 3273 2742 τδ
3307 2688 3499 2758 μέλλον
3527 2694 3587 2755 ἐξ
3613 2689 3779 2745 αὑτοῦ
3805 2709 3914 2761 προσ

2370 2779 2704 2843 ελεύσεσθαι,
2727 2781 2820 2833 καὶ
2843 2783 2871 2834 6
2897 2780 3033 2845 νεὼς
3061 2783 3089 2835 6
3116 2784 3180 2835 ἐκ
3203 2781 3513 2853 σπέρματος
3535 2783 3697 2837 αὐτοῦ
3726 2784 3915 2855 μέλλων

2374 2885 2463 2939 μοι
2497 2870 3017 2935 κατασκευάζεσθαι·
3057 2872 3194 2941 ὅπερ
3234 2872 3399 2943 κέρας
3436 2874 3601 2927 αὑτοῦ
3632 2876 3689 2928 ὲν
3716 2874 3790 2945 τῷ
3817 2876 3889 2927 ὸνι

2372 2960 2501 3031 ματί
2535 2978 2637 3031 μου
2669 2960 3029 3033 ὑψωθήσεται·
3059 2961 3518 3034 καταξιωθήσεται
3550 2964 3660 3037 γὰρ
3679 2966 3773 3019 τοῦ
3798 2966 3911 3035 ἐμοῦ

2367 3051 2630 3122 ὀνόματος
2672 3053 2767 3104 καὶ
2812 3054 2912 3123 τῆς
2960 3054 3099 3125 ἐμῆς
3150 3058 3536 3127 προσηγορίας.
3594 3057 3910 3127 Χρηματὶσει

2368 3141 2499 3210 γοῦν
2531 3143 2625 3197 καὶ
2656 3141 2787 3196 αὐτὸ
2810 3145 2921 3208 τοῖς
2950 3146 3103 3216 ἐμοῖς
3134 3138 3561 3218 χρηματισμοῖς,
3600 3150 3692 3202 καὶ
3715 3149 3801 3202 διὰ
3822 3149 3914 3201 τῶν

702 3248 813 3295 tur.
864 3238 1228 3305 Quamobrem
1275 3237 1527 3308 superius
1564 3235 1868 3302 dicebatur,
1918 3234 1990 3289 Et
2027 3233 2085 3288 in
2113 3233 2264 3287 bene-

2369 3233 2517 3303 ἐμῶν
2545 3234 2926 3306 προσηγοριῶν
2952 3237 3100 3309 παρὰ
3125 3240 3236 3301 τοῖς
3264 3240 3426 3293 πᾶσιν
3452 3240 3812 3310 ὑψωθήσεται.
3838 3241 3913 3292 Διὸ

698 3330 895 3401 placito
922 3339 1011 3387 tuo
1041 3328 1363 3386 exaltabitur
1404 3332 1567 3383 cornu
1597 3340 1855 3382 nostrum.
1899 3325 2005 3382 Sed
2032 3325 2265 3397 prophe-

2372 3324 2466 3377 καὶ
2494 3324 2552 3377 ἐν
2579 3326 2693 3388 τοῖς
2727 3324 3032 3396 ἔμπροσθεν
3070 3326 3306 3397 ἐλέγετο,
3334 3328 3445 3385 Καὶ
3478 3330 3550 3383 ἐν
3588 3329 3667 3398 τῇ
3690 3329 3907 3395 εὐόοιίς·

699 3431 879 3477 tarum
910 3422 1130 3492 quidem
1172 3422 1374 3477 chorus
1415 3422 1495 3477 sic
1535 3422 1785 3491 superius
1820 3418 1988 3473 Deum
2025 3418 2260 3489 alloque-

698 3511 883 3579 batur,
933 3511 1001 3566 Et
1033 3513 1089 3567 in
1139 3512 1459 3582 beneplacito
1493 3521 1582 3566 tuo
1613 3508 1937 3566 exattabitur
1967 3524 2129 3563 cornu
2168 3525 2265 3562 no-

693 3616 910 3673 strum;
946 3604 1057 3672 jam
1102 3618 1235 3658 vero
1272 3603 1389 3674 ipse
1421 3601 1583 3665 Deus,
1607 3601 1877 3672 promissa
1908 3599 2096 3655 Davidi
2136 3599 2262 3656 data

697 3696 950 3761 efferens,
970 3706 1163 3750 caetera
1190 3697 1371 3751 omnia
1405 3695 1489 3750 his
1508 3695 1781 3767 obsignat,
1814 3695 1881 3749 In
1914 3694 2120 3749 nomine
2150 3709 2261 3747 meo

697 3786 1023 3841 excitabitur
1050 3802 1213 3842 cornu
1246 3787 1382 3858 ejus,
1418 3787 1695 3845 Christum
1726 3804 1793 3844 ex
1816 3802 1882 3842 eo
1919 3784 2259 3856 proditurum

698 3879 1013 3952 signiﬁcans
1035 3924 1049 3947 ,
1079 3882 1172 3951 qui
1202 3896 1310 3936 non
1340 3880 1502 3937 modo
1530 3881 1938 3953 prophetarum,
1972 3879 2066 3936 sed
2096 3878 2259 3933 etiam

698 3968 918 4029 Davidis
956 3987 1128 4027 cornu
1170 3980 1398 4029 vocatur
1422 3994 1434 4028 :
1459 3973 1526 4030 de
1567 3988 1676 4045 quo
1723 3972 1826 4029 sub
1872 3982 1985 4027 haec
2025 3969 2256 4039 adjicit:

697 4083 769 4105 ι·-
788 4062 955 4121 Vens.
986 4064 1177 4120 26-29.
1208 4063 1276 4118 Et
1313 4080 1506 4133 ponam
1549 4067 1604 4119 in
1631 4066 1770 4119 mari
1799 4080 2013 4118 manum
2038 4062 2174 4132 ejus,
2210 4070 2260 4115 et

695 4156 750 4210 in
779 4156 1085 4225 ﬂuminibus
1114 4154 1383 4210 dexteram
1409 4156 1544 4225 ejus.
1582 4153 1702 4224 Ipse
1728 4154 1987 4210 invocabit
2015 4168 2116 4215 me,
2149 4150 2259 4205 Pa-

701 4254 778 4299 ter
808 4261 951 4300 meus
986 4261 1039 4299 es
1074 4253 1149 4308 tu,
1180 4243 1323 4298 Deus
1358 4260 1501 4298 meus
1522 4255 1571 4297 et
1598 4254 1865 4312 susceptor
1890 4243 2080 4298 salutis
2108 4256 2253 4295 mea.

693 4334 768 4389 'Et
798 4353 891 4407 ego
919 4337 1318 4407 primogenitum
1338 4345 1529 4403 ponam
1557 4334 1730 4397 illum,
1757 4334 2018 4388 excelsum
2042 4346 2151 4400 pra:
2177 4348 2258 4385 re-

692 4425 1039 4496 yibusterrae.
1078 4424 1146 4480 In
1188 4436 1437 4481 a'ternum
1478 4424 1692 4479 servabo
1732 4425 1813 4477 illi
1844 4420 2257 4477 misericordiam

693 4531 887 4580 meum,
921 4524 971 4569 et
1002 4525 1366 4570 testamentum
1399 4530 1567 4569 meum
1589 4512 1743 4583 ﬁdele
1762 4514 1881 4581 ipsi.
1913 4511 1969 4566 Si
2003 4512 2126 4582 quis
2160 4512 2258 4566 bo-

2368 3431 2485 3472 σου
2514 3416 2895 3486 ὑψωθήσεται
2926 3419 2991 3473 τὸ
3024 3419 3200 3490 κέρας
3235 3421 3420 3491 ἡμῶν.
3460 3422 3600 3476 Ἀλλ’
3632 3426 3661 3477 6
3694 3423 3790 3494 μὲν
3820 3423 3907 3474 τῶι

2369 3508 2658 3581 προφητῶν
2689 3510 2844 3582 χορὸς
2885 3511 3021 3582 πρὸς
3061 3512 3154 3565 τὸν
3198 3512 3331 3567 θεὸν
3371 3514 3637 3585 ἀνεφώνει
3673 3514 3903 3586 πρότεροι

2366 3598 2557 3670 λέγων,
2590 3602 2699 3656 Kal
2713 3596 2865 3671 ἐνεῇ
2884 3601 3127 3673 εὐδοκία
3142 3620 3257 3659 σου
3272 3594 3653 3675 ὑψωθήσεται
3673 3606 3738 3659 τὸ
3755 3604 3905 3673 κέρα(

2365 3688 2550 3760 ήμῶν·
2583 3690 2742 3753 αὐτὸς
2772 3691 2829 3743 δὲ
2854 3690 2949 3745 νῦν
2979 3691 3009 3743 6
3040 3690 3172 3756 Θεὸς
3203 3691 3299 3755 τὰς
3327 3693 3660 3760 ἐπαγγελίας
3687 3691 3811 3761 περὶ
3828 3690 3897 3741 to?

2366 3780 2527 3833 Δαυῖδ
2552 3780 2889 3853 ποιούμενος,
2916 3783 3578 3854 ἐπισφράγισμαθπάντων
3611 3782 3901 3854 προστίθης’

2367 3871 2459 3926 καὶ
2486 3873 2567 3935 τὸ,
2600 3873 2695 3925 Ἐν
2725 3870 2805 3936 τῷ
2832 3872 3075 3938 ὀνόματί
3105 3890 3224 3942 μου
3252 3874 3639 3943 ὑψωθήσεται
3665 3875 3729 3927 τὸ
3753 3874 3892 3941 nepa:

2364 3962 2569 4035 αὑτοῦ,
2595 3964 2685 4016 τὸν
2719 3962 2778 4029 ἐξ
2812 3964 2977 4019 αὐτοῦ
3017 3964 3474 4037 προελευσόμενον
3502 3965 3736 4035 Χριστὸν
3760 3962 3893 4033 δηλώ
3966 3992 3967 3995 η

2367 4070 2483 4118 “Co
2517 4056 2683 4127 κέρας
2714 4056 2774 4110 οὺ
2820 4056 2980 4125 μόνον
3020 4058 3115 4112 καὶ
3140 4055 3453 4128 προφητῶν,
3480 4055 3620 4109 ἀλλὰ
3646 4055 3737 4108 καὶ
3762 4056 3887 4109 αὐτο*

2362 4148 2456 4202 τοῦ
2490 4149 2649 4202 Δαυῖδ
2675 4150 3083 4222 ὠνομασμένον·
3111 4149 3239 4220 περὶ
3263 4141 3324 4202 οὗ
3352 4148 3480 4217 ἑξῆς
3514 4149 3773 4217 ἐπιλέγει·
3812 4151 3884 4201 Ka

2363 4238 2621 4309 θήσομαι
2657 4241 2726 4294 ἐν
2765 4240 3044 4310 θαλάσσῃ
3093 4240 3261 4310 χεῖρα
3282 4240 3488 4303 αὑτοῦ,
3516 4240 3615 4296 καὶ
3643 4240 3711 4295 ἐγ
3747 4255 3900 4307 3cm.-

2356 4330 2725 4399 μοῖςιδεξιὰν
2754 4333 2960 4389 αὑτοῦ.
3001 4334 3186 4399 Αὐτὸς
3233 4331 3657 4386 ὲπικαλέσεταί
3684 4348 3779 4401 με·
3804 4333 3901 4385 Ila-

2362 4421 2471 4489 τήρ
2503 4439 2620 4490 μου
2660 4419 2863 4489 εἷισὺ,
2907 4426 3045 4491 Θεό(
3086 4441 3206 4493 μου
3252 4423 3351 4476 καὶ
3397 4422 3772 4493 arruner
3814 4420 3901 4488 τῆς
3964 4428 3965 4431 “

2360 4513 2653 4580 σωτηρίας
2670 4531 2806 4581 μου·
2841 4515 3001 4585 κάγὼ
3032 4516 3408 4583 πρωτότοκον
3434 4512 3689 4583 θήσομαι
3715 4514 3899 4569 αὑτὸν.

696 4615 817 4659 rum
842 4608 1163 4662 sententiam
1190 4607 1501 4663 accuratius
1537 4604 1856 4678 perpendat,
1892 4604 2005 4658 haec
2042 4618 2152 4672 non
2189 4602 2255 4658 de

2369 4604 2605 4672 ὑψηλὸν
2632 4605 2791 4672 παρὰ
2835 4605 2959 4672 τοῖς
3001 4605 3332 4670 βασιλεῦσι
3368 4604 3478 4674 τῆς
3519 4605 3655 4674 τῆς.
3688 4607 3790 4673 Ely
3816 4608 3901 4659 τὸν

696 4694 923 4761 Davide,
954 4697 1048 4753 sed
1077 4698 1145 4753 de
1173 4712 1369 4761 cornu,
1405 4700 1548 4769 quod
1580 4711 1645 4754 ex
1684 4697 1886 4752 Davide
1914 4696 2254 4767 proditurum

693 4796 833 4853 erat,
854 4791 1216 4858 prtenuntiata
1240 4806 1363 4845 esse
1380 4790 1763 4861 deprehendet.
1790 4787 1923 4843 Nam
1940 4804 2066 4843 cum
2084 4786 2258 4841 dixis-

696 4888 799 4947 set,
842 4879 909 4934 Et
940 4880 994 4934 in
1048 4882 1255 4936 nomine
1296 4898 1407 4936 meo
1449 4883 1774 4936 excitabitur
1811 4895 1977 4935 cornu
2016 4880 2152 4949 ejus,
2188 4878 2255 4933 de

694 4980 867 5021 cornu
899 4966 992 5021 illo
1014 4968 1196 5022 statim
1230 4968 1533 5036 subiunxit,
1562 4970 1765 5024 Portam
1789 4971 1845 5023 in
1875 4972 2014 5024 mani
2041 4985 2253 5023 manuni

694 5057 829 5124 ejus,
854 5056 1064 5111 scilicet
1090 5071 1261 5111 cornu
1292 5058 1459 5120 illius,
1493 5066 1548 5113 et
1571 5070 1763 5113 cetera
1796 5079 1808 5113 :
1832 5074 1952 5129 qua:
1975 5058 2157 5112 omnia
2184 5056 2252 5111 ad

696 5147 970 5203 Christum
1002 5163 1069 5202 ex
1101 5148 1308 5203 semine
1338 5147 1507 5204 David
1526 5151 1860 5205 nasciturum
1891 5149 2096 5205 referre
2120 5162 2253 5201 con-

698 5236 862 5290 venit.
904 5236 1039 5291 Nam
1073 5238 1121 5292 si
1151 5237 1274 5307 quis
1306 5238 1494 5293 istbaec
1525 5254 1633 5293 non
1678 5254 1744 5293 eo
1777 5239 1938 5294 modo
1967 5236 2250 5306 intelligat,

700 5326 795 5380 sed
830 5326 898 5381 ad
928 5325 1184 5387 Davidem
1221 5328 1440 5394 referat,
1484 5330 1655 5400 ipsius
1683 5346 1814 5386 sane
1840 5330 2113 5386 sententia
2142 5342 2253 5382 non

700 5417 999 5473 consistet:
1031 5422 1303 5490 quomodo
1335 5423 1477 5477 enim
1516 5422 1655 5477 Deus
1686 5422 1904 5477 Davidis
1936 5433 2157 5476 manum
2199 5419 2251 5474 in

695 5512 837 5565 mari
866 5513 1110 5583 posuerit
1135 5525 1189 5569 et
1228 5515 1283 5569 in
1328 5515 1644 5572 ﬂuminibus
1671 5515 1948 5570 dexteram
1981 5512 2123 5581 ejus,
2156 5523 2253 5566 ex-

696 5600 861 5671 plicet
888 5600 981 5670 qui
1008 5601 1257 5658 voluerit.
1285 5604 1468 5677 Neque
1497 5606 1640 5659 enim
1671 5604 1834 5657 David
1863 5604 2150 5657 maritima:
2178 5618 2257 5657 re-

695 5693 842 5760 gioni
881 5694 1183 5764 imperavit.
1234 5698 1340 5753 Aut
1376 5716 1473 5753 cur
1502 5699 1571 5753 de
1616 5696 1816 5751 Davide
1854 5696 2088 5757 dicatur,
2137 5692 2254 5761 Ipse

695 5781 953 5839 invocabit
982 5804 1080 5851 me,
1130 5788 1291 5843 Pater
1326 5808 1466 5845 meus
1509 5808 1560 5844 es
1601 5800 1655 5843 tu
1681 5806 1696 5842 :
1721 5801 1769 5843 et
1809 5805 1901 5858 ego
1934 5789 2255 5857 primogeni-

700 5883 804 5927 tum
822 5889 1015 5943 ponam
1045 5881 1191 5935 illum
1216 5885 1239 5937 ?
1270 5882 1381 5948 Qua
1408 5882 1471 5937 de
1496 5899 1657 5937 causa
1683 5880 1826 5936 enim
1861 5879 2063 5949 potius,
2093 5894 2253 5948 quam

2356 4694 2541 4748 αἰῶνα
2561 4694 2809 4764 φυλάξω
2831 4695 2992 4761 αὐτῷ
3022 4695 3089 4751 τὸ
3111 4696 3283 4763 ἔλεός
3302 4713 3443 4765 μου,
3471 4698 3572 4750 καὶ
3604 4697 3643 4763 ἠ
3669 4698 3899 4765 Διαθήκη

2348 4803 2467 4854 μου
2490 4785 2686 4855 ,πιστὴ
2725 4786 2903 4852 αὐτῷ.
2934 4786 3003 4841 Ei
3024 4804 3108 4851 τις
3134 4786 3378 4860 ἁκριὸὦς
3397 4788 3705 4859 ἐπιστήσειε
3724 4787 3899 4859 sisti»:
3962 4828 3963 4860 γ

2353 4877 2658 4949 λεγομένων
2701 4878 2927 4950 διανοίᾳ,
2983 4878 3248 4951 εὔροιαν
3301 4878 3476 4932 ταῦτα
3514 4879 3589 4932 οὐ
3648 4882 3771 4951 περὶ
3823 4878 3897 4931 τοῦ

2353 4967 2536 5032 Δαυῒδ,
2561 4968 2695 5022 ἀλλὰ
2720 4970 2846 5041 περὶ
2877 4967 2971 5023 τοῦ
3001 4950 3458 5040 προελευσομένου
3479 4967 3539 5035 ἐξ
3557 4950 3727 5023 αὐτοῦ
3749 4970 3898 5039 κέρας

2358 5061 2819 5131 προφητευόμενα.
2856 5054 3037 5114 Εἰπὼν
3065 5059 3173 5130 γὰρ
3198 5059 3226 5111 6
3249 5058 3423 5127 λόγος,
3446 5061 3555 5113 Kal
3586 5062 3658 5115 ἐν
3686 5060 3764 5127 τῷ
3788 5062 3898 5113 ὀνό-

2352 5151 2496 5217 ματί
2548 5168 2666 5219 μου
2712 5150 3090 5220 ὑψωθήσεται
3134 5147 3200 5201 τὸ
3242 5149 3421 5217 κέρας
3464 5152 3671 5216 αὑτοῦ,
3702 5155 3893 5206 Emm-

2359 5241 2519 5294 άπτει
2545 5245 2673 5312 περὶ
2720 5242 2813 5296 τοῦ
2853 5242 3048 5312 κέρως,
3084 5241 3178 5293 καὶ
3219 5240 3383 5309 λέγει·
3420 5242 3685 5312 θήσομαι
3712 5245 3781 5297 ἐν
3815 5245 3894 5294 θα-
3960 5286 3961 5313 γ

2356 5330 2562 5401 λάσσῃ
2601 5333 2765 5401 χεζοα
2790 5332 2998 5393 αὑτοῦ,
3027 5330 3183 5400 δῆλον
3205 5331 3250 5385 δ’
3281 5334 3363 5388 ὅτι
3391 5332 3485 5386 τοῦ
3509 5336 3703 5406 κέρως,
3744 5333 3829 5385 καὶ
3846 5332 3897 5381 τὰ

2359 5422 2502 5493 ἐξῆς·
2527 5426 2619 5477 καὶ
2641 5424 2865 5495 ἁρμόζει
2890 5438 2953 5490 γε
2975 5420 3223 5475 ἐντεῦθεν
3252 5434 3429 5486 πάντα
3455 5424 3548 5477 ἐπὶ
3576 5423 3664 5477 τὸν
3685 5419 3897 5492 Χριστὸν

2358 5515 2447 5569 τὸν
2480 5517 2544 5568 ἐκ
2589 5517 2895 5587 σπέρματος
2937 5514 3101 5568 Δαυῖδ
3137 5516 3499 5587 γενησόμενον
3532 5512 3893 5585 ἀναφέρεσθαι.

2360 5608 2423 5660 Εἰ
2452 5608 2579 5678 γοῦν
2610 5626 2693 5671 τις
2726 5607 2799 5677 μὴ
2824 5604 3011 5679 τοῦτον
3044 5606 3259 5661 ἐκλάϐοι
3287 5608 3379 5661 τὸν
3413 5608 3635 5680 τρόπον.
3679 5604 3791 5659 ἀλλ’
3823 5604 3898 5656 ἐπὶ

2357 5698 2447 5751 τὸν
2479 5699 2641 5751 Δαυῒδ
2675 5699 2861 5765 ἀναγοι
2898 5696 2966 5749 τὰ
3010 5700 3362 5769 προκείμενα,
3396 5700 3693 5758 ἁσύστατος
3732 5695 3811 5764 εἴη
3846 5694 3899 5746 ἂν
3958 5722 3959 5743 ι

2361 5791 2507 5861 αὐτῷ
2534 5794 2561 5844 6
2589 5792 2763 5858 λόγος.
2797 5789 2919 5853 Πῶς
2942 5790 3047 5861 γὰρ
3078 5790 3169 5843 τοῦ
3190 5792 3351 5845 Δαυῖδ
3375 5793 3434 5844 ἐν
3463 5790 3701 5861 θαλάσσῃ
3736 5788 3897 5852 ἔταξεν

2361 5886 2387 5937 6
2419 5884 2546 5945 Θεὸς
2573 5884 2666 5955 τὴν
2702 5886 2857 5953 χεῖρα
2886 5884 2976 5937 καὶ
3003 5883 3059 5935 ἐν
3096 5888 3354 5954 ποταμοῖς
3383 5886 3482 5956 τὴν
3513 5882 3708 5949 δεξιὰν,
3740 5883 3768 5935 6
3799 5880 3889 5951 βου-
