3960 6352
63 463 191 517 1105

1159 459 1648 517 COMMENTARIA
1686 461 1752 518 IN
1781 459 2114 517 μελικοῦ,

3075 455 3210 511 “06

57 574 219 635 Γῶσι,
266 571 366 626 και
413 573 486 626 τὰ
522 567 872 636 δικαιώματά
905 585 1020 636 μου
1049 568 1452 634 βεϐηλώσωσι,
1497 570 1593 623 καὶ

1703 570 1942 622 mandata
1991 585 2105 621 mea
2151 583 2252 620 non
2298 566 2668 623 custodierint;
2715 566 2931 618 visitabo
2975 569 3029 620 in
3075 570 3210 637 virga

57 663 156 726 τὰς
173 657 429 723 ἐντολάς
451 675 568 726 μου
594 657 672 724 μὴ
709 655 1072 724 φυλάεωσιν,
1109 655 1495 723 ἐπισκέψομαι
1522 657 1588 709 ἐν

54 749 245 816 ῥάϐδῳ
296 749 401 811 τὰς
444 746 688 814 ἀνομίας
731 741 936 805 αὐτῶν,
980 743 1075 794 καί
1116 743 1185 794 ἐν
1217 743 1453 810 μάστιξι
1488 745 1590 807 τὰς

59 838 291 900 ἀδικίας
317 834 529 887 αὐτῶν.
573 834 638 886 Τὸ
677 831 743 882 δὲ
793 830 960 894 ἔλεός
985 847 1101 897 μου
1132 831 1201 882 οὺ
1234 831 1317 898 μὴ
1360 829 1588 882 διασκε-

60 929 218 980 δάσω
244 926 348 980 ἀπ’
367 924 570 986 αὑτοῦ,
602 919 737 972 οὐδὲ
755 919 838 986 μὴ
875 918 1139 984 ἀδικήσω
1169 919 1236 971 ἐν
1261 918 1329 985 τῇ
1350 921 1590 985 ἀληθείᾳ

54 1035 187 1083 μου.
221 1014 375 1069 Οὐδὲ
396 1013 480 1081 μὴ
503 1009 823 1076 ,ϐεϐηλώσω
867 1007 977 1074 τὴν
1017 1008 1304 1074 διαθήκην
1332 1025 1467 1076 μου,
1498 1010 1591 1060 καὶ

59 1107 122 1158 τὰ
169 1103 606 1171 ἐκπορευόμειτι
653 1097 750 1150 διὰ
811 1097 925 1149 τῶν
966 1097 1206 1164 χειλέων
1249 1115 1364 1164 μου
1405 1100 1473 1151 οὐ
1507 1097 1591 1165 μὴ

57 1195 344 1260 ἀθετήσω.
383 1192 462 1245 Τὰ
488 1191 583 1258 μὲν
623 1188 882 1258 εἰρημένα
912 1188 1037 1256 περὶ
1065 1187 1154 1240 τοῦ
1181 1188 1351 1258 κέρως
1376 1189 1463 1241 διὰ
1489 1190 1592 1243 τῶν

59 1285 361 1355 ἔμπροσθεν
416 1281 780 1350 πεπλήρωται.
838 1277 1130 1330 Ἑδείκνυτο
1185 1279 1240 1330 δὲ
1294 1279 1455 1348 κέρας
1497 1280 1596 1331 οὑκ

60 1376 335 1443 ἀλλότριον
361 1375 452 1427 τοῦ
483 1373 546 1423 ὲκ
573 1369 878 1437 σπέρματος
895 1368 1049 1420 Δαυῒδ
1075 1367 1211 1420 κατὰ
1238 1369 1410 1436 σάρκα
1439 1384 1595 1437 γενηο

65 1464 247 1526 θέντος
282 1460 532 1532 Χριστοῦ.
567 1459 764 1511 Τούτου
812 1458 856 1511 δ’
889 1453 1000 1520 οῦν,
1037 1457 1332 1518 ἀκολούθως
1366 1459 1500 1526 μετὰ
1527 1457 1593 1508 τέ’

60 1557 181 1624 περὶ
205 1551 370 1604 αὐτοῦ
395 1548 804 1617 τεθεσπισμένα,
830 1549 928 1616 τὴν
956 1545 1196 1616 διαδοχὴν
1226 1546 1310 1598 διὰ
1333 1547 1435 1598 τῶν
1467 1563 1594 1615 προ-

61 1643 342 1711 κειμένων,
395 1639 552 1691 ὁποία
599 1640 678 1701 τίς
715 1642 846 1699 ἐστι,
885 1636 1171 1706 παρίστησι
1196 1636 1443 1703 φάσκων·
1485 1638 1592 1705 Οὐχ

58 1733 240 1795 ἁπλῶς
266 1734 348 1794 είς
374 1731 467 1784 ἱνα
500 1731 653 1800 μόνον
695 1730 782 1781 τὸν
823 1728 1055 1797 παρόντα
1102 1726 1286 1787 αἰῶνα,
1333 1725 1461 1778 ἀλλὰ
1505 1728 1595 1778 καὶ

62 1825 134 1884 εις
159 1821 255 1875 τὸν
300 1821 585 1890 μετέπειτα
621 1817 786 1871 αίῶνα
817 1817 905 1870 τοῦ
937 1814 1126 1876 αἰῶνος
1156 1815 1215 1867 τὸ
1253 1815 1464 1885 σπέρμα
1505 1817 1591 1885 δηέ

1693 660 1987 728 iniquitates
2027 640 2233 720 ebrum,
2277 667 2326 709 et
2358 658 2408 707 in
2450 655 2732 717 verberibus
2772 667 2981 723 peccata
3016 675 3211 712 eorum.

1694 748 2107 801 Misericordiam
2152 758 2321 800 autem
2364 762 2528 798 meam
2570 763 2671 798 non
2710 746 2970 813 dissipabo
3015 750 3078 800 ab
3121 765 3212 808 eo,

1695 851 1848 903 neque
1879 836 2063 888 nocebo
2095 836 2148 886 in
2175 836 2391 888 veritate
2435 851 2587 888 mea:
2628 851 2783 903 neque
2820 836 3104 902 profanabo
3144 846 3216 892 tc-

1695 934 2003 975 stamentum
2033 940 2198 975 meum
2219 962 2233 985 ,
2261 933 2308 976 et
2343 929 2464 991 qua!
2481 924 2760 989 procedunt
2800 924 2860 978 de
2901 925 3048 979 labiis
3091 928 3214 981 meis

1695 1028 1794 1064 non
1836 1014 2029 1079 faciam
2074 1013 2248 1065 irrita.
2294 1012 2420 1077 Quae
2449 1014 2514 1067 de
2544 1029 2711 1066 cornu
2743 1015 2886 1068 dicta
2920 1016 3127 1069 fuerant
3162 1017 3213 1068 in

1695 1104 2133 1178 praecedentibus,
2159 1105 2371 1172 impleta
2395 1104 2652 1158 feruntur.
2673 1105 2853 1158 Cornu
2880 1121 3034 1172 porro
3055 1107 3218 1174 signi-

1697 1191 1953 1244 ficabatur
1977 1193 2094 1244 non‘
2111 1192 2254 1245 aliud
2283 1207 2312 1245 a
2329 1193 2559 1258 Christo,
2581 1194 2669 1262 qui
2695 1194 2986 1248 secundum
3007 1210 3216 1248 carnem

1695 1297 1761 1335 ex
1788 1283 1988 1336 semine
2035 1280 2198 1335 David
2239 1293 2393 1336 natus
2434 1292 2536 1339 est.
2593 1284 2990 1352 Consequenter
3048 1294 3220 1338 autem

1697 1373 1760 1424 ad
1790 1372 1878 1425 illa
1909 1389 2026 1440 qua:
2059 1375 2125 1427 de
2161 1375 2277 1442 ipso
2308 1372 2629 1426 vaticinatus
2657 1381 2801 1436 erat,
2834 1388 3074 1440 quaenam
3108 1375 3223 1442 ejus

1697 1463 1970 1514 successio
2001 1462 2176 1514 futura
2209 1463 2277 1515 sit
2309 1463 2542 1514 declarat
2575 1462 2757 1516 (licens
2786 1481 2800 1515 :
2831 1463 2944 1515 Non
2977 1464 3028 1516 in
3059 1479 3222 1516 unum

1697 1564 1931 1617 praesens
1959 1551 2209 1603 saeculum
2243 1551 2532 1614 duntaxat,
2567 1552 2657 1605 sed
2689 1552 2740 1604 in
2773 1553 3104 1622 subsequens
3129 1569 3224 1608 sa:-

1696 1642 1873 1694 culum
1904 1641 2104 1702 smculi,
2151 1640 2427 1693 memorati
2468 1655 2633 1693 cornu
2679 1655 2859 1694 semen
2901 1656 3129 1708 ponam:
3173 1648 3226 1694 et

1698 1732 1946 1784 thronum
1979 1731 2125 1798 ejus,
2161 1745 2267 1782 non
2299 1728 2363 1781 ad
2394 1743 2590 1798 paucos
2625 1727 2771 1792 dies,
2809 1743 2980 1796 neque
3011 1729 3076 1782 ad
3107 1729 3227 1784 bre-

1699 1837 1788 1875 ves
1821 1836 2080 1874 annorum
2112 1818 2387 1888 periodos,
2420 1818 2750 1880 custodiam;
2786 1818 2876 1871 sed
2909 1817 3131 1872 eﬂiciam
3168 1826 3227 1871 ut

62 1914 320 1974 λωθέντος
364 1911 536 1982 κέρως
584 1910 814 1978 θήσομαι
838 1921 851 1935 °
893 1908 986 1958 καὶ
1023 1905 1114 1956 τὸν
1139 1904 1320 1975 θρόνον
1346 1906 1507 1960 αὑτοῦ
1537 1909 1598 1960 οὐ

1703 1910 1886 1966 diebus
1909 1910 2029 1964 caeli
2058 1918 2380 1977 cowquetur.
2413 1906 2763 1976 Symmachus
2791 1916 2966 1961 autem
2997 1908 3080 1962 his
3109 1925 3228 1962 vero

63 2004 193 2073 πρὸς
242 2003 427 2069 ὀλίγας
468 2000 698 2069 ἡμέρας,
726 1995 843 2049 οὐδὲ
873 1996 953 2058 εἰς
985 1995 1119 2047 ὲτῶν
1147 1997 1418 2066 περιόδους
1468 1997 1597 2068 βρα-

62 2094 211 2160 χείιις
241 2092 475 2159 φυλάξω,
510 2087 641 2141 ἀλλὰ
693 2087 813 2147 ταῖς
838 2084 1065 2154 ἡμέραις
1085 2085 1174 2136 τοῦ
1207 2087 1434 2157 οὐρανοῦ
1466 2104 1600 2156 συμ-

67 2181 505 2254 παρεκτείνεσθαι
562 2177 785 2246 ποιήσω.
813 2176 919 2227 Καὶ
959 2177 985 2225 ὁ
1029 2175 1313 2245 Σύμμαχος
1337 2177 1390 2229 δὲ
1434 2176 1600 2238 οὕτως

63 2277 402 2342 ἡρμήνευσεν
417 2269 601 2322 είπώνο
635 2269 742 2323 Καὶ
768 2267 994 2334 ποιήσω
1016 2266 1278 2334 διηνεκὲς
1300 2268 1358 2319 τὸ
1373 2269 1602 2335 σπέρμα

63 2365 269 2426 αὐτοῦ,
311 2364 412 2416 καὶ
437 2363 542 2415 τὸν
580 2363 790 2427 θρόνον
824 2357 1116 2432 αὑτοῦὲφ
1139 2358 1284 2411 ὅσον
1311 2362 1368 2410 αἱ
1395 2359 1602 2425 ἡμέραι

67 2455 164 2506 τοῦ
191 2453 468 2520 οὐρανοῦ.
499 2453 721 2521 Σπέρμα
757 2450 812 2502 δὲ
853 2448 943 2501 τοῦ
994 2447 1223 2517 Χριστοῦ
1263 2448 1314 2498 τί
1337 2447 1436 2515 χρὴ
1466 2449 1601 2498 νοεῖν

67 2544 214 2609 ﬁta;
265 2542 383 2596 καθ’
426 2541 551 2608 ὅλης
579 2541 674 2608 τῆς
699 2539 1015 2607 οἰκουμένης
1052 2535 1384 2595 συνεστώσας
1414 2534 1471 2597 ἐξ
1510 2536 1603 2586 αὖ·

67 2633 152 2682 τοῦ
183 2631 522 2698 Ἐκκλησίας,
547 2632 638 2681 καὶ
656 2631 777 2691 τοὺς
798 2632 856 2680 ὲν
881 2630 1009 2679 πᾶσι
1037 2630 1140 2687 τοῖς
1165 2627 1365 2676 ἔθνεσιν
1392 2625 1604 2691 ἀναγεν-

73 2721 323 2788 ννηθέντας
359 2719 505 2785 αὐτῷ
544 2711 734 2780 λαούς;
783 2716 966 2785 θρόνος
1009 2716 1064 2766 δὲ
1111 2714 1268 2766 αὑτοῦ
1309 2713 1554 2782 τυγχάνει
1578 2716 1605 2765 ὁ

72 2809 205 2861 κατὰ
232 2809 331 2877 τὴν
374 2807 688 2875 Ἐκκλησίαν
730 2805 886 2858 αὑτοῦ
918 2805 1035 2856 καθ’
1069 2803 1192 2874 ὅλης
1230 2803 1328 2884 τῆς
1363 2804 1605 2871 οἰκουμέ-

71 2916 162 2968 νης
184 2899 275 2951 διὰ
295 2899 412 2950 τῶν.
431 2897 489 2960 ἐξ
507 2896 666 2949 αὐτοῦ
716 2896 852 2949 κατὰ
883 2894 1124 2964 διαδοχὴν
1162 2895 1430 2964 προέδρων
1463 2895 1602 2964 ἰδρυ-

75 2992 226 3058 μένος
244 3007 258 3020 ο
287 2990 463 3041 ὅντινα
485 2987 666 3057 θρόνον
692 2987 954 3056 διαμένειν
986 2988 1146 3055 φησὶν
1186 2984 1260 3047 ὼς
1284 2985 1606 3054 τὰςσήμέρας

69 3079 157 3130 τοῦ
194 3077 421 3148 οὐρανοῦ
447 3095 460 3108 ο
500 3079 595 3146 οὐχ
656 3077 851 3146 ὁμοίως
901 3075 978 3144 τῷ
1040 3075 1298 3128 Ἰουδαίων
1352 3075 1606 3144 βασιλικῷ

72 3168 259 3237 θρόνῳ,
319 3169 377 3231 ὃς
421 3169 506 3219 ἐπ’
551 3166 711 3236 ὀλίγῳ
756 3166 1065 3234 διαρκέσας,
1094 3164 1415 3237 ἀπεσϐέσθη,
1449 3165 1607 3232 ἐγγύς

73 3274 168 3308 που
223 3257 512 3326 φυλαχθεὶς
554 3256 919 3325 τετρακοσίοις
967 3256 1141 3323 μόνοις
1177 3255 1336 3316 ἔτεσι,
1364 3257 1473 3316 τοῖς
1506 3255 1609 3306 ἀπὸ

72 3345 158 3395 τοῦ
216 3345 376 3398 Δαυῑδ
422 3347 514 3397 καὶ
547 3347 636 3398 ἐπὶ
667 3345 762 3414 τὴν
804 3347 881 3408 εἰς
913 3344 1203 3397 Βαϐυλῶνα
1224 3344 1608 3413 αἰχμαλωσίαν.

72 3427 235 3497 οὗτος
289 3435 346 3486 δὲ
397 3438 427 3488 ὁ
474 3434 658 3506 παρὼν
701 3434 901 3502 θρόνος,
925 3437 952 3485 ὁ
981 3431 1070 3485 διὰ
1097 3433 1200 3486 τῶν
1241 3434 1609 3503 προκειμένων

73 3523 450 3593 θεσπιζόμενος
473 3525 580 3578 τῶν
603 3527 699 3594 τῆς
741 3525 1062 3592 Ἐκκλησίας
1102 3523 1395 3592 προέδρων,
1426 3523 1612 3592 διαμε-

72 3617 144 3665 νεῖ
159 3615 254 3666 καὶ
279 3615 669 3684 φυλαχθήσεται
699 3614 896 3682 ὁμοίως
918 3616 1038 3675 ταῖς
1083 3612 1310 3682 ἡμέραις
1333 3612 1426 3666 τοῦ
1454 3615 1511 3665 οὐ
1522 3631 1611 3684 ρα-

73 3705 177 3762 νοῦ.
221 3705 285 3756 Et
333 3705 388 3756 δὲ
430 3699 667 3773 συμϐαίη
705 3703 1202 3774 ποτὲ’πλημμελείν
1253 3703 1341 3756 τὸν
1372 3704 1496 3757 λαὸν
1520 3707 1611 3756 καὶ

72 3794 192 3855 τοὺς
221 3795 370 3856 υἱοὺς
396 3793 488 3846 τοῦ
519 3793 1008 3863 προφητευομένου,
1035 3795 1175 3861 λέγω
1202 3795 1257 3846 δὲ
1295 3797 1417 3858 τοὺς
1438 3795 1610 3848 διαδό-

75 3901 196 3951 χους
252 3883 433 3947 αὐτοῦ,
475 3884 896 3954 πειραθήσεσθαι
945 3885 1042 3952 μὲν
1071 3885 1260 3957 αὐτοὺς
1285 3886 1610 3956 ἐπιστροῇς

72 3975 166 4040 τῆς
195 3974 282 4027 διὰ
297 3975 403 4026 τῶν
433 3975 682 4044 διωγμῶν
705 3991 854 4044 φησι,
889 3975 960 4043 μὴ
996 3975 1098 4043 μὴν
1123 3975 1463 4026 ἐκπεσεῖσθαί
1485 3992 1610 4026 ποτε

73 4065 172 4117 τῶν
191 4065 411 4134 θρόνων,
435 4067 564 4136 μηδὲ
583 4064 999 4135 στερηθήσεσθαι
1025 4064 1118 4117 τοῦ
1134 4065 1312 4126 ἐλέους
1340 4065 1430 4116 τοῦ
1457 4065 1607 4117 Θεοῦ.

87 4154 207 4206 Ἐὰν
229 4156 336 4224 γὰρ
349 4155 469 4208 τάδε
491 4157 583 4207 καὶ
597 4155 719 4207 τάδε
734 4154 1002 4221 πράξωσιν
1015 4155 1062 4204 οἱ
1075 4154 1179 4204 υἱοὶ
1192 4151 1372 4214 αὐτοῦ,
1394 4151 1547 4221 δῆλον
1569 4153 1612 4204 δ’

75 4246 151 4295 ὅτι
173 4243 267 4296 τοῦ
299 4244 550 4313 Χριστοῦ,
569 4243 690 4295 τάδε
722 4242 931 4294 ἔσεσθαι
945 4244 1122 4304 αὐτοῖς
1138 4257 1315 4310 φησιν·
1343 4242 1611 4295 Ἔπισκέ-

77 4337 252 4402 ψομαι
269 4336 338 4387 ἐν
348 4335 540 4402 ῥάϐδῳ
555 4337 656 4400 τὰς
668 4335 910 4401 ἀνομίας
921 4333 1329 4403 αὐτὼ-,δηλαδὴ
1345 4335 1447 4386 τῶν
1463 4335 1608 4395 υἱῶν,

78 4426 507 4495 καὶὲνμάστιξι
558 4426 662 4490 τὰς
709 4425 936 4488 ἀδικίας
978 4423 1200 4476 αὐτῶν·
1233 4427 1296 4477 τὸ
1348 4426 1414 4477 δὲ
1443 4427 1612 4489 ἔλεός

75 4531 182 4578 μου
215 4517 290 4569 οὐ
311 4515 394 4582 μὴ
429 4513 798 4568 διασκεδάσω
839 4514 935 4566 ἀπ’
972 4515 1172 4566 αὑτοῦ.
1223 4515 1329 4566 Καὶ
1360 4501 1607 4582 πρόσχες,

78 4604 151 4654 ὅτι
183 4607 254 4673 μὴ
284 4606 512 4674 είρηται,
551 4605 648 4659 ἀπ’
669 4603 881 4667 αὐτῶν,
914 4604 1048 4665 ἀλλ’,
1090 4604 1190 4656 ἀπ’
1222 4593 1422 4664 αὐτοῦ,
1456 4602 1608 4670 δῆλον

78 4693 151 4743 ὅτι
181 4694 274 4745 τοῦ
309 4693 800 4761 προφητευομένου,
847 4693 1019 4745 καίτοι
1053 4691 1159 4743 τῶν
1191 4691 1443 4759 ἀνωτέρω
1473 4690 1604 4760 πλη-

82 4780 334 4842 θυντικῶς
384 4781 698 4849 εἰρημένων,
745 4780 884 4833 κατὰ
937 4781 1028 4842 τὸ,
1083 4780 1502 4846 Ἐπισκέψομαι
1541 4782 1610 4832 ἐν

77 4873 267 4936 ῥάϐδῳ
316 4875 421 4938 τὰς
469 4874 712 4940 ἀνομίας
739 4871 950 4934 αὐτῶν,
993 4874 1088 4928 καὶ
1131 4874 1200 4925 ἐν
1221 4873 1461 4940 μάστιξι
1505 4873 1610 4938 τὰς

83 4963 307 5026 ἀδικίας
334 4963 545 5017 αὐτῶν.
578 4964 745 5016 Τίνων
767 4963 821 5014 δὲ
855 4964 1047 5023 αὐτῶν,
1069 4963 1102 5031 ἦ
1127 4963 1360 5030 δηλονότι
1389 4961 1494 5015 τῶν
1516 4963 1608 5014 τοῦ

85 5054 248 5119 κέρως
284 5054 441 5116 υίῶν;
486 5055 570 5106 Ἐν
600 5055 656 5106 δὲ
686 5053 779 5122 τῷ,
824 5054 889 5105 τὸ
916 5053 1084 5116 ἔλεός
1110 5055 1314 5119 pauci)
1349 5052 1432 5120 μὴ
1485 5051 1608 5104 δια-

83 5140 350 5193 σκεδάσω
393 5145 491 5194 ἀπ’
538 5144 738 5205 αὐτοῦ,
776 5144 899 5212 περὶ
927 5142 1042 5202 ἑνὸς
1077 5141 1336 5203 λέλεκται,
1383 5142 1499 5212 ﬁsos
1515 5143 1608 5196 τοῦ

85 5229 263 5297 θρόνου
290 5233 321 5300 ἢ
343 5233 440 5282 τοῦ
477 5233 650 5301 κέρως
676 5234 766 5286 τοῦ
795 5217 1276 5304 σιροφητευομένου.
1303 5231 1408 5284 Καὶ
1431 5233 1608 5284 ἐπιλέ-

88 5338 164 5384 γει
193 5321 341 5387 ἑξῆς·
371 5320 520 5373 οὐδὲ
551 5321 634 5388 μὴ
670 5323 991 5390 ,βεϐηλώσω
1027 5323 1140 5388 τὴν
1166 5321 1450 5390 διαθήκην
1469 5340 1606 5390 μου,

87 5409 231 5476 δῆλον
268 5411 348 5461 ὅτι
394 5410 488 5478 τὴν
524 5410 646 5464 νέαν
678 5413 771 5464 καὶ
801 5415 1008 5483 καινὴν,
1065 5411 1190 5484 περὶ
1243 5407 1313 5482 ἧς
1362 5411 1611 5481 ἀνωτέρω

93 5498 249 5567 ἔφησε
305 5500 383 5561 τὸ,
439 5500 542 5552 Καὶ
579 5501 617 5566 ἠ
655 5500 902 5568 διαθήκη
941 5520 1058 5571 μου
1100 5499 1281 5568 πιστὴ
1308 5496 1479 5567 αὐτῷ.
1504 5502 1612 5553 Καὶ

93 5587 249 5642 πάλιν.
271 5590 707 5659 ὲπισφραγίζεται
732 5591 823 5644 τοῦ
846 5591 998 5660 λόγου
1016 5595 1114 5662 τὴν
1161 5590 1410 5662 ἀλήθειαν
1434 5589 1598 5643 εἰπών
1633 5608 1646 5620 ο

1700 1997 1782 2051 bis
1814 1999 2188 2065 interpretatus
2221 2005 2338 2059 est,
2390 1995 2452 2047 Et
2493 1995 2685 2060 faciam
2728 2003 3024 2063 perpetuum
3061 2012 3228 2049 semen

1698 2088 1809 2154 ejus
1831 2126 1845 2150 ,
1874 2097 1922 2140 et
1957 2086 2192 2138 thronum
2215 2087 2326 2153 ejus
2347 2125 2360 2148 ,
2392 2086 2446 2137 in
2467 2095 2713 2154 quantum
2742 2086 2849 2138 dies
2876 2087 3004 2139 caeli.
3039 2084 3228 2139 Semen

1700 2185 1871 2231 autem
1904 2177 2100 2231 Christi
2133 2177 2258 2245 quid
2289 2191 2407 2230 esse
2440 2178 2730 2243 putandum
2758 2185 2865 2237 est.
2899 2179 3002 2236 nisi
3050 2177 3231 2231 Eccle-

1701 2268 1809 2322 sias
1837 2283 1932 2336 per
1956 2275 2124 2320 totum
2155 2267 2338 2321 orbem
2370 2265 2437 2320 ab
2463 2267 2554 2320 illo
2578 2269 2921 2328 constitutas,
2943 2277 2995 2322 et
3022 2284 3112 2322 eos
3141 2269 3231 2338 qui

1699 2355 1754 2408 in
1779 2356 2028 2410 omnibus
2046 2355 2293 2425 gentibus
2319 2357 2615 2424 regenerati
2643 2358 2696 2410 in
2722 2357 2840 2424 ipso
2867 2359 3047 2426 pOpuli
3069 2361 3235 2411 sunt?

1705 2443 1950 2498 Throuus
1989 2461 2118 2499 vero
2161 2445 2282 2514 ejus
2311 2454 2422 2509 est,
2460 2441 2550 2516 qui
2582 2446 2902 2500 in‘Ecclesia
2934 2448 3104 2516 ipsius
3136 2462 3233 2516 per

1703 2543 1871 2588 totum
1901 2537 2085 2589 orbem
2133 2537 2450 2605 pmulum,
2485 2538 2576 2606 qui
2621 2552 2650 2590 a
2695 2546 2926 2607 tempore
2965 2538 3082 2602 ejus
3121 2536 3234 2590 fue-

1698 2630 1862 2688 runt,
1911 2629 2259 2680 successione
2307 2627 2547 2681 ﬁrmatus
2597 2638 2714 2682 est:
2772 2643 2929 2696 quem
2986 2628 3232 2680 thronum

1704 2725 2164 2787 perseveraturum
2209 2717 2280 2769 ait
2327 2717 2467 2769 sicut
2509 2717 2621 2770 dies
2665 2718 2824 2781 cmli;
2862 2733 2968 2769 non
3015 2715 3234 2783 perinde

1703 2817 1863 2877 atque
1899 2807 2202 2861 Iudaeorum
2241 2806 2446 2873 regium
2490 2805 2771 2868 thronum,
2816 2804 2906 2872 qui
2950 2812 3234 2872 postquam

1705 2897 1915 2950 modico
1959 2906 2199 2964 tempore
2250 2894 2500 2947 durasset
2557 2894 2802 2962 (scilicet
2837 2894 2993 2945 annis
3021 2893 3236 2945 circiter

1705 2987 2138 3056 quadringentis,
2171 3001 2200 3038 a
2236 2985 2625 3053 Davide‘usque
2672 2986 2734 3036 ad
2770 2984 3140 3050 captivitatem
3182 2981 3233 3035 in

1706 3077 1970 3145 Babylone
1996 3078 2012 3143 )
2035 3076 2332 3142 exstinctus
2358 3082 2458 3129 est.
2493 3075 2560 3127 At
2588 3075 2673 3126 hic
2697 3074 2924 3128 thronus
2953 3075 3238 3141 priesulum

1708 3165 1956 3220 Ecclesiae
1976 3203 1991 3228 ,
2021 3166 2110 3233 qui
2139 3166 2188 3218 in
2213 3166 2459 3233 praesenti
2481 3165 2729 3219 vaticinio
2752 3163 2938 3225 fertur,
2965 3176 3237 3230 permane-

1713 3256 1792 3310 hit
1817 3270 1878 3308 ac
1900 3255 2307 3328 conservabitur
2325 3256 2464 3309 sicut
2485 3253 2598 3307 dies
2619 3255 2760 3306 cmli.
2788 3252 2937 3317 Quod
2961 3255 3004 3305 si
3027 3251 3238 3320 quando

1710 3346 1995 3414 contigerit
2023 3345 2272 3414 populum
2316 3353 2368 3397 et
2407 3342 2575 3402 ﬁlios.
2615 3343 2817 3396 scilicet
2859 3356 3236 3402 successores,

1710 3436 1830 3503 ejus
1857 3435 1946 3504 qui
1977 3435 2027 3486 in
2064 3432 2337 3501 pr0phetia
2368 3431 2707 3493 enuntiatur,
2752 3431 3011 3484 scelerate
3051 3441 3236 3498 agere.

1711 3527 1858 3595 ipsos
1890 3527 1962 3578 ait
1994 3524 2454 3594 persecutionibus
2481 3522 2737 3592 agitatas,
2788 3534 2964 3572 rerum
3017 3533 3239 3572 conver-

1710 3621 1913 3678 sionem
1931 3629 2244 3686 experturos
2259 3658 2273 3681 ,
2298 3633 2468 3687 neque
2493 3625 2666 3670 tamen
2687 3617 2909 3668 thronos
2931 3629 3056 3668 suos
3082 3614 3242 3667 amis-

1713 3723 1870 3762 suros
1914 3722 2146 3775 unquam
2168 3747 2181 3768 ,
2225 3723 2396 3775 neque
2433 3707 2796 3760 misericordia
2832 3704 2920 3758 Dei
2955 3704 3241 3772 privaudos

1711 3813 1848 3853 esse.
1869 3795 1998 3848 Nam
2020 3799 2065 3850 sl
2096 3798 2221 3848 talia
2245 3807 2298 3848 et
2319 3797 2443 3848 talia
2471 3796 2766 3864 peregerint
2785 3795 2872 3846 ﬁlii
2897 3795 3031 3860 ejus,
3055 3807 3244 3860 nempe

1713 3889 1930 3948 Christi,
1944 3891 2056 3941 haec
2070 3888 2175 3941 illis
2191 3894 2444 3940 eventura
2464 3886 2740 3938 denuntiat
2765 3883 3024 3936 :Visilabo
3036 3883 3088 3932 in
3102 3882 3242 3950 virga

1711 3981 2007 4047 iniquitates
2043 3993 2218 4030 eorum
2240 4014 2255 4035 ,
2285 3976 2528 4028 videlicet
2555 3967 2817 4032 filiorum,
2847 3983 2892 4023 et
2934 3974 2987 4023 in
3025 3971 3242 4024 verberi-

1713 4069 1803 4121 bus
1831 4078 2038 4136 peccata
2063 4081 2276 4121 eorum:
2305 4063 2709 4118 misericordiam
2745 4075 2912 4116 autem
2941 4079 3106 4116 meam
3139 4078 3239 4114 non

1711 4156 1970 4222 dissipabo
1993 4155 2057 4208 ab
2086 4171 2162 4208 eo.
2187 4153 2251 4207 Et
2280 4152 2518 4206 attendas
2548 4152 2705 4206 velim
2732 4167 2839 4203 non
2869 4151 3064 4203 dictum
3101 4166 3237 4210 esse,

1713 4250 1778 4302 ab
1815 4247 1924 4307 eis;
1957 4245 2049 4299 sed
2078 4244 2142 4296 ab
2172 4259 2250 4306 eo,
2274 4243 2325 4296 id
2357 4253 2457 4305 est,
2509 4241 2597 4310 qui
2645 4242 2696 4292 in
2737 4240 3009 4308 prophetia
3044 4239 3241 4303 fertur;

1712 4338 1916 4392 etiamsi
1974 4336 2220 4403 superius
2250 4333 2526 4400 pluraliter
2553 4332 2761 4384 dicatur
2806 4330 2953 4392 illud,
3014 4329 3242 4381 Visitabo

1712 4429 1767 4479 in
1816 4428 1956 4495 virga
2009 4425 2307 4492 iniquitates
2331 4437 2526 4481 eorum,
2560 4430 2607 4474 et
2629 4420 2682 4470 in
2719 4419 3005 4472 verberibus
3036 4431 3244 4485 peccata

1643 4547 1685 4600 ι)
1711 4533 1907 4570 eorum.
1957 4514 2320 4579 Quor-umnam
2370 4527 2574 4572 eorum,
2607 4511 2710 4565 nisi
2739 4526 2906 4565 cornu
2935 4510 3078 4564 iilius
3111 4510 3242 4563 tilio-

1710 4605 1863 4658 rum?
1894 4603 1948 4656 In
1979 4605 2067 4656 illo
2091 4608 2289 4663 autem,
2322 4601 2728 4652 misericordiam
2760 4615 2922 4652 meam
2952 4614 3051 4651 non
3084 4598 3242 4652 dissi-

1707 4695 1838 4762 pabo
1868 4695 1930 4746 ab
1959 4709 2036 4756 eo,
2072 4693 2138 4746 de
2158 4706 2263 4744 uno
2298 4698 2500 4743 tantum
2527 4690 2739 4750 dicitur,
2771 4689 2974 4744 scilicet
3007 4691 3072 4745 de
3099 4709 3246 4745 tur»-

1711 4801 1798 4846 no,
1829 4794 1920 4838 aut
1943 4785 2008 4837 de
2036 4798 2200 4835 cornu
2229 4776 2346 4848 ejus
2379 4783 2469 4850 qui
2508 4783 2557 4832 in
2587 4780 2861 4848 prophetia
2893 4789 3235 4834 memoratur.

1710 4873 1872 4927 Infert
1903 4878 2106 4941 postea,
2144 4869 2319 4935 Neque
2345 4870 2629 4937 profanabo
2659 4875 3018 4921 testamentum
3051 4882 3237 4926 meum,

1710 4977 1904 5017 novum
1951 4961 2154 5015 scilicet
2195 4961 2323 5014 illud
2378 4970 2430 5013 et
2478 4974 2684 5020 recens,
2721 4967 2780 5010 ut
2834 4957 3008 5027 palam
3037 4963 3138 5016 est,
3173 4953 3239 5008 de

1712 5067 1818 5122 quo
1854 5051 2100 5119 superius
2131 5050 2342 5105 dicebat
2375 5069 2385 5101 :
2423 5047 2488 5098 Et
2516 5057 2870 5100 testamentum
2904 5061 3067 5098 meum
3093 5045 3246 5112 ﬁdet:

1715 5143 1848 5210 ipsi;
1875 5142 1951 5194 Ac
2003 5155 2216 5194 rursum
2263 5138 2522 5192 sermonis
2569 5139 2841 5190 veritatem
2888 5137 3134 5204 obsignat
3165 5137 3246 5190 di-

1713 5245 1876 5284 cens:
1909 5226 2085 5296 Neque
2113 5230 2296 5281 nocebo
2331 5226 2381 5275 in
2415 5225 2624 5275 veritate
2645 5239 2776 5282 mea,
2808 5237 2896 5272 nec
2925 5236 3039 5288 quw
3066 5234 3241 5287 proco-

1713 5320 1840 5372 dunt
1860 5318 1922 5371 de
1953 5319 2102 5372 labiis
2129 5319 2250 5370 meis
2273 5317 2461 5384 faciam
2490 5317 2671 5376 irrita;
2702 5312 2791 5364 sed
2821 5312 3016 5375 ﬁdelia,
3050 5312 3235 5377 inquit,

1713 5419 1766 5465 et
1795 5425 1915 5463 vera
1957 5409 2144 5462 faciam
2182 5407 2442 5476 promissa
2478 5421 2614 5470 mea,
2650 5404 2850 5458 addens
2907 5399 3241 5458 sermonibus

1714 5513 1874 5568 Opera
1905 5512 2188 5565 rerumque
2217 5496 2622 5563 complementa.

1700 5589 1846 5643 Οὐδὲ
1894 5587 1978 5657 μὴ
2026 5587 2284 5651 ἀδικήσω
2321 5587 2388 5637 ὲν
2414 5585 2487 5652 τῇ
2531 5585 2772 5649 ἀληθείᾳ
2812 5600 2946 5650 μου,
2990 5579 3128 5633 οὐδὲ
3171 5576 3242 5632 τά

94 5674 518 5746 έκπορευόμενα
558 5677 652 5731 διὰ
675 5679 789 5732 τῶν
844 5683 1218 5750 laudaram:
1257 5684 1324 5735 οὺ
1358 5679 1441 5748 μὴ
1491 5679 1771 5752 ἀθετήαωσ
1806 5677 1936 5731 ἀλλὰ
1967 5677 2127 5730 πιστὰ
2177 5677 2266 5729 καὶ
2317 5675 2505 5744 ἀληθῆ,
2551 5674 2700 5744 φησι,
2724 5675 2948 5741 ,ποιήσω
2967 5669 3242 5740 τὰν-ἐπηγ-

97 5763 340 5834 γελμένα,
361 5769 562 5832 ιπιθεὶς
588 5772 693 5834 τοῖς
715 5770 887 5840 λόγοις
931 5774 1064 5842 ῑργα
1082 5774 1147 5827 δι’
1176 5775 1348 5827 αὐτῶν·
1371 5772 1477 5828 τῶν
1504 5771 1960 5840 ἀποτελεσμάτων.
