3976 6356
114 483 226 540 ΙΙθθ
1114 469 1607 527 COMMENTARIA
1640 466 1684 521 li

1697 466 1705 521 I
1736 464 2065 522 ΡεΑωιος.
3133 460 3267 520 1110

111 602 219 666 χῆν’
249 592 381 647 άλλά
426 592 521 645 καὶ
567 588 659 642 τοῦ
674 587 852 656 Ἀγίου
882 585 973 640 τοῦ
1005 585 1139 639 Θεοῦ
1184 585 1276 639 τοῦ
1311 582 1624 656 μονογενοῦς
1654 588 1681 644 Α

1728 582 1958 644 bilitum,
1989 579 2279 647 orbemque
2308 585 2474 631 totum
2499 585 2804 646 lttlptenlem
2833 574 3093 632 videmus.
3120 572 3272 641 Quod

110 683 244 738 αὑτοῦ
263 682 429 750 Λόγου
456 680 517 733 τὸ
536 677 871 748 καταϐληθὲν
899 677 989 729 ὲπὶ
1011 675 1111 745 γῆς
1132 674 1377 746 οὐράνιον
1409 674 1626 743 σπέρμα

1723 674 1770 728 si
1802 673 1924 742 quis
1972 686 2081 725 non
2130 669 2232 725 hac
2280 668 2509 730 ratione,
2538 668 2633 723 sed
2683 666 2908 740 iudaice
2949 682 3098 722 more
3125 666 3272 720 thro-

110 774 184 842 τῆς
208 769 554 839 εὑαηελικῆς
566 765 906 827 διδασκαλίας
923 761 1244 825 διαιωνίζοψ
1279 762 1338 815 οὐ
1365 762 1470 832 μὴν
1492 760 1625 813 ἀλλά

1724 776 1852 816 num
1883 760 2136 832 accipiat,
2168 767 2320 815 ratus
2351 756 2670 828 corporeum
2699 755 2918 811 Davidis
2946 770 3170 826 regnum
3201 756 3274 809 ita

110 862 184 925 καὶ
230 859 344 913 καθ’
389 859 514 928 ὅλης
538 858 637 927 τῆς
673 854 967 926 ἀνθρώπων
1003 852 1344 923 οἰκουμένης,
1374 853 1431 905 ὲν
1462 853 1626 904 πᾶσιν

1722 848 1927 915 iocari,
1953 851 2102 906 falsae
2134 849 2604 921 deprehendentur
2642 843 3119 919 prophetialNam
3151 855 3276 918 post

109 952 276 1014 ἔθνεσι,
310 949 491 1003 πόλεσί
514 966 573 1001 τε
600 948 692 1001 καὶ
729 946 939 1016 κώμαις
960 945 1054 998 καὶ
1077 942 1276 1015 χώραις
1304 943 1517 1015 ὁρῶμεν
1536 942 1626 996 τὸν

1798 941 1957 997 daicae
1988 943 2167 1011 gentis
2205 943 2259 994 in
2298 940 2569 1011 Babylone
2610 939 2994 1008 captivitatem,
3023 951 3182 992 nemo
3220 938 3277 992 in
3360 948 3368 958 '

109 1044 155 1094 iv
176 1043 236 1112 τῇ
289 1039 579 1112 Ἐκκλησία
607 1034 768 1091 αὑτοῦ
796 1032 1073 1104 ἱδρυμένον
1104 1032 1291 1105 θρόνον
1323 1032 1626 1104 πληροῦντα

1724 1034 1919 1087 throno
1959 1029 2177 1086 Davidis
2226 1029 2365 1085 sedit
2413 1047 2425 1083 :
2465 1028 2559 1086 sed
2609 1045 2673 1085 ex
2722 1029 2813 1083 illo
2844 1027 2918 1095 ad
2952 1027 3057 1082 hoc
3102 1042 3275 1096 usque

108 1132 183 1183 τὸν
206 1130 481 1201 σύμπαντα
510 1127 727 1198 κόσμον.
756 1125 817 1178 El
841 1123 897 1177 δέ
918 1141 1000 1185 τις
1030 1123 1104 1195 μὴ
1134 1122 1323 1188 οὕτως,
1344 1122 1477 1176 ἀλλὰ
1501 1122 1627 1175 Ἰου-

1724 1131 1937 1193 tempus
1982 1121 2107 1177 anni
2158 1129 2293 1189 sunt
2351 1120 2569 1177 circiter
2622 1120 2787 1184 mille,
2820 1134 2851 1173 a
2878 1127 3271 1190 quotempore,

108 1219 282 1282 δαῖκῶς
309 1218 521 1273 ἐκλάϐοι
556 1215 642 1269 τὸν
665 1213 870 1285 θρόνον,
901 1213 999 1285 τὴν
1026 1212 1336 1284 σωματικὴν
1358 1209 1627 1282 βασιλείαν

1725 1216 1842 1285 ejus
1857 1206 2136 1271 destructo
2154 1228 2341 1285 regno,
2360 1228 2423 1268 ac
2444 1213 2619 1283 ipsius
2637 1212 2987 1268 successione
3007 1217 3271 1273 cessante,

108 1309 183 1361 τοῦ
212 1308 365 1361 Δαυῒδ
390 1304 640 1374 λέγεσθαι
691 1300 943 1374 νομίζων,
969 1301 1180 1373 ψευδεῖς
1217 1300 1627 1372 ἐλεγχθήσονται

1726 1305 1946 1362 Davidis
1996 1306 2226 1360 thronus
2288 1306 2498 1361 solutus
2552 1311 2655 1359 est.
2686 1302 3047 1370 Quamobrem
3098 1312 3277 1379 poste-

108 1399 151 1451 ai
178 1398 506 1468 προφητεῖαι.
540 1392 693 1448 Μετὰ
721 1393 829 1464 γὰρ
876 1393 974 1465 τὴν
1006 1393 1085 1455 είς
1109 1390 1397 1445 Βαϐυλῶνα
1425 1392 1628 1461 αἰχμα-

1727 1396 1872 1450 riora
1918 1395 2111 1464 psalmi
2158 1394 2303 1449 dicta
2339 1394 2450 1449 haec
2491 1394 2607 1465 ipsa
2654 1393 2956 1465 deplorant,
2988 1403 3277 1464 aperteque

106 1487 277 1539 λωσίαν
322 1484 414 1540 τοῦ
446 1484 711 1539 Ἰουδαίων
754 1483 955 1547 ἔθνους,
991 1482 1161 1545 οὐδεὶς
1194 1482 1274 1546 είς
1309 1480 1403 1534 τδν
1443 1480 1628 1551 θρόνον

1725 1487 1967 1555 corporei
1999 1493 2052 1541 et
2078 1487 2372 1542 materialis
2405 1486 2587 1541 throni
2617 1486 2827 1540 ruinam
2860 1484 3180 1557 significant,
3213 1499 3276 1540 ac

103 1575 343 1648 ἑκαθέσθη
393 1575 554 1628 Δαυῖδ
574 1592 588 1607 ο
623 1572 683 1639 ἐξ
722 1574 926 1628 ἐκείνου
949 1573 1007 1626 δὲ
1039 1574 1131 1626 καλ⁸
1157 1572 1237 1635 είς
1258 1570 1433 1642 δεῦρο,
1465 1568 1628 1639 ἐγγύς

1725 1574 2000 1630 declarant
2030 1575 2315 1645 promissis
2338 1578 2608 1651 contraria
2628 1576 2911 1641 accidisse,
2934 1583 3191 1647 quantum
3211 1575 3277 1635 ad

213 1668 300 1737 ἐτη
325 1667 576 1737 τυγχάνει
606 1667 771 1737 χίλια,
790 1665 848 1729 ἐξ
867 1659 949 1727 οὗ,
973 1661 1389 1733 καθαιρεθείσης
1408 1660 1507 1731 τῆς
1536 1661 1629 1731 βας

1726 1666 2033 1721 sensibilem
2082 1667 2336 1731 thronum
2387 1675 2440 1721 et
2493 1681 2808 1737 corpoream
2861 1666 3010 1737 regni
3060 1664 3277 1722 Davidis

104 1759 281 1823 σιλείας
316 1757 500 1823 αὑτοῦ,
540 1757 634 1811 καὶ
655 1757 753 1828 τῆς
778 1755 1021 1825 διαδοχῆς
1052 1749 1213 1806 αὑτοῦ
1253 1750 1626 1821 παυσαμένης,

1726 1755 2128 1810 successionem
2148 1755 2399 1825 pertinet.
2438 1754 2567 1820 Quae
2592 1769 2723 1811 sane
2749 1771 2856 1810 non
2882 1755 3095 1810 silentio
3114 1755 3273 1817 mitti,

100 1848 262 1900 λέλυτο
286 1847 376 1901 τοῦ
404 1846 566 1901 Δαυιδ
595 1846 625 1899 6
656 1845 859 1920 θρόνος.
892 1844 980 1897 Διδ
1008 1842 1072 1913 δὴ
1119 1840 1186 1895 τὰ
1208 1840 1335 1911 ἑξῆς
1371 1839 1464 1893 τοῦ
1495 1838 1670 1927 φαλῆ

1725 1844 1820 1900 sed
1866 1844 1925 1927 in
1973 1844 2253 1916 prophetia
2308 1845 2375 1900 de
2413 1843 2625 1901 Christo
2671 1846 2961 1901 memorari
3006 1839 3274 1917 oportuit;

103 1938 189 2007 μοῦ
230 1939 359 1993 αὐτὰ
404 1939 575 1993 ταῦτα
602 1937 946 2007 ἀποδύρεται,
995 1933 1176 2002 σαφῶς
1200 1932 1293 1985 τοῦ
1320 1930 1624 2003 σωματικοῦ
1656 1924 1673 1979 1

1726 1944 1786 1989 ut
1813 1924 2139 1997 ediscamus,
2172 1935 2408 1990 instante
2436 1934 2615 1989 rerum
2648 1935 2700 1989 in
2727 1935 2985 1990 vaticinia
3011 1950 3279 1991 memora-

98 2025 264 2100 θρόνου
306 2030 400 2101 τὴν
442 2027 817 2100 καταστροφὴν
861 2025 1205 2098 σημαίνοντα,
1234 2025 1328 2079 καὶ
1365 2024 1619 2079 τάναντία

1722 2033 1897 2081 tarum
1941 2035 2201 2096 tempore,
2232 2025 2568 2081 sensibilium
2603 2024 2839 2087 illorum,
2868 2024 2936 2079 de
2961 2024 3160 2094 quibus
3190 2024 3275 2093 agi

100 2120 415 2191 παριστῶντα
456 2119 853 2191 συμϐεϐηκέναι
900 2120 1019 2181 ταῖς
1066 2116 1414 2186 ἐπαγγελίαις
1437 2157 1452 2180 ,
1499 2116 1619 2169 ὅσον

1723 2123 1912 2184 putant
1947 2113 2148 2177 Judaei,
2179 2114 2500 2171 solutionem
2545 2112 2777 2167 futuram
2808 2128 2957 2177 esse;
2991 2114 3095 2169 alia
3125 2130 3273 2175 vero.

97 2213 175 2264 ἐπὶ
192 2210 262 2281 τῷ
286 2208 521 2281 αἰσθητῷ
549 2208 721 2279 θρόνῳ
747 2210 839 2262 καὶ
876 2211 943 2279 τῇ
973 2209 1251 2277 σωματικῇ
1286 2205 1497 2276 διαδοχῇ
1522 2206 1619 2276 τῆς

1722 2221 1843 2275 quae
1885 2205 2068 2259 divino
2110 2221 2259 2260 more
2313 2204 2708 2275 intelliguntur,
2750 2203 2841 2260 Dei
2896 2205 3276 2277 promissionis

96 2300 172 2352 τοῦ
186 2298 334 2353 Δαυῖδ
362 2298 653 2369 βασιλείας·
686 2297 722 2351 ἀ
749 2297 813 2368 δὴ
838 2296 1080 2351 καὶαύτά
1096 2296 1260 2367 ἐχρῆν
1280 2296 1353 2367 μὴ
1383 2296 1618 2349 ἀποσιω-

1330 2296 1353 2367 h
1383 2296 1618 2349 ἀποσιω-
1721 2295 2107 2365 complementa
2136 2303 2191 2349 et
2212 2297 2742 2351 consummationem
2769 2296 2900 2351 fore.

95 2390 323 2462 πηθῆναι,
360 2392 665 2462 ἀναγκαίως
688 2390 829 2445 δὲέν
862 2390 927 2465 τῇ
953 2390 1080 2463 περὶ
1110 2389 1203 2443 τοῦ
1232 2386 1466 2459 Χριστοῦ
1492 2386 1788 2457 προφητείᾳ
1818 2385 2272 2459 παραληφθῆναι·
2308 2386 2383 2450 ὼς
2430 2386 2498 2442 ἂν
2547 2386 2827 2457 μάθοιμεν,
2870 2387 2989 2455 ὅτι,
3012 2384 3104 2438 τοῦ
3155 2401 3246 2439 και

98 2481 177 2551 ροῦ
198 2481 300 2537 τῶν
352 2483 837 2555 προφητευομένων
885 2478 1220 2545 ἐπιστάντος,
1262 2479 1369 2534 τῶν
1417 2481 1514 2550 μὲν
1552 2478 1819 2549 αἰσθητῶν
1861 2478 2011 2549 παρὰ
2070 2478 2336 2533 Ἰουδαίων
2387 2480 2750 2551 νομιζομένων
2806 2477 3076 2541 παντελῶς
3124 2477 3272 2531 ἔστι..

93 2574 239 2635 λύσις,
271 2572 467 2632 ἑτέρων
487 2572 543 2626 δὲ
575 2571 889 2637 θεοπρεπῶς
923 2570 1225 2642 νοουμένων
1251 2567 1701 2639 ἀποτελεσμάτων
1720 2566 1819 2637 τῆς
1857 2565 1951 2619 τοῦ
1984 2566 2117 2620 Θεοῦ
2144 2567 2473 2636 ἐπαγγελίας
2497 2568 2907 2639 συμπλήρωσις.

151 2683 225 2738 Σὺ
270 2684 337 2739 δὲ
396 2685 615 2740 ἀπώσω
668 2685 763 2738 καὶ
816 2682 1251 2750 ὲξουδένωσας,
1324 2681 1616 2737 ἀνεϐάλου

1795 2680 1955 2738 Vsus.
1980 2681 2166 2736 39-46.
2197 2681 2274 2735 Tu
2304 2699 2420 2736 vero
2450 2682 2689 2756 repulisti
2728 2691 2775 2736 et
2804 2680 3105 2751 despexisti,
3131 2683 3238 2753 abje

92 2775 183 2827 τὸν
227 2776 478 2842 Χριστόν
526 2790 660 2828 σου.
723 2774 1137 2843 Κατέστρεψας
1185 2773 1299 2841 τὴν
1328 2772 1618 2842 διαθήκην

1722 2773 1840 2827 sisti
1866 2770 2143 2828 Christum.
2160 2781 2325 2827 tuum.
2348 2773 2600 2829 Everlt'sti
2630 2783 2995 2829 testamentum
3017 2780 3150 2830 servi
3174 2780 3263 2843 lui;

92 2861 181 2915 τοῦ
214 2861 430 2917 δούλου
485 2880 622 2929 σου,
678 2862 1053 2929 ἐϐεϐήλωσας
1100 2865 1188 2929 εις
1230 2863 1344 2932 τὴν
1388 2862 1505 2933 γῆν
1550 2867 1615 2919 τὸ

1717 2863 2012 2933 profanasti
2036 2864 2089 2916 in
2119 2872 2257 2918 terra
2285 2866 2645 2918 sanctuarium
2661 2865 2774 2933 ejus
2797 2880 2813 2917 :
2834 2865 3143 2919 destruxisti
3161 2884 3272 2920 om-

90 2955 322 3024 drlaa'jsa
382 2955 597 3010 αὑτοῦ·
664 2955 934 3022 καθεῖλες
1000 2953 1228 3021 πάντας
1279 2956 1421 3022 τοὺς
1467 2973 1614 3026 φρα-

1717 2972 1805 3009 nes
1838 2971 1979 3025 sepes
2002 2955 2136 3025 ejus,
2160 2954 2383 3023 posuisti
2420 2955 2741 3009 munimenta
2775 2955 2886 3023 ejus
2914 2954 3264 3023 formidinem.

90 3045 252 3112 εμοὺς
298 3045 484 3100 αὐτοῦ
507 3087 522 3113 ,
571 3045 709 3101 ἔθου
766 3046 837 3100 τὰ
885 3046 1231 3115 ὀχυρώματα
1272 3047 1454 3101 αὐτοῦ
1493 3047 1612 3101 δει-

1716 3044 2057 3115 Diripuerunt
2094 3064 2211 3100 eum
2241 3062 2414 3101 omnes
2444 3055 2767 3101 transeuntes
2795 3048 2931 3105 viam
2955 3063 2973 3099 :
2992 3047 3269 3117 factus-est

88 3136 226 3189 λίαν.
284 3136 608 3205 Διήρπαζον
677 3137 861 3191 αὑτὸν
932 3136 1151 3204 πάντες
1218 3140 1272 3191 οἱ
1345 3152 1614 3206 παραπο-
1644 3191 1658 3206 ,

1718 3136 2046 3204 opprobrium
2090 3138 2273 3191 vicinis
2321 3134 2743 3191 suis.Exaltasti
2780 3136 3047 3191 dexteram
3105 3137 3269 3190 tribu-

83 3190 582 3292 ρευδμενοῖδδόὲυ
625 3225 873 3296 ἐγενήθη
926 3190 1151 3292 ὄνειδος
1186 3225 1309 3291 τοῖς
1355 3190 1653 3295 τὲὶτοσιν⁴

1716 3226 1938 3279 lantium
1956 3242 2093 3287 eum.
2117 3226 2399 3296 lecti/icasti
2416 3242 2588 3281 omnes
2612 3228 2849 3282 inimicos
2875 3228 3006 3297 ejus.
3024 3226 3269 3284 Acertisti

86 3312 271 3367 αὐτοῦ.
322 3316 599 3382 Ὗψωσας
646 3314 761 3384 τὴν
795 3313 999 3378 δεξιὰν
1027 3312 1143 3366 τῶν
1168 3313 1485 3367 θλιϐόντων
1512 3315 1616 3366 αὑ-

1714 3315 2034 3385 adjutorium
2061 3317 2227 3386 gladii
2244 3317 2378 3387 ejus,
2398 3326 2447 3371 et
2467 3335 2569 3372 non
2583 3334 2637 3372 es
2659 3320 2951 3381 auxiliatus
2973 3321 3018 3375 ei
3036 3322 3088 3374 in
3114 3319 3264 3375 bello.

87 3404 195 3467 τὸν,
220 3404 513 3474 εὔφρανας
541 3405 768 3471 πάντας
788 3404 926 3470 τοὺς
960 3403 1207 3473 ἐχθροὺς
1242 3404 1443 3457 αὐτοῦ.
1490 3404 1616 3457 Ἀπ-

1715 3407 1929 3461 Solvisti
1954 3424 2069 3460 eum
2100 3408 2163 3461 ab
2198 3409 2562 3463 emundatione
2588 3448 2605 3473 ,
2643 3409 2884 3463 thronum
2910 3411 3023 3480 ejus
3065 3412 3119 3465 in
3162 3420 3267 3465 ter-

81 3494 357 3564 ἐστρεψας
402 3497 518 3566 τὴν
559 3496 846 3564 βοήθειαν
904 3495 1013 3563 τῆς
1058 3496 1355 3565 ῥομφαίας
1395 3493 1611 3560 αὑτοῦ,

1714 3512 1829 3550 ram
1880 3498 2208 3569 confregisti.
2247 3498 2525 3554 Minorasti
2553 3500 2663 3554 dies
2707 3503 2953 3569 temporis
2982 3502 3118 3572 ejus,
3147 3519 3265 3574 per-

82 3588 171 3639 καί
197 3588 301 3640 οὐκ
344 3574 686 3642 ἀντελάϐου
736 3588 919 3642 αὑτοῦ
951 3588 1019 3640 ἐν
1061 3585 1140 3652 τῷ
1181 3585 1437 3655 πολέμῳ.
1470 3589 1616 3641 Κατ-

1714 3586 1900 3656 fudisti
1921 3606 2036 3643 eum
2059 3589 2379 3658 confusione.
2405 3589 2731 3661 Diapsalma.
2759 3589 2883 3646 Haec
2910 3591 2978 3647 de
3002 3605 3265 3663 corporea

80 3677 287 3743 ἐλυσας
352 3679 470 3733 ἀπὸ
524 3677 883 3747 καθαρισμοῦ
949 3677 1160 3751 αὐτὸν,
1223 3675 1331 3730 τὸν
1402 3676 1617 3743 θρόνον

1715 3678 1933 3735 Davidis
1967 3681 2349 3743 successione,
2397 3688 2451 3734 et
2500 3681 2566 3735 de
2609 3696 2775 3751 regno
2821 3680 2940 3747 ejus
2995 3682 3261 3746 sensibili,

82 3767 249 3822 αὐτοῦ
277 3769 359 3835 είς
384 3767 500 3838 γῆν
522 3766 911 3835 κατέρῤαξαςο
945 3748 1310 3836 ἐθμίκρυνας
1335 3764 1442 3831 τὰς
1478 3764 1615 3835 ἠμέ-

1713 3770 1854 3841 quod
1902 3777 2141 3840 tempore
2184 3770 2428 3826 abductae
2473 3748 2777 3827 Iudaeorum
2838 3770 3261 3842 iniBabylonem

75 3878 178 3927 ρας
204 3859 304 3915 τοῦ
328 3862 544 3930 χρόνου
568 3859 771 3925 αὑτοῦ,
803 3856 1081 3941 κατέχεας
1110 3857 1266 3923 αὐτῷ
1292 3858 1609 3925 αισχύνην⁶

1713 3859 2041 3930 captivitatis
2079 3859 2411 3926 destructum
2455 3861 2553 3914 fuit
2578 3901 2592 3925 ,
2649 3861 2870 3930 intelligi
2900 3862 3263 3930 comproban-

81 3951 395 4021 Διάψ-αλμα.
482 3951 868 4004 Ἀποδέδεικται
890 3948 1059 4004 ταῦτα
1089 3951 1154 4023 τῇ
1196 3947 1615 4019 σωματικωτέρᾳ

1713 3958 1819 4005 tur.
1859 3948 2058 4029 Exsilio
2079 3966 2312 4022 namque
2337 3962 2577 4023 tempore
2608 3951 2862 4008 Christus
2882 3993 2896 4015 ,
2931 3954 2993 4011 id.
3020 3961 3133 4015 est,
3169 3969 3262 4007 rex

80 4042 164 4095 τοῦ
196 4042 351 4097 Δαυῖδ
378 4042 592 4114 διαδοχῇ
623 4042 715 4096 καὶ
744 4044 808 4113 τῇ
838 4043 1116 4113 σωματικῇ
1147 4038 1306 4097 αὐτοῦ
1346 4036 1611 4109 βασιλείᾳ,

1714 4040 1985 4103 sensibilis
2018 4056 2049 4096 e
2094 4057 2289 4112 genere
2325 4030 2543 4097 Davidis
2575 4043 2791 4106 defecit,
2820 4044 3051 4111 thronus
3110 4042 3260 4115 regni

80 4130 190 4198 ἣτις
222 4130 489 4204 καθῃρέθη
529 4129 668 4185 κατά
710 4129 833 4200 τοὺς
862 4130 1081 4200 χρόνους
1102 4128 1199 4199 τῆς
1219 4129 1297 4189 είς
1328 4124 1615 4186 Βαϐυλῶνα

1712 4130 1830 4199 ejus
1860 4130 2171 4197 confractus
2197 4139 2301 4191 est.
2329 4143 2384 4185 et
2416 4133 2621 4201 reliqua
2647 4132 2828 4186 omnia
2850 4148 2971 4202 qua:
2994 4133 3046 4187 in
3073 4135 3262 4190 vatici-

78 4221 431 4290 αἰχμαλωσίας
455 4220 550 4274 τοῦ
581 4219 845 4289 Ἰουδαίων
866 4217 1012 4271 λαοῦ.
1171 4218 1374 4271 ἐκείνου
1394 4216 1502 4287 γὰρ
1524 4219 1612 4271 καὶ

1713 4220 1803 4274 nio
1849 4218 2097 4273 feruntur
2136 4220 2350 4288 impleta
2400 4228 2543 4277 sunt.
2595 4220 2802 4287 Quibus
2855 4223 2922 4279 de
2961 4226 3143 4280 causis
3196 4241 3262 4280 ex

76 4310 101 4359 ό
131 4305 368 4379 Χριστὸς,
399 4308 669 4362 τουτέστιν
699 4308 729 4367 δ
756 4304 1007 4377 αἰσθητὸς
1039 4306 1303 4377 βασιλεὺς,
1331 4308 1359 4358 ὁ
1391 4308 1497 4361 ἀπὸ
1523 4308 1616 4377 γέ·

1713 4326 1940 4383 persona
1967 4310 2272 4365 Judaeorum
2301 4312 2388 4367 hic
2429 4328 2608 4369 εει-ηιο
2640 4315 2875 4383 lamenta
2925 4317 3068 4381 edit;
3102 4317 3260 4388 quasi

77 4414 191 4461 νους
213 4396 367 4451 Δαυῒδ
392 4396 709 4470 διαλέλοιπε,
743 4398 835 4454 καὶ
855 4401 883 4451 ό
907 4395 1090 4469 θρόνος
1108 4396 1204 4467 τῆς
1227 4396 1496 4467 βασιλείας
1519 4400 1614 4453 ab.

1714 4402 1919 4457 scilicet
1946 4401 2046 4455 alia
2071 4398 2212 4456 Deus
2244 4403 2599 4473 promiserit,
2642 4405 2749 4461 alia
2785 4407 3087 4465 evenerint.
3151 4406 3258 4463 Nos

75 4489 161 4543 τοῦ
190 4489 519 4561 κατερράγη,
542 4491 634 4543 καὶ
663 4490 733 4544 τὰ
759 4490 919 4563 λοιπά
948 4489 1124 4549 πάντα
1148 4490 1217 4543 τά
1237 4497 1611 4563 προπέφητευ-
1640 4514 1645 4568 ]

1712 4506 1840 4547 vero
1874 4490 2301 4559 animadvertere
2332 4494 2606 4558 convenit,
2630 4508 2756 4579 cum
2802 4494 2944 4551 Deus
2994 4496 3260 4557 mendacii

77 4580 204 4648 μένα
227 4580 602 4653 πεπλήρωται·
631 4576 811 4652 ὲφόἷς
836 4584 898 4643 ἐκ
920 4580 1205 4654 προσώπου
1222 4581 1315 4635 τοῦ
1346 4583 1610 4638 Ἰουδαίων

1711 4595 1902 4651 expers
1931 4582 2020 4648 sit,
2051 4582 2359 4637 necessario
2403 4598 2562 4641 veros
2598 4576 2719 4639 esse
2760 4599 3037 4639 sermones
3089 4584 3208 4654 ejus
3240 4604 3254 4639 :

73 4663 245 4731 ἔθνους
260 4664 649 4741 άπολοφύρεται
676 4669 705 4721 ὁ
734 4668 887 4739 λόγος
905 4708 919 4734 ,
950 4658 1025 4732 ώς
1052 4669 1209 4740 ἕτερα
1243 4670 1339 4740 μὲν
1356 4670 1447 4723 τοῦ
1476 4670 1609 4722 Θεοῦ

1750 4671 1756 4723 i
1790 4678 1966 4732 autem
1996 4688 2120 4742 erga
2154 4661 2427 4728 sensibile
2459 4672 2675 4728 Davidis
2714 4688 2938 4743 regnum
2984 4674 3098 4728 veri
3148 4658 3257 4730 non

72 4751 518 4824 ιπαγγειλαμένου
538 4795 552 4820 ,
577 4754 774 4827 ἑτέρων
806 4755 862 4808 δὲ
893 4755 1224 4810 ἀποϐάντων.
1257 4757 1523 4827 Προσήκει
1552 4756 1607 4808 δὲ

1688 4754 2065 4829 reperiantur,
2098 4768 2264 4816 restat
2309 4770 2367 4835 ut
2399 4762 2505 4814 alio
2540 4759 2700 4815 modo
2746 4763 3015 4831 promissa
3060 4764 3257 4818 intelli-

73 4842 211 4909 ἡμᾶς
232 4843 515 4931 ἐπιστῆσαι
538 4845 628 4899 τὸν
655 4846 776 4900 νοῦν
794 4887 809 4908 ,
839 4847 933 4909 ὡς,
962 4846 1055 4900 τοῦ
1080 4846 1213 4900 Θεοῦ
1236 4848 1494 4917 ἀψευδοῦς
1523 4848 1608 4899 ὸν-

1704 4868 1916 4923 gamus.
1944 4852 2077 4929 Quis
2116 4854 2203 4909 ille
2238 4854 2431 4907 modus
2460 4854 2549 4918 sit,
2573 4853 2729 4907 docet
2760 4854 3009 4922 superius
3039 4853 3256 4912 divinus

73 4943 176 4993 τος,
199 4931 403 5004 ἀνάγκη
425 4932 570 4985 πᾶσα
588 4933 1039 5003 ὲπαληθεύσεσθαι
1056 4938 1187 4999 ’τοὺς
1205 4935 1362 4989 αὐτοῦ
1382 4935 1569 5003 λόγους
1586 4948 1603 4963 ·

1710 4944 1963 5015 Spiritus,
1993 4933 2113 4999 cum
2144 4943 2342 4997 dicitur
2372 4963 2385 4996 :
2422 4943 2486 4996 ιη
2511 4944 2636 4998 cmlo
2654 4945 3037 5013 prwparabitur
3067 4950 3254 5002 raritas

73 5021 115 5071 si
138 5019 193 5073 δὲ
220 5022 293 5094 μὴ
316 5023 655 5095 ἀληθεύοιντο
686 5026 776 5078 ἐπὶ
804 5024 901 5095 τῆς
928 5024 1185 5095 αίσθητῆς
1207 5024 1298 5079 τοῦ
1326 5023 1482 5078 Δαυῖδ
1507 5024 1602 5094 βα-

1707 5042 1835 5097 tua;
1871 5048 1933 5088 ac
1959 5046 2173 5087 rursum
2203 5050 2215 5085 :
2240 5030 2640 5102 Conﬁtebuntur
2682 5036 2797 5088 ειυίὶ
2821 5035 3090 5089 mirabilia
3122 5046 3211 5088 tua
3236 5076 3250 5101 ,

72 5108 295 5174 σιλείας,
326 5112 443 5185 ὥρα
477 5114 662 5184 ἕτερον
688 5116 883 5186 τρόπον
915 5117 1050 5169 νοεῖν
1093 5115 1163 5168 τὰ
1201 5114 1598 5186 ἐπηγγελμένα.

1705 5122 1943 5183 Domine,
1972 5120 2160 5173 etenim
2212 5122 2478 5176 veritatem
2511 5134 2655 5177 tuam
2705 5125 2759 5176 in
2799 5124 3015 5177 ecclesia
3044 5134 3252 5177 sancto-

69 5201 159 5264 Τίς
192 5196 283 5257 οὖν
310 5202 339 5255 ό
366 5205 593 5273 τρόπος,
628 5206 757 5259 αὐτὸ
782 5207 842 5260 τὸ
872 5206 1010 5260 θετον
1040 5206 1240 5271 ἐδίδαξε
1269 5206 1488 5277 Πνεῦμα
1513 5207 1601 5261 διὰ

1705 5229 1853 5277 rum;
1880 5214 2182 5282 iterumque
2216 5233 2228 5268 :
2258 5213 2450 5269 Potens
2471 5232 2546 5277 es,
2566 5216 2817 5283 Domine,
2848 5225 2896 5268 et
2939 5194 3253 5283 veritasitua

68 5290 167 5343 τῶν
192 5289 511 5362 ἔμπροσθεν,
539 5292 598 5344 ἑν
622 5288 702 5357 οἷς
734 5295 942 5368 είρητο·
1001 5300 1102 5353 Ἐν
1123 5295 1349 5365 οὐρανῷ
1374 5299 1599 5368 ἑτοίμα-

1704 5305 1762 5357 in
1791 5302 2012 5356 circuitu
2048 5312 2171 5367 tuo;
2200 5311 2254 5359 et
2291 5320 2507 5360 rursum
2529 5346 2544 5370 ,
2583 5304 2951 5359 Misericordia
2978 5312 3029 5358 et
3056 5282 3250 5359 veritas

67 5382 346 5451 σθήσσται
380 5384 419 5452 ἠ
452 5382 697 5449 ἀλήθειά
715 5402 829 5442 σου
848 5405 863 5420 θ
887 5390 980 5443 καὶ
1008 5389 1197 5443 πάλιν
1232 5388 1608 5460 755011010715-

1701 5393 1985 5463 prwcedent
2012 5393 2199 5462 faciem
2230 5406 2397 5450 tuam.
2440 5395 2565 5454 Haec
2617 5399 2813 5466 quippe
2849 5396 3029 5450 omnia
3071 5395 3254 5450 decla-

65 5486 268 5525 σονται
290 5473 348 5562 oi
365 5471 608 5562 οὐρανοί
634 5472 707 5526 τὰ
737 5478 1036 5547 θαυμάσια
1070 5493 1183 5533 σου
1208 5517 1222 5541 ,
1268 5479 1469 5545 Κύριε,
1510 5482 1609 5535 καί

1704 5493 1844 5549 rant,
1868 5483 1958 5538 Dei
1986 5485 2252 5552 promissa
2296 5502 2572 5562 nunquam
2603 5488 2756 5541 irrita
2783 5502 2906 5543 esse
2930 5528 2945 5552 ,
2997 5491 3092 5542 sed
3144 5505 3250 5558 qua

65 5562 165 5630 τὰρ
195 5561 293 5617 και
330 5556 446 5629 τὴν
478 5552 763 5631 ἀλήθειάν
813 5582 931 5622 σου
985 5568 1054 5623 ἐν
1076 5570 1365 5637 ἐκκλησίᾳ
1393 5571 1572 5641 ἁγίων
1592 5591 1604 5603 ·

1701 5578 1817 5647 ipse
1842 5575 1990 5630 novit
2016 5576 2221 5631 ratione
2265 5552 2497 5646 impleri.
2527 5576 2683 5641 Nam,
2720 5576 2787 5633 In
2816 5579 2942 5633 caelo
2966 5620 2982 5645 ,
3034 5552 3211 5648 inquit
3233 5618 3248 5641 ,

65 5654 149 5706 καὶ
168 5653 328 5707 πάλιν
347 5668 362 5682 ⁸
389 5654 646 5721 Δυνατὸς
672 5650 729 5708 εἴ
743 5695 757 5720 ,
787 5659 961 5726 Κύριε
978 5701 993 5725 ,
1027 5660 1123 5716 καὶ
1158 5660 1195 5725 ἡ
1223 5660 1467 5728 ἀλήθειά
1493 5679 1605 5718 σου

1701 5665 2084 5735 ρναροταὺὲιιιν
2128 5669 2315 5728 veritas
2376 5676 2508 5720 tua:
2537 5677 2720 5738 aperte
2772 5670 3081 5740 signiﬁcans
3141 5684 3251 5723 cce-

65 5745 261 5809 κύκλφ
287 5758 405 5798 σου
428 5758 443 5773 ⁸
485 5745 575 5799 καὶ
597 5740 779 5810 αὖθις·
829 5748 1038 5816 Ἔλεος
1069 5750 1164 5804 καὶ
1194 5750 1439 5817 ἀλήθεια
1463 5767 1600 5819 προ-

1704 5740 1874 5812 Ιεειεε
1903 5770 1966 5809 ac
1997 5756 2207 5811 divinas
2249 5772 2370 5812 esse
2412 5756 2503 5813 Dei
2544 5760 2951 5828 promissiones.
2994 5758 3071 5811 Ac
3131 5772 3251 5811 ver-

63 5836 450 5901 κρρσύσονται
480 5837 585 5903 πρὸ
618 5837 934 5905 ,προσώπου
966 5858 1098 5897 σου.
1141 5840 1316 5895 Ταῦτα
1344 5842 1452 5914 γὰρ
1479 5844 1601 5898 πάν-

1706 5848 1892 5902 borum
1927 5847 2311 5915 complementa
2332 5847 2625 5903 declaravit
2656 5864 2747 5923 per
2779 5849 3113 5916 salvatorem
3145 5863 3245 5903 no-
