3976 6356
756 485 883 539 illi

1430 482 1688 540 EUSEBII
1711 485 2174 541 CESABIENSIS
2208 486 2353 543 OPP.
2395 488 2568 542 PARS
2602 487 2685 543 ιιι.
2722 517 2795 533 -—
2830 488 3221 545 EXEGETICA.

3770 489 3873 551 illi

758 605 926 651 strum
958 595 1134 650 .lesum
1164 596 1474 664 Christum“
1489 611 1552 650 ex
1598 596 1799 650 semine
1831 594 2043 651 Davidis
2067 605 2264 653 ortum.

2378 617 2443 652 τα
2475 602 2845 669 παραστατικὰ
2873 602 3119 671 τυγχάνει
3147 600 3237 652 τοῦ
3271 599 3344 670 μὴ
3388 600 3764 667 διαψεύσασθαι
3803 602 3873 663 τὰς

757 692 988 757 perfecta
1011 704 1163 744 esse:
1201 704 1323 742 nam
1360 689 1519 757 hujus
1560 702 1777 756 regnum
1809 697 1860 741 et
1892 687 2136 750 thronus,
2168 703 2276 743 non

758 779 1047 841 humanus,
1066 793 1239 846 neque
1267 794 1333 829 ex
1367 778 1469 830 hoc
1502 776 1701 829 mundo
1733 784 1864 830 erat.
1903 775 2275 832 ldcircodice-

758 870 846 921 bat
880 868 1047 921 Pilato
1076 887 1087 920 :
1143 866 1369 935 Regnum
1393 882 1559 919 meum
1588 882 1687 919 non
1707 874 1783 920 cst
1807 881 1870 919 ea:
1884 866 1977 918 hoc
1995 866 2184 918 mundo
2206 865 2271 921 ⁵⁸.

760 956 1073 1012 Sciscitante
1097 968 1272 1011 autem
1298 957 1406 1018 illo,
1437 972 1563 1009 num
1593 972 1682 1010 rex
1708 964 1869 1020 esset,
1888 958 2179 1026 respondit,
2210 955 2274 1011 In

754 1048 848 1103 hoc
873 1061 1029 1102 natus
1055 1030 1186 1101 sum.
1218 1049 1380 1116 Igitur
1427 1048 1471 1100 si
1519 1047 1571 1099 in
1604 1046 1703 1100 hoc
1737 1054 1894 1100 natus
1925 1054 2038 1110 est,
2081 1049 2132 1099 in
2173 1048 2275 1100 hoc

752 1134 1015 1189 manebit.~
1037 1132 1171 1187 Huic
1227 1147 1386 1203 porro
1445 1134 1675 1207 sermo’ni
1735 1134 2096 1188 testimonium
2127 1134 2275 1187 affert

750 1222 841 1290 qui
884 1228 1059 1276 ortum
1090 1220 1433 1292 ejusVirgini
1486 1222 1729 1289 promisit
1771 1222 2001 1303 angelus,
2032 1221 2270 1285 Gabriel,

748 1310 840 1379 qui
867 1310 1001 1365 dixit
1031 1310 1079 1364 ei
1104 1308 1222 1363 :-Et
1248 1326 1361 1363 ecce
1397 1311 1646 1378 concipias
1668 1311 1723 1361 in
1750 1318 1912 1375 utero,
1935 1319 1982 1364 et
2012 1313 2201 1376 paries,
2227 1322 2273 1363 et

748 1398 950 1453 vocabis
978 1416 1156 1453 nomen
1176 1400 1286 1466 ejus
1313 1398 1512 1453 Iesum.
1547 1400 1645 1452 Hie
1673 1400 1771 1452 erit
1808 1416 2040 1469 magnus,
2063 1408 2112 1454 et
2132 1401 2272 1468 ﬁlius

749 1488 1004 1542 Altissimi
1033 1490 1311 1543 vocabitur.
1346 1488 1412 1542 Et
1456 1488 1601 1542 dabit
1630 1488 1711 1541 illi
1735 1488 1872 1542 Deus
1896 1489 2132 1542 thronum
2164 1488 2273 1542 Da-

749 1579 830 1631 vid
853 1582 1014 1647 patris
1039 1581 1141 1644 sui,
1168 1590 1216 1634 et
1245 1581 1473 1651 regnabit
1514 1583 1568 1634 in
1595 1591 1861 1644 wternum,
1890 1590 1940 1635 et
1972 1583 2113 1651 regni
2161 1582 2274 1649 ejus

749 1686 847 1722 non
872 1666 971 1724 erit
997 1671 1118 1739 ﬁnis
1142 1672 1205 1725 ".
1238 1671 1295 1725 ln
1337 1673 1438 1725 hoc
1462 1672 1661 1741 'itaque
1704 1679 1863 1726 natus
1895 1679 2007 1738 est;
2067 1672 2161 1726 sed
2188 1684 2272 1725 re-

740 1760 1055 1830 gnum'ejus
1106 1776 1212 1817 non
1251 1772 1367 1817 erat
1409 1778 1471 1817 ex
1524 1764 1626 1816 hoc
1658 1761 1897 1816 mundo:
1950 1777 2071 1816 nam
2112 1763 2271 1830 hujus

746 1850 927 1903 mundi
957 1865 1178 1921 regnum
1220 1867 1327 1906 non
1358 1860 1529 1923 potest
1561 1853 1615 1905 in
1646 1861 1901 1905 aeternum
1931 1852 2145 1913 durare,
2181 1867 2272 1906 ne.

2374 690 2465 742 τοῦ
2492 690 2622 742 Θεοῦ
2653 690 2992 758 ἐπαγγελίας,
3020 688 3343 759 πληροῦσθαι
3371 690 3427 742 δὲ
3457 690 3641 754 αὑτὰς,
3672 691 3787 744 καθ’
3804 692 3872 754 οὓς

2373 774 2476 831 οἶδε
2496 779 2698 847 λόγους.
2731 780 2829 833 Ἑν
2850 777 2955 848 γὰρ
2976 778 3052 844 τῷ
3071 778 3297 846 οὐρανῷ
3312 820 3327 844 ,
3352 780 3534 848 φησὶν,
3559 781 3869 847 ἐτοιμασθή-

2371 881 2536 921 σεται
2578 870 2614 934 ἠ
2661 869 2901 935 ἀλήθειά
2942 884 3089 922 σου·
3125 868 3304 934 σαφῶς
3346 869 3518 938 δηλῶν
3557 871 3869 937 ἐπουρανίοκ

2371 954 2505 1009 εἶναι
2534 959 2624 1009 καὶ
2650 957 2790 1019 Θείας
2814 958 2910 1019 τὰς
2937 957 3029 1010 τοῦ
3062 957 3192 1009 Θεοῦ
3226 958 3568 1025 ἐπαγγελίας.
3612 960 3717 1010 Καὶ
3764 978 3869 1030 παρ-

2373 1047 2563 1115 έστηκε
2593 1046 2696 1097 τῶν
2715 1047 2882 1113 λόγων
2912 1045 2980 1098 τὰ
3012 1046 3413 1116 ἀποτελέσματα
3434 1047 3520 1099 διὰ
3546 1047 3635 1099 τοῦ
3654 1048 3869 1118 Σωτῆρος

2372 1137 2522 1205 ἡμῶν
2560 1137 2727 1206 Ἰησοῦ
2771 1135 2999 1206 Χριστοῦ
3040 1135 3132 1188 τοῦ
3182 1138 3466 1207 γενομένου
3509 1139 3571 1193 ὲκ
3597 1138 3867 1207 σπέρματος

2372 1224 2528 1277 Δαυῒδ
2559 1226 2949 1296 πεπληρωμένα
2966 1244 2978 1259 ·
3004 1229 3186 1280 τούτου
3211 1229 3316 1297 γὰρ
3337 1229 3370 1296 ἡ
3403 1226 3637 1294 βασιλεία
3660 1227 3752 1279 καὶ
3771 1228 3866 1296 θρό-

2372 1331 2457 1376 νος
2483 1314 2581 1367 οὑκ
2616 1314 2944 1385 ἀνθρώπινος
2973 1312 3039 1385 ἦν
3059 1357 3075 1382 ,
3107 1316 3223 1369 οὐδὲ
3250 1320 3312 1369 ὲκ
3347 1317 3439 1370 τοῦ
3465 1318 3667 1387 κόσμου
3691 1317 3864 1371 τούτου.

2369 1403 2456 1455 Διὸ
2486 1403 2663 1471 ἔλεγεν
2692 1405 2781 1455 ἐπὶ
2802 1404 2892 1458 τοῦ
2917 1406 3141 1459 Πιλάτου
3157 1425 3171 1437 ν
3198 1407 3265 1460 Ἠ
3282 1407 3565 1469 ,βασιλεία
3590 1407 3628 1473 ἠ
3658 1407 3765 1475 ἐμὴ
3782 1410 3867 1460 οὐκ

2368 1491 2535 1545 ἔστιν
2558 1492 2626 1543 ἐκ
2654 1490 2758 1543 τοῦ
2791 1488 3015 1561 κόσμοι)
3045 1494 3273 1546 τούτου.
3342 1494 3661 1564 Ἐρωτηθείς
3705 1511 3761 1547 τε
3796 1497 3864 1547 ὑπ’

2368 1576 2527 1630 αὐτοῦ
2557 1581 2603 1631 εί
2636 1577 2880 1645 βασιλεὺς
2924 1580 3004 1650 εἴη
3023 1617 3039 1641 ,
3071 1580 3423 1647 ἀπεκρίνατο,
3465 1582 3568 1643 Εἰς
3596 1579 3765 1633 τοῦτο
3791 1585 3864 1633 καὶ

2368 1668 2727 1738 γεγέννημαι.
2779 1667 2985 1721 Οὐκοῦν
3010 1669 3057 1721 εἱ
3082 1668 3412 1739 γεγέννηται,
3444 1671 3589 1737 μενεί
3618 1670 3697 1732 είς
3719 1670 3863 1722 τοῦτο.

2368 1760 2475 1811 Καὶ
2506 1761 2767 1835 μαρτυρεζ
2787 1758 2861 1827 τῷ
2884 1759 3023 1827 λόγῳ
3051 1761 3079 1811 ὁ
3099 1760 3192 1827 τὴν
3223 1760 3429 1825 γένεσιν
3458 1760 3616 1812 αὑτοῦ
3650 1764 3715 1829 τῇ
3750 1762 3865 1830 Περ·

2369 1847 2501 1918 θένῳ
2531 1849 3007 1918 εὐαγγελισάμενος
3034 1847 3255 1917 ἄγγελος
3280 1852 3307 1902 ὁ
3328 1849 3561 1919 Γαϐριὴλ
3581 1850 3742 1902 εἰπὼν
3761 1853 3867 1920 πρὸς

745 1954 846 2005 que
873 1940 975 1995 llne
1006 1950 1172 2006 caret,
1206 1957 1376 2010 neque
1422 1941 1474 1994 in
1509 1940 1771 1994 inﬁnitum
1824 1939 2160 2006 extenditur;
2193 1954 2264 1993 τε·

2367 1939 2555 2006 αὑτήν·
2612 1936 2718 1991 Καὶ
2754 1937 2880 1990 ἰδοὺ
2912 1938 3198 2006 συλλήψῃ
3229 1939 3299 1992 ἐν
3326 1939 3529 2007 γαστρὶ
3548 1978 3562 1999 ,
3608 1941 3699 1992 καὶ
3728 1939 3865 2006 τέξῃ,

746 2044 904 2093 gnum
924 2045 1050 2084 vero
1076 2030 1265 2085 semini
1292 2030 1503 2084 Davidis
1529 2030 1850 2099 promissum
1874 2038 2131 2084 aeternum
2150 2037 2264 2084 erat

2368 2027 2462 2079 καὶ
2480 2026 2748 2092 καλέσεις
2767 2017 2845 2079 τὸ
2855 2028 3035 2094 ὄνομα
3055 2028 3234 2081 αὑτοῦ
3263 2029 3516 2093 Ἰησοῦν.
3536 2024 3716 2093 Οὗτος
3729 2029 3867 2081 ἔσται

743 2123 795 2167 et
818 2116 1112 2170 immortale
1137 2136 1150 2169 :
1181 2118 1255 2170 ait
1278 2118 1451 2183 enim,
1492 2116 1560 2170 Et
1610 2119 1821 2171 thronus
1850 2117 1960 2184 ejus
2004 2118 2104 2169 erit
2133 2117 2264 2169 sicut

2365 2114 2562 2185 μέγας,
2594 2117 2689 2168 καὶ
2720 2117 2844 2181 υἱός
2873 2119 3158 2184 Ὑψίστου
3187 2119 3566 2187 κληθήσεται.
3595 2120 3703 2172 Kal
3723 2119 3869 2171 δώσει

745 2204 823 2254 sol
857 2204 908 2255 in
936 2216 1203 2269 conspectu
1228 2220 1355 2267 meo,
1378 2214 1427 2258 et
1450 2206 1582 2258 sicut
1627 2205 1750 2259 luna
1779 2205 2007 2277 perfecta
2034 2206 2090 2257 in
2117 2213 2264 2259 ater.

2368 2198 2521 2263 αὐτῷ
2546 2204 2577 2253 d
2611 2200 2749 2264 Θεὸς
2771 2203 2875 2253 τὸν
2900 2205 3111 2269 θρόνον
3129 2204 3307 2257 Δαυῒδ
3326 2206 3429 2258 τοῦ
3450 2208 3666 2273 πατρὸς
3688 2207 3867 2265 αὐτοῦ.

746 2306 886 2353 num,
916 2299 964 2342 ct
994 2293 1134 2344 testis
1155 2292 1205 2343 in
1222 2290 1358 2344 'cazlo
1387 2292 1575 2360 fidelis.

2369 2291 2464 2341 καὶ
2488 2288 2841 2351 βασιλεύσει
2872 2292 2955 2354 εις
2978 2290 3083 2343 τὸν
3107 2291 3307 2356 αἰῶνα,
3343 2294 3566 2361 καὶτῆς
3581 2295 3871 2358 ,βασιλείας

745 2378 926 2431 αὐτοῦ
961 2383 1067 2433 οὐκ
1095 2381 1260 2434 ἔσται
1286 2382 1473 2447 τέλος.
1502 2383 1819 2453 Γεγέννηται
1838 2385 2011 2437 τοίνυν
2031 2386 2108 2448 είς
2122 2383 2295 2445 τοῦτο,
2327 2379 2556 2433 ἀλλὀὐκ
2585 2373 2652 2446 ἦν
2684 2380 2714 2437 ἡ
2745 2377 2981 2445 βασιλεία
3033 2381 3196 2434 αὐτοῦ
3231 2384 3294 2434 ὲκ
3314 2381 3404 2434 τοῦ
3433 2384 3630 2453 κόσμου
3668 2386 3866 2471 τούτουζ

744 2470 776 2535 ὴ
808 2468 902 2536 μὲν
928 2469 1033 2538 γὰρ
1058 2469 1147 2521 τοῦ
1169 2471 1365 2539 κόσμου
1383 2472 1567 2523 τούτου
1594 2473 1831 2541 βασιλεία
1853 2475 1947 2543 οὐχ
1970 2473 2053 2527 οἶα
2071 2475 2128 2526 τέ
2149 2476 2258 2526 ἐστι
2287 2474 2520 2542 διαρκεῖν
2553 2470 2631 2530 εἰς
2660 2469 2747 2521 τὸν
2787 2468 2952 2522 αἰῶνα
2976 2508 2989 2531 ,
3034 2468 3139 2538 ουδ’
3190 2471 3333 2523 ἐστὶν
3377 2471 3714 2541 ἀτελεύτητος
3732 2513 3746 2533 ,
3777 2472 3852 2523 οὐδ

746 2562 823 2620 εἰς
853 2560 909 2610 τὸ
944 2559 1161 2627 ἄπειρον
1186 2560 1521 2629 ἐκτεινομένη
1541 2580 1552 2592 ·
1583 2562 1614 2631 ὴ
1640 2562 1695 2613 δὲ
1724 2563 1800 2632 τῷ
1826 2565 2094 2635 σπέρματι
2115 2563 2273 2617 Δαυῒδ
2299 2561 2669 2632 ὲπηγγελμένη
2704 2561 2941 2631 βασιλεία
2971 2560 3180 2624 αἰώνιός
3221 2577 3302 2625 τις
3350 2558 3417 2631 ἦν
3466 2562 3555 2616 καὶ
3596 2564 3862 2623 ἀθάνατος·

744 2646 849 2700 Kal
882 2649 913 2699 ό
951 2647 1172 2712 θρόνος,
1197 2650 1301 2721 γάρ
1330 2667 1506 2719 φησιν,
1560 2656 1725 2708 ἔσται
1782 2659 1961 2712 αὐτοῦ
1988 2658 2065 2724 ὡς
2102 2658 2268 2725 ἥλιος
2298 2654 2544 2711 ἐνώπιόν
2573 2675 2717 2726 μου,
2745 2657 2840 2709 καὶ
2866 2657 2944 2719 ὡς
2967 2658 3004 2722 ἡ
3062 2654 3288 2723 σελήνη
3336 2656 3753 2726 κατηρτισμένη
3795 2660 3867 2721 εὶς

743 2735 848 2787 τὸν
872 2733 1067 2798 αιῶνα,
1092 2738 1187 2790 καὶ
1210 2736 1243 2792 δ
1271 2739 1495 2808 μάρτυς
1518 2744 1587 2797 ἐν
1616 2747 1843 2814 οὐρανῷ
1879 2752 2107 2814 πιστός.

812 2844 959 2900 Talia
995 2860 1155 2918 porro
1198 2858 1323 2906 sunt
1349 2867 1467 2921 qua:
1514 2854 1714 2924 Virgini
1748 2857 1814 2913 de
1859 2859 1967 2913 ﬁlio
1991 2876 2055 2914 ex
2080 2875 2139 2914 se
2171 2874 2266 2912 na-

744 2936 944 2990 scituro
982 2940 1245 3005 promissa
1283 2952 1425 2995 sunt.
1460 2942 1687 3000 Oracula
1716 2948 1854 3001 enim
1902 2949 2003 3018 ipsi
2038 2949 2265 3006 fundens

743 3028 979 3096 angelus,
1009 3030 1119 3083 ὶιιεε
1148 3030 1413 3097 pollicitus
1439 3042 1520 3087 est
1545 3053 1557 3088 :
1588 3034 1656 3087 Et
1683 3036 1827 3089 dabit
1855 3038 1933 3090 illi
1960 3038 2098 3112 Deus
2122 3028 2263 3093 thro-

2430 2854 2661 2908 Τοιαῦτα
2691 2854 2747 2906 δὲ
2770 2853 3022 2921 τυγχάνει
3044 2851 3110 2905 τὰ
3146 2854 3239 2905 καὶ
3262 2854 3327 2923 τῇ
3351 2854 3605 2923 Παρθένῳ
3628 2854 3867 2922 ἐπηγγελ-

2365 2934 2496 3014 μένα
2522 2944 2645 3013 περὶ
2669 2942 2758 2995 τοῦ
2788 2941 2844 3006 ἐξ
2868 2943 3031 3011 αὐτῆς
3050 2941 3521 3011 γεννηθησομένου.
3540 2940 3867 3011 Χρηματίζων

2364 3032 2490 3101 γοῦν
2514 3033 2646 3102 αὐτῇ
2678 3033 2706 3083 ὁ
2736 3030 2957 3098 ἄγγελος
2978 3028 3328 3097 ἐπηγγείλατο
3354 3029 3523 3096 λέγων
3541 3047 3554 3060 ·
3580 3030 3685 3083 Kal
3709 3030 3864 3083 δώσει

744 3122 866 3169 nunt
891 3115 1055 3169 David
1090 3120 1254 3186 patris
1283 3121 1415 3188 ejus.
1447 3122 1630 3187 Qualis
1656 3139 1782 3178 vero
1798 3125 1947 3181 illeet
1963 3128 2263 3197 cujusmodi

2365 3120 2516 3185 αὐτῷ
2539 3124 2571 3176 ὁ
2605 3120 2743 3185 Θεὸς
2767 3120 2872 3172 τὸν
2894 3120 3105 3187 θρόνον
3125 3119 3303 3172 Δαυϊδ
3323 3119 3426 3172 τοῦ
3450 3119 3662 3185 πατρὸς
3684 3120 3865 3173 αὑτοῦ.

743 3219 903 3272 esset,
935 3211 1034 3265 sub
1056 3212 1166 3265 haec
1197 3214 1425 3281 explicat
1447 3214 1649 3282 dicens,
1680 3213 1747 3267 Et
1777 3218 2008 3286 regnabit
2037 3221 2091 3271 in
2115 3230 2263 3273 teter-

2361 3213 2512 3285 Iloiog
2542 3211 2597 3264 δὲ
2636 3204 2786 3273 οὗτος
2830 3211 2921 3264 καὶ
2954 3208 3187 3272 ποταπὸς
3217 3204 3315 3279 ἦν,
3366 3209 3491 3278 ἑξῆς
3519 3208 3865 3279 διερμηνεύσει

747 3316 885 3362 num,
908 3309 955 3353 et
988 3303 1126 3369 regni
1152 3302 1261 3368 ejus
1288 3320 1385 3355 non
1424 3305 1519 3356 erit
1547 3306 1685 3372 ﬁnis.
1715 3302 1858 3361 Talis
1898 3308 1983 3360 ille
2039 3308 2261 3363 thronus

2365 3303 2578 3369 φάσκων
2597 3318 2610 3332 ο
2654 3302 2761 3355 Kal
2786 3302 3137 3364 βασιλεύσει
3161 3303 3246 3366 εἰς
3263 3300 3369 3352 τὸν
3396 3299 3608 3361 αἰῶνα,
3652 3300 3739 3352 καὶ
3769 3316 3866 3367 της

748 3396 882 3453 erat,
912 3406 1067 3459 quem
1101 3390 1281 3445 Davidi
1314 3392 1453 3447 Deus
1494 3410 1613 3447 cum
1659 3397 1960 3464 juramento
1993 3401 2259 3466 pollicitus

2365 3389 2671 3453 βασιλείας
2712 3386 2895 3440 αὑτοῦ
2924 3390 3033 3440 οὐκ
3061 3387 3227 3440 ἔσται
3257 3390 3446 3453 τέλος.
3481 3386 3715 3450 Τοιοῦτος
3743 3387 3787 3439 δ’
3808 3383 3867 3455 ἦν

747 3483 840 3530 est.
868 3477 1019 3543 Quod
1054 3480 1332 3535 declarans
1369 3484 1615 3551 angelus,
1665 3488 1938 3541 'oraculum
1992 3504 2145 3542 suum
2179 3492 2259 3543 in-

747 3572 1061 3634 terpretatus
1088 3580 1198 3623 est:
1230 3572 1400 3638 primo
1424 3574 1635 3639 quidem
1663 3574 1865 3637 dicens,
1896 3574 1961 3627 Et
2000 3576 2143 3629 dabit
2183 3578 2262 3631 illi

749 3652 879 3709 Deus
902 3655 1135 3709 thronum
1165 3656 1332 3719 David
1358 3661 1522 3725 patris
1561 3661 1708 3728 ejus;
1742 3671 1920 3730 postea
1954 3680 2079 3718 vero
2120 3667 2258 3735 adjie

748 3742 911 3801 ciens,
940 3740 1005 3795 Et
1034 3744 1261 3811 regnabit
1294 3747 1346 3797 in
1376 3755 1638 3809 (uernum,
1664 3760 1711 3802 et
1737 3752 1877 3818 regni
1896 3753 2005 3819 ejus
2034 3770 2134 3807 non
2164 3756 2260 3807 erit

744 3830 877 3895 ﬁnis.
914 3828 1033 3884 Haec
1066 3846 1223 3900 opere
1246 3835 1503 3902 completa
1540 3846 1663 3889 sunt
1692 3840 1743 3890 in
1775 3838 2045 3896 Salvatore
2078 3852 2260 3897 nostro

742 3918 887 3981 .lesu,
913 3917 1125 3973 Christo
1158 3923 1266 3986 Dei,
1294 3926 1383 3992 qui
1414 3940 1478 3978 ex
1523 3927 1727 3981 semine
1766 3928 1928 3982 David
1952 3938 2120 3991 ortus,
2157 3934 2256 3984 im-

744 4012 913 4070 perat,
942 4006 1108 4075 legem
1143 4009 1249 4073 dat,
1275 4020 1323 4064 et
1355 4022 1537 4082 regnat
1578 4015 1631 4068 in
1657 4016 1908 4070 universo
1954 4020 2122 4083 orbe;
2153 4038 2258 4075 non

743 4096 974 4147 humano
999 4097 1209 4164 quidem
1245 4102 1402 4155 modo
1426 4142 1440 4166 ,
1489 4104 1582 4160 sed
1623 4104 1802 4159 divina
1829 4106 2061 4162 virtute:
2094 4118 2145 4163 et
2177 4128 2259 4164 se-

744 4198 863 4235 men
896 4183 1013 4251 ejus
1036 4200 1156 4238 vere
1178 4188 1230 4239 in
1262 4190 1510 4244 saeculum
1541 4200 1755 4259 manet;
1784 4194 1839 4247 id
1866 4205 1966 4258 est,
1990 4199 2261 4252 successio

742 4271 858 4339 ejus
879 4313 892 4336 ,
928 4288 1045 4340 qua:
1076 4290 1167 4342 per
1195 4278 1460 4343 apostolos
1492 4288 1546 4340 et
1573 4280 1865 4353 discipulos
1894 4285 2063 4352 ipsius
2090 4294 2257 4342 totum

742 4359 924 4430 implet
949 4365 1231 4430 mundum;
1261 4367 1373 4421 sive
1404 4355 1717 4449 rationabile
1745 4375 1979 4429 caelestis
2008 4374 2261 4431 doctrina:

741 4451 857 4519 ejus
889 4467 1087 4523 semen.
1146 4455 1245 4508 Sed
1276 4458 1433 4511 etiam
1483 4460 1705 4516 thronus
1756 4464 1873 4531 ejus
1916 4465 2047 4537 solis
2096 4454 2271 4521 instar.

743 4542 1059 4609 resplendet,
1093 4545 1362 4601 hominum
1403 4551 1606 4605 animas
1656 4552 1962 4609 illuminans
2006 4568 2059 4609 ct
2102 4558 2261 4610 radiis

742 4626 1033 4684 illustrans.
1063 4631 1183 4686 Haec
1214 4640 1565 4700 porroomnia
1601 4641 1709 4708 jam
1742 4642 1805 4694 ad
1828 4642 2065 4697 effectum
2100 4646 2265 4698 dedu-

742 4725 825 4768 cta
857 4725 999 4777 sunt,
1029 4727 1080 4773 et
1111 4723 1161 4773 in
1191 4722 1304 4778 dies
1331 4724 1588 4781 hactenus
1616 4729 1927 4797 implentur,
1964 4735 2259 4787 secundum

741 4820 804 4857 ea
833 4820 950 4874 quae
980 4804 1162 4862 Davidi
1188 4813 1389 4878 juravit
1436 4812 1594 4871 Deus.
1634 4816 1828 4873 Verum
1871 4826 2119 4891 quoniam
2156 4840 2263 4879 non

743 4893 973 4947 humano
995 4895 1119 4958 ritu,
1144 4913 1311 4967 neque
1331 4902 1622 4956 secundum
1669 4923 1866 4964 morem
1902 4928 2082 4983 regum
2108 4929 2260 4967 mun-

742 4980 1022 5066 danorum,
1052 4983 1163 5037 haec
1190 4992 1450 5054 promissa
1495 4992 1549 5046 in
1590 4980 1991 5055 successoribus
2045 5001 2260 5058 Davidis

744 5069 957 5138 impleta
990 5081 1148 5139 sunt;
1187 5091 1355 5146 neque
1382 5081 1434 5132 in
1466 5083 1580 5150 ipso
1614 5083 1885 5140 Salvatore
1906 5099 2108 5156 nostro,
2142 5107 2261 5147 cor-

744 5171 907 5246 poreo
930 5174 1075 5215 more
1105 5161 1260 5216 ﬁnem
1302 5180 1656 5235 acceperunt,
1710 5172 1834 5241 quia
1887 5190 2107 5245 regnum
2143 5180 2260 5246 ejus

745 5255 849 5295 non
884 5243 982 5298 fuit
1008 5262 1073 5301 ex
1098 5248 1201 5303 hoc
1247 5254 1465 5317 mundo,
1496 5260 1784 5326 neque'ille
1814 5260 1865 5313 in
1892 5243 2126 5319 sensibili
2160 5243 2260 5319 Da-

742 5332 882 5386 vidis
915 5333 1106 5389 throno
1132 5339 1301 5406 sedit;
1337 5336 1443 5395 imo
1491 5360 1614 5401 vero
1664 5350 1986 5403 centrarium
2039 5354 2257 5419 accidit,

744 5421 1055 5477 adveniente
1085 5429 1330 5492 passione
1358 5431 1473 5499 ejus
1498 5450 1511 5497 ;
1545 5433 1654 5487 haec
1683 5436 1797 5504 ipsa
1830 5437 2039 5496 divinus
2068 5451 2120 5496 et
2138 5458 2262 5511 pro-

745 5515 986 5579 pheticus
1029 5512 1275 5582 Spiritus
1299 5520 1418 5588 jure
1470 5536 1530 5576 ac
1587 5526 1775 5579 merito
1825 5526 2143 5600 declaravit,
2192 5533 2258 5587 ad

746 5602 1177 5679 perquisitionem
1233 5611 1703 5677 consummationis
1743 5614 1943 5669 divini
1998 5621 2257 5677 sermonis

814 5749 858 5780 “
892 5750 1044 5807 iban.
1080 5770 1239 5815 tvm,
1270 5758 1359 5820 56.
1433 5762 1477 5794 θ’
1513 5761 1624 5817 Luc
1657 5778 1706 5831 ι,
1738 5765 1918 5821 ill-33.

2362 3480 2391 3529 ὁ
2409 3476 2484 3546 τῷ
2501 3477 2655 3529 Δαυῖδ
2683 3476 2796 3547 μεθ’
2813 3475 3150 3546 ὁρκωμοσίας
3171 3476 3273 3528 ὑπὸ
3295 3476 3386 3529 τοῦ
3407 3476 3540 3529 Θεοῦ
3566 3476 3868 3548 ἐπηγγελμέ-

2362 3584 2468 3629 νος.
2504 3569 2565 3619 Ὅ
2590 3566 2651 3637 δὴ
2683 3566 2943 3636 παριστὰς
2970 3566 3211 3635 ἄγγελος,
3233 3565 3553 3637 διηρμήνευε
3583 3569 3667 3621 τὸν
3692 3566 3862 3621 ἑαυτοῦ

2362 3657 2631 3729 χρησμόν·
2663 3658 2917 3726 πρότερον
2948 3656 3043 3724 μὲν
3066 3653 3228 3708 εἰπὼν
3249 3695 3263 3719 ,
3293 3657 3401 3710 Kal
3444 3656 3617 3710 δώσει
3655 3655 3801 3719 αὑτῷ
3839 3658 3867 3708 ό

2364 3748 2504 3815 Θεὸς
2529 3750 2634 3801 τὸν
2673 3750 2881 3813 θρόνον
2927 3748 3103 3800 Δαυῒδ
3152 3750 3254 3804 τοῦ
3286 3750 3504 3817 πατρὸς
3531 3751 3704 3806 αὐτοῦ
3726 3771 3743 3783 ο
3782 3748 3869 3817 εἷθ’

2363 3837 2487 3906 ἑξῆς
2506 3837 2811 3905 ἐπαγαγὼν,
2833 3838 2938 3891 Kal
2953 3838 3305 3899 βασιλεύσει
3340 3842 3426 3905 εις
3446 3842 3552 3896 τὸν
3570 3841 3758 3904 αἰῶνα,
3785 3842 3869 3894 καὶ

2363 3926 2469 3993 τῆς
2491 3918 2806 3991 βασιλείας
2829 3927 3011 3980 αὑτοῦ
3047 3929 3154 3980 οὐκ
3187 3926 3353 3981 ἔσται
3380 3927 3571 3994 τέλος.
3625 3929 3793 3981 Ταῦτα
3820 3931 3866 3981 δὲ

2361 4019 2469 4077 τοῖς
2491 4016 2665 4086 ἔργοις
2691 4015 3006 4085 ἐπληροῦτο,
3032 4017 3112 4078 είς
3140 4016 3229 4068 τὸν
3258 4016 3519 4087 ἡμέτερον
3547 4019 3755 4086 ματ-ἦρα
3782 4020 3868 4086 Ἰη-

2365 4105 2487 4157 σοῦν
2505 4144 2519 4169 ,
2547 4106 2636 4158 τὸν
2660 4105 3014 4177 Χριστὸν·τοῦ
3044 4104 3173 4159 Θεοῦ
3192 4146 3206 4171 ,
3238 4106 3295 4170 ὃς
3323 4109 3387 4160 ὲκ
3409 4110 3703 4179 σπέρματος
3725 4112 3869 4163 Δαυῒδ

2362 4194 2590 4261 γεγονὼς
2612 4198 2799 4265 κρατεῖ
2824 4196 2916 4250 καὶ
2936 4196 3207 4265 νομοθετεῖ
3222 4198 3314 4250 καὶ
3340 4198 3604 4267 βασιλεύει
3626 4200 3741 4254 καθ’.
3757 4202 3867 4270 ὅλης

2361 4286 2458 4352 τῆς
2490 4283 2781 4354 ἀνθρώπων
2810 4287 3127 4355 οἰκουμένης
3146 4327 3160 4350 ,
3208 4289 3306 4340 οὐκ
3334 4289 3705 4361 ἀνθρωπίνως,
3750 4290 3869 4343 ἀλλὰ

2365 4373 2514 4441 θεῖκῇ
2544 4372 2796 4441 δυνάμει·
2834 4375 2924 4426 καὶ
2949 4374 3008 4426 τό
3051 4392 3109 4427 τε
3136 4376 3350 4445 σπέρμα
3381 4378 3540 4431 αὐτοῦ
3574 4378 3775 4447 ἀληθῶς
3799 4381 3868 4439 είς

2360 4461 2450 4511 τὸν
2484 4462 2647 4515 αἰῶνα
2680 4460 2824 4529 μένει
2841 4478 2856 4491 ⁸
2884 4463 2999 4531 ἦτοι
3033 4463 3089 4515 τὸ
3111 4464 3209 4533 τῆς
3234 4465 3475 4535 διαδοχῆς
3506 4466 3661 4518 αὑτοῦ
3680 4466 3775 4534 τῆς
3794 4465 3872 4517 διὰ

2362 4551 2467 4602 τῶν
2512 4550 2813 4608 ἀποστόλων
2856 4551 3016 4604 αὑτοῦ
3059 4553 3151 4604 καὶ
3193 4553 3446 4623 μαθητῶν
3490 4556 3577 4607 τὸν
3609 4553 3870 4623 σύμπαντα

2365 4638 2559 4706 κόσμον
2580 4638 2680 4707 πλη
2690 4638 2907 4708 ρούσης·
2934 4640 2967 4709 ἦ
2989 4640 3048 4692 τὸ
3066 4639 3275 4707 λογικὸν
3300 4642 3513 4712 σπέρμα
3533 4644 3627 4713 τῆς
3644 4644 3870 4711 οὐρανίου

2364 4726 2700 4788 διδασκαλίας
2719 4726 2899 4778 αὑτοῦ.
2918 4726 3072 4778 Ἀλλὰ
3089 4727 3180 4779 καὶ
3200 4729 3227 4779 ὁ
3243 4726 3425 4798 θρόνος
3444 4730 3603 4784 αὑτοῦ
3620 4731 3685 4793 ὡς
3698 4734 3726 4783 ὁ
3738 4731 3868 4799 ἣλιος

2364 4814 2625 4883 ἐκλάμπει
2647 4854 2659 4877 ,
2688 4814 2927 4883 φωτίζων
2949 4818 3041 4868 καὶ⁷
3066 4818 3411 4885 καταυγάζων
3439 4820 3537 4884 τὰς
3562 4821 3661 4873 τῶν
3678 4820 3868 4889 ἀνθρώ-

2362 4919 2475 4955 way
2498 4905 2687 4972 ψυχάς.
2721 4904 2899 4957 Ταῦτα
2922 4905 2976 4957 δὲ
3000 4907 3170 4959 πάντα
3190 4908 3373 4972 τέλους
3412 4909 3636 4978 ἠξιοῦτο,
3656 4911 3744 4962 καὶ
3772 4914 3861 4961 εἰσ-

2363 4994 2441 5046 έτι
2469 4996 2559 5048 νῦν
2595 4994 2884 5064 πληροῦται
2912 4997 3207 5061 ἀκολούθως
3260 4994 3340 5061 οἷς
3366 4999 3571 5067 ὤμοσεν
3598 5003 3623 5051 ὁ
3649 5000 3772 5063 Θεὸς
3802 5000 3865 5069 τις.

2360 5085 2536 5139 Δαυῖδ.
2611 5086 2739 5138 Ἀλλ’
2775 5086 2954 5157 ἐπειδὴ
2984 5089 3055 5159 μὴ
3081 5088 3455 5158 ἀνθρωπίνως,
3493 5089 3617 5158 μηδὲ
3644 5091 3867 5160 συνήθως

2361 5178 2469 5237 τοῖς
2493 5177 2629 5229 κατὰ
2647 5176 2922 5247 ἄνθρωπον
2945 5178 3245 5247 βασιλεῦσιν
3263 5178 3340 5239 είς
3360 5178 3482 5241 τοὺς
3507 5179 3765 5248 διαδόχους
3786 5177 3866 5230 τοῦ

2362 5266 2516 5318 Δαυῖδ
2543 5267 2837 5335 ἐπληροῦτο
2860 5268 2925 5321 τὰ
2951 5264 3341 5337 ἐπηγγελμένα,
3366 5266 3477 5319 ἀλλ’
3496 5269 3597 5320 οὐδ’
3615 5269 3695 5321 ἐπ’
3720 5266 3866 5319 αὐτὸν

2361 5354 2448 5422 τὸν
2493 5356 2748 5427 ἡμέτερον
2781 5358 3003 5430 Σωτῆρα
3034 5357 3348 5425 σωματικῶς
3371 5357 3552 5420 τέλους
3578 5356 3863 5424 ἐτύγχανεν,

2361 5445 2478 5497 ἐπεὶ
2505 5444 2576 5515 μὴ
2604 5441 2822 5514 γέγονεν
2849 5446 3007 5519 αὐτοῦ
3032 5448 3064 5515 ὴ
3089 5445 3327 5514 βασιλεία
3348 5452 3414 5501 hc
3442 5449 3532 5502 τοῦ
3555 5450 3746 5507 κόσμου
3770 5446 3867 5496 ταὺ-

2360 5550 2446 5585 του
2467 5572 2481 5597 ,
2516 5534 2633 5603 μηδ’
2668 5538 2757 5589 ἐπὶ
2788 5536 2875 5587 τὸν
2905 5534 3153 5604 αἰσθητὸν
3182 5536 3365 5605 θρόνον
3401 5537 3652 5605 ὲκαθέσθη
3687 5535 3835 5587 ἐλαι)θῖ

2341 5607 2655 5678 ’τούναντίον
2695 5625 2750 5678 δὲ
2783 5624 2957 5693 ἀπέϐη
3000 5624 3084 5678 διὰ
3116 5626 3172 5679 τὸ
3204 5625 3536 5696 συμβεϐηκὸς
3572 5626 3690 5691 περὶ
3722 5624 3826 5675 ait-:1
