3976 6356
150 443 283 497 11:5

1229 440 1717 499 CONMENTARIA
1756 444 1820 499 IN
1856 443 2184 503 PSALMOS.

3155 452 3286 508 HM

149 556 312 634 πάρος
333 575 346 588 ο
376 558 592 620 εἰκότως
618 557 900 611 καὶταῦτα
926 557 1062 612 αὐτὰ
1090 561 1149 612 τὸ
1180 559 1319 612 θετον
1346 562 1440 614 καὶ
1461 578 1644 632 ’προφη

1770 578 1869 616 nos
1892 564 2165 630 excitans;
2218 578 2382 633 quare
2427 565 2540 620 ait:
2577 563 2730 618 Nmis
2757 575 2928 621 autem
2957 566 3193 637 γεραιὴτὶ
3239 576 3286 619 et

147 647 290 700 τικὺν
316 647 535 717 Πνεῦμα
564 649 793 719 παρίστη
813 689 828 711 ,
856 649 1110 720 διεγεῖρον
1150 652 1295 720 ἡμᾶς
1322 650 1415 705 ἐπὶ
1452 650 1670 723 ζήτησιν

148 737 250 790 τῶν
275 736 717 807 ἀποτελεσμάτων
740 739 847 791 τῶν
876 737 970 790 τοῦ
1002 737 1132 791 θεοῦ
1161 739 1385 807 λογίων·
1405 740 1482 794 διό
1508 757 1664 810 φησι·

148 814 289 879 Νυνὶ
324 824 393 879 δὲ
420 826 631 881 ἀπώσω
655 828 749 879 καὶ
770 826 1189 893 ἐξουδένωσας,
1218 832 1388 896 Κύριε
1406 868 1419 891 ,
1457 830 1668 884 ἀπεϐά-

148 918 253 968 λου
274 915 381 969 τὸν
398 918 647 984 Χριστόν
668 931 781 969 σου
798 932 814 947 ο
842 915 1238 984 κατέστρεψας
1258 919 1367 985 τὴν
1384 920 1669 987 διαθήκην

148 1000 245 1058 τοῦ
274 1000 493 1059 δούλου
518 1020 661 1068 σου,
687 1007 778 1057 καὶ
805 1005 871 1057 τὰ
891 1007 1092 1069 τούτοις
1115 1007 1237 1077 ἑξῆς
1254 1024 1268 1038 ·
1297 1010 1360 1061 δι’
1383 1004 1455 1061 ὦν
1486 1010 1668 1077 σαφῶς

148 1090 395 1160 ὀνομαστὶ
427 1090 791 1161 μνημονεύσας
812 1093 901 1145 τὸν
934 1094 1159 1163 Χριστὸν
1182 1097 1209 1147 ὁ
1236 1095 1403 1163 λόγος,
1434 1098 1664 1168 παρίστη

148 1180 226 1231 ὅτι
252 1180 415 1250 μηδὲν
437 1180 762 1247 αὐτὸνιέλαθε
798 1182 904 1233 τῶν
931 1186 1023 1237 καὶ
1050 1185 1173 1254 περὶ
1191 1185 1287 1256 τὴν
1313 1185 1552 1256 διαδοχήν
1576 1187 1665 1239 τοῦ

148 1269 330 1333 Muto,
384 1271 474 1322 καὶ
501 1271 596 1341 τὴν
626 1272 928 1343 σωματικὴν
958 1274 1119 1326 αὑτοῦ
1161 1274 1447 1344 βασιλείαν,
1478 1277 1583 1330 τῶν
1608 1289 1665 1330 τε

150 1359 265 1429 περὶ
297 1360 356 1411 τὸ
399 1358 564 1422 πάθος
598 1359 673 1427 τῷ
700 1361 913 1431 Χριστῷ
949 1361 1039 1414 τοῦ
1072 1363 1201 1415 Θεοῦ
1236 1364 1661 1433 συμϐεϐηκότων.

148 1445 321 1499 Ταῦτα
345 1446 473 1513 γοῦν
495 1446 729 1501 ἐδίδασκε
756 1452 1049 1521 προσδοκᾷν
1076 1451 1286 1504 ἔσεσθαι
1313 1454 1402 1505 καὶ
1425 1454 1546 1522 περὶ
1570 1454 1664 1523 τὴν

145 1535 377 1605 διαδοχὴν
406 1535 584 1603 αὐτοῦ,
608 1538 700 1590 καὶ
721 1540 848 1608 περὶ⁹
884 1541 978 1609 τὴν
1005 1540 1269 1609 βασιλείαν
1290 1580 1304 1603 ,
1331 1541 1453 1611 περι
1486 1558 1545 1594 τε
1575 1542 1663 1593 τὸν

146 1627 200 1677 ἐκ
226 1626 532 1696 σπέρματος
555 1628 644 1680 τοῦ
673 1627 832 1681 Δαυῖδ
857 1630 1320 1700 προελευσόμενον.
1352 1632 1415 1683 Et
1440 1630 1545 1700 γὰρ
1571 1634 1664 1685 καὶ

144 1717 204 1769 τὰ
246 1717 475 1787 μάλιστα
524 1720 745 1774 πλεῖστα
788 1721 886 1774 ὅσα
926 1721 1009 1774 διὰ
1052 1722 1157 1773 τῶν
1198 1721 1441 1793 ἀνωτέρω
1487 1720 1664 1791 ἔνδοξα

146 1807 260 1876 περὶ
298 1807 455 1860 αὐτοῦ
483 1808 692 1863 λέλεκτο
710 1849 724 1872 ,
774 1812 851 1863 ὅτι
877 1827 933 1863 τε
963 1810 1295 1880 ὑψωθήσεται
1318 1850 1333 1874 ,
1364 1812 1453 1864 καὶ
1478 1814 1534 1863 ἐν
1566 1806 1663 1864 θα-

1766 655 2059 720 aspexisti,
2091 654 2303 708 Domine
2329 694 2345 719 ,
2376 655 2608 723 abjecisti
2648 653 2910 709 Christum
2946 666 3088 709 tuum
3110 671 3129 709 :
3155 672 3289 709 ever-

1768 742 1875 795 tisu'
1898 750 2253 795 tutamentum
2282 742 2412 795 servi
2436 742 2544 805 tui,
2590 749 2642 795 et
2680 750 2870 795 czetera
2904 762 2915 795 :
2947 744 3101 811 queis
3147 745 3286 795 clare

1764 828 2035 883 Christum
2064 842 2389 891 memorans,
2428 828 2644 889 indicat.
2677 828 2807 889 nihil
2838 843 3020 881 eorum
3052 842 3169 896 qua:
3218 827 3283 879 ad

1766 919 2154 972 successionem
2184 917 2418 980 Davidis,
2448 925 2501 973 et
2529 906 2838 989 oorporeum
2874 917 2991 989 ejus
3037 932 3280 984 regnum,

1763 1019 1967 1058 necnon
1994 1020 2179 1064 eorum
2206 1020 2323 1073 quae
2371 1006 2423 1059 in
2472 1009 2719 1074 passione
2760 1006 2973 1059 Christo
3000 1004 3091 1057 Dei
3139 1005 3283 1059 acci-

1763 1096 1975 1157 derunt,
1999 1097 2163 1170 latere
2180 1095 2303 1150 sibi.
2335 1095 2455 1151 Hinc
2476 1096 2638 1164 igitur
2658 1097 2838 1149 docuit
2860 1096 2923 1149 de
2942 1095 3281 1149 successione

1762 1184 1880 1252 ejus
1908 1194 1959 1237 et
1979 1198 2161 1253 regno,
2191 1199 2253 1236 ac
2274 1185 2337 1237 de
2362 1200 2427 1238 eo
2453 1185 2544 1254 qui
2570 1199 2633 1245 ex
2659 1184 2862 1239 semine
2903 1182 3067 1235 David
3107 1182 3281 1250 prodi-

1761 1282 1913 1329 turus
1941 1283 2055 1328 erat
2084 1274 2438 1344 exspectanda
2486 1290 2624 1330 esse.
2674 1274 2819 1328 Licet
2846 1276 2985 1329 enim
3034 1272 3277 1341 superius

1761 1365 2148 1433 quamplurima
2174 1360 2177 1365 ’
2202 1365 2267 1419 de
2303 1365 2394 1417 illo
2433 1365 2667 1433 gloriosa
2716 1364 2858 1418 dicta
2890 1363 3106 1424 fuerint,
3135 1361 3274 1430 quod

1762 1454 1964 1507 scilicet
1982 1454 2292 1508 exaltandus
2310 1456 2398 1515 sit,
2413 1453 2553 1522 quod
2568 1454 2620 1507 in
2637 1468 2778 1506 mare
2793 1462 2845 1505 et
2862 1453 2913 1505 in
2929 1452 3142 1504 [lumina
3165 1464 3278 1503 ma.

1760 1559 1885 1596 num
1912 1552 2230 1597 extensurus
2276 1546 2376 1606 sit,
2431 1544 2570 1612 quod
2619 1543 2781 1597 Deum
2832 1544 3174 1594 invocaturus
3211 1544 3276 1593 sit

1769 1630 1994 1693 Patrem,
2023 1639 2075 1684 et
2106 1632 2173 1685 ab
2194 1632 2285 1685 illo
2320 1647 2531 1685 rursum
2579 1631 2965 1701 Primogenitus
2993 1630 3273 1684 declaran-

1760 1721 1861 1775 dus
1891 1722 1980 1781 sit,
2008 1721 2343 1789 praestantior
2394 1720 2604 1773 futurus
2638 1721 2707 1776 sit
2744 1720 2990 1774 omnibus
3019 1718 3233 1787 regibus
3255 1757 3270 1781 ,

1760 1807 2130 1866 testamentum
2160 1811 2310 1865 ﬁdele
2338 1811 2618 1865 habiturus
2646 1812 2745 1873 sit,
2790 1818 2842 1865 et
2875 1825 3051 1863 semen
3087 1810 3142 1862 in
3173 1823 3273 1863 ste-

144 1894 304 1969 λάσσῃ
351 1901 441 1951 καὶ
488 1902 545 1951 ὲν
593 1903 844 1970 ποταμοῖς
887 1902 983 1971 τὴν
1035 1905 1187 1971 χεῖρα
1235 1900 1393 1953 αὑτοῦ
1438 1902 1648 1961 ἐκτενεῐ,

1756 1901 1934 1954 culum
1956 1903 2132 1956 saeculi
2164 1916 2500 1970 permanens,
2533 1903 2784 1955 thronum
2827 1902 2948 1955 item
2995 1899 3271 1954 durantem

145 1985 504 2041 ὲπικαλέσεταί
534 2003 591 2039 τε
621 1988 709 2039 τὸν
740 1988 868 2040 Θεὸν
916 1989 1156 2058 Πατέρα,
1203 1990 1297 2041 καὶ
1340 1989 1471 2058 πρὸς
1499 1989 1658 2042 αὑτοῦ

138 2074 289 2128 πάλιν
322 2077 662 2145 Πρωτότοκος
703 2078 1183 2148 ἀναγορευθήσεται
1204 2116 1219 2140 ,
1253 2079 1401 2131 ἔσται
1440 2096 1498 2132 τε
1526 2080 1660 2133 ἀνώ-

142 2180 289 2227 τατος
333 2164 438 2217 τῶν
494 2165 781 2234 βασιλέων,
835 2169 927 2219 καὶ
975 2166 1232 2238 διαθήκην
1270 2168 1378 2232 ἕξει
1429 2171 1654 2239 πιστήν·

142 2246 224 2307 καὶ
252 2255 463 2325 σπέρμα
492 2252 735 2326 διαμένον
768 2258 844 2319 εἰς
871 2257 957 2309 τὸν
990 2258 1154 2310 αίῶνα
1181 2258 1272 2310 τοῦ
1303 2258 1522 2324 αἰῶνος,
1566 2258 1659 2310 καὶ

144 2342 315 2414 θρόνον
356 2346 667 2416 διαρκοῦντα
709 2344 853 2427 ,κατὰ
889 2338 986 2409 τὰς
1026 2348 1233 2427 ᾑμέρας
1278 2347 1368 2400 τοῦ
1411 2346 1652 2417 ούρανοῦ,

146 2436 225 2487 καὶ
273 2434 404 2488 κατὰ
449 2436 537 2488 τὸν
585 2420 730 2505 ἥλιον
773 2435 866 2488 καὶ
904 2432 1007 2506 τὴν
1036 2420 1262 2504 ’σελήνην
1289 2451 1303 2466 ·
1352 2435 1464 2489 ἀλλ’
1514 2434 1655 2502 ὅμως

143 2525 225 2577 καὶ
245 2524 366 2579 τάδε
389 2524 460 2577 τὰ
491 2525 780 2595 σκυθρωπὰ
808 2529 932 2597 περὶ
953 2526 1110 2579 αὐτὸν
1135 2524 1494 2595 συμϐήσεσθαι
1518 2540 1653 2594 προ-

141 2614 312 2681 λέγει,
362 2614 684 2684 προφητεύει
731 2634 788 2669 τε
832 2618 924 2671 καὶ
968 2614 1134 2669 ταῦτα
1180 2616 1271 2667 καὶ
1319 2613 1654 2683 προδιδάσκει

141 2703 432 2769 ἀναγκαίως
475 2704 533 2755 τὸ
571 2703 709 2757 θεῖον
737 2704 951 2775 Πνεῦμα
971 2745 986 2769 ,
1013 2705 1079 2756 ἶν’
1102 2702 1155 2756 εῐ
1184 2719 1310 2757 ποτε
1348 2706 1457 2765 τοῖς
1481 2703 1655 2771 λόγοις

142 2792 384 2846 ἀκόλουθα
421 2795 742 2866 ἀπαντήσειε
774 2795 841 2849 τὰ
885 2795 1017 2866 ἔργα
1050 2797 1172 2866 περί
1213 2814 1270 2849 τε
1312 2796 1399 2849 τὸν
1429 2798 1653 2865 Χριστὸν

142 2880 221 2933 τοῦ
239 2882 387 2946 Θεοῦ,
412 2886 503 2938 καὶ
527 2886 764 2955 περΥτὴν
788 2885 876 2939 τοῦ
902 2885 1056 2939 Δαυῖδ
1079 2886 1340 2957 διαδοχὴν,
1368 2887 1439 2956 μὴ
1468 2886 1654 2955 ταράτ-

141 2988 298 3026 τοιντο
316 2977 363 3027 οἱ
395 2976 557 3031 πάλαι
587 2977 753 3032 ταῦτα
783 2978 873 3031 καὶ
907 2981 968 3030 ὲκ
1000 2979 1267 3048 προγόνων
1302 2976 1507 3047 μέλλειν
1537 2978 1652 3028 ἔσε-

142 3064 251 3118 σθαι
288 3069 696 3140 παρειληφότες*
728 3066 786 3124 εὖ
816 3071 1011 3132 ειδότες
1038 3073 1115 3124 ὅτι
1146 3070 1312 3123 ταῦτα
1335 3068 1650 3138 γενήσεσθαι

142 3155 253 3222 περὶ
290 3157 441 3211 αὑτὸν
492 3157 953 3228 προεφητεύσατο,
1000 3159 1067 3211 τά
1113 3172 1173 3209 τε
1215 3155 1509 3226 σκυθρωπὰ
1560 3155 1650 3207 καὶ

1757 1991 1894 2044 sicut
1936 1991 2049 2047 dies
2074 1992 2193 2047 coeli
2223 2000 2273 2047 et
2317 1994 2456 2047 sicut
2505 1993 2685 2046 lunam
2715 2006 2777 2045 ac
2817 1993 3014 2058 solem;
3038 2000 3273 2044 attamen

1756 2078 1868 2132 haec
1889 2078 2059 2133 tristia
2083 2080 2182 2148 ipsi
2205 2088 2458 2133 eventura
2506 2095 2626 2134 esse
2658 2081 3021 2147 praznuutiat:
3059 2077 3274 2146 bamque

1756 2168 2059 2222 necessario
2095 2168 2353 2235 praedicit,
2385 2182 2445 2220 ac
2471 2168 2660 2221 docere
2716 2170 2995 2221 antevertit
3040 2164 3273 2236 Spiritus

1755 2257 1999 2320 divinus;
2048 2263 2107 2310 ut
2138 2258 2184 2311 si
2217 2244 2429 2324 quando
2456 2256 2767 2311 secundum
2819 2271 3118 2310 sermonem
3154 2258 3291 2325 ejus'

1754 2346 1866 2401 haec
1899 2347 2112 2403 Christo
2145 2356 2198 2403 et
2225 2348 2439 2403 Davidis
2469 2350 2796 2402 successioni
2830 2346 3150 2410 acciderint,
3202 2363 3272 2402 ne

1752 2438 2034 2492 turbentur
2063 2439 2120 2501 ii,
2147 2439 2240 2506 qui
2262 2438 2371 2507 jam
2402 2439 2527 2492 olim
2571 2447 2678 2499 eta
2710 2438 3001 2503 majoribus
3031 2437 3139 2490 haec
3186 2436 3272 2490 fu-

1754 2536 1869 2579 tura
1915 2542 2034 2582 esse
2085 2527 2425 2589 didicerant,
2474 2528 2621 2595 gnari
2674 2526 2877 2580 scilicet
2914 2527 2966 2579 in
2998 2522 3271 2595 prophetia

1752 2614 1936 2668 istlmc
1987 2614 2565 2682 iuturapraenuntiari,
2630 2616 2741 2669 sive
2778 2616 2978 2677 tristia,
3030 2614 3139 2669 sive
3169 2614 3268 2667 nii-

1754 2705 1925 2758 tiora:
1960 2719 2085 2773 qua:
2099 2719 2227 2759 sane
2255 2705 2392 2759 idem
2425 2720 2602 2760 sermo
2630 2706 2751 2760 licet
2774 2705 3062 2766 contraria,
3085 2704 3139 2761 in
3170 2719 3265 2757 eo-

1751 2792 1867 2845 dem
1896 2794 2009 2861 ipso
2031 2796 2282 2846 eventura
2322 2792 2658 2855 vaticinatur,
2683 2808 2901 2862 quasque
2945 2792 3076 2860 ipsis
3102 2793 3269 2860 cperi-

1750 2884 1849 2937 bus
1889 2884 2147 2950 completa
2192 2884 2509 2949 accepimus.
2558 2881 2686 2935 Nam
2734 2891 2964 2951 tempore
3005 2880 3266 2949 passionis

1752 2972 2049 3029 Servatoris
2072 2974 2238 3027 nostri
2269 2972 2437 3025 tristia
2486 2972 2574 3025 illa
2606 2972 2660 3024 in
2693 2972 2809 3038 ipso
2851 2980 2975 3024 sunt
3017 2970 3262 3037 impleta;

1749 3071 1934 3132 postea
1967 3078 2111 3125 vero,
2140 3062 2510 3130 praestantiora
2562 3062 2651 3115 illa
2682 3064 2940 3131 promissa
2985 3060 3041 3113 in
3076 3058 3261 3113 eodem

1747 3152 1999 3220 operibus
2032 3152 2162 3218 ipsis
2198 3152 2430 3220 perfecta
2460 3160 2603 3207 sunt.

141 3244 477 3315 χρηστότερα·
525 3241 773 3313 οἴςιγοῦν
827 3248 919 3299 καὶ
948 3246 975 3298 ό
1010 3245 1168 3308 αὐτὸς
1196 3246 1347 3313 λόγος
1375 3245 1625 3297 τάναντία
1657 3242 1782 3310 περὶ
1809 3241 1903 3293 ἕνα
1931 3240 2024 3293 καί
2071 3241 2163 3292 τὸν
2211 3242 2366 3293 αὐτὸν
2400 3241 2612 3293 ἔσεσθαι
2664 3242 2931 3304 θεσπίζει,
2982 3240 3017 3293 ἃ
3061 3241 3123 3309 δὴ
3171 3239 3263 3292 καὶ

139 3334 301 3400 ἔργοις
349 3336 520 3397 αὐτοῖς
560 3335 983 3405 παρειλήφαμεν,
1032 3335 1185 3389 Κατὰ
1241 3336 1334 3405 μὲν
1361 3334 1465 3405 γᾲρ
1504 3335 1594 3387 τὸν
1631 3333 1814 3403 χρόνον
1846 3328 1937 3382 τοῦ
1982 3328 2181 3392 πάθους
2219 3328 2311 3381 τοῦ
2374 3330 2618 3398 Σωτῆρος
2655 3330 2805 3398 ήμῶν
2832 3329 3136 3399 ’ἐπληροῦτο
3184 3331 3263 3391 είς

140 3421 285 3493 αὐτὸν
317 3424 380 3478 τὰ
412 3424 822 3497 σκυθρωπότερα
838 3443 851 3456 ·
876 3425 1013 3480 κατὰ
1036 3426 1092 3479 δὲ
1112 3426 1200 3479 τὸν
1225 3424 1358 3497 μετὰ
1397 3423 1563 3479 ταῦτα
1581 3426 1635 3476 αἱ
1663 3422 1767 3475 τῶν
1795 3418 2105 3493 κρειττόνων
2131 3419 2442 3485 ἐπαγγελίαι
2470 3420 2647 3490 ἔργοις
2670 3418 2825 3475 πάλιν
2852 3424 2929 3481 είς
2948 3420 3104 3473 αὐτὸν
3151 3420 3261 3472 ἑτε-

138 3508 371 3568 λειοῦντο.

200 3622 277 3674 Τὰ
304 3625 393 3691 μὲν
409 3620 500 3676 οὖν
530 3625 654 3694 περὶ
679 3625 736 3677 τὸ
762 3625 927 3689 πάθος
947 3626 1091 3697 αὐτῷ
1114 3626 1388 3697 συμϐάντα
1408 3625 1641 3694 ἀκριϐῶς

1804 3619 1932 3685 Quae
1961 3618 2120 3686 igitur
2144 3617 2197 3671 in
2226 3616 2472 3686 passione
2498 3616 2613 3682 ejus
2652 3615 2980 3679 acciderunt,
3015 3626 3259 3672 accurate

140 3712 472 3780 ἐδηλοῦτοδιὰ
489 3714 602 3783 τοῦρ
635 3714 716 3767 Σὺ
744 3714 811 3767 δὲ
837 3716 1070 3779 ἀπώσω,
1095 3717 1191 3770 καὶ
1222 3714 1641 3780 ἐξουδένωσας,

137 3800 407 3856 dri-:6de
454 3804 559 3856 τὸν
587 3805 837 3871 Χριστόν
873 3821 1006 3860 σου,
1058 3805 1188 3858 Ἀνθ⁹
1213 3797 1272 3857 οῦ
1294 3807 1321 3857 ό
1356 3804 1450 3873 μὲν
1490 3805 1645 3856 Ἀκύ-

139 3890 223 3952 λας
249 3892 418 3961 φησὶν,
461 3882 925 3960 ’Ῠπερηθέτησας
947 3895 1091 3963 μετὰ
1119 3892 1466 3961 ήλειμμὲνου
1493 3908 1605 3947 σου
1625 3910 1638 3923 '

136 3980 162 4028 ό
187 3981 240 4033 δὲ
265 3981 556 4053 Σύμμαχος,
595 3982 921 4050 Ἔχολώθης
947 3985 1091 4049 πρὸς
1114 3984 1218 4036 τὸν
1239 3984 1486 4048 Χριστόν
1505 3999 1636 4036 σου.

136 4068 424 4137 Τηνικαῦτα
461 4071 517 4123 δὲ
548 4071 638 4123 καὶ
668 4070 735 4123 τὰ
764 4070 860 4137 τῆς
893 4071 1159 4139 Διαθήκης
1194 4068 1352 4122 αὑτοῦ
1383 4071 1475 4141 τῆς
1509 4070 1640 4141 πρὸς

136 4157 251 4219 τοὺς
279 4158 585 4219 ἀποστόλους
612 4157 972 4226 διεσκεδάσθη,
1001 4160 1086 4209 ὅτε
1109 4157 1200 4209 καὶ
1227 4159 1521 4231 ἠρνήσαντο
1548 4158 1641 4211 αύ-

134 4245 236 4308 τδν,
262 4247 345 4298 καὶ
369 4248 428 4299 τὸ
454 4247 694 4313 ἁγίασμα
718 4246 897 4309 αὐτοῦ,
936 4247 1173 4299 τουτέστι
1200 4248 1256 4298 τὸ
1282 4246 1434 4315 σῶμα
1456 4248 1513 4299 τδ
1534 4246 1640 4298 ἀπὸ

134 4333 224 4401 τῆς
258 4334 406 4401 ἁγίας
444 4334 713 4405 Παρθένου
732 4371 747 4395 ,
787 4337 863 4398 είς
884 4336 982 4405 τὴν
1017 4337 1117 4406 γῆν
1146 4336 1445 4406 ὲϐεόηλώθη
1464 4355 1477 4367 ·
1509 4336 1637 4389 ἀλλὰ

135 4424 219 4475 καὶ
266 4427 457 4488 πάντας
500 4427 622 4488 τοὺς
662 4429 940 4495 φραγμοὺς
984 4427 1141 4482 αὐτοῦ
1174 4430 1291 4498 τότε
1317 4429 1576 4498 περιεῖλεν
1611 4430 1639 4481 ό

133 4508 253 4571 Θεός
270 4527 284 4540 ο
314 4512 498 4583 δηλαδὴ
526 4513 649 4573 τοὺς
671 4500 1139 4582 περιφράττοντας,
1165 4496 1345 4585 ὥσπερ
1374 4496 1463 4569 irai
1490 4517 1638 4586 δορυ-

134 4599 406 4668 φοροῦντας
424 4601 594 4655 αὐτὸν
622 4602 713 4653 καὶ
738 4602 1087 4675 περιέποντας
1120 4606 1371 4673 ἀγγέλους
1390 4623 1402 4635 ·
1442 4607 1499 4656 οὐ
1533 4605 1635 4674 μὴν

132 4685 257 4737 ἀλλὰ
278 4688 361 4739 καὶ
383 4688 445 4741 τὰ
471 4686 792 4759 ὀχυρώματα
812 4688 987 4741 αὐτοῦ.
1012 4687 1185 4743 Ἦσαν
1204 4691 1259 4745 δὲ
1281 4686 1418 4744 οὗτοι
1444 4691 1490 4741 οἱ
1515 4693 1637 4743 ἁπόσ

132 4776 292 4828 στολοι
317 4780 403 4841 καὶ
428 4781 476 4833 οἱ
506 4778 737 4848 μαθηταὶ
766 4777 947 4840 αὑτοῦ,
977 4780 1025 4830 οἳ
1054 4782 1292 4848 ἐγένοντο
1316 4782 1395 4842 είς
1419 4781 1631 4845 δειλίαν,

130 4863 196 4924 ὡς
233 4868 319 4918 καὶ
349 4868 675 4938 ἀρνήσασθαι
706 4867 860 4920 αὐτὸν
896 4870 989 4920 καὶ
1016 4871 1401 4931 καταλιπόντας
1425 4875 1628 4936 φυγεῖν.

128 4952 249 5004 Τότε
289 4954 340 5007 δὲ
369 4960 459 5010 καὶ
483 4957 705 5027 ἐγενήθη
737 4960 813 5019 είς
838 4951 1027 5020 ὄνειδος
1058 4963 1165 5021 τοῖς
1194 4961 1418 5027 γείτοσιν
1452 4962 1629 5024 αὑτοῦ,

129 5046 212 5092 καὶ
228 5044 405 5117 ὑψώθη
427 5048 622 5117 ήδεξιά
647 5050 748 5100 τῶν
778 5047 1054 5101 θλιϐόντων
1082 5052 1254 5103 αὐτόν·
1275 5054 1364 5103 καὶ
1386 5052 1451 5102 τὰ
1478 5052 1632 5120 λοιπὰ

124 5130 174 5181 δὲ
203 5133 370 5187 πάντα
390 5138 505 5189 τότε
526 5140 602 5200 είς
624 5138 711 5190 τὸν
734 5142 794 5189 ἐκ
823 5137 1123 5206 σπέρματος
1138 5141 1292 5192 Δαυῖδ
1320 5142 1449 5210 ὲπλη
1460 5142 1628 5210 ροῦτο.

130 5218 323 5285 Ἄλλως
345 5223 447 5301 γὰρ
469 5225 567 5276 ούκ
593 5224 753 5287 άντις
788 5226 893 5294 ἔχοι
921 5226 1084 5279 ταῦτα
1099 5230 1181 5280 ἐπ’
1206 5229 1359 5281 αὑτὸν
1376 5229 1462 5280 τὸν
1478 5231 1633 5283 Δαυῒδ

130 5308 457 5377 ἐφαρμόζειν,
488 5312 593 5363 οὐδ’
626 5314 874 5377 ἐπιδεῖξαι
910 5317 987 5377 εἰς
1013 5317 1212 5368 ἐκεῖνον
1242 5317 1632 5388 πεπληρωμένα

128 5398 187 5449 τὰ
205 5400 541 5468 προκείμενα,
559 5400 632 5463 ὡς
647 5404 760 5455 ούδὶ
779 5406 845 5458 τὰ
874 5408 1161 5476 σεμνότερα
1190 5410 1280 5461 καὶ
1309 5411 1640 5481 χρηστότερα·

128 5484 447 5555 ἑμφερόμενα
466 5492 583 5551 ταῖς
598 5489 687 5541 τοῦ
706 5490 835 5544 Θεοῦ
863 5496 1216 5563 ἐπαγγελίαις.
1240 5498 1311 5548 υύ
1333 5497 1436 5565 γὰρ
1457 5498 1518 5569 δὴ
1539 5500 1629 5553 τοῦ

128 5573 320 5627 Aut/6'6
343 5574 517 5645 θρόνος
544 5579 843 5647 κατηύγασε
870 5584 965 5651 τὴν
992 5584 1272 5653 σύμπασαν
1294 5586 1627 5657 οἰκουμένην,

125 5662 267 5732 δίκην
281 5662 423 5732 ἡλίου
449 5666 695 5734 φωτίσας,
716 5668 821 5721 οὐδ’
835 5671 955 5743 ὼςή
977 5675 1164 5743 σελήνη
1188 5675 1409 5745 διαρκὴς
1422 5674 1631 5742 γέγονε,

130 5752 236 5805 οὐδὲ
250 5755 326 5817 είς
347 5756 430 5810 τὸν
445 5755 606 5813 αἰῶνα
626 5757 714 5810 τοῦ
737 5760 922 5825 αἰῶνος
937 5764 1255 5833 διεφυλάχθη
1277 5782 1286 5792 ·
1308 5764 1412 5816 οὐδ’
1427 5762 1535 5831 ἔχει
1550 5765 1628 5817 λό-

1741 3708 2090 3777 prmnuntiata
2128 3712 2263 3759 sunt
2303 3706 2389 3759 his
2432 3705 2607 3759 verbis
2636 3722 2649 3757 ε
2684 3703 2759 3756 Tu
2785 3720 2898 3757 vero
2942 3708 3174 3773 repuliin
3208 3719 3258 3761 et

1739 3796 2030 3865 despexisti,
2064 3795 2294 3865 abjecr'sti
2317 3794 2579 3849 Christum
2603 3793 2763 3847 tuum.
2795 3798 2901 3847 Pro
2939 3812 3045 3865 quo
3071 3798 3255 3864 Aquila

1739 3887 1812 3939 ait
1843 3886 2149 3940 :Distttlistt'
2174 3902 2290 3940 cum
2323 3896 2625 3947 unctotuo;
2655 3885 3005 3953 Symmachus
3031 3896 3204 3939 autem
3238 3904 3253 3940 :

1740 3975 1916 4028 Iratus
1965 3991 2016 4028 es
2064 3985 2244 4029 contra
2288 3974 2547 4028 Christum
2587 3984 2745 4025 tuum.
2781 3972 2926 4027 Tunc
2954 3989 3112 4042 porro
3139 3991 3256 4043 qua

1738 4067 1801 4121 ad
1831 4051 2199 4122 testamentum
2243 4065 2496 4135 apostolis
2529 4065 2707 4117 datum
2737 4065 3066 4133 spectabant,
3096 4066 3241 4121 dissi-

1734 4165 1855 4227 pata
1894 4165 2037 4219 sunt,
2067 4157 2278 4224 quando
2324 4156 2495 4225 ipsum
2547 4156 2893 4225 abnegarunt.
2922 4164 2974 4210 et
3006 4167 3253 4210 sanctua-

1736 4247 1873 4298 rium
1903 4245 2039 4313 ejus,
2076 4244 2125 4296 id
2169 4254 2252 4298 cst
2295 4259 2490 4312 corpus
2537 4256 2601 4296 ex
2651 4252 2835 4297 sancta
2872 4242 3085 4313 Virgine
3109 4259 3252 4298 acce-

1736 4342 1901 4403 ptum,
1930 4334 1982 4387 in
2020 4341 2157 4387 terra
2191 4333 2524 4401 profanatum
2573 4340 2673 4386 est.
2717 4332 2825 4385 lmo
2868 4336 3025 4387 etiam
3069 4348 3252 4387 omnes

1735 4438 1886 4491 sepes
1912 4422 2030 4491 ejus
2062 4430 2193 4476 tunc
2224 4423 2443 4477 abstulit
2479 4422 2635 4486 Deus,
2658 4420 2901 4475 videlicet
2923 4422 3139 4488 angelos
3158 4432 3252 4474 sti-

1732 4519 1922 4579 pantes
1951 4527 2091 4572 eum,
2126 4526 2188 4565 ac
2215 4511 2516 4565 satellitium
2546 4517 2759 4578 agentes
2786 4518 2837 4562 et
2867 4510 3247 4567 ministrantes.

1734 4598 1968 4668 Itemque
2017 4582 2347 4675 munimenta.
2391 4600 2506 4667 ejus
2556 4599 2749 4652 ablata.
2773 4597 2846 4651 Ea
2891 4608 3065 4653 autem
3097 4610 3249 4655 erant

1734 4693 1959 4760 apostoli
2009 4693 2126 4760 ejus
2170 4701 2235 4755 et.
2267 4690 2531 4757 discipuli,
2556 4690 2645 4758 qui
2673 4696 2818 4741 tanta
2848 4688 3129 4746 formidine
3160 4706 3247 4745 re-

1733 4783 1857 4852 pleti
1899 4789 2041 4843 sunt,-
2080 4791 2137 4834 ut
2168 4781 2488 4849 abnegarent
2525 4794 2666 4841 eum,
2698 4780 2915 4850 ipsoque
2949 4783 3133 4837 relicto
3163 4783 3247 4836 fu-

1732 4852 1935 4941 gerent:
1967 4869 2115 4923 Tunc
2148 4878 2319 4923 autem
2352 4868 2523 4922 factus
2556 4877 2636 4923 est
2665 4870 2719 4923 in
2747 4872 3085 4940 opprobrium
3119 4872 3247 4924 vici-

1731 4964 1815 5015 nis
1848 4960 1979 5022 suis,
2009 4966 2061 5013 et
2085 4957 2312 5013 exaltata
2340 4966 2421 5013 est
2448 4957 2661 5030 dextera
2692 4961 3051 5013 tribulantium
3081 4975 3200 5013 eum
3228 4980 3240 5014 :

1731 5064 1794 5102 ac
1830 5056 2017 5100 cetera
2046 5048 2225 5099 omnia
2258 5047 2311 5099 in
2334 5061 2417 5107 eo,
2447 5047 2538 5116 qui
2571 5062 2632 5101 ex
2661 5048 2861 5101 semine
2890 5046 3101 5100 Doridis
3132 5062 3247 5114 pro-

1729 5139 1918 5199 dierat,
1956 5146 2081 5191 tunc
2115 5138 2323 5207 impleta
2371 5146 2513 5193 sunt.
2542 5138 2686 5193 Alias
2725 5141 2865 5191 enim
2894 5152 3048 5191 nemo
3081 5140 3247 5205 possit

1729 5228 1911 5281 isthaac
1956 5230 2054 5297 ipsi
2108 5228 2291 5283 Davidi
2334 5237 2601 5298 coaptare.
2630 5243 2801 5296 neque
2825 5228 3107 5281 ostendere
3131 5230 3242 5283 inec

1729 5334 1847 5388 qua:
1872 5326 2163 5374 tractamus
2184 5319 2394 5386 impleta
2422 5319 2476 5372 in
2508 5320 2624 5387 ipso
2651 5333 2800 5381 esse;
2824 5324 2880 5368 ut
2909 5333 3081 5385 neque
3112 5334 3241 5386 prae-

1729 5409 1983 5464 stantiora
2012 5418 2065 5463 et
2092 5410 2303 5483 mitiora
2332 5423 2448 5476 qua:
2476 5409 2528 5461 in
2559 5408 2833 5475 promissis
2861 5406 2956 5462 Dei
2982 5408 3239 5462 feruntur.

1727 5498 1904 5566 Neque
1923 5500 2062 5553 enim
2080 5498 2240 5552 David
2250 5499 2293 5551 is
2313 5498 2535 5551 thronus
2556 5497 2732 5550 radios
2752 5498 2921 5552 instar
2942 5498 3069 5565 solis
3091 5502 3242 5550 emit-

1725 5588 1884 5643 tendo
1916 5596 2083 5642 totum
2114 5587 2428 5642 illuminavit
2451 5589 2654 5652 orbem,
2682 5603 2851 5656 neque
2880 5595 2935 5638 ut
2972 5586 3093 5637 luna
3126 5602 3243 5655 per-

1725 5686 1915 5747 petuus
1944 5672 2061 5744 fuit,
2090 5693 2260 5747 neque
2310 5676 2362 5728 in
2413 5677 2661 5731 scrculum
2692 5678 2866 5733 saeculi
2897 5686 3240 5729 conservatus

1724 5773 1820 5820 est.
1853 5764 2029 5831 Neque
2070 5766 2173 5819 ulla
2213 5767 2412 5821 ratione
2458 5774 2627 5831 potest
2656 5766 2742 5819 ille
2776 5761 2935 5819 David
2969 5764 3235 5832 PrimOgc-
