3976 6356
683 468 820 543 Hjl5

1447 460 1713 522 EUSEBH
1751 457 2220 516 CESARIENSIS
2258 456 2404 512 ()PP.
2437 454 2615 510 PARS
2653 450 2739 506 Ill.
2773 480 2842 492 —-
2876 446 3279 502 EXEGETICA.

681 590 827 634 nitus
854 579 946 633 Dei
977 574 1156 632 voc-ari
1187 597 1198 631 :
1229 578 1656 648 quandoquidem
1685 586 1807 631 ante
1835 584 1887 631 et
1912 584 2032 646 post
2065 576 2211 627 illum

2321 590 2405 640 γον
2418 572 2504 625 τὸν
2520 569 2677 623 Δαυῒδ
2694 569 2894 621 ἐκεῖνον
2909 563 3250 635 Πρωτότοκον
3266 576 3367 630 χρη
3377 558 3594 648 ματίσαι
3615 555 3700 607 τοῦ
3712 556 3846 607 Θεοῦ·

682 670 916 724 sexcenti
941 669 1030 722 illo
1053 671 1450 738 prtestantiores
1478 669 1644 723 fuere.
1678 668 1860 737 Neque
1889 669 2096 719 videtur
2129 663 2223 717 Da-

683 763 768 815 vid
799 762 1070 814 dexteram
1104 761 1158 814 in
1200 760 1442 821 ﬂumina.
1477 764 1752 815 sinistram
1783 761 1836 811 in
1866 774 2013 811 mare
2039 769 2224 811 exten-

682 850 847 911 disse,
877 863 1047 917 neque
1066 847 1374 910 dominatus
1401 855 1486 903 est
1527 862 1557 900 a
1598 849 1731 902 mari
1758 863 1927 916 usque
1953 847 2017 898 ad
2052 861 2221 923 mare,

683 954 854 1007 neque
886 955 1104 1009 regnum
1136 939 1391 1001 obtinuit,
1428 939 1569 1008 quod
1599 938 1920 1008 pertingeret
1955 952 2124 1005 usque
2157 937 2222 990 ad

681 1029 938 1082 terminos
963 1037 1135 1083 terrae.
1158 1026 1338 1096 Neque
1360 1029 1517 1081 etiam
1542 1027 1648 1080 lilio
1671 1027 1788 1094 ejus
1815 1025 2086 1080 Salomoni
2112 1026 2220 1078 haec

683 1119 925 1188 adaptari
970 1127 1245 1188 possunt:
1285 1134 1407 1171 nam
1458 1119 1548 1171 hic
1597 1119 1818 1187 perinde
1872 1125 2030 1186 atque
2072 1129 2223 1186 pater

681 1211 817 1278 ejus,
849 1225 958 1263 non
998 1210 1133 1263 ultra
1163 1209 1397 1264 Judmam
1427 1210 1729 1279 imperavit,
1754 1225 1939 1277 neque
1973 1216 2030 1260 ut
2074 1217 2224 1277 pater

680 1298 818 1370 ejus,
847 1302 968 1371 plus
996 1301 1348 1371 quadraginta
1381 1302 1537 1356 annis
1581 1301 1824 1370 regnavit
1857 1320 1869 1354 :
1904 1316 2075 1368 neque
2117 1300 2224 1353 cri-

683 1394 824 1446 mine
850 1407 1072 1446 vacuam
1104 1392 1266 1446 vitam
1292 1405 1545 1446 emensus
1572 1398 1672 1444 est.
1701 1390 1816 1443 Tali
1856 1390 2084 1459 namque
2116 1405 2224 1442 mo-

682 1481 750 1533 do
773 1495 831 1533 se
859 1481 1042 1549 gessit,
1073 1487 1133 1533 ut
1159 1486 1376 1548 propter
1400 1480 1644 1533 insanum
1672 1480 1952 1534 mulierum
1985 1494 2220 1532 amorem

680 1579 732 1624 ei
762 1569 1114 1624 idololatriam
1152 1571 1288 1624 male
1318 1569 1566 1632 audierit,
1600 1584 1703 1639 qua
1749 1570 1814 1622 de
1853 1584 2026 1624 causa
2075 1568 2223 1621 Sata-

681 1672 802 1709 nam
830 1657 928 1726 ipsi
970 1657 1260 1711 suscitasse
1291 1657 1488 1712 dicitur
1512 1656 1877 1712 Deus.Verum
1906 1674 2076 1727 neque
2101 1667 2221 1726 post

683 1746 1018 1802 Salomonem
1053 1748 1118 1802 ad
1148 1749 1371 1802 alterum
1412 1763 1596 1818 regum
1625 1746 1929 1802 Iudaeorum
1956 1766 2020 1803 ex
2053 1749 2218 1803 semi-

681 1852 746 1891 ne
778 1847 828 1891 et
858 1839 1202 1893 successione
1242 1837 1406 1892 David
1439 1847 1664 1907 possunt
1701 1840 2086 1906 promissiones
2117 1841 2220 1894 illa:

2325 665 2445 715 ἐπεὶ
2478 664 2568 714 καὶ
2606 662 2709 730 πρὸ
2751 657 2908 713 αὑτοῦ
2946 655 3121 727 μυρίοι
3154 652 3397 712 καλλίους
3427 647 3590 702 αὑτοῦ
3628 648 3716 700 καὶ
3752 650 3872 716 μετ’,

2323 755 2482 804 αὑτὸν
2507 753 2805 821 γεγόνασιν.
2857 748 2991 801 Ἀλλ’
3020 747 3138 800 οὑδὲ
3169 743 3411 813 φαίνεται
3433 740 3461 790 ὁ
3486 736 3646 790 Δαυῖδ
3669 737 3758 805 τὴν
3778 737 3847 788 δε-

2325 842 2440 905 ξιὰν
2470 841 2561 892 ἐπὶ
2597 839 2866 908 ποταμοὺς
2906 836 3142 898 ἐκτείνας
3163 873 3178 897 ,
3222 833 3313 884 καὶ
3339 829 3433 900 τὴν
3462 827 3743 899 ἀριστερὰν
3771 828 3846 878 ἐπὶ

2322 932 2626 994 Θάλασσαν,
2660 930 2777 982 οὐδὲ
2830 925 3256 998 κατακυριεύσας
3300 923 3406 976 ἀπὸ
3450 916 3720 986 θαλάσσης
3759 916 3844 978 ἕως

2322 1022 2623 1090 Θαλάσσης,
2656 1020 2772 1072 οὐδὲ
2803 1018 3069 1088 βασιλείαν
3101 1015 3434 1086 κτησάμενος
3463 1012 3560 1083 τὴν
3594 1026 3841 1080 παρεκτα-

2322 1113 2504 1166 θείσαν
2544 1113 2645 1173 ἕως
2671 1110 2774 1162 τῶν
2806 1109 3049 1178 περάτων
3070 1109 3167 1177 τῆς
3194 1104 3532 1175 οἰκουμένης.
3590 1100 3722 1153 Ἀλλ’
3753 1098 3842 1150 οὐδ’

2321 1205 2410 1256 ἐπὶ
2453 1203 2542 1255 τὸν
2583 1202 2638 1267 ἐξ
2683 1200 2843 1254 αὑτοῦ
2880 1199 3160 1269 γενόμενον
3189 1195 3468 1266 Σολομῶνα
3499 1191 3665 1245 ταῦτα
3691 1191 3843 1242 πάντα

2322 1293 2788 1364 ὲφαρμοσθήσεται
2808 1307 2821 1321 °
2851 1291 2910 1343 οὐ
2936 1290 3092 1342 πλέον
3121 1289 3228 1359 γὰρ
3255 1289 3350 1359 τῆς
3384 1285 3636 1347 Ἰουδαίας
3659 1283 3757 1335 οὐδ’
3776 1278 3844 1335 οὖα

2319 1403 2426 1454 τος,
2453 1386 2726 1454 κρατήσας
2774 1381 2970 1452 ὁμοίως
3002 1378 3078 1449 τῷ
3117 1377 3302 1432 ἑαυτοῦ
3338 1377 3623 1446 ἱστορεῖται
3667 1372 3841 1441 πατρί·

2321 1452 2430 1527 ἀλλὲ
2452 1452 2556 1525 οῦδ·
2575 1452 2811 1543 ὑπερϐὰς
2834 1471 3020 1542 χρόνον
3037 1468 3168 1521 ὲτῶν
3193 1473 3252 1536 μ’
3267 1468 3363 1537 τῆς
3384 1464 3652 1535 βασιλείας
3670 1463 3844 1532 ὁμοίως

2319 1564 2395 1634 τῷ
2431 1563 2618 1617 ἑαυτοῦ
2657 1563 2846 1632 πατρί·
2879 1560 2990 1614 ἀλλ’
3018 1559 3138 1613 οὑδὲ
3166 1556 3522 1624 ἀνεπίληπτον
3561 1553 3667 1624 βίον
3693 1552 3844 1604 διατε-

2319 1655 2495 1716 λέσας.
2524 1653 2754 1706 Τοιαῦτα
2785 1651 2912 1720 γοῦν
2937 1645 3003 1722 ἦν
3035 1648 3102 1701 τὰ
3128 1647 3254 1718 περὶ
3280 1645 3438 1699 αὑτὸν
3459 1645 3533 1707 ὼς
3562 1646 3653 1697 καὶ
3683 1660 3844 1712 γυναι-

2322 1744 2582 1813 κομανίαν
2610 1745 2702 1795 καὶ
2733 1739 3161 1810 εἰδωλολατρείαν
3183 1735 3573 1804 διασάλλεσθαι,
3609 1727 3682 1787 ὧν
3703 1734 3846 1800 ἕνεκα

2321 1836 2413 1886 καὶ
2443 1835 2677 1886 Σατανᾶν
2711 1832 2854 1902 αὑτῷ
2882 1830 3182 1900 ἐπιπέμψαι
3218 1828 3429 1896 λέγεται
3455 1828 3483 1878 ὁ
3509 1825 3669 1896 Θεόςη
3724 1824 3842 1877 Ἀλλ’

680 1927 910 1981 referri:
944 1928 1039 1982 sed
1066 1928 1241 1981 omnia
1272 1928 1450 1990 simul.
1476 1929 1586 1982 sive
1615 1930 1847 1992 mitiora,
1885 1930 1996 1984 sive
2019 1928 2217 1995 tristia,

2321 1925 2423 1977 οὐδ’
2440 1927 2522 1992 ἐφ’
2538 1925 2622 1976 ἓτε
2629 1940 2720 1995 ρον
2735 1924 2822 1975 τὸν
2841 1921 2976 1992 μετὰ
2991 1920 3272 1990 Σολομῶνα
3287 1917 3379 1972 τοῦ
3407 1916 3664 1979 Ἰουδαίων
3682 1914 3844 1978 ἔθνους

680 2020 733 2071 in
764 2034 870 2072 uno
900 2019 1036 2080 solo,
1083 2034 1149 2073 ex
1198 2021 1401 2075 semine
1431 2020 1596 2074 David
1619 2028 1757 2085 orto,
1791 2022 1880 2090 qui
1914 2023 2111 2076 dicitur
2134 2021 2224 2078 Je-

679 2126 774 2165 sus
819 2109 1070 2165 Christus
1118 2111 1364 2166 Salvator
1394 2120 1598 2171 noster.
1649 2115 1862 2181 impleta
1898 2112 2065 2168 fuisse
2092 2130 2223 2169 con-

679 2209 828 2257 stat:
862 2217 980 2270 quae
1031 2203 1240 2257 scilicet
1285 2203 1500 2258 divinus
1536 2203 1770 2274 Spiritus
1821 2205 2218 2275 praenuntiavit,

679 2295 1007 2362 praemittens
1053 2294 1268 2364 quidem
1313 2295 1521 2350 divinas
1553 2296 1986 2364 pollicitationes,
2022 2297 2222 2352 docens

678 2389 855 2435 autem
886 2385 1303 2453 exspectandum
1329 2400 1471 2448 esse,
1504 2393 1565 2439 ut
1595 2387 1648 2438 in
1679 2401 1787 2439 uno
1815 2394 1869 2439 et
1897 2387 2083 2441 eodem
2111 2388 2223 2442 hinc

678 2473 1320 2545 tristiorapontingerent
1350 2493 1363 2530 :
1399 2489 1523 2529 cum
1569 2477 1798 2532 maxime
1829 2477 2134 2533 sensibilem
2165 2480 2223 2533 il-

679 2564 787 2616 lum
817 2565 984 2618 totius
1015 2579 1080 2617 ex
1126 2561 1323 2618 Davide
1358 2565 1722 2620 successionis
1772 2565 2025 2620 thronum
2070 2583 2224 2622 ever-

677 2653 894 2707 tendum
924 2669 1044 2708 esse
1077 2655 1424 2722 prospiceret.
1447 2653 1578 2708 Nam
1608 2669 1762 2725 reges
1793 2671 1856 2709 ex
1886 2657 2090 2710 semine
2120 2655 2223 2708 Da-

677 2744 815 2800 vidis
849 2746 953 2799 orti
987 2746 1052 2800 ad
1085 2761 1255 2816 usque
1286 2747 1648 2815 captivitatem
1673 2747 1854 2816 populi
1879 2748 1930 2800 in
1955 2746 2222 2817 Babylone

679 2838 1032 2905 perdurarunt
1065 2856 1079 2892 :
1113 2853 1286 2907 neque
1319 2838 1414 2891 toti
1443 2836 1747 2892 Iudaeorum
1789 2839 1956 2908 genti,
1988 2839 2080 2893 sed
2119 2839 2220 2893 tri-

678 2929 777 2982 bus
809 2929 980 2983 solum
1012 2931 1259 2984 tribubus
1302 2945 1364 2984 ac
1392 2946 1456 2986 ne
1488 2931 1701 2999 quidem
1737 2930 1957 2999 integris
1993 2930 2222 3000 impera-

679 3018 806 3071 bant
838 3036 852 3073 :
895 3025 1056 3087 atque
1088 3026 1256 3073 totum
1287 3021 1496 3088 imperii
1529 3035 1714 3073 eorum
1746 3027 1957 3088 tempus
1986 3020 2050 3073 ad
2083 3035 2218 3088 qua-

679 3106 994 3175 dringentos
1045 3107 1260 3160 circiter
1289 3122 1457 3163 annos
1488 3108 1660 3161 solum
1695 3108 1991 3178 pertingit:
2027 3111 2220 3179 qui-bus

676 3200 878 3252 exactis
923 3197 1178 3252 Jechonia
1222 3214 1284 3254 ex
1332 3199 1674 3253 successione
1706 3197 1920 3254 Davidis
1946 3187 2220 3268 postremo

2322 2018 2385 2068 ὲκ
2407 2015 2712 2085 σπέρματος
2731 2014 2823 2068 καὶ
2845 2013 3090 2083 διαδοχῆς
3109 2010 3270 2065 Δαυῖδ
3292 2009 3708 2080 βασιλευσάντων
3731 2009 3844 2064 ἀνα-

2323 2106 2576 2176 φέρεσθαι
2612 2105 2828 2158 δύναται
2870 2104 2936 2157 τὰ
2975 2102 3385 2174 ἐπηγγελμέναο
3437 2099 3610 2153 πάντα
3638 2099 3691 2150 δὲ
3723 2095 3842 2168 ὁμοῦ

2322 2199 2415 2250 καὶ
2442 2197 2576 2250 κατὰ
2602 2197 2675 2255 πὸ
2700 2197 2828 2249 αὑτὸ
2849 2197 2916 2248 τά
2944 2212 3003 2248 τε
3036 2194 3368 2265 χρηστότερα
3396 2193 3488 2244 καὶ
3525 2190 3591 2244 τὰ
3623 2189 3841 2259 σκυθρω-

2322 2288 2398 2341 πὰ
2427 2290 2504 2350 είς
2529 2287 2623 2339 Eva.
2659 2287 2814 2357 μόνον
2847 2287 2937 2338 τὸν
2967 2288 3030 2338 ὲκ
3065 2285 3370 2355 σπέρματος
3399 2283 3556 2337 Δαυῒδ
3581 2284 3842 2364 λεγόμενον

2333 2376 2534 2447 Ἰησοῦν
2583 2375 2807 2446 Χριστὸν
2862 2377 2950 2429 τὸν
2993 2376 3257 2446 ἡμέτερον
3286 2376 3511 2444 Σωτῆρα
3559 2375 3842 2428 συνίσταται

2321 2465 2748 2536 πεπληρωμένα’
2774 2465 2810 2518 ἃ
2833 2464 2897 2535 δὴ
2930 2465 3020 2518 καὶ
3048 2463 3338 2536 προείληφε
3364 2464 3423 2516 τὸ
3457 2464 3594 2517 θεῖον
3621 2464 3839 2533 Πνεῦμα,

2321 2554 2587 2624 προτάξαν
2639 2553 2734 2622 μὲν
2766 2554 2860 2614 τὰς
2891 2553 3103 2616 ἐνθέους
3152 2551 3480 2621 ἐπαγγελίας
3504 2592 3520 2616 ,
3567 2551 3768 2618 διδαξαν
3794 2540 3842 2606 δὴ

2321 2644 2509 2714 χρῆναι
2545 2643 2840 2714 προσδοκᾷν
2870 2644 2993 2713 περί
3032 2641 3126 2696 ἕνα
3156 2644 3249 2696 καὶ
3282 2643 3371 2696 τὸν
3399 2643 3560 2696 αὑτὸν
3591 2642 3838 2716 συμϐήσε-

2322 2733 2443 2786 σθαι
2470 2735 2537 2786 τὰ
2579 2734 2995 2805 σκυθρωπότερα
3016 2751 3028 2763 ·
3061 2735 3290 2805 μάλιστα
3318 2735 3406 2787 ὅτε
3442 2736 3536 2787 καὶ
3564 2734 3731 2804 πάσης
3755 2734 3842 2801 τῆς

2318 2824 2410 2877 τοῦ
2439 2825 2597 2877 Δαυῒδ
2625 2825 2868 2896 διαδοχῆς
2885 2866 2899 2889 ,
2927 2827 3016 2880 τὸν
3049 2826 3299 2896 αἰσθητὸν
3323 2826 3422 2895 τῆς
3453 2825 3713 2895 βασιλείας
3738 2824 3842 2893 Θρό-

2320 2933 2406 2968 νον
2427 2915 2921 2985 καταλυθησόμενον
2947 2916 3155 2987 θεωρεῖ.
3184 2917 3360 2986 Μέχρι
3385 2916 3514 2983 γοῦν
3542 2916 3640 2985 τῆς
3663 2918 3733 2979 είς
3753 2914 3840 2967 Βα-

2320 3007 2529 3059 ϐυλῶνα
2563 3008 2926 3077 αἰχμαλωσίας
2949 3007 3040 3060 τοῦ
3073 3008 3200 3062 λαοῦ
3226 3009 3516 3078 διήρκεσαν
3540 3010 3588 3061 οἱ
3614 3010 3675 3060 ὲκ
3698 3004 3842 3076 σπέρ-

2323 3115 2486 3168 ματος
2518 3098 2674 3150 Δαυῖδ
2701 3097 3133 3167 βεδασιλευκότες
3152 3115 3165 3128 °
3199 3100 3291 3151 καὶ
3319 3099 3438 3152 οὑδὲ
3468 3099 3590 3152 ὅλου
3615 3099 3701 3152 τοῦ
3733 3100 3841 3151 Ἰοδο

2319 3188 2477 3242 δαίων
2497 3189 2677 3252 ἔθνους
2701 3190 3105 3259 βασιλεύσαντες
3124 3190 3258 3244 άλλὰ
3281 3191 3456 3261 μόνων
3474 3191 3640 3260 τριῶν
3659 3191 3837 3260 φυλῶν,

678 3295 956 3353 regnante,
992 3288 1170 3340 nullus
1194 3288 1329 3342 alius
1351 3285 1652 3342 Iudaeorum
1683 3303 1775 3342 rex
1798 3305 1859 3343 ex
1893 3291 2102 3344 semine
2119 3290 2220 3342 Da-

2324 3279 2414 3329 καὶ
2458 3280 2573 3332 οὑδὲ
2612 3281 2812 3334 τούτων
2858 3283 3025 3334 ὅλων·
3074 3282 3209 3335 ἀλλὰ
3251 3283 3344 3335 καὶ
3373 3281 3594 3352 σύμπας
3622 3285 3648 3335 ό
3676 3284 3840 3352 χρόνος

679 3369 766 3422 vid
802 3379 1157 3436 memoratur;
1192 3373 1262 3423 ita
1295 3377 1352 3424 ut
1386 3371 1484 3424 hoc
1519 3373 1643 3425 item
1675 3372 1832 3426 modo
1870 3374 2086 3443 impleta
2115 3375 2223 3429 sint

681 3460 866 3512 isthmc
885 3459 1048 3513 divini
1068 3460 1301 3530 Spiritus
1325 3463 1562 3523 oracula,
1582 3463 1779 3530 quibus
1802 3462 2000 3517 dicitur
2026 3484 2038 3517 :
2068 3462 2222 3517 Nunc

680 3558 851 3602 autem
869 3552 1104 3618 repuliin
1126 3562 1171 3604 et
1196 3551 1494 3619 despexisti,
1516 3551 1751 3620 abjecisti
1768 3551 2033 3607 Christum
2058 3563 2220 3610 tuum.

684 3638 924 3692 Evertisti
960 3649 1318 3694 testamentum
1365 3643 1499 3694 servi
1533 3643 1626 3704 tui,
1659 3643 1955 3708 profannsti
1999 3646 2052 3697 in
2087 3655 2225 3700 terra

683 3729 1040 3781 summarium
1069 3729 1205 3799 ejus,
1235 3739 1287 3785 et
1315 3741 1526 3793 caetera.

2318 3370 2413 3438 τῆς
2443 3371 2639 3423 τούτων
2669 3372 2836 3443 ἀρχῆς
2859 3374 2995 3442 ἀμφὶ
3021 3374 3089 3426 τὰ
3114 3374 3431 3443 τετρακόσια
3462 3373 3556 3443 ἔτη
3589 3373 3714 3442 μόνα
3736 3389 3841 3424 συν-

2319 3461 2510 3526 τείνει,
2550 3462 2664 3532 μεθ’
2689 3462 2742 3526 ἃ,
2781 3464 3025 3533 Ἰεχονίου
3057 3464 3284 3516 ὑστάτου
3314 3465 3410 3534 τῆς
3444 3463 3537 3516 τοῦ
3571 3463 3717 3515 Δαυῖδ
3740 3463 3840 3515 δια-

2318 3551 2475 3622 δοχῆς
2524 3553 2808 3623 γενομένου
2832 3594 2846 3617 ,
2896 3555 3167 3626 οὐδέτερος
3201 3554 3448 3623 βασιλεὺς
3501 3553 3751 3606 Ἰουδαίων
3787 3553 3841 3603 ὲκ

2322 3647 2628 3716 σπέρματος
2650 3647 2809 3700 Δαυῒδ
2841 3647 3076 3716 γεγονὼς
3109 3648 3496 3718 μνημονεύεται
3517 3665 3531 3678 ο
3556 3649 3630 3710 ὡς
3656 3647 3740 3700 καὶ
3760 3663 3841 3698 κα-

2321 3736 2388 3788 τὰ
2425 3737 2607 3790 τοῦτον
2649 3737 2738 3790 τὸν
2777 3739 2972 3809 τρόπον
3017 3739 3400 3811 πεπληρῶσθαι
3440 3741 3507 3794 τὰ
3542 3739 3843 3812 προκείμενα

680 3821 772 3873 τοῦ
803 3822 944 3874 θείου
982 3822 1292 3890 Πνεύματος
1325 3825 1500 3892 λόγια,
1535 3827 1604 3879 δι’
1648 3840 1722 3882 ων
1783 3829 2019 3898 εῑρηται⁶
2054 3829 2201 3882 Νυνὶ
2231 3827 2297 3880 δὲ
2333 3829 2548 3884 ἀπώσω
2581 3833 2676 3885 καὶ
2705 3832 3129 3896 ἐξουδένωσας,
3165 3831 3261 3884 καί
3296 3832 3590 3888 ἀνεὸάιου
3617 3830 3714 3882 τὸν
3735 3829 3841 3893 Χρι-

682 3913 827 3962 στόν
877 3927 1010 3966 σου.
1074 3917 1485 3985 Κατέστρεψας
1525 3916 1638 3983 τὴν
1690 3918 1979 3987 διαθήκην
2031 3919 2134 3972 τοῦ
2187 3918 2408 3975 δούλου
2445 3938 2593 3987 σου,
2650 3922 3024 3990 ἐϐεϐήλωσας
3053 3925 3152 3992 ,εις
3187 3921 3300 3986 τὴν
3329 3919 3447 3990 τιῖν
3485 3922 3554 3973 τὸ
3609 3921 3840 3989 ἁτίασμα

677 4002 864 4056 αὐτοῦ
879 4019 892 4033 ”
927 4007 1018 4062 καὶ
1040 4005 1108 4058 τὸ.
1128 4005 1330 4070 τούτοις
1351 4009 1733 4078 ἐπιφερόμενα.

752 4113 950 4170 Deinde
994 4117 1119 4185 quia
1171 4117 1263 4173 Dei
1316 4120 1380 4173 ad
1421 4121 1672 4176 Davidem
1710 4123 2094 4192 promissiones
2121 4125 2218 4180 bo-

683 4222 806 4260 nam
841 4215 896 4262 et
921 4208 1187 4277 ingentem
1217 4209 1430 4267 Davidis
1455 4214 1644 4267 semini
1667 4229 1813 4282 spem
1843 4215 2214 4282 ascribebant;

680 4307 733 4352 et
777 4305 955 4353 tamen
989 4314 1107 4368 quae
1137 4303 1467 4356 successioni
1494 4304 1611 4370 ejus
1639 4305 1965 4368 acciderant,
1998 4310 2217 4360 omnino

680 4387 950 4440 contraria
990 4387 1341 4452 videbantur;
1384 4404 1506 4442 nam
1539 4391 1759 4444 tbronu.c
1831 4395 1943 4462 :gni
1974 4394 2092 4462 ejus
2119 4394 2221 4447 hu-

2389 4119 2495 4177 Εἶτ’
2521 4122 2810 4192 ἐπειδήπερ
2825 4119 2892 4174 τὰ
2916 4121 3011 4192 μὲν
3031 4119 3138 4176 τῶν
3162 4119 3253 4174 τοῦ
3279 4119 3413 4173 Θεοῦ
3438 4120 3573 4192 πρὸς
3597 4121 3684 4174 τὸν
3707 4121 3840 4175 muta

2321 4214 2651 4282 ἐπαγγελιῶν
2706 4213 2911 4279 ἀγαθάς
2963 4229 3112 4275 τινας
3143 4213 3234 4266 καὶ
3287 4212 3526 4283 μεγάλας
3557 4212 3756 4276 ἐλπίδας
3776 4212 3839 4282 τῷ

2324 4306 2595 4374 σπέρματι
2629 4304 2786 4356 Δαυῖδ
2819 4304 3124 4373 ὑπέγραφε,
3153 4303 3220 4356 τὰ
3248 4304 3305 4356 δὲ
3343 4303 3470 4373 περί
3500 4304 3598 4375 τὴν
3624 4303 3832 4372 διαδοχὴν

2324 4395 2485 4448 αὑτοῦ
2522 4393 2895 4463 συμϐεϐηκότα
2928 4394 3181 4449 τάναντία
3212 4395 3387 4448 πάντα
3412 4398 3705 4464 περιεῖχεν,
3736 4394 3759 4445 ὅ
3789 4409 3827 4443 τε

681 4493 839 4532 mauo
866 4493 1009 4531 more
1044 4480 1240 4547 sumpti
1276 4493 1305 4531 a
1335 4486 1572 4550 tempore
1585 4480 1854 4537 Jechonia:
1873 4487 2081 4539 solutus
2103 4500 2220 4539 ces-

2322 4485 2505 4556 θρόνος
2548 4484 2645 4552 τῆς
2680 4484 2815 4537 κατὰ
2852 4483 3130 4564 ἄνθρωπον
3167 4484 3439 4555 βασιλείας
3477 4484 3636 4537 αὑτοῦ
3680 4483 3826 4534 λέλυττ

683 4579 890 4621 saverat
923 4589 934 4622 :
965 4571 1075 4622 haec
1098 4571 1427 4639 prospiciens
1451 4572 1682 4641 Spiritus
1713 4576 2080 4641 propheticus.
2099 4577 2220 4644 jure

682 4657 747 4710 ad
781 4659 1015 4712 veritatis
1046 4676 1357 4715 sermonum
1381 4662 1474 4717 Dei
1505 4664 1938 4732 perquisitionem
1964 4681 2062 4720 nos
2081 4666 2219 4718 invi-

681 4751 779 4807 tat,
814 4761 1016 4814 nosque
1052 4749 1282 4804 instituit
1317 4758 1373 4803 ut
1406 4753 1458 4804 id
1492 4769 1520 4805 a
1550 4753 1656 4808 Deo
1698 4769 2002 4824 quaeramus
2030 4765 2081 4808 et
2107 4756 2217 4809 edi-

681 4851 916 4898 scamus,
954 4839 1288 4896 sciscitantes
1320 4843 1492 4911 ipsum
1537 4858 1599 4896 ac
1645 4845 1882 4899 dicentes
1914 4865 1924 4898 :
1965 4845 2062 4898 Ubi
2098 4863 2210 4899 sum

683 4928 1052 4981 misericordia:
1076 4939 1178 4984 tua
1201 4935 1448 5000 antiqua),
1478 4932 1714 4999 Domine,
1737 4953 1864 5004 quas
1886 4937 2082 5004 jurasti
2114 4937 2218 4989 Da-

683 5017 803 5069 vid?
852 5017 982 5071 Nam
1032 5020 1178 5088 regni
1219 5023 1335 5089 ejus
1382 5024 1654 5078 sensibilis
1699 5033 1750 5076 et
1779 5025 2033 5093 [humano
2075 5042 2222 5079 more

683 5107 878 5174 sumpti
926 5111 1199 5164 successio
1235 5113 1428 5178 soluta,
1469 5123 1521 5168 et
1570 5129 1597 5166 a
1647 5115 1803 5182 longo
1842 5115 1948 5182 jam
1983 5125 2222 5184 tempore

685 5197 890 5250 sublata
947 5200 1138 5268 fuerat,
1174 5217 1293 5255 cum
1341 5220 1406 5257 ex
1457 5206 1659 5258 semine
1707 5205 1824 5272 ejus
1869 5213 2019 5261 ortus
2068 5207 2222 5263 Jesus

685 5286 951 5351 Christus,
983 5293 1073 5361 qui
1103 5293 1521 5362 promissionum
1551 5295 1735 5348 Davidi
1768 5295 2026 5349 factarum
2051 5298 2220 5352 haeres

685 5377 898 5433 futurus
946 5384 1375 5449 exspectabatur,
1423 5399 1528 5436 non
1557 5386 1810 5440 sensibile
1837 5402 2009 5454 neque
2034 5388 2221 5442 buma—

686 5483 814 5520 num
865 5484 1087 5536 regnum
1140 5475 1416 5541 possedit;
1453 5475 1544 5528 sed
1593 5491 1814 5544 prorsus
1861 5481 2128 5532 contraria
2157 5480 2221 5532 iis

689 5571 806 5622 quae
837 5558 1081 5613 homines
1108 5566 1484 5630 exspectabant
1530 5580 1718 5634 passus
1769 5578 1872 5629 est,
1902 5568 1966 5622 ad
1997 5578 2220 5623 mortem

693 5658 862 5711 usque
886 5662 1222 5716 progressus,
1245 5654 1524 5722 omniaque
1539 5669 1847 5724 perpessus,
1871 5644 1987 5725 quae
2010 5659 2218 5712 divinus

695 5730 933 5804 Spiritus
979 5741 1323 5809 praescientiae
1353 5745 1544 5799 virtute
1583 5747 1984 5815 praenuntiant.
2019 5747 2133 5817 Qua
2161 5749 2226 5813 de

2321 4573 2659 4642 πεπαυμένος
2687 4573 2791 4624 ἀπὸ
2816 4574 2919 4627 τῶν
2962 4577 3201 4647 Ἰεχονίου
3231 4577 3436 4645 χρόνων
3456 4593 3470 4607 ο
3503 4577 3713 4636 εἰκότως
3733 4572 3827 4626 ταῦ·

2320 4681 2385 4716 τα
2415 4663 2792 4734 προθεωρῆσαν
2817 4664 2876 4715 τὸ
2905 4667 3231 4735 προφητικὸν
3261 4665 3502 4735 Πνεῦμα,
3529 4667 3618 4717 ἐπὶ
3643 4664 3827 4734 ζήτησιν

2321 4754 2471 4822 ἡμᾶς
2492 4754 2744 4824 παρορμᾷ
2764 4754 2859 4823 τῆς
2882 4755 2989 4807 τῶν
3009 4756 3178 4816 λόγων
3201 4755 3292 4806 τοῦ
3320 4754 3451 4806 Θεοῦ
3476 4755 3736 4825 ἀληθείας,
3761 4755 3832 4805 καὶ

2325 4845 2448 4913 παρ’
2482 4843 2643 4896 αὑτοῦ
2673 4844 2765 4894 τοῦ
2811 4843 2942 4897 Θεοῦ
2981 4846 3159 4914 ζητεῖν
3185 4846 3276 4897 καὶ
3311 4845 3596 4913 μανθάνειν
3630 4845 3832 4898 διδάσκει

2321 4932 2630 5000 ἐρωτῶντας
2652 4932 2811 4986 αὑτὸν
2839 4933 2932 4984 καὶ
2972 4933 3249 5001 λέγοντας·
3301 4934 3423 4988 Ποῦ
3462 4936 3592 4990 ἐστι
3617 4935 3682 4987 τὰ
3718 4934 3832 4993 ἐοῑέη

2322 5037 2434 5073 σου
2463 5021 2532 5073 τὰ
2563 5021 2774 5090 ἀρχαῖα
2795 5061 2809 5086 ,
2857 5023 3063 5091 Κύριε,
3097 5022 3135 5075 ἆ
3166 5023 3399 5092 ὤμοσας
3434 5024 3515 5090 τῷ
3547 5024 3743 5084 Δαυτὸῖ
3772 5022 3830 5071 Ἥ

2320 5125 2376 5160 τε
2426 5110 2532 5182 γὰρ
2565 5114 2660 5189 τῆς
2688 5110 2954 5180 βασιλείας
2991 5112 3150 5165 αὑτοῦ
3181 5115 3276 5184 τῆς
3308 5115 3576 5185 αἰσθητῆς
3602 5116 3688 5166 καὶ
3717 5111 3830 5163 κατὰ

2322 5200 2596 5270 ἄνθρωπον
2627 5203 2837 5274 διαδοχὴ
2859 5203 3061 5268 λέλυτο,
3093 5205 3156 5255 ἐκ
3189 5203 3398 5274 μακροῦ
3436 5200 3830 5272 καθῃρημένη,ό

2322 5310 2377 5344 τε
2412 5297 2473 5346 ὲκ
2504 5296 2807 5363 σπέρματος
2837 5295 2995 5348 αὑτοῦ
3035 5296 3269 5363 γεγονὼς
3313 5294 3516 5364 Ἰησοῦς
3555 5298 3582 5347 ό
3607 5294 3826 5364 Χιριστὲος,

2324 5386 2694 5456 προσδοκηθεὶς
2718 5385 2874 5448 αὑτὸς
2900 5383 3035 5440 εἶναι
3065 5389 3092 5438 ό
3110 5385 3217 5436 τῶν
3244 5383 3376 5454 πρὸς
3404 5382 3492 5434 τὸν
3516 5384 3668 5438 Δαυῖδ
3692 5387 3830 5449 ἔπαγε

2323 5474 2513 5540 γελιῶν
2551 5475 2895 5545 κληρονόμος,
2929 5472 3184 5541 αἰσθητὴν
3209 5471 3305 5540 μὲν
3328 5470 3427 5522 οὐκ
3449 5472 3723 5542 ἐκτήσατο,
3742 5467 3828 5521 οὐδ’

2324 5563 2658 5633 ἀνθρωπίνην
2686 5563 2955 5632 βασιλείαν
2974 5581 2987 5593 ο
3009 5561 3257 5614 τάναντία
3286 5560 3342 5613 δὲ
3377 5561 3551 5615 πάντα
3588 5565 3676 5617 καὶ
3699 5555 3829 5614 αὐτὸς

2324 5650 2402 5717 οἷς
2431 5656 2823 5723 προσεδόκησαν
2843 5653 3111 5722 ἄνθρωποι
3133 5651 3386 5717 πέπονθε,
3415 5656 3574 5725 μέχρι
3598 5655 3684 5708 καὶ
3707 5646 3830 5703 θανά·

2325 5764 2415 5803 του
2440 5753 2672 5815 φθάσας,
2696 5746 2787 5799 καὶ
2813 5745 2982 5800 πάντα
3010 5745 3316 5816 ὑπομείνας,
3351 5746 3385 5799 ἃ
3405 5748 3469 5819 δὴ
3493 5741 3830 5819 arma!!!
