3976 6356
142 484 266 545 tat‘t
1232 472 1723 532 COMMENTAMA:
1757 474 1822 529 IN
1862 474 2205 532 resumes.
3181 453 3316 537 ms

138 606 341 677 δινάμει
361 604 423 658 τδ
440 603 580 657 θεῖον
597 597 960 669 ἀνεφθέγξατο
976 594 1212 665 Πνεῦμα.
1239 587 1337 647 Ὧν
1353 593 1511 647 ἕνεκα
1530 595 1618 646 εἶκε

1716 598 1740 654 t
1767 608 1929 647 causa
1953 594 2076 663 jure
2096 592 2515 665 percontandum
2541 601 2595 649 et
2622 594 3057 665 interrogandum
3079 610 3200 650 esse
3225 596 3316 651 do-

136 715 229 763 ιως
242 694 512 770 ἀνερωτᾷν
526 691 617 747 καὶ
636 686 986 743 πυνθάνεσθαι
1000 684 1235 739 διδάσκει
1248 682 1500 750 λέγοντας
1514 698 1529 711 ’
1542 685 1618 736 Hc

1766 694 1851 739 cet
1881 686 1965 739 bis
1996 686 2173 740 verbis
2204 704 2217 739 :
2256 682 2354 739 Ubi
2382 695 2502 739 sunt
2533 685 2906 740 misericordia
2936 696 3041 740 tne
3062 689 3311 757 antiqua,

132 792 246 843 ἐστι
269 787 339 840 τὸ
365 785 504 852 ἀλέη
537 797 651 837 σου
685 772 756 836 τά
784 776 997 848 ἀρχαῖα
1017 816 1033 840 ,
1066 777 1271 844 Κύριε,
1305 776 1396 827 καὶ
1424 773 1493 827 τὰ
1518 771 1618 843 ὲξῆι

1763 773 2020 828 Domine?
2045 784 2098 830 et
2126 784 2337 830 cetera.
2359 772 2472 829 Sub
2499 774 2611 829 haec
2644 775 2804 829 infert
2836 773 3106 833 :-—-Y£as.
3123 776 3309 833 ιῚ-ιο.

131 878 248 935 Μεθ’
270 877 305 932 ἀ
321 876 557 945 ὲκιλέγει
570 892 584 907 °
605 875 755 937 Ἕως
772 871 938 935 πότε,
956 868 1151 935 Κύριε,
1168 863 1564 934 ἀποστρέψεις
1580 868 1618 918 si

1767 866 2060 939 Usquequo,
2092 867 2335 927 Domine.
2361 876 2556 923 avertes
2593 869 2646 921 in
2678 869 2852 937 ﬁnem,
2883 869 3183 923 exat-ducet
3208 872 3311 924 sic-

129 970 309 1036 τέλος,
324 965 748 1031 ἐκκαυθήσεται
762 962 841 1029 ὡς
861 961 979 1029 πῦρ
998 961 1036 1029 ή
1057 957 1198 1029 ὀργή
1224 972 1369 1021 σους
1395 956 1618 1024 ills-73001

1761 965 1819 1009 ιιι
1859 958 1996 1027 ignis
2040 958 2123 1011 ira
2158 959 2289 1011 tua?
2316 956 2610 1015 Hemorare
2653 974 2767 1027 quae
2795 974 2929 1012 ,πιθα
2966 956 3260 1013 substantia
3289 977 3309 1013 .-

128 1078 171 1115 τι
192 1062 278 1126 τις
300 1077 419 1129 μου
450 1058 488 1124 ὴ
510 1056 869 1119 ὑπόστασιζυ
896 1051 979 1121 μὴ
1003 1050 1111 1119 τὰρ
1137 1050 1397 1119 ματαίως
1421 1049 1618 1105 ἔκτισα

1760 1048 1991 1118 nunquid
2028 1050 2164 1101 enim
2196 1063 2336 1130 (sane
2377 1050 2570 1105 creasti
2608 1065 2782 1103 omnes
2828 1050 2967 1118 ﬁlios
2998 1051 3312 1104 hominum!

124 1151 337 1217 πάντας
367 1150 507 1214 τοὺς
531 1145 699 1212 υἱοὺς
726 1142 843 1198 τῶν
881 1141 1229 1212 άνθριῦπωκ
1255 1143 1348 1208 Τις
1371 1142 1538 1195 ἐστιν
1559 1142 1618 1195 ἀι

1760 1139 1890 1205 Quis
1915 1148 1990 1217 est
2016 1139 2166 1202 homo
2192 1141 2281 1208 qui
2302 1140 2449 1217 vivet,
2480 1148 2529 1194 et
2556 1156 2657 1197 non
2688 1140 2873 1199 videbit
2898 1151 3134 1203 mortem,
3162 1150 3307 1196 met

122 1216 336 1310 θρωπος
355 1240 422 1305 ὃς
438 1238 692 1305 ζήσεται.
718 1236 812 1289 καὶ
834 1237 943 1289 οὐκ
964 1235 1168 1302 ὄψεται
1190 1233 1461 1297 θάνατον,
1478 1234 1618 1300 ρὐι

1757 1216 1989 1281 animum
2017 1237 2166 1283 suam
2193 1228 2257 1283 de
2280 1216 2436 1283 manu
2472 1230 2625 1302 inferi
2642 1232 2663 1262 ⁹
2682 1230 3016 1299 Diapsalma.
3041 1230 3143 1284 Pro
3172 1230 3264 1285 illo
3286 1248 3301 1288 :

120 1350 203 1386 ται
218 1332 330 1401 τὴν
356 1328 567 1399 ψυχὴν
585 1327 769 1383 αὑτοῦ
799 1326 869 1380 ἐκ
891 1322 1258 1393 χειρὸςᾷδου
1274 1341 1292 1386 ;
1323 1323 1618 1392 Διάψαλμο

1756 1319 1985 1386 Avertes,
2029 1320 2223 1389 Aquila
2265 1339 2279 1375 :
2322 1318 2629 1390 Usquequo,
2682 1319 2921 1385 Domine,
2973 1320 3303 1378 absconderis

129 1424 265 1477 ’Δντὶ
289 1422 403 1486 τοῦ,
423 1419 840 1488 ἀποστρέψεις,
868 1420 896 1471 ό
918 1417 1016 1488 μὲν
1050 1414 1276 1478 Ἀκύλας
1298 1415 1479 1485 φησὶν,
1505 1414 1618 1467 Ἕω

1754 1410 1810 1463 in
1858 1412 2275 1465 contentionem?
2330 1411 2687 1482 Symmachus
2737 1427 2864 1466 vero
2914 1430 2928 1467 :
2985 1410 3300 1483 Usqueqno,

118 1515 268 1578 πότε,
283 1514 473 1581 Κύριε,
490 1510 878 1579 ἀποπρυὸήσῃ
898 1512 985 1574 εις
998 1506 1214 1571 νεῖκος
1231 1509 1259 1558 ό
1277 1506 1330 1557 δὲ
1346 1505 1618 1575 Σύμμαχος

1759 1499 1992 1563 Domine,
2053 1500 2395 1563 absconderis
2447 1502 2503 1561 in
2553 1503 2751 1571 ﬁnem?
2808 1501 3135 1573 Videturque
3196 1502 3301 1556 mi-

119 1606 250 1669 Ἕως
269 1604 445 1669 τινος,
465 1604 658 1672 Κύριε,
684 1600 1072 1668 ἀποκρυόήσῃ
1093 1600 1177 1663 εὶς
1201 1596 1404 1662 τέλος
1429 1596 1534 1649 Καί
1566 1614 1618 1666 μι

1753 1591 1805 1644 Ιιὶ
1874 1608 2052 1647 sermo
2116 1608 2372 1667 arcanum
2443 1594 2557 1657 iraa,
2604 1609 2829 1665 regnum
2892 1594 3108 1651 Davidis
3178 1610 3302 1651 coro

113 1695 247 1747 δοκεῖ
268 1697 297 1747 ό
316 1694 468 1763 λόγος
490 1696 551 1749 τὸ
580 1696 885 1767 ἀπόρρητον
918 1693 1014 1761 τῆς
1040 1689 1366 1759 ἐπελθούσης
1394 1690 1558 1759 ὀργῆς
1585 1707 1615 1741 τ

1753 1698 1916 1751 porco
2008 1698 2158 1738 more
2249 1691 2519 1753 sumptum
2614 1691 2668 1739 ct
2765 1692 2932 1769 totam
3024 1684 3299 1743 ludaicam

115 1786 528 1859 σωματικωτέρᾳ
545 1786 786 1858 βασιλείᾳ
800 1784 977 1849 Δαυῒδ,
1001 1784 1093 1837 καὶ
1116 1781 1273 1836 παντὶ
1287 1782 1364 1851 τῷ
1392 1781 1618 1834 Ίουδαίω

1751 1782 1957 1841 gentem
1990 1773 2277 1839 invasurae,
2311 1772 2679 1829 subindicare.
2712 1772 2847 1829 Cum
2880 1776 3083 1843 itaque,
3119 1792 3299 1845 quan-

110 1877 240 1931 εθνει
281 1879 626 1932 αἰνίττεσθαι.
684 1878 964 1931 Ἐναντίων
1007 1875 1135 1944 γοῦν
1178 1861 1491 1928 ἀποϐάντων
1533 1876 1618 1926 ταῖ

1716 1932 1722 1944 ι
1751 1873 1862 1918 tum
1885 1864 1949 1918 ad
1981 1865 2253 1936 vulgar‘em
2280 1866 2753 1937 exspeCtationem,
2777 1867 3059 1936 promissis
3080 1876 3300 1922 contra-

108 1928 478 2038 meum;
492 1928 625 2023 ag;
642 1928 735 2023 ιπῖ
758 1970 823 2038 τῇ
849 1928 1123 2039 προχεὶρῳ
1156 1966 1464 2037 προσδοκίᾳ,
1496 1968 1525 2018 ό
1555 1965 1618 2019 τὰ

1716 1932 1725 1979 ⁵
1750 1955 1830 2008 ria
1853 1928 2148 2020 evenirent,
2182 1954 2323 2010 Deus
2349 1928 2439 2026 qui
2473 1955 2643 2012 bonas
2672 1928 3083 2026 pollicitationes
3108 1956 3297 2017 Davidi

106 2060 304 2127 ἀγαθὰς
353 2061 679 2129 ἐπαγγελίας
736 2059 873 2130 πρὸς
930 2059 1019 2111 τὸν
1080 2057 1242 2111 Δαυῒδ
1290 2056 1618 2128 πεποιημένο

1748 2047 1967 2101 dederat
2003 2048 2346 2103 evocabatur.
2401 2048 2761 2114 Quamobrem
2804 2049 2892 2104 hic
2951 2059 3189 2120 rogatur,
3227 2067 3297 2108 ne

104 2151 225 2216 Θεὸς
252 2151 664 2224 ἀνεκηρύττετο.
692 2150 781 2204 Διὸ
810 2151 1037 2204 ἱκετεύει
1070 2152 1098 2203 ὁ
1124 2150 1278 2217 λόγος
1317 2149 1390 2220 μὴ
1420 2150 1499 2213 είς
1545 2165 1618 2220 μα

1748 2139 1880 2191 iram
1903 2140 1957 2192 in
1986 2140 2106 2193 illos
2128 2154 2410 2193 accensam
2438 2139 2640 2196 diutius
2667 2142 2929 2212 producat
2955 2161 2968 2197 :
2995 2144 3085 2197 sed
3104 2158 3296 2212 quam-

105 2240 225 2310 κρδν
253 2244 600 2313 παρεκτείναι
624 2241 723 2312 τὴν
760 2240 1056 2311 γενομένην
1088 2241 1207 2292 κατ’
1241 2239 1420 2293 αὐτῶν
1455 2238 1618 2311 ὀργὴν

1743 2230 1973 2299 primum
2016 2230 2201 2284 tristia
2225 2239 2561 2300 praetereant,
2604 2241 2658 2287 et
2695 2234 2959 2301 promissa
2983 2248 3013 2288 a
3057 2234 3166 2289 Deo
3193 2234 3290 2289 ad-

103 2332 229 2399 ταχὺ
270 2329 328 2383 δὲ
358 2329 642 2401 παρελθεῖν
674 2330 773 2399 μὲν
810 2329 879 2383 τά
911 2328 1227 2401 σκυθρωπὰ,
1266 2327 1547 2397 ἐπιστῆναι
1586 2327 1618 2380 δ

1742 2323 1980 2377 veniant.
2039 2321 2240 2377 Deinde
2285 2338 2351 2377 ex
2390 2336 2619 2391 persona
2656 2322 2902 2383 humana:
2956 2322 3290 2381 inﬁrmitatis

101 2410 191 2486 τὰς
221 2421 546 2490 ἐπαγγελίας
566 2420 661 2474 τοῦ
682 2420 837 2476 Θεοῦ.
868 2417 998 2479 Εἶτα
1023 2422 1086 2474 ὲκ
1113 2420 1400 2493 προσώπου
1437 2419 1534 2489 τῆς
1559 2419 1618 2471 ἀν

1742 2415 1815 2467 ait
1850 2433 1863 2469 :
1897 2413 2190 2468 Memorare
2216 2429 2331 2481 qua:
2366 2428 2478 2465 mea
2506 2411 2821 2476 substantia,
2853 2421 2905 2467 et
2933 2422 3145 2470 caetera.
3182 2412 3290 2473 Po-

99 2511 367 2585 θρωπίνης
421 2512 702 2577 ἀσθενείας
748 2513 914 2582 λέγει,
964 2504 1273 2581 Πγήσθητι
1322 2494 1414 2578 τίς
1441 2528 1559 2581 μου
1599 2529 1618 2563 ⁴ι

1740 2511 1922 2580 pulum
1954 2517 2131 2564 autem
2163 2508 2230 2562 ad
2272 2509 2384 2563 haec
2411 2508 2637 2563 dicenda
2678 2508 2911 2564 instituit
2941 2509 3286 2579 propheticus

98 2608 447 2672 ὑπόστασις,
468 2605 561 2659 καὶ
588 2606 654 2659 τὰ
676 2605 819 2677 ἑξῆς.
846 2605 1097 2660 Διδάσκει
1127 2605 1184 2659 δὲ
1206 2596 1295 2656 τὸν
1319 2604 1446 2656 λαὸν
1474 2603 1618 2655 ταῦτ(

1738 2617 1937 2665 sermo,
1961 2610 2019 2656 ut
2054 2600 2218 2656 Deum
2246 2599 2496 2671 precibus
2529 2613 2591 2653 ac
2614 2590 3100 2675 supplicationibus
3129 2600 3287 2655 indu.-

96 2697 268 2764 λέγειν
306 2699 337 2750 ό
378 2696 707 2769 προφητικδς
756 2697 930 2764 λόγος,
963 2699 1041 2759 είς
1072 2696 1131 2749 τὸ
1175 2695 1508 2766 παρακαλεῖν
1548 2695 1618 2746 τοι

1736 2704 1824 2750 cat
1858 2694 1923 2747 ad
1961 2692 2253 2752 sedandam
2305 2691 2441 2745 iram
2482 2690 2742 2745 adversus
2780 2700 2990 2760 gentem
3033 2704 3207 2757 suam,
3232 2699 3288 2748 et

96 2786 219 2839 Θεὸν
259 2786 353 2839 καὶ
391 2786 655 2839 δυσωπεῖν
685 2784 1029 2839 καταπαῦσαι
1067 2784 1164 2855 μὲν
1208 2783 1306 2855 τὴν
1340 2784 1507 2854 ὀργὴν
1541 2783 1618 2853 τὴπ

1734 2792 1884 2853 roget
1925 2790 1985 2835 ut
2033 2782 2191 2836 ﬁnem
2237 2778 2401 2835 faciat
2428 2794 2548 2835 sese
2578 2778 2885 2834 occultandi
2920 2798 2935 2833 :
2968 2790 3119 2850 roget
3154 2782 3284 2836 item

93 2877 233 2943 ιιατά¹
258 2876 353 2930 τοῦ
385 2876 591 2942 εθνους,
634 2875 938 2931 παύσασθαι
960 2876 1016 2929 δὲ
1049 2876 1142 2928 καὶ
1164 2874 1322 2929 αὑτὸν
1350 2876 1618 2943 ἀποκρυπ-

1735 2882 1793 2929 ιιι
1824 2879 1903 2929 vel
1942 2888 2063 2929 sero
2090 2870 2304 2926 tandem
2346 2886 2465 2941 quae
2494 2869 2677 2925 Davidi
2705 2872 2951 2942 promisit
2974 2872 3287 2930 hominibus

90 2968 336 3038 τόμενον·
399 2966 730 3034 καταξιιῖισαι
770 2967 826 3022 δὲ
886 2967 985 3038 ἥδη
1026 2965 1155 3019 ποτὲ
1200 2968 1497 3037 παρασχεῖν
1544 2966 1618 3018 ἀν

1734 2967 1996 3021 conferat.
2026 2963 2184 3031 Quia,
2223 2963 2419 3033 inquit,
2466 2962 2700 3017 humana
2745 2972 2938 3017 natura
2984 2963 3196 3018 inﬁrma
3228 2973 3283 3018 et

88 3057 321 3127 θρώποις
347 3059 414 3114 τὰ
440 3059 518 3130 τῷ
541 3059 701 3115 Δαυῒδ
727 3059 1125 3129 ἐπηγγελμένα.
1162 3057 1504 3129 Ἐπειδήπερ,
1534 3074 1618 3127 φη-

1734 3058 1887 3127 inops
1915 3066 2019 3121 est,
2046 3055 2137 3112 sed
2170 3064 2347 3111 tamen
2377 3058 2543 3110 multo
2567 3054 2705 3124 apud
2742 3064 2793 3109 te
2823 3056 3028 3112 honore
3055 3055 3278 3125 dignata

87 3150 191 3211 σὶν,
214 3150 249 3221 ἠ
269 3149 577 3223 ἀνθρωπίνη
607 3151 764 3220 φύσις
792 3150 1020 3220 ἀσθενὴς
1043 3150 1139 3220 μέν
1154 3152 1272 3203 ἐστι
1304 3149 1396 3201 καὶ
1422 3147 1618 3218 πτωχὴ.

1731 3157 1843 3215 est;
1873 3164 1977 3202 non
2007 3148 2151 3203 enim
2200 3162 2337 3203 vane
2382 3147 2580 3203 creasti
2631 3145 2770 3201 ﬁlios
2812 3146 3111 3210 hominum,
3140 3160 3282 3216 quos

88 3239 224 3310 πλὴν
252 3240 387 3294 ἀλλά
412 3240 663 3311 πλείστης
687 3241 909 3311 ἠξίωται
935 3241 1083 3313 παρὰ
1107 3240 1188 3295 σοὶ
1212 3239 1400 3310 τιμῆς·
1433 3239 1493 3290 οὐ
1523 3236 1618 3310 γὰρ

1732 3242 2023 3295 secundum
2056 3240 2343 3310 imaginem
2372 3248 2517 3293 tuam
2541 3237 2829 3293 condidisti
2854 3256 2868 3305 ;
2897 3245 3181 3309 eapropter
3212 3253 3281 3293 ne

89 3332 328 3399 ματαίως
351 3322 568 3395 ἔκτισας
590 3333 714 3393 τοὺς
745 3331 891 3394 υἱοὺς
920 3330 1024 3384 τῶν
1054 3328 1370 3403 ἀνθρώπων,
1394 3328 1485 3391 οὓς
1511 3328 1627 3381 κατ’

85 3420 265 3472 εἰκόνα
307 3420 405 3491 τὴν
433 3420 532 3491 σὴν
562 3418 994 3490 ἐδημιούργησας
1013 3436 1026 3449 ·
1050 3418 1116 3472 δι’
1144 3419 1173 3471 ὃ
1221 3419 1308 3473 ἵνα
1341 3418 1413 3489 μὴ
1450 3417 1511 3469 τὸ
1540 3416 1628 3469 σὺν

86 3509 284 3579 κτίσμα
314 3512 409 3564 καὶ
437 3514 471 3583 ἡ
508 3510 574 3582 σὴ
604 3510 764 3565 εἰκὼν
799 3510 1175 3582 παραπόληται
1220 3510 1307 3563 διὰ
1337 3509 1435 3579 τῆς
1475 3507 1629 3560 ἐπελ-

84 3597 277 3668 θούσης
322 3600 507 3671 ὀργῆς,
540 3603 631 3654 καὶ
669 3602 766 3672 τῆς
802 3602 911 3654 τῶν
951 3600 1365 3672 ἐπηγγελμένων
1396 3598 1626 3670 ὑπερθέ-

82 3707 238 3756 σεως,
268 3691 495 3761 τάχυνον
531 3692 933 3762 ἀνακτήσασθαι
959 3692 1032 3745 τὰ
1062 3691 1373 3763 σκυθρωπὰ,
1407 3693 1498 3743 καὶ
1534 3691 1624 3745 θε-

78 3783 349 3855 ραπεῦσαι
370 3784 437 3837 τὰ
458 3785 753 3856 νοσήσαντα
772 3781 858 3835 διὰ
887 3782 987 3851 τῆς
1013 3780 1117 3835 τῶν
1152 3781 1368 3849 ἀγαθῶν
1394 3782 1625 3849 ἐπαγγε-

74 3874 204 3929 λιῶν
245 3876 539 3940 ἐκϐάσεως.
578 3877 641 3929 Et
675 3875 771 3947 μὲν
813 3875 920 3945 γὰρ
963 3870 1100 3945 ἦσαν
1139 3877 1186 3928 ot
1233 3873 1507 3945 ἄνθρωποι
1548 3877 1627 3939 είς

77 3967 307 4039 μάταιον
351 3967 657 4039 ἑκτισμένοι
708 3960 906 4037 ὁμοίως
956 3966 1065 4028 τοῖς
1110 3964 1203 4017 ἐπὶ
1254 3965 1355 4034 γῆς
1395 3964 1625 4031 ’ἀλόγοις

73 4056 254 4123 ζώοις,
296 4059 395 4111 ούκ
430 4057 497 4113 ἂν
536 4058 685 4111 οὐδὲν
727 4047 909 4119 αύτοῖς
944 4056 1110 4126 ἐχρῆν
1137 4055 1275 4125 μέγα
1298 4053 1623 4122 ἐπαγγέλλε-

72 4147 197 4203 σθαι
215 4165 230 4178 ·
254 4150 344 4202 ὅτε
368 4149 425 4201 δὲ
456 4148 679 4201 τοιαῦτα
705 4135 991 4214 φθάνουσιν
1016 4144 1320 4216 ἀνθρώποις
1348 4145 1624 4214 εὐαγγελι-

72 4239 297 4310 ζόμεναι
334 4242 390 4292 αἱ
438 4238 573 4309 πρὸς
616 4238 706 4291 τὸν
744 4235 903 4289 Δαυῒδ
934 4236 1282 4305 όρκωμοσίαι,
1322 4236 1478 4288 παντί
1520 4254 1621 4290 που

66 4329 229 4400 δῆλον
256 4327 515 4391 ποιοῦσιν,
538 4328 617 4381 dri
642 4328 715 4397 μὴ
738 4328 827 4379 ἐπὶ
860 4328 1068 4398 ματαίῳ
1093 4324 1308 4388 ἔκτισας
1331 4324 1455 4385 τοὺς
1476 4326 1622 4388 υἱοὺς

68 4422 174 4475 τῶν
208 4419 530 4491 ἀνθρώπων.
567 4419 717 4471 Ἐπεὶ
742 4418 916 4471 τοίνυν
944 4417 1192 4487 τοιαύτης
1219 4417 1443 4487 ἠξίωται
1471 4417 1620 4488 παρὰ

68 4512 151 4565 σοὶ
175 4511 347 4583 τιμῆς
375 4513 408 4582 ή
444 4509 753 4582 ἀνθρωπεία
781 4509 960 4577 φύσις,
1000 4508 1222 4573 εἰκότως
1262 4510 1422 4580 φημὶ,
1456 4508 1619 4578 Μνή-

62 4606 243 4670 σθητι
273 4603 363 4669 τίς
404 4619 522 4671 μου
564 4602 927 4666 ὑπόστασις·
968 4600 1061 4652 καὶ
1092 4599 1375 4671 μνήσθητι,
1426 4600 1507 4652 ὅτι
1543 4586 1692 4670 μὴ-ί)

65 4693 315 4763 ματαίως
356 4692 571 4755 ἔκτισας
614 4693 737 4755 τοὺς
768 4692 913 4753 υἱοὺς
954 4691 1059 4743 τῶν
1101 4689 1418 4763 ἀνθρώπων.
1461 4688 1617 4742 Ἀλλά

64 4786 158 4837 καὶ
188 4784 351 4837 τοῦτο
388 4784 686 4856 μνησθῆναι
719 4783 873 4849 ἀξιῶ,
903 4784 983 4835 ὅτι
1017 4782 1186 4846 οὐδείς
1226 4783 1372 4835 ἐστιν
1408 4779 1615 4850 ἄνθρω-

65 4874 277 4937 πος,.ὃς
305 4870 561 4942 ἄγευστος
594 4873 845 4943 τυγχάνει
878 4871 1125 4935 θανάτου,
1162 4871 1267 4924 οὐδ’
1291 4865 1398 4933 οἷός
1438 4871 1499 4923 τέ
1531 4870 1613 4935 τίς

61 4967 211 5017 ἐστιν
244 4961 403 5026 αὑτὸς
431 4963 620 5014 ἑαυτοῦ
657 4965 753 5033 τὴν
777 4964 948 5035 ψυχὴν
983 4966 1045 5016 ὲκ
1072 4963 1296 5016 θανάτου
1326 4960 1607 5032 ῥύσασθαι,

58 5055 181 5108 οὐδὲ
206 5053 302 5107 καὶ
322 5051 473 5105 τοῦτο
503 5052 752 5121 τυγχάνει
773 5054 873 5123 τῆς
902 5054 1231 5124 εὐεργεσίας.
1260 5053 1416 5104 Ὥστε
1441 5054 1489 5106 εί
1519 5054 1609 5106 καὶ

59 5144 287 5199 τοιαῦτα
318 5144 625 5214 ἡμάρτανον
662 5144 710 5195 οἱ
743 5142 834 5195 τοῦ
873 5144 1134 5197 Ἰουδαίων
1163 5143 1363 5205 ἔθνους,
1398 5143 1471 5205 ὡς
1513 5143 1610 5207 τὰς

57 5235 460 5296 ἐπαναστάσεις
502 5234 575 5304 (1)
608 5232 705 5295 τὰς
730 5234 862 5303 πρὸς
886 5235 974 5287 τὸν
1007 5233 1167 5286 Δαυῖδ
1195 5235 1273 5296 είς
1310 5232 1610 5287 τούναντίον

57 5328 249 5391 αὐτοῖς
287 5327 703 5400 περιτραπῆναι,
747 5326 839 5378 καὶ
870 5326 967 5394 τὴν
999 5326 1061 5378 ὲκ
1102 5326 1411 5395 σπέρματος
1447 5326 1608 5380 αὐτοῦ

57 5417 314 5488 διαδοχὴν
344 5420 440 5471 σὺν
476 5418 554 5488 τῷ
583 5419 681 5487 τῆς
715 5416 987 5488 βασιλείας
1016 5416 1188 5489 θρόνῳ
1215 5416 1573 5488 καταλυθῆναι
1592 5434 1605 5448 ·

54 5510 119 5563 ού
154 5508 269 5579 μὴν
295 5505 428 5558 ἀλλὰ
454 5508 546 5559 καὶ
575 5508 734 5560 αὐτὸν
758 5507 846 5560 τὸν
868 5506 1095 5577 Χριστόν
1138 5522 1230 5557 σου
1260 5504 1482 5557 τοιαῦτα
1510 5523 1605 5559 πα-

54 5599 171 5654 θεῖν
200 5597 307 5651 ὑπὸ
343 5581 450 5650 τῶν
471 5596 849 5661 αὐτῶνςόποϊα
876 5596 1231 5669 προλαϐόντες
1265 5597 1312 5649 οἱ
1345 5596 1426 5647 σοὶ
1458 5596 1599 5665 λόγοι

54 5689 191 5762 περὶ
230 5685 393 5740 αὐτὸν
434 5685 753 5755 γενήσεσθαι
781 5690 1215 5760 προεφήτευσαν·
1247 5686 1380 5740 ἀλλά
1414 5687 1490 5759 μὴ
1521 5690 1599 5753 είς

51 5781 210 5843 τέλος
245 5765 650 5846 ἀποστραφῆναι
677 5776 947 5852 ἀξιοῦμεν,
991 5780 1121 5853 μηδὲ
1154 5778 1227 5842 ὡς
1260 5776 1383 5848 πῦρ
1407 5779 1600 5837 ἐκκαυ-

120 5870 205 5947 (Ι)
243 5868 305 5930 ι.
336 5866 559 5936 ιπαγγε)
575 5867 674 5939 ίας,

1729 3330 1996 3399 opiﬁcium
2027 3338 2176 3383 tuum
2204 3337 2257 3384 et
2300 3330 2476 3399 imago
2507 3337 2601 3383 tua
2632 3344 2727 3398 per
2764 3333 3099 3401 ingruentem
3143 3329 3276 3383 iram

1727 3430 1779 3477 et
1808 3424 2195 3493 promissorum
2226 3421 2533 3477 dilationem
2586 3430 2789 3492 pereat,
2841 3433 3051 3479 mature
3101 3419 3277 3478 tristia

1729 3514 1816 3567 illa
1846 3528 2083 3583 repares,
2122 3512 2452 3583 inﬁrmisque
2502 3512 2767 3568 medearis
2812 3528 2910 3583 per
2957 3514 3277 3589 promissio-

1726 3622 1854 3661 num
1886 3608 2087 3661 exitum
2117 3613 2171 3660 et
2225 3604 2696 3676 complementum.
2748 3604 2879 3658 Nam
2930 3606 2977 3659 si
3029 3605 3275 3661 homines

1725 3699 1944 3769 perinde
1961 3705 2121 3767 atque
2141 3698 2297 3752 bruta
2314 3695 2567 3750 animalia
2591 3695 2642 3749 i..
2666 3710 2861 3749 vanum
2879 3698 3045 3749 creati
3068 3704 3270 3758 essent,

1724 3789 1858 3843 nihil
1889 3789 2021 3858 ipsis
2048 3802 2296 3858 magnum
2346 3785 2761 3857 promittendum
2791 3794 2934 3841 esset
2974 3805 2987 3840 :
3019 3800 3142 3841 cum
3172 3801 3270 3839 au-

1725 3881 2151 3947 tcmjuramenta
2184 3877 2368 3933 Davidi
2395 3877 2541 3942 data,
2590 3878 2718 3931 talia
2769 3878 2909 3932 bona
2960 3877 3270 3934 hominibus

1723 3969 2073 4033 annuntient;
2100 3982 2161 4022 ea
2193 3982 2323 4023 sane
2348 3970 2522 4039 palam
2549 3969 2755 4023 faciunt
2778 3975 2835 4022 te
2858 3982 2964 4021 non
2992 3968 3046 4021 in
3068 3982 3265 4022 vanum

1721 4075 1933 4118 creasse
1958 4060 2093 4113 ﬁlios
2120 4059 2416 4112 hominum.
2444 4057 2581 4123 Quia
2611 4052 2773 4128 igitur
2810 4057 3044 4111 humana
3072 4065 3267 4115 natura

1722 4151 1812 4205 tali
1840 4150 1936 4206 abs
1961 4158 2012 4205 te
2044 4150 2244 4203 honore
2267 4150 2465 4202 donata
2488 4156 2595 4213 est,
2618 4148 2741 4218 jure
2771 4148 2895 4206 dico
2920 4168 2933 4205 :
2969 4147 3267 4209 Memorare

1718 4257 1831 4312 qua
1886 4258 1995 4295 mea
2024 4240 2348 4299 substantia:
2374 4248 2427 4294 et
2455 4241 2740 4296 recordare
2771 4250 2823 4296 te
2852 4256 2960 4296 non
2986 4244 3040 4297 in
3067 4258 3263 4297 vanum

1719 4346 1934 4387 creasse
1974 4332 2113 4386 ﬁlios
2142 4332 2435 4387 hominum.
2469 4328 2573 4385 Sed
2611 4331 2771 4385 etiam
2805 4332 2857 4386 id
2894 4334 3167 4388 recordari
3213 4344 3266 4389 te

1721 4437 1928 4494 precor,
1955 4424 2159 4477 nullum
2184 4438 2303 4479 esse
2341 4423 2616 4476 hominum
2650 4426 2741 4491 qui
2772 4431 2996 4478 mortem
3028 4438 3133 4478 non
3168 4424 3262 4479 de-

1720 4523 1915 4584 gustet,
1938 4529 2033 4569 nec
2055 4528 2213 4583 posse
2233 4527 2554 4583 quemquam
2581 4514 2810 4567 animam
2833 4527 2981 4567 suam
2998 4528 3063 4566 ex
3089 4522 3263 4567 morte

1721 4608 1973 4672 liberare;
2011 4621 2181 4674 neque
2230 4604 2371 4658 enim
2412 4602 2464 4657 id
2512 4601 2756 4657 beneﬁcii
2807 4604 3030 4673 accepit.
3074 4604 3260 4673 Itaque

1714 4697 1923 4752 etiamsi
1948 4697 2069 4751 talia
2098 4695 2295 4750 fuerint
2322 4693 2571 4767 iudaicaz.
2587 4695 2761 4762 gentis
2787 4695 3009 4759 scelera,
3043 4702 3100 4749 ut
3128 4710 3257 4765 pro.

1714 4788 1877 4841 missa
1917 4787 2109 4840 Dasidi.
2136 4786 2257 4839 data
2290 4786 2342 4838 in
2375 4787 2703 4839 contrarium
2742 4784 2874 4855 ipsis
2896 4785 3169 4849 cederent,
3201 4792 3258 4842 et

1710 4879 1985 4944 successio
2012 4876 2234 4931 seminis
2260 4877 2377 4945 ejus
2401 4890 2504 4930 una
2531 4890 2653 4929 cum
2682 4877 2831 4945 regni
2862 4878 3057 4931 throno
3082 4877 3256 4933 solve—

1710 4974 1888 5031 retur;
1927 4967 2035 5020 imo
2065 4966 2224 5019 etiam
2256 4968 2369 5035 ipse
2404 4966 2653 5020 Christus
2684 4975 2809 5021 tuus
2843 4968 2968 5020 talia
3010 4967 3078 5021 ab
3120 4967 3255 5037 ipsis

1710 5062 1998 5124 pateretur,
2018 5056 2196 5124 qualia
2220 5055 2369 5123 prius
2390 5069 2668 5109 sermones
2691 5056 2765 5109 tui
2792 5056 2893 5125 ipsi
2919 5055 3097 5109 futura
3120 5070 3254 5125 prc-

1707 5144 2057 5199 nuntiabaut:
2090 5153 2321 5197 attamen
2366 5157 2648 5211 precamur
2682 5158 2750 5198 ne
2793 5146 2843 5197 in
2888 5143 3046 5197 ﬁnem
3080 5160 3252 5215 usque

1709 5233 1988 5294 averteris,
2020 5248 2191 5302 neque
2217 5233 2293 5284 ira
2321 5238 2410 5287 tua
2435 5233 2572 5288 sicut
2604 5234 2743 5304 ignis
2774 5234 3125 5299 accendatur;
3154 5236 3247 5291 sed

1708 5324 2005 5377 recorderis
2045 5338 2165 5391 quas
2220 5323 2522 5379 substantia
2558 5339 2693 5384 mea.
2726 5324 2819 5393 qui
2866 5323 2978 5380 hac
3018 5341 3115 5396 pro
3141 5327 3246 5381 illis

1707 5417 1939 5485 postulo,
1963 5425 2015 5469 et
2036 5430 2155 5485 qua!
2184 5415 2254 5469 sit
2282 5402 2559 5471 hominum
2586 5414 2891 5479 inﬁrmitas,
2917 5420 3007 5488 qui
3041 5426 3244 5475 ntorta-

1707 5505 1808 5559 lem
1836 5513 1886 5558 et
1935 5503 2173 5563 interitui
2225 5504 2512 5559 obnoxiam
2562 5512 2811 5561 naturam
2855 5508 3029 5562 sortiti
3069 5515 3241 5563 sunt:

1704 5595 2005 5652 recorderis
2031 5599 2154 5651 item
2184 5597 2285 5661 tui,
2310 5597 2401 5665 qui
2439 5612 2545 5651 non
2575 5597 2628 5651 in
2663 5613 2855 5653 vanum
2878 5599 3072 5653 creasti
3107 5598 3244 5656 ﬁlios

1703 5686 1998 5755 hominum,
2022 5687 2116 5743 sed
2139 5686 2208 5739 ad
2231 5701 2476 5756 magnam
2501 5703 2648 5757 spem
2671 5704 2835 5759 penes
2857 5697 2910 5745 le
2930 5694 3239 5760 repositam.

1707 5776 2077 5849 Supplicamus
2105 5786 2283 5832 autem
2305 5783 2369 5829 ut
2398 5774 2507 5831 haec
2537 5779 2589 5835 in
2619 5778 2928 5841 memoriam
2959 5793 3235 5847 revocatus,
