3960 6352
720 363 863 424 “13

1352 367 1618 428 EUSEBII
1656 367 2135 433 CESARIENSIS
2160 374 2319 434 DPP.
2360 377 2539 435 PARS
2573 378 2662 440 Ill.
2697 405 2770 426 -ι
2799 377 3210 445 'EXEGETICA.

3781 401 3872 455 tm

717 495 775 541 et
806 489 1075 543 revocatis
1105 496 1373 558 prioribus
1409 492 1563 548 initio
1605 496 1834 566 prolatis
1869 497 1965 551 Dei
2005 498 2235 566 pollicita

2335 515 2343 560 ι
2374 501 2531 554 πάλιν
2557 503 2794 575 ἐντίθησι
2821 506 2881 558 τὸ
2923 507 3212 579 saepe)”,
3246 511 3337 563 καὶ
3386 513 3702 566 ἐναλλάττει
3726 516 3805 584 τὴν
3825 521 3872 568 v3;-

718 574 977 645 tionibus,
1027 581 1098 633 ita
1139 590 1196 634 ut
1246 581 1603 652 diapsalmata
1657 587 1916 641 rationem
1977 588 2262 657 quamdam

718 682 932 724 servem
961 685 1022 724 ac
1079 681 1339 727 mutatam
1389 679 1708 732 sententiam
1757 679 1839 732 vel
1877 695 2159 748 personam
2196 681 2272 734 si-

713 758 988 832 gniﬂcent.
1022 763 1132 817 Hoc
1161 780 1322 834 porro
1370 767 1520 822 dicas
1561 770 1626 824 de
1673 771 1924 824 omnibus
1969 772 2266 839 psalmisin

714 856 909 927 quibus
958 857 1258 926 diapsalma
1311 858 1482 914 fertur
1518 879 1531 915 :
1573 878 1696 916 nam
1742 871 1834 917 aut
1881 880 2124 934 personae
2177 874 2268 920 aut

713 951 995 1003 sententia:
1050 952 1402 1006 mulationem
1455 950 1694 1008 declarat
1739 974 1750 1009 :
1801 957 2092 1027 aliquando
2138 974 2266 1012 vero

711 1038 989 1095 Hebraica'.
1017 1043 1260 1097 melodia:
1291 1048 1698 1102 conversionem
1732 1056 1903 1102 notat.
1934 1051 2124 1119 Aquila
2159 1066 2260 1104 au-

707 1138 815 1185 tem
868 1142 1134 1203 nusQuam
1171 1133 1524 1204 diapsalmate
1568 1140 1770 1208 utitur;
1814 1141 1908 1195 sed
1936 1143 2261 1196 omnibusin

708 1224 844 1280 locis
870 1222 986 1280 vice
1016 1226 1181 1290 illiUS,
1211 1222 1554 1296 interpretari
1579 1232 1729 1296 solet,
1751 1247 1968 1300 semper.
1984 1233 2136 1298 Quod
2167 1250 2264 1287 no-

707 1316 794 1372 bis
821 1317 1180 1386 ignorandum
1210 1333 1320 1372 non
1350 1329 1486 1374 erat.
1518 1321 1574 1374 lu
1611 1323 1703 1374 illo
1736 1330 1913 1378 autem
1950 1323 2116 1378 totius
2148 1339 2263 1378 ser-

705 1405 881 1458 monis
906 1421 1004 1460 ceu
1037 1407 1235 1478 sigillo,
1284 1406 1589 1463 Benedictus
1621 1409 1878 1481 Dominus
1908 1413 1960 1464 in
1988 1422 2255 1478 wternum,

704 1497 822 1565 ﬁat,
853 1498 982 1565 ﬁat;
1031 1500 1328 1554 secundum
1377 1503 1648 1572 Aquilam,
1698 1519 1794 1573 pro
1827 1504 1918 1557 illo
1963 1503 2109 1566 Fiat,
2141 1497 2276 1573 ﬁat,

702 1589 901 1660 legitur
930 1585 1206 1658 Fideliter,
1239 1593 1500 1663 ﬁdeliter;
1545 1596 1842 1650 secundum
1875 1595 2256 1666 Symmachum

701 1696 851 1748 vero,
879 1684 1095 1752 perint“
1138 1694 1296 1757 atque
1320 1686 1375 1740 in
1427 1685 1691 1742 Hebraico
1720 1689 2035 1757 exemplari,
2071 1688 2254 1750 Amen,

700 1788 869 1828 amen.

2367 592 2655 647 δασκαλίαν
2681 595 2900 664 φάσκων
2924 613 2936 624 ·
2965 599 3106 664 Ἕως
3125 602 3286 663 κότε,
3310 604 3503 668 Κύριε,
3526 604 3869 672 uomere;

2370 686 2455 748 εὶς
2487 683 2686 750 τέλος
2716 687 2808 738 καὶ
2837 688 2933 758 τὴν
2963 689 3122 760 εὐχὴν
3145 692 3489 762 ἀναπέμψας,
3526 697 3692 748 πάλιν
3719 697 3782 765 τῷ
3799 700 3856 750 διε

2368 774 2606 844 ψάλματι
2641 777 2838 846 μεταξὺ
2865 780 3143 849 κέχρηται,
3184 783 3276 833 καὶ
3311 784 3550 851 ἐπιλέγει
3579 801 3593 813 ⁸
3629 787 3747 838 Ποῦ
3783 790 3866 839 ὲί-ττ

2368 867 2438 919 τὰ
2485 868 2623 935 eam
2667 886 2781 922 σου
2823 873 2891 924 τὰ
2933 872 3144 939 ἀρχαῖα
3164 915 3182 936 .,
3221 875 3422 941 Eripis;
3464 876 3774 944 μεταϐαλὼν
3808 898 3866 946 τῇ.

2365 959 2598 1012 διάνοιαν
2643 963 2734 1014 καὶ
2781 964 3204 1034 ἀνακαλούμενος
3251 967 3346 1029 τὰς
3389 968 3612 1038 πρώτας
3653 971 3742 1021 τοῦ
3777 973 3866 1023 Θεεζ

2368 1050 2710 1117 ἐπαγγελίας,
2763 1053 2860 1114 τὴ
2910 1055 2964 1104 ἐν
3018 1055 3156 1126 ἀρχῇ
3208 1056 3517 1126 λεχθείσας·
3574 1059 3713 1111 ὥστε
3762 1060 3866 1126 λέγι,

2367 1139 2506 1209 ἔχειν
2535 1142 2656 1194 τινὰ
2697 1144 2789 1194 καὶ
2817 1143 2884 1195 τά
2915 1144 3256 1216 διαψὰλματα
3293 1150 3598 1218 μεταϐολῆς
3627 1151 3865 1216 διανάκὲ

2364 1230 2648 1300 προσώπου
2678 1233 2973 1304 ἐναλλαγῆς
3002 1236 3066 1287 δι’
3093 1237 3266 1289 αὐτῶν
3299 1256 3360 1308 cn;
3371 1243 3719 1310 μαινομένης.
3749 1243 3866 1294 Teia:

2360 1322 2416 1374 δὲ
2447 1323 2537 1374 ἐπὶ
2571 1324 2784 1376 πάντων
2827 1327 2972 1396 ἐρεῖς
3001 1329 3104 1380 τῶν
3140 1329 3360 1398 ψαλμῶν
3393 1335 3449 1383 ἐν
3498 1328 3582 1395 οἷς
3612 1334 3810 1402 φέρεται
3831 1354 3866 1385 τί

2359 1411 2661 1482 διάψαλμα·
2694 1414 2724 1483 ἢ
2761 1415 2867 1485 γάρ
2899 1415 2988 1468 τοῦ
3023 1419 3306 1488 προσώπου
3339 1423 3668 1491 παρίστησιν
3697 1426 3864 1477 Evam-

2359 1504 2462 1573 γὴν
2504 1504 2536 1575 ἢ
2571 1505 2668 1575 τῆς
2709 1507 2978 1571 διανοίας·
3014 1509 3125 1562 ἔστι
3169 1511 3214 1564 δ’
3256 1514 3343 1564 ὅτε
3387 1514 3479 1564 καὶ
3519 1516 3778 1583 μεταβολὴ
3801 1518 3867 1582 τῖες

2357 1597 2496 1650 κατὰ
2537 1597 2597 1649 τὸ
2646 1599 2925 1668 Ἐδραῖκὸν
2972 1600 3248 1671 μελῳδίας.
3300 1603 3362 1654 ’⁷0
3409 1620 3468 1671 γε
3521 1605 3623 1675 μὴν
3702 1605 3864 1663 Δκύὶσς

2355 1685 2589 1755 οὐδαμοῦ
2633 1688 2893 1758 κέχρηται
2929 1687 3007 1758 τῷ
3052 1690 3409 1762 διαψάλματι·
3458 1695 3583 1745 ἀντὶ
3624 1694 3683 1747 δὲ
3725 1695 3864 1747 w'm.

2288 1775 2329 1829 Β
2357 1780 2413 1830 ἐν
2441 1781 2572 1846 πᾶσι
2598 1781 2708 1841 τοῖς
2730 1781 2912 1844 τόποις
2941 1782 3126 1836 εἴωθεν
3151 1785 3464 1855 ἑρμηνεύειν
3493 1786 3576 1848 τὸ,
3600 1787 3711 1840 ἀεί.
3736 1787 3865 1854 Ὀτιιρ

695 1863 860 1934 ἐχρῆν
889 1861 1033 1935 ἡμᾶς
1063 1865 1136 1938 μὴ
1171 1871 1398 1936 αγνοεϊν.
1431 1864 1503 1920 Τὸ
1533 1867 1588 1921 δὲ
1617 1833 2029 1939 ἐπισφράγισμα
2054 1867 2251 1930 παντὸς
2274 1866 2368 1919 τοῦ
2399 1841 2556 1935 λόγου
2587 1869 2668 1932 τὸ,
2689 1833 3031 1940 Dolor-nte;

693 1972 872 2020 νοιτο,
924 1959 1172 2027 γένοιτο,
1226 1961 1366 2014 κατὰ
1412 1961 1511 2031 μὲν
1553 1959 1645 2013 τὸν
1696 1960 1922 2014 Ἀκύλαν
1972 1959 2093 2012 ἀντὶ
2136 1957 2228 2010 τοῦ

2335 1958 2546 2022 horto,
2592 1959 2839 2028 γένοιτο,
2893 1965 3370 2035 Πεπιστωμένως,
3423 1970 3862 2038 nemorum,

694 2049 980 2120 περιέχει·
1049 2052 1187 2105 κατὰ
1246 2051 1302 2105 δέ
1365 2055 1454 2106 τὸν
1514 2051 1803 2123 Σύμμαχον
1831 2092 1845 2116 ,
1913 2052 2111 2123 ὁμοίως
2168 2048 2244 2118 τῷ
2285 2049 2576 2120 Ἐδραῖκῷ,
2611 2051 2785 2120 Ἀμὴν
2811 2053 2907 2106 καί
2940 2055 3120 2124 ἀμήν.

961 2169 1012 2222 l.
1067 2167 1348 2222 LXXXIX.
1374 2167 1631 2224 ORATIO
1670 2169 1942 2226 MOYSIS.

762 2259 1003 2316 γεω-»2.
1043 2261 1280 2328 Domine,
1315 2264 1571 2334 refugium
1602 2264 1773 2332 factus
1805 2282 1858 2319 es
1898 2265 2044 2319 nobis
2071 2267 2126 2318 in
2161 2281 2246 2335 ge-

693 2353 962 2408 neratione
995 2362 1043 2405 et
1077 2356 1427 2424 generatione.
1467 2353 1785 2425 Priusquam
1830 2367 2026 2410 montes
2058 2358 2243 2424 ﬁrma-

692 2456 893 2507 rentur,
926 2454 1018 2498 aut
1066 2445 1384 2513 [armaretur
1429 2457 1569 2500 terra
1597 2458 1646 2500 et
1679 2447 1839 2510 orbis,
1888 2458 1936 2500 et
1991 2465 2022 2500 a
2052 2447 2243 2501 saeculo

690 2554 850 2608 usque
875 2539 929 2590 in
970 2538 1219 2590 sa'culum
1251 2546 1304 2590 tu
1331 2554 1407 2602 es,
1435 2537 1596 2591 Deus.
1637 2538 1730 2593 llis
1773 2539 2064 2594 edocemur
2104 2540 2241 2593 divi-

690 2647 820 2686 num
874 2631 1093 2701 quidem
1139 2628 1350 2684 Numen
1393 2639 1710 2711 perpetuum
1757 2639 1810 2686 et
1857 2629 2241 2700 sempiternum

687 2737 828 2778 esse.
863 2722 996 2776 Nam
1025 2723 1119 2793 qui
1151 2722 1306 2790 dixit,
1331 2722 1467 2777 Deus
1493 2739 1584 2793 ego
1602 2740 1740 2788 sum,
1763 2723 1853 2794 qui
1881 2735 2078 2792 semper
2102 2736 2237 2788 sum,

683 2824 733 2868 et
763 2815 901 2868 idem
932 2831 1069 2879 sum,
1103 2823 1153 2868 et
1185 2814 1240 2867 in
1288 2813 1500 2883 inﬁnita
1533 2814 1729 2869 sucula
1773 2824 2071 2881 permaneo,
2104 2830 2241 2868 nun-

682 2921 850 2976 quam
882 2915 1129 2959 naturam
1159 2911 1333 2957 mutat
1360 2919 1535 2958 suam.
1553 2897 1662 2959 Nos
1683 2915 1882 2969 autem,
1906 2906 1999 2976 qui
2027 2905 2080 2959 in
2111 2914 2241 2960 tem-

683 3013 816 3068 pore
858 2995 926 3051 ad
972 2997 1138 3051 vitam
1166 2995 1497 3060 accedimus,
1540 2995 1797 3051 torrentis
1848 2995 2020 3051 instar
2068 2995 2239 3050 eﬂlui-

595 3117 608 3122 -
681 3103 846 3142 mus:
892 3085 1150 3155 quoniam
1194 3085 1494 3140 secundum
1544 3082 1908 3150 Salomonem,
1962 3084 2238 3157 Generatio

681 3177 935 3240 abscedit,
971 3186 1019 3231 et
1054 3177 1318 3248 generatio
1358 3177 1492 3229 venit
1514 3171 1578 3238 ⁸⁸,
1601 3180 1657 3252 et
1694 3191 1781 3230 res
1815 3174 2062 3229 humanae
2101 3191 2240 3230 nun—

681 3285 846 3339 quam
873 3271 1060 3324 eodem
1091 3269 1146 3322 in
1170 3275 1314 3323 statu
1343 3275 1563 3323 manent
1585 3285 1597 3333 ;
1618 3267 1711 3324 sed
1735 3267 2099 3323 diversimode
2119 3283 2237 3324 mu-

681 3367 890 3416 tantur.
919 3358 1180 3414 Dominus
1203 3371 1402 3425 autem,
1423 3359 1514 3430 qui
1543 3359 1598 3413 in
1629 3359 1857 3429 singulis
1877 3358 2237 3428 generationi-

2679 2169 3045 2224 ΠΡΟΣΕΥΧΗ
3077 2173 3402 2227 ΜΩΥΣΕΩΣ.
3431 2175 3558 2228 ΠΘν.

2421 2263 2615 2326 Κύριε,
2656 2254 2964 2329 καταφυγὴ
3003 2261 3284 2329 ἐτενήθης
3322 2264 3462 2331 ἡμῖν
3499 2266 3573 2316 ὲν
3604 2264 3770 2332 γενεᾷ
3795 2268 3862 2316 κεξ

2350 2349 2538 2419 γενεᾷ.
2589 2349 2708 2419 Πρὸ
2751 2351 2854 2404 τοῦ
2887 2352 2989 2419 ὄρη
3019 2352 3372 2420 ἑδρασθῆναι
3421 2355 3522 2407 καί
3567 2356 3862 2422 alarming

2349 2438 2462 2507 τὴν
2491 2438 2603 2510 γῆν
2629 2439 2726 2492 καὶ
2750 2441 2863 2508 τὴν
2887 2441 3258 2510 οἰκουμένην,
3293 2443 3386 2496 καί
3417 2443 3538 2497 ἀπὸ
3567 2445 3673 2498 τοῦ
3694 2445 3863 2497 aitEn-cr

2347 2530 2454 2596 ἕως
2477 2531 2579 2586 τοῦ
2604 2532 2814 2597 αἰῶνος
2836 2532 2916 2585 σὺ
2944 2532 3015 2595 εἷ,
3044 2537 3076 2586 ό
3107 2535 3267 2599 Θεός.
3291 2534 3474 2604 Δόγμα
3499 2536 3738 2589 παιδεύει
3753 2539 3778 2586 ὁ
3800 2537 3859 2586 λό-

2347 2639 2462 2692 γος,
2490 2625 2750 2678 διδάσκων
2773 2623 2832 2676 τὸ
2866 2624 2963 2694 μὲν
2984 2614 3134 2678 Θεϊον
3164 2625 3377 2698 διαρκὲς
3406 2625 3674 2699 ὑπάρχειν
3697 2630 3778 2681 καὶ
3803 2627 3864 2679 1’:-

2344 2713 2474 2766 διον.
2498 2713 2554 2766 '0
2581 2712 2688 2784 γὰρ
2714 2712 2900 2775 εἰπὼν,
2929 2713 3070 2779 Θεὸς
3093 2713 3204 2782 ἐγώ
3227 2717 3342 2783 εἰμι
3371 2719 3403 2769 ό
3425 2715 3529 2781 ὢν,
3558 2717 3648 2770 ἀεὶ
3681 2716 3772 2779 ὢν,
3792 2733 3861 2768 zu:

2345 2806 2378 2856 ὀ
2404 2803 2584 2869 αὐτὸς
2617 2803 2718 2867 ὢν,
2753 2802 2846 2856 καί
2884 2805 2970 2869 εἰς
2998 2804 3137 2870 τοὺς
3157 2805 3436 2873 ἀπείρους
3461 2806 3682 2873 αἰῶνας
3705 2809 3861 2875 διαμέ-

2343 2911 2482 2960 νων,
2531 2893 2724 2948 οὔποτε
2770 2893 3086 2964 μεταϐάλλει
3124 2896 3223 2966 τὴν
3267 2896 3429 2950 αὐτοῦ
3475 2897 3661 2966 φύσιν.
3713 2900 3860 2965 Ἡμεῖς
3930 2931 3931 2946 χ

2341 2984 2416 3048 δὲ,
2452 2983 2592 3038 κατὰ
2625 2986 2846 3055 καιροὺς
2887 2984 3171 3055 παριόντες
3199 2985 3278 3047 είς
3307 2986 3396 3039 τὸν
3433 2986 3574 3056 βίον,
3601 2991 3859 3060 χειμάρῲα

2342 3076 2539 3146 τρόπον
2577 3076 2918 3149 ἀπορρέομεν
2937 3092 2949 3104 ·
2992 3076 3114 3127 ἐπεὶ
3141 3075 3233 3128 καὶ
3282 3075 3422 3129 κατά
3461 3077 3557 3130 τὸν
3589 3079 3856 3148 Σολομῶνα.

2341 3170 2528 3224 Γενεὰ
2553 3171 2880 3238 πορεύεται,
2927 3170 3026 3222 καί
3068 3169 3240 3236 γενεὰ
3285 3169 3536 3238 ἔρχεται,
3567 3171 3664 3224 καὶ
3693 3173 3756 3224 τά
3790 3173 3858 3222 ἁν-

2341 3260 2585 3332 θρώπινα
2611 3261 2910 3332 πράγματα
2939 3261 2996 3313 δέ
3035 3261 3153 3314 οὐδὲ
3184 3262 3396 3314 πώποτε
3419 3263 3477 3315 ἐν
3501 3263 3686 3333 ταύτῷ
3719 3264 3855 3333 μένει.

2339 3352 2523 3408 ἄλλοτε
2574 3352 2618 3405 δ’
2668 3352 2840 3415 ἄλλως
2891 3350 3228 3422 μεταϐάλλει.
3278 3353 3336 3406 '0
3385 3352 3443 3406 δέ
3490 3353 3720 3424 διαρκὴς
3764 3356 3857 3406 καῖ

681 3451 784 3507 bus
823 3460 1024 3516 manet,
1059 3451 1115 3506 in
1153 3467 1211 3507 se
1251 3452 1585 3522 sperantium
1613 3451 1880 3521 refugium
1925 3449 2099 3505 factus
2130 3457 2233 3506 est.

2337 3447 2569 3516 ἑκάστην
2611 3445 2801 3516 γενεὰν
2838 3447 3039 3516 Κύριος
3079 3447 3185 3500 τῶν
3227 3449 3306 3510 είς
3354 3447 3511 3501 αὑτὸν
3562 3449 3855 3511 ἐλπιζόντων

679 3543 810 3598 Nam
843 3554 967 3600 ante
993 3543 1254 3598 diluvium
1294 3541 1499 3606 Enoch,
1529 3550 1584 3596 et
1606 3541 1651 3596 si
1679 3542 1803 3612 quis
1833 3539 1972 3596 alius
1991 3540 2233 3611 ejusdem

676 3635 1064 3709 generationis,
1101 3636 1155 3690 in
1191 3633 1459 3704 refugium
1492 3633 1670 3703 ipsum
1715 3631 1904 3686 habuit
1929 3648 1943 3684 :
1973 3641 2232 3703 pereunte

675 3735 857 3781 autem
891 3725 947 3779 in
980 3724 1183 3779 diluvio
1225 3723 1504 3778 hominum
1533 3733 1748 3791 genere,
1793 3735 1983 3776 rursus
2011 3719 2122 3775 Noe
2152 3720 2233 3789 ip-

676 3832 797 3871 sum
825 3824 879 3871 et
920 3831 1027 3870 non
1065 3815 1231 3869 alium
1278 3815 1332 3868 in
1365 3813 1634 3883 refugium
1664 3812 1919 3867 obtinuit.
1953 3810 2020 3865 Et
2041 3819 2230 3882 postea

673 3909 774 3964 Lot
805 3926 868 3964 ex
901 3907 1722 3977 Sodomitarum'generatione;
1760 3905 2052 3970 Abraham,
2081 3903 2230 3958 lsaac

671 4011 726 4056 et
756 4000 946 4066 Iacob,
983 3999 1182 4070 singuli
1235 4000 1290 4052 in
1330 4014 1457 4062 sua;
1494 3997 1600 4052 imo
1630 3997 1791 4051 etiam
1820 3993 2019 4064 Ioseph
2060 3997 2114 4048 in
2136 4010 2228 4065 ge-

670 4095 956 4149 neratione
995 4107 1113 4155 sua,
1144 4106 1207 4144 ac
1239 4089 1449 4162 Moyses
1478 4106 1694 4145 rursum
1735 4090 1789 4143 in
1821 4089 1924 4142 alia
1949 4107 1964 4156 ;
1988 4089 2042 4142 in
2077 4104 2222 4142 sum-

669 4202 757 4241 tua
785 4201 879 4255 per
913 4184 1159 4255 singulas
1192 4183 1591 4252 generationes,
1625 4179 1932 4244 Dominum,
1963 4179 2056 4248 qui
2084 4193 2225 4234 sem-

670 4291 768 4348 per
793 4282 897 4338 est,
930 4274 985 4327 in
1033 4272 1300 4342 refugium
1334 4271 1640 4326 habuerunt
1683 4271 1775 4339 qui
1807 4270 1860 4323 in
1893 4271 2009 4339 ipso
2042 4282 2226 4340 spera-

667 4375 814 4423 runt.
841 4365 936 4422 Bis
971 4381 1133 4436 porro
1165 4381 1264 4419 nos
1312 4362 1594 4432 Scriptura
1630 4361 1902 4424 hortatur,
1952 4367 2012 4413 ut
2055 4374 2123 4414 ne
2167 4361 2222 4413 in

666 4459 836 4515 alium
898 4473 1061 4528 quam
1115 4455 1167 4510 in
1227 4454 1396 4510 Deum
1456 4467 1777 4524 speremus;
1829 4450 1922 4506 sed
1973 4453 2027 4505 in
2077 4452 2223 4506 Omni

665 4561 931 4622 tempore,
972 4551 1027 4604 in
1075 4549 1305 4620 singulis
1342 4547 1536 4603 diebus
1586 4554 1642 4600 et
1677 4543 1850 4608 horis,
1891 4545 1946 4597 in
1994 4544 2222 4612 singulis

665 4642 794 4694 item
824 4640 1150 4705 actionibus,
1172 4640 1514 4708 maximeque
1543 4637 1598 4692 in
1628 4645 1872 4706 tempore
1897 4635 2221 4691 calamitatis

667 4733 737 4787 ad
771 4734 946 4802 ipsum
995 4732 1394 4802 confugiamus.
1448 4729 1514 4783 Et
1562 4729 1819 4800 quoniam
1876 4728 1970 4798 qui
2022 4727 2220 4798 frigore

665 4835 953 4888 vexantur,
995 4831 1344 4893 legumento;
1394 4823 1485 4892 qui
1523 4822 1576 4875 in
1625 4821 1760 4874 mari
1808 4820 2218 4890 tempestatibus

657 4919 958 4990 laetantur,
1009 4923 1208 4986 portu;
1261 4914 1354 4984 qui
1415 4913 1485 4967 ab
1545 4913 1781 4968 inimicis
1837 4921 1891 4967 et
1946 4912 2214 4974 hostibus,

661 5021 752 5065 aut
781 5026 809 5064 a
833 5010 965 5066 feris
987 5005 1294 5078 agrestibus
1329 5005 1622 5074 pelluntur,
1661 5004 1829 5059 muris
1856 5003 1922 5057 ad
1949 5003 2212 5073 refugium

659 5119 798 5173 opus
825 5102 1058 5166 habent;
1090 5113 1211 5152 cum
1238 5097 1320 5152 bis
1352 5107 1531 5150 autem
1571 5095 1826 5150 omnibus
1860 5096 2020 5150 homo
2048 5095 2140 5149 Dei
2159 5097 2211 5149 in

661 5193 912 5264 presenti
945 5193 1053 5246 vita
1091 5195 1400 5245 concertat:
1439 5187 1748 5242 necessario
1783 5189 2006 5242 docetur
2033 5196 2092 5242 ut
2123 5205 2207 5241 re-

662 5287 888 5355 fugium,
914 5294 1490 5353 murum,portumque
1510 5279 1745 5334 salutare
1775 5279 1875 5334 sibi
1908 5288 2056 5350 putet
2088 5295 2208 5334 esse

662 5377 981 5441 Dominum;
1018 5385 1076 5428 ut
1104 5377 1217 5430 sive
1250 5371 1644 5445 persecutionis
1669 5381 1906 5441 tempore
1937 5373 2006 5426 ab
2029 5371 2206 5426 inimi-

667 5470 739 5524 zis
768 5467 1061 5538 pellamur,
1093 5468 1206 5522 sive
1251 5467 1318 5520 ab
1366 5465 1727 5521 invisibilibus
1755 5464 2000 5519 hostibus
2036 5479 2206 5532 Oppu-

658 5576 906 5631 gnemur,
940 5560 1054 5614 sive
1088 5559 1360 5614 hominum
1391 5560 1443 5612 in
1479 5575 1579 5614 nos
1614 5559 2041 5626 conspirantium
2076 5556 2206 5610 insi-

659 5653 765 5706 diis
801 5660 1091 5714 tentemur,
1119 5652 1401 5721 vigilanter
1439 5652 1505 5706 ad
1543 5650 1825 5705 Dominum
1875 5659 2115 5704 nostrum
2152 5656 2202 5700 et

658 5742 826 5799 Deum
851 5743 1245 5812 confugiamus,
1288 5744 1378 5814 qui
1419 5745 1469 5798 in
1501 5744 1843 5814 generatione
1894 5752 1944 5796 et
1975 5756 2194 5810 genera-

732 5834 776 5864 ⁸⁸
819 5836 961 5889 Eccl.
997 5850 1045 5899 ι,
1081 5834 1128 5888 4.

2334 3538 2619 3609 καταφυγὴ
2667 3539 2896 3607 γίνεται.
2944 3538 3055 3610 Πρδ
3097 3539 3196 3610 μὲν
3232 3539 3339 3611 γάρ
3369 3540 3472 3594 θεοῦ
3505 3541 3851 3611 κατακλπμιζ

2345 3629 2532 3699 Ἑνὼχ,
2561 3630 2654 3683 καὶ
2679 3631 2730 3682 εί
2749 3646 2834 3693 τις
2862 3628 3018 3692 ἄλλος
3050 3629 3149 3699 τῆς
3180 3630 3297 3682 τότε
3332 3633 3542 3699 γενεᾶς,
3567 3635 3854 3700 καταφυγὴ

2329 3721 2488 3774 αὐτὸν
2529 3721 2788 3791 ἔσχηκεν·
2815 3720 3181 3791 ἀπολλυμένου
3223 3722 3282 3774 δὲ
3317 3722 3410 3775 τοῦ
3455 3725 3565 3777 τῶν
3588 3725 3851 3795 ἀνθρώπια

2327 3813 2516 3880 γένους
2546 3814 2603 3864 ἐν
2646 3811 2723 3881 τῷ
2768 3811 3151 3882 κατακλυσμῷ,
3197 3813 3356 3865 πάλιν
3399 3814 3518 3866 Νῶε
3566 3821 3850 3884 καταφυγὴ·

2327 3904 2507 3971 αὑτὸν,
2531 3904 2644 3958 ἀλλ’
2670 3903 2729 3956 οὗ
2750 3918 2868 3957 τινα
2891 3905 3073 3975 ἕτερον
3101 3904 3381 3974 ἐκτήσατο.
3415 3906 3521 3957 Καὶ
3554 3906 3692 3974 μετά
3713 3905 3850 3957 ταῦτε

2327 3998 2485 4051 πάλιν
2522 3998 2550 4050 6
2584 3996 2714 4050 Λὼτ
2745 3999 2808 4050 ἐκ
2842 3996 2941 4067 τῆς
2971 3997 3266 4067 Σοδομιτῶν
3307 3999 3515 4065 γενεᾶς,
3557 3999 3790 4068 Ἁϐραάμ
3807 4015 3848 4047 τε

2326 4092 2418 4142 καὶ
2459 4089 2642 4143 Ἰσαὰκ
2693 4090 2787 4142 καὶ
2829 4088 3042 4152 Ἰακὼϐ,
3092 4091 3183 4142 ἐπὶ
3228 4089 3329 4159 τῆς
3371 4090 3579 4142 ἑαυτῶν
3619 4091 3843 4149 ἕκαστος·

2323 4180 2384 4232 οὐ
2415 4182 2519 4250 μὴν
2552 4180 2685 4234 ἀλλά
2726 4182 2820 4234 καὶ
2858 4182 3050 4252 Ἰωσὴφ
3069 4182 3162 4234 ἐπὶ
3189 4183 3287 4252 τῆς
3315 4183 3434 4234 κατ’
3473 4182 3634 4236 αὑτὸν
3667 4186 3845 4251 γενείέ.

2324 4267 2414 4322 καὶ
2445 4270 2682 4341 Μωῡσῆς
2706 4271 2864 4325 πάλιν
2896 4272 2996 4354 ἐπ).δ
3015 4272 3211 4342 ἄλλης·
3258 4275 3351 4326 καὶ
3392 4274 3722 4339 ἁπαξαπλῶς
3751 4276 3844 4328 καθ’

2323 4359 2554 4428 ἐκαστην
2578 4362 2766 4428 γενεὰν
2792 4363 2879 4415 τὸν
2901 4364 2985 4415 ἀεὶ
3006 4364 3132 4416 ὅντα
3155 4364 3354 4435 Κύριον
3380 4368 3695 4437 καταφυγὴν
3719 4371 3846 4436 ἐσχή-

2321 4465 2475 4502 κασιν
2504 4451 2550 4502 οἱ
2580 4451 2660 4514 είς
2697 4453 2854 4504 αὑτὸν
2884 4454 3187 4523 ἠλπικότες.
3219 4456 3519 4528 Προτρέπει
3555 4458 3615 4511 δέ
3643 4460 3726 4512 διὰ
3747 4460 3842 4511 τοία
3928 4519 3929 4522 η

2319 4559 2426 4595 των
2481 4543 2574 4597 καὶ
2623 4545 2768 4614 ἡμᾶς
2813 4547 2842 4597 ό
2881 4545 3034 4614 λόγος
3090 4547 3163 4617 μὴ
3202 4547 3294 4598 ἐπί
3340 4565 3463 4602 τινα
3497 4551 3683 4620 ἓτερον
3725 4553 3844 4619 παρὰ

2318 4634 2409 4688 τὸν
2437 4633 2566 4688 Θεὸν
2591 4635 2850 4700 ἐλπίζειν,
2887 4638 3050 4690 παντὶ
3091 4637 3147 4691 δὲ
3191 4638 3363 4709 καιρῷ
3388 4639 3479 4692 καὶ
3516 4641 3699 4713 ἡμέρα
3725 4645 3842 4706 πάσῃ

2319 4726 2412 4778 καὶ
2477 4726 2752 4798 ὥρᾳ,ιέν
2818 4727 3019 4799 ἑκάστῃ
3086 4745 3142 4782 τε
3204 4731 3424 4801 πράξει,
3491 4732 3586 4784 καὶ
3645 4735 3841 4802 palm;

2251 4800 2293 4854 D
2321 4818 2377 4868 ἐν
2413 4821 2523 4882 τοῖς
2567 4823 2968 4890 περιστατικοῖς
3017 4800 3258 4892 καιροῖς,
3296 4822 3382 4875 ἐπ’
3425 4824 3588 4877 αὑτὸν
3632 4800 3840 4892 καταει-

2321 4914 2456 4977 γεῖν.
2507 4913 2614 4965 Καὶ
2657 4912 2950 4984 ἐπειδήπερ
2994 4914 3041 4966 οἱ
3085 4915 3181 4983 μὲν
3226 4915 3608 4984 χειμαζόμενοι
3656 4921 3838 4984 στέγης.

2320 5002 2366 5054 oi
2418 5003 2472 5056 δέ
2531 5004 2671 5057 κατὰ
2731 5005 2826 5076 τὴν
2880 5005 3149 5058 θάλασσαν
3212 5006 3658 5078 κλυδωνιζόμενοι
3718 5011 3838 5079 inpi-

2318 5113 2423 5160 νος,
2470 5097 2518 5150 οί
2575 5098 2632 5149 δέ
2680 5098 2783 5150 ὑπὸ
2807 5098 3012 5170 ἐχθρῶν
3070 5098 3162 5150 καὶ
3215 5097 3486 5166 πολεμίων
3537 5101 3569 5171 ἢ
3631 5104 3720 5153 καὶ
3767 5102 3839 5166 Θῃ-

2318 5188 2424 5256 ρῶν
2454 5189 2656 5260 ἀγρίων
2677 5190 3011 5260 διωκόμενοι,
3043 5188 3248 5257 τείχους
3273 5191 3348 5251 είς
3381 5194 3699 5264 καταφυγὴν
3725 5192 3838 5245 δέω-

2311 5297 2426 5333 ταιο
2457 5284 2588 5335 πᾶσι
2621 5283 2675 5335 δέ
2699 5287 2902 5345 τούτοις
2932 5285 2962 5334 ό
2996 5279 3087 5333 τοῦ
3117 5281 3249 5335 Θεοῦ
3280 5281 3560 5354 ἄνθρωπος
3596 5285 3734 5337 κατὰ
3774 5285 3837 5334 τὶν

2314 5376 2550 5446 παρόντα
2584 5375 2695 5446 βίον
2734 5375 2975 5429 παλαίει·
3015 5374 3319 5442 ἀναγκαίως
3360 5375 3672 5429 διδάσκεται
3699 5391 3836 5430 κατα-

2312 5467 2484 5537 φυγὴν
2517 5469 2705 5520 ἐαυτοῦ
2739 5469 2830 5522 καὶ
2861 5471 3054 5538 τεῖχος,
3096 5467 3283 5538 λιμένα
3316 5486 3372 5521 τε
3407 5471 3674 5541 σωτήριον
3719 5471 3831 5539 ἡγεῖ-

2313 5559 2431 5612 σθαι
2459 5560 2549 5612 τὸν
2583 5559 2770 5612 ἐαυτοῦ
2794 5561 2991 5630 Κύριον
3011 5575 3023 5588 ·
3058 5561 3143 5623 ἵν’,
3177 5561 3283 5612 εἴτε
3306 5561 3364 5611 ἐν
3389 5566 3598 5631 καιροῖς
3615 5560 3828 5628 δίωγμά,-

2310 5650 2398 5700 ὺπ⁸
2432 5650 2635 5720 ἐχθρῶν
2665 5650 3024 5721 ἐλαυνὼμεθα,
3060 5651 3166 5704 εἴτε
3196 5651 3300 5702 ὑπὸ
3321 5652 3566 5721 ἀοράτων
3597 5652 3828 5719 πολεμίω.

2307 5741 2701 5812 πολεμούμεθα,
2731 5744 2836 5796 εἴτε
2874 5744 2975 5795 ὑπὸ
2999 5743 3100 5795 τῶν
3137 5740 3562 5804 συσκευάζεσθαι
3582 5747 3720 5814 ἡμᾶς
3743 5759 3826 5793 1:5:
