  <div class='ocr_page' id='page_1' title='image "/cluster/home/n/w/nwhite01/storage/ocr_20150623/23/pst.000005712076/570.png"; bbox 0 0 3960 6352; ppageno 0'>
   <div class='ocr_carea' id='block_1_1' title="bbox 52 365 238 423">
    <p class='ocr_par' dir='ltr' id='par_1_1' title="bbox 52 365 238 423">
     <span class='ocr_line' id='line_1_1' title="bbox 52 365 238 423; baseline 0.016 -3"><span class='ocrx_word' id='word_1_1' title='bbox 52 365 238 423; x_wconf 65' lang='grc'><strong>(125</strong></span> 
     </span>
    </p>
   </div>
   <div class='ocr_carea' id='block_1_2' title="bbox 1231 377 2200 434">
    <p class='ocr_par' dir='ltr' id='par_1_2' title="bbox 1231 377 2200 434">
     <span class='ocr_line' id='line_1_2' title="bbox 1231 377 2200 434; baseline -0.001 0"><span class='ocrx_word' id='word_1_2' title='bbox 1231 377 1726 434; x_wconf 73' lang='lat' dir='ltr'><strong>COMMENTARIA</strong></span> <span class='ocrx_word' id='word_1_3' title='bbox 1767 377 1829 431; x_wconf 82' lang='grc' dir='ltr'><strong>ΙΝ</strong></span> <span class='ocrx_word' id='word_1_4' title='bbox 1868 377 2200 433; x_wconf 74' lang='lat' dir='ltr'><strong>PSALMOS.</strong></span> 
     </span>
    </p>
   </div>
   <div class='ocr_carea' id='block_1_3' title="bbox 3171 385 3308 439">
    <p class='ocr_par' dir='ltr' id='par_1_3' title="bbox 3171 385 3308 439">
     <span class='ocr_line' id='line_1_3' title="bbox 3171 385 3308 439; baseline 0 0"><span class='ocrx_word' id='word_1_5' title='bbox 3171 385 3308 439; x_wconf 69' lang='grc' dir='ltr'><strong>ΗΞίί</strong></span> 
     </span>
    </p>
   </div>
   <div class='ocr_carea' id='block_1_4' title="bbox 44 475 1639 564">
    <p class='ocr_par' dir='ltr' id='par_1_4' title="bbox 44 475 1639 559">
     <span class='ocr_line' id='line_1_4' title="bbox 44 475 1639 559; baseline 0.003 -22"><span class='ocrx_word' id='word_1_6' title='bbox 44 480 361 550; x_wconf 69' lang='grc' dir='ltr'>ρωμένων</span> <span class='ocrx_word' id='word_1_7' title='bbox 391 475 882 555; x_wconf 75' lang='grc' dir='ltr'>ἐπιδουλευοίμεθα,</span> <span class='ocrx_word' id='word_1_8' title='bbox 919 489 1190 558; x_wconf 83' lang='grc' dir='ltr'>νηφόντως</span> <span class='ocrx_word' id='word_1_9' title='bbox 1228 492 1320 542; x_wconf 79' lang='grc' dir='ltr'>ἐπὶ</span> <span class='ocrx_word' id='word_1_10' title='bbox 1344 492 1430 543; x_wconf 76' lang='grc' dir='ltr'>τὸν</span> <span class='ocrx_word' id='word_1_11' title='bbox 1457 491 1639 559; x_wconf 63' lang='grc' dir='ltr'><strong>ΚύριεῚ</strong></span> 
     </span>
    </p>
   </div>
   <div class='ocr_carea' id='block_1_5' title="bbox 1741 475 3309 564">
    <p class='ocr_par' dir='ltr' id='par_1_5' title="bbox 1757 489 3309 564">
     <span class='ocr_line' id='line_1_5' title="bbox 1757 489 3309 564; baseline 0.007 -23"><span class='ocrx_word' id='word_1_12' title='bbox 1757 490 1902 544; x_wconf 89' lang='lat' dir='ltr'><strong>tione</strong></span> <span class='ocrx_word' id='word_1_13' title='bbox 1926 489 2288 543; x_wconf 71' lang='lat' dir='ltr'><strong>invocantium</strong></span> <span class='ocrx_word' id='word_1_14' title='bbox 2321 505 2379 544; x_wconf 87' lang='lat' dir='ltr'><strong>se</strong></span> <span class='ocrx_word' id='word_1_15' title='bbox 2416 499 2783 561; x_wconf 74' lang='lat' dir='ltr'><strong>propugnator</strong></span> <span class='ocrx_word' id='word_1_16' title='bbox 2809 500 2862 548; x_wconf 88' lang='lat' dir='ltr'><strong>et</strong></span> <span class='ocrx_word' id='word_1_17' title='bbox 2907 509 2958 564; x_wconf 88' lang='lat' dir='ltr'><strong>pl</strong></span> <span class='ocrx_word' id='word_1_18' title='bbox 2972 496 3177 549; x_wconf 74' lang='lat' dir='ltr'><strong>oteaor</strong></span> <span class='ocrx_word' id='word_1_19' title='bbox 3205 506 3309 552; x_wconf 86' lang='lat' dir='ltr'><strong>est.</strong></span> 
     </span>
    </p>
   </div>
   <div class='ocr_carea' id='block_1_6' title="bbox 44 573 1654 650">
    <p class='ocr_par' dir='ltr' id='par_1_6' title="bbox 44 573 1654 650">
     <span class='ocr_line' id='line_1_6' title="bbox 44 573 1654 650; baseline 0.005 -24"><span class='ocrx_word' id='word_1_20' title='bbox 44 573 233 643; x_wconf 69' lang='grc' dir='ltr'>ἡμῶν</span> <span class='ocrx_word' id='word_1_21' title='bbox 289 577 391 630; x_wconf 70' lang='grc' dir='ltr'>καὶ</span> <span class='ocrx_word' id='word_1_22' title='bbox 418 577 509 630; x_wconf 76' lang='grc' dir='ltr'><strong>τὸν</strong></span> <span class='ocrx_word' id='word_1_23' title='bbox 547 578 676 631; x_wconf 82' lang='grc' dir='ltr'><strong>Θεὸν</strong></span> <span class='ocrx_word' id='word_1_24' title='bbox 713 577 1135 650; x_wconf 77' lang='grc' dir='ltr'>καταφύγωμεν,</span> <span class='ocrx_word' id='word_1_25' title='bbox 1165 581 1254 634; x_wconf 79' lang='grc' dir='ltr'>τὸν</span> <span class='ocrx_word' id='word_1_26' title='bbox 1297 583 1435 636; x_wconf 82' lang='grc' dir='ltr'>κατὰ</span> <span class='ocrx_word' id='word_1_27' title='bbox 1467 583 1654 650; x_wconf 85' lang='grc' dir='ltr'>γενεὰν</span> 
     </span>
    </p>
   </div>
   <div class='ocr_carea' id='block_1_7' title="bbox 44 668 1656 742">
    <p class='ocr_par' dir='ltr' id='par_1_7' title="bbox 44 668 1656 742">
     <span class='ocr_line' id='line_1_7' title="bbox 44 668 1656 742; baseline 0.007 -26"><span class='ocrx_word' id='word_1_28' title='bbox 44 668 152 718; x_wconf 72' lang='grc' dir='ltr'><strong>καὶ</strong></span> <span class='ocrx_word' id='word_1_29' title='bbox 179 670 402 735; x_wconf 76' lang='grc' dir='ltr'>γενεὰν</span> <span class='ocrx_word' id='word_1_30' title='bbox 428 670 739 741; x_wconf 82' lang='grc' dir='ltr'>ύπέρμαχον</span> <span class='ocrx_word' id='word_1_31' title='bbox 774 671 1083 740; x_wconf 80' lang='grc' dir='ltr'>γιγνόμενον</span> <span class='ocrx_word' id='word_1_32' title='bbox 1114 675 1204 724; x_wconf 77' lang='grc' dir='ltr'>καὶ</span> <span class='ocrx_word' id='word_1_33' title='bbox 1247 673 1656 742; x_wconf 82' lang='grc' dir='ltr'>ὺπερασπιστὴν</span> 
     </span>
    </p>
   </div>
   <div class='ocr_carea' id='block_1_8' title="bbox 44 758 1656 833">
    <p class='ocr_par' dir='ltr' id='par_1_8' title="bbox 44 758 1656 833">
     <span class='ocr_line' id='line_1_8' title="bbox 44 758 1656 833; baseline 0.006 -26"><span class='ocrx_word' id='word_1_34' title='bbox 44 758 166 809; x_wconf 79' lang='grc' dir='ltr'><strong>τῶν</strong></span> <span class='ocrx_word' id='word_1_35' title='bbox 213 760 677 829; x_wconf 76' lang='grc' dir='ltr'><strong>ἐπικαλουμένων</strong></span> <span class='ocrx_word' id='word_1_36' title='bbox 713 760 892 814; x_wconf 76' lang='grc' dir='ltr'>αὐτόν.</span> <span class='ocrx_word' id='word_1_37' title='bbox 930 760 1072 813; x_wconf 73' lang='grc' dir='ltr'><strong>Ἂντί⁵</strong></span> <span class='ocrx_word' id='word_1_38' title='bbox 1109 761 1163 812; x_wconf 84' lang='grc' dir='ltr'>δὲ</span> <span class='ocrx_word' id='word_1_39' title='bbox 1197 762 1310 825; x_wconf 82' lang='grc' dir='ltr'>τοῦ,</span> <span class='ocrx_word' id='word_1_40' title='bbox 1355 765 1448 816; x_wconf 84' lang='grc' dir='ltr'><em>Ἐν</em></span> <span class='ocrx_word' id='word_1_41' title='bbox 1484 763 1656 833; x_wconf 81' lang='grc' dir='ltr'><strong>γενεᾷ</strong></span> 
     </span>
    </p>
   </div>
   <div class='ocr_carea' id='block_1_9' title="bbox 44 851 1651 922">
    <p class='ocr_par' dir='ltr' id='par_1_9' title="bbox 44 851 1651 922">
     <span class='ocr_line' id='line_1_9' title="bbox 44 851 1651 922; baseline 0.003 -19"><span class='ocrx_word' id='word_1_42' title='bbox 44 852 155 904; x_wconf 69' lang='grc' dir='ltr'><strong>καὶ</strong></span> <span class='ocrx_word' id='word_1_43' title='bbox 196 851 418 919; x_wconf 66' lang='grc' dir='ltr'>γενεᾷ,</span> <span class='ocrx_word' id='word_1_44' title='bbox 448 852 771 922; x_wconf 80' lang='grc' dir='ltr'>σαφέστερον</span> <span class='ocrx_word' id='word_1_45' title='bbox 803 853 830 904; x_wconf 85' lang='grc' dir='ltr'>ὁ</span> <span class='ocrx_word' id='word_1_46' title='bbox 856 853 1147 922; x_wconf 80' lang='grc' dir='ltr'><strong>Σύμμαχος</strong></span> <span class='ocrx_word' id='word_1_47' title='bbox 1177 854 1430 919; x_wconf 77' lang='grc' dir='ltr'><strong>ἐξέδωκεν</strong></span> <span class='ocrx_word' id='word_1_48' title='bbox 1466 857 1651 922; x_wconf 84' lang='grc' dir='ltr'>εἰπὼν,</span> 
     </span>
    </p>
   </div>
   <div class='ocr_carea' id='block_1_10' title="bbox 45 942 1656 1014">
    <p class='ocr_par' dir='ltr' id='par_1_10' title="bbox 45 942 1656 1014">
     <span class='ocr_line' id='line_1_10' title="bbox 45 942 1656 1014; baseline 0.002 -20"><span class='ocrx_word' id='word_1_49' title='bbox 45 942 171 994; x_wconf 75' lang='grc' dir='ltr'><em>Ἐν</em></span> <span class='ocrx_word' id='word_1_50' title='bbox 206 943 456 1012; x_wconf 73' lang='grc' dir='ltr'>ἑκάστῃ</span> <span class='ocrx_word' id='word_1_51' title='bbox 490 942 660 1011; x_wconf 74' lang='grc' dir='ltr'><em>γενεᾷ</em></span> <span class='ocrx_word' id='word_1_52' title='bbox 680 959 691 972; x_wconf 73' lang='grc'><strong>⁸</strong></span> <span class='ocrx_word' id='word_1_53' title='bbox 722 945 813 995; x_wconf 74' lang='grc' dir='ltr'><strong>καὶ</strong></span> <span class='ocrx_word' id='word_1_54' title='bbox 846 945 1037 997; x_wconf 81' lang='grc' dir='ltr'>πάλιν’</span> <span class='ocrx_word' id='word_1_55' title='bbox 1071 945 1188 1013; x_wconf 82' lang='grc' dir='ltr'><strong>Πρό</strong></span> <span class='ocrx_word' id='word_1_56' title='bbox 1216 945 1320 998; x_wconf 87' lang='grc' dir='ltr'>τοῦ</span> <span class='ocrx_word' id='word_1_57' title='bbox 1347 945 1451 1013; x_wconf 81' lang='grc' dir='ltr'>ὄρη</span> <span class='ocrx_word' id='word_1_58' title='bbox 1489 964 1656 1014; x_wconf 68' lang='grc' dir='ltr'>γενη-</span> 
     </span>
    </p>
   </div>
   <div class='ocr_carea' id='block_1_11' title="bbox 44 1032 1651 1104">
    <p class='ocr_par' dir='ltr' id='par_1_11' title="bbox 44 1032 1651 1104">
     <span class='ocr_line' id='line_1_11' title="bbox 44 1032 1651 1104; baseline 0.002 -21"><span class='ocrx_word' id='word_1_59' title='bbox 44 1033 253 1100; x_wconf 68' lang='grc' dir='ltr'>θῆναι</span> <span class='ocrx_word' id='word_1_60' title='bbox 303 1033 402 1086; x_wconf 81' lang='grc' dir='ltr'><strong>καὶ</strong></span> <span class='ocrx_word' id='word_1_61' title='bbox 448 1032 790 1100; x_wconf 67' lang='grc' dir='ltr'><strong>πὶὶασθῆναι</strong></span> <span class='ocrx_word' id='word_1_62' title='bbox 830 1034 943 1102; x_wconf 83' lang='grc' dir='ltr'><strong>τὴν</strong></span> <span class='ocrx_word' id='word_1_63' title='bbox 984 1032 1096 1103; x_wconf 72' lang='grc' dir='ltr'>γῆν</span> <span class='ocrx_word' id='word_1_64' title='bbox 1141 1037 1235 1088; x_wconf 79' lang='grc' dir='ltr'><strong>καί</strong></span> <span class='ocrx_word' id='word_1_65' title='bbox 1279 1038 1651 1104; x_wconf 76' lang='grc' dir='ltr'><strong>οἰκουμένην,</strong></span> 
     </span>
    </p>
   </div>
   <div class='ocr_carea' id='block_1_12' title="bbox 44 1121 1656 1194">
    <p class='ocr_par' dir='ltr' id='par_1_12' title="bbox 44 1121 1656 1194">
     <span class='ocr_line' id='line_1_12' title="bbox 44 1121 1656 1194; baseline 0.006 -25"><span class='ocrx_word' id='word_1_66' title='bbox 44 1121 393 1189; x_wconf 68' lang='grc' dir='ltr'>συμφώνως</span> <span class='ocrx_word' id='word_1_67' title='bbox 426 1121 560 1192; x_wconf 77' lang='grc' dir='ltr'>ὁμοῦ</span> <span class='ocrx_word' id='word_1_68' title='bbox 598 1123 824 1186; x_wconf 79' lang='grc' dir='ltr'>Ἀκύλας</span> <span class='ocrx_word' id='word_1_69' title='bbox 856 1125 947 1176; x_wconf 73' lang='grc' dir='ltr'>καὶ</span> <span class='ocrx_word' id='word_1_70' title='bbox 992 1124 1280 1194; x_wconf 86' lang='grc' dir='ltr'>Σύμμαχός</span> <span class='ocrx_word' id='word_1_71' title='bbox 1309 1143 1437 1192; x_wconf 72' lang='grc' dir='ltr'>φασι</span> <span class='ocrx_word' id='word_1_72' title='bbox 1462 1143 1474 1156; x_wconf 92' lang='grc'>·</span> <span class='ocrx_word' id='word_1_73' title='bbox 1509 1128 1656 1194; x_wconf 78' lang='grc' dir='ltr'><strong>Πρὶν</strong></span> 
     </span>
    </p>
   </div>
   <div class='ocr_carea' id='block_1_13' title="bbox 44 1211 1654 1284">
    <p class='ocr_par' dir='ltr' id='par_1_13' title="bbox 44 1211 1654 1284">
     <span class='ocr_line' id='line_1_13' title="bbox 44 1211 1654 1284; baseline 0.007 -24"><span class='ocrx_word' id='word_1_74' title='bbox 44 1211 160 1277; x_wconf 66' lang='grc' dir='ltr'>ὅρη</span> <span class='ocrx_word' id='word_1_75' title='bbox 195 1211 501 1280; x_wconf 76' lang='grc' dir='ltr'><strong>τεχθῆναι</strong></span> <span class='ocrx_word' id='word_1_76' title='bbox 538 1213 632 1266; x_wconf 79' lang='grc' dir='ltr'><strong>καί</strong></span> <span class='ocrx_word' id='word_1_77' title='bbox 672 1213 1028 1280; x_wconf 67' lang='grc' dir='ltr'>ὠδινηθῆναι</span> <span class='ocrx_word' id='word_1_78' title='bbox 1060 1215 1175 1284; x_wconf 73' lang='grc' dir='ltr'>γῆν</span> <span class='ocrx_word' id='word_1_79' title='bbox 1203 1216 1297 1268; x_wconf 78' lang='grc' dir='ltr'><strong>καὶ</strong></span> <span class='ocrx_word' id='word_1_80' title='bbox 1327 1217 1438 1282; x_wconf 82' lang='grc' dir='ltr'><strong>τὴν</strong></span> <span class='ocrx_word' id='word_1_81' title='bbox 1470 1220 1654 1272; x_wconf 82' lang='grc' dir='ltr'>οἰκου-</span> 
     </span>
    </p>
   </div>
   <div class='ocr_carea' id='block_1_14' title="bbox 44 1303 1651 1376">
    <p class='ocr_par' dir='ltr' id='par_1_14' title="bbox 44 1303 1651 1376">
     <span class='ocr_line' id='line_1_14' title="bbox 44 1303 1651 1376; baseline 0.004 -22"><span class='ocrx_word' id='word_1_82' title='bbox 44 1303 290 1370; x_wconf 68' lang='grc' dir='ltr'>μένην.</span> <span class='ocrx_word' id='word_1_83' title='bbox 330 1305 439 1357; x_wconf 83' lang='grc' dir='ltr'><strong>Καί</strong></span> <span class='ocrx_word' id='word_1_84' title='bbox 462 1323 550 1374; x_wconf 91' lang='grc' dir='ltr'><strong>μοι</strong></span> <span class='ocrx_word' id='word_1_85' title='bbox 572 1305 716 1358; x_wconf 84' lang='grc' dir='ltr'>δοκεῖ</span> <span class='ocrx_word' id='word_1_86' title='bbox 745 1307 777 1375; x_wconf 84' lang='grc' dir='ltr'><strong>ή</strong></span> <span class='ocrx_word' id='word_1_87' title='bbox 818 1306 1077 1376; x_wconf 76' lang='grc' dir='ltr'>Ἐὁραῖκὴ</span> <span class='ocrx_word' id='word_1_88' title='bbox 1106 1306 1246 1369; x_wconf 80' lang='grc' dir='ltr'>λέξις</span> <span class='ocrx_word' id='word_1_89' title='bbox 1267 1306 1487 1375; x_wconf 79' lang='grc' dir='ltr'>φυσικὸν</span> <span class='ocrx_word' id='word_1_90' title='bbox 1517 1311 1651 1362; x_wconf 83' lang='grc' dir='ltr'>ἀπο·</span> 
     </span>
    </p>
   </div>
   <div class='ocr_carea' id='block_1_15' title="bbox 44 1395 1650 1468">
    <p class='ocr_par' dir='ltr' id='par_1_15' title="bbox 44 1395 1650 1468">
     <span class='ocr_line' id='line_1_15' title="bbox 44 1395 1650 1468; baseline 0.004 -22"><span class='ocrx_word' id='word_1_91' title='bbox 44 1395 374 1450; x_wconf 75' lang='grc' dir='ltr'><strong>δεδωκέναι</strong></span> <span class='ocrx_word' id='word_1_92' title='bbox 425 1397 601 1465; x_wconf 85' lang='grc' dir='ltr'>λόγον,</span> <span class='ocrx_word' id='word_1_93' title='bbox 642 1398 699 1448; x_wconf 87' lang='grc' dir='ltr'><strong>ἐν</strong></span> <span class='ocrx_word' id='word_1_94' title='bbox 740 1397 918 1459; x_wconf 83' lang='grc' dir='ltr'>αὐτοῖς</span> <span class='ocrx_word' id='word_1_95' title='bbox 961 1396 1277 1449; x_wconf 81' lang='grc' dir='ltr'><strong>διδάσκουσα</strong></span> <span class='ocrx_word' id='word_1_96' title='bbox 1307 1398 1379 1468; x_wconf 84' lang='grc' dir='ltr'>μὴ</span> <span class='ocrx_word' id='word_1_97' title='bbox 1418 1399 1650 1468; x_wconf 81' lang='grc' dir='ltr'><strong>ἀρχῆθεν</strong></span> 
     </span>
    </p>
   </div>
   <div class='ocr_carea' id='block_1_16' title="bbox 44 1485 1650 1557">
    <p class='ocr_par' dir='ltr' id='par_1_16' title="bbox 44 1485 1650 1557">
     <span class='ocr_line' id='line_1_16' title="bbox 44 1485 1650 1557; baseline 0.003 -21"><span class='ocrx_word' id='word_1_98' title='bbox 44 1486 423 1556; x_wconf 74' lang='grc' dir='ltr'>συνυπάρξαι</span> <span class='ocrx_word' id='word_1_99' title='bbox 451 1490 514 1557; x_wconf 83' lang='grc' dir='ltr'>τῇ</span> <span class='ocrx_word' id='word_1_100' title='bbox 563 1489 630 1555; x_wconf 83' lang='grc' dir='ltr'>γῇ</span> <span class='ocrx_word' id='word_1_101' title='bbox 661 1486 728 1539; x_wconf 81' lang='grc' dir='ltr'><strong>τὰ</strong></span> <span class='ocrx_word' id='word_1_102' title='bbox 761 1488 818 1538; x_wconf 80' lang='grc' dir='ltr'><strong>ἐν</strong></span> <span class='ocrx_word' id='word_1_103' title='bbox 865 1485 999 1556; x_wconf 83' lang='grc' dir='ltr'><strong>αὑτῇ</strong></span> <span class='ocrx_word' id='word_1_104' title='bbox 1033 1487 1154 1556; x_wconf 82' lang='grc' dir='ltr'>δρη,</span> <span class='ocrx_word' id='word_1_105' title='bbox 1195 1487 1307 1539; x_wconf 78' lang='grc' dir='ltr'>ἀλλ’</span> <span class='ocrx_word' id='word_1_106' title='bbox 1348 1488 1650 1557; x_wconf 79' lang='grc' dir='ltr'><strong>ἀναφυῆναι</strong></span> 
     </span>
    </p>
   </div>
   <div class='ocr_carea' id='block_1_17' title="bbox 44 1576 1652 1652">
    <p class='ocr_par' dir='ltr' id='par_1_17' title="bbox 44 1576 1652 1652">
     <span class='ocr_line' id='line_1_17' title="bbox 44 1576 1652 1652; baseline 0.002 -24"><span class='ocrx_word' id='word_1_107' title='bbox 44 1578 221 1652; x_wconf 74' lang='grc' dir='ltr'>δίκην</span> <span class='ocrx_word' id='word_1_108' title='bbox 255 1577 373 1629; x_wconf 84' lang='grc' dir='ltr'><strong>τῶν</strong></span> <span class='ocrx_word' id='word_1_109' title='bbox 396 1577 724 1647; x_wconf 82' lang='grc' dir='ltr'><strong>τικτομένων</strong></span> <span class='ocrx_word' id='word_1_110' title='bbox 742 1595 756 1608; x_wconf 78' lang='grc' dir='ltr'><strong>ο</strong></span> <span class='ocrx_word' id='word_1_111' title='bbox 784 1577 862 1629; x_wconf 83' lang='grc' dir='ltr'>διὸ</span> <span class='ocrx_word' id='word_1_112' title='bbox 891 1576 1133 1647; x_wconf 82' lang='grc' dir='ltr'>εἴρηται·</span> <span class='ocrx_word' id='word_1_113' title='bbox 1163 1577 1277 1644; x_wconf 85' lang='grc' dir='ltr'><strong>Πρὸ</strong></span> <span class='ocrx_word' id='word_1_114' title='bbox 1305 1578 1407 1632; x_wconf 84' lang='grc' dir='ltr'>τοῦ</span> <span class='ocrx_word' id='word_1_115' title='bbox 1431 1579 1533 1647; x_wconf 74' lang='grc' dir='ltr'>ὄρη</span> <span class='ocrx_word' id='word_1_116' title='bbox 1563 1597 1652 1648; x_wconf 60' lang='grc' dir='ltr'><strong>γει</strong></span> 
     </span>
    </p>
   </div>
   <div class='ocr_carea' id='block_1_18' title="bbox 44 1663 1651 1737">
    <p class='ocr_par' dir='ltr' id='par_1_18' title="bbox 44 1663 1651 1737">
     <span class='ocr_line' id='line_1_18' title="bbox 44 1663 1651 1737; baseline 0.004 -23"><span class='ocrx_word' id='word_1_117' title='bbox 44 1663 356 1731; x_wconf 67' lang='grc' dir='ltr'>νηθῆναι,</span> <span class='ocrx_word' id='word_1_118' title='bbox 394 1665 450 1735; x_wconf 76' lang='grc' dir='ltr'>ἢ,</span> <span class='ocrx_word' id='word_1_119' title='bbox 492 1665 639 1733; x_wconf 78' lang='grc' dir='ltr'><strong>Πρὶν</strong></span> <span class='ocrx_word' id='word_1_120' title='bbox 665 1665 769 1733; x_wconf 81' lang='grc' dir='ltr'>ὄρη</span> <span class='ocrx_word' id='word_1_121' title='bbox 795 1663 1072 1733; x_wconf 77' lang='grc' dir='ltr'><strong>τεχθῆναι</strong></span> <span class='ocrx_word' id='word_1_122' title='bbox 1092 1681 1106 1695; x_wconf 79' lang='grc' dir='ltr'><strong>ο</strong></span> <span class='ocrx_word' id='word_1_123' title='bbox 1141 1667 1233 1717; x_wconf 81' lang='grc' dir='ltr'><strong>καὶ</strong></span> <span class='ocrx_word' id='word_1_124' title='bbox 1265 1667 1407 1728; x_wconf 82' lang='grc' dir='ltr'>εἰκὸς</span> <span class='ocrx_word' id='word_1_125' title='bbox 1435 1667 1549 1736; x_wconf 76' lang='grc' dir='ltr'>ἅμα</span> <span class='ocrx_word' id='word_1_126' title='bbox 1574 1667 1651 1737; x_wconf 80' lang='grc' dir='ltr'>τῷ</span> 
     </span>
    </p>
   </div>
   <div class='ocr_carea' id='block_1_19' title="bbox 44 1753 1652 1830">
    <p class='ocr_par' dir='ltr' id='par_1_19' title="bbox 44 1753 1652 1830">
     <span class='ocr_line' id='line_1_19' title="bbox 44 1753 1652 1830; baseline 0.002 -25"><span class='ocrx_word' id='word_1_127' title='bbox 44 1754 338 1824; x_wconf 70' lang='grc' dir='ltr'>τεχθῆναι</span> <span class='ocrx_word' id='word_1_128' title='bbox 362 1755 428 1808; x_wconf 80' lang='grc' dir='ltr'><strong>τὰ</strong></span> <span class='ocrx_word' id='word_1_129' title='bbox 451 1755 550 1830; x_wconf 73' lang='grc' dir='ltr'><strong>δρη</strong></span> <span class='ocrx_word' id='word_1_130' title='bbox 581 1756 674 1808; x_wconf 79' lang='grc' dir='ltr'><strong>καὶ</strong></span> <span class='ocrx_word' id='word_1_131' title='bbox 699 1753 1068 1826; x_wconf 75' lang='grc' dir='ltr'>προϐληθῆναι</span> <span class='ocrx_word' id='word_1_132' title='bbox 1090 1753 1195 1806; x_wconf 81' lang='grc' dir='ltr'>ἀπὸ</span> <span class='ocrx_word' id='word_1_133' title='bbox 1217 1755 1438 1826; x_wconf 88' lang='grc' dir='ltr'>τῆς-γῆς</span> <span class='ocrx_word' id='word_1_134' title='bbox 1461 1758 1652 1810; x_wconf 75' lang='grc' dir='ltr'>καταλο</span> 
     </span>
    </p>
   </div>
   <div class='ocr_carea' id='block_1_20' title="bbox 1756 578 3305 652">
    <p class='ocr_par' dir='ltr' id='par_1_20' title="bbox 1756 578 3305 652">
     <span class='ocr_line' id='line_1_20' title="bbox 1756 578 3305 652; baseline 0.005 -19"><span class='ocrx_word' id='word_1_135' title='bbox 1756 579 1860 634; x_wconf 90' lang='lat' dir='ltr'><strong>Pro</strong></span> <span class='ocrx_word' id='word_1_136' title='bbox 1891 580 1982 634; x_wconf 89' lang='lat' dir='ltr'><strong>illo</strong></span> <span class='ocrx_word' id='word_1_137' title='bbox 2017 587 2218 642; x_wconf 90' lang='lat' dir='ltr'><strong>autem,</strong></span> <span class='ocrx_word' id='word_1_138' title='bbox 2251 578 2318 634; x_wconf 86' lang='lat' dir='ltr'><strong>In</strong></span> <span class='ocrx_word' id='word_1_139' title='bbox 2363 583 2689 650; x_wconf 76' lang='lat' dir='ltr'><strong>generatione</strong></span> <span class='ocrx_word' id='word_1_140' title='bbox 2728 592 2776 636; x_wconf 86' lang='lat' dir='ltr'><strong>et</strong></span> <span class='ocrx_word' id='word_1_141' title='bbox 2820 585 3169 652; x_wconf 73' lang='lat' dir='ltr'><strong>generatione.</strong></span> <span class='ocrx_word' id='word_1_142' title='bbox 3201 586 3305 640; x_wconf 86' lang='lat' dir='ltr'><strong>cla-</strong></span> 
     </span>
    </p>
   </div>
   <div class='ocr_carea' id='block_1_21' title="bbox 1755 666 3310 741">
    <p class='ocr_par' dir='ltr' id='par_1_21' title="bbox 1755 666 3310 741">
     <span class='ocr_line' id='line_1_21' title="bbox 1755 666 3310 741; baseline 0.003 -19"><span class='ocrx_word' id='word_1_143' title='bbox 1755 672 1867 723; x_wconf 84' lang='lat' dir='ltr'><strong>rius</strong></span> <span class='ocrx_word' id='word_1_144' title='bbox 1897 668 2252 740; x_wconf 80' lang='lat' dir='ltr'><strong>Symmachus</strong></span> <span class='ocrx_word' id='word_1_145' title='bbox 2275 668 2443 723; x_wconf 91' lang='lat' dir='ltr'><strong>edidit</strong></span> <span class='ocrx_word' id='word_1_146' title='bbox 2477 669 2560 724; x_wconf 92' lang='lat' dir='ltr'><strong>his</strong></span> <span class='ocrx_word' id='word_1_147' title='bbox 2596 670 2795 732; x_wconf 76' lang='lat' dir='ltr'><strong>verbis,</strong></span> <span class='ocrx_word' id='word_1_148' title='bbox 2824 670 2888 724; x_wconf 83' lang='lat' dir='ltr'><strong>In</strong></span> <span class='ocrx_word' id='word_1_149' title='bbox 2908 666 3130 740; x_wconf 78' lang='lat' dir='ltr'><strong>singulis</strong></span> <span class='ocrx_word' id='word_1_150' title='bbox 3159 688 3310 741; x_wconf 86' lang='lat' dir='ltr'><strong>gene-</strong></span> 
     </span>
    </p>
   </div>
   <div class='ocr_carea' id='block_1_22' title="bbox 1754 760 3311 834">
    <p class='ocr_par' dir='ltr' id='par_1_22' title="bbox 1754 760 3311 834">
     <span class='ocr_line' id='line_1_22' title="bbox 1754 760 3311 834; baseline 0.005 -22"><span class='ocrx_word' id='word_1_151' title='bbox 1754 761 2088 822; x_wconf 74' lang='lat' dir='ltr'><strong>rationibus;</strong></span> <span class='ocrx_word' id='word_1_152' title='bbox 2121 775 2184 813; x_wconf 90' lang='lat' dir='ltr'><strong>ac</strong></span> <span class='ocrx_word' id='word_1_153' title='bbox 2227 775 2446 814; x_wconf 81' lang='lat' dir='ltr'><strong>rursum</strong></span> <span class='ocrx_word' id='word_1_154' title='bbox 2499 760 2634 823; x_wconf 67' lang='lat' dir='ltr'><strong>haec,</strong></span> <span class='ocrx_word' id='word_1_155' title='bbox 2670 761 2959 832; x_wconf 75' lang='lat' dir='ltr'><strong>Antequam</strong></span> <span class='ocrx_word' id='word_1_156' title='bbox 2985 777 3185 819; x_wconf 88' lang='lat' dir='ltr'><strong>montes</strong></span> <span class='ocrx_word' id='word_1_157' title='bbox 3218 766 3311 834; x_wconf 80' lang='lat' dir='ltr'><strong>ﬁe-</strong></span> 
     </span>
    </p>
   </div>
   <div class='ocr_carea' id='block_1_23' title="bbox 1756 851 3310 927">
    <p class='ocr_par' dir='ltr' id='par_1_23' title="bbox 1756 851 3310 927">
     <span class='ocr_line' id='line_1_23' title="bbox 1756 851 3310 927; baseline 0.003 -23"><span class='ocrx_word' id='word_1_158' title='bbox 1756 859 1887 913; x_wconf 85' lang='lat' dir='ltr'><strong>rent,</strong></span> <span class='ocrx_word' id='word_1_159' title='bbox 1919 860 1967 904; x_wconf 86' lang='lat' dir='ltr'><strong>et</strong></span> <span class='ocrx_word' id='word_1_160' title='bbox 1999 851 2320 914; x_wconf 74' lang='lat' dir='ltr'><strong>[armaretur</strong></span> <span class='ocrx_word' id='word_1_161' title='bbox 2367 861 2506 904; x_wconf 87' lang='lat' dir='ltr'><strong>terra</strong></span> <span class='ocrx_word' id='word_1_162' title='bbox 2553 861 2601 905; x_wconf 83' lang='lat' dir='ltr'><strong>et</strong></span> <span class='ocrx_word' id='word_1_163' title='bbox 2634 853 2808 916; x_wconf 86' lang='lat' dir='ltr'><strong>orbis;</strong></span> <span class='ocrx_word' id='word_1_164' title='bbox 2841 854 3030 924; x_wconf 83' lang='lat' dir='ltr'><strong>Aquila</strong></span> <span class='ocrx_word' id='word_1_165' title='bbox 3068 865 3121 911; x_wconf 88' lang='lat' dir='ltr'><strong>et</strong></span> <span class='ocrx_word' id='word_1_166' title='bbox 3154 856 3310 927; x_wconf 85' lang='lat' dir='ltr'><strong>Sym-</strong></span> 
     </span>
    </p>
   </div>
   <div class='ocr_carea' id='block_1_24' title="bbox 1755 941 3298 1017">
    <p class='ocr_par' dir='ltr' id='par_1_24' title="bbox 1755 941 3298 1017">
     <span class='ocr_line' id='line_1_24' title="bbox 1755 941 3298 1017; baseline 0.006 -23"><span class='ocrx_word' id='word_1_167' title='bbox 1755 941 1979 996; x_wconf 83' lang='lat' dir='ltr'><strong>machus</strong></span> <span class='ocrx_word' id='word_1_168' title='bbox 2016 942 2262 996; x_wconf 74' lang='lat' dir='ltr'><strong>similiter</strong></span> <span class='ocrx_word' id='word_1_169' title='bbox 2299 942 2376 996; x_wconf 92' lang='lat' dir='ltr'><strong>sic</strong></span> <span class='ocrx_word' id='word_1_170' title='bbox 2407 942 2575 996; x_wconf 85' lang='lat' dir='ltr'><strong>edunt</strong></span> <span class='ocrx_word' id='word_1_171' title='bbox 2611 963 2624 997; x_wconf 88' lang='lat'>:</span> <span class='ocrx_word' id='word_1_172' title='bbox 2660 945 2946 1014; x_wconf 82' lang='lat' dir='ltr'><strong>Antequam</strong></span> <span class='ocrx_word' id='word_1_173' title='bbox 2989 959 3184 1002; x_wconf 79' lang='lat' dir='ltr'><strong>montes</strong></span> <span class='ocrx_word' id='word_1_174' title='bbox 3209 965 3298 1017; x_wconf 82' lang='lat' dir='ltr'><strong>pa-</strong></span> 
     </span>
    </p>
   </div>
   <div class='ocr_carea' id='block_1_25' title="bbox 1754 1035 3308 1108">
    <p class='ocr_par' dir='ltr' id='par_1_25' title="bbox 1754 1035 3308 1108">
     <span class='ocr_line' id='line_1_25' title="bbox 1754 1035 3308 1108; baseline 0.005 -23"><span class='ocrx_word' id='word_1_175' title='bbox 1754 1045 2011 1096; x_wconf 82' lang='lat' dir='ltr'><strong>rerentur,</strong></span> <span class='ocrx_word' id='word_1_176' title='bbox 2041 1043 2086 1087; x_wconf 92' lang='lat' dir='ltr'><strong>et</strong></span> <span class='ocrx_word' id='word_1_177' title='bbox 2140 1035 2494 1102; x_wconf 86' lang='lat' dir='ltr'><strong>parturiretur</strong></span> <span class='ocrx_word' id='word_1_178' title='bbox 2520 1043 2658 1087; x_wconf 84' lang='lat' dir='ltr'><strong>terra</strong></span> <span class='ocrx_word' id='word_1_179' title='bbox 2688 1045 2736 1088; x_wconf 90' lang='lat' dir='ltr'><strong>et</strong></span> <span class='ocrx_word' id='word_1_180' title='bbox 2787 1036 2945 1090; x_wconf 89' lang='lat' dir='ltr'><strong>orbis.</strong></span> <span class='ocrx_word' id='word_1_181' title='bbox 2978 1035 3308 1108; x_wconf 81' lang='lat' dir='ltr'><strong>Videturque</strong></span> 
     </span>
    </p>
   </div>
   <div class='ocr_carea' id='block_1_26' title="bbox 1754 1122 3305 1196">
    <p class='ocr_par' dir='ltr' id='par_1_26' title="bbox 1754 1122 3305 1196">
     <span class='ocr_line' id='line_1_26' title="bbox 1754 1122 3305 1196; baseline 0.005 -20"><span class='ocrx_word' id='word_1_182' title='bbox 1754 1123 1884 1176; x_wconf 86' lang='lat' dir='ltr'><strong>mihi</strong></span> <span class='ocrx_word' id='word_1_183' title='bbox 1912 1122 2174 1177; x_wconf 83' lang='lat' dir='ltr'><strong>Hebraica</strong></span> <span class='ocrx_word' id='word_1_184' title='bbox 2199 1124 2357 1178; x_wconf 91' lang='lat' dir='ltr'><strong>lectio</strong></span> <span class='ocrx_word' id='word_1_185' title='bbox 2387 1124 2664 1194; x_wconf 81' lang='lat' dir='ltr'><strong>physicam</strong></span> <span class='ocrx_word' id='word_1_186' title='bbox 2691 1129 2953 1179; x_wconf 87' lang='lat' dir='ltr'><strong>rationem</strong></span> <span class='ocrx_word' id='word_1_187' title='bbox 2991 1129 3305 1196; x_wconf 83' lang='lat' dir='ltr'><strong>reddidisse,</strong></span> 
     </span>
    </p>
   </div>
   <div class='ocr_carea' id='block_1_27' title="bbox 1753 1211 3308 1275">
    <p class='ocr_par' dir='ltr' id='par_1_27' title="bbox 1753 1211 3308 1275">
     <span class='ocr_line' id='line_1_27' title="bbox 1753 1211 3308 1275; baseline 0.005 -9"><span class='ocrx_word' id='word_1_188' title='bbox 1753 1213 1956 1269; x_wconf 84' lang='lat' dir='ltr'><strong>docens</strong></span> <span class='ocrx_word' id='word_1_189' title='bbox 2007 1231 2117 1275; x_wconf 83' lang='lat' dir='ltr'><strong>non</strong></span> <span class='ocrx_word' id='word_1_190' title='bbox 2148 1211 2214 1267; x_wconf 78' lang='lat' dir='ltr'><strong>ab</strong></span> <span class='ocrx_word' id='word_1_191' title='bbox 2255 1215 2407 1268; x_wconf 88' lang='lat' dir='ltr'><strong>initio</strong></span> <span class='ocrx_word' id='word_1_192' title='bbox 2434 1225 2644 1270; x_wconf 91' lang='lat' dir='ltr'><strong>montes</strong></span> <span class='ocrx_word' id='word_1_193' title='bbox 2677 1232 2782 1270; x_wconf 88' lang='lat' dir='ltr'><strong>una</strong></span> <span class='ocrx_word' id='word_1_194' title='bbox 2813 1233 2935 1271; x_wconf 92' lang='lat' dir='ltr'><strong>cum</strong></span> <span class='ocrx_word' id='word_1_195' title='bbox 2978 1227 3118 1274; x_wconf 83' lang='lat' dir='ltr'><strong>terra</strong></span> <span class='ocrx_word' id='word_1_196' title='bbox 3145 1223 3308 1274; x_wconf 81' lang='lat' dir='ltr'><strong>exsti-</strong></span> 
     </span>
    </p>
   </div>
   <div class='ocr_carea' id='block_1_28' title="bbox 1753 1304 3304 1378">
    <p class='ocr_par' dir='ltr' id='par_1_28' title="bbox 1753 1304 3304 1378">
     <span class='ocr_line' id='line_1_28' title="bbox 1753 1304 3304 1378; baseline 0.005 -22"><span class='ocrx_word' id='word_1_197' title='bbox 1753 1304 1905 1369; x_wconf 86' lang='lat' dir='ltr'><strong>tisse,</strong></span> <span class='ocrx_word' id='word_1_198' title='bbox 1938 1304 2031 1359; x_wconf 89' lang='lat' dir='ltr'><strong>sed</strong></span> <span class='ocrx_word' id='word_1_199' title='bbox 2060 1312 2311 1374; x_wconf 87' lang='lat' dir='ltr'><strong>partuum</strong></span> <span class='ocrx_word' id='word_1_200' title='bbox 2338 1306 2509 1358; x_wconf 86' lang='lat' dir='ltr'><strong>instar</strong></span> <span class='ocrx_word' id='word_1_201' title='bbox 2534 1314 2683 1362; x_wconf 88' lang='lat' dir='ltr'><strong>ortos</strong></span> <span class='ocrx_word' id='word_1_202' title='bbox 2708 1323 2829 1362; x_wconf 88' lang='lat' dir='ltr'><strong>esse</strong></span> <span class='ocrx_word' id='word_1_203' title='bbox 2863 1328 2875 1360; x_wconf 89' lang='lat'>:</span> <span class='ocrx_word' id='word_1_204' title='bbox 2908 1323 3076 1378; x_wconf 86' lang='lat' dir='ltr'><strong>quare</strong></span> <span class='ocrx_word' id='word_1_205' title='bbox 3104 1310 3304 1364; x_wconf 89' lang='lat' dir='ltr'><strong>dictum</strong></span> 
     </span>
    </p>
   </div>
   <div class='ocr_carea' id='block_1_29' title="bbox 1759 1394 3306 1473">
    <p class='ocr_par' dir='ltr' id='par_1_29' title="bbox 1759 1394 3306 1473">
     <span class='ocr_line' id='line_1_29' title="bbox 1759 1394 3306 1473; baseline 0.004 -23"><span class='ocrx_word' id='word_1_206' title='bbox 1759 1404 1865 1460; x_wconf 89' lang='lat' dir='ltr'><strong>est,</strong></span> <span class='ocrx_word' id='word_1_207' title='bbox 1928 1394 2243 1466; x_wconf 75' lang='lat' dir='ltr'><strong>Priusquam</strong></span> <span class='ocrx_word' id='word_1_208' title='bbox 2298 1406 2493 1450; x_wconf 77' lang='lat' dir='ltr'><strong>montes</strong></span> <span class='ocrx_word' id='word_1_209' title='bbox 2545 1400 2758 1466; x_wconf 79' lang='lat' dir='ltr'><strong>ﬁerent;</strong></span> <span class='ocrx_word' id='word_1_210' title='bbox 2817 1407 2930 1464; x_wconf 89' lang='lat' dir='ltr'><strong>aut,</strong></span> <span class='ocrx_word' id='word_1_211' title='bbox 2990 1399 3306 1473; x_wconf 74' lang='lat' dir='ltr'><strong>Priusquam</strong></span> 
     </span>
    </p>
   </div>
   <div class='ocr_carea' id='block_1_30' title="bbox 1751 1491 3302 1557">
    <p class='ocr_par' dir='ltr' id='par_1_30' title="bbox 1751 1491 3302 1557">
     <span class='ocr_line' id='line_1_30' title="bbox 1751 1491 3302 1557; baseline 0.006 -17"><span class='ocrx_word' id='word_1_212' title='bbox 1751 1498 1950 1542; x_wconf 87' lang='lat' dir='ltr'><strong>montes</strong></span> <span class='ocrx_word' id='word_1_213' title='bbox 1999 1499 2349 1555; x_wconf 84' lang='lat' dir='ltr'><strong>parerentur:</strong></span> <span class='ocrx_word' id='word_1_214' title='bbox 2385 1505 2448 1543; x_wconf 87' lang='lat' dir='ltr'><strong>ac</strong></span> <span class='ocrx_word' id='word_1_215' title='bbox 2480 1491 2774 1545; x_wconf 84' lang='lat' dir='ltr'><strong>verisimile</strong></span> <span class='ocrx_word' id='word_1_216' title='bbox 2801 1502 2904 1557; x_wconf 86' lang='lat' dir='ltr'><strong>est,</strong></span> <span class='ocrx_word' id='word_1_217' title='bbox 2941 1503 3153 1550; x_wconf 83' lang='lat' dir='ltr'><strong>montes</strong></span> <span class='ocrx_word' id='word_1_218' title='bbox 3181 1512 3302 1550; x_wconf 87' lang='lat' dir='ltr'><strong>cum</strong></span> 
     </span>
    </p>
   </div>
   <div class='ocr_carea' id='block_1_31' title="bbox 1750 1582 3303 1652">
    <p class='ocr_par' dir='ltr' id='par_1_31' title="bbox 1750 1582 3303 1652">
     <span class='ocr_line' id='line_1_31' title="bbox 1750 1582 3303 1652; baseline 0.006 -20"><span class='ocrx_word' id='word_1_219' title='bbox 1750 1588 2091 1650; x_wconf 87' lang='lat' dir='ltr'><strong>parerentur,</strong></span> <span class='ocrx_word' id='word_1_220' title='bbox 2120 1596 2183 1635; x_wconf 88' lang='lat' dir='ltr'><strong>ac</strong></span> <span class='ocrx_word' id='word_1_221' title='bbox 2220 1582 2368 1634; x_wconf 81' lang='lat' dir='ltr'><strong>velut</strong></span> <span class='ocrx_word' id='word_1_222' title='bbox 2404 1582 2636 1636; x_wconf 76' lang='lat' dir='ltr'><strong>infantes</strong></span> <span class='ocrx_word' id='word_1_223' title='bbox 2673 1598 2703 1638; x_wconf 92' lang='lat' dir='ltr'><strong>e</strong></span> <span class='ocrx_word' id='word_1_224' title='bbox 2734 1593 2877 1638; x_wconf 88' lang='lat' dir='ltr'><strong>terra</strong></span> <span class='ocrx_word' id='word_1_225' title='bbox 2908 1588 3303 1652; x_wconf 86' lang='lat' dir='ltr'><strong>emitterentur,</strong></span> 
     </span>
    </p>
   </div>
   <div class='ocr_carea' id='block_1_32' title="bbox 1750 1659 3306 1745">
    <p class='ocr_par' dir='ltr' id='par_1_32' title="bbox 1750 1659 3306 1745">
     <span class='ocr_line' id='line_1_32' title="bbox 1750 1659 3306 1745; baseline 0.006 -22"><span class='ocrx_word' id='word_1_226' title='bbox 1750 1685 1857 1724; x_wconf 89' lang='lat' dir='ltr'><strong>non</strong></span> <span class='ocrx_word' id='word_1_227' title='bbox 1903 1686 1966 1725; x_wconf 82' lang='lat' dir='ltr'><strong>ea</strong></span> <span class='ocrx_word' id='word_1_228' title='bbox 1998 1687 2103 1740; x_wconf 84' lang='lat' dir='ltr'><strong>qua</strong></span> <span class='ocrx_word' id='word_1_229' title='bbox 2145 1688 2290 1726; x_wconf 90' lang='lat' dir='ltr'><strong>nunc</strong></span> <span class='ocrx_word' id='word_1_230' title='bbox 2337 1680 2462 1726; x_wconf 89' lang='lat' dir='ltr'><strong>sunt</strong></span> <span class='ocrx_word' id='word_1_231' title='bbox 2505 1659 2832 1730; x_wconf 71' lang='lat' dir='ltr'><strong>celsitudine</strong></span> <span class='ocrx_word' id='word_1_232' title='bbox 2867 1677 3066 1745; x_wconf 88' lang='lat' dir='ltr'><strong>fuisse;</strong></span> <span class='ocrx_word' id='word_1_233' title='bbox 3102 1679 3194 1734; x_wconf 88' lang='lat' dir='ltr'><strong>sed</strong></span> <span class='ocrx_word' id='word_1_234' title='bbox 3223 1697 3306 1733; x_wconf 89' lang='lat' dir='ltr'><strong>rc-</strong></span> 
     </span>
    </p>
   </div>
   <div class='ocr_carea' id='block_1_33' title="bbox 1751 1761 3304 1837">
    <p class='ocr_par' dir='ltr' id='par_1_33' title="bbox 1751 1761 3304 1837">
     <span class='ocr_line' id='line_1_33' title="bbox 1751 1761 3304 1837; baseline 0.005 -22"><span class='ocrx_word' id='word_1_235' title='bbox 1751 1775 1882 1817; x_wconf 87' lang='lat' dir='ltr'><strong>cens</strong></span> <span class='ocrx_word' id='word_1_236' title='bbox 1910 1761 2096 1826; x_wconf 65' lang='lat' dir='ltr'><strong>natos,</strong></span> <span class='ocrx_word' id='word_1_237' title='bbox 2127 1772 2186 1816; x_wconf 90' lang='lat' dir='ltr'><strong>ut</strong></span> <span class='ocrx_word' id='word_1_238' title='bbox 2215 1763 2446 1818; x_wconf 87' lang='lat' dir='ltr'><strong>infantes</strong></span> <span class='ocrx_word' id='word_1_239' title='bbox 2483 1780 2654 1834; x_wconf 88' lang='lat' dir='ltr'><strong>nuper</strong></span> <span class='ocrx_word' id='word_1_240' title='bbox 2692 1775 2862 1832; x_wconf 88' lang='lat' dir='ltr'><strong>ortos,</strong></span> <span class='ocrx_word' id='word_1_241' title='bbox 2886 1769 3114 1837; x_wconf 75' lang='lat' dir='ltr'><strong>exiguos</strong></span> <span class='ocrx_word' id='word_1_242' title='bbox 3145 1772 3304 1823; x_wconf 86' lang='lat' dir='ltr'><strong>mini-</strong></span> 
     </span>
    </p>
   </div>
   <div class='ocr_carea' id='block_1_34' title="bbox 45 1830 1639 1925">
    <p class='ocr_par' dir='ltr' id='par_1_34' title="bbox 45 1843 1639 1916">
     <span class='ocr_line' id='line_1_34' title="bbox 45 1843 1639 1916; baseline 0.003 -22"><span class='ocrx_word' id='word_1_243' title='bbox 45 1843 247 1913; x_wconf 70' lang='grc' dir='ltr'>λήλως</span> <span class='ocrx_word' id='word_1_244' title='bbox 295 1847 410 1907; x_wconf 81' lang='grc' dir='ltr'>τοῖς</span> <span class='ocrx_word' id='word_1_245' title='bbox 453 1844 708 1914; x_wconf 82' lang='grc' dir='ltr'><strong>βρέφεσι,</strong></span> <span class='ocrx_word' id='word_1_246' title='bbox 749 1845 823 1916; x_wconf 81' lang='grc' dir='ltr'>μὴ</span> <span class='ocrx_word' id='word_1_247' title='bbox 853 1846 1008 1898; x_wconf 80' lang='grc' dir='ltr'>ὁποία</span> <span class='ocrx_word' id='word_1_248' title='bbox 1036 1843 1131 1898; x_wconf 75' lang='grc' dir='ltr'>νῦν</span> <span class='ocrx_word' id='word_1_249' title='bbox 1160 1845 1221 1898; x_wconf 81' lang='grc' dir='ltr'>τὸ</span> <span class='ocrx_word' id='word_1_250' title='bbox 1260 1845 1484 1916; x_wconf 81' lang='grc' dir='ltr'>μέγεθος</span> <span class='ocrx_word' id='word_1_251' title='bbox 1517 1848 1639 1900; x_wconf 79' lang='grc' dir='ltr'>ὑπο-</span> 
     </span>
    </p>
   </div>
   <div class='ocr_carea' id='block_1_35' title="bbox 1741 1830 3299 1925">
    <p class='ocr_par' dir='ltr' id='par_1_35' title="bbox 1753 1854 3299 1925">
     <span class='ocr_line' id='line_1_35' title="bbox 1753 1854 3299 1925; baseline 0.005 -21"><span class='ocrx_word' id='word_1_252' title='bbox 1753 1869 1977 1923; x_wconf 79' lang='lat' dir='ltr'><strong>mosque</strong></span> <span class='ocrx_word' id='word_1_253' title='bbox 2005 1854 2318 1921; x_wconf 79' lang='lat' dir='ltr'><strong>exstitisse;</strong></span> <span class='ocrx_word' id='word_1_254' title='bbox 2352 1855 2715 1925; x_wconf 84' lang='lat' dir='ltr'><strong>diuturnoque</strong></span> <span class='ocrx_word' id='word_1_255' title='bbox 2747 1872 2862 1910; x_wconf 67' lang='lat' dir='ltr'><strong>aevo</strong></span> <span class='ocrx_word' id='word_1_256' title='bbox 2902 1859 3299 1913; x_wconf 84' lang='lat' dir='ltr'><strong>incrementum</strong></span> 
     </span>
    </p>
   </div>
   <div class='ocr_carea' id='block_1_36' title="bbox 48 1936 1645 2009">
    <p class='ocr_par' dir='ltr' id='par_1_36' title="bbox 48 1936 1645 2009">
     <span class='ocr_line' id='line_1_36' title="bbox 48 1936 1645 2009; baseline 0.003 -23"><span class='ocrx_word' id='word_1_257' title='bbox 48 1936 295 2005; x_wconf 80' lang='grc' dir='ltr'>στῆναι,</span> <span class='ocrx_word' id='word_1_258' title='bbox 315 1936 428 1989; x_wconf 83' lang='grc' dir='ltr'>ἀλλ’</span> <span class='ocrx_word' id='word_1_259' title='bbox 449 1937 573 2008; x_wconf 73' lang='grc' dir='ltr'>ἄρτι</span> <span class='ocrx_word' id='word_1_260' title='bbox 593 1936 689 2008; x_wconf 76' lang='grc' dir='ltr'>μὲν</span> <span class='ocrx_word' id='word_1_261' title='bbox 716 1937 1039 2008; x_wconf 74' lang='grc' dir='ltr'>γεννηθέντα</span> <span class='ocrx_word' id='word_1_262' title='bbox 1062 1938 1153 1990; x_wconf 68' lang='grc' dir='ltr'><strong>κα)⁵</strong></span> <span class='ocrx_word' id='word_1_263' title='bbox 1167 1937 1440 2007; x_wconf 85' lang='grc' dir='ltr'>τεχθέντα,</span> <span class='ocrx_word' id='word_1_264' title='bbox 1460 1938 1645 2009; x_wconf 83' lang='grc' dir='ltr'>ὥσπερ</span> 
     </span>
    </p>
   </div>
   <div class='ocr_carea' id='block_1_37' title="bbox 46 2031 1641 2105">
    <p class='ocr_par' dir='ltr' id='par_1_37' title="bbox 46 2031 1641 2105">
     <span class='ocr_line' id='line_1_37' title="bbox 46 2031 1641 2105; baseline 0.001 -22"><span class='ocrx_word' id='word_1_265' title='bbox 46 2032 342 2102; x_wconf 80' lang='grc' dir='ltr'>ἀρτιγενῆ</span> <span class='ocrx_word' id='word_1_266' title='bbox 377 2031 484 2085; x_wconf 88' lang='grc' dir='ltr'><strong>τῶν</strong></span> <span class='ocrx_word' id='word_1_267' title='bbox 516 2032 747 2103; x_wconf 82' lang='grc' dir='ltr'>βρεφῶν,</span> <span class='ocrx_word' id='word_1_268' title='bbox 789 2032 958 2104; x_wconf 78' lang='grc' dir='ltr'>μικρὰ</span> <span class='ocrx_word' id='word_1_269' title='bbox 988 2033 1080 2086; x_wconf 77' lang='grc' dir='ltr'><strong>καὶ</strong></span> <span class='ocrx_word' id='word_1_270' title='bbox 1105 2033 1359 2104; x_wconf 83' lang='grc' dir='ltr'>ἐλάχιστα</span> <span class='ocrx_word' id='word_1_271' title='bbox 1387 2033 1641 2105; x_wconf 81' lang='grc' dir='ltr'>ὑπάρξαι,</span> 
     </span>
    </p>
   </div>
   <div class='ocr_carea' id='block_1_38' title="bbox 46 2116 1644 2196">
    <p class='ocr_par' dir='ltr' id='par_1_38' title="bbox 46 2116 1644 2196">
     <span class='ocr_line' id='line_1_38' title="bbox 46 2116 1644 2196; baseline 0 -22"><span class='ocrx_word' id='word_1_272' title='bbox 46 2123 127 2191; x_wconf 79' lang='grc' dir='ltr'>τῷ</span> <span class='ocrx_word' id='word_1_273' title='bbox 153 2122 221 2175; x_wconf 76' lang='grc' dir='ltr'>δὲ</span> <span class='ocrx_word' id='word_1_274' title='bbox 260 2123 460 2195; x_wconf 81' lang='grc' dir='ltr'><strong>μακρῷ</strong></span> <span class='ocrx_word' id='word_1_275' title='bbox 479 2116 632 2177; x_wconf 47' lang='grc' dir='ltr'>α’ίῶνι</span> <span class='ocrx_word' id='word_1_276' title='bbox 655 2122 821 2196; x_wconf 72' lang='grc' dir='ltr'>αὔξην</span> <span class='ocrx_word' id='word_1_277' title='bbox 843 2125 934 2177; x_wconf 78' lang='grc' dir='ltr'><strong>καὶ</strong></span> <span class='ocrx_word' id='word_1_278' title='bbox 959 2125 1184 2195; x_wconf 83' lang='grc' dir='ltr'>μέγεθος</span> <span class='ocrx_word' id='word_1_279' title='bbox 1205 2124 1492 2178; x_wconf 82' lang='grc' dir='ltr'>ἐπιδοῦναι.</span> <span class='ocrx_word' id='word_1_280' title='bbox 1509 2124 1644 2177; x_wconf 69' lang='grc' dir='ltr'>Φασὶ</span> 
     </span>
    </p>
   </div>
   <div class='ocr_carea' id='block_1_39' title="bbox 48 2215 1644 2287">
    <p class='ocr_par' dir='ltr' id='par_1_39' title="bbox 48 2215 1644 2287">
     <span class='ocr_line' id='line_1_39' title="bbox 48 2215 1644 2287; baseline 0.002 -21"><span class='ocrx_word' id='word_1_281' title='bbox 48 2215 190 2280; x_wconf 77' lang='grc' dir='ltr'>γοῦν</span> <span class='ocrx_word' id='word_1_282' title='bbox 223 2217 314 2280; x_wconf 85' lang='grc' dir='ltr'><strong>είς</strong></span> <span class='ocrx_word' id='word_1_283' title='bbox 336 2215 412 2268; x_wconf 79' lang='grc' dir='ltr'>ἔτι</span> <span class='ocrx_word' id='word_1_284' title='bbox 435 2215 592 2287; x_wconf 84' lang='grc' dir='ltr'>δεῦρό</span> <span class='ocrx_word' id='word_1_285' title='bbox 612 2234 752 2279; x_wconf 85' lang='grc' dir='ltr'>τινες</span> <span class='ocrx_word' id='word_1_286' title='bbox 771 2216 878 2268; x_wconf 81' lang='grc' dir='ltr'><strong>τῶν</strong></span> <span class='ocrx_word' id='word_1_287' title='bbox 895 2216 1220 2285; x_wconf 81' lang='grc' dir='ltr'>φυσιολόγων</span> <span class='ocrx_word' id='word_1_288' title='bbox 1241 2216 1421 2284; x_wconf 78' lang='grc' dir='ltr'>αὔξειν</span> <span class='ocrx_word' id='word_1_289' title='bbox 1437 2216 1503 2270; x_wconf 80' lang='grc' dir='ltr'>τὰ</span> <span class='ocrx_word' id='word_1_290' title='bbox 1523 2215 1644 2286; x_wconf 78' lang='grc' dir='ltr'>ὅρη,</span> 
     </span>
    </p>
   </div>
   <div class='ocr_carea' id='block_1_40' title="bbox 48 2291 1647 2379">
    <p class='ocr_par' dir='ltr' id='par_1_40' title="bbox 48 2291 1647 2379">
     <span class='ocr_line' id='line_1_40' title="bbox 48 2291 1647 2379; baseline 0.002 -23"><span class='ocrx_word' id='word_1_291' title='bbox 48 2307 151 2358; x_wconf 73' lang='grc' dir='ltr'>καὶ</span> <span class='ocrx_word' id='word_1_292' title='bbox 194 2306 311 2370; x_wconf 81' lang='grc' dir='ltr'><strong>τὰς</strong></span> <span class='ocrx_word' id='word_1_293' title='bbox 358 2291 560 2378; x_wconf 83' lang='grc' dir='ltr'>πέτρας</span> <span class='ocrx_word' id='word_1_294' title='bbox 596 2306 812 2379; x_wconf 76' lang='grc' dir='ltr'><strong>μείζους</strong></span> <span class='ocrx_word' id='word_1_295' title='bbox 840 2308 1047 2362; x_wconf 77' lang='grc' dir='ltr'>ἑαυτῶν</span> <span class='ocrx_word' id='word_1_296' title='bbox 1077 2308 1316 2377; x_wconf 87' lang='grc' dir='ltr'>γίνεσθαι</span> <span class='ocrx_word' id='word_1_297' title='bbox 1341 2309 1479 2362; x_wconf 86' lang='grc' dir='ltr'>κατά</span> <span class='ocrx_word' id='word_1_298' title='bbox 1500 2325 1647 2370; x_wconf 86' lang='grc' dir='ltr'>τινας</span> 
     </span>
    </p>
   </div>
   <div class='ocr_carea' id='block_1_41' title="bbox 54 2392 1646 2469">
    <p class='ocr_par' dir='ltr' id='par_1_41' title="bbox 54 2392 1646 2469">
     <span class='ocr_line' id='line_1_41' title="bbox 54 2392 1646 2469; baseline 0.003 -23"><span class='ocrx_word' id='word_1_299' title='bbox 54 2392 444 2460; x_wconf 76' lang='grc' dir='ltr'>λανθανούσας</span> <span class='ocrx_word' id='word_1_300' title='bbox 465 2400 613 2467; x_wconf 78' lang='grc' dir='ltr'>ἡμᾶς</span> <span class='ocrx_word' id='word_1_301' title='bbox 638 2399 725 2450; x_wconf 83' lang='grc' dir='ltr'><strong>διὰ</strong></span> <span class='ocrx_word' id='word_1_302' title='bbox 756 2399 978 2469; x_wconf 83' lang='grc' dir='ltr'>μακρῶν</span> <span class='ocrx_word' id='word_1_303' title='bbox 1017 2399 1276 2468; x_wconf 83' lang='grc' dir='ltr'>περιόδων</span> <span class='ocrx_word' id='word_1_304' title='bbox 1307 2397 1646 2468; x_wconf 82' lang='grc' dir='ltr'>βραχυτάτας</span> 
     </span>
    </p>
   </div>
   <div class='ocr_carea' id='block_1_42' title="bbox 56 2487 1640 2559">
    <p class='ocr_par' dir='ltr' id='par_1_42' title="bbox 56 2487 1640 2559">
     <span class='ocr_line' id='line_1_42' title="bbox 56 2487 1640 2559; baseline 0.004 -25"><span class='ocrx_word' id='word_1_305' title='bbox 56 2487 414 2556; x_wconf 80' lang='grc' dir='ltr'>προσθήκας.</span> <span class='ocrx_word' id='word_1_306' title='bbox 450 2488 601 2540; x_wconf 79' lang='grc' dir='ltr'>Ἐπεὶ</span> <span class='ocrx_word' id='word_1_307' title='bbox 625 2488 682 2540; x_wconf 79' lang='grc' dir='ltr'>δὲ</span> <span class='ocrx_word' id='word_1_308' title='bbox 709 2489 801 2540; x_wconf 80' lang='grc' dir='ltr'><strong>καὶ</strong></span> <span class='ocrx_word' id='word_1_309' title='bbox 828 2489 1146 2558; x_wconf 84' lang='grc' dir='ltr'>ὠδινηθῆναι</span> <span class='ocrx_word' id='word_1_310' title='bbox 1178 2488 1273 2558; x_wconf 79' lang='grc' dir='ltr'>τὴν</span> <span class='ocrx_word' id='word_1_311' title='bbox 1301 2489 1401 2558; x_wconf 90' lang='grc' dir='ltr'><strong>γῆν</strong></span> <span class='ocrx_word' id='word_1_312' title='bbox 1431 2488 1524 2540; x_wconf 74' lang='grc' dir='ltr'><strong>καὶ</strong></span> <span class='ocrx_word' id='word_1_313' title='bbox 1545 2487 1640 2559; x_wconf 81' lang='grc' dir='ltr'>τὴν</span> 
     </span>
    </p>
   </div>
   <div class='ocr_carea' id='block_1_43' title="bbox 56 2577 1641 2649">
    <p class='ocr_par' dir='ltr' id='par_1_43' title="bbox 56 2577 1641 2649">
     <span class='ocr_line' id='line_1_43' title="bbox 56 2577 1641 2649; baseline 0.002 -22"><span class='ocrx_word' id='word_1_314' title='bbox 56 2577 401 2647; x_wconf 74' lang='grc' dir='ltr'>οἰκουμένην</span> <span class='ocrx_word' id='word_1_315' title='bbox 433 2577 713 2648; x_wconf 76' lang='grc' dir='ltr'>εἰρήκασιν</span> <span class='ocrx_word' id='word_1_316' title='bbox 742 2579 790 2631; x_wconf 82' lang='grc' dir='ltr'>οξ</span> <span class='ocrx_word' id='word_1_317' title='bbox 823 2577 1267 2648; x_wconf 77' lang='grc' dir='ltr'>ἐρμηνεύσαντες,</span> <span class='ocrx_word' id='word_1_318' title='bbox 1295 2577 1641 2649; x_wconf 78' lang='grc' dir='ltr'>ἐξακολουθή-</span> 
     </span>
    </p>
   </div>
   <div class='ocr_carea' id='block_1_44' title="bbox 59 2668 1640 2740">
    <p class='ocr_par' dir='ltr' id='par_1_44' title="bbox 59 2668 1640 2740">
     <span class='ocr_line' id='line_1_44' title="bbox 59 2668 1640 2740; baseline 0.001 -20"><span class='ocrx_word' id='word_1_319' title='bbox 59 2685 264 2731; x_wconf 80' lang='grc' dir='ltr'>σαντες</span> <span class='ocrx_word' id='word_1_320' title='bbox 291 2669 372 2739; x_wconf 87' lang='grc' dir='ltr'>τῷ</span> <span class='ocrx_word' id='word_1_321' title='bbox 410 2668 699 2739; x_wconf 81' lang='grc' dir='ltr'><strong>Ἐὄραῖκῷ,</strong></span> <span class='ocrx_word' id='word_1_322' title='bbox 725 2670 931 2740; x_wconf 84' lang='grc' dir='ltr'>μήποτε</span> <span class='ocrx_word' id='word_1_323' title='bbox 965 2669 1056 2720; x_wconf 80' lang='grc' dir='ltr'>καὶ</span> <span class='ocrx_word' id='word_1_324' title='bbox 1085 2669 1175 2721; x_wconf 70' lang='grc' dir='ltr'>ἐπὶ</span> <span class='ocrx_word' id='word_1_325' title='bbox 1202 2669 1299 2739; x_wconf 89' lang='grc' dir='ltr'><strong>τῆς</strong></span> <span class='ocrx_word' id='word_1_326' title='bbox 1327 2670 1426 2740; x_wconf 87' lang='grc' dir='ltr'><strong>γῆς</strong></span> <span class='ocrx_word' id='word_1_327' title='bbox 1447 2671 1505 2723; x_wconf 87' lang='grc' dir='ltr'>τὸ</span> <span class='ocrx_word' id='word_1_328' title='bbox 1539 2689 1640 2724; x_wconf 89' lang='grc' dir='ltr'>πα-</span> 
     </span>
    </p>
   </div>
   <div class='ocr_carea' id='block_1_45' title="bbox 60 2759 1637 2834">
    <p class='ocr_par' dir='ltr' id='par_1_45' title="bbox 60 2759 1637 2834">
     <span class='ocr_line' id='line_1_45' title="bbox 60 2759 1637 2834; baseline 0.003 -23"><span class='ocrx_word' id='word_1_329' title='bbox 60 2759 378 2832; x_wconf 84' lang='grc' dir='ltr'>ραπλήσιον</span> <span class='ocrx_word' id='word_1_330' title='bbox 419 2763 531 2824; x_wconf 88' lang='grc' dir='ltr'>τοῖς</span> <span class='ocrx_word' id='word_1_331' title='bbox 560 2760 708 2832; x_wconf 77' lang='grc' dir='ltr'>ὄρεσι</span> <span class='ocrx_word' id='word_1_332' title='bbox 736 2761 921 2831; x_wconf 78' lang='grc' dir='ltr'>νοῆσαι</span> <span class='ocrx_word' id='word_1_333' title='bbox 957 2762 1237 2832; x_wconf 79' lang='grc' dir='ltr'>προσήκει,</span> <span class='ocrx_word' id='word_1_334' title='bbox 1269 2761 1342 2824; x_wconf 82' lang='grc' dir='ltr'>ὡς</span> <span class='ocrx_word' id='word_1_335' title='bbox 1374 2761 1430 2829; x_wconf 82' lang='grc' dir='ltr'>ἐξ</span> <span class='ocrx_word' id='word_1_336' title='bbox 1452 2764 1637 2834; x_wconf 84' lang='grc' dir='ltr'>ἐτέρου</span> 
     </span>
    </p>
   </div>
   <div class='ocr_carea' id='block_1_46' title="bbox 1750 1945 3302 2022">
    <p class='ocr_par' dir='ltr' id='par_1_46' title="bbox 1750 1945 3302 2022">
     <span class='ocr_line' id='line_1_46' title="bbox 1750 1945 3302 2022; baseline 0.006 -26"><span class='ocrx_word' id='word_1_337' title='bbox 1750 1950 1803 1996; x_wconf 84' lang='grc' dir='ltr'>ει</span> <span class='ocrx_word' id='word_1_338' title='bbox 1835 1945 2260 2013; x_wconf 79' lang='lat' dir='ltr'><strong>magnitudinem</strong></span> <span class='ocrx_word' id='word_1_339' title='bbox 2304 1947 2594 2016; x_wconf 83' lang='lat' dir='ltr'><strong>accepisse.</strong></span> <span class='ocrx_word' id='word_1_340' title='bbox 2622 1945 2752 2000; x_wconf 83' lang='lat' dir='ltr'><strong>Nam</strong></span> <span class='ocrx_word' id='word_1_341' title='bbox 2791 1950 3008 2018; x_wconf 91' lang='lat' dir='ltr'><strong>quidam</strong></span> <span class='ocrx_word' id='word_1_342' title='bbox 3051 1965 3116 2004; x_wconf 85' lang='lat' dir='ltr'><strong>ex</strong></span> <span class='ocrx_word' id='word_1_343' title='bbox 3164 1952 3302 2022; x_wconf 82' lang='lat' dir='ltr'><strong>phy—</strong></span> 
     </span>
    </p>
   </div>
   <div class='ocr_carea' id='block_1_47' title="bbox 1750 2035 3290 2111">
    <p class='ocr_par' dir='ltr' id='par_1_47' title="bbox 1750 2035 3290 2111">
     <span class='ocr_line' id='line_1_47' title="bbox 1750 2035 3290 2111; baseline 0.006 -25"><span class='ocrx_word' id='word_1_344' title='bbox 1750 2035 1968 2105; x_wconf 81' lang='lat' dir='ltr'><strong>siologis</strong></span> <span class='ocrx_word' id='word_1_345' title='bbox 1995 2037 2260 2106; x_wconf 88' lang='lat' dir='ltr'><strong>hodieque</strong></span> <span class='ocrx_word' id='word_1_346' title='bbox 2285 2037 2455 2103; x_wconf 85' lang='lat' dir='ltr'><strong>aiunt,</strong></span> <span class='ocrx_word' id='word_1_347' title='bbox 2485 2045 2692 2093; x_wconf 88' lang='lat' dir='ltr'><strong>montes</strong></span> <span class='ocrx_word' id='word_1_348' title='bbox 2720 2055 2982 2104; x_wconf 88' lang='lat' dir='ltr'><strong>crescere,</strong></span> <span class='ocrx_word' id='word_1_349' title='bbox 3002 2055 3066 2095; x_wconf 88' lang='lat' dir='ltr'><strong>ac</strong></span> <span class='ocrx_word' id='word_1_350' title='bbox 3087 2049 3290 2111; x_wconf 73' lang='lat' dir='ltr'><strong>petras,</strong></span> 
     </span>
    </p>
   </div>
   <div class='ocr_carea' id='block_1_48' title="bbox 1749 2128 3302 2203">
    <p class='ocr_par' dir='ltr' id='par_1_48' title="bbox 1749 2128 3302 2203">
     <span class='ocr_line' id='line_1_48' title="bbox 1749 2128 3302 2203; baseline 0.006 -25"><span class='ocrx_word' id='word_1_351' title='bbox 1749 2128 1985 2197; x_wconf 84' lang='lat' dir='ltr'><strong>acceptis</strong></span> <span class='ocrx_word' id='word_1_352' title='bbox 2040 2129 2200 2200; x_wconf 80' lang='lat' dir='ltr'><strong>longo</strong></span> <span class='ocrx_word' id='word_1_353' title='bbox 2247 2138 2547 2201; x_wconf 89' lang='lat' dir='ltr'><strong>temporum</strong></span> <span class='ocrx_word' id='word_1_354' title='bbox 2601 2132 2871 2186; x_wconf 86' lang='lat' dir='ltr'><strong>curriculo</strong></span> <span class='ocrx_word' id='word_1_355' title='bbox 2903 2134 3150 2200; x_wconf 88' lang='lat' dir='ltr'><strong>modicis,</strong></span> <span class='ocrx_word' id='word_1_356' title='bbox 3183 2146 3302 2203; x_wconf 64' lang='lat' dir='ltr'><strong>qua:</strong></span> 
     </span>
    </p>
   </div>
   <div class='ocr_carea' id='block_1_49' title="bbox 1748 2217 3297 2292">
    <p class='ocr_par' dir='ltr' id='par_1_49' title="bbox 1748 2217 3297 2292">
     <span class='ocr_line' id='line_1_49' title="bbox 1748 2217 3297 2292; baseline 0.006 -23"><span class='ocrx_word' id='word_1_357' title='bbox 1748 2217 1906 2272; x_wconf 90' lang='lat' dir='ltr'><strong>nobis</strong></span> <span class='ocrx_word' id='word_1_358' title='bbox 1943 2218 2130 2284; x_wconf 88' lang='lat' dir='ltr'><strong>latent,</strong></span> <span class='ocrx_word' id='word_1_359' title='bbox 2157 2221 2525 2285; x_wconf 84' lang='lat' dir='ltr'><strong>incrementis,</strong></span> <span class='ocrx_word' id='word_1_360' title='bbox 2555 2224 2788 2292; x_wconf 85' lang='lat' dir='ltr'><strong>majores</strong></span> <span class='ocrx_word' id='word_1_361' title='bbox 2817 2226 3017 2279; x_wconf 89' lang='lat' dir='ltr'><strong>sensim</strong></span> <span class='ocrx_word' id='word_1_362' title='bbox 3052 2226 3297 2280; x_wconf 83' lang='lat' dir='ltr'><strong>evadere.</strong></span> 
     </span>
    </p>
   </div>
   <div class='ocr_carea' id='block_1_50' title="bbox 1746 2306 3298 2386">
    <p class='ocr_par' dir='ltr' id='par_1_50' title="bbox 1746 2306 3298 2386">
     <span class='ocr_line' id='line_1_50' title="bbox 1746 2306 3298 2386; baseline 0.005 -27"><span class='ocrx_word' id='word_1_363' title='bbox 1746 2306 1882 2372; x_wconf 86' lang='lat' dir='ltr'><strong>Quia</strong></span> <span class='ocrx_word' id='word_1_364' title='bbox 1925 2324 2051 2363; x_wconf 89' lang='lat' dir='ltr'><strong>vero</strong></span> <span class='ocrx_word' id='word_1_365' title='bbox 2100 2310 2446 2380; x_wconf 82' lang='lat' dir='ltr'><strong>interpretes,</strong></span> <span class='ocrx_word' id='word_1_366' title='bbox 2474 2312 2794 2368; x_wconf 77' lang='lat' dir='ltr'><strong>ilebraicum</strong></span> <span class='ocrx_word' id='word_1_367' title='bbox 2843 2324 3151 2386; x_wconf 86' lang='lat' dir='ltr'><strong>sequentes,</strong></span> <span class='ocrx_word' id='word_1_368' title='bbox 3193 2325 3298 2370; x_wconf 83' lang='lat' dir='ltr'><strong>ter-</strong></span> 
     </span>
    </p>
   </div>
   <div class='ocr_carea' id='block_1_51' title="bbox 1745 2401 3301 2471">
    <p class='ocr_par' dir='ltr' id='par_1_51' title="bbox 1745 2401 3301 2471">
     <span class='ocr_line' id='line_1_51' title="bbox 1745 2401 3301 2471; baseline 0.008 -21"><span class='ocrx_word' id='word_1_369' title='bbox 1745 2413 1861 2450; x_wconf 80' lang='lat' dir='ltr'><strong>ram</strong></span> <span class='ocrx_word' id='word_1_370' title='bbox 1910 2408 1963 2453; x_wconf 86' lang='lat' dir='ltr'><strong>et</strong></span> <span class='ocrx_word' id='word_1_371' title='bbox 2004 2401 2189 2455; x_wconf 85' lang='lat' dir='ltr'><strong>orbem</strong></span> <span class='ocrx_word' id='word_1_372' title='bbox 2241 2404 2538 2471; x_wconf 86' lang='lat' dir='ltr'><strong>parturisse</strong></span> <span class='ocrx_word' id='word_1_373' title='bbox 2565 2403 2846 2471; x_wconf 81' lang='lat' dir='ltr'><strong>dixerunt;</strong></span> <span class='ocrx_word' id='word_1_374' title='bbox 2881 2423 3010 2460; x_wconf 90' lang='lat' dir='ltr'><strong>num</strong></span> <span class='ocrx_word' id='word_1_375' title='bbox 3045 2409 3204 2462; x_wconf 86' lang='lat' dir='ltr'><strong>etiam</strong></span> <span class='ocrx_word' id='word_1_376' title='bbox 3233 2409 3301 2462; x_wconf 86' lang='lat' dir='ltr'><strong>de</strong></span> 
     </span>
    </p>
   </div>
   <div class='ocr_carea' id='block_1_52' title="bbox 1747 2492 3297 2568">
    <p class='ocr_par' dir='ltr' id='par_1_52' title="bbox 1747 2492 3297 2568">
     <span class='ocr_line' id='line_1_52' title="bbox 1747 2492 3297 2568; baseline 0.008 -27"><span class='ocrx_word' id='word_1_377' title='bbox 1747 2496 1891 2542; x_wconf 88' lang='lat' dir='ltr'><strong>terra</strong></span> <span class='ocrx_word' id='word_1_378' title='bbox 1943 2492 2094 2559; x_wconf 88' lang='lat' dir='ltr'><strong>paria</strong></span> <span class='ocrx_word' id='word_1_379' title='bbox 2127 2492 2194 2546; x_wconf 85' lang='lat' dir='ltr'><strong>iis</strong></span> <span class='ocrx_word' id='word_1_380' title='bbox 2239 2509 2358 2562; x_wconf 61' lang='lat' dir='ltr'><strong>qua</strong></span> <span class='ocrx_word' id='word_1_381' title='bbox 2389 2494 2455 2549; x_wconf 90' lang='lat' dir='ltr'><strong>de</strong></span> <span class='ocrx_word' id='word_1_382' title='bbox 2489 2498 2762 2551; x_wconf 89' lang='lat' dir='ltr'><strong>montibus</strong></span> <span class='ocrx_word' id='word_1_383' title='bbox 2795 2501 3034 2567; x_wconf 82' lang='lat' dir='ltr'><strong>cogitare</strong></span> <span class='ocrx_word' id='word_1_384' title='bbox 3060 2514 3155 2568; x_wconf 85' lang='lat' dir='ltr'><strong>par</strong></span> <span class='ocrx_word' id='word_1_385' title='bbox 3183 2502 3297 2553; x_wconf 86' lang='lat' dir='ltr'><strong>fue-</strong></span> 
     </span>
    </p>
   </div>
   <div class='ocr_carea' id='block_1_53' title="bbox 1746 2579 3406 2665">
    <p class='ocr_par' dir='ltr' id='par_1_53' title="bbox 1746 2579 3406 2665">
     <span class='ocr_line' id='line_1_53' title="bbox 1746 2579 3406 2665; baseline 0.007 -33"><span class='ocrx_word' id='word_1_386' title='bbox 1746 2579 1835 2642; x_wconf 90' lang='lat' dir='ltr'><strong>rit,</strong></span> <span class='ocrx_word' id='word_1_387' title='bbox 1875 2582 2030 2651; x_wconf 88' lang='lat' dir='ltr'><strong>quasi</strong></span> <span class='ocrx_word' id='word_1_388' title='bbox 2060 2581 2175 2650; x_wconf 88' lang='lat' dir='ltr'><strong>ipsa</strong></span> <span class='ocrx_word' id='word_1_389' title='bbox 2208 2598 2427 2651; x_wconf 90' lang='lat' dir='ltr'><strong>quoque</strong></span> <span class='ocrx_word' id='word_1_390' title='bbox 2464 2600 2530 2637; x_wconf 79' lang='lat' dir='ltr'><strong>ex</strong></span> <span class='ocrx_word' id='word_1_391' title='bbox 2569 2587 2675 2640; x_wconf 88' lang='lat' dir='ltr'><strong>alio</strong></span> <span class='ocrx_word' id='word_1_392' title='bbox 2707 2589 2973 2642; x_wconf 90' lang='lat' dir='ltr'><strong>elemento</strong></span> <span class='ocrx_word' id='word_1_393' title='bbox 3013 2591 3293 2659; x_wconf 84' lang='lat' dir='ltr'><strong>procedat,</strong></span> <span class='ocrx_word' id='word_1_394' title='bbox 3404 2663 3406 2665; x_wconf 87' lang='lat'><em>_</em></span> 
     </span>
    </p>
   </div>
   <div class='ocr_carea' id='block_1_54' title="bbox 1743 2671 3322 2748">
    <p class='ocr_par' dir='ltr' id='par_1_54' title="bbox 1743 2671 3322 2748">
     <span class='ocr_line' id='line_1_54' title="bbox 1743 2671 3322 2748; baseline 0.006 -21"><span class='ocrx_word' id='word_1_395' title='bbox 1743 2671 1817 2727; x_wconf 88' lang='lat' dir='ltr'><strong>ita</strong></span> <span class='ocrx_word' id='word_1_396' title='bbox 1853 2681 1910 2726; x_wconf 90' lang='lat' dir='ltr'><strong>ut</strong></span> <span class='ocrx_word' id='word_1_397' title='bbox 1933 2673 2095 2727; x_wconf 87' lang='lat' dir='ltr'><strong>etiam</strong></span> <span class='ocrx_word' id='word_1_398' title='bbox 2133 2675 2221 2726; x_wconf 88' lang='lat' dir='ltr'><strong>illa</strong></span> <span class='ocrx_word' id='word_1_399' title='bbox 2254 2675 2426 2742; x_wconf 87' lang='lat' dir='ltr'><strong>prius,</strong></span> <span class='ocrx_word' id='word_1_400' title='bbox 2459 2677 2614 2744; x_wconf 84' lang='lat' dir='ltr'><strong>quasi</strong></span> <span class='ocrx_word' id='word_1_401' title='bbox 2649 2692 2679 2729; x_wconf 89' lang='lat' dir='ltr'><strong>a</strong></span> <span class='ocrx_word' id='word_1_402' title='bbox 2710 2680 3114 2748; x_wconf 66' lang='lat' dir='ltr'><strong>praegnantibus</strong></span> <span class='ocrx_word' id='word_1_403' title='bbox 3153 2689 3206 2736; x_wconf 84' lang='lat' dir='ltr'><strong>et</strong></span> <span class='ocrx_word' id='word_1_404' title='bbox 3236 2683 3289 2736; x_wconf 90' lang='lat' dir='ltr'><strong>in</strong></span> <span class='ocrx_word' id='word_1_405' title='bbox 3317 2687 3322 2694; x_wconf 81' lang='lat'>&#39;</span> 
     </span>
    </p>
   </div>
   <div class='ocr_carea' id='block_1_55' title="bbox 1743 2763 2944 2835">
    <p class='ocr_par' dir='ltr' id='par_1_55' title="bbox 1743 2763 2944 2835">
     <span class='ocr_line' id='line_1_55' title="bbox 1743 2763 2944 2835; baseline 0.006 -19"><span class='ocrx_word' id='word_1_406' title='bbox 1743 2772 1899 2834; x_wconf 89' lang='lat' dir='ltr'><strong>partu</strong></span> <span class='ocrx_word' id='word_1_407' title='bbox 1922 2763 2136 2818; x_wconf 77' lang='lat' dir='ltr'><strong>dulores</strong></span> <span class='ocrx_word' id='word_1_408' title='bbox 2164 2765 2514 2834; x_wconf 84' lang='lat' dir='ltr'><strong>patientibus,</strong></span> <span class='ocrx_word' id='word_1_409' title='bbox 2548 2768 2944 2835; x_wconf 83' lang='lat' dir='ltr'><strong>parturiretur?</strong></span> 
     </span>
    </p>
   </div>
   <div class='ocr_carea' id='block_1_56' title="bbox 62 2852 3298 2930">
    <p class='ocr_par' dir='ltr' id='par_1_56' title="bbox 62 2852 3298 2930">
     <span class='ocr_line' id='line_1_56' title="bbox 62 2852 3298 2930; baseline 0.003 -26"><span class='ocrx_word' id='word_1_410' title='bbox 62 2852 344 2923; x_wconf 81' lang='grc' dir='ltr'>στοιχείου</span> <span class='ocrx_word' id='word_1_411' title='bbox 368 2853 731 2924; x_wconf 80' lang='grc' dir='ltr'>προελθούσης</span> <span class='ocrx_word' id='word_1_412' title='bbox 760 2852 950 2922; x_wconf 78' lang='grc' dir='ltr'>αὐτῆς,</span> <span class='ocrx_word' id='word_1_413' title='bbox 991 2853 1369 2926; x_wconf 76' lang='grc' dir='ltr'>καὶπρότερον</span> <span class='ocrx_word' id='word_1_414' title='bbox 1428 2855 1523 2924; x_wconf 75' lang='grc' dir='ltr'>μὲν</span> <span class='ocrx_word' id='word_1_415' title='bbox 1580 2855 1924 2926; x_wconf 78' lang='grc' dir='ltr'>ὼδινηθείσης</span> <span class='ocrx_word' id='word_1_416' title='bbox 1953 2855 2120 2926; x_wconf 36' lang='grc' dir='ltr'>ζδίκην</span> <span class='ocrx_word' id='word_1_417' title='bbox 2172 2855 2278 2909; x_wconf 84' lang='grc' dir='ltr'><strong>τῶν</strong></span> <span class='ocrx_word' id='word_1_418' title='bbox 2319 2857 2716 2929; x_wconf 82' lang='grc' dir='ltr'>κυοφορουσῶν,</span> <span class='ocrx_word' id='word_1_419' title='bbox 2746 2861 2836 2911; x_wconf 71' lang='grc' dir='ltr'><strong>καὶ</strong></span> <span class='ocrx_word' id='word_1_420' title='bbox 2861 2862 2917 2912; x_wconf 75' lang='grc' dir='ltr'><strong>ἐν</strong></span> <span class='ocrx_word' id='word_1_421' title='bbox 2955 2859 3033 2930; x_wconf 82' lang='grc' dir='ltr'>τῷ</span> <span class='ocrx_word' id='word_1_422' title='bbox 3091 2861 3298 2914; x_wconf 79' lang='grc' dir='ltr'>τίκτειν</span> 
     </span>
    </p>
   </div>
   <div class='ocr_carea' id='block_1_57' title="bbox 64 2947 709 3018">
    <p class='ocr_par' dir='ltr' id='par_1_57' title="bbox 64 2947 709 3018">
     <span class='ocr_line' id='line_1_57' title="bbox 64 2947 709 3018; baseline 0.003 -20"><span class='ocrx_word' id='word_1_423' title='bbox 64 2948 460 3018; x_wconf 71' lang='grc' dir='ltr'>ὑπομενουσῶν</span> <span class='ocrx_word' id='word_1_424' title='bbox 481 2947 674 3010; x_wconf 76' lang='grc' dir='ltr'>ὠδῖνας</span> <span class='ocrx_word' id='word_1_425' title='bbox 694 2964 709 3014; x_wconf 89' lang='grc'>;</span> 
     </span>
    </p>
   </div>
   <div class='ocr_carea' id='block_1_58' title="bbox 132 3029 1639 3135">
    <p class='ocr_par' dir='ltr' id='par_1_58' title="bbox 132 3029 1639 3135">
     <span class='ocr_line' id='line_1_58' title="bbox 132 3029 1639 3135; baseline -0.001 -17"><span class='ocrx_word' id='word_1_426' title='bbox 132 3066 201 3118; x_wconf 80' lang='grc' dir='ltr'><strong>Εἰ</strong></span> <span class='ocrx_word' id='word_1_427' title='bbox 231 3065 280 3118; x_wconf 78' lang='grc' dir='ltr'>δ’</span> <span class='ocrx_word' id='word_1_428' title='bbox 309 3060 402 3118; x_wconf 79' lang='grc' dir='ltr'>οὖν</span> <span class='ocrx_word' id='word_1_429' title='bbox 453 3064 774 3135; x_wconf 83' lang='grc' dir='ltr'>συνέστηκεν</span> <span class='ocrx_word' id='word_1_430' title='bbox 810 3063 838 3114; x_wconf 81' lang='grc' dir='ltr'><strong>ὁ</strong></span> <span class='ocrx_word' id='word_1_431' title='bbox 864 3063 980 3118; x_wconf 72' lang='grc' dir='ltr'><strong>τῶν</strong></span> <span class='ocrx_word' id='word_1_432' title='bbox 1023 3064 1262 3133; x_wconf 82' lang='grc' dir='ltr'>φυσικῶν</span> <span class='ocrx_word' id='word_1_433' title='bbox 1300 3063 1453 3132; x_wconf 84' lang='grc' dir='ltr'>λόγος</span> <span class='ocrx_word' id='word_1_434' title='bbox 1484 3066 1512 3117; x_wconf 83' lang='grc' dir='ltr'>ὁ</span> <span class='ocrx_word' id='word_1_435' title='bbox 1540 3029 1639 3133; x_wconf 54' lang='grc' dir='ltr'><strong>ιῖρά-</strong></span> 
     </span>
    </p>
   </div>
   <div class='ocr_carea' id='block_1_59' title="bbox 1741 3029 3292 3135">
    <p class='ocr_par' dir='ltr' id='par_1_59' title="bbox 1817 3061 3292 3134">
     <span class='ocr_line' id='line_1_59' title="bbox 1817 3061 3292 3134; baseline 0.001 -17"><span class='ocrx_word' id='word_1_436' title='bbox 1817 3061 1876 3117; x_wconf 85' lang='lat' dir='ltr'><strong>Si</strong></span> <span class='ocrx_word' id='word_1_437' title='bbox 1903 3063 2084 3134; x_wconf 81' lang='lat' dir='ltr'><strong>itaque</strong></span> <span class='ocrx_word' id='word_1_438' title='bbox 2108 3062 2456 3134; x_wconf 78' lang='lat' dir='ltr'><strong>physicorum</strong></span> <span class='ocrx_word' id='word_1_439' title='bbox 2489 3076 2667 3118; x_wconf 84' lang='lat' dir='ltr'><strong>sermo</strong></span> <span class='ocrx_word' id='word_1_440' title='bbox 2691 3068 2923 3126; x_wconf 90' lang='lat' dir='ltr'><strong>constet,</strong></span> <span class='ocrx_word' id='word_1_441' title='bbox 2955 3062 3046 3132; x_wconf 85' lang='lat' dir='ltr'><strong>qui</strong></span> <span class='ocrx_word' id='word_1_442' title='bbox 3079 3067 3154 3116; x_wconf 88' lang='lat' dir='ltr'><strong>ait</strong></span> <span class='ocrx_word' id='word_1_443' title='bbox 3177 3067 3292 3134; x_wconf 84' lang='lat' dir='ltr'><strong>pri-</strong></span> 
     </span>
    </p>
   </div>
   <div class='ocr_carea' id='block_1_60' title="bbox 66 3152 1643 3230">
    <p class='ocr_par' dir='ltr' id='par_1_60' title="bbox 66 3152 1643 3230">
     <span class='ocr_line' id='line_1_60' title="bbox 66 3152 1643 3230; baseline 0 -21"><span class='ocrx_word' id='word_1_444' title='bbox 66 3174 237 3223; x_wconf 86' lang='grc' dir='ltr'>σκων,</span> <span class='ocrx_word' id='word_1_445' title='bbox 275 3157 493 3230; x_wconf 83' lang='grc' dir='ltr'>πρῶτον</span> <span class='ocrx_word' id='word_1_446' title='bbox 543 3161 800 3228; x_wconf 72' lang='grc' dir='ltr'>στοιχεῖον</span> <span class='ocrx_word' id='word_1_447' title='bbox 839 3156 1115 3226; x_wconf 83' lang='grc' dir='ltr'>γεγονέναι</span> <span class='ocrx_word' id='word_1_448' title='bbox 1145 3157 1204 3210; x_wconf 76' lang='grc' dir='ltr'><strong>τὸ</strong></span> <span class='ocrx_word' id='word_1_449' title='bbox 1245 3156 1406 3228; x_wconf 78' lang='grc' dir='ltr'>ὕδωρ,</span> <span class='ocrx_word' id='word_1_450' title='bbox 1429 3152 1545 3209; x_wconf 76' lang='grc' dir='ltr'>εἶτα</span> <span class='ocrx_word' id='word_1_451' title='bbox 1585 3156 1643 3222; x_wconf 78' lang='grc' dir='ltr'>ἐξ</span> 
     </span>
    </p>
   </div>
   <div class='ocr_carea' id='block_1_61' title="bbox 65 3248 1645 3322">
    <p class='ocr_par' dir='ltr' id='par_1_61' title="bbox 65 3248 1645 3322">
     <span class='ocr_line' id='line_1_61' title="bbox 65 3248 1645 3322; baseline 0.001 -21"><span class='ocrx_word' id='word_1_452' title='bbox 65 3249 262 3313; x_wconf 71' lang='grc' dir='ltr'>ὓδατος</span> <span class='ocrx_word' id='word_1_453' title='bbox 312 3251 404 3302; x_wconf 81' lang='grc' dir='ltr'><strong>καὶ</strong></span> <span class='ocrx_word' id='word_1_454' title='bbox 454 3251 550 3320; x_wconf 88' lang='grc' dir='ltr'><strong>τῆς</strong></span> <span class='ocrx_word' id='word_1_455' title='bbox 594 3251 766 3322; x_wconf 72' lang='grc' dir='ltr'>ὑγρᾶς</span> <span class='ocrx_word' id='word_1_456' title='bbox 806 3250 991 3313; x_wconf 82' lang='grc' dir='ltr'>οὐσίας</span> <span class='ocrx_word' id='word_1_457' title='bbox 1041 3248 1336 3319; x_wconf 81' lang='grc' dir='ltr'>ὑποστῆναι</span> <span class='ocrx_word' id='word_1_458' title='bbox 1375 3249 1442 3302; x_wconf 89' lang='grc' dir='ltr'><strong>τά</strong></span> <span class='ocrx_word' id='word_1_459' title='bbox 1484 3249 1645 3303; x_wconf 70' lang='grc' dir='ltr'>λοιπὰ</span> 
     </span>
    </p>
   </div>
   <div class='ocr_carea' id='block_1_62' title="bbox 70 3339 1643 3412">
    <p class='ocr_par' dir='ltr' id='par_1_62' title="bbox 70 3339 1643 3412">
     <span class='ocr_line' id='line_1_62' title="bbox 70 3339 1643 3412; baseline 0.003 -22"><span class='ocrx_word' id='word_1_460' title='bbox 70 3342 316 3408; x_wconf 84' lang='grc' dir='ltr'>στοιχεῖα</span> <span class='ocrx_word' id='word_1_461' title='bbox 337 3356 348 3367; x_wconf 92' lang='grc'>·</span> <span class='ocrx_word' id='word_1_462' title='bbox 380 3339 524 3392; x_wconf 82' lang='grc' dir='ltr'>εῐποι</span> <span class='ocrx_word' id='word_1_463' title='bbox 575 3340 639 3393; x_wconf 76' lang='grc' dir='ltr'>ἄν</span> <span class='ocrx_word' id='word_1_464' title='bbox 667 3352 750 3404; x_wconf 85' lang='grc' dir='ltr'><strong>τις</strong></span> <span class='ocrx_word' id='word_1_465' title='bbox 790 3341 947 3393; x_wconf 77' lang='grc' dir='ltr'>τοῦτο</span> <span class='ocrx_word' id='word_1_466' title='bbox 985 3342 1078 3394; x_wconf 74' lang='grc' dir='ltr'><strong>καὶ</strong></span> <span class='ocrx_word' id='word_1_467' title='bbox 1107 3343 1199 3394; x_wconf 82' lang='grc' dir='ltr'>ἐπὶ</span> <span class='ocrx_word' id='word_1_468' title='bbox 1235 3343 1333 3412; x_wconf 89' lang='grc' dir='ltr'><strong>τῆς</strong></span> <span class='ocrx_word' id='word_1_469' title='bbox 1369 3342 1643 3412; x_wconf 84' lang='grc' dir='ltr'>παρούσης</span> 
     </span>
    </p>
   </div>
   <div class='ocr_carea' id='block_1_63' title="bbox 68 3416 1641 3505">
    <p class='ocr_par' dir='ltr' id='par_1_63' title="bbox 68 3416 1641 3505">
     <span class='ocr_line' id='line_1_63' title="bbox 68 3416 1641 3505; baseline 0.004 -25"><span class='ocrx_word' id='word_1_470' title='bbox 68 3429 294 3501; x_wconf 75' lang='grc' dir='ltr'>Γραφῆς</span> <span class='ocrx_word' id='word_1_471' title='bbox 333 3431 688 3501; x_wconf 81' lang='grc' dir='ltr'>σημαίνεσθαι</span> <span class='ocrx_word' id='word_1_472' title='bbox 731 3432 1014 3503; x_wconf 79' lang='grc' dir='ltr'>δηλούσης,</span> <span class='ocrx_word' id='word_1_473' title='bbox 1057 3435 1137 3486; x_wconf 81' lang='grc' dir='ltr'>ὅτι</span> <span class='ocrx_word' id='word_1_474' title='bbox 1167 3429 1235 3503; x_wconf 80' lang='grc' dir='ltr'><strong>ῆν</strong></span> <span class='ocrx_word' id='word_1_475' title='bbox 1268 3435 1354 3485; x_wconf 84' lang='grc' dir='ltr'>ὅτε</span> <span class='ocrx_word' id='word_1_476' title='bbox 1386 3416 1641 3505; x_wconf 47' lang='grc' dir='ltr'>ἐν’ἑτέρῳ</span> 
     </span>
    </p>
   </div>
   <div class='ocr_carea' id='block_1_64' title="bbox 65 3519 1642 3596">
    <p class='ocr_par' dir='ltr' id='par_1_64' title="bbox 65 3519 1642 3596">
     <span class='ocr_line' id='line_1_64' title="bbox 65 3519 1642 3596; baseline 0.003 -23"><span class='ocrx_word' id='word_1_477' title='bbox 65 3520 200 3576; x_wconf 72' lang='grc' dir='ltr'>οὖσα</span> <span class='ocrx_word' id='word_1_478' title='bbox 225 3525 261 3593; x_wconf 82' lang='grc' dir='ltr'>ἠ</span> <span class='ocrx_word' id='word_1_479' title='bbox 288 3523 363 3592; x_wconf 88' lang='grc' dir='ltr'><strong>γῆ</strong></span> <span class='ocrx_word' id='word_1_480' title='bbox 388 3523 631 3594; x_wconf 82' lang='grc' dir='ltr'>στοιχείῳ</span> <span class='ocrx_word' id='word_1_481' title='bbox 653 3523 858 3594; x_wconf 83' lang='grc' dir='ltr'>ἀφανὴς</span> <span class='ocrx_word' id='word_1_482' title='bbox 886 3519 974 3592; x_wconf 80' lang='grc' dir='ltr'><strong>ῆν,</strong></span> <span class='ocrx_word' id='word_1_483' title='bbox 1003 3525 1272 3594; x_wconf 87' lang='grc' dir='ltr'>κυουμένη</span> <span class='ocrx_word' id='word_1_484' title='bbox 1296 3525 1390 3576; x_wconf 68' lang='grc' dir='ltr'><strong>κα)¹</strong></span> <span class='ocrx_word' id='word_1_485' title='bbox 1416 3525 1642 3596; x_wconf 81' lang='grc' dir='ltr'>συλλαμ-</span> 
     </span>
    </p>
   </div>
   <div class='ocr_carea' id='block_1_65' title="bbox 69 3612 1640 3687">
    <p class='ocr_par' dir='ltr' id='par_1_65' title="bbox 69 3612 1640 3687">
     <span class='ocr_line' id='line_1_65' title="bbox 69 3612 1640 3687; baseline 0.003 -22"><span class='ocrx_word' id='word_1_486' title='bbox 69 3615 344 3686; x_wconf 66' lang='grc' dir='ltr'>ϐανομένη</span> <span class='ocrx_word' id='word_1_487' title='bbox 373 3616 432 3669; x_wconf 87' lang='grc' dir='ltr'>ὲν</span> <span class='ocrx_word' id='word_1_488' title='bbox 474 3619 538 3687; x_wconf 77' lang='grc' dir='ltr'>τῇ</span> <span class='ocrx_word' id='word_1_489' title='bbox 570 3615 728 3685; x_wconf 82' lang='grc' dir='ltr'>φύσει</span> <span class='ocrx_word' id='word_1_490' title='bbox 756 3612 852 3686; x_wconf 86' lang='grc' dir='ltr'><strong>τῆς</strong></span> <span class='ocrx_word' id='word_1_491' title='bbox 896 3617 1067 3687; x_wconf 66' lang='grc' dir='ltr'>ὑγρᾶς</span> <span class='ocrx_word' id='word_1_492' title='bbox 1106 3616 1306 3679; x_wconf 73' lang='grc' dir='ltr'>οὐσίας.</span> <span class='ocrx_word' id='word_1_493' title='bbox 1337 3616 1426 3668; x_wconf 89' lang='grc' dir='ltr'><strong>Διὸ</strong></span> <span class='ocrx_word' id='word_1_494' title='bbox 1459 3618 1551 3669; x_wconf 80' lang='grc' dir='ltr'>καὶ</span> <span class='ocrx_word' id='word_1_495' title='bbox 1583 3620 1640 3669; x_wconf 81' lang='grc' dir='ltr'><strong>ἐν</strong></span> 
     </span>
    </p>
   </div>
   <div class='ocr_carea' id='block_1_66' title="bbox 68 3704 1639 3781">
    <p class='ocr_par' dir='ltr' id='par_1_66' title="bbox 68 3704 1639 3781">
     <span class='ocr_line' id='line_1_66' title="bbox 68 3704 1639 3781; baseline 0.002 -23"><span class='ocrx_word' id='word_1_496' title='bbox 68 3711 131 3778; x_wconf 80' lang='grc' dir='ltr'>τῇ</span> <span class='ocrx_word' id='word_1_497' title='bbox 176 3709 507 3781; x_wconf 66' lang='grc' dir='ltr'><strong>κοεεονμοποιίει⁵</strong></span> <span class='ocrx_word' id='word_1_498' title='bbox 546 3709 786 3781; x_wconf 71' lang='grc' dir='ltr'>εἴρηται·</span> <span class='ocrx_word' id='word_1_499' title='bbox 829 3707 897 3760; x_wconf 85' lang='grc' dir='ltr'><em>Ἥ</em></span> <span class='ocrx_word' id='word_1_500' title='bbox 938 3708 1005 3761; x_wconf 83' lang='grc' dir='ltr'>δὲ</span> <span class='ocrx_word' id='word_1_501' title='bbox 1042 3706 1118 3778; x_wconf 75' lang='grc' dir='ltr'>τῆ</span> <span class='ocrx_word' id='word_1_502' title='bbox 1153 3704 1234 3778; x_wconf 76' lang='grc' dir='ltr'><strong>ἦν</strong></span> <span class='ocrx_word' id='word_1_503' title='bbox 1265 3708 1509 3775; x_wconf 78' lang='grc' dir='ltr'>ἀόρατος</span> <span class='ocrx_word' id='word_1_504' title='bbox 1542 3708 1639 3761; x_wconf 78' lang='grc' dir='ltr'><strong>καὶ</strong></span> 
     </span>
    </p>
   </div>
   <div class='ocr_carea' id='block_1_67' title="bbox 70 3797 1637 3867">
    <p class='ocr_par' dir='ltr' id='par_1_67' title="bbox 70 3797 1637 3867">
     <span class='ocr_line' id='line_1_67' title="bbox 70 3797 1637 3867; baseline 0.001 -17"><span class='ocrx_word' id='word_1_505' title='bbox 70 3800 635 3867; x_wconf 67' lang='grc' dir='ltr'>ἀεατασκεύαστοςο</span> <span class='ocrx_word' id='word_1_506' title='bbox 678 3801 775 3854; x_wconf 73' lang='grc' dir='ltr'>καὶ</span> <span class='ocrx_word' id='word_1_507' title='bbox 814 3802 1032 3866; x_wconf 82' lang='grc' dir='ltr'>σκότος</span> <span class='ocrx_word' id='word_1_508' title='bbox 1076 3799 1272 3852; x_wconf 78' lang='grc' dir='ltr'>ἐπάνω</span> <span class='ocrx_word' id='word_1_509' title='bbox 1313 3797 1422 3867; x_wconf 83' lang='grc' dir='ltr'><strong>τῆς</strong></span> <span class='ocrx_word' id='word_1_510' title='bbox 1449 3799 1637 3853; x_wconf 76' lang='grc' dir='ltr'>ἀϐύσ-</span> 
     </span>
    </p>
   </div>
   <div class='ocr_carea' id='block_1_68' title="bbox 73 3889 1636 3963">
    <p class='ocr_par' dir='ltr' id='par_1_68' title="bbox 73 3889 1636 3963">
     <span class='ocr_line' id='line_1_68' title="bbox 73 3889 1636 3963; baseline -0.001 -20"><span class='ocrx_word' id='word_1_511' title='bbox 73 3907 218 3945; x_wconf 76' lang='grc' dir='ltr'>σου·</span> <span class='ocrx_word' id='word_1_512' title='bbox 255 3893 373 3946; x_wconf 72' lang='grc' dir='ltr'>ἀλλ’</span> <span class='ocrx_word' id='word_1_513' title='bbox 420 3892 642 3963; x_wconf 79' lang='grc' dir='ltr'>ὕστερον</span> <span class='ocrx_word' id='word_1_514' title='bbox 682 3892 869 3963; x_wconf 85' lang='grc' dir='ltr'>ὥσπερ</span> <span class='ocrx_word' id='word_1_515' title='bbox 918 3889 1341 3960; x_wconf 87' lang='grc' dir='ltr'>ἀπογεννηθεῖσα</span> <span class='ocrx_word' id='word_1_516' title='bbox 1372 3889 1636 3960; x_wconf 83' lang='grc' dir='ltr'>προῆλθεν</span> 
     </span>
    </p>
   </div>
   <div class='ocr_carea' id='block_1_69' title="bbox 72 3980 1636 4054">
    <p class='ocr_par' dir='ltr' id='par_1_69' title="bbox 72 3980 1636 4054">
     <span class='ocr_line' id='line_1_69' title="bbox 72 3980 1636 4054; baseline 0 -22"><span class='ocrx_word' id='word_1_517' title='bbox 72 3983 133 4033; x_wconf 83' lang='grc' dir='ltr'><strong>ἐκ</strong></span> <span class='ocrx_word' id='word_1_518' title='bbox 159 3983 260 4054; x_wconf 76' lang='grc' dir='ltr'><strong>τῆς</strong></span> <span class='ocrx_word' id='word_1_519' title='bbox 284 3983 394 4035; x_wconf 88' lang='grc' dir='ltr'><strong>τῶν</strong></span> <span class='ocrx_word' id='word_1_520' title='bbox 419 3984 620 4037; x_wconf 83' lang='grc' dir='ltr'>ὑδάτων</span> <span class='ocrx_word' id='word_1_521' title='bbox 652 3983 856 4045; x_wconf 79' lang='grc' dir='ltr'>ούσίας,</span> <span class='ocrx_word' id='word_1_522' title='bbox 900 3983 996 4034; x_wconf 84' lang='grc' dir='ltr'>οὐκ</span> <span class='ocrx_word' id='word_1_523' title='bbox 1027 3981 1152 4035; x_wconf 77' lang='grc' dir='ltr'>ἄνευ</span> <span class='ocrx_word' id='word_1_524' title='bbox 1181 3980 1328 4043; x_wconf 86' lang='grc' dir='ltr'>θείας</span> <span class='ocrx_word' id='word_1_525' title='bbox 1361 3980 1636 4050; x_wconf 80' lang='grc' dir='ltr'>δυνάμεως</span> 
     </span>
    </p>
   </div>
   <div class='ocr_carea' id='block_1_70' title="bbox 74 4071 1634 4146">
    <p class='ocr_par' dir='ltr' id='par_1_70' title="bbox 74 4071 1634 4146">
     <span class='ocr_line' id='line_1_70' title="bbox 74 4071 1634 4146; baseline 0 -23"><span class='ocrx_word' id='word_1_526' title='bbox 74 4075 162 4124; x_wconf 77' lang='grc' dir='ltr'><strong>καὶ</strong></span> <span class='ocrx_word' id='word_1_527' title='bbox 190 4076 496 4146; x_wconf 85' lang='grc' dir='ltr'>κρείττονος</span> <span class='ocrx_word' id='word_1_528' title='bbox 535 4075 777 4144; x_wconf 82' lang='grc' dir='ltr'>ἀνάγκης</span> <span class='ocrx_word' id='word_1_529' title='bbox 817 4073 1157 4142; x_wconf 75' lang='grc' dir='ltr'>ἐπιτεθείσης</span> <span class='ocrx_word' id='word_1_530' title='bbox 1193 4074 1360 4144; x_wconf 80' lang='grc' dir='ltr'>αὐτῇ·</span> <span class='ocrx_word' id='word_1_531' title='bbox 1397 4071 1533 4141; x_wconf 76' lang='grc' dir='ltr'>αὕτη</span> <span class='ocrx_word' id='word_1_532' title='bbox 1579 4072 1634 4124; x_wconf 82' lang='grc' dir='ltr'>δὲ</span> 
     </span>
    </p>
   </div>
   <div class='ocr_carea' id='block_1_71' title="bbox 73 4159 1637 4238">
    <p class='ocr_par' dir='ltr' id='par_1_71' title="bbox 73 4159 1637 4238">
     <span class='ocr_line' id='line_1_71' title="bbox 73 4159 1637 4238; baseline 0.001 -24"><span class='ocrx_word' id='word_1_533' title='bbox 73 4159 135 4232; x_wconf 77' lang='grc' dir='ltr'>ἦν</span> <span class='ocrx_word' id='word_1_534' title='bbox 160 4167 191 4236; x_wconf 77' lang='grc' dir='ltr'>ἡ</span> <span class='ocrx_word' id='word_1_535' title='bbox 219 4166 318 4218; x_wconf 84' lang='grc' dir='ltr'>τοῦ</span> <span class='ocrx_word' id='word_1_536' title='bbox 352 4166 694 4238; x_wconf 82' lang='grc' dir='ltr'>Δημιουργοῦ</span> <span class='ocrx_word' id='word_1_537' title='bbox 730 4165 997 4236; x_wconf 82' lang='grc' dir='ltr'>βούλησις.</span> <span class='ocrx_word' id='word_1_538' title='bbox 1027 4165 1112 4226; x_wconf 79' lang='grc' dir='ltr'>Ὠς</span> <span class='ocrx_word' id='word_1_539' title='bbox 1137 4163 1243 4236; x_wconf 76' lang='grc' dir='ltr'><strong>γὰρ</strong></span> <span class='ocrx_word' id='word_1_540' title='bbox 1272 4165 1362 4215; x_wconf 76' lang='grc' dir='ltr'>ἐπὶ</span> <span class='ocrx_word' id='word_1_541' title='bbox 1392 4163 1497 4215; x_wconf 88' lang='grc' dir='ltr'><strong>τῶν</strong></span> <span class='ocrx_word' id='word_1_542' title='bbox 1519 4180 1637 4215; x_wconf 88' lang='grc' dir='ltr'>κυο-</span> 
     </span>
    </p>
   </div>
   <div class='ocr_carea' id='block_1_72' title="bbox 76 4253 1634 4325">
    <p class='ocr_par' dir='ltr' id='par_1_72' title="bbox 76 4253 1634 4325">
     <span class='ocr_line' id='line_1_72' title="bbox 76 4253 1634 4325; baseline 0.001 -21"><span class='ocrx_word' id='word_1_543' title='bbox 76 4255 349 4323; x_wconf 71' lang='grc' dir='ltr'>φορουσῶν</span> <span class='ocrx_word' id='word_1_544' title='bbox 391 4255 681 4324; x_wconf 85' lang='grc' dir='ltr'>γυναικῶν,</span> <span class='ocrx_word' id='word_1_545' title='bbox 715 4255 834 4325; x_wconf 83' lang='grc' dir='ltr'>βίας</span> <span class='ocrx_word' id='word_1_546' title='bbox 879 4255 973 4307; x_wconf 73' lang='grc' dir='ltr'><strong>καὶ</strong></span> <span class='ocrx_word' id='word_1_547' title='bbox 1020 4254 1261 4325; x_wconf 82' lang='grc' dir='ltr'>ἀνάγκης</span> <span class='ocrx_word' id='word_1_548' title='bbox 1308 4253 1634 4323; x_wconf 77' lang='grc' dir='ltr'>ἐπελθούσης</span> 
     </span>
    </p>
   </div>
   <div class='ocr_carea' id='block_1_73' title="bbox 74 4345 1632 4420">
    <p class='ocr_par' dir='ltr' id='par_1_73' title="bbox 74 4345 1632 4420">
     <span class='ocr_line' id='line_1_73' title="bbox 74 4345 1632 4420; baseline 0.002 -25"><span class='ocrx_word' id='word_1_549' title='bbox 74 4345 281 4412; x_wconf 78' lang='grc' dir='ltr'>αὑταῖς,</span> <span class='ocrx_word' id='word_1_550' title='bbox 310 4348 370 4401; x_wconf 81' lang='grc' dir='ltr'>τὸ</span> <span class='ocrx_word' id='word_1_551' title='bbox 399 4348 539 4402; x_wconf 85' lang='grc' dir='ltr'>κατὰ</span> <span class='ocrx_word' id='word_1_552' title='bbox 574 4348 809 4420; x_wconf 76' lang='grc' dir='ltr'>γαστρὸς</span> <span class='ocrx_word' id='word_1_553' title='bbox 854 4348 1172 4418; x_wconf 86' lang='grc' dir='ltr'>προάγεται,</span> <span class='ocrx_word' id='word_1_554' title='bbox 1207 4347 1299 4400; x_wconf 78' lang='grc' dir='ltr'>τοῦ</span> <span class='ocrx_word' id='word_1_555' title='bbox 1333 4346 1632 4419; x_wconf 85' lang='grc' dir='ltr'>ὡρισμένου</span> 
     </span>
    </p>
   </div>
   <div class='ocr_carea' id='block_1_74' title="bbox 1748 3153 3292 3225">
    <p class='ocr_par' dir='ltr' id='par_1_74' title="bbox 1748 3153 3292 3225">
     <span class='ocr_line' id='line_1_74' title="bbox 1748 3153 3292 3225; baseline 0.001 -15"><span class='ocrx_word' id='word_1_556' title='bbox 1748 3171 1894 3210; x_wconf 90' lang='lat' dir='ltr'><strong>mum</strong></span> <span class='ocrx_word' id='word_1_557' title='bbox 1932 3156 2258 3211; x_wconf 86' lang='lat' dir='ltr'><strong>elementum</strong></span> <span class='ocrx_word' id='word_1_558' title='bbox 2311 3153 2483 3210; x_wconf 82' lang='lat' dir='ltr'><strong>fuisse</strong></span> <span class='ocrx_word' id='word_1_559' title='bbox 2535 3170 2729 3225; x_wconf 89' lang='lat' dir='ltr'><strong>aquam</strong></span> <span class='ocrx_word' id='word_1_560' title='bbox 2754 3193 2770 3219; x_wconf 94' lang='lat'><strong>,</strong></span> <span class='ocrx_word' id='word_1_561' title='bbox 2822 3153 3016 3210; x_wconf 86' lang='lat' dir='ltr'><strong>deinde</strong></span> <span class='ocrx_word' id='word_1_562' title='bbox 3053 3170 3184 3212; x_wconf 84' lang='lat' dir='ltr'><strong>vero</strong></span> <span class='ocrx_word' id='word_1_563' title='bbox 3224 3173 3292 3212; x_wconf 76' lang='lat' dir='ltr'><strong>ex</strong></span> 
     </span>
    </p>
   </div>
   <div class='ocr_carea' id='block_1_75' title="bbox 1745 3245 3294 3318">
    <p class='ocr_par' dir='ltr' id='par_1_75' title="bbox 1745 3245 3294 3318">
     <span class='ocr_line' id='line_1_75' title="bbox 1745 3245 3294 3318; baseline 0.001 -17"><span class='ocrx_word' id='word_1_564' title='bbox 1745 3261 1884 3318; x_wconf 85' lang='lat' dir='ltr'><strong>aqua</strong></span> <span class='ocrx_word' id='word_1_565' title='bbox 1919 3254 1972 3302; x_wconf 89' lang='lat' dir='ltr'><strong>et</strong></span> <span class='ocrx_word' id='word_1_566' title='bbox 2007 3246 2227 3300; x_wconf 89' lang='lat' dir='ltr'><strong>humida</strong></span> <span class='ocrx_word' id='word_1_567' title='bbox 2259 3246 2582 3310; x_wconf 81' lang='lat' dir='ltr'><strong>substantia,</strong></span> <span class='ocrx_word' id='word_1_568' title='bbox 2617 3245 2822 3315; x_wconf 88' lang='lat' dir='ltr'><strong>reliqua</strong></span> <span class='ocrx_word' id='word_1_569' title='bbox 2857 3247 3118 3302; x_wconf 89' lang='lat' dir='ltr'><strong>elementa</strong></span> <span class='ocrx_word' id='word_1_570' title='bbox 3164 3248 3294 3303; x_wconf 80' lang='lat' dir='ltr'><strong>sub-</strong></span> 
     </span>
    </p>
   </div>
   <div class='ocr_carea' id='block_1_76' title="bbox 1744 3332 3322 3408">
    <p class='ocr_par' dir='ltr' id='par_1_76' title="bbox 1744 3332 3322 3408">
     <span class='ocr_line' id='line_1_76' title="bbox 1744 3332 3322 3408; baseline 0 -14"><span class='ocrx_word' id='word_1_571' title='bbox 1744 3338 1950 3394; x_wconf 84' lang='lat' dir='ltr'><strong>stitisse</strong></span> <span class='ocrx_word' id='word_1_572' title='bbox 1974 3356 1987 3403; x_wconf 89' lang='lat'>;</span> <span class='ocrx_word' id='word_1_573' title='bbox 2009 3336 2207 3394; x_wconf 81' lang='lat' dir='ltr'><strong>dixerit</strong></span> <span class='ocrx_word' id='word_1_574' title='bbox 2244 3336 2470 3391; x_wconf 81' lang='lat' dir='ltr'><strong>fortasse</strong></span> <span class='ocrx_word' id='word_1_575' title='bbox 2493 3335 2782 3405; x_wconf 89' lang='lat' dir='ltr'><strong>quispiam,</strong></span> <span class='ocrx_word' id='word_1_576' title='bbox 2819 3336 2919 3391; x_wconf 89' lang='lat' dir='ltr'><strong>hoc</strong></span> <span class='ocrx_word' id='word_1_577' title='bbox 2951 3337 3004 3391; x_wconf 90' lang='lat' dir='ltr'><strong>in</strong></span> <span class='ocrx_word' id='word_1_578' title='bbox 3044 3332 3322 3408; x_wconf 57' lang='lat' dir='ltr'><strong>praesenti&#39;</strong></span> 
     </span>
    </p>
   </div>
   <div class='ocr_carea' id='block_1_77' title="bbox 1745 3425 3295 3500">
    <p class='ocr_par' dir='ltr' id='par_1_77' title="bbox 1745 3425 3295 3500">
     <span class='ocr_line' id='line_1_77' title="bbox 1745 3425 3295 3500; baseline 0.001 -17"><span class='ocrx_word' id='word_1_579' title='bbox 1745 3429 2026 3500; x_wconf 89' lang='lat' dir='ltr'><strong>Scriptura</strong></span> <span class='ocrx_word' id='word_1_580' title='bbox 2065 3427 2380 3499; x_wconf 66' lang='lat' dir='ltr'><strong>significari,</strong></span> <span class='ocrx_word' id='word_1_581' title='bbox 2421 3442 2484 3484; x_wconf 90' lang='lat' dir='ltr'><strong>ac</strong></span> <span class='ocrx_word' id='word_1_582' title='bbox 2539 3426 2825 3491; x_wconf 87' lang='lat' dir='ltr'><strong>declarari,</strong></span> <span class='ocrx_word' id='word_1_583' title='bbox 2863 3425 3033 3496; x_wconf 81' lang='lat' dir='ltr'><strong>fuisse</strong></span> <span class='ocrx_word' id='word_1_584' title='bbox 3085 3436 3295 3499; x_wconf 86' lang='lat' dir='ltr'><strong>tempus</strong></span> 
     </span>
    </p>
   </div>
   <div class='ocr_carea' id='block_1_78' title="bbox 1742 3521 3292 3593">
    <p class='ocr_par' dir='ltr' id='par_1_78' title="bbox 1742 3521 3292 3593">
     <span class='ocr_line' id='line_1_78' title="bbox 1742 3521 3292 3593; baseline 0.002 -16"><span class='ocrx_word' id='word_1_585' title='bbox 1742 3538 1866 3578; x_wconf 93' lang='lat' dir='ltr'><strong>cum</strong></span> <span class='ocrx_word' id='word_1_586' title='bbox 1899 3525 2129 3578; x_wconf 38' lang='lat' dir='ltr'><strong>terrarin</strong></span> <span class='ocrx_word' id='word_1_587' title='bbox 2168 3522 2274 3576; x_wconf 91' lang='lat' dir='ltr'><strong>alio</strong></span> <span class='ocrx_word' id='word_1_588' title='bbox 2311 3524 2575 3577; x_wconf 87' lang='lat' dir='ltr'><strong>elemento</strong></span> <span class='ocrx_word' id='word_1_589' title='bbox 2623 3521 2819 3591; x_wconf 88' lang='lat' dir='ltr'><strong>posita,</strong></span> <span class='ocrx_word' id='word_1_590' title='bbox 2866 3522 2970 3576; x_wconf 90' lang='lat' dir='ltr'><strong>sub</strong></span> <span class='ocrx_word' id='word_1_591' title='bbox 3013 3533 3292 3593; x_wconf 77' lang='lat' dir='ltr'><strong>aspectum</strong></span> 
     </span>
    </p>
   </div>
   <div class='ocr_carea' id='block_1_79' title="bbox 1740 3615 3291 3685">
    <p class='ocr_par' dir='ltr' id='par_1_79' title="bbox 1740 3615 3291 3685">
     <span class='ocr_line' id='line_1_79' title="bbox 1740 3615 3291 3685; baseline 0.002 -16"><span class='ocrx_word' id='word_1_592' title='bbox 1740 3631 1850 3669; x_wconf 90' lang='lat' dir='ltr'><strong>non</strong></span> <span class='ocrx_word' id='word_1_593' title='bbox 1891 3616 2128 3680; x_wconf 88' lang='lat' dir='ltr'><strong>caderet,</strong></span> <span class='ocrx_word' id='word_1_594' title='bbox 2161 3615 2317 3685; x_wconf 90' lang='lat' dir='ltr'><strong>quasi</strong></span> <span class='ocrx_word' id='word_1_595' title='bbox 2370 3622 2526 3668; x_wconf 87' lang='lat' dir='ltr'><strong>utero</strong></span> <span class='ocrx_word' id='word_1_596' title='bbox 2575 3621 2781 3684; x_wconf 74' lang='lat' dir='ltr'><strong>gestata</strong></span> <span class='ocrx_word' id='word_1_597' title='bbox 2836 3620 2891 3667; x_wconf 90' lang='lat' dir='ltr'><strong>et</strong></span> <span class='ocrx_word' id='word_1_598' title='bbox 2928 3623 3186 3683; x_wconf 84' lang='lat' dir='ltr'><strong>concepta</strong></span> <span class='ocrx_word' id='word_1_599' title='bbox 3236 3617 3291 3672; x_wconf 77' lang='lat' dir='ltr'><strong>in</strong></span> 
     </span>
    </p>
   </div>
   <div class='ocr_carea' id='block_1_80' title="bbox 1741 3700 3290 3768">
    <p class='ocr_par' dir='ltr' id='par_1_80' title="bbox 1741 3700 3290 3768">
     <span class='ocr_line' id='line_1_80' title="bbox 1741 3700 3290 3768; baseline 0.001 -12"><span class='ocrx_word' id='word_1_600' title='bbox 1741 3703 1973 3756; x_wconf 66' lang='lat' dir='ltr'><strong>humidae</strong></span> <span class='ocrx_word' id='word_1_601' title='bbox 2003 3705 2319 3759; x_wconf 69' lang='lat' dir='ltr'><strong>substantia:</strong></span> <span class='ocrx_word' id='word_1_602' title='bbox 2360 3711 2572 3757; x_wconf 87' lang='lat' dir='ltr'><strong>natura.</strong></span> <span class='ocrx_word' id='word_1_603' title='bbox 2614 3700 2788 3768; x_wconf 86' lang='lat' dir='ltr'><strong>Quare</strong></span> <span class='ocrx_word' id='word_1_604' title='bbox 2831 3702 2884 3756; x_wconf 88' lang='lat' dir='ltr'><strong>in</strong></span> <span class='ocrx_word' id='word_1_605' title='bbox 2919 3703 3103 3757; x_wconf 87' lang='lat' dir='ltr'><strong>mundi</strong></span> <span class='ocrx_word' id='word_1_606' title='bbox 3137 3718 3290 3760; x_wconf 81' lang='lat' dir='ltr'><strong>crea-</strong></span> 
     </span>
    </p>
   </div>
   <div class='ocr_carea' id='block_1_81' title="bbox 1737 3791 3274 3850">
    <p class='ocr_par' dir='ltr' id='par_1_81' title="bbox 1737 3791 3274 3850">
     <span class='ocr_line' id='line_1_81' title="bbox 1737 3791 3274 3850; baseline 0.001 -3"><span class='ocrx_word' id='word_1_607' title='bbox 1737 3793 1884 3847; x_wconf 84' lang='lat' dir='ltr'><strong>tione</strong></span> <span class='ocrx_word' id='word_1_608' title='bbox 1910 3792 2168 3847; x_wconf 72' lang='lat' dir='ltr'><strong>dicitur&quot;</strong></span> <span class='ocrx_word' id='word_1_609' title='bbox 2196 3814 2206 3848; x_wconf 95' lang='lat'><strong>:</strong></span> <span class='ocrx_word' id='word_1_610' title='bbox 2236 3795 2396 3848; x_wconf 85' lang='lat' dir='ltr'><strong>Terra</strong></span> <span class='ocrx_word' id='word_1_611' title='bbox 2410 3804 2580 3848; x_wconf 89' lang='lat' dir='ltr'><strong>autem</strong></span> <span class='ocrx_word' id='word_1_612' title='bbox 2603 3805 2712 3846; x_wconf 87' lang='lat' dir='ltr'><strong>erat</strong></span> <span class='ocrx_word' id='word_1_613' title='bbox 2739 3791 3015 3849; x_wconf 80' lang='lat' dir='ltr'><strong>invisibilis</strong></span> <span class='ocrx_word' id='word_1_614' title='bbox 3042 3796 3274 3850; x_wconf 79' lang='lat' dir='ltr'><strong>etincom</strong></span> 
     </span>
    </p>
   </div>
   <div class='ocr_carea' id='block_1_82' title="bbox 1730 3883 3289 3955">
    <p class='ocr_par' dir='ltr' id='par_1_82' title="bbox 1730 3883 3289 3955">
     <span class='ocr_line' id='line_1_82' title="bbox 1730 3883 3289 3955; baseline 0.005 -19"><span class='ocrx_word' id='word_1_615' title='bbox 1730 3884 1927 3951; x_wconf 63' lang='lat' dir='ltr'><strong>posita,</strong></span> <span class='ocrx_word' id='word_1_616' title='bbox 1963 3895 2012 3937; x_wconf 91' lang='lat' dir='ltr'><strong>et</strong></span> <span class='ocrx_word' id='word_1_617' title='bbox 2053 3883 2272 3938; x_wconf 66' lang='lat' dir='ltr'><strong>tenebrae</strong></span> <span class='ocrx_word' id='word_1_618' title='bbox 2320 3900 2472 3953; x_wconf 88' lang='lat' dir='ltr'><strong>super</strong></span> <span class='ocrx_word' id='word_1_619' title='bbox 2528 3884 2810 3953; x_wconf 81' lang='lat' dir='ltr'><strong>abyssum;</strong></span> <span class='ocrx_word' id='word_1_620' title='bbox 2863 3883 2958 3939; x_wconf 86' lang='lat' dir='ltr'><strong>sed</strong></span> <span class='ocrx_word' id='word_1_621' title='bbox 3016 3894 3289 3955; x_wconf 85' lang='lat' dir='ltr'><strong>postremo</strong></span> 
     </span>
    </p>
   </div>
   <div class='ocr_carea' id='block_1_83' title="bbox 1735 3975 3284 4046">
    <p class='ocr_par' dir='ltr' id='par_1_83' title="bbox 1735 3975 3284 4046">
     <span class='ocr_line' id='line_1_83' title="bbox 1735 3975 3284 4046; baseline 0.004 -18"><span class='ocrx_word' id='word_1_622' title='bbox 1735 3977 1893 4044; x_wconf 88' lang='lat' dir='ltr'><strong>quasi</strong></span> <span class='ocrx_word' id='word_1_623' title='bbox 1938 3977 2115 4044; x_wconf 80' lang='lat' dir='ltr'><strong>genita</strong></span> <span class='ocrx_word' id='word_1_624' title='bbox 2156 3990 2222 4029; x_wconf 85' lang='lat' dir='ltr'><strong>ex</strong></span> <span class='ocrx_word' id='word_1_625' title='bbox 2267 3991 2529 4046; x_wconf 89' lang='lat' dir='ltr'><strong>aquarum</strong></span> <span class='ocrx_word' id='word_1_626' title='bbox 2583 3975 2889 4030; x_wconf 88' lang='lat' dir='ltr'><strong>substantia</strong></span> <span class='ocrx_word' id='word_1_627' title='bbox 2928 3979 3147 4046; x_wconf 82' lang='lat' dir='ltr'><strong>prodiit,</strong></span> <span class='ocrx_word' id='word_1_628' title='bbox 3178 3995 3284 4034; x_wconf 89' lang='lat' dir='ltr'><strong>non</strong></span> 
     </span>
    </p>
   </div>
   <div class='ocr_carea' id='block_1_84' title="bbox 1737 4066 3284 4136">
    <p class='ocr_par' dir='ltr' id='par_1_84' title="bbox 1737 4066 3284 4136">
     <span class='ocr_line' id='line_1_84' title="bbox 1737 4066 3284 4136; baseline 0.001 -13"><span class='ocrx_word' id='word_1_629' title='bbox 1737 4069 1854 4124; x_wconf 89' lang='lat' dir='ltr'><strong>sine</strong></span> <span class='ocrx_word' id='word_1_630' title='bbox 1875 4068 2054 4122; x_wconf 85' lang='lat' dir='ltr'><strong>divina</strong></span> <span class='ocrx_word' id='word_1_631' title='bbox 2085 4067 2304 4133; x_wconf 81' lang='lat' dir='ltr'><strong>virtute,</strong></span> <span class='ocrx_word' id='word_1_632' title='bbox 2337 4067 2430 4122; x_wconf 90' lang='lat' dir='ltr'><strong>sed</strong></span> <span class='ocrx_word' id='word_1_633' title='bbox 2470 4066 2662 4136; x_wconf 87' lang='lat' dir='ltr'><strong>majori</strong></span> <span class='ocrx_word' id='word_1_634' title='bbox 2701 4076 2891 4122; x_wconf 86' lang='lat' dir='ltr'><strong>coacta</strong></span> <span class='ocrx_word' id='word_1_635' title='bbox 2921 4068 2971 4122; x_wconf 89' lang='lat' dir='ltr'><strong>vi</strong></span> <span class='ocrx_word' id='word_1_636' title='bbox 3007 4077 3060 4124; x_wconf 93' lang='lat' dir='ltr'><strong>et</strong></span> <span class='ocrx_word' id='word_1_637' title='bbox 3099 4086 3284 4125; x_wconf 83' lang='lat' dir='ltr'><strong>ncces-</strong></span> 
     </span>
    </p>
   </div>
   <div class='ocr_carea' id='block_1_85' title="bbox 1737 4158 3286 4224">
    <p class='ocr_par' dir='ltr' id='par_1_85' title="bbox 1737 4158 3286 4224">
     <span class='ocr_line' id='line_1_85' title="bbox 1737 4158 3286 4224; baseline -0.001 -9"><span class='ocrx_word' id='word_1_638' title='bbox 1737 4159 1895 4215; x_wconf 90' lang='lat' dir='ltr'><strong>sitate</strong></span> <span class='ocrx_word' id='word_1_639' title='bbox 1925 4178 1936 4212; x_wconf 95' lang='lat'><strong>:</strong></span> <span class='ocrx_word' id='word_1_640' title='bbox 1971 4159 2082 4212; x_wconf 64' lang='lat' dir='ltr'><strong>haec</strong></span> <span class='ocrx_word' id='word_1_641' title='bbox 2112 4173 2238 4213; x_wconf 75' lang='lat' dir='ltr'><strong>vero</strong></span> <span class='ocrx_word' id='word_1_642' title='bbox 2259 4166 2376 4214; x_wconf 88' lang='lat' dir='ltr'><strong>erat</strong></span> <span class='ocrx_word' id='word_1_643' title='bbox 2409 4158 2683 4214; x_wconf 82' lang='lat' dir='ltr'><strong>Creatoris</strong></span> <span class='ocrx_word' id='word_1_644' title='bbox 2709 4158 2976 4213; x_wconf 86' lang='lat' dir='ltr'><strong>voluntas.</strong></span> <span class='ocrx_word' id='word_1_645' title='bbox 3015 4158 3286 4224; x_wconf 82' lang='lat' dir='ltr'><strong>Quemad-</strong></span> 
     </span>
    </p>
   </div>
   <div class='ocr_carea' id='block_1_86' title="bbox 1734 4250 3288 4320">
    <p class='ocr_par' dir='ltr' id='par_1_86' title="bbox 1734 4250 3288 4320">
     <span class='ocr_line' id='line_1_86' title="bbox 1734 4250 3288 4320; baseline -0.001 -14"><span class='ocrx_word' id='word_1_646' title='bbox 1734 4252 1951 4307; x_wconf 89' lang='lat' dir='ltr'><strong>modum</strong></span> <span class='ocrx_word' id='word_1_647' title='bbox 1986 4251 2128 4306; x_wconf 91' lang='lat' dir='ltr'><strong>enim</strong></span> <span class='ocrx_word' id='word_1_648' title='bbox 2159 4266 2187 4304; x_wconf 90' lang='lat' dir='ltr'><strong>a</strong></span> <span class='ocrx_word' id='word_1_649' title='bbox 2218 4251 2620 4320; x_wconf 66' lang='lat' dir='ltr'><strong>pmgnantibus</strong></span> <span class='ocrx_word' id='word_1_650' title='bbox 2643 4250 2977 4311; x_wconf 85' lang='lat' dir='ltr'><strong>mulieribus,</strong></span> <span class='ocrx_word' id='word_1_651' title='bbox 3003 4250 3288 4305; x_wconf 88' lang='lat' dir='ltr'><strong>imminen-</strong></span> 
     </span>
    </p>
   </div>
   <div class='ocr_carea' id='block_1_87' title="bbox 1735 4341 3287 4410">
    <p class='ocr_par' dir='ltr' id='par_1_87' title="bbox 1735 4341 3287 4410">
     <span class='ocr_line' id='line_1_87' title="bbox 1735 4341 3287 4410; baseline -0.001 -14"><span class='ocrx_word' id='word_1_652' title='bbox 1735 4351 1788 4398; x_wconf 92' lang='lat' dir='ltr'><strong>te</strong></span> <span class='ocrx_word' id='word_1_653' title='bbox 1835 4345 1886 4398; x_wconf 89' lang='lat' dir='ltr'><strong>vi</strong></span> <span class='ocrx_word' id='word_1_654' title='bbox 1933 4358 1996 4397; x_wconf 90' lang='lat' dir='ltr'><strong>ac</strong></span> <span class='ocrx_word' id='word_1_655' title='bbox 2028 4345 2372 4404; x_wconf 87' lang='lat' dir='ltr'><strong>necessitate,</strong></span> <span class='ocrx_word' id='word_1_656' title='bbox 2418 4341 2639 4396; x_wconf 83' lang='lat' dir='ltr'><strong>definito</strong></span> <span class='ocrx_word' id='word_1_657' title='bbox 2690 4349 2877 4410; x_wconf 87' lang='lat' dir='ltr'><strong>partus</strong></span> <span class='ocrx_word' id='word_1_658' title='bbox 2905 4350 3168 4408; x_wconf 82' lang='lat' dir='ltr'><strong>&#39;tcmpore</strong></span> <span class='ocrx_word' id='word_1_659' title='bbox 3201 4341 3287 4394; x_wconf 92' lang='lat' dir='ltr'><strong>in-</strong></span> 
     </span>
    </p>
   </div>
   <div class='ocr_carea' id='block_1_88' title="bbox 78 4422 1639 4513">
    <p class='ocr_par' dir='ltr' id='par_1_88' title="bbox 78 4440 1629 4513">
     <span class='ocr_line' id='line_1_88' title="bbox 78 4440 1629 4513; baseline -0.001 -18"><span class='ocrx_word' id='word_1_660' title='bbox 78 4442 259 4511; x_wconf 71' lang='grc' dir='ltr'>χρόνου</span> <span class='ocrx_word' id='word_1_661' title='bbox 286 4442 384 4513; x_wconf 86' lang='grc' dir='ltr'><strong>τῆς</strong></span> <span class='ocrx_word' id='word_1_662' title='bbox 421 4442 721 4511; x_wconf 64' lang='grc' dir='ltr'>ἀποκτέξεως</span> <span class='ocrx_word' id='word_1_663' title='bbox 750 4442 1086 4507; x_wconf 77' lang='grc' dir='ltr'>ἐπιστάντος,</span> <span class='ocrx_word' id='word_1_664' title='bbox 1117 4440 1234 4494; x_wconf 82' lang='grc' dir='ltr'>καθ’</span> <span class='ocrx_word' id='word_1_665' title='bbox 1267 4441 1324 4494; x_wconf 84' lang='grc' dir='ltr'><strong>δν</strong></span> <span class='ocrx_word' id='word_1_666' title='bbox 1352 4441 1629 4494; x_wconf 80' lang='grc' dir='ltr'>ὠδίνουσαι</span> 
     </span>
    </p>
   </div>
   <div class='ocr_carea' id='block_1_89' title="bbox 1741 4422 3281 4513">
    <p class='ocr_par' dir='ltr' id='par_1_89' title="bbox 1741 4431 3281 4507">
     <span class='ocr_line' id='line_1_89' title="bbox 1741 4431 3281 4507; baseline -0.003 -15"><span class='ocrx_word' id='word_1_667' title='bbox 1741 4445 1930 4502; x_wconf 86' lang='lat' dir='ltr'><strong>stante,</strong></span> <span class='ocrx_word' id='word_1_668' title='bbox 1981 4435 2123 4507; x_wconf 74' lang='grc' dir='ltr'>(μιοά</span> <span class='ocrx_word' id='word_1_669' title='bbox 2185 4436 2238 4489; x_wconf 92' lang='lat' dir='ltr'><strong>in</strong></span> <span class='ocrx_word' id='word_1_670' title='bbox 2289 4445 2438 4490; x_wconf 88' lang='lat' dir='ltr'><strong>utero</strong></span> <span class='ocrx_word' id='word_1_671' title='bbox 2480 4440 2595 4488; x_wconf 85' lang='lat' dir='ltr'><strong>erat</strong></span> <span class='ocrx_word' id='word_1_672' title='bbox 2647 4431 2929 4495; x_wconf 77' lang='lat' dir='ltr'><strong>emittitur,</strong></span> <span class='ocrx_word' id='word_1_673' title='bbox 2965 4440 3126 4502; x_wconf 87' lang='lat' dir='ltr'><strong>atque</strong></span> <span class='ocrx_word' id='word_1_674' title='bbox 3177 4434 3281 4489; x_wconf 72' lang='lat' dir='ltr'><strong>illa:</strong></span> 
     </span>
    </p>
   </div>
   <div class='ocr_carea' id='block_1_90' title="bbox 76 4532 1627 4606">
    <p class='ocr_par' dir='ltr' id='par_1_90' title="bbox 76 4532 1627 4606">
     <span class='ocr_line' id='line_1_90' title="bbox 76 4532 1627 4606; baseline 0.001 -23"><span class='ocrx_word' id='word_1_675' title='bbox 76 4533 339 4588; x_wconf 79' lang='grc' dir='ltr'>τίκτουσι·</span> <span class='ocrx_word' id='word_1_676' title='bbox 361 4535 452 4588; x_wconf 81' lang='grc' dir='ltr'>τὸν</span> <span class='ocrx_word' id='word_1_677' title='bbox 476 4535 634 4589; x_wconf 78' lang='grc' dir='ltr'>αὐτὸν</span> <span class='ocrx_word' id='word_1_678' title='bbox 652 4535 850 4606; x_wconf 80' lang='grc' dir='ltr'>τρόπον</span> <span class='ocrx_word' id='word_1_679' title='bbox 871 4534 1094 4605; x_wconf 81' lang='grc' dir='ltr'>δυνάμει</span> <span class='ocrx_word' id='word_1_680' title='bbox 1117 4534 1209 4586; x_wconf 76' lang='grc' dir='ltr'><strong>καὶ</strong></span> <span class='ocrx_word' id='word_1_681' title='bbox 1231 4534 1389 4603; x_wconf 77' lang='grc' dir='ltr'>σοφίᾳ</span> <span class='ocrx_word' id='word_1_682' title='bbox 1408 4532 1500 4585; x_wconf 85' lang='grc' dir='ltr'>τοῦ</span> <span class='ocrx_word' id='word_1_683' title='bbox 1521 4534 1627 4586; x_wconf 85' lang='grc' dir='ltr'><strong>τῶν</strong></span> 
     </span>
    </p>
   </div>
   <div class='ocr_carea' id='block_1_91' title="bbox 79 4622 1629 4698">
    <p class='ocr_par' dir='ltr' id='par_1_91' title="bbox 79 4622 1629 4698">
     <span class='ocr_line' id='line_1_91' title="bbox 79 4622 1629 4698; baseline 0.002 -25"><span class='ocrx_word' id='word_1_684' title='bbox 79 4622 204 4677; x_wconf 82' lang='grc' dir='ltr'>δλων</span> <span class='ocrx_word' id='word_1_685' title='bbox 231 4627 559 4698; x_wconf 82' lang='grc' dir='ltr'>δημιουργοῦ</span> <span class='ocrx_word' id='word_1_686' title='bbox 598 4629 702 4697; x_wconf 71' lang='grc' dir='ltr'><strong>γῆν</strong></span> <span class='ocrx_word' id='word_1_687' title='bbox 733 4627 826 4680; x_wconf 79' lang='grc' dir='ltr'><strong>καὶ</strong></span> <span class='ocrx_word' id='word_1_688' title='bbox 852 4627 948 4696; x_wconf 84' lang='grc' dir='ltr'>τὴν</span> <span class='ocrx_word' id='word_1_689' title='bbox 975 4625 1084 4678; x_wconf 86' lang='grc' dir='ltr'><strong>τῶν</strong></span> <span class='ocrx_word' id='word_1_690' title='bbox 1118 4623 1414 4695; x_wconf 87' lang='grc' dir='ltr'>ἀνθρώπων</span> <span class='ocrx_word' id='word_1_691' title='bbox 1453 4625 1629 4676; x_wconf 87' lang='grc' dir='ltr'>οἰκου-</span> 
     </span>
    </p>
   </div>
   <div class='ocr_carea' id='block_1_92' title="bbox 82 4715 1625 4789">
    <p class='ocr_par' dir='ltr' id='par_1_92' title="bbox 82 4715 1625 4789">
     <span class='ocr_line' id='line_1_92' title="bbox 82 4715 1625 4789; baseline 0.001 -23"><span class='ocrx_word' id='word_1_692' title='bbox 82 4715 236 4786; x_wconf 79' lang='grc' dir='ltr'>μένην</span> <span class='ocrx_word' id='word_1_693' title='bbox 265 4719 334 4772; x_wconf 82' lang='grc' dir='ltr'><strong>τὰ</strong></span> <span class='ocrx_word' id='word_1_694' title='bbox 376 4719 540 4772; x_wconf 70' lang='grc' dir='ltr'>ὕδατα</span> <span class='ocrx_word' id='word_1_695' title='bbox 575 4718 964 4789; x_wconf 76' lang='grc' dir='ltr'>προηνέγκατο.</span> <span class='ocrx_word' id='word_1_696' title='bbox 995 4717 1104 4771; x_wconf 80' lang='grc' dir='ltr'><strong>Καὶ</strong></span> <span class='ocrx_word' id='word_1_697' title='bbox 1132 4715 1274 4768; x_wconf 79' lang='grc' dir='ltr'>τοῦτ’</span> <span class='ocrx_word' id='word_1_698' title='bbox 1308 4715 1625 4786; x_wconf 78' lang='grc' dir='ltr'>ἐπληροῦτο,</span> 
     </span>
    </p>
   </div>
   <div class='ocr_carea' id='block_1_93' title="bbox 82 4804 1628 4875">
    <p class='ocr_par' dir='ltr' id='par_1_93' title="bbox 82 4804 1628 4875">
     <span class='ocr_line' id='line_1_93' title="bbox 82 4804 1628 4875; baseline 0.002 -20"><span class='ocrx_word' id='word_1_699' title='bbox 82 4806 300 4874; x_wconf 78' lang='grc' dir='ltr'>ὁπηνίκα</span> <span class='ocrx_word' id='word_1_700' title='bbox 334 4805 484 4864; x_wconf 75' lang='grc' dir='ltr'>εἶπεν</span> <span class='ocrx_word' id='word_1_701' title='bbox 511 4811 540 4863; x_wconf 86' lang='grc' dir='ltr'><strong>ὁ</strong></span> <span class='ocrx_word' id='word_1_702' title='bbox 570 4808 733 4871; x_wconf 79' lang='grc' dir='ltr'>Θεόςο</span> <span class='ocrx_word' id='word_1_703' title='bbox 761 4806 1118 4875; x_wconf 62' lang='grc' dir='ltr'>Συναχθήτω</span> <span class='ocrx_word' id='word_1_704' title='bbox 1153 4805 1224 4858; x_wconf 84' lang='grc' dir='ltr'>τὰ</span> <span class='ocrx_word' id='word_1_705' title='bbox 1261 4804 1448 4858; x_wconf 80' lang='grc' dir='ltr'>ὕδατα</span> <span class='ocrx_word' id='word_1_706' title='bbox 1483 4809 1628 4860; x_wconf 78' lang='grc' dir='ltr'>ὐπο-</span> 
     </span>
    </p>
   </div>
   <div class='ocr_carea' id='block_1_94' title="bbox 81 4896 1626 4970">
    <p class='ocr_par' dir='ltr' id='par_1_94' title="bbox 81 4896 1626 4970">
     <span class='ocr_line' id='line_1_94' title="bbox 81 4896 1626 4970; baseline 0 -20"><span class='ocrx_word' id='word_1_707' title='bbox 81 4896 224 4950; x_wconf 77' lang='grc' dir='ltr'>κὰτω</span> <span class='ocrx_word' id='word_1_708' title='bbox 275 4901 380 4956; x_wconf 80' lang='grc' dir='ltr'>τοῦ</span> <span class='ocrx_word' id='word_1_709' title='bbox 429 4899 690 4970; x_wconf 85' lang='grc' dir='ltr'>οὐρανοῦ</span> <span class='ocrx_word' id='word_1_710' title='bbox 741 4903 826 4965; x_wconf 86' lang='grc' dir='ltr'><strong>εἰς</strong></span> <span class='ocrx_word' id='word_1_711' title='bbox 881 4898 1238 4967; x_wconf 74' lang='grc' dir='ltr'>συναγωγὴν</span> <span class='ocrx_word' id='word_1_712' title='bbox 1295 4899 1472 4966; x_wconf 77' lang='grc' dir='ltr'>μίαν,</span> <span class='ocrx_word' id='word_1_713' title='bbox 1529 4897 1626 4951; x_wconf 85' lang='grc' dir='ltr'><strong>καί</strong></span> 
     </span>
    </p>
   </div>
   <div class='ocr_carea' id='block_1_95' title="bbox 85 4988 1626 5063">
    <p class='ocr_par' dir='ltr' id='par_1_95' title="bbox 85 4988 1626 5063">
     <span class='ocr_line' id='line_1_95' title="bbox 85 4988 1626 5063; baseline 0 -20"><span class='ocrx_word' id='word_1_714' title='bbox 85 4988 302 5058; x_wconf 66' lang='grc' dir='ltr'>ὀφθήτω</span> <span class='ocrx_word' id='word_1_715' title='bbox 332 4997 371 5062; x_wconf 78' lang='grc' dir='ltr'><strong><em>ἡ</em></strong></span> <span class='ocrx_word' id='word_1_716' title='bbox 395 4995 566 5063; x_wconf 76' lang='grc' dir='ltr'>ξηρά.</span> <span class='ocrx_word' id='word_1_717' title='bbox 608 4995 716 5049; x_wconf 77' lang='grc' dir='ltr'><strong>Καὶ</strong></span> <span class='ocrx_word' id='word_1_718' title='bbox 770 4993 1003 5061; x_wconf 79' lang='grc' dir='ltr'>ἐγένετο</span> <span class='ocrx_word' id='word_1_719' title='bbox 1039 4992 1206 5044; x_wconf 85' lang='grc' dir='ltr'>οὕτω.</span> <span class='ocrx_word' id='word_1_720' title='bbox 1235 4991 1343 5044; x_wconf 81' lang='grc' dir='ltr'>Θέα</span> <span class='ocrx_word' id='word_1_721' title='bbox 1388 4993 1495 5062; x_wconf 81' lang='grc' dir='ltr'><strong>γάρ</strong></span> <span class='ocrx_word' id='word_1_722' title='bbox 1538 5009 1626 5061; x_wconf 90' lang='grc' dir='ltr'><strong>μοι</strong></span> 
     </span>
    </p>
   </div>
   <div class='ocr_carea' id='block_1_96' title="bbox 83 5080 1626 5157">
    <p class='ocr_par' dir='ltr' id='par_1_96' title="bbox 83 5080 1626 5157">
     <span class='ocr_line' id='line_1_96' title="bbox 83 5080 1626 5157; baseline -0.001 -24"><span class='ocrx_word' id='word_1_723' title='bbox 83 5081 139 5148; x_wconf 77' lang='grc' dir='ltr'><strong>τῇ</strong></span> <span class='ocrx_word' id='word_1_724' title='bbox 161 5080 360 5155; x_wconf 81' lang='grc' dir='ltr'>διανοίᾳ</span> <span class='ocrx_word' id='word_1_725' title='bbox 389 5087 488 5157; x_wconf 80' lang='grc' dir='ltr'>τὴν</span> <span class='ocrx_word' id='word_1_726' title='bbox 513 5088 614 5157; x_wconf 83' lang='grc' dir='ltr'><strong>γῆν</strong></span> <span class='ocrx_word' id='word_1_727' title='bbox 646 5086 792 5139; x_wconf 73' lang='grc' dir='ltr'>ἔνδον</span> <span class='ocrx_word' id='word_1_728' title='bbox 825 5086 881 5136; x_wconf 87' lang='grc' dir='ltr'><strong>ἐν</strong></span> <span class='ocrx_word' id='word_1_729' title='bbox 917 5085 1024 5145; x_wconf 85' lang='grc' dir='ltr'>τοῖς</span> <span class='ocrx_word' id='word_1_730' title='bbox 1058 5082 1208 5133; x_wconf 77' lang='grc' dir='ltr'>ὕδασι</span> <span class='ocrx_word' id='word_1_731' title='bbox 1232 5082 1394 5134; x_wconf 83' lang='grc' dir='ltr'>πάλαι</span> <span class='ocrx_word' id='word_1_732' title='bbox 1430 5082 1626 5152; x_wconf 85' lang='grc' dir='ltr'>πρότε-</span> 
     </span>
    </p>
   </div>
   <div class='ocr_carea' id='block_1_97' title="bbox 89 5173 1624 5247">
    <p class='ocr_par' dir='ltr' id='par_1_97' title="bbox 89 5173 1624 5247">
     <span class='ocr_line' id='line_1_97' title="bbox 89 5173 1624 5247; baseline 0.001 -24"><span class='ocrx_word' id='word_1_733' title='bbox 89 5184 166 5238; x_wconf 81' lang='grc' dir='ltr'><strong>ρον</strong></span> <span class='ocrx_word' id='word_1_734' title='bbox 206 5173 672 5247; x_wconf 78' lang='grc' dir='ltr'>ἐγκεκρυμμένην,</span> <span class='ocrx_word' id='word_1_735' title='bbox 712 5176 910 5247; x_wconf 85' lang='grc' dir='ltr'>τρόπον</span> <span class='ocrx_word' id='word_1_736' title='bbox 940 5191 998 5226; x_wconf 91' lang='grc' dir='ltr'><strong>τε</strong></span> <span class='ocrx_word' id='word_1_737' title='bbox 1037 5173 1175 5235; x_wconf 83' lang='grc' dir='ltr'>ἰλύος</span> <span class='ocrx_word' id='word_1_738' title='bbox 1208 5173 1624 5242; x_wconf 84' lang='grc' dir='ltr'>ἀναλελυμένην,</span> 
     </span>
    </p>
   </div>
   <div class='ocr_carea' id='block_1_98' title="bbox 88 5261 1623 5338">
    <p class='ocr_par' dir='ltr' id='par_1_98' title="bbox 88 5261 1623 5338">
     <span class='ocr_line' id='line_1_98' title="bbox 88 5261 1623 5338; baseline 0.016 -27"><span class='ocrx_word' id='word_1_739' title='bbox 88 5261 167 5313; x_wconf 76' lang='grc' dir='ltr'>καὶ</span> <span class='ocrx_word' id='word_1_740' title='bbox 191 5265 262 5336; x_wconf 81' lang='grc' dir='ltr'><strong>τῷ</strong></span> <span class='ocrx_word' id='word_1_741' title='bbox 285 5267 475 5338; x_wconf 85' lang='grc' dir='ltr'>πλήθει</span> <span class='ocrx_word' id='word_1_742' title='bbox 497 5269 604 5322; x_wconf 85' lang='grc' dir='ltr'><strong>τῶν</strong></span> <span class='ocrx_word' id='word_1_743' title='bbox 627 5270 827 5323; x_wconf 80' lang='grc' dir='ltr'>ὑδάτων</span> <span class='ocrx_word' id='word_1_744' title='bbox 857 5262 1320 5336; x_wconf 70' lang='grc' dir='ltr'>ἀνακεκραμένην,</span> <span class='ocrx_word' id='word_1_745' title='bbox 1344 5265 1418 5326; x_wconf 73' lang='grc' dir='ltr'><strong>ὡς</strong></span> <span class='ocrx_word' id='word_1_746' title='bbox 1447 5267 1623 5335; x_wconf 81' lang='grc' dir='ltr'><strong>ἀφανῆ</strong></span> 
     </span>
    </p>
   </div>
   <div class='ocr_carea' id='block_1_99' title="bbox 91 5348 1626 5429">
    <p class='ocr_par' dir='ltr' id='par_1_99' title="bbox 91 5348 1626 5429">
     <span class='ocr_line' id='line_1_99' title="bbox 91 5348 1626 5429; baseline 0.005 -27"><span class='ocrx_word' id='word_1_747' title='bbox 91 5348 207 5408; x_wconf 78' lang='grc' dir='ltr'>εἶναι</span> <span class='ocrx_word' id='word_1_748' title='bbox 230 5359 320 5410; x_wconf 73' lang='grc' dir='ltr'><strong>καὶ</strong></span> <span class='ocrx_word' id='word_1_749' title='bbox 349 5360 576 5429; x_wconf 84' lang='grc' dir='ltr'>ἀόρατον</span> <span class='ocrx_word' id='word_1_750' title='bbox 596 5378 609 5388; x_wconf 88' lang='grc'>·</span> <span class='ocrx_word' id='word_1_751' title='bbox 643 5361 722 5413; x_wconf 82' lang='grc' dir='ltr'>διὸ</span> <span class='ocrx_word' id='word_1_752' title='bbox 741 5357 995 5427; x_wconf 72' lang='grc' dir='ltr'>λέγεσθαι</span> <span class='ocrx_word' id='word_1_753' title='bbox 1021 5374 1032 5386; x_wconf 85' lang='grc'><em>’</em></span> <span class='ocrx_word' id='word_1_754' title='bbox 1077 5359 1144 5411; x_wconf 83' lang='grc' dir='ltr'><em>Ἠ</em></span> <span class='ocrx_word' id='word_1_755' title='bbox 1168 5358 1235 5410; x_wconf 81' lang='grc' dir='ltr'>δὲ</span> <span class='ocrx_word' id='word_1_756' title='bbox 1258 5356 1328 5426; x_wconf 76' lang='grc' dir='ltr'><strong>γῆ</strong></span> <span class='ocrx_word' id='word_1_757' title='bbox 1353 5355 1428 5427; x_wconf 83' lang='grc' dir='ltr'><strong>ἦν</strong></span> <span class='ocrx_word' id='word_1_758' title='bbox 1458 5361 1626 5426; x_wconf 81' lang='grc' dir='ltr'>ἀόρα-</span> 
     </span>
    </p>
   </div>
   <div class='ocr_carea' id='block_1_100' title="bbox 91 5446 1623 5522">
    <p class='ocr_par' dir='ltr' id='par_1_100' title="bbox 91 5446 1623 5522">
     <span class='ocr_line' id='line_1_100' title="bbox 91 5446 1623 5522; baseline 0 -19"><span class='ocrx_word' id='word_1_759' title='bbox 91 5461 178 5512; x_wconf 80' lang='grc' dir='ltr'><strong>τος</strong></span> <span class='ocrx_word' id='word_1_760' title='bbox 222 5451 314 5504; x_wconf 79' lang='grc' dir='ltr'>καὶ</span> <span class='ocrx_word' id='word_1_761' title='bbox 357 5453 879 5517; x_wconf 80' lang='grc' dir='ltr'>ἀκατασκεύαστος</span> <span class='ocrx_word' id='word_1_762' title='bbox 905 5467 917 5478; x_wconf 87' lang='grc'><strong>·</strong></span> <span class='ocrx_word' id='word_1_763' title='bbox 961 5446 1058 5503; x_wconf 76' lang='grc' dir='ltr'>εἷθ’</span> <span class='ocrx_word' id='word_1_764' title='bbox 1106 5450 1325 5522; x_wconf 78' lang='grc' dir='ltr'>ὕστερον</span> <span class='ocrx_word' id='word_1_765' title='bbox 1380 5451 1623 5522; x_wconf 77' lang='grc' dir='ltr'>βουλήσει</span> 
     </span>
    </p>
   </div>
   <div class='ocr_carea' id='block_1_101' title="bbox 93 5529 1622 5615">
    <p class='ocr_par' dir='ltr' id='par_1_101' title="bbox 93 5529 1622 5615">
     <span class='ocr_line' id='line_1_101' title="bbox 93 5529 1622 5615; baseline 0.004 -26"><span class='ocrx_word' id='word_1_766' title='bbox 93 5529 206 5592; x_wconf 83' lang='grc' dir='ltr'><strong>Θεοῦ</strong></span> <span class='ocrx_word' id='word_1_767' title='bbox 257 5532 419 5614; x_wconf 73' lang='grc' dir='ltr'>αὐτὴν</span> <span class='ocrx_word' id='word_1_768' title='bbox 471 5544 838 5613; x_wconf 88' lang='grc' dir='ltr'>συναγομένην</span> <span class='ocrx_word' id='word_1_769' title='bbox 884 5542 1166 5597; x_wconf 78' lang='grc' dir='ltr'>πιλοῦσθαι</span> <span class='ocrx_word' id='word_1_770' title='bbox 1219 5545 1477 5615; x_wconf 80' lang='grc' dir='ltr'>πρότερον</span> <span class='ocrx_word' id='word_1_771' title='bbox 1529 5543 1622 5595; x_wconf 72' lang='grc' dir='ltr'><strong>καὶ</strong></span> 
     </span>
    </p>
   </div>
   <div class='ocr_carea' id='block_1_102' title="bbox 95 5636 1620 5710">
    <p class='ocr_par' dir='ltr' id='par_1_102' title="bbox 95 5636 1620 5710">
     <span class='ocr_line' id='line_1_102' title="bbox 95 5636 1620 5710; baseline 0.004 -23"><span class='ocrx_word' id='word_1_772' title='bbox 95 5636 500 5707; x_wconf 68' lang='grc' dir='ltr'>συμπήγνυσθαι,</span> <span class='ocrx_word' id='word_1_773' title='bbox 537 5637 627 5689; x_wconf 73' lang='grc' dir='ltr'>καὶ</span> <span class='ocrx_word' id='word_1_774' title='bbox 656 5637 791 5705; x_wconf 85' lang='grc' dir='ltr'><strong>μετά</strong></span> <span class='ocrx_word' id='word_1_775' title='bbox 833 5638 1003 5692; x_wconf 77' lang='grc' dir='ltr'>ταῦτα</span> <span class='ocrx_word' id='word_1_776' title='bbox 1033 5639 1239 5710; x_wconf 78' lang='grc' dir='ltr'>ἀθρόως</span> <span class='ocrx_word' id='word_1_777' title='bbox 1277 5637 1620 5691; x_wconf 79' lang='grc' dir='ltr'>ἀναδοθεῖσαν</span> 
     </span>
    </p>
   </div>
   <div class='ocr_carea' id='block_1_103' title="bbox 154 5788 981 5860">
    <p class='ocr_par' dir='ltr' id='par_1_103' title="bbox 154 5788 981 5860">
     <span class='ocr_line' id='line_1_103' title="bbox 154 5788 981 5860; baseline 0 -12"><span class='ocrx_word' id='word_1_778' title='bbox 154 5788 193 5821; x_wconf 70' lang='grc' dir='ltr'>δ’</span> <span class='ocrx_word' id='word_1_779' title='bbox 225 5792 352 5851; x_wconf 84' lang='lat' dir='ltr'><strong>Gen.</strong></span> <span class='ocrx_word' id='word_1_780' title='bbox 391 5812 443 5860; x_wconf 80' lang='grc' dir='ltr'><strong>ι,</strong></span> <span class='ocrx_word' id='word_1_781' title='bbox 480 5795 533 5849; x_wconf 72' lang='grc'><strong>2.</strong></span> <span class='ocrx_word' id='word_1_782' title='bbox 611 5795 654 5826; x_wconf 76' lang='grc'><strong>⁵⁸</strong></span> <span class='ocrx_word' id='word_1_783' title='bbox 694 5793 802 5848; x_wconf 77' lang='lat' dir='ltr'><strong>Gen</strong></span> <span class='ocrx_word' id='word_1_784' title='bbox 865 5810 897 5848; x_wconf 72' lang='grc' dir='ltr'><strong>ι,</strong></span> <span class='ocrx_word' id='word_1_785' title='bbox 933 5796 981 5848; x_wconf 72' lang='lat' dir='ltr'><strong>fl.</strong></span> 
     </span>
    </p>
   </div>
   <div class='ocr_carea' id='block_1_104' title="bbox 1735 4523 3276 4598">
    <p class='ocr_par' dir='ltr' id='par_1_104' title="bbox 1735 4523 3276 4598">
     <span class='ocr_line' id='line_1_104' title="bbox 1735 4523 3276 4598; baseline -0.003 -16"><span class='ocrx_word' id='word_1_786' title='bbox 1735 4543 1857 4583; x_wconf 89' lang='lat' dir='ltr'><strong>cum</strong></span> <span class='ocrx_word' id='word_1_787' title='bbox 1887 4528 2072 4583; x_wconf 92' lang='lat' dir='ltr'><strong>dolore</strong></span> <span class='ocrx_word' id='word_1_788' title='bbox 2110 4528 2360 4598; x_wconf 80' lang='lat' dir='ltr'><strong>pariunt;</strong></span> <span class='ocrx_word' id='word_1_789' title='bbox 2396 4524 2580 4579; x_wconf 86' lang='lat' dir='ltr'><strong>eodem</strong></span> <span class='ocrx_word' id='word_1_790' title='bbox 2618 4538 2842 4592; x_wconf 86' lang='lat' dir='ltr'><strong>prorsus</strong></span> <span class='ocrx_word' id='word_1_791' title='bbox 2876 4523 3035 4576; x_wconf 87' lang='lat' dir='ltr'><strong>modo</strong></span> <span class='ocrx_word' id='word_1_792' title='bbox 3061 4524 3276 4579; x_wconf 79' lang='lat' dir='ltr'><strong>univer-</strong></span> 
     </span>
    </p>
   </div>
   <div class='ocr_carea' id='block_1_105' title="bbox 1733 4611 3279 4688">
    <p class='ocr_par' dir='ltr' id='par_1_105' title="bbox 1733 4611 3279 4688">
     <span class='ocr_line' id='line_1_105' title="bbox 1733 4611 3279 4688; baseline -0.006 -14"><span class='ocrx_word' id='word_1_793' title='bbox 1733 4634 1919 4674; x_wconf 90' lang='lat' dir='ltr'><strong>sorum</strong></span> <span class='ocrx_word' id='word_1_794' title='bbox 1972 4617 2177 4688; x_wconf 83' lang='lat' dir='ltr'><strong>opificis</strong></span> <span class='ocrx_word' id='word_1_795' title='bbox 2211 4614 2260 4668; x_wconf 90' lang='lat' dir='ltr'><strong>vi</strong></span> <span class='ocrx_word' id='word_1_796' title='bbox 2312 4620 2365 4666; x_wconf 90' lang='lat' dir='ltr'><strong>et</strong></span> <span class='ocrx_word' id='word_1_797' title='bbox 2419 4611 2700 4682; x_wconf 86' lang='lat' dir='ltr'><strong>sapientia,</strong></span> <span class='ocrx_word' id='word_1_798' title='bbox 2738 4618 2933 4664; x_wconf 90' lang='lat' dir='ltr'><strong>terram</strong></span> <span class='ocrx_word' id='word_1_799' title='bbox 2993 4618 3045 4664; x_wconf 89' lang='lat' dir='ltr'><strong>et</strong></span> <span class='ocrx_word' id='word_1_800' title='bbox 3097 4611 3279 4666; x_wconf 86' lang='lat' dir='ltr'><strong>orbem</strong></span> 
     </span>
    </p>
   </div>
   <div class='ocr_carea' id='block_1_106' title="bbox 1731 4701 3281 4780">
    <p class='ocr_par' dir='ltr' id='par_1_106' title="bbox 1731 4701 3281 4780">
     <span class='ocr_line' id='line_1_106' title="bbox 1731 4701 3281 4780; baseline -0.006 -15"><span class='ocrx_word' id='word_1_801' title='bbox 1731 4725 1884 4780; x_wconf 66' lang='lat' dir='ltr'><strong>aquae</strong></span> <span class='ocrx_word' id='word_1_802' title='bbox 1916 4707 2278 4777; x_wconf 86' lang='lat' dir='ltr'><strong>protulerunt.</strong></span> <span class='ocrx_word' id='word_1_803' title='bbox 2314 4702 2379 4756; x_wconf 88' lang='lat' dir='ltr'><strong>Et</strong></span> <span class='ocrx_word' id='word_1_804' title='bbox 2407 4703 2510 4756; x_wconf 90' lang='lat' dir='ltr'><strong>hoc</strong></span> <span class='ocrx_word' id='word_1_805' title='bbox 2542 4701 2866 4772; x_wconf 86' lang='lat' dir='ltr'><strong>implebatur</strong></span> <span class='ocrx_word' id='word_1_806' title='bbox 2898 4701 3114 4771; x_wconf 90' lang='lat' dir='ltr'><strong>quando</strong></span> <span class='ocrx_word' id='word_1_807' title='bbox 3145 4702 3281 4756; x_wconf 80' lang='lat' dir='ltr'><strong>dixit</strong></span> 
     </span>
    </p>
   </div>
   <div class='ocr_carea' id='block_1_107' title="bbox 1730 4793 3280 4867">
    <p class='ocr_par' dir='ltr' id='par_1_107' title="bbox 1730 4793 3280 4867">
     <span class='ocr_line' id='line_1_107' title="bbox 1730 4793 3280 4867; baseline -0.003 -14"><span class='ocrx_word' id='word_1_808' title='bbox 1730 4803 1872 4856; x_wconf 87' lang='lat' dir='ltr'><strong>Deus</strong></span> <span class='ocrx_word' id='word_1_809' title='bbox 1899 4798 1945 4831; x_wconf 79' lang='grc' dir='ltr'><strong>⁸ο</strong></span> <span class='ocrx_word' id='word_1_810' title='bbox 1975 4817 1988 4851; x_wconf 93' lang='lat'>:</span> <span class='ocrx_word' id='word_1_811' title='bbox 2019 4796 2403 4867; x_wconf 84' lang='lat' dir='ltr'><strong>Congregentur</strong></span> <span class='ocrx_word' id='word_1_812' title='bbox 2418 4810 2564 4865; x_wconf 72' lang='lat' dir='ltr'><strong>aquae</strong></span> <span class='ocrx_word' id='word_1_813' title='bbox 2595 4793 2688 4847; x_wconf 72' lang='lat' dir='ltr'><strong>sub</strong></span> <span class='ocrx_word' id='word_1_814' title='bbox 2706 4795 2829 4847; x_wconf 72' lang='lat' dir='ltr'><strong>caelo</strong></span> <span class='ocrx_word' id='word_1_815' title='bbox 2851 4795 2903 4847; x_wconf 85' lang='lat' dir='ltr'><strong>in</strong></span> <span class='ocrx_word' id='word_1_816' title='bbox 2933 4795 3280 4848; x_wconf 83' lang='lat' dir='ltr'><strong>collectionem</strong></span> 
     </span>
    </p>
   </div>
   <div class='ocr_carea' id='block_1_108' title="bbox 1729 4885 3278 4960">
    <p class='ocr_par' dir='ltr' id='par_1_108' title="bbox 1729 4885 3278 4960">
     <span class='ocr_line' id='line_1_108' title="bbox 1729 4885 3278 4960; baseline -0.005 -13"><span class='ocrx_word' id='word_1_817' title='bbox 1729 4909 1910 4959; x_wconf 84' lang='lat' dir='ltr'><strong>unum,</strong></span> <span class='ocrx_word' id='word_1_818' title='bbox 1931 4900 1981 4945; x_wconf 87' lang='lat' dir='ltr'><strong>et</strong></span> <span class='ocrx_word' id='word_1_819' title='bbox 2004 4901 2252 4960; x_wconf 86' lang='lat' dir='ltr'><strong>appareat</strong></span> <span class='ocrx_word' id='word_1_820' title='bbox 2283 4889 2458 4943; x_wconf 83' lang='lat' dir='ltr'><strong>arida.</strong></span> <span class='ocrx_word' id='word_1_821' title='bbox 2497 4887 2564 4940; x_wconf 86' lang='lat' dir='ltr'><strong>Et</strong></span> <span class='ocrx_word' id='word_1_822' title='bbox 2598 4886 2795 4956; x_wconf 78' lang='lat' dir='ltr'><strong>factum</strong></span> <span class='ocrx_word' id='word_1_823' title='bbox 2821 4896 2899 4940; x_wconf 84' lang='lat' dir='ltr'><strong>est</strong></span> <span class='ocrx_word' id='word_1_824' title='bbox 2930 4885 3114 4949; x_wconf 86' lang='lat' dir='ltr'><strong>ita._Et</strong></span> <span class='ocrx_word' id='word_1_825' title='bbox 3145 4902 3278 4939; x_wconf 88' lang='lat' dir='ltr'><strong>con-</strong></span> 
     </span>
    </p>
   </div>
   <div class='ocr_carea' id='block_1_109' title="bbox 1729 4977 3276 5053">
    <p class='ocr_par' dir='ltr' id='par_1_109' title="bbox 1729 4977 3276 5053">
     <span class='ocr_line' id='line_1_109' title="bbox 1729 4977 3276 5053; baseline -0.008 -13"><span class='ocrx_word' id='word_1_826' title='bbox 1729 4985 1956 5045; x_wconf 86' lang='lat' dir='ltr'><strong>sideres,</strong></span> <span class='ocrx_word' id='word_1_827' title='bbox 1982 4998 2185 5053; x_wconf 77' lang='lat' dir='ltr'><strong>qua:so,</strong></span> <span class='ocrx_word' id='word_1_828' title='bbox 2213 4991 2410 5037; x_wconf 84' lang='lat' dir='ltr'><strong>terram</strong></span> <span class='ocrx_word' id='word_1_829' title='bbox 2452 4981 2506 5035; x_wconf 93' lang='lat' dir='ltr'><strong>in</strong></span> <span class='ocrx_word' id='word_1_830' title='bbox 2537 4982 2691 5051; x_wconf 89' lang='lat' dir='ltr'><strong>aquis</strong></span> <span class='ocrx_word' id='word_1_831' title='bbox 2717 4981 2842 5034; x_wconf 90' lang='lat' dir='ltr'><strong>olim</strong></span> <span class='ocrx_word' id='word_1_832' title='bbox 2883 4977 3276 5040; x_wconf 88' lang='lat' dir='ltr'><strong>absconditam,</strong></span> 
     </span>
    </p>
   </div>
   <div class='ocr_carea' id='block_1_110' title="bbox 1727 5068 3276 5147">
    <p class='ocr_par' dir='ltr' id='par_1_110' title="bbox 1727 5068 3276 5147">
     <span class='ocr_line' id='line_1_110' title="bbox 1727 5068 3276 5147; baseline -0.006 -15"><span class='ocrx_word' id='word_1_833' title='bbox 1727 5087 1890 5147; x_wconf 87' lang='lat' dir='ltr'><strong>atque</strong></span> <span class='ocrx_word' id='word_1_834' title='bbox 1929 5078 2102 5131; x_wconf 83' lang='lat' dir='ltr'><strong>instar</strong></span> <span class='ocrx_word' id='word_1_835' title='bbox 2134 5076 2231 5129; x_wconf 92' lang='lat' dir='ltr'><strong>luti</strong></span> <span class='ocrx_word' id='word_1_836' title='bbox 2271 5075 2523 5136; x_wconf 88' lang='lat' dir='ltr'><strong>solutam,</strong></span> <span class='ocrx_word' id='word_1_837' title='bbox 2565 5082 2618 5126; x_wconf 90' lang='lat' dir='ltr'><strong>et</strong></span> <span class='ocrx_word' id='word_1_838' title='bbox 2642 5085 2902 5142; x_wconf 88' lang='lat' dir='ltr'><strong>aquarum</strong></span> <span class='ocrx_word' id='word_1_839' title='bbox 2943 5068 3276 5122; x_wconf 87' lang='lat' dir='ltr'><strong>multitudini</strong></span> 
     </span>
    </p>
   </div>
   <div class='ocr_carea' id='block_1_111' title="bbox 1727 5159 3277 5232">
    <p class='ocr_par' dir='ltr' id='par_1_111' title="bbox 1727 5159 3277 5232">
     <span class='ocr_line' id='line_1_111' title="bbox 1727 5159 3277 5232; baseline -0.008 -8"><span class='ocrx_word' id='word_1_840' title='bbox 1727 5170 2076 5224; x_wconf 80' lang='lat' dir='ltr'><strong>commixtam</strong></span> <span class='ocrx_word' id='word_1_841' title='bbox 2113 5168 2308 5232; x_wconf 87' lang='lat' dir='ltr'><strong>fuisse;</strong></span> <span class='ocrx_word' id='word_1_842' title='bbox 2343 5165 2416 5218; x_wconf 89' lang='lat' dir='ltr'><strong>ita</strong></span> <span class='ocrx_word' id='word_1_843' title='bbox 2441 5172 2497 5218; x_wconf 90' lang='lat' dir='ltr'><strong>ut</strong></span> <span class='ocrx_word' id='word_1_844' title='bbox 2519 5159 2805 5218; x_wconf 76' lang='lat' dir='ltr'><strong>invisibilis</strong></span> <span class='ocrx_word' id='word_1_845' title='bbox 2832 5169 2886 5213; x_wconf 91' lang='lat' dir='ltr'><strong>et</strong></span> <span class='ocrx_word' id='word_1_846' title='bbox 2915 5160 3129 5212; x_wconf 87' lang='lat' dir='ltr'><strong>occulta</strong></span> <span class='ocrx_word' id='word_1_847' title='bbox 3163 5175 3277 5212; x_wconf 84' lang='lat' dir='ltr'><strong>ma-</strong></span> 
     </span>
    </p>
   </div>
   <div class='ocr_carea' id='block_1_112' title="bbox 1727 5250 3275 5332">
    <p class='ocr_par' dir='ltr' id='par_1_112' title="bbox 1727 5250 3275 5332">
     <span class='ocr_line' id='line_1_112' title="bbox 1727 5250 3275 5332; baseline -0.009 -17"><span class='ocrx_word' id='word_1_848' title='bbox 1727 5267 1878 5315; x_wconf 87' lang='lat' dir='ltr'><strong>neret</strong></span> <span class='ocrx_word' id='word_1_849' title='bbox 1913 5280 1925 5314; x_wconf 90' lang='lat'>:</span> <span class='ocrx_word' id='word_1_850' title='bbox 1961 5268 2288 5332; x_wconf 88' lang='lat' dir='ltr'><strong>quapropter</strong></span> <span class='ocrx_word' id='word_1_851' title='bbox 2317 5256 2538 5317; x_wconf 87' lang='lat' dir='ltr'><strong>dicitur,</strong></span> <span class='ocrx_word' id='word_1_852' title='bbox 2567 5254 2726 5306; x_wconf 86' lang='lat' dir='ltr'><strong><em>Terra</em></strong></span> <span class='ocrx_word' id='word_1_853' title='bbox 2751 5261 2923 5305; x_wconf 87' lang='lat' dir='ltr'><strong>autem</strong></span> <span class='ocrx_word' id='word_1_854' title='bbox 2954 5260 3066 5303; x_wconf 91' lang='lat' dir='ltr'><strong>erat</strong></span> <span class='ocrx_word' id='word_1_855' title='bbox 3094 5250 3275 5302; x_wconf 74' lang='lat' dir='ltr'><strong>invisi-</strong></span> 
     </span>
    </p>
   </div>
   <div class='ocr_carea' id='block_1_113' title="bbox 1725 5344 3277 5420">
    <p class='ocr_par' dir='ltr' id='par_1_113' title="bbox 1725 5344 3277 5420">
     <span class='ocr_line' id='line_1_113' title="bbox 1725 5344 3277 5420; baseline -0.006 -12"><span class='ocrx_word' id='word_1_856' title='bbox 1725 5355 1842 5408; x_wconf 85' lang='lat' dir='ltr'><strong>bilis</strong></span> <span class='ocrx_word' id='word_1_857' title='bbox 1876 5363 1924 5406; x_wconf 91' lang='lat' dir='ltr'><strong>et</strong></span> <span class='ocrx_word' id='word_1_858' title='bbox 1965 5352 2343 5420; x_wconf 83' lang='lat' dir='ltr'><strong>incomposita;</strong></span> <span class='ocrx_word' id='word_1_859' title='bbox 2374 5347 2566 5402; x_wconf 86' lang='lat' dir='ltr'><strong>deinde</strong></span> <span class='ocrx_word' id='word_1_860' title='bbox 2596 5363 2722 5400; x_wconf 88' lang='lat' dir='ltr'><strong>vero</strong></span> <span class='ocrx_word' id='word_1_861' title='bbox 2763 5362 2826 5400; x_wconf 81' lang='lat' dir='ltr'><strong>ex</strong></span> <span class='ocrx_word' id='word_1_862' title='bbox 2875 5344 2967 5399; x_wconf 90' lang='lat' dir='ltr'><strong>Dei</strong></span> <span class='ocrx_word' id='word_1_863' title='bbox 3003 5345 3277 5398; x_wconf 78' lang='lat' dir='ltr'><strong>voluntate</strong></span> 
     </span>
    </p>
   </div>
   <div class='ocr_carea' id='block_1_114' title="bbox 1724 5436 3275 5516">
    <p class='ocr_par' dir='ltr' id='par_1_114' title="bbox 1724 5436 3275 5516">
     <span class='ocr_line' id='line_1_114' title="bbox 1724 5436 3275 5516; baseline -0.008 -14"><span class='ocrx_word' id='word_1_864' title='bbox 1724 5456 2060 5516; x_wconf 83' lang='lat' dir='ltr'><strong>compactam</strong></span> <span class='ocrx_word' id='word_1_865' title='bbox 2099 5455 2152 5500; x_wconf 91' lang='lat' dir='ltr'><strong>et</strong></span> <span class='ocrx_word' id='word_1_866' title='bbox 2181 5443 2517 5512; x_wconf 75' lang='lat' dir='ltr'><strong>coagulatam</strong></span> <span class='ocrx_word' id='word_1_867' title='bbox 2549 5438 2738 5505; x_wconf 89' lang='lat' dir='ltr'><strong>fuisse,</strong></span> <span class='ocrx_word' id='word_1_868' title='bbox 2765 5447 2817 5493; x_wconf 89' lang='lat' dir='ltr'><strong>et</strong></span> <span class='ocrx_word' id='word_1_869' title='bbox 2843 5445 3024 5508; x_wconf 86' lang='lat' dir='ltr'><strong>postea</strong></span> <span class='ocrx_word' id='word_1_870' title='bbox 3058 5436 3275 5491; x_wconf 81' lang='lat' dir='ltr'><strong>confer—</strong></span> 
     </span>
    </p>
   </div>
   <div class='ocr_carea' id='block_1_115' title="bbox 1723 5529 3272 5599">
    <p class='ocr_par' dir='ltr' id='par_1_115' title="bbox 1723 5529 3272 5599">
     <span class='ocr_line' id='line_1_115' title="bbox 1723 5529 3272 5599; baseline -0.008 -6"><span class='ocrx_word' id='word_1_871' title='bbox 1723 5540 1820 5593; x_wconf 87' lang='lat' dir='ltr'><strong>tim</strong></span> <span class='ocrx_word' id='word_1_872' title='bbox 1850 5539 1906 5592; x_wconf 90' lang='lat' dir='ltr'><strong>in</strong></span> <span class='ocrx_word' id='word_1_873' title='bbox 1946 5539 2119 5594; x_wconf 91' lang='lat' dir='ltr'><strong>lucem</strong></span> <span class='ocrx_word' id='word_1_874' title='bbox 2156 5537 2375 5595; x_wconf 86' lang='lat' dir='ltr'><strong>editam,</strong></span> <span class='ocrx_word' id='word_1_875' title='bbox 2414 5533 2466 5585; x_wconf 91' lang='lat' dir='ltr'><strong>in</strong></span> <span class='ocrx_word' id='word_1_876' title='bbox 2505 5547 2696 5599; x_wconf 87' lang='lat' dir='ltr'><strong>purum</strong></span> <span class='ocrx_word' id='word_1_877' title='bbox 2733 5546 2906 5584; x_wconf 88' lang='lat' dir='ltr'><strong>aerem</strong></span> <span class='ocrx_word' id='word_1_878' title='bbox 2949 5529 3272 5582; x_wconf 81' lang='lat' dir='ltr'><strong>emersisse:</strong></span> 
     </span>
    </p>
   </div>
   <div class='ocr_carea' id='block_1_116' title="bbox 1724 5621 3273 5694">
    <p class='ocr_par' dir='ltr' id='par_1_116' title="bbox 1724 5621 3273 5694">
     <span class='ocr_line' id='line_1_116' title="bbox 1724 5621 3273 5694; baseline -0.008 -8"><span class='ocrx_word' id='word_1_879' title='bbox 1724 5640 1776 5686; x_wconf 74' lang='lat' dir='ltr'><strong>et</strong></span> <span class='ocrx_word' id='word_1_880' title='bbox 1792 5631 2178 5694; x_wconf 84' lang='lat' dir='ltr'><strong>animadverte,</strong></span> <span class='ocrx_word' id='word_1_881' title='bbox 2206 5627 2337 5682; x_wconf 88' lang='lat' dir='ltr'><strong>nihil</strong></span> <span class='ocrx_word' id='word_1_882' title='bbox 2357 5625 2465 5681; x_wconf 89' lang='lat' dir='ltr'><strong>fere</strong></span> <span class='ocrx_word' id='word_1_883' title='bbox 2489 5635 2600 5680; x_wconf 88' lang='lat' dir='ltr'><strong>tum</strong></span> <span class='ocrx_word' id='word_1_884' title='bbox 2626 5622 2998 5679; x_wconf 73' lang='lat' dir='ltr'><strong>intercessisse</strong></span> <span class='ocrx_word' id='word_1_885' title='bbox 3015 5621 3273 5677; x_wconf 80' lang='lat' dir='ltr'><strong>discrimi-</strong></span> 
     </span>
    </p>
   </div>
  </div>
