3976 6356
645 440 776 491 μοι

1243 470 1251 479 ν
1328 432 1593 489 LUSEBII
1631 432 2110 491 CrESARlENSIS
2147 435 2301 490 OPP.
2346 436 2526 493 PARS
2563 437 2647 494 lll.
2671 467 2740 477 —
2779 436 3181 495 EXEGETICA.

3708 439 3840 497 “32

646 547 1107 606 consummatione
1134 546 1298 617 igitur
1328 548 1509 603 saeculi
1541 558 1663 619 post
1685 548 1991 607 Servatoris
2020 559 2174 605 nostr

2298 552 2688 623 παλαιούμενον
2712 554 2803 606 καὶ
2829 553 3104 624 γηράσκον
3136 554 3299 622 ἐγγὺς
3332 550 3658 633 ἀφανισμοῦ.
3694 557 3755 610 Ὀ
3778 555 3841 628 δὴ

646 640 951 700 adventum,
985 652 1107 691 cum
1130 651 1353 707 vespera
1384 637 1517 707 ipsis
1549 637 1880 704 advenisset,
1905 652 1967 692 ac
1989 636 2077 692 lux
2111 654 2197 692 ve-

645 719 822 784 ritatis
849 730 1005 799 plane
1038 728 1352 793 occidisset,
1388 729 1445 783 in
1496 728 1713 783 ruinam
1757 738 1811 783 et
1838 730 2196 799 abjectionem

643 821 853 890 penitus
901 819 1256 883 devenerunt,
1291 826 1454 889 atque
1484 820 1587 874 hoc
1609 822 1889 876 oraculum
1919 821 2195 890 impletum

640 920 721 967 est
753 930 766 965 :
805 910 1024 980 Vespere
1052 909 1277 975 decidat,
1320 911 1528 966 indunt
1549 922 1601 967 et
1634 922 1859 970 arescat.
1886 912 2025 980 Quia
2054 913 2196 982 defe-

639 1004 803 1056 cimus
832 1003 993 1058 inira
1024 1012 1137 1065 tua,
1161 1011 1211 1057 et
1234 1004 1288 1056 in
1314 1003 1491 1070 furore
1517 1014 1605 1059 tuo
1634 994 1830 1060 turbati
1858 1022 2056 1060 sumus.
2081 996 2197 1061 His;

637 1109 742 1163 que
792 1092 1007 1149 videtur
1054 1094 1187 1148 mihi
1242 1094 1453 1165 Moyses
1488 1097 1793 1151 orationem
1842 1098 2191 1163 concinnare,

636 1186 819 1256 populi
866 1195 986 1256 post
1034 1185 1329 1243 Salvatoris
1363 1189 1541 1243 nostri
1580 1189 1870 1244 adventum
1899 1190 2194 1245 conditioni

636 1287 1075 1333 consentaneam.
1132 1277 1264 1333 Nam
1295 1279 1555 1349 prOpheta
1591 1282 1712 1333 cum
1746 1291 1908 1345 esset,
1933 1289 1986 1336 et
2014 1281 2194 1335 divina

636 1368 975 1439 pra-scientia
1011 1367 1367 1437 abjectionem
1414 1384 1603 1423 eorum
1655 1371 1897 1424 ultimam
1937 1381 1988 1425 et
2017 1381 2193 1426 extre-

635 1475 780 1513 mam
808 1461 1017 1514 ruinam
1040 1461 1388 1530 prospiceret,
1419 1462 1655 1515 salutare
1681 1463 1812 1532 ipsis
1836 1464 2191 1537 pharmacum

637 1556 703 1608 ad
732 1554 994 1609 medelam
1024 1556 1364 1625 suggerebat,
1400 1557 1539 1612 banc
1582 1557 1828 1612 videlicet
1866 1558 2186 1621 orationem,

636 1661 798 1716 quam
831 1646 883 1700 in
915 1646 1152 1711 arcanis,
1183 1655 1241 1701 ut
1270 1648 1582 1715 .verisiniile
1627 1657 1732 1713 est,
1762 1659 1814 1704 et
1844 1658 1996 1703 extra
2032 1649 2191 1702 aliam

638 1737 963 1807 scripturam
1000 1752 1177 1801 suam,
1210 1737 1277 1792 iis
1316 1739 1413 1808 qui
1452 1753 1649 1793 arcana
1680 1754 1845 1809 penes
1878 1754 1935 1791 se
1964 1739 2192 1793 retinere

639 1838 858 1900 possent
904 1829 1167 1891 tradidit;
1201 1831 1524 1901 videturque
1556 1831 1700 1902 apud
1728 1814 1848 1886 illos
1878 1831 1968 1883 diu
2000 1837 2053 1884 et
2088 1831 2194 1899 pri-

636 1920 801 1974 vatim
850 1935 969 1974 eam
1018 1921 1262 1984 latuisse,
1296 1936 1359 1975 ac
1406 1921 1619 1976 demum
1672 1922 1806 1974 libro
1852 1920 2191 1976 Psaimorum

634 2012 942 2068 necessario
990 2013 1247 2067 insertam
1301 2013 1490 2078 fuisse,
1534 2028 1601 2068 ne
1650 2011 1906 2067 diuturno
1951 2022 2186 2083 tempore

634 2104 820 2165 multis
854 2105 1027 2160 latens
1057 2113 1109 2160 et
1132 2106 1376 2176 neglecta
1404 2107 1694 2162 excideret.
1728 2104 1796 2159 Ut
1821 2105 1982 2174 igitur
2011 2121 2187 2160 serva-

633 2205 802 2256 retur,
836 2197 1196 2267 omnibusque
1228 2182 1354 2252 nota
1382 2208 1646 2259 maneret,
1677 2198 1816 2251 libro
1846 2197 2183 2252 Psalmorun

631 2291 835 2345 inserta
870 2290 992 2355 fuit,
1018 2293 1118 2345 etsi
1147 2292 1386 2361 psalmus
1422 2306 1528 2345 non
1554 2291 1643 2345 sit.
1671 2288 1853 2360 Neque
1882 2291 2023 2345 enim
2047 2292 2185 2359 psal-

630 2382 704 2435 mi
735 2380 1011 2451 quidpiam
1044 2381 1422 2450 complectitur
1453 2401 1467 2435 :
1503 2382 1742 2450 psalmus
1768 2381 1966 2451 quippe
1993 2381 2059 2434 ad
2087 2383 2180 2435 la:-

630 2472 804 2526 titiam
828 2474 993 2528 animi
1025 2480 1266 2544 spectat;
1300 2473 1411 2527 haec
1438 2481 1618 2527 autem
1649 2474 1823 2527 oratio
1858 2473 1992 2527 iram
2025 2482 2077 2529 et
2102 2474 2187 2527 fu-

630 2578 807 2618 rorem
833 2549 947 2630 DEi,
980 2567 1190 2636 aliaque
1219 2567 1397 2621 tristia
1447 2574 1833 2621 commemorat
1865 2586 1877 2621 :
1914 2568 2185 2621 divinum-

628 2670 733 2727 que
760 2671 957 2712 numen
990 2658 1056 2712 iis
1085 2658 1282 2727 placat,
1310 2657 1402 2728 qui
1437 2657 1570 2727 lapsi
1607 2664 1755 2712 sunt.
1788 2656 1999 2727 Moyses
2028 2657 2184 2726 quip-

626 2762 693 2818 pe
722 2750 863 2805 bunc
889 2750 1219 2821 pr0pitiandi
1250 2750 1469 2805 modum
1500 2750 1667 2804 tradit
1700 2750 1918 2819 populo,
1942 2752 2033 2817 qui
2064 2757 2183 2818 post

627 2836 927 2895 Salvatoris
956 2841 1130 2897 nostri
1161 2840 1535 2897 adventum-in
1572 2851 1793 2911 peccata
1821 2841 2039 2897 decidit.

2294 644 2387 698 καὶ
2408 646 2534 716 περὶ
2569 645 2746 708 αὗτοῖς
2776 644 2997 713 γέγονεν
3024 644 3296 707 ἐπιδύντος
3326 645 3507 709 αὐτοῖς
3529 646 3622 699 τοῦ
3645 646 3743 717 τῆς
3767 646 3844 701 δι-

2295 736 2581 805 καιοσύνης
2595 735 2793 801 Ἠλίου,
2820 735 2958 788 κατά
2982 736 3079 806 τὴν
3101 736 3346 813 φήσασαν
3368 739 3718 809 προφητείαν·
3735 737 3843 793 Καὶ

2294 827 2536 881 δύσεται
2561 831 2593 881 ό
2615 828 2783 895 ἥλιος
2807 828 2903 881 ἐπὶ
2930 827 3071 893 τοὺς
3091 827 3397 897 προφήτας
3419 828 3557 895 τοὺς
3576 828 3843 884 πλανῶν-

2294 936 2399 984 τας
2429 919 2534 971 τὸν
2562 921 2714 973 λαόν
2745 937 2883 989 μου.
2914 920 3118 991 Ὥσπερ
3157 920 3264 990 γάρ
3302 920 3433 992 περὶ
3472 922 3578 975 τῶν
3619 923 3841 977 δικαίων

2294 1009 2483 1081 ἐλέχθη
2499 1010 2574 1075 τὸ,
2592 1011 2891 1064 Ἀνατελεῖ
2910 1011 3032 1078 τοῖς
3051 1012 3434 1082 φοϐουμένοις
3447 1002 3841 1081 αὑτὸν”Η.ιιος

2294 1103 2699 1173 δικαιοσύνης,
2741 1104 3022 1159 οὓτω’καὶ
3052 1107 3177 1177 περὶ
3224 1104 3330 1156 τῶν
3377 1104 3583 1159 ἀσεϐῶν
3631 1108 3837 1176 εἴρηται

2292 1185 2370 1260 τδ,
2399 1198 2646 1250 Δύσεται
2675 1199 2708 1250 ὀ
2733 1190 2903 1264 ἣλιος
2920 1197 3016 1250 ἐπὶ
3038 1197 3257 1252 τοῖσδε·
3286 1198 3379 1251 καὶ
3407 1196 3562 1251 πάλιν
3588 1197 3835 1267 ἀλλαχοῦ·

2291 1290 2401 1342 Καὶ
2428 1290 2669 1343 δύσεται
2683 1292 2716 1343 ό
2738 1289 2910 1356 ἥλιος
2930 1290 3312 1359 μεσημϐρίας,
3336 1290 3435 1343 καί
3456 1290 3496 1357 ἡ
3515 1288 3744 1356 σελήνη
3770 1290 3841 1343 οὐ

2290 1382 2463 1436 δώσει
2494 1383 2557 1436 τὸ
2599 1382 2815 1452 φέγγος
2841 1382 3045 1450 αὐτῆς.
3085 1382 3205 1435 Ἐπὶ
3252 1382 3522 1453 συντελείᾳ
3552 1382 3726 1435 τοίνυν
3748 1382 3842 1435 τοῦ

2290 1473 2483 1538 αἰῶνος
2506 1475 2640 1543 μετά
2657 1474 2755 1545 τὴν
2770 1473 2862 1526 τοῦ
2880 1473 3168 1544 Σωτῆροςὴ
3178 1474 3290 1544 μῶν
3308 1474 3620 1546 παρουσίαν,
3639 1475 3727 1527 ὅτε
3743 1474 3841 1527 αὐ-

2289 1567 2398 1627 τοῖς
2429 1566 2461 1636 ἡ
2492 1564 2694 1634 ἐσπέρα
2718 1563 2940 1635 ἐπῆλθε,
2971 1564 3153 1627 δύντος
3190 1566 3366 1628 αὐτοῖς
3405 1565 3479 1627 ὡς
3506 1564 3717 1636 ἀληθῶς
3747 1562 3843 1619 τοῦ

2289 1654 2385 1723 τῆς
2408 1653 2661 1723 ἀληθείας
2688 1654 2881 1723 φωτὸς,
2906 1652 3222 1723 ήέκπτωσις
3247 1653 3424 1706 αὐτῶν
3446 1654 3537 1707 καὶ
3554 1656 3589 1724 ἡ
3605 1653 3843 1725 ἀποϐολὴ

2289 1744 2471 1806 τέλους
2500 1744 2675 1813 ἔτυχε,
2694 1745 2787 1796 καὶ
2814 1744 2874 1797 τὸ
2901 1744 3072 1815 παρὸν
3102 1742 3386 1816 ἐπληρώθη
3421 1745 3598 1813 λόγιον
3630 1746 3843 1815 φῆσαν

2292 1835 2365 1889 Τὸ
2401 1836 2660 1903 ἑσπέρας
2704 1836 3015 1902 ἀποπέσοι,
3049 1839 3452 1905 σκληρυνθείη
3498 1838 3593 1893 καὶ
3624 1840 3846 1908 ξηραν-

2290 1926 2435 1993 θείη.
2462 1926 2587 1980 Ὅτι
2621 1926 2972 1996 ἐξελίπομεν
3000 1928 3068 1981 ἐν
3096 1927 3169 1997 τῇ
3200 1928 3344 2000 ὀργῇ
3371 1946 3505 1994 σου,
3536 1930 3635 1983 καί
3667 1931 3739 1983 ἐν
3765 1929 3849 1997 τῷ

2290 2016 2451 2086 θυμῷ
2472 2036 2585 2073 σου
2618 2021 3034 2090 ἐταράχθημεν.
3063 2022 3167 2074 Καί
3192 2040 3277 2092 μοι
3299 2022 3443 2076 δοκεῖ
3460 2023 3545 2077 διὰ
3582 2024 3786 2077 τούτων
3816 2024 3849 2077 ὁ

2289 2110 2524 2180 Μωῦσῆς
2559 2113 2862 2184 προσευχὴν
2908 2114 3159 2179 συντάξαι
3204 2113 3541 2186 ἁρμόζουσαν
3570 2118 3636 2186 τῇ
3670 2132 3846 2168 κατα-

2292 2202 2471 2255 στάσει
2496 2202 2588 2255 τοῢ
2614 2204 2761 2266 λαοῦ,
2788 2207 2854 2275 τῇ
2877 2205 3010 2275 μετά
3036 2205 3131 2276 τὴν
3154 2204 3450 2275 παρουσίαν
3472 2204 3563 2258 τοῦ
3593 2205 3850 2276 Σωτῆρος

2286 2293 2461 2363 ἡμῶν.
2504 2293 2791 2365 Προφήτης
2814 2290 2906 2347 οὖν
2933 2293 3027 2358 ὢν,
3052 2295 3351 2367 προγνώσει
3381 2314 3441 2348 τε
3474 2296 3590 2367 θείᾳ.
3611 2297 3669 2349 τὸ
3695 2296 3850 2358 τέλος

2287 2374 2463 2440 αὐτῶν
2489 2388 2584 2458 τῆς
2609 2387 2872 2458 ἀποϐολῆς
2903 2387 2995 2440 καὶ
3019 2387 3116 2457 τὴν
3142 2389 3373 2457 ἐσχάτην
3393 2388 3701 2440 ἀπόπτωσιν
3722 2404 3850 2439 συν.

2285 2479 2442 2549 ορῶν,
2479 2479 2764 2550 φάρμακον
2810 2479 2990 2538 αὐτοῖς
3028 2479 3288 2548 σωτήριον
3316 2477 3411 2529 καὶ
3455 2460 3848 2547 θεραπευτικὸν

2286 2570 2587 2635 ὑπετίθετο,
2623 2570 2716 2641 τὴν
2755 2569 3030 2640 παροῦσαν
3072 2567 3376 2639 προσευχὴν
3406 2568 3463 2619 ὲν
3491 2566 3849 2636 ἀπορρήτοις,

2284 2662 2357 2724 ὡς
2386 2645 2549 2725 εἰκός,
2593 2661 2863 2730 παραδοὺς
2901 2661 3069 2732 αὐτὴν
3094 2658 3287 2724 ἔξωθεν
3325 2659 3426 2729 τῆς
3475 2658 3637 2729 ἀλλης
3675 2657 3851 2711 αὑτοῦ

2283 2752 2500 2822 γραφῆς
2542 2754 2651 2813 τοῖς
2697 2751 3008 2822 δυναμένοις
3052 2750 3116 2804 τὰ
3158 2750 3442 2821 ἀπόρρητα
3478 2748 3608 2819 παρ’
3631 2746 3855 2808 ἑαυτοῖς

2282 2842 2533 2911 κατέχειν
2552 2859 2564 2872 ·
2591 2842 2717 2912 παρ’
2737 2836 2816 2905 οἷς
2845 2842 2938 2895 καὶ
2961 2842 3107 2906 εἰκὸς
3128 2840 3488 2911 φυλάττεσθαι
3511 2836 3679 2908 αὐτὴν
3713 2836 3854 2890 ἰδια-

625 2930 822 2998 ζόντως
853 2936 945 2989 καὶ
976 2934 1271 3005 λεληθότως
1311 2936 1468 3005 μέχρι
1492 2935 1685 2990 πολλοῦ
1705 2954 1718 2968 ·
1750 2936 1972 3010 ὕστερόν
1996 2948 2057 3006 γε
2082 2936 2184 3009 μὴν
2222 2936 2677 3007 ἐγκαταλεχθῆναι
2697 2928 3004 3006 ἀναγκαίως
3027 2939 3095 3008 τῇ
3128 2932 3293 3006 βίϐλῳ
3316 2936 3422 2988 τῶν
3446 2932 3713 3004 Ψαλμῶν,
3771 2930 3857 2997 ὡς

621 3023 690 3079 ἂν
725 3028 797 3098 μὴ
827 3028 905 3098 τῷ
946 3018 1334 3099 μακρίξίχρόνῳ
1364 3029 1602 3081 διαπέσοι
1636 3028 1871 3083 λαθοῦσα
1897 3031 2021 3093 τοὺς
2053 3030 2276 3094 πολλοὺς
2312 3032 2404 3085 καὶ
2454 3030 2802 3102 ἀμεληθεῖσα.
2839 3030 2933 3083 ”Ιν’
2962 3023 3055 3083 οὖν
3124 3025 3366 3093 αὔξοιτο,
3430 3026 3522 3080 καὶ
3586 3025 3855 3097 παραμέ-

625 3136 705 3172 νοι
735 3119 1103 3191 γινωσκομένη
1140 3119 1243 3172 ὑπὸ
1271 3120 1505 3184 πάντων,
1527 3122 1592 3190 τῇ
1626 3120 1789 3190 βίϐλῳ
1818 3120 1926 3173 τῶν
1959 3122 2203 3193 ιἰξαλμίὐν
2241 3122 2635 3200 παρενεϐλήθη,
2678 3122 2752 3193 μὴ
2781 3116 2912 3175 οὖσα
2951 3120 3177 3191 ψαλμός.
3211 3119 3343 3173 Οὐδὲ
3380 3118 3486 3190 γὰρ
3521 3118 3741 3189 ψαλμοῦ
3797 3137 3856 3172 τι

626 3211 899 3282 περιέχει·
944 3209 1203 3281 θυμηδίας,
1242 3210 1349 3280 γὰρ
1404 3211 1432 3263 ὁ
1469 3209 1714 3280 ,ψαλμὸςο
1749 3211 1780 3279 ἡ
1836 3210 1889 3262 δὲ
1935 3210 2178 3279 παροῦσα
2210 3213 2480 3283 προσευχὴ
2509 3211 2679 3282 ὀργῆς
2714 3209 3035 3282 μνημονεύει
3065 3211 3158 3265 καὶ
3210 3208 3383 3280 θυμοῦ
3421 3208 3553 3263 Θεοῦ
3602 3210 3698 3264 καὶ
3738 3209 3858 3262 ἑτέ-

629 3325 736 3383 ρων
783 3307 1134 3379 σκυθρωπῶν,
1182 3307 1454 3361 ίλάσκεταί
1495 3324 1555 3359 τε
1611 3306 1671 3359 τὸ
1701 3305 1850 3358 Θεῖον
1899 3306 2037 3376 ὑπὲρ
2076 3306 2182 3358 τῶν
2245 3308 2742 3361 ἀποπεπτωκότων·
2787 3302 2878 3359 τόν
2925 3306 3145 3377 ἱλασμὸν
3186 3304 3372 3359 τοῦτον
3434 3304 3713 3367 Μωῡσέως
3762 3304 3859 3357 διὰ

621 3404 725 3474 τῆς
758 3405 1056 3476 προσευχῆς
1104 3403 1437 3465 διδάσκοντος
1479 3402 1653 3470 λέγειν
1699 3400 1789 3453 τὸν
1836 3401 2175 3455 ἀποπεσόντα
2209 3402 2301 3455 τοῦ
2342 3403 2476 3456 Θεοῦ
2510 3402 2633 3455 λαὸν
2677 3390 2814 3474 μετά
2842 3402 2939 3473 τὴν
2963 3400 3057 3455 τοῦ
3101 3400 3350 3471 Σωτῆρος
3416 3397 3571 3469 ἡμῶν
3635 3414 3856 3469 παρου-

627 3499 765 3551 σίαν.

696 3617 1024 3688 Videtur-que
1070 3617 1200 3670 mibi
1257 3618 1396 3669 banc
1434 3613 1634 3684 Moysis
1683 3612 2004 3679 orationem,
2056 3622 2177 3684 post

2347 3612 2455 3666 Καί
2496 3630 2583 3683 μοι
2628 3611 2773 3665 δοκεῖ
2798 3612 2897 3665 οὐκ
2936 3610 3187 3673 ἀσκόπως
3221 3620 3357 3680 μετα
3391 3607 3481 3662 τὸν
3506 3613 3595 3678 πη¹
3625 3607 3857 3678 ψαλμὸν

624 3726 862 3769 anvm
890 3709 1177 3779 psalmum,
1209 3714 1261 3761 et
1291 3721 1354 3760 ea
1385 3720 1505 3775 qua}
1536 3704 1606 3758 ibi
1639 3704 1705 3759 de
1740 3704 1943 3760 semine
1989 3704 2175 3769 David,

622 3807 796 3875 deque
840 3801 1038 3856 throno
1070 3799 1179 3853 illi
1234 3799 1502 3869 promisso
1550 3800 2014 3868 pramuntiantur,
2066 3814 2174 3853 non

623 3901 741 3954 sine
780 3896 1006 3951 consilio
1049 3892 1277 3970 positam
1335 3892 1629 3947 fuissezac
1691 3907 1991 3949 sermonem
2058 3908 2179 3962 pro-

622 3979 871 4041 fundiore
923 3984 1158 4055 quodam
1208 3983 1524 4054 speculandi
1573 3998 1742 4049 more,
1787 3982 2022 4037 futuram
2081 3981 2178 4036 Ju-

526 4118 533 4119 κ
622 4077 760 4131 daici
818 4077 1020 4146 populi,
1068 4082 1187 4144 post
1225 4074 1515 4129 adventum
1552 4074 1672 4144 ejus
1728 4074 1818 4144 qui
1860 4090 1923 4128 ex
1973 4073 2177 4128 semine

621 4166 786 4220 David
838 4166 1152 4236 proditurus
1212 4173 1371 4230 erat,
1445 4165 1654 4219 ruinam
1715 4156 1767 4219 et
1818 4164 2174 4234 abjectionem

621 4258 964 4313 subindicare
997 4256 1175 4326 :quod
1237 4271 1366 4311 sane
1416 4272 1594 4310 rerum
1652 4239 1875 4333 eventus
1904 4257 2171 4325 obsignat.

568 4401 574 4408 .
618 4351 688 4406 At
718 4349 861 4404 enim
884 4350 1181 4403 orationem
1210 4349 1342 4418 ipsis
1372 4346 1533 4401 tradit
1574 4346 1803 4421 Moyses,
1868 4347 2174 4417 prophetica

617 4444 833 4502 virtute
868 4443 1129 4500 orationis
1177 4443 1339 4498 verba
1398 4457 1642 4512 personat
1698 4442 1878 4512 pOpuli
1930 4440 2066 4509 lapsi
2123 4445 2176 4493 et

619 4536 812 4606 abjecti
865 4533 1298 4590 accommodans.
1357 4533 1490 4587 Cum
1549 4533 1711 4602 igitur
1740 4532 1832 4593 ait,
1864 4529 1943 4584 Ne
1971 4539 2174 4584 avertas

618 4627 871 4682 hominem
902 4628 956 4681 in
993 4626 1337 4682 humilitatem
1365 4644 1384 4679 :
1417 4625 1481 4678 Et
1515 4625 1737 4677 dixisti:
1777 4622 2171 4685 Convertimini,

616 4720 1017 4791 ﬁlii/tominum,
1072 4721 1213 4774 hanc
1264 4720 1393 4789 ipsis
1452 4717 1752 4771 doctrinam
1799 4715 2013 4770 tradere
2042 4714 2173 4767 mihi

613 4811 826 4866 videtur
847 4852 861 4875 ,
894 4821 952 4864 ut
982 4811 1185 4877 scilicet
1216 4810 1487 4880 precando
1508 4794 1689 4863 dicant
1733 4828 1744 4862 :
1777 4806 1820 4863 Ο
1854 4807 2095 4869 Domine,
2117 4814 2172 4858 tu

613 4905 781 4958 variis
829 4903 1161 4971 temporibus
1222 4900 1487 4972 refugium
1540 4900 1694 4956 nobis
1746 4899 1919 4953 factus
1976 4914 2035 4952 es
2079 4911 2173 4965 per

2279 3706 2372 3757 καὶ
2394 3703 2461 3756 τὰ
2492 3703 2557 3755 δι’
2594 3702 2754 3755 αὑτοῦ
2784 3701 2911 3772 περὶ
2945 3700 3037 3754 τοῦ
3079 3700 3387 3778 σπέρματος
3417 3697 3575 3752 Δαυῒδ
3617 3699 3721 3752 καὶ
3750 3698 3855 3751 τοῦ

2279 3794 2683 3865 ἐπηγγελμένου
2724 3791 2871 3861 αύτῷ
2895 3792 3081 3862 θρόνου
3118 3791 3494 3855 θεσπισθέντος
3521 3791 3555 3860 ὴ
3588 3790 3857 3863 παροῦσα

2280 3884 2550 3957 προσευχὴ
2582 3884 2856 3946 Μωῠσέως
2878 3881 3173 3951 συνῆφθαι·
3210 3882 3345 3952 μετά
3371 3899 3511 3942 τινος
3528 3882 3585 3935 δὲ
3613 3882 3857 3952 βαθυτέ-

2282 3996 2377 4049 ρας
2403 3976 2627 4048 θεωρίας
2660 3972 3025 4043 αἰνιττομένου
3058 3970 3149 4024 τοῦ
3182 3971 3336 4039 λόγου
3377 3972 3688 4025 ἀπόπτωσιν
3726 3974 3856 4027 ἔσε-

2279 4069 2400 4121 σθαι
2425 4068 2516 4120 καὶ
2536 4064 2801 4137 ἀποϐολὴν
2817 4063 2913 4122 ,τοῦ
2955 4061 3217 4115 Ἰουδαίων
3243 4058 3424 4124 ἔθνους
3450 4060 3584 4131 μετὰ
3610 4063 3717 4134 τὴν
3745 4080 3857 4117 πα-

2279 4160 2493 4232 ρουσίαν
2522 4156 2613 4212 τοῦ
2656 4158 2719 4210 ἐκ
2754 4156 3063 4228 σπέρματος
3090 4154 3248 4209 Δαυῒδ
3286 4153 3783 4226 προελευσομένου·
3818 4155 3857 4210 δ

2275 4252 2337 4323 δὴ
2371 4254 2463 4305 καὶ
2495 4247 2942 4323 έπισφραγίζεται
2987 4250 3021 4320 ἡ
3060 4247 3165 4309 τῶν
3206 4248 3542 4318 πραγμάτων
3582 4246 3847 4319 ἔκϐασις.

2288 4344 2445 4396 Ἀλλά
2473 4342 2579 4413 γὰρ
2601 4342 2903 4413 προσευχὴν
2929 4342 3106 4402 αὐτοῖς
3127 4338 3483 4411 παραδίδωσιν
3509 4341 3537 4392 ό
3569 4339 3847 4409 Μωῦσῆς,

2276 4437 2582 4507 προφητικῇ
2620 4433 2841 4503 δυνάμει
2871 4428 3183 4504 ἐφαρμόσας
3207 4432 3331 4495 τοὺς
3369 4432 3425 4484 ἐν
3460 4434 3522 4500 τῇ
3558 4434 3848 4501 προσευχῇ

2274 4523 2461 4592 λόγους
2482 4524 2559 4593 τῷ
2591 4523 2861 4594 προσώπῳ
2886 4522 2977 4575 τοῦ
3024 4522 3342 4586 ἐκπεσόντος
3369 4523 3460 4575 καὶ
3496 4521 3849 4591 ἀποϐληθέν-

2274 4632 2362 4679 τος
2391 4615 2539 4667 λαοῦ.
2578 4614 2742 4667 Ἐπάν
2767 4610 2857 4667 οὖν
2879 4614 3008 4684 λέγῃ
3030 4632 3043 4644 ·
3068 4615 3163 4681 Μὴ
3196 4612 3580 4680 ἁποστρέψῃς
3610 4611 3853 4682 ἅνθρω-

2275 4720 2391 4760 πον
2432 4708 2516 4773 είς
2549 4705 2932 4759 ταπείνωσιν·
2977 4705 3087 4760 Καὶ
3118 4694 3298 4769 εἶπας
3317 4721 3329 4733 ·
3379 4702 3849 4773 Ἐπιστρέψατῆ

2273 4796 2458 4851 οἱυίοὶ
2501 4797 2618 4851 τῶν
2649 4795 2987 4864 ἀνθρώπων,
3032 4795 3215 4849 τοῦτόν
3258 4811 3346 4863 μοι
3384 4793 3529 4847 δοκεῖ
3558 4794 3851 4853 διδάσκειν

2273 4889 2467 4951 αὐτοὺς
2496 4887 2585 4941 τὸν
2610 4886 2752 4951 νοῦν,
2787 4886 3248 4958 προσευχομένους
3270 4884 3458 4952 λέγειν
3481 4901 3496 4915 ·
3535 4880 3601 4937 Ὦ
3628 4888 3844 4958 Κύριε,

615 4994 1256 5066 singulasgenerationes
1290 5009 1304 5044 :
1343 5007 1466 5046 nam
1493 4992 1666 5061 primo
1692 5005 1813 5045 cum
1844 4991 1897 5043 in
1935 4988 2168 5060 [Egypto

2281 4983 2336 5034 σὺ
2371 4980 2509 5035 κατά
2537 4980 2755 5051 χρόνους
2799 4981 2927 5051 ἡμῖν
2975 4980 3200 5048 γέγονας
3240 4977 3523 5047 καταφυγὴ
3566 4979 3662 5031 καὶ
3711 4980 3849 5032 καθ’

576 5114 579 5119 ν
614 5099 977 5147 versaremur,
1014 5091 1173 5152 atque
1199 5097 1227 5135 a
1259 5082 1542 5136 Pharaone
1586 5088 1639 5135 et
1678 5078 1948 5151 Egyptiis
1985 5079 2167 5150 oppri—

613 5192 903 5242 meremur,
936 5174 1202 5247 refugium
1239 5176 1394 5231 nobis
1423 5174 1569 5229 fuisti
1596 5192 1609 5239 ;
1664 5174 1965 5243 iterumque
1997 5173 2051 5226 in
2074 5171 2168 5226 de—

615 5278 759 5326 serto
810 5270 1103 5341 oppugnati
1161 5283 1282 5322 cum
1332 5267 1398 5322 ab
1424 5264 1735 5341 Amalecitis
1760 5266 1875 5317 tum
1900 5279 1930 5318 a
1950 5262 2164 5318 Chana-

611 5360 763 5426 naais,
798 5338 927 5415 te—i—n
955 5338 1255 5415 subsidium
1284 5373 1345 5412 ac
1371 5338 1637 5428 refugium
1693 5356 2009 5422 habuimus;
2060 5355 2166 5412 imo

610 5456 770 5509 etiam
829 5467 950 5506 cum
1003 5452 1229 5522 ingressi
1270 5450 1323 5504 in
1373 5457 1575 5503 terram
1609 5447 1981 5518 promissionis
2027 5448 2156 5501 allo-

611 5547 785 5617 phylis
832 5544 1041 5600 subacti
1094 5559 1355 5606 essemus,
1415 5556 1478 5595 ac
1506 5538 1820 5611 plerumque
1844 5548 2028 5611 postea
2057 5541 2158 5597 sub

612 5638 828 5706 regibus
862 5635 1085 5698 nostris,
1114 5634 1327 5689 demum
1355 5634 1410 5688 in
1434 5633 1761 5704 Babylonica
1823 5634 2153 5703 captivitate,

613 5729 821 5799 refugio
855 5727 1010 5786 nobis
1046 5724 1212 5780 fuisti.
1274 5724 1337 5778 Et
1390 5740 1535 5780 nunc
1576 5725 1755 5795 itaque
1790 5726 2157 5795 supplicamus

612 5819 764 5889 paria
803 5820 895 5875 abs
928 5827 978 5873 te
1008 5817 1281 5888 consequi,
1314 5825 1469 5890 teque
1505 5820 1560 5874 in
1584 5816 1849 5890 refugium
1907 5824 2153 5873 uestrum

2263 5068 2498 5145 ἑκάστην
2539 5071 2728 5142 γενεάν
2752 5089 2765 5102 ·
2802 5072 3013 5144 πρῶτον
3047 5071 3144 5146 μὲν
3180 5068 3287 5140 γὰρ
3312 5068 3372 5121 ἐν
3400 5069 3659 5140 Αἰγύπτῳ
3700 5087 3847 5139 τυγ-

2263 5168 2515 5238 χάνουσιν
2550 5167 2701 5236 ἡμῖν,
2737 5167 2828 5219 καὶ
2866 5164 2970 5218 ὑπὸ
2992 5163 3087 5216 τοῦ
3118 5161 3315 5233 Φαραῶ
3366 5161 3461 5216 καὶ
3505 5163 3607 5215 τῶν
3660 5165 3846 5232 Δίγυ-

2265 5260 2429 5315 πτίων
2464 5259 2951 5330 καταπονουμένοις
2984 5256 3269 5327 καταφυγὴ
3295 5254 3521 5324 γέγονας
3540 5274 3552 5286 ·
3573 5255 3744 5309 πάλιν
3774 5256 3845 5309 δὲ

2265 5354 2355 5406 ἐπὶ
2386 5353 2481 5422 τῆς
2513 5353 2716 5423 ἐρήμου
2760 5347 3148 5421 πολεμούμενοι
3182 5348 3300 5402 τοτὲ
3326 5349 3427 5419 μὲν
3462 5348 3563 5402 ὑπὸ
3591 5348 3691 5401 τοῦ
3741 5350 3843 5402 ’Δ-

2267 5445 2463 5518 μαλὴκ,
2524 5444 2648 5497 τοτέ
2677 5444 2733 5497 δέ
2775 5442 2878 5496 ὑπὸ
2903 5441 2996 5495 τοῦ
3038 5442 3359 5507 Χαναναίου,
3397 5440 3455 5495 σὲ
3501 5441 3843 5510 καταφυγὴν

2263 5538 2569 5609 ἐσχήκαμεν
2588 5554 2600 5566 ·
2630 5537 2687 5588 οὐ
2718 5535 2823 5605 μὴν
2855 5533 2988 5587 ἀλλά
3018 5533 3110 5588 καὶ
3147 5533 3475 5597 εἰσελθόντες
3498 5534 3574 5595 εἰς
3592 5531 3697 5601 τήν
3724 5532 3845 5602 γῆν

2261 5630 2360 5700 τῆς
2403 5627 2751 5698 ἐπαγγελίας,
2786 5626 2887 5679 ὑπὸ
2926 5626 3239 5697 ἀλλοφύλοις
3266 5644 3325 5679 τε
3346 5626 3664 5694 γενόμενοι,
3697 5626 3844 5677 πολ-

2264 5721 2416 5783 λάκις
2457 5735 2513 5771 τε
2546 5720 2637 5773 καὶ
2671 5717 2806 5788 μετὰ
2852 5718 3023 5771 ταῦτα
3054 5719 3143 5771 ἐπὶ
3187 5718 3295 5771 τῶν
3340 5715 3601 5786 βασιλέων
3635 5715 3840 5783 ἡμῶν,

2264 5815 2354 5868 καὶ
2387 5814 2533 5876 τέλος
2590 5814 2679 5865 ἐπὶ
2728 5812 2823 5883 τῆς
2869 5814 2945 5875 εἰς
2983 5810 3273 5867 Βαϐυλῶνα
3321 5804 3722 5878 αἰχμαλωσίας,
3768 5809 3841 5862 σὲ
