3976 6356
125 445 261 500 H53

1197 438 1689 501 COMMENTARIA
1725 438 1792 492 IN
1830 439 2142 496 PSALMOS

3175 443 3311 500 H34

120 563 443 634 καταφυγὴν
476 564 718 634 ἐσλοῇἐν.
750 560 857 616 κει
892 564 1016 615 νυνὶ.
1039 562 1321 633 τοιγαροῦν
1361 561 1668 630 ἱκετεύομεν

1769 558 2009 613 obtinere
2039 575 2053 610 ι
2085 573 2252 627 quare
2304 569 2576 624 rogamus,
2627 551 2707 608 Ne
2749 562 2951 609 avertas
2972 556 3227 612 hominem
3255 561 3312 614 iu

118 655 226 708 τῶν
255 655 456 725 ὁμοίων
489 654 635 724 παρά
662 654 752 706 σοῦ
782 657 978 724 τυχεῖν,
1023 655 1113 707 καί
1148 671 1205 706 σε
1238 651 1534 724 κτήσασθαι
1566 668 1665 711 κα-

87 799 90 801 .
117 747 402 815 ταφυγήν·
433 745 512 798 διὸ
543 744 787 814 δεόμεθα,
822 745 916 813 Μὴ
950 745 1336 813 ἀποστρέψῃς
1360 732 1691 811 ἄνθρωπον

117 835 203 898 εις
227 835 586 888 ταπείνωσιν
603 849 615 862 ·
639 833 899 896 τουτέστι,
933 833 1022 904 Μὴ
1052 834 1393 905 ἀποστρέψῃς
1418 834 1562 902 ἡμᾶς
1589 832 1666 894 είς

116 925 327 979 τελείαν
348 926 657 980 ἀπόπτωσιν
689 927 778 979 καὶ
799 926 1138 980 ταπείνωσιν.
1170 927 1241 977 Σὺ
1265 927 1372 996 γὰρ
1401 928 1465 994 τῇ
1497 927 1560 994 σῇ
1584 941 1669 993 φι-

117 1014 436 1088 λανθρωπίᾳ
478 1014 653 1082 εἴπας,
688 1019 783 1070 καὶ
813 1015 1136 1088 κηρύγματα
1165 1017 1324 1068 πᾶσιν
1367 1014 1668 1086 ἀνθρώποις

116 1107 432 1179 ἐξενήνοχας
451 1110 635 1178 λέγων’
655 1109 1094 1179 Ἑπιστρέψατε,
1114 1114 1165 1165 οὶ
1187 1109 1300 1164 υἱοὶ
1319 1108 1434 1161 τῶν⁸
1452 1108 1670 1177 ἀνθρώ-

115 1211 265 1254 πων.
301 1202 363 1254 Ei
388 1202 450 1272 δὴ
469 1200 561 1256 οὖν
585 1203 758 1256 πάντα
788 1203 857 1256 τὰ
878 1203 1120 1274 ἐθνηᾼκαὶ⁵
1150 1203 1356 1265 πάντας
1378 1205 1498 1264 τοὺς
1523 1203 1668 1264 υἱοὺς

115 1288 226 1342 τῶν
266 1269 564 1365 ἀνθρώπων
612 1269 1026 1366 προεὶιιέκλτιταί⁸
1058 1311 1151 1347 σου
1183 1296 1216 1365 ὴ
1274 1293 1664 1365 φιλανθρωπία,

117 1385 213 1436 καὶ
243 1373 369 1447 τοὺς
401 1387 563 1441 πάλαι
590 1387 1029 1460 ἀποστραφέντας
1057 1389 1162 1442 ἀπὺ
1192 1387 1304 1452 σοῦ,
1337 1387 1428 1440 καί
1455 1387 1667 1457 δαίμοσι

117 1476 213 1527 καὶ
249 1476 518 1548 πνεύμασι
545 1475 795 1550 πονηροῖς
817 1479 1309 1541 καταδουλωθέντας
1337 1475 1668 1548 ἐπιστραφῆ-

117 1583 206 1619 ναι
233 1567 323 1620 ἐπὶ
358 1569 417 1620 σὲ
451 1568 742 1633 κελεύσεις,
784 1569 918 1640 μηδὲ
951 1571 1092 1639 ἡμᾶς
1120 1570 1486 1638 ἀποστραφῇς,
1537 1566 1667 1637 μηδὲ

115 1659 194 1719 είς
235 1659 467 1729 παντελῆ
496 1663 766 1732 ἐρήμωσιν
795 1661 1122 1734 καταλείπεις
1146 1659 1316 1712 ἐλθεῖν
1349 1660 1473 1722 τοὺς
1505 1659 1684 1734 πάλαι.

117 1764 212 1799 σου
239 1749 559 1818 γενομένους
613 1750 860 1815 οἰκείους,
892 1751 1080 1814 οἵτινες
1122 1750 1254 1821 πρὸς
1296 1748 1471 1817 ὀλίγον
1509 1747 1670 1818 ἀνθή-

117 1855 307 1902 σαντες
339 1841 637 1912 χειμάρρου
669 1841 821 1912 δίκην
854 1841 1288 1914 παρεδράμομεν.
1325 1838 1406 1892 Τὰ
1435 1837 1563 1907 γοῦν
1586 1837 1668 1908 χία-

118 1931 206 1983 λια
255 1931 410 2002 ἡμῶν
439 1932 554 2002 ἐτη,
588 1934 646 1985 ὲν
684 1928 764 1996 οἷς
812 1934 1154 2003 ῆκμάσαμεν,
1200 1929 1375 1992 ταῦτα
1399 1927 1669 2000 παρῆλθεν

118 2023 189 2084 ὼς
215 2023 248 2091 ή
283 2022 455 2091 ἐχθὲς,
485 2024 603 2093 ῆτις
627 2021 823 2094 διῆλθε.
851 2022 1137 2092 Γενόμενος
1157 2021 1214 2074 δὲ
1251 2022 1307 2073 έν
1326 2018 1533 2082 τούτοις
1574 2019 1670 2086 ὲφ-

70 2167 77 2176 _
126 2115 317 2183 ίστημι
353 2114 470 2176 πῶς
495 2113 701 2185 εἴρηται
730 2113 798 2166 τὰ
826 2112 967 2183 χίλια
1000 2113 1170 2166 ταῦτα
1193 2111 1308 2182 ἔτη.
1339 2113 1401 2165 Et
1432 2112 1530 2183 μὲν
1558 2112 1669 2181 γὰρ

117 2207 302 2258 ἓνεκεν
329 2205 630 2278 δοξολογίας
664 2200 756 2256 τοῦ
785 2202 919 2256 Θεοῦ
953 2203 1044 2256 καὶ
1075 2205 1152 2266 είς
1198 2203 1534 2273 παράστασιν
1573 2203 1668 2272 τῆς

118 2299 284 2350 ἀϊδίου
318 2296 462 2365 ζωῆς
491 2294 583 2347 τοῦ
613 2293 768 2357 Θεοῦ.
797 2295 943 2348 οὐδὲν
969 2292 1118 2365 οἶμαι
1149 2293 1236 2347 τὸν
1263 2293 1416 2362 λόγον
1441 2294 1666 2365 μεγαλο-

121 2388 326 2458 πρεπὲς
377 2388 664 2457 περιέχειν.
707 2385 838 2440 Οὐδὲ
881 2385 988 2458 γὰρ
1027 2385 1118 2438 τὸν
1151 2384 1434 2456 σύμπαντα
1477 2383 1664 2445 αἰῶνα,

117 2479 239 2534 οὐδὲ
272 2479 362 2533 τὸν
391 2477 498 2533 ἀπὸ
528 2478 745 2550 πρώτης
776 2479 1001 2545 κτίσεως
1020 2479 1110 2530 τοῦ
1153 2479 1351 2547 κόσμου
1393 2477 1481 2529 καὶ
1507 2476 1666 2545 μέχρι

117 2569 215 2639 τῆς
240 2570 554 2633 συντελείας.
567 2571 951 2640 παρατείνοντα
981 2553 1183 2640 χρόνον,
1207 2569 1266 2619 τὸ
1289 2568 1484 2638 ἀκαρὲς
1505 2566 1666 2638 ἠγοῦ-

117 2679 217 2730 μαι
243 2657 401 2722 εἶναι,
437 2661 533 2730 οὑχ
559 2661 639 2712 ὅτι
669 2660 766 2731 τῆς
797 2660 1027 2731 ἡμέρας,
1069 2658 1178 2712 ἀλλ’
1204 2658 1320 2711 οὐδὲ
1346 2658 1442 2730 τῆς
1469 2658 1667 2729 βραχυ-

119 2753 285 2821 τάτης
317 2750 466 2823 ὥρας
500 2751 790 2823 παραθέσει
829 2752 925 2822 τῆς
969 2752 1198 2822 ἀνάρχου
1239 2751 1332 2805 καὶ
1377 2753 1668 2823 ἀγεννήτου

120 2846 263 2916 ζωῆς
289 2845 383 2898 τοῦ
404 2844 557 2908 Θεοῦ,
599 2845 702 2918 πρὸ
734 2845 944 2898 πάντων
969 2845 1296 2916 ὑπάρχοντος
1327 2844 1552 2910 αἰώνων,
1577 2847 1668 2900 καὶ

122 2938 246 3008 προ
265 2936 464 3000 παντὸς
491 2937 869 3007 ὲπινοουμένου
901 2936 993 2990 καὶ
1024 2938 1101 2999 είς
1123 2930 1344 3008 ἄπειρον
1367 2937 1668 3008 ἐκτεινομέ-

119 3047 210 3082 νου
235 3028 516 3098 λογισμοῦ,
547 3028 686 3100 ὑπέρ
725 3045 784 3080 τε
814 3029 937 3091 τοὺς
968 3027 1101 3098 μετὰ
1133 3029 1299 3081 ταῦτα
1340 3029 1668 3101 ἀπεράντους

115 3121 214 3174 καὶ
245 3120 632 3192 ἀτελευτήτους
663 3119 861 3184 αίῶνας
882 3119 1238 3192 διαρκοῦντος.
1265 3121 1461 3192 Διόπερ
1484 3120 1666 3196 ἕτερόν

123 3231 209 3282 μοι
237 3212 385 3266 δοκεῖ
410 3213 533 3267 νοῦν
568 3213 892 3266 ὑποϐάλλειν
925 3214 957 3282 ἡ
995 3212 1238 3283 παροῦσα
1271 3213 1562 3284 προσευχὴ,
1593 3213 1668 3265 δι-

118 3304 390 3356 δάσκουσα
408 3304 498 3357 τὸν
524 3304 649 3358 λαὸν
671 3303 848 3372 λέγειν
865 3320 877 3334 ·
905 3304 1023 3356 Ὀτι
1044 3304 1205 3371 χίλια
1224 3301 1325 3370 ἐτη
1355 3302 1423 3355 ἐν
1452 3304 1669 3371 ὀφθαλ-

117 3397 251 3464 μοῖς
281 3410 397 3449 σου
444 3397 523 3460 ὡς
554 3397 592 3462 ἠ
637 3395 824 3466 ἡμέρα
852 3397 888 3464 ἠ
925 3395 1114 3465 ἐχθὲς,
1143 3394 1273 3462 ἣτις
1311 3393 1534 3463 διῆλθε,
1571 3394 1666 3448 καί

119 3486 365 3557 φυλακὴ
395 3487 465 3540 ἐν
494 3488 684 3540 νυκτί.
715 3487 796 3538 Τά
815 3485 941 3553 γοῦν
975 3485 1143 3558 σεμνὰ
1170 3485 1268 3556 τῆς
1300 3485 1665 3558 Ἰερουσαλὴμ,

115 3579 177 3630 ἐν
207 3572 289 3640 οἷς
322 3576 382 3628 τὺ
413 3579 520 3630 πᾶν
546 3575 690 3638 ἔθνος
715 3574 890 3628 αὐτῶν
921 3576 1132 3645 ἧκμασέ
1160 3591 1218 3626 τε
1243 3578 1336 3647 καῖ
1356 3574 1581 3645 ῆνθησεν
1610 3577 1667 3627 ἐν

118 3667 373 3740 ἡμέραις,
398 3665 583 3738 ὥσπερ
615 3665 706 3720 καὶ
745 3665 882 3735 φωτὶ
909 3665 1116 3734 γέγονε,
1158 3664 1304 3718 ταῦτ’
1327 3661 1393 3736 ῆν
1428 3666 1493 3719 τὰ
1525 3667 1667 3736 χίλια

117 3761 234 3832 ζτη.
274 3761 396 3814 Ἐπὶ
421 3761 596 3833 μόνοις
619 3760 726 3832 γὰρ
745 3761 926 3832 χιλίοις
941 3760 1081 3812 ἔτεσι
1104 3758 1391 3828 συνέστηκε
1418 3760 1508 3812 καὶ
1524 3759 1668 3830 διήρ-

118 3864 248 3904 κεσε
282 3849 352 3904 τὰ
382 3853 480 3921 τῆς
521 3852 578 3904 ἐν
605 3851 752 3920 τόπῳ
778 3849 1053 3922 λατρείας·
1083 3847 1213 3920 ἀθδὴ
1241 3849 1331 3901 καὶ
1363 3847 1666 3920 ἀριθμεῖται

117 3941 308 3996 τοῦτον
336 3942 425 3996 τὸν
471 3943 686 4014 τρόπον.
728 3943 857 3996 Ἀπὸ
901 3943 996 4014 μὲν
1017 3942 1116 4013 τῆς
1151 3941 1368 4012 πρώτης
1402 3941 1495 3993 τοῦ
1524 3940 1666 4012 ἱεροῦ

114 4035 463 4104 κατασκευῆς
512 4035 604 4088 καὶ
635 4034 740 4087 τῶν
787 4033 1092 4103 Σολομῶνος
1132 4033 1333 4103 χρόνων
1372 4032 1528 4103 μέχρι
1571 4033 1669 4102 τῆς

117 4125 229 4176 ὑπὸ
253 4124 601 4178 Βαϐυλωνίων
628 4124 933 4194 πολιορκίας
967 4123 1059 4193 ἔτη
1093 4123 1378 4191 συνάγεται
1410 4121 1540 4174 υλ6’·
1570 4139 1667 4192 με⁸

117 4216 188 4268 τὰ
211 4215 268 4267 δὲ
290 4215 459 4268 ταῦτα
479 4218 556 4279 είς
583 4215 784 4286 ἔρημον
817 4217 1161 4285 περιστάντος
1185 4211 1277 4267 τοῦ
1300 4215 1483 4279 τόπου,
1515 4209 1613 4267 αῦο
1623 4229 1668 4276 ις

130 4304 342 4378 Ἰησοῦς
372 4307 464 4358 καὶ
477 4305 790 4377 Ζοροϐάϐελ,
817 4305 951 4358 ὁτοῦ
985 4303 1264 4375 Σαλαθιὴλ,
1297 4303 1433 4357 κατὰ
1464 4303 1525 4357 τὸ
1547 4304 1667 4355 δεύ-

116 4413 278 4468 τερον
311 4394 423 4460 ἔτος
455 4396 675 4466 Δαρείου
714 4395 802 4447 τοῦ
831 4396 1036 4465 Πέρσου
1070 4394 1344 4449 ἁνανεοῦσι
1375 4394 1464 4446 τὸν
1489 4390 1632 4447 οἷκον
1651 4409 1665 4423 ’

114 4490 179 4555 ἐξ
205 4488 410 4541 ἐκείνου
439 4505 498 4540 τε
530 4488 623 4540 καὶ
654 4487 742 4539 ἐπὶ
775 4485 836 4539 τὺ
871 4489 1341 4541 πεντεκαιδέκατον
1374 4487 1490 4551 ἔτος
1515 4488 1668 4540 Τιϐε-

1767 649 2148 714 humilitatem;
2175 651 2274 703 hoc
2297 657 2401 713 est,
2455 647 2530 702 Ne
2558 655 2770 702 avertas
2798 664 2894 702 nos
2926 648 2992 702 ad
3019 658 3314 705 extremam

1765 741 1976 794 ruinam
2001 751 2054 797 et
2083 742 2459 796 humilitatem.
2485 740 2566 794 Tu
2599 755 2827 810 namque
2853 743 2901 794 vi
2929 741 3004 794 tui
3037 757 3163 811 erga
3216 743 3315 796 ho-

1765 831 1937 885 mines
1971 832 2170 885 amoris
2201 831 2312 886 haec
2347 829 2550 893 dixisti,
2588 839 2747 902 atque
2801 831 3048 886 omnibus
3083 832 3316 886 homini-

1764 923 1866 978 bus
1895 924 2032 976 hanc
2060 923 2489 992 praedicationem
2518 923 2741 977 attulisti
2791 923 2996 990 dicens,
3049 923 3315 978 Converti-

1766 1014 1917 1077 mini,
1952 1015 2052 1082 ﬁlii
2089 1014 2374 1068 hominum.
2406 1011 2460 1067 Si
2502 1013 2684 1083 itaque
2711 1016 2992 1070 clementia
3009 1023 3101 1069 tua
3125 1032 3314 1073 omnes

1767 1113 1972 1174 gentes,
2028 1120 2320 1174 omnesque
2386 1104 2524 1159 ﬁlios
2581 1105 2854 1159 hominum
2881 1108 3145 1174 evocavit,
3183 1109 3314 1163 etsi

1766 1213 1859 1252 eos
1886 1198 1976 1267 qui
2003 1197 2128 1251 olim
2157 1198 2252 1251 abs
2279 1206 2327 1252 te
2361 1197 2557 1258 aversi,
2615 1212 2678 1251 ac
2719 1199 3053 1253 daemonibus
3115 1201 3315 1269 spiriti-

1766 1289 1970 1358 busque
1996 1289 2243 1357 malignis
2265 1288 2466 1344 subditi
2493 1299 2666 1353 erant,
2695 1289 2761 1343 ad
2791 1295 2845 1344 te
2867 1290 3312 1360 convertijubes;

1766 1395 1834 1433 ne
1865 1395 1965 1434 nos
1982 1379 2268 1443 averseris,
2298 1395 2470 1449 neque
2500 1381 2554 1433 in
2583 1387 2878 1435 extremam
2906 1397 3064 1437 ruere
3091 1384 3316 1438 vastita-

1765 1477 1871 1524 tem
1895 1469 2065 1534 sinas,
2123 1472 2214 1540 qui
2269 1471 2393 1526 olim
2445 1471 2523 1524 tui
2560 1455 2878 1534 fuimusfac
2898 1488 3020 1526 cum
3049 1475 3315 1529 tantillum

1766 1562 2018 1630 temporis
2051 1560 2440 1625 ﬂoruissemus,
2473 1562 2917 1616 torrentisinstar
2943 1563 3313 1619 transivimus.

1767 1652 1898 1706 Nam
1927 1654 2070 1708 mille
2093 1655 2219 1707 anni
2249 1655 2438 1719 nostri,
2498 1654 2651 1724 queis
2697 1654 2834 1709 bene
2872 1669 2984 1708 rem
3025 1655 3315 1724 gessimus,

1768 1746 2097 1802 transierunt
2124 1747 2264 1801 sicut
2291 1746 2406 1802 dies
2435 1746 2708 1810 hesterna,
2742 1761 2863 1816 quae
2880 1747 3154 1817 praeteriit.
3215 1746 3316 1801 Hic

1769 1854 1898 1893 vero
1917 1839 2242 1910 perpendere
2279 1839 2426 1902 libet,
2449 1854 2546 1893 cur
2566 1838 2619 1892 hi
2644 1839 2790 1893 mille
2830 1838 2957 1922 anni
3011 1854 3316 1895 memoren-

1703 1909 1743 1963 Β
1769 1938 1875 1986 tur.
1911 1909 1967 1986 Si
1993 1932 2134 1986 enim
2165 1933 2378 1986 dicatur
2402 1933 2513 1986 haec
2544 1931 2608 1984 ad
2635 1931 2857 2003 gloriam
2888 1913 2983 1985 'Dei
3003 1947 3142 1996 esse,
3176 1932 3313 1986 etad

1770 2024 2148 2094 sempiternam
2173 2023 2264 2078 Dei
2296 2023 2457 2077 vitam
2496 2021 2893 2088 declarandam,
2947 2023 3080 2076 nihil
3133 2024 3312 2094 magni

1769 2115 1870 2169 hoc
1894 2121 2022 2184 puto
2045 2127 2290 2168 sermone
2311 2114 2561 2183 proferri.
2594 2112 2800 2167 Etenim
2833 2128 2930 2170 nec
2945 2128 3105 2169 omne
3140 2129 3314 2169 saecu-

1767 2203 1900 2265 lum,
1932 2217 2105 2271 neque
2131 2203 2290 2258 etiam
2315 2210 2486 2256 totum
2519 2203 2649 2257 illud
2672 2211 2882 2274 tempus
2929 2201 3070 2274 quod
3093 2218 3120 2256 a
3141 2204 3313 2272 prima

1767 2292 1950 2346 mundi
1983 2293 2255 2348 creatione
2277 2301 2447 2363 usique
2498 2294 2563 2349 ad
2607 2293 2725 2362 ejus
2777 2294 3310 2360 consummationem,

1765 2389 1847 2442 vel
1877 2385 1980 2458 pro
2005 2391 2235 2454 tantillo,
2269 2405 2376 2444 non
2406 2390 2580 2444 dicam
2631 2390 2790 2445 unius
2839 2391 2965 2458 diei,
3017 2389 3110 2446 sed
3155 2390 3314 2444 unius

1766 2479 2098 2534 brevissima:
2155 2480 2299 2534 horae
2347 2480 2540 2548 spatio,
2598 2478 2900 2533 habendum
2941 2494 3061 2534 esse
3089 2487 3236 2549 puto,
3266 2480 3315 2534 si

1767 2580 2112 2641 comparetur
2136 2587 2258 2626 cum
2292 2573 2381 2625 illa
2410 2571 2527 2626 sine
2566 2570 2830 2640 principio
2878 2577 2931 2624 et
2972 2571 3318 2640 generatione

1765 2665 1876 2718 vita
1910 2663 2024 2726 Dei,
2051 2665 2144 2734 qui
2193 2671 2317 2718 ante
2358 2664 2536 2716 omnia
2592 2662 2785 2716 saecula
2829 2661 3056 2724 exsistit,
3104 2676 3315 2715 necnon

1769 2763 1892 2810 ante
1923 2770 2134 2810 omnem
2158 2754 2535 2824 cogitationem
2592 2753 2674 2806 vel
2720 2751 2775 2806 in
2835 2751 3100 2805 inﬁnitum
3131 2761 3317 2806 exten-

1769 2864 1912 2914 sam;
1943 2849 2141 2917 quique
2163 2848 2343 2902 omnia
2365 2845 2564 2909 futura,
2607 2844 2814 2900 inﬁnita
2868 2851 2923 2899 et
2973 2843 3313 2899 interminata

1767 2940 1961 2994 saecula
1982 2939 2266 2992 duratioue
2318 2936 2545 2992 excedit.
2589 2936 2943 3002 Quamobrem
2995 2934 3151 2988 aliam
3181 2933 3312 2988 mihi

1717 3029 2084 3087 .Bententiam
2136 3028 2345 3082 videtur
2413 3028 2526 3082 hac
2589 3027 2763 3081 oratio
2821 3040 3134 3096 suggerere,
3190 3039 3315 3080 cum

1766 3123 2022 3194 populum
2054 3122 2120 3176 ad
2155 3122 2270 3177 haec
2296 3121 2520 3177 dicenda
2578 3121 2849 3176 instituit:
2884 3121 3140 3186 Quoniam
3169 3118 3316 3172 mille

1765 3215 1893 3268 anni
1915 3215 1969 3267 in
1997 3214 2159 3267 oculis
2191 3215 2316 3278 mis,
2351 3221 2597 3282 tanquam
2626 3212 2734 3266 dies
2758 3211 3018 3276 hesterna,
3042 3225 3316 3291 ancyra-

1772 3307 1930 3372 teriit,
1961 3315 2009 3358 et
2042 3303 2282 3370 custodia
2315 3305 2370 3357 in
2395 3313 2564 3357 -noc:e.
2594 3301 2910 3357 Veneranda
2932 3316 3064 3371 ergo
3093 3301 3181 3353 illa
3196 3315 3314 3369 qua

1769 3399 1822 3453 in
1856 3397 2155 3454 Jerusalem
2191 3404 2368 3459 erant,
2401 3390 2596 3464 quibus
2631 3402 2740 3447 tota
2780 3408 2910 3462 gens
2957 3392 3046 3445 illa
3096 3391 3318 3446 ﬂorebat

1766 3497 1819 3544 et
1840 3491 2009 3544 multo
2037 3489 2243 3544 dierum
2273 3486 2542 3542 curriculo
2560 3485 2704 3562 bene
2733 3500 2844 3539 rem
2872 3483 3108 3553 gerebat,
3159 3484 3316 3550 quasi

1766 3581 1820 3633 in
1845 3582 1964 3637 luce
1995 3581 2230 3650 degens;
2257 3579 2391 3643 haec,
2419 3580 2660 3647 inquam,
2721 3591 2818 3646 pro
2866 3575 3010 3628 mille
3026 3574 3190 3629 annis
3217 3575 3316 3628 ha-

1766 3671 1959 3726 benda.
2011 3671 2144 3724 Nam
2206 3671 2364 3742 annis
2404 3669 2549 3725 mille
2609 3669 2868 3722 duntaxat
2918 3667 3094 3722 cultus
3126 3663 3230 3719 hoc
3259 3667 3315 3720 in

1767 3762 1884 3816 loco
1930 3769 2166 3816 statutus
2202 3761 2418 3816 duravit
2465 3770 2518 3816 et
2564 3753 2807 3814 constitit
2843 3775 2856 3811 :
2888 3758 2981 3828 qui
3039 3755 3168 3810 anni
3213 3756 3316 3810 hoc

1767 3861 1922 3926 pacto
1951 3861 2319 3908 numerantur.
2379 3852 2423 3905 A
2473 3852 2642 3921 prima
2687 3849 2867 3919 templi
2915 3847 3229 3902 fundatione
3260 3852 3318 3901 et

1766 3944 2100 4014 temporibus
2152 3941 2479 4004 Salomonis,
2546 3941 2613 3995 ad
2668 3955 2841 4018 usque
2902 3938 3313 4010 Babyloniorum

1767 4038 2122 4100 obsidionem,
2138 4036 2266 4089 anni
2285 4042 2666 4104 computantur
2687 4030 3066 4102 quadringenti
3092 4030 3315 4100 triginta

1769 4130 1893 4185 duo.
1925 4129 2054 4184 Post
2077 4130 2190 4183 ha=c
2217 4135 2394 4182 autem
2417 4140 2538 4180 cum
2570 4125 2720 4178 locus
2742 4124 2796 4178 in
2831 4122 3174 4178 solitudinem
3204 4135 3318 4175 ver

1769 4237 1862 4276 sus
1876 4226 2038 4286 esset,
2069 4233 2282 4272 rursum
2298 4215 2456 4272 Iesus
2471 4224 2524 4272 et
2542 4215 2858 4280 Zorobabel,
2879 4215 3017 4269 ﬁlius
3038 4213 3313 4276 Salathiel,

1740 4313 1915 4364 ‘anno
1954 4307 2192 4364 secundo
2238 4308 2383 4361 Darii
2430 4305 2606 4363 Persa:
2637 4307 2854 4362 domum
2919 4309 3310 4359 restaurarunt.

1769 4403 1850 4457 Ab
1875 4402 1965 4456 illo
1993 4409 2169 4455 autem
2199 4407 2438 4469 tempore
2473 4414 2640 4468 usque
2672 4397 2736 4452 ad
2768 4397 3013 4466 quintum
3048 4395 3313 4449 decimum

1771 4509 1971 4546 annum
1999 4491 2200 4545 Tiberii
2225 4491 2474 4551 Caesaris,
2511 4489 2836 4556 colliguntur
2856 4485 2980 4539 anni
3037 4481 3314 4552 quingenti

111 4581 243 4652 ρίου
294 4579 688 4650 Καίσαροςτέτη
743 4580 1026 4646 συνάγεται
1058 4589 1215 4651 φμη’·
1265 4580 1401 4633 ὥστε
1438 4578 1570 4634 εἷναι
1602 4580 1668 4633 τά

1770 4583 2122 4654 quadraginta
2147 4592 2198 4635 et
2219 4588 2375 4643 octo;
2404 4579 2472 4630 ita
2503 4586 2558 4630 ut
2584 4591 2770 4629 omnes
2799 4575 2864 4628 ad
2895 4588 3156 4628 summam
3179 4587 3314 4625 non-

115 4675 303 4728 πάντα
332 4675 449 4741 2312’.
492 4672 730 4743 Διέμεινέ
758 4688 814 4725 τε
839 4671 1203 4744 χειμαζομένη
1241 4675 1332 4726 καὶ
1367 4672 1670 4727 ἀστατοῦσα

112 4767 150 4838 ὴ
189 4765 347 4828 πόλις
381 4767 515 4837 μετά
553 4766 648 4837 τὴν
687 4763 822 4817 κατὰ
851 4763 939 4815 τοῦ
975 4765 1218 4836 Σωτῆρος
1255 4764 1410 4836 ἡμῶν
1450 4764 1668 4818 ἐπιϐου-

110 4857 221 4928 λὴν
255 4859 427 4912 αὐτῶν
477 4859 679 4930 ἑτέροις
705 4857 843 4910 ἔτεσι
880 4855 949 4925 μ”
985 4856 1098 4925 μεθ’
1128 4857 1162 4909 ἂ.
1204 4859 1230 4910 ὁ
1268 4857 1528 4928 παντελὴς
1575 4858 1670 4910 αύ-

110 4952 250 5012 τοὺς
302 4950 562 5020 μετῆλθεν
604 4949 838 5020 ὃλεθρος,
878 4947 969 4999 καὶ
1004 4948 1261 5017 ήὺστάτη
1308 4935 1604 5018 πολιορκία,
1637 4951 1668 5019 ἡ

111 5043 230 5096 ὑπὸ
263 5043 542 5113 Ῥωμαίων
563 5044 821 5114 γενομένη
849 5040 985 5096 κατά
1005 5040 1157 5093 Τίτον
1203 5041 1296 5093 καὶ
1335 5041 1669 5094 Οὑεσπασια·

110 5138 211 5190 νὺν
250 5135 664 5207 αὐτοκράτορας.

190 5227 355 5282 Ταῦτ’
385 5223 475 5280 οὗν
502 5224 568 5298 ῆν
595 5229 662 5281 τά
693 5229 831 5299 χίλια
858 5228 950 5298 ἔτη
987 5226 1110 5297 περὶ
1136 5219 1208 5278 ὧν
1237 5225 1467 5294 εἴρηται,
1510 5224 1604 5288 Ὠς
1633 5226 1668 5291 ἡ

108 5320 314 5392 ἡμέρα
336 5321 374 5386 7i
412 5318 607 5388 ἐχθὲς,
642 5319 773 5386 ἣτις
803 5319 1024 5386 διῆλθε.
1061 5317 1338 5370 Διελθόντα
1369 5317 1474 5386 γὰρ
1502 5315 1669 5368 ταῦτα

108 5415 218 5470 καὶ
253 5412 445 5482 μηκέτι
486 5401 614 5463 ὅντα
647 5411 1024 5464 ἀποκλαίονται
1054 5414 1101 5463 oi
1126 5410 1211 5462 διά
1237 5409 1332 5478 τῆς
1367 5407 1667 5478 προσευχῆς

106 5506 211 5559 τὸν
239 5501 372 5558 Θεὸν
411 5501 700 5570 ἱλεούμενοι
725 5519 737 5532 ⁸
769 5502 901 5556 ἀλλά
924 5505 1014 5557 καὶ
1045 5503 1117 5565 ώς
1149 5500 1386 5571 φυλακὴν
1424 5516 1669 5570 νυκτερι-

107 5599 215 5669 νὴν
249 5594 424 5648 ταῦτά
454 5611 582 5664 φασι
612 5594 679 5650 τὰ
700 5596 842 5666 χίλια
874 5597 965 5667 ἐτη
998 5596 1435 5668 παρεληλυθέναι.
1469 5594 1670 5664 Λύχνος

106 5694 228 5762 γὰρ
258 5686 378 5760 ἧνό
420 5689 687 5752 Μωῦσέως
734 5690 891 5761 νόμος
933 5693 988 5744 ἰν
1031 5693 1180 5743 νυκτὶ
1213 5692 1412 5760 φαίνων
1455 5691 1664 5752 αὐτοῖς·

105 5784 253 5836 ἀλλά
286 5782 380 5834 καὶ
404 5784 452 5833 οι
480 5782 766 5852 προφῆται,
800 5783 845 5835 oi
883 5781 1016 5851 μετά
1039 5783 1292 5844 Μωῦσέα,
1323 5782 1499 5850 λύχνοι
1531 5777 1669 5850 ῆσαν

95 5878 139 5934 ιῆ
182 5873 283 5928 καλ⁷
309 5873 528 5937 ἀστέρες
553 5875 636 5927 ’ἂν
668 5875 817 5930 νυκτὶ
850 5874 1144 5936 φαίνοντες.
1173 5872 1322 5929 ούπω
1371 5875 1460 5928 τοῦ
1497 5874 1668 5933 φωτὸς

1770 4684 2048 4744 gentorum
2082 4680 2134 4726 et
2161 4672 2430 4739 octoginta
2473 4673 2848 4736 supputentur.
2907 4663 3035 4720 Post
3090 4662 3313 4733 insidias

1769 4782 1894 4822 vero
1925 4765 1991 4818 ab
2021 4765 2085 4819 iis
2105 4771 2293 4817 contra
2320 4761 2646 4812 Salvatorem
2674 4768 2914 4810 nostrum
2946 4764 3198 4818 structas,
3223 4765 3312 4808 tu-

1771 4854 2024 4908 multibus
2058 4859 2107 4904 et
2141 4849 2494 4905 seditionibus
2524 4848 2719 4917 agitata
2742 4846 2948 4911 civitas,
2980 4845 3152 4899 adhuc
3179 4859 3314 4912 qua-

1771 4947 2010 5015 draginta
2035 4943 2191 4996 annis
2213 4942 2505 5011 permansit
2538 4939 2772 5008 :quibus
2831 4938 3047 5006 elapsis,
3083 4936 3312 4988 accessit

1771 5047 2007 5091 extrema
2034 5050 2217 5090 eorum
2246 5033 2531 5104 pernicies,
2562 5040 2614 5084 et
2645 5030 2830 5083 ultima
2857 5022 3232 5089 obsidio,-Tito
3257 5033 3311 5078 et

1774 5129 2101 5199 Vespasiano
2131 5127 2566 5197 imperatoribus,
2599 5139 2627 5175 a
2651 5120 2917 5176 Romanis
2947 5119 3101 5171 facta.

1841 5222 1902 5274 lli
1947 5223 2120 5289 itaque
2172 5221 2316 5275 mille
2370 5219 2495 5271 anni
2543 5223 2715 5275 erant,
2764 5214 2832 5266 de
2873 5209 3066 5277 quibus
3091 5207 3323 5272 dicitur,—

1775 5317 2040 5384 Tanquam
2073 5314 2181 5366 dies
2205 5315 2440 5367 hesterna
2464 5325 2580 5379 quae
2603 5303 2870 5375 prwteriit.
2898 5299 3030 5353 Nam
3067 5300 3185 5373 illos
3209 5314 3308 5352 an-

1772 5425 1869 5462 nos
1894 5422 1987 5460 ceu
2022 5406 2316 5476 praeteritos
2344 5412 2395 5459 et
2421 5403 2629 5470 elapsos
2651 5395 2947 5465 deplorant,
2992 5392 3084 5461 qui
3114 5392 3165 5444 in
3187 5404 3309 5443 ora-

1771 5499 2089 5571 tionelDeum
2104 5498 2314 5568 placare
2327 5501 2621 5556 conantur;
2641 5490 2744 5542 imo
2755 5486 2913 5540 etiam
2927 5485 3078 5554 quasi
3093 5488 3312 5535 noctur-

1771 5613 1893 5652 nam
1927 5593 2246 5658 custodiam,
2281 5592 2423 5644 mille
2452 5601 2622 5642 annos
2647 5585 2766 5638 illos
2807 5580 3072 5636 eﬁluxisse
3099 5575 3307 5628 dicunt.

1771 5688 1902 5741 Nam
1939 5683 2134 5753 Moysis
2167 5683 2249 5735 lex
2279 5681 2498 5733 lucerna
2521 5682 2637 5729 erat
2694 5675 2749 5726 in
2812 5677 2966 5725 nocte
3023 5662 3310 5735 splendens

1773 5780 1939 5850 ipsis;
1970 5773 2382 5847 prophetaeitem
2412 5771 2500 5838 qui
2533 5777 2652 5839 post
2680 5765 2910 5836 Moysem
2945 5759 3177 5814 fuerunt,
3220 5755 3313 5806 Λιι-

1772 5885 1945 5927 cerua:
1971 5874 2144 5925 erant,
2177 5865 2288 5920 sive
2331 5863 2496 5917 stellae
2554 5860 2606 5918 in
2670 5866 2823 5914 nocte
2849 5854 3137 5911 fulgentes,
3188 5857 3314 5899 cum
