3976 6356
207 380 357 443 115Ἱ

1347 388 1836 447 COMMENTARIA
1873 391 1938 446 1N
1954 417 1958 421 ·
1973 392 2299 451 PSALMOS.

3210 401 3344 455 1158

202 515 300 570 ρον
351 500 379 552 6
421 498 702 569 Σύμμαχος
754 498 1024 553 ἀπέδωκεν
1071 501 1264 556 εἰπών’
1306 505 1413 570 Τὰς
1464 508 1718 573 ἀμελείας

1816 499 1945 564 rent
1974 512 2136 565 vultui
2165 520 2271 566 tuo.
2299 510 2436 565 Anni
2466 512 2629 566 nostri
2658 512 2788 566 sicut
2810 515 3349 570 araneameditaban.

196 583 376 651 ἡμῶν
402 585 711 653 φαίνεσθαι
736 584 813 649 τῷ
850 586 1136 654 προσώπῳ
1162 604 1274 643 σου
1330 592 1404 645 Τὰ
1434 593 1534 661 ἔτη
1572 594 1736 662 ἡμῶν

193 672 350 727 ὡσεὶ
398 673 623 743 ἀράχνῃ
680 675 982 744 ἐμελέτων.
1039 682 1109 732 Al
1160 680 1364 749 ἡμέραι
1418 682 1534 737 τῶν
1589 685 1735 739 ἐτῶν

196 758 374 827 ἡμῶν
424 763 493 815 ἐν
538 762 735 829 αὐτοῖς
778 770 822 816 o'
854 765 977 831 ἔτη.
1018 766 1149 818 Ἐὰν
1179 767 1245 820 δὲ
1273 770 1735 840 ἐν.δυναστείαις

196 850 565 920 ὀγδοήκοντα
589 854 713 919 ἐτη,
746 854 843 907 καί
868 855 933 908 τὸ
964 858 1171 911 πλεῖον
1197 858 1390 913 αὐτῶν
1417 864 1598 931 κόπος
1638 867 1735 919 καὶ

196 943 409 1007 πόνος.
478 942 728 1017 Ἐνταῦθα
800 945 936 999 κατὰ
996 948 1179 1019 καιρὸν
1247 952 1571 1023 παραθετέον
1638 958 1734 1029 τὴν

207 1029 433 1085 Ἡσαΐου
474 1034 829 1104 προφητείαν,
873 1035 939 1087 δι’
981 1032 1047 1107 ἧς
1096 1055 1284 1107 φησιν·
1329 1041 1424 1095 Ὠὰ
1468 1044 1735 1101 ἀσπίδων

189 1122 460 1190 ἓῤῥηξαντ
486 1124 582 1177 καὶ
612 1124 779 1178 ἰστὸν
804 1126 1066 1196 ἀράχνης
1092 1132 1424 1198 ὑφαίνουσι.
1466 1137 1649 1191 Ταῦτα
1676 1138 1732 1192 δὲ

191 1211 478 1277 ὲϐέσπιζεν
500 1216 528 1267 6
552 1214 855 1286 Προφήτης,
885 1216 1213 1288 ἀναπέμπων
1236 1221 1324 1275 τὸν
1346 1223 1497 1291 λόγον
1516 1228 1605 1279 ἐπὶ
1635 1228 1731 1297 τὴν

188 1304 523 1357 κατάστασιν
539 1302 628 1359 τοῦ
651 1304 776 1360 λαοῦ
796 1308 889 1379 τὴν
907 1309 1037 1378 μετὰ
1066 1312 1161 1381 τὴν
1186 1314 1480 1382 παρουσίαν
1506 1316 1599 1369 τοῦ
1628 1318 1731 1371 Σω-

185 1391 358 1463 τῆρος
380 1395 556 1465 ημῶν,
584 1395 701 1449 καθ’
732 1398 796 1467 ἢν
834 1402 880 1452 oi
919 1399 1168 1470 ἄρχοντες
1200 1402 1373 1461 αὐτῶν
1403 1394 1552 1477 δίκην
1591 1405 1730 1475 6th-

187 1481 282 1545 θος
306 1484 588 1555 τικτούσης
607 1485 673 1539 τὰ
702 1488 900 1542 ἑαυτῶν
924 1490 1333 1560 ἀπογεννὼμενα
1354 1493 1583 1549 τοσαῦτα
1607 1513 1730 1566 προ-

186 1571 493 1638 ϐάλλονται,
521 1574 596 1640 ὡς
624 1577 840 1642 ἀσπίδος
868 1579 1172 1647 ὁμοιοῦσθαι
1195 1583 1483 1653 γεννήμασι
1519 1583 1604 1637 διὰ
1639 1585 1727 1638 τὸν
1758 1568 1759 1571 η

186 1661 464 1731 ἐνιέμενον
506 1665 595 1719 ὑπ’
622 1666 791 1721 αὐτῶν
836 1672 929 1739 τῆς
976 1670 1111 1725 κατὰ
1150 1672 1241 1724 τοῦ
1288 1673 1531 1744 Σωτῆρος
1574 1675 1726 1745 ἡμῶν

186 1752 535 1825 βλασφημίας
580 1758 654 1812 ἰὸν
694 1762 785 1815 καὶ
817 1762 914 1829 τῆς
941 1761 1101 1831 ἄλλης
1139 1764 1217 1825 είς
1256 1763 1414 1818 αὑτὸν
1458 1765 1721 1830 ἀπιστίας.

1835 611 1936 655 tur.
1968 600 2087 655 Dies
2137 618 2387 655 annorum
2416 612 2709 656 nostrorum
2766 603 2836 656 in
2862 604 2981 669 ipsis
3034 609 3349 675 septuaginta

1833 693 1975 745 anni.
2004 691 2063 746 Si
2092 702 2257 747 autem
2312 694 2368 744 in
2419 690 2760 759 potentatibus
2800 692 3056 761 octoginta
3097 696 3219 747 anni
3252 736 3267 759 ,
3297 706 3348 750 et

1812 781 2049 855 rantplius
2076 797 2249 835 eorum
2266 781 2411 834 labor
2435 791 2483 836 et
2509 783 2675 835 dolor.
2701 781 2797 835 llic
2816 791 3106 851 Opportune
3130 783 3349 851 adjicia-

1832 879 1919 924 tur
1941 870 2087 925 Isaiae
2102 871 2395 939 prophetia,
2413 887 2516 940 qua
2540 872 2633 933 ait,
2655 870 2762 925 Ova
2792 872 3026 938 aspidunt
3052 884 3343 939 eruperunt,

1830 967 1878 1011 et
1902 958 2052 1012 telam
2072 975 2283 1036 araneas
2296 969 2466 1015 texunt
2489 958 2554 1010 ⁸ο.
2582 958 2702 1012 Haec
2737 973 2895 1027 porro
2926 960 3238 1016 vaticinatus
3262 971 3345 1018 est

1832 1050 2111 1119 Propheta,
2134 1050 2426 1103 sermonem
2460 1048 2523 1100 ad
2557 1049 2734 1117 populi
2768 1056 2887 1118 post
2921 1050 3199 1103 adventum
3229 1050 3341 1105 Sai—

1831 1140 2028 1195 vatoris
2053 1140 2221 1194 nostri
2249 1145 2443 1193 statum
2472 1136 2728 1203 referens,
2745 1154 2851 1209 quo
2876 1141 3141 1210 principes
3161 1156 3341 1195 eorum

1830 1243 1927 1289 ceu
1955 1229 2147 1299 gallina
2176 1229 2409 1300 pariens,
2430 1243 2545 1282 eam
2570 1229 2879 1284 emittebant
2902 1231 3248 1300 prolem,qu
3275 1231 3342 1286 ob

1827 1319 2126 1375 immissum
2166 1320 2233 1374 ab
2278 1320 2382 1374 illis
2408 1320 2557 1375 virus
2593 1320 2928 1388 blasphemia“:
2969 1321 3021 1375 in
3052 1320 3341 1385 Christum,

1827 1419 1879 1466 et
1903 1409 1970 1465 ob
1992 1410 2247 1479 reliquam
2279 1410 2421 1464 circa
2463 1411 2609 1463 illum
2656 1411 3071 1466 incredulitatem
3093 1451 3107 1475 ,
3167 1421 3347 1481 posset

1832 1498 2074 1569 aspidum
2119 1496 2250 1557 fetui
2292 1498 2609 1568 comparari.
2652 1496 2785 1552 Olim
2817 1499 3029 1569 quidem
3084 1502 3347 1554 sacerdoti

1825 1588 2071 1643 texebant
2107 1596 2302 1651 vestes,
2334 1594 2386 1642 et
2410 1588 2574 1643 stolas
2599 1598 2843 1654 sanctas;
2882 1604 3025 1643 nunc
3059 1600 3231 1643 autem
3262 1596 3347 1642 to-

1825 1687 1931 1732 tam
1970 1692 2150 1733 eorum
2194 1686 2495 1743 texturam,
2543 1685 2596 1734 et
2646 1685 2809 1732 totam
2850 1686 3153 1749 apparatam
3199 1680 3341 1732 illam

1826 1768 1969 1823 verbi
2001 1768 2318 1831 doctrinam,
2356 1781 2514 1837 quam
2566 1781 2662 1836 per
2700 1766 2995 1819 divinarum
3043 1764 3343 1836 Scriptura-

186 1841 364 1896 Πάλαι
389 1845 485 1914 μὲν
512 1842 603 1901 οὖν
630 1846 844 1917 ὕφαινον
867 1850 1091 1919 χιτῶνας
1121 1850 1197 1921 τῷ
1225 1853 1464 1923 ἀρχιερεῖ
1490 1855 1581 1906 καὶ
1614 1873 1718 1908 στο-

1822 1874 1941 1912 rum
1971 1858 2424 1926 complicationem
2441 1864 2495 1912 et
2511 1867 2771 1912 texturam
2799 1857 3119 1926 producunt,
3137 1871 3343 1911 aranete

183 1930 286 1994 λὰς
320 1934 510 2002 ἁγίας·
543 1935 637 1995 νῦν
664 1937 721 1990 δὲ
756 1940 928 1993 πᾶσαν
968 1938 1061 2009 τὴν
1111 1941 1246 2011 ὑφὴν
1282 1942 1586 1996 αὐτῶνκαὶ
1633 1928 1728 2016 τὴν

183 2020 275 2075 διὰ
298 2022 393 2076 τοῦ
417 2025 569 2093 λόγου
602 2027 1130 2101 κατασκευαζομένην
1157 2031 1511 2095 διδασκαλίαν,
1544 2035 1608 2104 ἥν
1644 2035 1731 2088 διὰ

183 2111 285 2181 τῆς
319 2112 428 2166 τῶν
462 2113 616 2173 θείων
645 2116 869 2187 Γραφῶν
901 2120 1206 2197 σμμπλοκῆς
1239 2138 1296 2173 τε
1331 2124 1421 2175 καὶ
1453 2124 1727 2191 ὑφάνσεως

183 2200 596 2270 προῦάλλονται,
623 2207 859 2279 ἀράχνης
891 2210 1159 2279 ὑφάσματι
1191 2213 1513 2283 παρείκασεν
1537 2216 1564 2266 ὁ
1591 2230 1725 2284 προ-

183 2292 410 2361 φητικὸς
458 2292 626 2362 λόγος.
675 2299 762 2351 Διό
804 2315 987 2370 φησιν·
1028 2284 1229 2355 Ἰστὸνί
1257 2303 1517 2370 ἀράχνης
1554 2306 1735 2371 ὑφαί-η

182 2394 381 2436 mum.
426 2384 534 2439 Καὶ
571 2389 600 2440 6
642 2386 825 2459 παρὼν
865 2390 920 2444 δὲ
952 2391 1177 2459 ψαλμὺς,
1205 2392 1300 2463 τὴν
1341 2395 1404 2445 ὲκ
1440 2392 1720 2463 προσώπου

182 2472 362 2525 αὐτῶν
387 2477 649 2545 περιέχων
674 2478 1063 2550 ἐξομολόγησιν,
1091 2483 1252 2552 φησί’
1304 2482 1379 2536 Τὰ
1415 2482 1518 2550 ἐτη
1558 2481 1722 2552 ἡμῶν·

182 2561 261 2626 ὡς
282 2563 512 2631 ἀράχνῃ
558 2566 861 2634 ἐμελέτων.
894 2570 1176 2641 Ἀντικρυς
1218 2570 1323 2642 γὰρ
1369 2570 1464 2634 τὰς
1499 2572 1717 2643 μελέτας

182 2652 291 2704 τῶν
318 2653 547 2724 Γραφῶν
579 2659 636 2710 ὲν
667 2654 753 2721 αἷς
783 2660 1205 2730 κατατρίόονται,
1230 2662 1435 2726 καὶτὰς
1462 2662 1718 2732 δευτερώ-

181 2759 331 2808 σεις,
364 2746 446 2813 ,δι’
490 2743 564 2801 ὧν
608 2749 894 2818 ὑφάσματά
941 2767 1057 2805 τινα
1099 2751 1433 2816 διδασκαλίας
1479 2753 1719 2808 δοκοῦσιν

181 2833 602 2909 ἀπεργάζεσθαι,
630 2839 866 2911 ἀράχνης
894 2841 1181 2896 ἀπείκασεν
1213 2842 1407 2913 ἔργοις.
1446 2842 1597 2896 Ἀλλὰ
1628 2845 1719 2898 καὶ

180 2920 277 2992 τὴν
311 2923 455 2996 ζωὴν
480 2928 655 2980 αὐτῶν
704 2929 866 3000 μόνην
908 2933 1065 2999 φασὶν
1106 2927 1361 3003 εἶναιτὴν
1396 2933 1719 3002 πρόσκαιρον

1823 1949 1941 2003 telis
1977 1947 2195 2005 confert
2223 1947 2563 2015 propheticus
2609 1961 2803 2001 sermo.
2853 1940 3183 2017 Quapropter
3230 1948 3341 2027 ait,

1824 2038 1999 2093 Telam
2023 2051 2231 2089 aranea:
2259 2044 2456 2090 texunt.
2506 2034 2751 2091 Praesens
2778 2050 2987 2103 quoque
3014 2036 3250 2104 psalmus
3277 2052 3342 2091 ex

1802 2140 1999 2198 eorum
2032 2138 2259 2193 persona
2298 2123 2679 2178 confessionem
2712 2123 2960 2178 emittens
2986 2162 3001 2186 ,
3062 2123 3154 2187 ait,
3204 2124 3340 2176 Anni

1817 2214 1978 2267 nostri
2005 2214 2136 2266 sicut
2180 2228 2372 2266 aranea
2410 2212 2814 2273 meditabantur.
2872 2212 3064 2279 Aperte
3114 2225 3340 2279 namque

1816 2303 2185 2357 meditationes
2226 2300 2620 2371 Seripturarum
2668 2303 2721 2356 in
2752 2301 2946 2371 quibus
2975 2307 3183 2353 aetatem
3214 2315 3340 2354 con-

1814 2392 2010 2456 ferunt,
2035 2402 2088 2447 et
2107 2393 2435 2455 deuteroses,
2462 2394 2573 2445 sive
2599 2392 2859 2445 secundas
2901 2391 3212 2443 traditiones
3245 2405 3337 2444 eo—

1812 2497 1953 2547 rum,
1976 2481 2170 2551 quibus
2198 2481 2330 2538 telas
2357 2478 2609 2549 quasdam
2634 2479 2887 2534 doctrinae
2918 2479 3165 2533 videntur
3180 2479 3341 2533 ador-

1814 2585 1961 2632 nare,
1999 2584 2213 2625 araneas
2235 2569 2444 2638 opiﬁcio
2481 2576 2771 2637 comparat.
2824 2568 2933 2621 lmo
2960 2568 3117 2622 etiam
3168 2568 3333 2621 vitam

1813 2678 1966 2720 suam
2000 2664 2392 2730 temporaneam
2418 2662 2590 2715 solum
2617 2676 2737 2715 esse
2774 2660 2977 2720 dicunt,
3007 2658 3337 2728 septuaginta

1816 2755 1899 2811 vel
1922 2753 2190 2825 octoginta
2217 2753 2370 2807 annis
2403 2736 2884 2819 circumscriptam.
2911 2747 2965 2802 id
2999 2763 3158 2817 porro
3188 2748 3336 2801 aiunt

1816 2844 1881 2898 de
1910 2851 2108 2898 teterna
2132 2848 2184 2897 et
2227 2840 2403 2894 futura
2450 2841 2579 2907 vita,
2608 2853 2727 2909 qua}
2771 2838 3033 2907 religiosis
3064 2838 3191 2894 viris
3214 2851 3334 2906 pro-

1815 2934 2039 2987 mittitur
2059 2972 2074 2995 ,
2105 2931 2465 2999 desperantes.
3206 2918 3231 2999 νγ

180 3015 237 3066 ὲν
280 3020 323 3065 ο¹
364 3018 454 3069 καὶ
501 3024 554 3070 π’
584 2998 724 3073 ἔτεσι
765 2998 1279 3094 συνμπεραιουμὲνην.
1309 2998 1474 3101 Τοῦτο
1499 3024 1552 3076 δέ
1584 2998 1711 3093 φασι
1744 3023 1848 3094 τὴν.
1869 3021 2075 3076 αἰώνιον
2112 2998 2219 3081 καί
2241 3021 2524 3092 μέλλουσαν
2560 3019 2699 3090 ζωὴν
2726 3019 2821 3087 τὴν
2882 3020 2988 3080 τοῖς
3046 2998 3333 3083 Θεοφιλέσιν

182 3102 649 3177 ἐπαγγελλομένην
676 3108 1148 3176 ἀτωγινώσκοντες.

251 3225 381 3281 ὀτι
450 3227 670 3309 ἐπῆλθε
732 3230 992 3299 πραΰτης
1042 3229 1138 3285 καὶ
1193 3231 1713 3303 παιδευθησόμεθα.

1880 3230 2043 3285 Vens.
2078 3230 2163 3293 Η,
2213 3227 2297 3282 Β.
2372 3227 2625 3294 Quoniam
2678 3228 2959 3293 supervenit
2999 3232 3331 3280 mansuetuau

184 3316 280 3379 Τίς
309 3315 581 3383 γινώσκει
622 3318 688 3370 τὸ
730 3318 941 3385 κράτος
966 3319 1074 3387 τῆς
1101 3321 1278 3389 ὀργῆς
1298 3336 1431 3385 σου,
1472 3322 1570 3374 καὶ
1596 3323 1708 3376 ἀπὸ

180 3405 285 3458 τοῦ
316 3411 505 3473 φόόου
541 3423 655 3461 σου
684 3409 793 3462 τὸν
816 3410 1001 3477 θυμόν
1027 3425 1140 3463 σου
1185 3410 1709 3479 ἐξαριθμήσασθαι;

179 3492 292 3562 τὴν
314 3494 516 3558 δεξιάν
544 3512 658 3551 σου
692 3497 841 3549 οὕτω
886 3497 1189 3565 γνώρισον,
1221 3500 1316 3551 καὶ
1344 3501 1484 3565 τοὺς
1518 3515 1711 3554 πεπαι-

179 3580 500 3654 δευμένους
541 3584 616 3651 τῇ
648 3573 855 3652 καρδίᾳ
890 3585 959 3636 ἐκ
1008 3588 1209 3654 σοφίᾳ.
1250 3586 1392 3642 Ἀντὶ
1443 3588 1555 3652 τοῦ,
1592 3590 1710 3643 Ὅτι

180 3671 400 3738 ἐπῆλθε
430 3679 690 3741 πραῡτης
714 3674 809 3727 καὶ
831 3674 1350 3744 παιδευθησόμεθα,
1374 3678 1402 3729 6
1424 3677 1709 3750 Σύμμαχος

179 3777 311 3831 φησι
326 3777 341 3791 ·
376 3761 691 3830 Τμηθέντες
716 3763 823 3832 γὰρ
849 3764 1011 3832 agam
1036 3766 1523 3839 ἐκπεταννύμεθα.
1558 3769 1711 3839 Ἐχε-

176 3866 263 3903 ται
290 3851 348 3903 δὲ
374 3857 474 3920 της
503 3850 923 3922 προδηλωθείσης
950 3853 1178 3916 διανοίας
1216 3856 1307 3907 καὶ
1342 3857 1370 3907 6
1402 3855 1585 3924 παρὼν
1620 3858 1707 3914 λάι-

177 3954 292 4006 γος.
320 3939 401 3992 Τὰ
430 3940 535 4010 γὰρ
566 3939 657 4011 ἔτη
707 3939 879 4010 ἡμῶν,
928 3942 1079 4010 φησὶ,
1130 3942 1195 3994 τὰ
1236 3942 1334 4009 τῆς
1382 3945 1731 4013 προσκαίρου

178 4027 323 4098 ζωῆς
348 4030 428 4088 είς
453 4042 493 4071 ’ν
528 4031 619 4081 καὶ
647 4037 700 4082 π’
724 4030 949 4101 ἀριθμὸν
980 4030 1112 4083 ὲτῶν
1141 4032 1427 4084 συντείνει·
1457 4036 1548 4086 καὶ
1573 4034 1705 4104 αὓτη

176 4118 324 4171 ἐστὶν
364 4121 396 4187 ἡ
444 4117 594 4186 ἡμῶν
634 4116 803 4182 ἐλπὶς,
854 4118 968 4188 μεθ’
996 4120 1063 4189 ἢν
1110 4119 1329 4189 οὐδεμία
1382 4121 1511 4190 ἄλλη
1566 4124 1710 4192 ἡμᾶς

174 4206 470 4269 διαδέξεται
489 4223 502 4237 ·
529 4207 819 4277 τμηθέντες
848 4208 947 4280 γὰρ
981 4209 1129 4278 ἄφνω
1152 4210 1288 4263 κατὰ
1318 4211 1412 4282 τὴν
1440 4213 1707 4283 τελευτὴν,

174 4296 612 4367 ἑκπεταννύμεθα
627 4312 640 4327 ·
670 4298 803 4367 μετὰ
823 4298 879 4351 δὲ
907 4296 1074 4351 ταῦτα
1099 4300 1149 4351 τί
1173 4316 1298 4353 ποτε
1320 4304 1466 4371 ἡμᾶς
1484 4302 1710 4368 διαδέξε-

174 4400 281 4443 ται.
316 4387 396 4449 τίς
435 4384 572 4454 οἷδες
618 4390 713 4453 Τίς
748 4388 854 4460 γὰρ
898 4389 1220 4460 ἑρμηνεῦσαι
1258 4390 1491 4455 δύναται,
1542 4392 1575 4460 ἢ
1619 4394 1709 4447 καὶ

174 4474 419 4544 ἀκριϐῶς
665 4478 757 4531 καὶ
784 4477 1032 4542 ἐξειπεῖν,
1057 4478 1210 4530 ὁποία
1242 4480 1322 4541 τίς
1349 4481 1492 4533 ἐστιν
1518 4482 1551 4548 ὴ
1576 4480 1709 4549 μετὰ

1812 3331 1861 3376 et
1880 3322 2188 3376 erudiemur.
2222 3318 2347 3386 Quis
2375 3318 2841 3385 novitpotestatem
2880 3317 2971 3369 ira:
3009 3325 3127 3378 tuas,
3152 3327 3196 3368 et
3225 3332 3331 3382 pra:

1816 3414 1992 3465 timore
2018 3421 2103 3465 tuo
2122 3412 2347 3479 furorem
2368 3417 2511 3461 tuum
2537 3408 2892 3461 dinumerare?
2912 3406 3167 3457 dexteram
3191 3414 3330 3457 tuam

1813 3500 1887 3554 sic
1914 3510 2091 3552 notam
2124 3499 2228 3567 fac,
2258 3506 2307 3550 et
2336 3495 2560 3551 eruditos
2619 3493 2767 3548 corde
2815 3494 2870 3546 in
2898 3494 3166 3560 sapientia.
3229 3491 3331 3546 Pro

1813 3592 1923 3654 illo,
1956 3590 2212 3655 Quoniam
2239 3587 2527 3656 supervenit
2561 3584 2918 3647 mansuetudo,
2950 3592 2997 3661 et
3017 3582 3327 3646 erudiemur,

1815 3679 2161 3751 Symmachus
2178 3679 2272 3741 ait,
2297 3677 2497 3732 Succisi
2517 3678 2670 3739 enim,
2693 3682 2890 3741 repente
2917 3674 3197 3739 avolamus.
3232 3671 3330 3725 Su-

1812 3769 1994 3839 perius
2010 3774 2329 3841 memoratae
2356 3766 2631 3823 sententia
2656 3764 2745 3818 hic
2767 3778 2942 3817 sermo
2962 3762 3175 3818 insistit.
3192 3761 3327 3813 Nam

1814 3862 1905 3920 ait,
1934 3860 2061 3912 anni
2088 3855 2258 3911 nostri
2289 3855 2449 3923 hujus
2474 3862 2823 3921 temperance:
2855 3852 2973 3907 vita:
3018 3851 3070 3903 in
3117 3857 3329 3919 septua-

1813 3952 1957 4018 ginta
1996 3949 2077 4002 vel
2108 3946 2373 4015 octoginta
2406 3957 2667 3996 annorum
2716 3956 2994 4000 numerum
3028 3939 3331 4010 producun-

1812 4047 1935 4092 tur:
1970 4046 2022 4091 et
2051 4037 2162 4090 haec
2193 4042 2375 4089 nostra
2421 4048 2543 4101 spes
2567 4040 2670 4098 est,
2695 4040 2818 4101 post
2860 4046 3018 4101 quam
3051 4031 3196 4084 nulla
3228 4031 3331 4083 alia

1811 4144 1910 4183 nos
1936 4128 2176 4196 excipiet.
2223 4124 2429 4179 Succisi
2457 4125 2598 4179 enim
2631 4130 2847 4193 repente
2874 4122 2926 4173 in
2954 4129 3191 4189 tempore
3216 4120 3331 4173 obi-

1814 4227 1917 4281 tus,
1950 4217 2219 4272 avolamus
2248 4235 2258 4267 :
2291 4225 2471 4284 postea
2501 4228 2627 4267 vero
2671 4212 2799 4282 quid
2847 4225 2947 4263 nos
2987 4216 3330 4285 excepturum

1812 4304 1883 4359 sit
1911 4303 2032 4371 quis
2057 4302 2236 4356 novit?
2266 4302 2395 4366 Quis
2434 4301 2571 4355 enim
2595 4298 2860 4367 explicare
2890 4302 3077 4364 potest,
3100 4303 3191 4348 aut
3210 4297 3329 4365 quis

1812 4400 2056 4449 accurate
2092 4408 2251 4447 nosse
2289 4397 2461 4461 potest
2506 4405 2567 4442 ac
2609 4389 2804 4452 dicere,
2838 4401 2955 4455 quae
2986 4386 3055 4441 sit
3085 4386 3163 4438 ira
3202 4385 3325 4451 illa,

1811 4498 1928 4553 qua
1953 4490 2073 4551 post
2101 4483 2425 4537 hancritarr.
2457 4486 2758 4546 peccatores
2787 4477 3037 4529 invasura
3058 4474 3180 4527 est?
3208 4472 3330 4527 ldeo

174 4562 347 4615 ταῦτα
397 4563 523 4624 τοὺς
563 4564 909 4633 ἁμαρτωλοὺς
961 4564 1364 4636 καταληψομένη
1411 4566 1572 4649 δργής
1616 4568 1706 4620 Διό

1816 4574 1898 4634 ait,
1930 4574 2058 4639 Qui:
2084 4572 2221 4629 nouit
2248 4576 2544 4637 potestatem
2581 4569 2672 4621 ira:
2709 4579 2843 4629 tuaz,
2902 4575 2951 4619 et
2996 4580 3101 4623 prae
3150 4566 3331 4618 timore

173 4667 310 4720 φησι
326 4666 341 4682 ·
376 4651 470 4715 Τις
506 4651 773 4719 γινώσκει
798 4654 865 4707 τὸ
887 4652 1099 4720 κράτος
1120 4654 1229 4721 τῆς
1253 4653 1428 4732 ᾀργρῆς
1447 4670 1582 4719 σου,
1608 4658 1704 4711 καὶ

172 4740 291 4799 ἀπὸ
324 4741 429 4794 τοῦ
458 4741 642 4808 φόϐου
664 4754 776 4794 σου
803 4743 904 4797 τὸν
923 4748 1109 4814 θυμόν
1137 4763 1286 4810 σου;
1313 4746 1406 4809 Τίς
1430 4746 1483 4798 δὲ
1514 4739 1706 4813 οἷός,τὲ

172 4829 326 4881 ἐστιν
355 4828 807 4900 ἐξαριθμήσασθαι
852 4830 947 4900 τὴν
976 4832 1149 4895 δεξιάν
1192 4850 1321 4899 σου;
1363 4832 1515 4886 Ἀλλὰ
1550 4831 1611 4884 σύ
1642 4850 1704 4901 γε

171 4920 304 4989 ημῖν
328 4918 359 4969 6
389 4918 519 4981 Θεὸς
547 4920 786 4973 ἐντεῦθεν
812 4920 909 4990 ήδη
948 4920 1204 4991 γνώρισον
1251 4924 1347 4995 τὴν
1389 4923 1559 4993 δεξιάν
1593 4913 1701 4987 σου,

173 5007 253 5068 εἰς
285 5004 346 5056 τὸ
389 5004 638 5061 δύνασθαι
670 5011 811 5079 ἡμᾶς
842 5011 977 5062 νοεῖν
1015 5026 1074 5062 τε
1102 5012 1264 5080 αὐτὴν
1307 5015 1397 5066 καὶ
1422 5014 1520 5076 τὰς
1548 5014 1703 5066 δυνάο

175 5109 301 5164 μεις
335 5092 501 5161 αὐτῆς
520 5095 952 5168 ἀπαριθμεῖσθαι.
982 5099 1164 5163 Δεξιὰν
1197 5101 1253 5154 δὲ
1300 5102 1432 5156 Θεοῦ
1463 5103 1548 5156 τὸν
1580 5104 1708 5172 Χρι-

172 5182 301 5235 στὸν
346 5181 507 5234 αὺτοῦ
542 5185 790 5251 πολλάκις
834 5190 1070 5256 ἐδίδαξαν
1116 5191 1165 5251 οἱ
1214 5191 1345 5261 ἱεροὶ
1361 5192 1530 5261 λόγοι.
1578 5192 1708 5244 llat-

169 5271 420 5334 δεύονται
444 5270 616 5326 τοίνυν
642 5277 690 5327 οἰ
720 5276 1011 5350 δηλούμενα
1053 5278 1186 5349 μετὰ
1223 5280 1318 5349 τὴν
1343 5280 1710 5352 ἐξομολόγησιν

170 5360 423 5447 εὔχεσθαι
468 5360 852 5435 καταξιωθῆναι
898 5369 1105 5439 πρῶτον
1160 5370 1255 5439 μὲν
1299 5371 1397 5439 τῆς
1444 5371 1535 5425 τοῦ
1578 5370 1708 5423 Θεοῦ

175 5452 503 5521 πραΰτητος,
533 5450 606 5513 ὡς
636 5451 701 5505 ἂν
732 5457 1059 5512 παιδευθετεν
1084 5458 1147 5512 δι’
1170 5459 1333 5529 αὐτῆς
1358 5473 1373 5487 ·
1406 5458 1710 5530 ἐπαινῆς

172 5542 352 5605 δεξιᾶς
369 5541 551 5601 αὐτοῦ,
567 5542 759 5616 δηλαδὴ
782 5547 880 5623 τῆς
897 5548 1139 5617 γνώσεως
1156 5549 1249 5603 τοῦ
1272 5548 1503 5621 Χριστοῦ
1528 5548 1707 5612 αὑτοῦ.

247 5694 296 5725 ⁸⁸
332 5694 434 5753 ise.
474 5710 593 5757 tu.
629 5697 679 5751 5.

1810 4673 1895 4716 tuo
1926 4663 2060 4715 iram
2086 4670 2226 4713 tuam
2247 4663 2271 4714 ?
2292 4656 2422 4722 Quis
2468 4660 2802 4712 dinumerare
2840 4664 3013 4724 potest
3058 4655 3331 4709 dexteram

1809 4750 1987 4803 tuam?
2024 4747 2124 4803 Sed
2156 4754 2211 4799 tu
2246 4746 2383 4800 Deus
2433 4746 2523 4813 hic
2570 4747 2720 4799 nobis
2768 4744 3038 4798 dexteram
3069 4753 3212 4797 tuam
3241 4757 3331 4795 no-

1809 4846 1915 4889 tam
1944 4835 2046 4897 l‘ac,
2081 4842 2140 4886 ut
2166 4834 2431 4902 possimus
2462 4835 2603 4887 illam
2652 4831 2977 4901 intelligere,
3028 4840 3079 4885 et
3108 4832 3329 4883 virtutes

1808 4929 1923 4996 ejus
1970 4925 2326 4980 dinumerare.
2360 4923 2639 4977 Dexteram
2684 4935 2843 4989 porro
2890 4920 3016 4983 Del,
3058 4920 3328 4975 Christum

1808 5016 1923 5084 ejus
1954 5012 2421 5081 esse,plerumque
2446 5011 2743 5063 docuerunt
2784 5024 2951 5063 sacrae
2992 5009 3196 5062 litterze.
3248 5006 3329 5062 Illi

1810 5106 1988 5173 itaque
2008 5102 2133 5171 'jam
2177 5100 2454 5156 memorati
2496 5099 2865 5161 instituuntur,
2894 5105 2950 5149 ut
2978 5104 3095 5166 post
3128 5096 3331 5151 confes-

1811 5199 2017 5253 sionem
2040 5191 2271 5246 conierri
2316 5189 2418 5244 sibi
2456 5196 2777 5257 precentur,
2816 5187 2989 5255 primo
3034 5182 3125 5239 Dei
3178 5200 3327 5239 man-

1810 5280 2159 5344 suetudinem,
2181 5288 2241 5332 ut
2269 5279 2335 5335 ab
2350 5276 2439 5329 illa
2461 5275 2801 5339 erudiantur,
2828 5274 3019 5327 deinde
3055 5274 3325 5327 dexteram

1809 5376 1944 5445 ejus,
1976 5371 2181 5427 scilicet
2205 5369 2559 5439 cognitionem
2584 5365 2784 5421 Christi
2813 5363 3003 5433 ipsius,
3026 5372 3080 5417 et
3112 5363 3326 5415 mirabi-

1809 5465 1937 5518 lium
1970 5462 2086 5530 ejus
2134 5461 2424 5521 virtutum,
2482 5465 2538 5511 ut
2592 5457 2779 5509 horum
2836 5455 3022 5507 notitia
3080 5453 3326 5506 meliores

1809 5553 2054 5616 evadant,
2084 5558 2134 5606 ct
2162 5561 2218 5606 ut
2258 5559 2429 5605 mente
2469 5546 2695 5610 eruditi,
2755 5544 2843 5609 Dei
2879 5543 3150 5613 sapientia
3195 5554 3326 5599 con.-
