3976 6356
650 426 789 499 ιιδθ

1266 444 1534 502 EUSEBII
1564 443 2036 503 CESARIENSIS
2078 445 2226 503 OPP.
2268 447 2448 503 PARS
2482 447 2569 502 111.
2621 477 2689 490 --
2730 446 3131 503 EXEGETICA.

648 563 829 613 sortes
874 555 995 610 sint
1025 572 1039 608 :
1072 553 1321 612 Christus
1376 565 1555 613 autem
1585 566 1669 615 est
1694 558 1788 617 Dei
1821 560 1996 615 virtus
2029 567 2083 615 et
2104 560 2190 616 Dei

2297 560 2404 613 τῶν
2441 578 2499 614 τε
2544 559 2855 631 παραδόξων
2881 560 3043 615 αὐτοῦ
3074 557 3369 628 δυνάμεων,
3401 556 3478 620 ὡς
3505 555 3572 610 ἃν
3612 555 3813 626 βελτίους

649 642 915 712 sapientia
947 643 1010 695 “.

2295 651 2469 705 αὐτῶν
2513 652 2748 721 γένοιντο
2793 651 2898 705 ἀπὸ
2935 651 3034 720 τῆς
3068 650 3268 704 τούτων
3308 646 3591 718 γνώσεως,
3636 646 3724 701 καὶ
3755 648 3812 711 ὡς

647 732 732 803 ἂν,
766 738 1142 802 παιδευθέντες
1181 738 1279 810 τὴν
1316 738 1567 806 διάνοιαν,
1615 742 1927 814 μετάσχοιεν
1974 745 2070 817 τῆς
2103 744 2196 799 τοῦ
2268 746 2398 802 Θεοῦ
2480 747 2692 816 σοφίας·
2746 746 2975 817 Χριστὸς
3012 745 3068 798 δὲ
3112 742 3244 798 Θεοῦ
3282 742 3525 826 δύναμις,
3573 741 3663 796 καὶ
3705 739 3809 793 Θεοῦ

651 833 824 899 σοφία.
1386 892 1391 896 ,
1486 892 1489 895 .

716 922 878 980 Vens.
916 925 1089 979 15-17.
1130 923 1452 993 Convertere,
1508 926 1756 994 Domine,
1801 946 2059 1000 usquequo
2085 973 2101 997 ,
2138 942 2189 986 et

643 1014 982 1083 deprecabilis
1028 1025 1136 1070 esto
1164 1033 1315 1085 super
1359 1034 1529 1072 servos
1574 1028 1709 1073 tuos.
1756 1019 1953 1087 Repleti
2010 1038 2189 1075 sumus

642 1124 796 1161 mane
822 1108 1181 1162 misericordia
1215 1120 1325 1173 tua,
1354 1119 1404 1164 et
1440 1106 1815 1164 exsultav'imus
1861 1122 1911 1167 et
1953 1113 2192 1167 delectati

642 1215 821 1253 sumus
869 1201 1102 1254 omnibus
1154 1200 1335 1255 diebus
1382 1204 1597 1254 nostris.
1644 1200 1836 1257 [λαιαιὶ
1882 1220 2059 1257 sumus
2096 1220 2189 1273 pro

640 1290 820 1344 diebus
846 1291 1028 1359 quibus
1058 1307 1150 1343 nos
1189 1290 1502 1354 humiliasti,
1535 1291 1685 1346 annis
1736 1293 1924 1363 quibus
1965 1292 2185 1348 vidimus

640 1379 805 1435 mala.
836 1378 902 1432 Et
933 1382 1124 1447 respice
1152 1374 1211 1433 in
1225 1394 1394 1432 servos
1424 1388 1537 1434 tuos
1568 1390 1617 1434 et
1646 1381 1698 1434 in
1720 1396 1872 1449 opera
1894 1392 2004 1445 tua,
2029 1392 2077 1436 et
2104 1382 2189 1436 di-

639 1471 749 1539 rige
773 1470 909 1540 ﬁlios
936 1486 1115 1525 eorum
1140 1485 1158 1523 :
1188 1478 1237 1524 et
1270 1470 1342 1524 sit
1370 1470 1611 1538 splendor
1641 1470 1852 1526 Domini
1891 1472 1989 1527 Dei
2022 1473 2190 1527 nostri

638 1577 791 1631 super
810 1579 923 1625 nos,
952 1572 1003 1615 et
1029 1577 1184 1629 opera
1216 1578 1463 1615 manuum
1516 1571 1816 1617 nostrarum
1842 1564 2006 1636 dirige
2033 1580 2189 1634 super

636 1670 751 1716 nos,
782 1662 832 1707 et
854 1668 980 1722 opus
1010 1669 1254 1707 manuum
1286 1664 1587 1708 nostrarum
1602 1653 1787 1726 dirige.
1813 1654 1945 1713 Post
1971 1655 2185 1712 confes-

640 1744 843 1797 sionem
899 1745 955 1798 in
1008 1743 1436 1812 prtecedentibus
1496 1743 1781 1809 traditam,
1831 1751 2191 1815 congruenter

2373 927 2785 993 Ἐπίστροφον,
2816 924 3010 991 Κύριε,
3046 921 3155 987 ἓως
3198 922 3358 984 πότε,
3396 919 3493 974 καὶ
3542 923 3810 988 παρακλή-

2294 1022 2422 1087 θητι
2464 1017 2562 1071 ἐπὶ
2594 1015 2731 1080 τοὺς
2774 1014 3031 1079 δούλους
3075 1028 3208 1067 σου.
3250 1010 3723 1083 Ἐὐνεπλήσθημεν
3750 1015 3811 1080 τῷ

2293 1109 2439 1177 πρωϊ
2480 1106 2588 1160 τοῦ
2625 1105 2833 1171 ἐλέους
2880 1120 3014 1167 σου,
3056 1103 3157 1157 καὶ
3204 1103 3681 1172 ἡταλλιασὰμεθα
3734 1109 3809 1161 καί

2290 1199 2700 1270 εὐφράνθημεν
2734 1197 2803 1251 ἐν
2836 1195 3056 1261 πάσαις
3092 1195 3217 1262 ταῖς
3247 1194 3489 1265 ἡμέραις
3510 1196 3686 1265 ἡμῶν.
3717 1202 3809 1252 Ei;-

2290 1292 2629 1361 φράνθημεν
2666 1289 2792 1343 ἀνθ’
2828 1282 2915 1341 ὧν
2950 1285 3179 1356 ἡμερῶν
3215 1276 3614 1353 traxisti-won};
3659 1287 3809 1357 ἡμᾶς,

2290 1383 2438 1439 ἐτῶν
2457 1380 2543 1439 ὧν
2562 1380 2986 1454 εἴδομεν-κακά.
3018 1382 3129 1435 Kal
3181 1381 3269 1434 ιδε
3297 1380 3394 1434 ἐπὶ
3416 1381 3556 1447 τοὺς
3584 1379 3809 1449 δούλους

2291 1494 2406 1531 σου
2448 1477 2546 1530 καί
2589 1474 2685 1531 ἐπὶ
2734 1472 2806 1528 τὰ
2853 1475 2994 1543 ἔργα
3042 1489 3176 1536 σου,
3216 1471 3312 1526 καί
3357 1470 3653 1542 όδήτησογ
3693 1474 3810 1541 τοὺς

2290 1568 2457 1638 υἱοὺς
2483 1566 2707 1621 αὐτῶνθ
2740 1565 2837 1619 καὶ
2864 1566 3018 1619 ἔστω
3043 1566 3081 1634 ἡ
3110 1564 3451 1633 λαμπρότης
3488 1566 3695 1632 κυρίου
3724 1565 3811 1619 τοῦ

2296 1656 2441 1710 Θεοῦ
2488 1655 2657 1725 ἡμῶν
2696 1654 2786 1725 ἐφ’
2819 1654 2993 1724 ἡμᾶς,
3034 1655 3133 1709 καὶ
3176 1654 3250 1709 τὰ
3291 1654 3432 1724 ἔργα
3473 1654 3592 1708 τῶν
3630 1656 3809 1727 χειρῶν

2294 1748 2461 1816 ἡμῶν
2495 1747 2857 1801 κατευθυνον
2899 1746 2990 1814 ἐφ’
3020 1745 3196 1816 ἡμᾶς,
3245 1744 3345 1801 καὶ
3386 1744 3454 1798 τὸ
3504 1746 3671 1816 ἔργον
3714 1745 3810 1799 τῶν·

640 1835 853 1906 Moyses
899 1834 1089 1888 orandi
1136 1834 1355 1888 modum
1400 1834 1566 1888 tradit
1609 1834 1678 1888 iis
1720 1850 1787 1889 ex
1828 1836 2047 1900 lsraele,
2095 1836 2188 1906 qui

2296 1834 2504 1905 χειρῶν
2540 1833 2709 1904 ἡμῶν
2749 1834 3130 1887 κατεύθυνον.
3192 1830 3517 1895 ’Δκολούθως
3566 1832 3691 1901 μετά
3730 1831 3809 1901 τὴν

639 1935 761 1996 post
791 1925 1089 1978 Salvatoris
1122 1925 1297 1979 nostri
1327 1924 1613 1979 adventum
1647 1924 1782 1994 lapsi
1814 1933 1963 1990 sunt,
1983 1934 2041 1979 ut
2069 1936 2192 1995 post

638 2016 938 2086 praemissa,
974 2015 1108 2080 haec,
1156 2032 1275 2086 qua:
1313 2018 1425 2086 jam
1457 2015 1762 2079 traduntur,
1796 2016 2068 2087 precando
2110 2010 2228 2071 di-'

638 2114 766 2159 cant
812 2124 827 2159 :
868 2121 1097 2175 quorum
1162 2106 1489 2161 sententiam
1537 2106 1738 2161 clarius
1803 2108 2192 2178 interpretatus

642 2196 995 2268 Symmachus
1042 2206 1125 2253 est
1171 2199 1275 2252 hoc
1330 2205 1533 2268 pacto:
1568 2196 1893 2263 Convertere,
1943 2200 2188 2264 Domine,

640 2304 900 2357 usquequo
927 2304 945 2351 ;
970 2288 1306 2356 deprecabilis
1337 2297 1445 2341 esto
1477 2302 1628 2356 super
1655 2306 1825 2343 servos
1857 2300 1991 2345 tuos.
2038 2287 2193 2346 Salia

640 2397 735 2433 nos
770 2380 1029 2432 matutina
1062 2380 1423 2433 misericordia
1453 2388 1562 2443 tua,
1593 2388 1651 2432 ut
1679 2379 1999 2434 dormiamus
2028 2392 2079 2435 et
2103 2382 2193 2436 lte-

642 2480 809 2523 temur
825 2470 1059 2523 omnibus
1088 2470 1265 2523 diebus
1295 2472 1506 2524 nostris.
1543 2468 1776 2540 La'tlﬁca
1822 2489 1913 2525 nos
1953 2472 2191 2526 omnibus

638 2559 842 2624 diebus,
874 2560 1057 2628 quibus
1083 2578 1175 2614 nos
1199 2562 1451 2631 amisisti,
1485 2564 1637 2617 annis
1668 2564 1721 2616 in
1754 2562 1938 2632 quibus
1971 2563 2192 2617 vidimus

640 2650 801 2703 mala.
833 2649 1133 2718 Appareant
1160 2651 1297 2717 apud
1333 2668 1501 2705 servos
1536 2661 1648 2706 tuos
1684 2668 1837 2720 opera
1885 2661 1995 2714 tua,
2025 2662 2073 2706 et
2106 2651 2193 2705 di-

639 2741 812 2810 gnitas
855 2757 1009 2808 super
1055 2742 1191 2809 ﬁlios
1232 2750 1434 2796 nostros
1460 2760 1478 2797 :
1504 2755 1555 2797 et
1598 2745 1663 2797 sit
1708 2744 2040 2812 pulchritudo
2085 2744 2193 2798 Do-

638 2830 769 2883 mini
801 2830 897 2883 Dei
924 2833 1088 2884 nostri
1117 2848 1269 2899 super
1296 2850 1411 2897 nos,
1441 2844 1490 2887 et
1522 2851 1676 2902 opera
1708 2822 2193 2888 manuum'nostra-

639 2935 759 2975 rum
791 2920 943 2988 firma
982 2922 1068 2990 [ac
1112 2940 1265 2991 super
1295 2940 1409 2987 nos,
1442 2934 1490 2977 et
1518 2927 1773 2979 actionem
1817 2941 2065 2977 manuum
2098 2943 2193 2980 no-

639 3024 871 3067 strarum
918 3014 1124 3082 perﬁce.
1184 3012 1279 3069 His
1329 3030 1491 3083 porro
1545 3017 1720 3083 docet,
1771 3025 1827 3070 ut
1875 3018 2191 3080 matutinam

641 3100 1069 3155 misericordiam
1110 3105 1366 3173 consequi
1400 3106 1694 3174 postulent,
1747 3113 1804 3159 ut
1834 3113 1957 3160 ortu
2004 3105 2193 3160 Salva-

2293 1926 2670 1998 ὲξομολόγησιν
2702 1925 2799 1997 τὴν
2823 1923 2908 1977 διά
2936 1924 3044 1977 τῶν
3078 1924 3501 1996 προτεινομένων
3528 1923 3809 1993 παραδοθεί-

2293 2037 2410 2085 σαν,
2433 2019 2510 2072 ἔτι
2526 2019 2621 2090 τὴν
2647 2016 2950 2088 προσευχὴν
2973 2017 3003 2068 ὁ
3031 2014 3269 2085 Μωῦσῆς
3288 2014 3524 2068 διδάσκει
3556 2015 3674 2075 τοὺς
3698 2013 3809 2083 μετὰ

2290 2108 2385 2179 τὴν
2418 2108 2508 2160 τοῦ
2524 2108 2770 2179 Σωτῆρος
2783 2106 2939 2178 ἡμῶν
2958 2105 3255 2177 παρουσίαν
3274 2106 3717 2179 ἀποπεπτωκότας
3729 2104 3805 2157 τοῦ

2286 2176 2534 2264 ⁸⁸1σραὴλ,
2572 2195 2649 2255 είς
2666 2176 2736 2245 τὸ
2763 2176 2938 2262 λέγειν
2971 2176 3163 2256 αὐτοὺς
3194 2176 3667 2265 προσεδχομένους,
3697 2194 3808 2264 μετὰ

2291 2282 2397 2335 τῶν
2425 2279 2786 2335 ἀποδοθέντων
2812 2283 2905 2335 καὶ
2925 2282 2993 2336 τὰ
3015 2282 3370 2353 προκείμενα·
3395 2275 3472 2335 ὧν
3496 2282 3594 2352 τὴν
3610 2282 3809 2336 διάνοιαν

2274 2373 2615 2443 “σαφέστερον
2640 2373 2967 2444 ὲρμήνευσεν
3008 2374 3037 2425 ὁ
3076 2374 3383 2443 Σύμμαχος,
3410 2372 3591 2432 τοῦτον
3614 2373 3810 2437 ἀποδοὺς

2288 2465 2377 2517 τὸν
2406 2465 2599 2535 τρόπον
2619 2481 2633 2499 ε
2687 2462 3121 2531 Ἑπιστριίφηθι,
3155 2464 3349 2531 Κύριε,
3384 2463 3494 2529 ἕως
3522 2465 3686 2518 πότεο
3718 2479 3807 2517 πα-

2282 2554 2611 2623 ρακλήθητι
2638 2554 2788 2623 ὑπὲρ
2809 2552 2927 2607 τῶν
2950 2554 3180 2608 δούλων
3200 2569 3335 2609 σου.
3366 2557 3665 2623 Χόρτασον
3683 2554 3809 2624 ἡμᾶς

2290 2645 2558 2713 όρθρινοῦ
2587 2645 2796 2711 ἐλέους
2822 2660 2958 2709 σου,
2989 2646 3086 2698 ἵνα
3115 2645 3480 2715 ὑπνὼσωμεν
3504 2645 3603 2701 καί
3626 2649 3809 2715 εὐφρα-

2289 2735 2515 2803 νώμεθα
2541 2736 2610 2788 ἐν
2631 2736 2851 2801 πάσαις
2874 2735 3000 2801 ταῖς
3036 2736 3278 2805 ἡμέραις
3308 2734 3491 2805 ἡμῶν.
3530 2738 3810 2805 Εῦςρρανον

2288 2823 2443 2891 ἡμᾶς
2484 2823 2682 2889 πάσας
2708 2824 2927 2893 ἡμέρας
2956 2824 3027 2891 ἀς
3066 2825 3369 2891 ἐκάκωσας
3416 2824 3594 2894 ἡμᾶς.
3632 2823 3724 2892 ἔτη
3754 2825 3809 2878 ἐν

2290 2909 2377 2979 οἷς
2399 2914 2633 2983 εἴδομεν
2662 2915 2830 2968 κακά.
2873 2914 3116 2983 dias-ritu
3141 2914 3298 2982 παρὰ
3322 2915 3445 2980 τοῖς
3466 2915 3695 2979 δούλοις
3715 2932 3808 2969 σου

2289 3006 2360 3059 τὰ
2404 3006 2546 3076 ἔργα
2588 3021 2723 3069 σου,
2759 3007 2856 3060 καὶ
2906 3007 2970 3060 τὸ
3022 3006 3376 3075 ἀξιοπρεπὲς
3413 3007 3513 3061 ἐπὶ
3539 3008 3624 3061 «τὰ
3659 3008 3809 3061 τέκνα

2289 3097 2483 3168 ἡμῶν·
2510 3101 2607 3152 καὶ
2644 3099 2796 3153 ἔστω
2823 3101 2889 3152 τὸ
2916 3098 3137 3165 κάλλος
3170 3099 3275 3153 τοῦ
3310 3102 3529 3166 Κυρίου
3556 3098 3657 3152 τοῦ
3689 3099 3807 3154 Θεοῦ

642 3194 783 3247 toris
818 3191 1127 3263 dignentur.
1174 3181 1483 3249 Matutinam
1517 3196 1715 3266 quippe
1760 3197 2187 3253 misericordiam

2289 3190 2453 3260 ἡμῶν
2475 3192 2671 3245 ἐπάνω
2690 3191 2877 3262 ἡμῶν,
2913 3191 3009 3246 καὶ
3039 3191 3110 3245 τὰ
3139 3190 3281 3261 ἔργα
3307 3191 3425 3244 τῶν
3444 3190 3652 3261 χειρῶν·
3672 3189 3809 3261 ἡμῶν

639 3283 841 3340 Christi
868 3299 985 3338 eam
1011 3284 1139 3339 dicit
1167 3300 1308 3349 esse,
1339 3302 1456 3356 quae
1487 3286 1551 3339 ad
1580 3303 1767 3343 omnes
1794 3289 2052 3357 homines:
2072 3291 2151 3343 ori
2169 3319 2184 3331 -

643 3381 751 3428 tur.
790 3373 923 3426 Nam
953 3380 1010 3428 ut
1038 3374 1164 3427 olim
1198 3375 1365 3444 priori
1396 3377 1594 3444 populo
1623 3380 1943 3431 matutinum
1975 3386 2185 3448 tempus

608 3464 766 3537 luit,
816 3480 925 3535 quo
968 3466 1023 3519 in
1063 3465 1296 3537 Egypto
1337 3468 1538 3537 degens
1588 3469 1924 3537 inspectione
1953 3470 2185 3527 donatus

641 3567 759 3623 est;
795 3559 873 3612 sic
904 3558 961 3612 in
994 3560 1290 3627 novissimo
1322 3558 1530 3613 dierum
1569 3562 1832 3615 matutina
1880 3560 2186 3616 misericor—

640 3647 729 3702 dia
759 3647 1009 3709 omnibus
1039 3649 1285 3718 gentibus
1323 3647 1532 3706 effulsit!
1558 3665 1654 3719 per
1682 3652 1969 3707 salutarem
2007 3652 2187 3706 orien-

641 3750 772 3800 tem.
795 3753 955 3809 quam
983 3741 1265 3796 memorati
1296 3740 1373 3794 illi
1406 3742 1650 3798 homines
1684 3744 1957 3813 postulare
1987 3742 2187 3799 docen-

641 3838 732 3884 tur
768 3832 820 3885 in
849 3832 1126 3899 oratione;
1160 3832 1268 3885 imo
1297 3833 1459 3887 etiam
1488 3832 1628 3886 inter
1657 3833 1761 3886 alia
1794 3833 1991 3894 dicere.
2025 3832 2093 3886 Et
2116 3833 2185 3886 sit

640 3922 882 3990 splendor
910 3923 1119 3977 Domini
1149 3922 1244 3977 Dei
1275 3925 1442 3977 nostri
1473 3938 1625 3991 super
1663 3940 1777 3986 nos,
1823 3932 1872 3977 et
1900 3934 2185 3993 appareant

640 4014 776 4078 apud
813 4025 981 4066 servos
1015 4022 1139 4075 tuos.
1177 4006 1331 4082 opera
1376 4022 1489 4073 tua.
1527 4010 1574 4066 et
1599 4013 1827 4083 dignitas
1853 4022 1963 4077 tua,
1998 4023 2047 4067 et
2077 4013 2188 4082 pul-

639 4101 876 4154 chritudo
921 4100 1129 4175 Domini
1159 4102 1255 4155 Dei
1285 4104 1481 4164 nostri;
1521 4110 1578 4155 ut
1610 4110 1663 4155 et
1707 4103 1808 4171 ipsi
1842 4102 2025 4156 divina
2068 4101 2186 4156 Sal-

640 4194 843 4246 vatoris
894 4192 1181 4262 praesentia
1224 4192 1533 4261 dignentur,
1583 4208 1795 4247 necnon
1839 4194 2021 4249 divina
2063 4194 2183 4263 ejus

638 4284 807 4353 gloria
844 4298 905 4336 ac
935 4280 1357 4355 pulchritudine,
1384 4282 1450 4335 de
1482 4296 1588 4350 quo
1616 4274 1818 4337 dictum
1841 4294 1944 4350 est,
1977 4282 2187 4351 Specio-

2287 3283 2486 3350 ἐδραῖα
2528 3285 2781 3349 ποίησον
2815 3284 2963 3351 ὑπὲρ
2996 3284 3181 3353 ἡμῶν,
3218 3284 3317 3338 καὶ
3351 3284 3465 3352 τὴν
3492 3282 3699 3352 πρᾶξιν
3717 3282 3809 3336 τῶν

2286 3371 2498 3442 χειρῶν
2533 3371 2697 3442 ήμῶν
2724 3373 3088 3427 ἐπιτέλεσον.
3123 3375 3367 3431 Διδάσκει
3410 3375 3467 3427 δὲ
3515 3375 3602 3428 διὰ
3639 3376 3809 3428 τούτων

2286 3463 2548 3517 αἰτεῖσθαι
2591 3466 2769 3534 τυχεῖν
2801 3463 2894 3516 τοῦ
2945 3462 3191 3535 ὀρθρινοῦ
3229 3464 3426 3527 ἐλέους,
3467 3464 3543 3528 ὡς
3584 3467 3647 3518 ἂν
3672 3481 3809 3517 κατα·

2288 3556 2524 3622 ξιωθεῖεν
2552 3559 2649 3628 τῆς
2672 3557 2928 3628 ἀνατολῆς
2956 3558 3048 3615 τοῦ
3077 3558 3340 3631 Σωτῆρος.
3372 3560 3444 3612 Τὸ
3468 3560 3701 3631 ὁρθρινὺν
3723 3559 3809 3627 γὰρ

2286 3647 2431 3711 ἕλεος
2464 3648 2697 3720 Χριστοῦ
2729 3650 2789 3703 τὸ
2821 3651 2913 3704 ἐπὶ
2951 3651 3155 3714 πάντας
3188 3650 3469 3708 ἀνατεῖλαν

2297 3740 2385 3802 Ὧς
2406 3740 2514 3808 γὰρ
2540 3739 2699 3795 πάλαι
2732 3741 2921 3809 γέγονε
2967 3743 3146 3812 πρωῖα
3185 3741 3262 3813 τῷ
3288 3742 3537 3813 προτέρῳ
3565 3741 3672 3812 λαῷ
3695 3738 3809 3796 κατὰ

2284 3827 2381 3898 τὴν
2410 3828 2708 3898 ἐπισκοπὴν
2736 3823 2803 3899 ἦς
2832 3829 3239 3901 κατηξιώθησαν
3272 3832 3328 3882 ὲν
3350 3830 3608 3900 Αἰγύπτῳ
3639 3829 3809 3899 διατρί-

2286 3919 2488 3983 ϐοντες,
2526 3920 2695 3985 οὕτως
2742 3922 2827 3974 ἐπ’
2873 3924 3100 3994 ἐσχάτου
3124 3923 3228 3977 τῶν
3259 3921 3481 3993 ἡμερῶν
3513 3921 3572 3974 τὸ
3599 3920 3809 3992 ὀρθρινδν

2287 4010 2429 4075 ἔλεος
2452 4014 2564 4075 τοῖς
2596 4014 2755 4065 πᾶσιν
2785 4010 3049 4084 ἐξέλαμψε
3086 4016 3195 4075 τοῖς
3226 4012 3397 4065 ἔθνεσι
3422 4011 3513 4065 διά
3538 4011 3631 4082 τῆς
3662 4025 3806 4078 σωτη·

2291 4104 2402 4172 ρίου
2428 4104 2707 4174 ἀνατολῆς,
2736 4100 2804 4177 ἧς
2830 4103 3219 4175 καταξιωθῆναι
3244 4102 3577 4156 διδάσκονται
3604 4104 3649 4154 oi
3676 4099 3810 4177 δηλω-

2288 4193 2467 4257 θέντες
2515 4196 2600 4250 διὰ
2640 4196 2738 4265 τῆς
2776 4198 3078 4267 προσευχῆς
3121 4199 3313 4250 αἰτεϊνο
3359 4196 3496 4249 ἀλλά
3532 4182 3628 4250 καὶ
3661 4194 3810 4262 λέγειν

2290 4284 2425 4355 μετά
2453 4284 2559 4339 τῶν
2600 4285 2800 4340 άλλων’
2838 4287 2948 4341 Kal
2997 4288 3150 4343 ἕστω
3177 4288 3215 4354 ή
3241 4289 3585 4355 λαμπρότης
3622 4284 3809 4353 Κυρίου

3698 441 3811 497 mo
3924 441 3925 493 1

636 4391 726 4428 sus
756 4375 925 4443 forma
955 4390 1063 4442 pra:
1100 4373 1227 4442 ﬁliis
1249 4372 1515 4425 hominum
1538 4371 1604 4435 “,
1642 4387 1705 4426 ac
1730 4373 1950 4443 insuper
1977 4374 2185 4429 caeteris

2289 4374 2392 4429 τοῦ
2433 4377 2577 4430 Θεοῦ
2612 4376 2779 4446 ἡμῶν
2803 4378 2893 4446 ἐφ’
2918 4375 3095 4446 ἡμᾶς,
3134 4378 3231 4431 καί
3264 4376 3504 4446 φανήτω
3537 4377 3687 4445 παρὰ
3702 4372 3810 4456 τοῖς

638 4466 891 4520 omnibus
915 4466 1069 4519 bonis
1097 4479 1215 4535 quae
1266 4464 1322 4516 in
1378 4462 1596 4519 Christo
1628 4462 1721 4517 Dei
1780 4465 2002 4534 intelligi
2061 4480 2185 4535 νοῦς

2289 4467 2521 4532 δούλοις
2550 4482 2663 4521 σου
2696 4468 2765 4521 τὰ
2802 4468 2943 4537 ἔργα
2982 4484 3098 4521 σου
3133 4469 3229 4526 καί
3270 4467 3334 4521 τὸ
3374 4468 3599 4533 κάλλος
3624 4466 3809 4533 Κυρίου

646 4567 792 4609 sunt.
2216 4541 2259 4597 Ῐ)
2290 4557 2392 4610 τοῦ
2429 4556 2572 4610 Θεοῦ
2596 4556 2787 4626 ἡμῶν·
2817 4558 2888 4620 ὡς
2929 4557 2995 4611 ἂν
3024 4557 3116 4616 καὶ
3154 4545 3309 4612 αὐτοὶ
3330 4555 3705 4621 κκαταξιωθείεν
3733 4557 3810 4623 τῆς

644 4648 906 4718 σωτηρίου
942 4649 1288 4729 θεοφανείας,
1331 4651 1422 4703 καὶ
1463 4645 1560 4719 τῆς
1605 4651 1781 4704 ἐνθέου
1820 4652 1974 4723 δόξης
2027 4650 2211 4716 αὐτοῦ,
2242 4650 2333 4703 τοῦ
2379 4666 2437 4702 τε
2483 4650 2735 4715 κάλλους,
2784 4650 2909 4719 περὶ
2956 4644 3015 4729 οῦ
3058 4649 3294 4718 εἴρηται,
3372 4649 3590 4717 Ὠραῖος
3632 4647 3810 4701 κάλλει

637 4743 795 4811 παρὰ
824 4742 964 4808 τοὺς
998 4728 1166 4813 viain;
1212 4744 1330 4799 τῶν
1358 4786 1362 4791 .
1401 4740 1700 4816 repleatur,
1748 4750 1837 4801 καὶ
1874 4749 1977 4802 τῶν
2010 4747 2206 4802 λοιπῶν
2244 4747 2490 4801 ἁπάντων
2520 4745 2627 4799 τῶι
2657 4745 2797 4799 κατά
2838 4743 2927 4797 τὸν
2956 4728 3184 4813 Χριστὸν
3222 4742 3315 4797 τοῦ
3348 4744 3483 4798 Θεοῦ
3534 4739 3809 4809 ἑπινοουμέ·

638 4852 743 4888 νων
768 4836 1002 4905 ἀγαθῶν.

1330 4952 1471 5006 'XC.

711 5034 874 5090 Vens.
927 5037 977 5099 i,
1011 5036 1064 5090 2.
1107 5038 1209 5104 Qui
1257 5041 1456 5096 habitat
1492 5044 1545 5097 in
1586 5044 1849 5112 adjutorio
1906 5046 2180 5107 Altissimi,

2370 5044 2421 5095 Ὀ
2446 5041 2734 5096 κατοικῶν
2751 5042 2818 5094 ἐν
2831 5044 3081 5111 ,βοηθείᾳ
3102 5044 3208 5098 τοῦ
3235 5045 3537 5112 Ὑψίστου,
3555 5043 3621 5093 ἐν
3640 5040 3805 5105 σκέπῃ

646 5124 705 5177 in
736 5134 1021 5194 legumento
1061 5127 1157 5181 Dei
1190 5131 1303 5183 creti
1362 5133 1787 5187 commorabitur.
1825 5133 1921 5187 Hic
1948 5137 2185 5204 psalmus

2289 5134 2389 5186 τοῦ
2419 5133 2564 5186 Θεοῦ
2594 5133 2698 5186 τοῦ
2743 5134 3000 5204 οὐρανοῦ
3036 5134 3485 5200 αὑλισθήσεται.
3526 5132 3834 5202 ’Ᾱνεπίγρα-.

648 5216 1000 5285 inscriptione
1027 5228 1191 5273 caret.
1217 5221 1299 5274 An
1335 5222 1471 5278 forte
1502 5240 1675 5297 neque
1706 5225 1944 5294 psalmus
1968 5236 2069 5289 est,
2093 5226 2186 5281 sed

2289 5241 2386 5290 tpoq
2407 5226 2434 5275 ὁ
2455 5222 2683 5292 ψαλμός.
2704 5224 2926 5295 Μήποτε
2954 5224 3009 5278 δὲ
3033 5224 3152 5277 οῦτε
3170 5222 3381 5294 ψαλμδς
3404 5224 3670 5294 τυγχάνει,
3694 5219 3804 5274 ἀλλὰ

645 5306 925 5379 prophetia
966 5312 1209 5376 quaedam
1246 5313 1625 5387 profundiores
1668 5316 1733 5371 de
1768 5315 1985 5371 Christo
2027 5331 2091 5369 ac
2119 5316 2186 5369 de

2289 5331 2369 5377 τις
2400 5314 2699 5384 προφητεία
2732 5314 3059 5385 βαθυτέρους
3110 5314 3432 5385 περιέχουσα
3476 5314 3659 5382 λόγους
3698 5308 3802 5380 περὶ

636 5396 726 5460 iis,
756 5412 875 5467 quae
903 5398 957 5450 in
985 5399 1101 5467 ipso
1138 5415 1511 5457 consummata
1548 5413 1696 5470 sunt,
1731 5421 2005 5462 sermones
2034 5420 2184 5460 como

2289 5407 2517 5477 Χριστοῦ
2544 5408 2637 5459 καὶ
2661 5406 2769 5459 τῶν
2802 5408 2858 5458 ὲν
2914 5404 3060 5474 αὐτῷ
3090 5404 3509 5475 τελειουμὲνων;
3546 5405 3731 5472 Πολλὴν
3757 5398 3802 5452 δὶ

636 5486 917 5576 plectens?
964 5486 1089 5542 Haec
1118 5506 1282 5559 porro
1312 5511 1431 5564 qua:
1455 5495 1567 5564 jam
1611 5503 1906 5557 tractamus
1953 5498 2179 5551 multam

2290 5500 2639 5569 ἀσυμφωνίαν
2685 5498 2795 5569 ἔχει
2821 5497 2888 5549 τά
2927 5495 3255 5567 προκείμενα
3288 5496 3424 5576 πρὸς
3463 5498 3551 5551 τὸν
3584 5492 3803 5559 ἀνωτέρω

638 5566 977 5631 ίιειιιοῗιιοιιιη
1007 5580 1325 5649 praecedenti
1351 5588 1558 5655 psalmo
1584 5586 2017 5657 discrepantiam.
2050 5586 2183 5641 Nam

2290 5566 2498 5659 ψαλμδν
2536 5588 2647 5661 τὴν
2677 5566 3007 5643 ἀκολουθίαν.
3052 5566 3132 5641 ’0⁷
3157 5589 3256 5661 μὲν
3296 5566 3404 5661 {sp
3455 5590 3552 5661 ’τὴν
3602 5584 3799 5654 ἐσχάτην

638 5660 728 5717 ille
756 5666 969 5735 quidem
1017 5684 1112 5735 per
1157 5670 1356 5745 Moysis
1398 5678 1719 5741 orationem,
1765 5666 2060 5735 citremam
2092 5677 2186 5734 Ju-

2296 5680 2561 5751 ἀποϐολὴν
2594 5660 2705 5733 τοῦ
2748 5664 3009 5733 Ἰουδαίων
3044 5660 3226 5745 ἔθνους
3280 5660 3383 5734 διά
3560 5673 3796 5733 manus»;

706 5816 744 5849 “
788 5815 806 5873 Ι
840 5817 961 5874 Cor.
1009 5838 1059 5883 t.
1096 5822 1181 5879 2i.
1260 5825 1302 5858 “
1341 5824 1482 5880 Psal.
1520 5842 1660 5890 χιιι,
1696 5830 1745 5881 5.
