3976 6356
147 396 270 454 {ibi

1247 392 1741 458 COMM‘ENTARIA
1774 390 1841 448 IN
1878 391 2216 453 PSALMOS.

3189 395 3329 452 “£2

147 513 448 584 προσευχῆς
475 514 781 579 ὲθέσπιζεψ
816 518 845 568 6
884 516 941 568 δὲ
974 516 1161 587 παρὼν
1192 519 1316 583 τοὺς
1348 518 1560 588 ἀγῶνας
1592 518 1668 570 κα“

1785 513 1957 570 daicte
1998 514 2176 586 gentis
2220 512 2575 583 abjectionem
2628 512 3051 577 vaticinabatur;
3081 510 3168 569 hic
3201 528 3328 571 vero

146 602 209 656 τὰ
237 607 561 677 πειρατήρια
588 604 680 658 τοῦ
708 604 845 660 κατὰ
875 606 1074 676 Κύριον
1112 587 1475 678 τελειουμένου
1510 608 1691 685 περιέ·
1718 587 1737 608 ⁸

147 711 249 764 χει·
286 695 423 750 ἀλλὰ
455 696 549 749 καὶ
580 696 742 750 αὐτοῦ
774 695 869 756 τοῦ
900 697 1150 766 Σωτῆρος
1201 698 1355 768 ήμῶν
1399 701 1487 753 τὸν
1524 701 1582 753 ὲν
1621 702 1687 770 τῇ

146 783 330 856 ἐρήμῳ
371 788 671 858 πειρασμὸν
698 789 1059 859 προφητεύει,
1088 790 1175 842 ὅτε
1205 791 1409 861 ἀνήχθη
1442 793 1545 855 ὑπὸ
1594 791 1688 846 τοῦ

146 872 449 946 Πνεύματος
478 878 557 941 είς
586 878 682 948 τὴν
707 878 906 949 ἔρημον
940 879 1293 952 πειρασθῆναι
1319 882 1423 935 ὑπὸ
1449 882 1540 936 τοῦ
1572 884 1695 937 δια-λ

145 963 312 1028 θόλου,
341 966 433 1020 καὶ
458 967 556 1037 τὴν
584 968 675 1020 ἐπὶ
704 970 835 1022 πᾶσι
862 971 1015 1041 νίκην
1042 972 1221 1025 αὑτοῦ.
1248 973 1311 1025 Τί
1330 974 1392 1043 δὴ
1419 970 1509 1028 οὖν
1527 992 1687 1047 φησιν

142 1052 171 1105 6
200 1057 527 1126 προφητικὸς
557 1058 742 1127 λόγος;
780 1062 836 1112 '0
863 1061 960 1130 μὲν
992 1063 1249 1135 πρότερος
1278 1064 1402 1127 λαὸς
1425 1067 1453 1118 6
1476 1065 1565 1118 διὰ
1591 1066 1687 1136 τῆς

144 1146 548 1216 προηγουμένης
581 1149 853 1213 Μωῦσέως
885 1153 1188 1224 προσευχῆς
1214 1154 1687 1224 ἀποκλαυσάμενος

143 1232 385 1302 ὁμολογεῖ
407 1236 650 1304 φάσκων,
672 1240 789 1293 Ὅτι
813 1241 1164 1311 ἐξελίπομεγ
1188 1243 1258 1295 ἐν
1276 1241 1349 1311 τῇ
1374 1242 1517 1313 ὀργῇ
1547 1258 1681 1309 σου,

144 1324 226 1375 καὶ
255 1322 323 1376 τὰ
352 1324 531 1391 λοιπὰ,
565 1328 662 1382 ὅσα
688 1330 935 1402 ἐδηλοῦτο
968 1332 1053 1385 διὰ
1082 1332 1187 1385 τῶν
1211 1333 1621 1402 ἐμφερομένων
1656 1336 1684 1387 6

139 1412 193 1465 δὲ
224 1412 428 1483 μέλλων
458 1418 814 1489 συστήσεσθαι
847 1423 962 1491 μετ’
992 1424 1194 1475 ἐκεῖνον
1222 1421 1299 1491 τῷ
1326 1422 1444 1495 Θεῴ
1472 1422 1558 1486 διὰ
1589 1422 1681 1477 τοῦ

141 1503 364 1571 Χριστοῦ
392 1504 536 1570 λαὸς,
573 1508 664 1561 ἐπὶ
705 1512 769 1580 τῇ
812 1510 1029 1582 βοηθείᾳ
1057 1511 1150 1564 τοῦ
1204 1500 1457 1580 Ὑψίστου
1500 1527 1684 1565 πεποι-

142 1590 258 1658 Θὼς,
286 1595 378 1647 καὶ
406 1595 491 1647 ἀεὶ
534 1597 591 1681 έν
621 1598 756 1670 αὐτῇ
788 1600 1075 1665 κατοικῶν,
1108 1602 1379 1673 ἀτάραχος
1413 1602 1507 1656 καὶ
1545 1602 1681 1657 ἀσά-

142 1681 313 1746 λευτος
340 1684 610 1756 διαμένει·
657 1690 732 1755 ὠς
764 1689 860 1755 ἂν,
895 1692 998 1745 ὑπὸ
1024 1691 1119 1764 τὴν
1158 1693 1364 1766 σκέπην
1414 1693 1505 1747 τοῦ
1548 1695 1680 1751 Θεοῦ

140 1771 492 1844 αὐλιζόμενος,
522 1778 710 1832 οὐδένα
738 1797 797 1833 τε
839 1780 946 1835 τῶν
990 1780 1305 1853 πειρασμῶν
1352 1784 1682 1855 ἐπιστραφή-

1788 606 2085 660 certamina
2118 615 2170 661 et
2203 605 2529 662 tentationes
2554 604 2672 675 ejus
2701 606 2793 675 qui
2824 604 3120 661 secundum
3148 604 3327 661 Domi-

1788 712 1915 751 num
1950 706 2377 761 consummatur,
2405 696 2816 765 complectitur;
2859 694 2967 748 imo
3007 698 3167 749 etiam
3212 692 3328 748 Sa!-

1787 786 1990 842 vatoris
2025 787 2199 842 nostri
2252 786 2307 840 in
2355 788 2569 843 deserto
2598 787 2950 841 tentationcm
2985 784 3323 854 praenuntiat,

1786 880 2004 950 quando
2046 885 2357 946 assumptus
2412 882 2497 931 est
2525 891 2555 929 a
2584 876 2802 946 Spiritu
2851 876 2905 929 in
2946 874 3234 937 desertum,
3271 882 3327 927 ut

1786 976 2087 1025 tentaretur
2118 983 2146 1020 a
2182 965 2415 1029 diabolo,
2453 964 2801 1036 prasdicitque
2833 965 2949 1034 ejus
2980 966 3034 1019 in
3076 963 3347 1018 onlnibus'

1786 1060 2094 1115 victoriam:
2157 1056 2297 1124 Quid
2359 1058 2540 1127 itaque
2593 1056 2668 1108 ait
2719 1056 3068 1126 propheticus
3111 1053 3325 1110 sermo?

1770 1150 1939 1205 Prior
1987 1149 2202 1219 quidem
2244 1148 2493 1219 populus,
2543 1146 2633 1217 qui
2669 1148 2722 1202 in
2769 1146 3089 1216 praecedenti
3125 1144 3325 1216 Moysis

1784 1241 2030 1295 oratione
2070 1240 2334 1310 plorabat,
2386 1238 2501 1293 hazc
2542 1236 2917 1300 conﬁtebatur,
2955 1236 3093 1302 Quia
3134 1235 3324 1304 deieci.-

1784 1347 1898 1385 mus
1925 1331 1977 1385 in
2005 1332 2088 1384 ira
2116 1342 2228 1395 tua,
2255 1337 2308 1383 et
2338 1337 2552 1393 caetera,
2587 1344 2706 1399 qum
2730 1329 2927 1384 ibidem
2952 1328 3321 1393 declarantur;

1782 1422 2012 1493 populus
2052 1436 2182 1475 vero
2225 1421 2319 1490 qui
2355 1428 2477 1491 post
2503 1421 2651 1474 illum
2691 1435 2721 1473 a
2757 1419 2871 1475 Deo
2911 1435 3009 1489 per
3050 1417 3326 1475 Christum

1782 1511 2198 1568 constituendus
2250 1518 2385 1575 erat,
2434 1509 2705 1580 adjutorio
2747 1509 3009 1564 Altissimi
3063 1508 3325 1578 conﬁsus,

1786 1605 1841 1659 in
1870 1605 2097 1675 ipsoque
2122 1617 2334 1672 semper
2361 1602 2637 1667 habitans,
2668 1601 3075 1673 perturbatione
3101 1608 3154 1656 et
3174 1616 3326 1657 com-

1785 1697 2022 1752 motione
2051 1711 2255 1749 vacuus
2297 1703 2508 1763 manet;
2548 1696 2728 1765 utpOte
2751 1692 2842 1765 qui
2886 1694 2986 1749 sub
3018 1702 3323 1762 tegumenta

1782 1786 1873 1843 Dei
1902 1788 2058 1843 sedes
2091 1787 2301 1852 habeat,
2359 1787 2825 1853 tentationumque
2870 1768 3070 1836 nullam
3104 1796 3321 1837 aversa-

142 1877 299 1926 σεται,
329 1864 439 1917 ἀλλ’
460 1867 544 1936 ἐφ’
567 1868 777 1940 ἑκάστῳ
804 1872 919 1941 ὲρεῖ
936 1871 1014 1943 τῷ
1041 1871 1256 1942 Κυρίῳ·
1291 1872 1668 1942 Ἀντιλήπτωρ

1777 1879 1959 1944 bitur,
2008 1878 2103 1935 sed
2152 1878 2210 1932 in
2269 1877 2494 1945 singulis
2543 1875 2683 1930 dicet
2738 1874 2964 1929 Domino
2996 1872 3323 1943 :‘Susceptor

136 1966 241 2018 μου
270 1951 328 2004 ετ
378 1953 474 2006 καί
506 1959 812 2027 καταφυγή
852 1975 990 2027 μου,
1037 1962 1071 2013 ό
1119 1958 1260 2025 Θεός
1287 1977 1404 2029 μου
1423 2000 1437 2025 ,
1487 1962 1676 2017 ἐλπιῶ

136 2040 220 2094 ἐπ’
247 2044 446 2099 αὐτόν.
489 2046 634 2111 ’Δντὶ
669 2046 725 2101 δὲ
762 2048 876 2112 τοῦ,
910 2049 963 2103 Ὁ
1015 2050 1300 2105 κατοικῶν
1332 2053 1676 2122 ὲνβοηθείᾳ

138 2132 235 2195 τοῦ
275 2134 572 2205 Ὑψίστοιί,
593 2138 622 2190 6
667 2131 1108 2213 μὲνΣύμμαχος,
1148 2143 1205 2196 Ὀ
1239 2128 1526 2199 κατοικῶν
1555 2146 1673 2200 ὑπὸ

139 2223 359 2293 σκέπην
388 2226 494 2281 τοῦ
521 2228 797 2298 Ὑψίστου
817 2248 831 2261 ·
864 2232 893 2284 6
919 2231 975 2286 δὲ
1004 2233 1250 2298 Ἀκύλας,
1275 2235 1367 2289 καὶ
1390 2236 1421 2306 ἡ
1454 2235 1672 2306 πέμπτη

138 2313 359 2381 ἔκδοσις,
398 2317 452 2370 Ὁ
493 2319 825 2390 καθήμενος
873 2323 944 2377 ἐν
992 2314 1314 2396 ἀποκρύφῳ
1373 2327 1669 2394 Ὑψίστουὶ

138 2409 479 2475 ἐκδεβῶκασιο
516 2415 866 2486 σημαίνοντος
912 2416 1004 2470 τοῦ
1051 2418 1206 2487 λόγου
1252 2417 1345 2495 τοῦ
1378 2418 1515 2471 κατὰ
1540 2420 1670 2472 Θεὸν

138 2502 189 2552 ὲν
206 2502 417 2574 Χριστῷ
439 2505 835 2583 ἀγωνιζομένου
857 2508 918 2561 τὸ
937 2510 1143 2579 ἑδραῖον
1170 2510 1260 2563 καὶ
1281 2511 1545 2581 ἀπτὸητον
1572 2512 1671 2584 τῆς

136 2590 390 2659 διανοίας,
428 2594 629 2659 καὶώς
682 2598 739 2650 ὲν
792 2597 1088 2670 ἀποκρύφῳ
1138 2600 1237 2671 τῆς
1282 2599 1459 2653 αὑτοῦ
1492 2600 1670 2672 ψυχῆς

138 2680 325 2745 ἔνοικος
381 2683 728 2751 ἑγκαθέζεται
758 2689 850 2742 καὶ
897 2687 1085 2761 βοηθὸς
1128 2690 1286 2754 αὐτὸς
1326 2693 1354 2745 6
1387 2692 1663 2762 ”Υψιστος.

1777 1987 1919 2025 meus
1957 1986 2009 2024 es
2036 1980 2089 2023 tu
2118 1980 2167 2023 et
2201 1968 2457 2039 refugium
2510 1981 2697 2029 meum,
2728 1964 2867 2018 Deus
2905 1980 3069 2027 meus,
3106 1964 3322 2032 sperabo

1752 2060 1829 2113 in
1878 2074 2015 2113 eum.
2051 2056 2157 2112 Pro
2191 2057 2284 2111 illo
2322 2063 2521 2122 autem,
2569 2053 2672 2120 Qui
2720 2052 2920 2106 habitat
2956 2053 3010 2105 in
3052 2052 3320 2121 adjutorio

1773 2147 2053 2217 Altissimi,
2092 2145 2470 2219 Symmachus,
2522 2146 2626 2221 Qui
2658 2144 2862 2199 habitat
2903 2144 2997 2198 sub
3027 2134 3317 2215 tegumenta

1771 2238 2070 2301 Altissimi;
2113 2236 2305 2309 Aquila
2352 2254 2478 2293 vero
2521 2245 2574 2292 et
2607 2238 2795 2307 quinta
2821 2234 3006 2298 editio,
3042 2234 3145 2301 Qui
3174 2234 3313 2288 sedet

1770 2328 2154 2408 inlabsco‘ndilo
2191 2329 2473 2393 Altissimi,
2508 2329 2812 2387 ediderunt.
2834 2326 2953 2393 Quo
2986 2325 3316 2397 signiﬁcatur

1771 2418 1907 2489 ejus,
1959 2420 2050 2490 qui
2096 2418 2395 2475 secundum
2446 2418 2612 2474 Deum
2663 2420 2717 2473 in
2757 2416 2975 2479 Christo
3014 2424 3312 2483 concertat,

1770 2510 1996 2565 ﬁrmitas
2048 2518 2102 2566 et
2142 2509 2542 2581 imperterritus
2590 2509 2823 2573 animus,
2872 2516 2925 2563 et
2955 2508 3226 2578 quomodo
3259 2507 3314 2563 in

1770 2614 1983 2655 recessu
2016 2601 2207 2655 animae
2231 2599 2349 2669 ejus
2382 2599 2587 2654 habitet
2618 2598 2910 2667 sedeatque
2954 2597 3169 2666 adjutor
3193 2598 3311 2667 ejus
3371 2595 3376 2601 ’

1766 2682 2101 2747 Altissimus.
2134 2690 2499 2760 Rursumque,
2528 2704 2626 2760 pro
2651 2689 2762 2752 illo,
2791 2686 2859 2741 In
2908 2697 3193 2758 legumento
3214 2687 3313 2743 Dei

138 2771 289 2847 Πάλιν
311 2773 368 2828 δὲ
397 2776 516 2830 ἀντὶ
547 2776 662 2845 τοῦ,
706 2779 805 2833 Ἐν
832 2780 1026 2849 σκέπῃ
1058 2780 1162 2836 τοῦ
1196 2783 1339 2837 Θεοῦ
1371 2784 1474 2837 τοῦ
1496 2786 1668 2853 cupa:-

1768 2782 1883 2836 caeli
1903 2782 2329 2848 commorabitur,
2351 2779 2566 2850 Aquila,
2591 2777 2656 2832 1η
2688 2786 2972 2848 tegumenta
2995 2778 3147 2847 [artis
3170 2794 3313 2831 com-

137 2854 719 2934 νοῦέῖιύλισθήσεται,
772 2871 800 2923 6
855 2871 951 2942 μὲν
993 2872 1242 2938 Ἀκύλας,
1317 2875 1413 2927 Ἐν
1472 2875 1665 2944 σκέπῃ

1766 2872 2093 2935 morabitur;
2146 2870 2502 2941 Symmachus
2552 2875 2753 2933 autem,
2805 2866 2910 2921 Sub
2941 2866 3125 2921 umbra
3154 2866 3307 2936 fortis

138 2952 327 3009 ἱκανοῦ
347 2958 774 3026 αὐλισθήσεται
793 2980 806 2991 ·
836 2963 864 3014 6
896 2962 952 3014 δὲ
982 2962 1291 3035 Σύμμαχος,
1330 2964 1461 3018 Ὑπὸ
1486 2965 1668 3018 σκιὰν

1765 2970 2089 3027 pernoctaus,
2116 2960 2453 3029 interpretati
2479 2967 2624 3013 sunt.
2653 2956 2759 3011 Sed
2782 2957 2895 3012 huic
2916 2947 3131 3028 quidem
3153 2958 3307 3028 quasi

137 3043 230 3097 τοῦ
269 3048 471 3102 ἱκανοῦ
507 3052 902 3118 νυκτερεύων,
936 3055 1236 3126 εἰρήκασιν.
1297 3053 1451 3109 Ἀλλὰ
1496 3056 1665 3109 ταῦτα

1765 3053 1817 3107 in
1851 3053 2129 3123 prooemiis
2161 3051 2397 3123 Spiritus
2433 3063 2653 3108 sanctus
2687 3052 2898 3106 locutus
2924 3061 3004 3106 est
3034 3071 3045 3105 :
3076 3066 3195 3122 quae
3222 3066 3308 3106 se-

140 3135 224 3205 μὲν
254 3137 328 3202 ὡς
350 3128 405 3193 ὲν
435 3134 738 3214 προοιμίοις
767 3144 827 3196 τὸ
848 3144 997 3212 ἅγιον
1021 3144 1239 3216 Πνεῦμα
1263 3145 1536 3218 διελάλησε
1555 3164 1568 3177 ⁸
1595 3147 1663 3203 τὰ

1765 3151 2006 3214 quuntur
2032 3152 2209 3199 autem
2250 3144 2316 3197 ad
2367 3159 2487 3199 eum
2530 3143 2734 3212 dirigit,
2776 3152 3057 3215 totumque
3101 3161 3307 3200 sermo.

135 3227 172 3279 δ’
195 3228 311 3300 ἑξῆς
354 3208 499 3304 αὐτῶ
548 3208 1004 3307 προσφωνεῖξκα)¹
1034 3237 1123 3291 τὸν
1165 3208 1344 3298 πάντα,
1383 3208 1536 3309 λόγον
1584 3243 1662 3305 εἰς

1765 3208 1881 3299 dem
1906 3234 1969 3288 ad
2000 3234 2119 3305 ejus
2156 3248 2442 3304 personam
2473 3208 2664 3297 refert,
2690 3235 2783 3312 qui
2809 3250 2906 3310 pro
2930 3208 3147 3290 Christo
3176 3250 3305 3290 con-

133 3319 280 3373 αὐτοῦ
313 3323 600 3393 πρόσωπον
635 3327 993 3394 ἀποτείνεται,
1031 3329 1148 3401 ἦτοι
1192 3329 1284 3384 τοῦ
1310 3330 1404 3402 τῷ
1446 3332 1663 3403 Χριστῷ

135 3410 510 3484 ἀγωνιζομένου
565 3418 659 3470 καὶ¹
713 3417 966 3480 νικῶντος
986 3418 1065 3488 ,ἢ
1117 3418 1208 3471 καὶ
1256 3418 1347 3471 τοῦ
1388 3419 1523 3473 κατά
1571 3420 1661 3473 τὸν

134 3492 339 3575 Σωτῆρα
364 3508 649 3577 νοουμένου
695 3508 978 3579 ἀνθρώπου
997 3547 1012 3572 ,
1043 3502 1087 3576 ᾧ
1119 3509 1272 3580 δίκην
1310 3512 1538 3581 ὀργάνου
1572 3511 1663 3564 κέ-

133 3609 282 3663 χρητο
309 3597 339 3648 6
370 3596 549 3668 προὼν
587 3597 680 3650 τοῦ
716 3597 850 3651 Θεοῦ
880 3600 1048 3669 Λόγος
1068 3618 1081 3631 ο
1126 3602 1219 3654 καὶ
1263 3601 1370 3674 γὰρ
1402 3618 1571 3666 ουτος,
1602 3603 1662 3661 ὲν

134 3680 334 3757 βοηθείᾳ
382 3687 647 3743 κατοικῶν
696 3688 789 3743 τοῦ
824 3690 1095 3760 Ὑψίστου,
1145 3692 1248 3752 ὑιπὸ
1299 3692 1397 3765 τὴν
1454 3692 1660 3767 σκέπην
1696 3720 1699 3726 -

131 3771 354 3840 ηὐλίζετο
380 3776 471 3829 τοῦ
515 3778 841 3844 ἐνοικοῦντος
894 3780 1053 3851 αὐτῷ
1094 3780 1225 3835 Θεοῦ
1270 3782 1439 3851 Λόγου
1460 3822 1478 3848 ,
1535 3783 1656 3841 ἑπι-

132 3865 420 3932 σκιάζοντος
451 3869 599 3939 αὐτῷ
628 3873 696 3943 τῇ
728 3869 893 3925 αὐτοῦ
923 3870 1154 3942 θεότητι,
1211 3868 1323 3942 εἶχέ
1351 3889 1409 3924 τε
1445 3872 1659 3943 ἀντιλή-

130 3962 287 4026 πτορα
326 3958 418 4010 καὶ
466 3961 784 4033 καταφυγὴν
806 3962 901 4015 καὶ
927 3962 1163 4025 ’ἐλπίδας
1189 3962 1352 4016 αὐτοῦ
1398 3964 1495 4034 τὴν
1524 3965 1657 4034 πλη-

133 4040 309 4109 ροῦσαν
355 4046 517 4100 αὖτὺν
552 4048 663 4104 τοῦ,
700 4044 845 4101 Θεοῦ⁸
862 4050 1034 4118 Λόγου
1079 4049 1321 4122 δύναμιν.
1354 4051 1561 4123 Ὠσπερ
1598 4053 1661 4106 δὲ

130 4129 271 4200 σῶμα
307 4135 540 4206 Χριστοῦ
574 4138 633 4190 τὸ
665 4138 996 4211 ἀνθρώπειον
1042 4139 1204 4196 αὐτοῦ
1232 4141 1459 4214 ὄργανον
1491 4145 1662 4214 ὲχρηο,

132 4223 352 4291 μάτισεν,
370 4226 510 4280 οὕτω
531 4228 623 4281 καὶ
650 4230 678 4281 6
706 4230 834 4295 λαὸς
850 4231 1010 4285 αὑτοῦ
1037 4233 1273 4305 Χριστοῦ
1308 4235 1460 4305 σῶμα
1490 4252 1655 4307 προσ-

130 4314 392 4386 ηγόρευται
425 4319 529 4371 ὑπὸ
548 4318 641 4374 τοῦ
678 4321 1149 4392 ιεροῦἊποστόλου
1172 4324 1440 4393 λέγοντος
1474 4325 1658 4395 Ὑμεῖς

129 4399 187 4456 δέ
202 4403 331 4460 ἐστε
362 4407 530 4477 σῶμα
556 4410 829 4477 Χριστοῦ,
865 4412 960 4465 καί
986 4412 1139 4481 μέλη
1166 4413 1232 4466 ἐκ
1251 4413 1491 4482 μέρους.
1522 4406 1525 4409 λ

1760 3333 1932 3380 certat
1960 3340 2023 3379 ac
2059 3332 2313 3396 superat;
2366 3324 2479 3379 sive
2515 3325 2673 3379 etiam
2717 3325 2782 3378 ad
2814 3325 3084 3379 hominem
3116 3327 3207 3395 qui
3247 3326 3303 3381 ἰι

1762 3415 2042 3479 Salvatore
2093 3431 2213 3471 esse
2259 3414 2598 3486 intelligitur,
2656 3430 2765 3485 quo
2807 3431 2905 3470 ceu
2946 3416 3302 3472 instrumento

1760 3524 1915 3564 usum
1953 3514 2042 3562 est
2062 3506 2152 3562 Dei
2182 3505 2417 3561 Verbum
2450 3509 2593 3578 quod
2641 3509 3061 3580 praeexsistebat.
3094 3507 3303 3563 Etenim

1758 3599 1848 3652 ille
1877 3597 1929 3652 in
1959 3595 2230 3667 adjutorio
2261 3596 2524 3653 Altissimi
2552 3598 2823 3663 habitans,
2869 3600 2967 3655 sub
2998 3608 3303 3669 legumento

1759 3688 2112 3743 inhabitantis
2160 3687 2215 3741 in
2263 3702 2321 3743 se
2363 3687 2453 3741 Dei
2495 3686 2656 3743 Verbi
2706 3690 3158 3754 commorabatur,
3210 3688 3302 3758 qui
3354 3684 3359 3685 γ

1756 3779 1954 3835 deitate
1985 3791 2081 3831 sua
2122 3779 2297 3846 ipsum
2340 3778 2706 3845 inumbrabat;
2738 3789 2896 3847 atque
2924 3780 2969 3833 is
2999 3780 3053 3832 in
3100 3794 3289 3835 susce-

1758 3866 1989 3942 ptorem,‘
2006 3866 2280 3938 refugium
2310 3875 2364 3921 et
2387 3882 2534 3938 spem
2564 3870 2795 3924 habebat
2825 3871 2995 3940 ipsam
3024 3869 3115 3925 Dei
3137 3869 3300 3929 Verbi

1755 3962 2027 4024 virtutem,
2082 3974 2191 4029 qua
2248 3959 2574 4028 replebatur.
2620 3959 3079 4030 Quemadmodum
3123 3971 3300 4019 autem

1754 4044 2184 4119 Christi'corpus
2218 4049 2511 4103 humanum
2542 4049 2688 4107 illius
2714 4052 3127 4121 instrumentum
3153 4060 3297 4122 erat;
3328 4054 3331 4055 ⁷

1754 4140 1835 4194 sic
1857 4147 1910 4196 et
1939 4140 2168 4210 populus
2200 4138 2339 4210 ejus,
2368 4138 2570 4195 Christi
2616 4156 2818 4210 corpus
2864 4156 2893 4195 a
2938 4150 3126 4197 sancto
3152 4143 3297 4213 Apo-

1753 4232 1892 4285 stolo
1941 4237 2164 4285 vocatur
2210 4230 2295 4286 his
2328 4231 2545 4286 verbis:
2587 4230 2687 4286 Vos
2726 4242 2896 4286 autem
2944 4235 3066 4286 estis
3113 4249 3297 4299 corpus

1755 4320 1972 4386 Christi,
2006 4330 2055 4374 et
2083 4320 2323 4375 membra
2345 4336 2407 4375 ea:
2431 4330 2579 4390 parte
2601 4320 2665 4375 “.

186 4516 413 4593 Είκὸτως
448 4524 732 4594 τοιγαροῦν
758 4524 829 4579 τὰ
858 4527 915 4590 ὲν
949 4529 1060 4590 τοῖς
1098 4527 1468 4598 προκειμένοις
1496 4528 1650 4597 λεγό-

1823 4525 2013 4581 Merito
2044 4527 2208 4596 igitur
2239 4540 2359 4596 quae
2409 4526 2497 4580 hic
2524 4526 2680 4595 quasi
2729 4525 2795 4580 de
2826 4538 3054 4600 corpore
3091 4521 3293 4581 Christi

132 4621 251 4679 μενα
276 4609 348 4672 ὡς
381 4612 507 4682 περὶ
550 4613 642 4666 τοῦ
696 4614 942 4689 σώματος
973 4618 1203 4689 Χριστοῦ
1244 4619 1543 4691 ἀναφέροιτ’
1584 4620 1649 4673 ἂν

131 4695 209 4746 καὶ
236 4697 309 4760 είς
339 4698 400 4751 τὸ
444 4701 775 4772 ἀνθρώπειον
811 4707 904 4760 τοῦ
946 4709 1190 4781 Σωτῆρος
1232 4709 1404 4781 ἡμῶν,
1433 4711 1524 4763 καὶ
1570 4714 1649 4779 εἷς

130 4782 205 4873 τὸν
244 4786 300 4840 έν
348 4788 496 4859 αὐτῷ
535 4791 922 4862 τελειούμενον.
961 4793 1061 4852 Ὧν
1091 4800 1263 4865 οὕτως
1312 4801 1611 4873 εἰρημένων
1631 4844 1656 4870 ,_

130 4872 236 4946 ἑξῆς
262 4880 288 4932 6
312 4880 465 4948 λόγος
488 4880 812 4963 διεξέρχεται
838 4887 935 4940 ὅσα
968 4890 1116 4966 παρὰ
1146 4891 1236 4944 τοῦ
1265 4889 1396 4946 Θεόῦ
1422 4894 1650 4966 ὑπάρξει

130 4968 195 5039 τῷ
238 4974 569 5031 κατοικοῦντι
598 4978 654 5032 ὲν
699 4977 914 5051 βοηθείᾳ
954 4962 1335 5054 τοῦλΥψίστου
1364 4989 1453 5042 καὶ
1503 4962 1651 5043 αῦλι-

131 5055 315 5152 ζαμένῳ
346 5066 450 5120 ὑπὸ
495 5068 593 5139 τὴν
637 5071 839 5141 σκέπην
885 5072 987 5133 τοῦ,
1010 5072 1163 5137 Θεοῦ,
1217 5075 1422 5145 λέγοντί
1475 5098 1535 5133 τε
1573 5081 1649 5152 τῷ

132 5150 322 5226 Κυρίῳ·
367 5157 748 5230 Ἀντιλήπτωρ
789 5181 905 5233 μου
934 5160 994 5218 εἷ
1031 5165 1127 5218 καὶ
1165 5172 1470 5240 καταφυγή
1506 5150 1643 5242 μου,

131 5243 160 5294 d
183 5245 310 5311 Θεός
326 5264 469 5316 μου,
490 5252 587 5306 καί
617 5252 796 5308 ἐλπιῶ
824 5256 915 5308 ἐπ’
943 5257 1142 5309 αὐτόν.
1174 5258 1305 5313 Τίνα
1337 5261 1395 5313 δέ
1428 5264 1540 5315 ἐστι
1578 5263 1646 5317 τὰ

132 5333 240 5403 περὶ
262 5335 418 5393 αὑτὸν
454 5343 803 5413 γενησόμενα..
835 5346 1113 5415 καταλέγει
1154 5346 1241 5400 διὰ
1289 5348 1395 5402 τῶν
1445 5353 1644 5421 ἑπομέ-

132 5437 218 5511 νων
234 5442 246 5455 ·
264 5427 387 5481 Ὅτι
410 5429 591 5498 αὐτὸς
606 5435 854 5501 ῥύσεται
871 5457 947 5508 με
965 5441 1032 5494 ἐκ
1054 5440 1300 5511 παγίδος
1328 5444 1640 5510 θηρευτῶν.

132 5508 229 5565 ἀπὸ
274 5519 456 5587 λόγου
503 5523 893 5592 ταραχώδους.
952 5531 1045 5583 Ἐν
1090 5508 1211 5596 τοῖς
1257 5508 1643 5600 μεταφρένοις·

131 5604 286 5661 αὐτοῦ
334 5609 668 5671 ἐπισκιάσει
707 5632 834 5684 σοι,
888 5621 984 5676 καί
1032 5622 1146 5677 ὑπὸ
1199 5622 1303 5689 τὰς
1355 5624 1645 5695 πτέρυπτις

190 5755 228 5789 ⁸³
259 5758 279 5817 Ι
313 5763 437 5820 Cor.
476 5781 590 5847 ιιι,
626 5769 715 5825 27.

1754 4619 2029 4683 dicuntur,
2060 4619 2218 4674 etiam
2259 4619 2326 4673 ad
2365 4618 2748 4672 humanitatem
2794 4614 3087 4671 Salvatoris
3116 4617 3291 4672 nostri

1752 4712 2073 4773 referantur,
2105 4718 2265 4780 atque
2296 4710 2363 4763 ad
2391 4724 2515 4763 eum
2540 4709 2633 4778 qui
2662 4710 2716 4763 in
2742 4708 2859 4779 ipso
2887 4716 3291 4765 consummatus

1752 4812 1852 4861 est.
1896 4804 2028 4869 Quae
2074 4817 2195 4856 cum
2245 4801 2346 4876 hac
2390 4802 2607 4857 ratione
2658 4800 2801 4855 dicta
2853 4802 2981 4866 sint,
3031 4802 3290 4872 deinceps

1752 4901 2055 4957 enarratur,
2092 4900 2292 4963 quanta
2331 4908 2361 4945 a
2392 4891 2503 4961 Deo
2538 4891 2863 4947 conferenda
2895 4892 3003 4947 sint
3042 4892 3095 4944 in
3142 4904 3286 4954 eum,

1749 4987 1840 5060 qui
1862 4986 2066 5040 habitat
2095 4985 2149 5039 in
2178 4984 2448 5055 adjutorio
2470 4984 2755 5045 Altissimi,
2780 4990 2833 5037 et
2860 4983 2959 5038 sub
2983 4986 3289 5049 tegumenta

1752 5077 1841 5133 Dei
1877 5086 2264 5143 commoratur,
2299 5089 2361 5130 ac
2404 5074 2534 5129 dicit
2565 5074 2811 5140 Domino,
2842 5072 3117 5138 Susceptor
3145 5086 3286 5123 meus

1746 5185 1823 5231 es,
1852 5176 1900 5221 et
1922 5166 2175 5237 refugium
2207 5182 2396 5231 meum,
2437 5164 2574 5219 Deus
2602 5159 2770 5227 meus,
2807 5159 3021 5227 sperabo
3056 5162 3113 5212 in
3146 5176 3281 5213 eum.

1749 5258 2002 5325 Quaenam
2036 5269 2209 5314 autem
2246 5244 2325 5313 illi
2357 5257 2683 5314 conferenda
2712 5256 2819 5310 sint
2849 5254 2900 5304 in
2935 5252 3284 5322 sequentibus

1746 5357 1932 5404 narrat
1959 5368 1972 5404 :
1999 5378 2066 5388 —
2086 5348 2250 5406 Vsus.
2285 5349 2400 5405 5-9.
2429 5348 2685 5414 Quoniam
2718 5345 2824 5412 ipse
2851 5341 3089 5396 liberabit
3120 5356 3198 5393 me
3221 5338 3284 5393 de

1750 5441 1929 5509 laqueo
1960 5442 2270 5506 venantium,
2302 5449 2350 5495 et
2397 5457 2430 5494 α
2468 5438 2613 5493 verba
2648 5434 2958 5489 turbulento.
2996 5431 3060 5485 In
3096 5447 3284 5497 scapu-

1752 5531 1815 5583 lis
1848 5531 1954 5583 suis
1994 5532 2317 5595 obumbrabit
2349 5531 2461 5593 tibi,
2486 5540 2533 5584 et
2554 5527 2645 5583 sub
2683 5526 2859 5594 pennis
2886 5524 2997 5591 ejus
3027 5524 3291 5591 sperabis,

1752 5628 1908 5682 Scuto
1940 5609 2277 5683 circumdabit
2311 5634 2356 5679 te
2386 5624 2570 5693 veritas
2603 5621 2734 5689 ejus,
2780 5632 2880 5670 non
2908 5612 3104 5667 timebis
3144 5631 3174 5665 a
3214 5616 3282 5667 ti.
