3960 6352
96 471 219 525 4145

1209 461 1701 519 COMMENTARIA
1736 463 1803 518 IN
1840 461 2168 517 PSALMOS.

3095 466 3226 521 ιιιε

94 582 329 652 κειμένας
364 578 557 649 φωνάς.
596 579 653 631 '0
693 580 799 655 γὰρ
824 579 1073 643 τοιοῦτος,
1106 577 1363 631 κατοικῶν
1402 579 1457 630 ἐν
1482 577 1596 647 βοη-

1699 591 2055 646 commorans,
2096 578 2237 633 dicet
2284 576 2505 633 Domino
2538 593 2551 628 :
2585 576 2861 647 Suscepto:
2898 596 3039 635 meus
3073 598 3125 636 es
3178 592 3231 637 st

94 673 200 743 θεία
229 669 321 724 τοῦ
362 669 630 738 Ὑψίστου,
666 670 756 721 καὶ
788 670 844 721 ὲν
893 668 1065 738 σκέπῃ
1096 667 1187 720 τοῦ
1236 666 1367 720 Θεοῦ
1395 666 1605 730 αὐλιζό-

97 756 258 830 μενος,
290 761 404 831 ἐρεῖ
448 758 524 829 τῷ
569 760 786 829 Κυρίῳο
833 757 1219 825 Ἀντιλήπτωρ
1258 773 1373 825 μου
1413 751 1471 809 εἷ
1508 756 1607 809 καί

94 852 385 922 καταφυγή
429 869 545 920 μου
568 890 585 916 ,
623 855 656 906 ὀ
694 851 861 915 Θεὸς,
904 850 1001 915 καί
1041 848 1221 903 ἐλπιῶ
1267 850 1357 903 ἐπ’
1404 851 1604 906 αὐτόν.

94 944 260 997 Ταῦτα
286 944 342 996 δὲ
367 942 531 997 αὐτοῦ
560 941 789 995 διαθέσει
833 939 1011 1009 τελεία
1043 928 1335 1011 είρηκότος,
1368 938 1605 1003 θεσπίζει

90 1035 225 1105 αὐτῷ
248 1034 309 1089 τὸ
328 1034 466 1088 θεῖον
495 1031 732 1102 Πνεῦμα,
748 1032 827 1084 ὅτι
848 1030 908 1100 δὴ
937 1030 1148 1099 ἀσφαλῆ
1178 1030 1351 1084 εἵλατο
1375 1030 1603 1099 φύλακα,

92 1130 173 1181 καὶ
200 1127 366 1199 καλὴν
392 1126 657 1195 ’ἐκτήσατο
674 1123 985 1193 καταφυγὴν
1010 1125 1101 1176 τὸν
1124 1123 1338 1192 Κύριον.
1363 1122 1607 1183 Τοιοῦτον

90 1218 185 1287 γὰρ
217 1216 350 1285 ἔχων
382 1214 570 1284 βοηθὸν
597 1214 689 1266 καὶ
732 1214 1007 1283 πρόμαχον
1038 1213 1131 1267 καὶ
1172 1211 1603 1283 ὑπερασπιστὴν,

90 1307 259 1357 οὐδένα
295 1303 402 1357 τῶν
452 1301 659 1373 ἐχθρῶν
715 1302 1102 1374 φοϐηθήσεται,
1157 1300 1249 1365 ἅτε
1304 1301 1463 1355 αὑτοῦ
1512 1301 1605 1355 τοῦ

90 1397 280 1466 Κυρίου
324 1395 582 1465 ῥυομένου
628 1395 783 1447 αὑτὸν
823 1393 880 1459 ἐξ
924 1392 1192 1446 ἁπάντων.
1238 1390 1345 1444 Καὶ
1396 1390 1499 1461 γὰρ
1542 1392 1606 1445 ἐκ

89 1486 297 1551 παγίδος
336 1483 607 1555 θηρευτῶν
658 1483 908 1549 ὲξελείται
945 1481 1101 1535 αὐτὸν
1123 1517 1138 1543 ,
1181 1480 1275 1535 καὶ
1315 1479 1421 1533 ἀπὸ
1451 1480 1604 1548 λόγου

88 1574 411 1645 ταραχώδους
441 1576 550 1635 τοῖς
596 1572 938 1643 μεταφρένοις
975 1567 1133 1623 αὐτοῦ
1165 1569 1463 1623 ἐπισκιάσει
1507 1570 1603 1623 αὐ-

88 1666 155 1733 τῷ
174 1682 185 1695 ·
217 1666 308 1717 καὶ
340 1666 509 1719 πάντα
529 1664 584 1717 δὲ
603 1663 670 1716 τὰ
702 1662 822 1730 ἑξῆς
846 1659 1287 1730 κατηριθμημένα
1322 1661 1409 1712 ἐπὶ
1431 1660 1603 1714 πάντα

86 1754 169 1803 τὸν
190 1755 244 1807 ὲν
276 1750 492 1823 Χριστῷ
520 1752 720 1819 τέλειον
749 1750 1023 1818 ἄνθρωπον
1053 1746 1455 1816 ἀνενεχθήσεται
1473 1786 1486 1808 ,
1514 1747 1607 1799 καὶ

88 1842 168 1893 ἐπὶ
188 1840 244 1893 τὸ
276 1841 427 1910 σῶμα
462 1841 519 1893 δὲ
548 1838 796 1911 Χριστοῦ,
829 1836 942 1906 ἦτοι
975 1837 1063 1888 τὸν
1092 1837 1153 1887 ὲκ
1187 1835 1396 1888 τελείων
1423 1834 1603 1904 ψυχῶν

1703 667 1955 737 refugium
1980 684 2167 733 meum,
2196 668 2355 732 Deus,
2386 680 2435 722 et
2460 668 2672 735 sperabo
2695 669 2745 721 in
2776 684 2908 723 eum.
2933 668 3053 725 Haec
3074 674 3231 744 quip-

1702 774 1768 828 pe
1793 775 1858 812 ex
1900 758 2133 827 perfecto
2166 766 2219 812 et
2248 760 2459 813 sincero
2480 757 2695 812 ’al‘fectu
2728 758 3011 823 dicentem,
3044 763 3230 818 vatici-

1702 856 1860 902 natur
1888 849 2101 924 divinus
2142 846 2370 917 Spiritus
2401 856 2574 903 tutum
2604 848 2826 918 elegisse
2858 851 3151 915 custodem,
3170 860 3229 913 et

1703 942 1982 1013 pulchrum
2019 942 2319 996 obtinuisse
2366 942 2653 1012 refugium,
2688 945 2891 1000 scilicet
2926 943 3225 1001 Dominum.

1701 1036 1835 1090 Cum
1868 1037 2023 1088 talem
2068 1034 2261 1104 quippe
2318 1033 2633 1102 adjutorem,
2684 1044 3125 1105 propugnatorem
3175 1045 3229 1091 et

1702 1131 2066 1193 protectorem
2108 1118 2299 1177 nactus
2346 1122 2671 1199 sit,nullum
2696 1122 3032 1178 inimicorum
3064 1126 3228 1194 perti-

1702 1222 1922 1277 mescet,
1952 1214 2077 1283 quia
2108 1213 2280 1283 ipsum
2305 1211 2561 1268 Dominus
2588 1229 2653 1267 es
2679 1212 2926 1270 omnibus
2958 1215 3115 1270 eruit.
3137 1214 3229 1269 Et—

1701 1304 1839 1358 enim
1865 1319 1930 1357 ex
1950 1304 2139 1373 laqueo
2170 1304 2478 1359 venantium
2499 1302 2745 1359 liberabit
2768 1319 2909 1367 eum,
2941 1313 2993 1359 et
3014 1320 3045 1359 a
3068 1307 3229 1361 verbo

1701 1393 2029 1458 turbulento,
2060 1395 2295 1464 scapulis
2315 1395 2427 1449 suis
2447 1393 2784 1450 obumbrabit
2812 1397 2859 1450 ei
2888 1414 2900 1449 :
2929 1398 3229 1468 pariterque

1701 1482 1877 1537 omnia
1910 1498 2029 1553 qua:
2076 1484 2177 1539 sub
2220 1485 2334 1538 haec
2366 1492 2733 1547 recensentur,
2781 1486 2847 1540 ad
2887 1488 3127 1555 quemvis
3172 1492 3227 1545 in

1700 1569 1916 1625 Christo
1930 1570 2223 1639 perfectum
2256 1571 2522 1625 hominem
2561 1570 2881 1641 referentur;
2906 1576 3227 1644 itemquead

1700 1674 1895 1729 corpus
1925 1660 2146 1725 Christi,
2180 1660 2422 1717 videlicet
2452 1662 2521 1716 ad
2557 1670 2846 1733 martyrum
2896 1666 3115 1719 chorum
3160 1683 3225 1721 ex

1700 1749 1948 1820 perfectis
1973 1750 2253 1815 animabus
2286 1752 2669 1821 compositum;
2700 1752 2810 1808 sive
2844 1753 2907 1806 ad
2942 1755 3225 1822 perfectam

1702 1838 1993 1894 Ecclesiam
2022 1841 2215 1910 ipsius,
2238 1856 2395 1911 quam
2426 1843 2539 1911 ipse
2570 1842 2673 1899 sibi
2712 1850 2888 1899 astare
2918 1845 3060 1909 fecit,
3080 1847 3226 1901 nulla

90 1929 563 1999 κατεσκευασμένον
612 1927 897 1997 μαρτύρων
947 1926 1129 1993 χορόν*
1179 1926 1211 1993 ἢ
1260 1926 1356 1994 τὴν
1397 1923 1596 1981 τελείαν

1701 1932 1909 1985 macula
1941 1939 2032 1986 aut
2063 1931 2182 1987 labe
2210 1939 2301 1985 aut
2331 1934 2579 2001 quopiam
2616 1933 2778 1989 simili
2828 1934 3085 1989 all‘ectam.
3126 1935 3224 2000 Qui

100 2022 403 2090 Ἐκκλησίαν
430 2020 612 2083 αὐτοῦ,
638 2021 704 2087 ἣν
723 2018 880 2080 αὐτὸς
909 2017 1079 2087 ἑαυτῴ
1108 2019 1495 2087 παρεστήσατο,
1527 2017 1599 2089 μὴ

88 2111 295 2179 ἔχουσαν
328 2111 509 2163 σπῖλον
536 2110 569 2177 ἢ
597 2107 795 2177 ῥυτίδα,
821 2108 855 2176 ἦ
886 2124 937 2159 τι
964 2106 1069 2159 τῶν
1086 2106 1354 2159 τοιούτων.
1391 2106 1447 2159 '0
1475 2106 1601 2174 γοῦν

88 2202 169 2253 ἐπὶ
197 2200 292 2271 τὴν
320 2200 517 2269 πέτραν
542 2197 902 2268 οἰκοδομήσειν
936 2195 1328 2275 ὲπηγγελμέγος
1346 2196 1442 2266 τὴν
1481 2197 1600 2248 Ἐκ-

90 2290 297 2359 κλησίαν
317 2287 498 2353 αὐτοῦ,
521 2287 593 2351 ὡς
620 2288 691 2358 μὴ
715 2287 882 2350 πύλας
911 2286 1034 2358 ᾅδου
1057 2285 1392 2355 κατισχύσειν
1416 2285 1596 2354 αὐτῆς,

90 2377 233 2439 αὐτὸς
277 2378 443 2448 αὐτῆς
487 2376 576 2429 καὶ
626 2376 793 2449 φύλαξ
841 2376 933 2431 καὶ
979 2370 1206 2447 ιρροιίρδς
1248 2375 1415 2437 ἔσται,
1448 2389 1599 2441 περι-

92 2467 321 2535 φράττων
340 2467 505 2537 αὐτὴν
531 2467 622 2520 καὶ
665 2465 1113 2535 ἀσφαλιζόμενος,
1143 2464 1275 2534 πρὸς
1300 2464 1360 2516 τὸ
1397 2463 1470 2533 μὴ
1503 2462 1599 2525 τὰς

90 2556 246 2619 πύλας
273 2545 365 2609 τοῦ
409 2556 534 2628 ᾅδου
587 2555 891 2624 κατισχύειν
918 2555 1103 2624 αὐτῆς.
1154 2554 1243 2606 Διδ
1286 2555 1351 2623 τῇ
1383 2551 1599 2623 τοιαύτῃ

101 2646 406 2716 Ἐκκλησία,
439 2647 530 2699 καὶ
567 2644 642 2713 τῷ
672 2643 891 2714 τοιούτῳ
929 2644 993 2713 δὴ
1025 2643 1257 2715 Χριστοῦ
1314 2642 1597 2714 μαρτύρων

90 2735 248 2806 χορῷ,
280 2735 356 2805 τῷ
383 2734 657 2789 κατοικίαν
692 2735 785 2803 μὲν
825 2732 1080 2807 μηδαμῶς
1132 2732 1301 2802 ἔχοντι
1352 2733 1441 2786 ἐπὶ
1475 2735 1595 2803 γῆς.

90 2824 349 2894 δυναμένῳ
374 2824 431 2877 δὲ
463 2824 657 2891 λέγειν,
700 2820 884 2891 Ἠμῶγ
936 2821 1001 2874 δὲ
1055 2821 1118 2876 τὸ
1167 2823 1487 2891 πολίτευμα
1530 2824 1599 2875 ἐν

91 2911 342 2981 οὐρανοῖς
389 2913 669 2981 ὑπάρχει,
712 2910 1051 2982 λεχθήσεται·
1103 2912 1156 2964 '0
1202 2912 1487 2966 κατοικῶν
1529 2912 1598 2965 ἐν

86 3004 444 3069 βοηθειᾳητοῦ
458 3003 755 3070 Ὑψίστου,
776 3002 1047 3069 ἐνσκέπῃ
1070 3001 1174 3055 τοῦ
1203 3001 1346 3055 Θεοῦ
1373 3000 1479 3054 τοῦ
1495 3002 1593 3055 οὐ·

86 3094 253 3160 ραι·οῦ
269 3094 708 3162 αὐλισθήσεται.
725 3088 833 3146 Εἶτ’
849 3082 1069 3164 ιριῖμὶν
1099 3091 1257 3153 αὐτὸς
1286 3089 1361 3160 τῷ
1387 3090 1593 3162 Κυρίῳ,

90 3182 140 3237 οὗ
166 3186 332 3238 εἵλατο
376 3186 645 3253 κατοικεῖν
679 3181 783 3234 ὑπὸ
812 3182 909 3252 τὴν
939 3181 1140 3253 σκέπην
1162 3197 1176 3213 ·
1218 3181 1595 3249 Ἀντιλήπτωρ

1701 2020 1858 2089 igitur
1878 2020 2169 2075 Ecclesiam
2196 2038 2348 2077 suam
2378 2038 2436 2077 se
2460 2036 2619 2090 supra
2645 2030 2847 2090 petram
2880 2021 3228 2080 fundaturum

1697 2125 1817 2165 esse
1845 2110 2117 2179 pollicitus
2152 2118 2267 2175 est;
2304 2110 2376 2162 ita
2418 2118 2474 2163 ut
2522 2118 2688 2178 porta:
2743 2109 2899 2165 inferi
2951 2128 3225 2181 nunquam

1697 2201 2013 2269 praevaleant
2056 2199 2310 2256 adversus
2348 2215 2485 2264 eam,
2522 2200 2665 2254 illius
2717 2200 2829 2269 ipse
2857 2208 2909 2255 et
2954 2210 3139 2257 custos
3174 2214 3229 2258 et

1698 2290 2060 2359 praesidiarius
2088 2291 2209 2356 erit,
2240 2292 2410 2361 ipsam
2434 2292 2884 2346 circummuniens
2913 2299 2966 2347 et
2995 2295 3220 2359 vallaris,

1696 2397 1765 2436 ne
1794 2392 1956 2452 porta:
1986 2382 2141 2438 inferi
2162 2381 2481 2452 praevaleant
2513 2382 2769 2440 adversus
2794 2399 2931 2439 eam.
2961 2383 3227 2451 Quamob-

1694 2487 1807 2527 rem
1872 2472 2180 2540 hujusmodi
2230 2470 2509 2539 Ecclesiae,
2564 2482 2619 2530 et
2669 2474 2975 2543 hujusmodi
3026 2475 3227 2531 Christi

1697 2568 1989 2631 martyrum
2023 2562 2205 2625 choro,
2256 2564 2347 2632 qui
2388 2564 2756 2619 habitaculum
2788 2565 3003 2632 quidem
3054 2567 3225 2619 nulla—

1695 2661 1852 2709 tenus
1880 2655 1935 2707 in
1966 2662 2107 2711 terra
2140 2654 2337 2719 habet,
2369 2655 2462 2711 sed
2494 2655 2607 2710 haec
2659 2656 2761 2709 fari
2803 2664 2994 2724 potest,
3026 2655 3227 2710 Nostra

1698 2754 1867 2799 autem
1894 2747 2208 2799 conversatio
2235 2746 2287 2797 in
2308 2747 2445 2800 caelis
2465 2754 2539 2801 est
2562 2746 2625 2810 ⁸⁸,
2648 2745 2874 2809 dicetur,
2907 2746 3007 2811 Qui
3026 2746 3223 2801 habitat

1693 2834 1747 2886 in
1768 2834 2027 2903 adjutorio
2066 2834 2342 2897 ditissimi,
2366 2834 2419 2887 in
2450 2844 2733 2903 tegumenta
2756 2822 2848 2889 Dei
2876 2836 2987 2889 cali
3007 2852 3226 2890 commo-

1694 2921 1913 2975 rabitur.
1942 2920 2143 2976 Deinde
2176 2922 2318 2975 dicet
2352 2921 2564 2992 quidem
2590 2924 2705 2991 ipse
2730 2920 2975 2985 Domino,
3010 2921 3109 2975 sub
3129 2936 3223 2975 cu-

1688 3009 1779 3077 jus
1814 3017 2116 3079 legumento
2169 3010 2407 3066 habitare
2437 3012 2724 3080 coeptavit,
2766 3010 3040 3080 Susceptor
3082 3025 3222 3064 meus

1648 3116 1663 3127 ί
1693 3114 1744 3151 es
1786 3109 1835 3151 et
1860 3099 2112 3168 refugium
2139 3112 2326 3164 "reum,
2358 3099 2494 3154 Deus
2519 3116 2680 3167 meus,
2702 3109 2750 3155 et
2772 3101 2985 3169 sperabo
3014 3102 3066 3154 in
3085 3116 3220 3155 eum.

1695 3187 1825 3242 Cum
1855 3196 2030 3242 autem
2086 3188 2245 3253 talem
2296 3188 2568 3244 custodem
2618 3198 2809 3245 nactus
2842 3191 2933 3255 sit,
2981 3197 3032 3244 et
3063 3191 3223 3245 talem

86 3292 186 3344 μου
213 3272 271 3329 εἴ
291 3278 387 3329 καὶ
410 3273 713 3342 καταφυγή
737 3272 872 3342 μου,
900 3275 932 3326 ό
960 3273 1099 3337 Θεὸς
1120 3289 1257 3340 μου,
1292 3273 1388 3327 καὶ
1414 3273 1594 3327 suum

1697 3277 1797 3332 sibi
1829 3284 2152 3333 servatorem
2194 3286 2247 3330 et
2287 3275 2578 3345 adjutorem
2605 3278 2936 3345 ascripserit,
2978 3278 3116 3332 dicet
3146 3279 3223 3331 illi

88 3366 166 3415 ἐπ’
192 3366 388 3418 αὐτόν.
414 3363 748 3433 κτησαμένῳ
770 3363 826 3416 δὲ
854 3362 998 3434 αύτῷ
1016 3362 1247 3416 τοιοῦτον
1273 3363 1482 3431 φύλακα
1504 3365 1594 3419 καὶ

88 3454 301 3506 τοιοῦτον
349 3456 564 3525 σωτῆρα
608 3454 700 3507 καὶ
735 3452 921 3523 βοηθὸν
951 3444 1371 3524 επιγραψαμένῳ
1405 3454 1593 3525 λεχθή-

91 3562 220 3597 σεται
246 3546 347 3599 ὑπὸ
371 3544 463 3597 τοῦ
499 3546 642 3598 θείου
688 3544 1015 3613 Πνεύματος,
1049 3545 1123 3606 ὡς
1158 3545 1263 3613 ἄρα
1293 3544 1375 3612 εἴη
1430 3544 1593 3615 καλὴν

88 3632 361 3701 εὑράμενος
398 3620 573 3700 ἑαυτῷ
605 3628 794 3701 μερίδα
824 3630 916 3684 καὶ⁹
967 3632 1139 3699 τεῖχος
1186 3630 1403 3700 ὀχυρὸν,
1436 3632 1594 3689 ὅπλον

88 3738 139 3773 τε
165 3723 362 3792 ἄμαχον
387 3722 475 3775 τὸν
512 3721 700 3775 ἑαυτοῦ
748 3722 967 3793 Κύριον.
999 3721 1194 3777 Τοῦτον
1224 3722 1328 3794 γὰρ
1364 3721 1499 3791 ἔχων
1536 3723 1592 3776 ὲν

89 3810 297 3876 ἀσφαλεῖ
339 3812 431 3864 καὶ
475 3812 785 3891 ἀμερίμνως
829 3812 1053 3883 οίκήσει,
1095 3812 1187 3867 ἆτε
1230 3812 1488 3866 κατοικῶν
1536 3814 1593 3865 ὲν

1699 3367 1930 3437 Spiritus
1959 3368 2189 3430 divinus,
2221 3368 2475 3437 optimam
2528 3367 2701 3436 ipsum
2734 3368 3029 3436 portionem
3096 3369 3219 3424 ade-

1697 3469 1845 3531 ptum
1879 3476 2018 3523 esse,
2046 3475 2259 3514 murum
2279 3458 2655 3529 ﬁrmissimum,
2677 3459 3080 3528 inexpugnabile
3100 3476 3225 3514 scu-

1696 3557 1831 3612 tum,
1858 3548 2063 3602 scilicet
2092 3548 2370 3602 Dominum
2410 3563 2585 3603 suum.
2619 3546 2770 3601 Hunc
2788 3548 2981 3616 quippe
3007 3557 3217 3611 nactus,

1691 3640 1747 3695 in
1777 3646 1891 3694 tuto
1919 3647 1971 3693 et
1996 3640 2110 3694 sine
2147 3638 2504 3697 sollicitudine
2533 3637 2707 3707 deget,
2738 3644 2921 3707 utpote
2946 3637 3034 3706 qui
3066 3637 3218 3691 habi-

1692 3736 1767 3783 tet
1810 3728 1864 3780 in
1904 3725 2169 3794 adiutorio
2216 3727 2497 3793 Altissimi,
2524 3735 2579 3784 et
2614 3728 2670 3782 in
2711 3734 3015 3798 tegumenta
3070 3726 3219 3784 fortis

1692 3819 2065 3869 commoretur.
2275 3834 2279 3839 ‘

90 3901 285 3973 βοηθείᾳ
306 3902 397 3956 τοῦ
453 3903 715 3972 Ὑψίστου,
769 3904 863 3957 καὶ
895 3905 953 3958 ἐν
989 3903 1162 3975 σκέπῃ
1203 3903 1291 3956 τοῦ
1349 3904 1527 3959 ἱκανοῦ
1569 3904 1923 3975 αὐλιζόμενος.

150 3997 204 4048 Et
237 3997 360 4065 γοῦν
388 4012 532 4057 ποτε,
570 3997 748 4067 φησιν,
788 3998 834 4063 oi
872 3995 979 4049 τῶν
1022 3994 1364 4067 ἀνθρωπείων
1410 3996 1592 4066 ψυχῶν

90 4083 321 4155 θηρευταὶ
342 4126 357 4151 ,
392 4087 610 4153 ᾁφανεῖς
655 4086 745 4139 καὶ
795 4084 1008 4158 ἀόρατοι
1053 4084 1301 4158 δυνάμεις
1348 4086 1483 4139 κατὰ
1535 4088 1594 4141 τὸ

90 4173 295 4242 σύνηθες
341 4174 518 4234 αὐτοῖς
565 4173 798 4240 παγίδας
856 4156 1118 4244 λαθραίως
1168 4156 1589 4241 ὲγίρύπτοντες,

89 4261 453 4331 προδάλλεσθαι
483 4262 619 4316 κατὰ
653 4261 744 4316 σοῦ
767 4264 1045 4335 πειρῷντο,
1072 4263 1217 4316 οὐδὲν
1249 4267 1425 4329 αὐτοῖς
1446 4265 1593 4320 ἔσται

88 4351 254 4404 πλέον’
283 4353 365 4406 ὅτι
408 4350 565 4416 αὐτὸς
594 4353 792 4423 Κύριος
820 4354 1035 4424 ῥύσεταί
1070 4360 1127 4407 σε
1160 4354 1223 4406 ὲκ
1244 4355 1469 4423 παγίδος
1500 4356 1594 4427 θη-

91 4443 290 4510 μυτῶν,
325 4444 384 4499 Ἠ
415 4443 590 4512 παγίς
618 4445 948 4514 συνετρίϐη,
991 4445 1089 4499 καί
1114 4444 1281 4514 ἡμεῖς
1306 4447 1589 4515 ἐρῤύσθη-

1767 3996 1825 4055 Si
1850 3999 2029 4067 itaque
2048 3996 2144 4062 illi,
2175 4004 2268 4059 ait,
2291 3996 2643 4051 humanarum
2670 4012 2961 4052 animarum
3006 4007 3217 4051 venato-

1697 4107 1805 4155 res,
1829 4088 2119 4145 invisibiles
2136 4088 2339 4147 scilicet
2362 4096 2414 4143 et
2441 4088 2663 4142 occultas
2684 4088 2931 4153 virtutes,
2957 4103 3054 4158 pro
3074 4102 3220 4142 more

1696 4182 1854 4242 solito
1881 4181 2097 4250 laqueos
2128 4180 2264 4233 clam
2306 4179 2657 4243 occultantes,
2688 4184 2741 4232 te
2778 4192 3009 4249 unquam
3038 4191 3220 4248 aggre-

1695 4257 1930 4334 diantur,
1974 4268 2106 4324 nihil
2154 4268 2388 4345 proderit
2437 4267 2541 4322 illis
2580 4286 2595 4321 :
2639 4268 2761 4336 quia
2808 4268 2921 4338 ipse
2966 4267 3219 4320 Dominus

1692 4368 1844 4417 eruet
1874 4369 1925 4415 te
1938 4359 2002 4414 de
2032 4359 2220 4430 laqueo
2247 4359 2575 4423 venantium,
2600 4356 2831 4426 Laqueus
2856 4357 3105 4410 contritus
3120 4365 3217 4421 est,

1693 4460 1740 4511 et
1770 4466 1860 4504 nos
1892 4448 2095 4505 liberati
2122 4464 2299 4511 sumus
2331 4449 2395 4502 ⁶⁹.
2438 4447 2589 4514 Quod
2631 4449 2675 4503 si
2719 4460 2839 4501 eum
2885 4446 3219 4501 sermonibus

86 4547 199 4597 μεν.
228 4533 288 4585 Et
313 4533 371 4600 δὲ
416 4532 511 4585 καὶ
545 4528 997 4601 λόγόιςθορυδείν
1039 4522 1353 4601 ἐπιχειροῖεν
1425 4532 1590 4595 ίέντες

1695 4555 1907 4610 quoque
1948 4540 2165 4593 turbare
2194 4538 2544 4601 tentaverint,
2588 4537 2874 4606 impietatis
2932 4550 3043 4591 sum
3074 4538 3219 4592 virus

90 4622 273 4677 ἑαυτῶν
291 4623 381 4677 τὸν
400 4625 497 4693 τῆς
514 4621 672 4675 ἀσεὸε
680 4621 758 4683 ίας
786 4620 860 4675 ίὸν
879 4621 964 4674 διὰ
984 4625 1081 4693 τῆς
1104 4622 1304 4675 ἑαυτῶν
1326 4620 1589 4692 γλώσσης,

89 4713 205 4766 ἀλλὰ
234 4714 325 4768 καὶ
356 4714 553 4776 τούτων
596 4712 770 4767 αὐτῶν
811 4709 1016 4779 πάλιν,ό
1050 4713 1247 4784 Κύριος
1272 4709 1477 4785 ἀδλαδῆ
1503 4712 1592 4766 τὸν

89 4804 259 4857 ἑαυτοῦ
275 4803 547 4876 ἄνθρωπον
568 4800 929 4871 φυλάξει.”1νᾳ
954 4801 1027 4872 μὴ
1055 4804 1085 4855 ό
1116 4803 1346 4873 φλογμὸς
1373 4800 1464 4854 τοῦ
1487 4802 1593 4859 τῶν

89 4891 361 4961 ἀνθρώπιον
380 4892 493 4963 βίου
524 4892 617 4944 καὶ
646 4891 675 4943 ό
696 4889 999 4959 τῆςκακίας
1038 4891 1271 4955 καύσων,
1298 4891 1387 4943 ἐπὶ
1408 4890 1591 4957 ,πλεῖον

88 4980 383 5048 ὲκκαυθεὶς,
420 4982 590 5055 ἐξάψῃ
616 4982 683 5035 τὰ
725 4982 866 5037 κακὰ
904 4979 1039 5033 κατὰ
1072 4980 1165 5033 τοῦ
1207 4968 1593 5050 τῆςεύσεϐείας

93 5072 564 5144 ἅθλητοῦ,θεσπίζει
578 5074 794 5142 φάσκων
820 5074 844 5126 δ
868 5070 1020 5140 λόγος
1053 5071 1195 5141 αὐτῷ
1209 5089 1223 5102 ο
1242 5073 1334 5123 Ἐν
1354 5070 1474 5135 τοῖς
1486 5085 1591 5145 με·

90 5163 370 5231 ταφρένοις
424 5148 605 5217 αὐτοῦ
648 5162 981 5219 ἐπισκιάσει
1027 5178 1125 5218 σοι
1142 5201 1156 5223 ,
1200 5162 1298 5228 καὶ
1330 5160 1444 5216 ὑπὸ
1483 5160 1589 5228 τὰς

88 5253 357 5323 πτέρυγας
379 5252 563 5312 αὐτοῦ
593 5251 907 5318 amatam
931 5252 987 5306 δὲ
1014 5250 1106 5305 καὶ
1138 5249 1403 5320 πολεμίων
1429 5249 1585 5321 στίφη

89 5344 428 5415 πεπυρωμένα
456 5344 558 5420 ,καὶ
582 5342 923 5413 θανατηφόρα
943 5341 1067 5413 βέλη
1090 5340 1256 5407 λόγων
1276 5340 1477 5407 ψευδῶν
1496 5340 1590 5402 καὶ

89 5434 173 5502 τῆς
189 5436 430 5507 ἀληθείας
447 5434 696 5489 δναντίων
712 5433 973 5497 ἀκοντίζω
988 5431 1125 5486 κατὰ
1141 5429 1233 5483 τοῦ
1250 5430 1402 5498 δηλου
1411 5430 1589 5499 μένου,

90 5524 229 5590 αὐτὸς
254 5527 347 5598 μὲν
386 5512 640 5595 ήσυχάσει
672 5524 817 5593 νόμῳ
854 5523 983 5593 θείῳ
1029 5522 1329 5592 πειθαρχῶν
1364 5522 1584 5593 λέγοντι·

93 5610 279 5680 Κύριος
312 5612 633 5683 πολεμήσει
665 5611 815 5679 ὑπὲρ
847 5610 1009 5679 ὑμῶν
1026 5651 1044 5675 ,
1082 5612 1179 5666 καὶ
1218 5610 1381 5679 ὑμεῖς
1418 5610 1587 5680 σιΤή“

152 5763 193 5797 ⁸⁸
225 5763 413 5830 Philip.
452 5781 542 5833 ιιι,
572 5764 659 5819 20.
736 5764 775 5796 τ’
820 5760 961 5819 I’sal.
996 5777 1157 5820 cum
1180 5804 1193 5827 ,
1228 5764 1273 5816 7Δ

1693 4628 1871 4698 lingua
1925 4629 2258 4692 emittentes,
2320 4627 2403 4688 his
2459 4627 2617 4682 etiam
2669 4625 2891 4681 illasum
2951 4626 3217 4679 hominem

1691 4732 1845 4777 suum
1876 4715 2130 4771 Dominus
2161 4716 2411 4771 servabit.
2439 4714 2517 4769 Ac
2550 4730 2615 4770 ne
2642 4716 2887 4771 humana
2919 4716 3038 4770 vita
3055 4722 3218 4769 aestus

1689 4815 1743 4862 et
1772 4807 1929 4861 ardor
1945 4804 2173 4859 malitia:
2203 4804 2369 4875 magis
2416 4805 2691 4875 magisque
2717 4806 2997 4867 incensus,
3031 4811 3215 4858 contra

1688 4893 1899 4967 pietatis
1930 4891 2179 4945 athletam
2192 4891 2332 4945 mala
2348 4893 2659 4958 succendat,
2684 4893 2797 4948 hare
2821 4907 2994 4948 sermo
3010 4890 3111 4956 ipsi
3126 4905 3215 4943 va-

1688 4982 1960 5036 ticinatur:
1979 4977 2046 5032 In
2072 4978 2296 5045 scapulis
2314 4981 2422 5034 suis
2443 4980 2765 5042 obumbrabit
2788 4982 2962 5044 tibi,et
2977 4979 3067 5032 sub
3096 4994 3216 5032 nen-

1690 5070 1769 5125 nis
1792 5070 1900 5137 ejus
1922 5068 2171 5135 sperabis.
2191 5067 2343 5139 Quod
2360 5070 2406 5125 si
2440 5070 2776 5125 inimicorum
2800 5068 3031 5139 agmina,
3051 5069 3214 5139 ignita

1690 5168 1743 5217 et
1788 5158 2029 5214 lethil‘era
2077 5159 2413 5214 mendacium
2444 5166 2650 5215 etcum
2691 5174 2818 5214 vero
2862 5160 3211 5229 pugnantium

1692 5263 1995 5305 sermonum
2015 5250 2117 5305 tela
2140 5251 2453 5320 jaculentur_
2464 5250 2719 5306 adversus
2739 5256 3085 5303 memoratum
3118 5250 3211 5303 ho-

1704 5341 1906 5403 ninem,
1936 5340 2025 5395 ille
2050 5341 2265 5411 quidem
2289 5342 2549 5409 quiescet,
2579 5338 2773 5393 divina:
2813 5340 2915 5411 legi
2944 5341 3209 5407 obtempe-

1697 5446 1819 5485 .'ans
1848 5445 1965 5499 qua:
1992 5430 2067 5483 ait
2116 5449 2129 5486 :
2178 5430 2427 5485 Dominus
2455 5444 2547 5497 pro
2575 5429 2713 5484 vobis
2756 5429 3020 5499 pugnabit,
3050 5438 3099 5481 et
3128 5445 3211 5482 vos

1691 5520 1923 5573 tacebitis
1980 5534 1997 5571 :
2054 5525 2352 5588 Opportune
2406 5528 2581 5574 autem
2642 5518 2744 5589 ipsi
2775 5519 2969 5573 dicitur
3004 5512 3212 5573 {Scuto

1694 5610 2023 5665 circumdabit
2066 5596 2117 5664 te
2146 5610 2333 5677 veritas
2387 5609 2518 5683 ejus.
2580 5609 2695 5681 ipsa
2746 5623 2973 5683 namque
3014 5607 3208 5665 Christi
