3976 6356
718 436 854 491 ll"

1379 435 1645 495 EUSEBII
1680 422 2151 494 CAESARIENSIS
2186 435 2268 493 οι)

2379 434 2562 494 rans
2597 435 2683 492 ιιι.
2721 418 2799 479 —'
2828 435 3235 496 exessum.

3762 438 3874 494 ms

718 547 978 604 doctrinae
1008 548 1225 613 veritas,
1251 548 1505 607 virtutem
1544 564 1791 620 magnam
1827 548 2095 613 obtinens,
2132 562 2254 602 eum

2366 552 2536 604 σεσθε
2556 566 2569 581 ·
2603 549 2919 622 λεχθήσεται
2952 550 3009 604 δὲ
3030 550 3174 619 αύτῷ
3192 549 3330 604 κατὰ
3355 548 3547 622 καιρὸν
3569 547 3659 614 τὸ,
3702 549 3879 619 ὐιλφ

719 641 1150 704 circummuniet,
1187 642 1241 711 in
1291 642 1523 695 circuitu
1552 642 1727 710 posita
1768 654 1830 695 ac
1871 648 2027 694 scuto
2076 648 2259 710 tegens

719 744 839 794 suo,
871 737 928 783 ut
955 746 1038 793 ne,
1061 730 1547 794 .accedentenocte,
1583 737 1638 784 et
1672 729 1908 783 tenebris
1935 728 2141 791 offusis,
2172 744 2263 784 re—

720 819 967 876 formidet
1008 821 1117 883 ille,
1152 827 1245 874 aut
1277 836 1386 888 pra:
1416 828 1557 876 metu
1586 821 1862 887 turbetur;
1910 836 2083 891 neque
2119 820 2262 890 pari-

720 919 802 967 ter
820 914 877 967 in
918 912 1006 968 die
1036 912 1275 977 immissa
1307 913 1411 967 tela
1448 922 1670 968 metuat.
1704 912 1803 967 Per
1834 922 2045 968 noctem
2084 920 2262 966 autem

717 1011 770 1059 et
799 1004 1048 1059 tenebras
1103 1003 1425 1059 calamitatis
1460 1011 1703 1074 tempora
1731 1003 2020 1073 significat,
2058 1002 2115 1056 in
2144 1003 2267 1071 qui-

717 1092 821 1150 bus
851 1094 985 1167 nihil
1022 1093 1494 1147 reformidaturum
1525 1094 1601 1146 ait
1624 1108 1747 1147 eum
1776 1133 1792 1160 ,
1815 1094 1907 1162 qui
1942 1099 2097 1147 scuto
2122 1090 2265 1145 veri-

717 1189 846 1243 tatis
877 1186 1355 1242 circummunietur
1389 1206 1402 1239 :
1435 1200 1532 1255 pa-
1578 1185 1720 1239 diem
1778 1199 1925 1249 vero,
1976 1184 2262 1253 tranquilla

718 1266 777 1328 et
800 1278 989 1342 pacata
1016 1278 1258 1341 tempora
1288 1270 1505 1334 indicat,
1538 1270 1592 1324 in
1615 1270 1812 1340 quibus
1850 1270 2051 1325 inimici
2086 1269 2265 1325 nostri

718 1351 942 1434 sagittas
974 1366 1185 1419 eminus
1215 1364 1479 1427 volantes,
1508 1363 1823 1433 blasphema
1867 1377 2058 1433 nempe
2084 1372 2139 1417 et
2170 1361 2263 1415 im-

719 1457 809 1527 pia
843 1457 1006 1520 dicta,
1034 1457 1091 1511 in
1124 1471 1223 1511 nos
1255 1455 1502 1511 emittere
1542 1456 1736 1510 solent.
1766 1454 1899 1510 Nam
1928 1455 2263 1526 persecutio-

719 1532 850 1603 num
878 1557 1121 1620 tempore
1149 1563 1256 1602 non
1291 1548 1501 1604 eminus
1542 1548 1649 1603 tela
1685 1546 1925 1613 mittunt,
1964 1547 2057 1602 sed
2096 1548 2264 1602 comi-

719 1659 821 1699 nus
848 1644 1106 1714 impetum
1137 1643 1416 1705 facientes,
1445 1657 1545 1698 nos
1571 1642 1853 1697 universos
1875 1642 2153 1707 devorare,
2175 1648 2264 1696 ut-

719 1743 842 1807 pote
888 1742 1118 1790 mortem
1168 1740 1478 1802 expetentes
1526 1741 1764 1789 nostram
1791 1774 1807 1799 ,
1854 1741 2149 1797 conantur;
2203 1739 2263 1785 ut

2360 641 2654 695 κυκλώσει
2684 656 2759 696 σε
2786 644 2824 711 ἡ
2852 640 3097 711 ἀλήθεια
3125 640 3326 696 αὐτοῦ.
3398 640 3538 711 Αὕτη
3571 640 3680 711 γὰρ
3707 641 3739 711 ἡ
3766 638 3876 711 ἀλή-

2360 731 2479 786 θεια
2506 732 2612 785 τῶν
2635 734 2865 804 Χριστοῦ
2894 734 3195 804 δογμάτων,
3214 733 3449 804 μεγάλην
3479 730 3779 803 κεκτημένη
3804 732 3876 784 δύ-

2359 842 2519 895 ναμιν
2543 865 2557 889 ,
2614 826 2704 879 τὸν
2757 826 2944 896 ἔχοντα
2997 825 3162 897 αὐτὴν
3212 824 3532 896 περιφράξει
3555 865 3570 891 ,
3642 822 3877 879 κυκλοῦοα

2360 917 2552 982 αὑτὸν,
2586 918 2680 970 καὶ
2719 917 3112 988 περιϐάλλουσα
3142 916 3220 988 τῷ
3256 917 3448 987 ἑαυτῆς
3476 916 3626 986 ὅπλῳ
3648 956 3664 981 ,
3697 913 3877 985 πρδςτδ

2365 1009 2497 1080 μήτε
2524 1010 2710 1071 νυκτὸς
2737 1008 3079 1081 ἐπελθούσης,
3109 1012 3241 1081 μήτε
3263 1010 3475 1072 σκοτίας
3499 1006 3876 1077 καταλαὸούσης

2360 1099 2607 1165 δεδιέναι,
2641 1100 2761 1171 μηδ’
2790 1100 2893 1154 ὑπὸ
2920 1101 3095 1170 φόϐων
3123 1100 3508 1172 ταράττεσθαι,
3546 1101 3683 1170 μήτε
3713 1098 3807 1153 τῶν
3831 1101 3877 1151 ὲν

2361 1189 2541 1261 ἡμέρᾳ
2584 1191 2944 1262 πεμπομένων
2985 1189 3151 1261 βελῶν
3180 1190 3492 1262 φροντίζειν.
3556 1189 3714 1262 Δηλοῐ
3734 1189 3787 1242 δὲ
3807 1189 3877 1242 διὰ

2364 1281 2461 1352 μὲν
2491 1282 2590 1353 τῆς
2620 1282 2808 1346 νυκτὸς
2833 1282 2925 1335 καὶ
2956 1283 3053 1353 τῆς
3088 1284 3305 1347 σκοτίας
3332 1285 3457 1346 τοὺς
3492 1280 3877 1354 περιστατικους

2360 1372 2579 1444 καιροὺς
2598 1413 2612 1437 ν
2653 1375 2771 1428 καθ’
2800 1374 2894 1439 οῦς
2916 1392 3047 1446 φησι
3074 1376 3235 1448 μηδὲν
3268 1376 3664 1448 φοϐηθήσεσθαι
3688 1376 3771 1428 τὸν
3793 1376 3878 1427 ὑπὸ

2358 1464 2451 1518 τοῦ
2476 1465 2572 1536 τῆς
2598 1465 2850 1536 ἀληθείας
2874 1465 3037 1520 ὅπλου
3059 1467 3566 1539 περιπεφραγμένον
3582 1484 3599 1499 ο
3626 1465 3713 1519 διὰ
3733 1466 3786 1518 δὲ
3798 1466 3878 1536 τῆς

2359 1556 2569 1626 ἡμέρας
2593 1557 2717 1618 τοὺς
2746 1558 2802 1610 ὲν
2822 1556 3028 1628 γαλήνῃ
3058 1559 3150 1613 καὶ
3181 1558 3329 1629 εὐδίᾳ
3352 1558 3443 1610 καὶ
3468 1559 3714 1629 είρηνικῇ
3742 1574 3880 1612 κατα·

2362 1646 2565 1710 στάσει,
2600 1646 2719 1700 καθ’
2737 1646 2829 1711 οὓς
2859 1648 3134 1719 πόρρωθεν
3167 1647 3289 1719 βέλη
3318 1647 3586 1718 πετόμενα
3614 1646 3730 1701 καθ’
3751 1648 3880 1718 ἡμῶν

2363 1736 2595 1808 πέμπειν
2645 1737 2893 1793 εἰώθασιν
2937 1743 2985 1794 οί
3020 1740 3235 1811 ἐχθροὶ,
3271 1740 3391 1804 τοὺς
3438 1739 3778 1811 βλασφήμους
3806 1742 3881 1791 καὶ

716 1826 1008 1897 aliquando
1052 1825 1141 1880 ille
1172 1839 1296 1879 eum
1328 1825 1502 1893 potuit
1531 1823 1826 1880 devoravit.
1864 1823 1934 1877 At
1979 1838 2077 1879 nos
2107 1829 2262 1879 scuto

2366 1828 2572 1894 ἀσεϐεῖς
2602 1821 2807 1883 έαυτῶν
2833 1828 3035 1899 λόγους.
3064 1829 3220 1884 Κατὰ
3245 1829 3351 1901 γὰρ
3375 1831 3501 1893 τοὺς
3527 1829 3633 1883 τῶν
3657 1828 3881 1898 διωγμῶν

716 1894 826 1988 iam
849 1922 1145 1971 memorato
1173 1916 1421 1986 protecti,
1451 1915 1694 1971 dicem‘us
1721 1933 1735 1970 :
1765 1913 1891 1970 Nisi
1915 1916 2039 1985 quia
2079 1913 2263 1969 Dami~

2366 1920 2600 1992 καιροὺς,
2629 1922 2691 1975 οὐ
2713 1894 3405 1993 πόρρωθενὲστῶτεςβέλη
3432 1920 3733 1990 πέμπουσιν
3751 1894 3882 1981 ,ἡ

717 2026 816 2063 nus
855 2018 962 2064 erat
994 2009 1047 2063 in
1080 2010 1245 2071 nobis,
1278 2025 1397 2062 eum
1438 2015 1771 2078 exsurgerent
1804 2007 2034 2062 homines
2064 2008 2117 2061 in
2143 2025 2259 2075 nos,

718 2099 854 2168 forte
883 2100 1016 2154 vivos
1053 2100 1388 2172 deglutissent
1426 2115 1518 2153 nos
1544 2100 1612 2155 '°.
1662 2098 1845 2169 Neque
1889 2107 2048 2155 nocte
2099 2100 2263 2171 igitur

719 2199 886 2260 nequr
946 2191 1183 2245 interdiu
1226 2189 1358 2259 quid
1400 2198 1589 2245 contra
1626 2205 1725 2245 nos
1762 2198 2016 2260 poterunt
2057 2190 2262 2245 inimici

719 2283 889 2337 nostri
918 2288 1138 2352 propter
1183 2279 1467 2334 Dominum
1498 2288 1947 2351 propugnatorem
1995 2287 2260 2337 nostrum.

719 2370 900 2439 Quare
931 2370 1135 2424 dictum
1173 2377 1257 2425 est
1284 2388 1297 2424 :
1329 2367 1451 2422 Non
1483 2369 1681 2423 timebis
1716 2387 1748 2422 a
1778 2371 1960 2423 timore
1986 2378 2260 2434 nocturno,

719 2481 757 2519 α
804 2464 997 2533 sagitta
1037 2463 1241 2517 volante
1267 2463 1321 2515 in
1346 2463 1449 2526 die,
1492 2478 1526 2516 a
1566 2462 1764 2532 negotio
1796 2463 2182 2530 perambulante
2211 2464 2266 2516 in

721 2554 972 2619 tenebris;
1006 2554 1116 2609 imo
1141 2568 1314 2623 neque
1342 2570 1375 2607 a
1403 2555 1558 2607 ruina
1594 2561 1644 2608 et
1678 2553 1934 2608 daemonio
1976 2554 2264 2609 meridiano

720 2648 1047 2703 timebimus.
1084 2647 1235 2714 Quod
1262 2647 1309 2701 si
1337 2646 1502 2700 millia
1529 2652 1583 2701 et
1610 2645 1792 2701 decem
1823 2641 2012 2709 millia,
2038 2647 2151 2701 sive
2181 2646 2266 2700 in-

721 2739 1012 2794 visibilium
1057 2753 1152 2793 seu
1180 2737 1474 2792 visibilium
1527 2736 1869 2790 inimicorum
1914 2742 1966 2790 et
2012 2735 2264 2799 hostium,

2362 2014 2587 2083 ἐγγύθεν
2620 2014 2926 2086 ὁρμῶντες,
2961 2014 3417 2085 καταπωῖνσὴμᾶς
3447 2012 3600 2077 ὅλους
3634 2006 3720 2067 οἷα
3743 2010 3883 2066 θανά-

2359 2121 2454 2157 του
2486 2103 2625 2172 φίλοι
2656 2104 2945 2175 πειρῶνται
2968 2122 2989 2141 ·ν
3014 2105 3072 2168 ὃς
3094 2104 3317 2158 κατέπιε
3346 2104 3467 2173 τότε
3493 2104 3731 2173 ἰσχύσας.
3765 2101 3884 2154 Ἀλλ’

2362 2197 2518 2266 ἡμεῖς
2548 2213 2610 2265 γε
2633 2234 2648 2261 ,
2680 2196 2757 2267 τῷ
2786 2197 3070 2267 δηλωθέντι
3106 2187 3252 2266 ὅπλῳ
3288 2195 3721 2267 πεφυλαγμένοι,
3748 2192 3884 2265 έροῦο

2367 2304 2464 2357 μεν
2483 2303 2496 2317 ⁸
2547 2290 2613 2341 El
2638 2287 2721 2356 μὴ
2754 2278 2841 2340 ὅτι
2873 2287 3085 2355 Κύριος
3107 2283 3186 2357 ἦν
3208 2286 3279 2340 ἐν
3301 2285 3463 2355 ἡμῖν,
3491 2284 3661 2350 ἐν.τῷ
3687 2284 3885 2338 ἐπανα-

2362 2375 2576 2444 στῆναι
2601 2376 2945 2444 ἀνθρώπους
2966 2376 3060 2444 1950’-
3087 2373 3243 2444 ἡμᾶς
3261 2414 3276 2438 ,
3310 2374 3426 2443 ἆρα
3446 2372 3663 2439 ζῶντας
3694 2372 3766 2427 ἂν
3797 2388 3886 2426 κα-

2362 2469 2565 2523 τέπιον
2593 2468 2767 2538 ἡμᾶς.
2797 2468 2918 2524 ούτ’
2947 2465 3038 2522 οὖν
3068 2468 3279 2540 ἡμέρας
3301 2466 3423 2521 οὕτε
3451 2466 3642 2528 νυκτὸς
3666 2465 3885 2537 δυνήσονο

2362 2560 2449 2614 ταί
2465 2578 2517 2614 τι
2540 2559 2659 2614 καθ’
2682 2560 2835 2631 ἡμῶν
2852 2562 2900 2613 oi
2918 2560 3098 2632 ἐχθροὶ
3118 2560 3203 2614 διὰ
3221 2560 3311 2613 τὸν
3328 2556 3735 2632 ὑπερμαχοῦντα
3753 2556 3887 2627 ἡμῶν

2363 2649 2581 2721 Κύριον.
2651 2650 2740 2703 Διὸ
2787 2641 3059 2704 λέλεκται’
3109 2652 3191 2704 Οὐ
3237 2650 3547 2719 φοϐηθήσῃ
3724 2647 3887 2717 φόϐου

2363 2742 2726 2809 νυκτερινοῦ,
2749 2742 2863 2796 ἀπὸ
2892 2742 3119 2807 βέλους
3145 2740 3468 2810 πετομένου
3500 2739 3750 2808 ἡμέρας,
3787 2736 3889 2791 ἀπὸ

722 2837 913 2885 contra
950 2828 1162 2883 Christi
1186 2827 1443 2898 papulum
1483 2834 1538 2882 et
1582 2833 1769 2881 contra
1817 2824 2110 2880 Ecclesiam
2148 2826 2268 2895 ejus

2366 2830 2698 2902 πράγματος
2726 2832 2795 2885 ἐν
2821 2834 3021 2893 σκότει
3060 2830 3555 2901 διαπορευομένου
3573 2848 3588 2859 ·
3640 2828 3747 2883 ἀλλ’
3787 2827 3889 2880 οὐδὲ

721 2919 1148 2979 insurrexerint;
1176 2932 1362 2972 omnes
1392 2932 1522 2972 sane
1545 2932 1651 2970 una
1676 2916 1847 2971 virtus
1876 2916 1994 2984 ejus
2022 2932 2127 2970 uno
2152 2932 2267 2973 mo-

2366 2922 2481 2976 ἀπὸ
2536 2923 2964 2992 συμπτώματος
3010 2921 3105 2976 καὶ
3156 2920 3458 2991 δαιμονίου
3511 2917 3890 2989 μεσημϐρινοῦ

722 3017 908 3065 mento
930 3009 1204 3075 destruet,
1236 3016 1295 3061 ut
1334 3021 1432 3061 nos
1463 3006 1595 3077 ipsis
1631 3008 1803 3064 oculis
1830 3007 2122 3063 vindictam
2153 3023 2268 3079 per-

2366 2990 2798 3082 φοὸηθησόμεθα.
2854 3012 2918 3065 Et
2947 3011 3004 3065 δὲ
3036 3009 3129 3065 καὶ
3157 2990 3387 3083 χιλιάδες
3415 3010 3508 3064 καὶ
3542 3009 3789 3082 μυριάδες
3812 3012 3887 3060 ἀο-

722 3100 1041 3171 spiciamus.
1084 3096 1209 3154 Ideo
1255 3098 1451 3156 dicitur
1488 3116 1501 3154 :
1553 3090 1916 3153 Verumtamen
1948 3099 2113 3153 oculis
2165 3100 2266 3155 tuis

2367 3101 2542 3171 ράτων
2568 3100 2601 3172 ἢ
2627 3102 2721 3155 καὶ
2755 3102 2959 3173 ὁρατῶν
2990 3103 3195 3175 ἐχθρῶν
3222 3104 3315 3157 καὶ
3349 3102 3618 3173 πολεμίων
3651 3100 3785 3154 κατὰ
3811 3099 3890 3151 τοῦ

724 3189 1100 3256 considerabis,
1140 3190 1263 3243 etin
1290 3189 1677 3243 retributionem
1700 3199 2025 3258 peccatorum
2051 3188 2263 3246 videbis.

2366 3177 2494 3244 λαοῦ
2539 3189 2632 3244 τοῦ
2683 3193 2915 3264 Χριστοῦ
2954 3197 3055 3265 καὶ,
3077 3177 3216 3250 κατὰ
3254 3196 3352 3268 τῆς
3388 3192 3708 3265 Ἐκκλησίας
3749 3191 3891 3246 αὑτοῦ

723 3281 834 3337 Nos
878 3289 1054 3337 autem
1106 3282 1373 3337 sermonis
1410 3281 1690 3336 veritatem
1738 3283 1855 3353 ipsa
1900 3283 2265 3352 exemplorum

2370 3282 2747 3347 ὲπανασταῖεν,
2775 3283 2909 3338 ἀλλὰ
2937 3286 3031 3339 καὶ
3068 3285 3272 3350 πάντας
3293 3285 3501 3356 ἀθρόως
3523 3282 3658 3354 ὁμοῦ
3688 3283 3779 3334 καὶ
3804 3281 3891 3333 πᾶν

724 3371 1166 3440 interpretatione
1186 3370 1543 3440 percepimus,
1566 3379 1855 3440 conspecto
1881 3370 2046 3426 variis
2066 3379 2268 3441 tempo-

2372 3388 2470 3434 σας
2495 3373 2527 3442 ἡ
2554 3371 2717 3425 αὐτοῦ
2740 3371 3046 3443 δύναμιςςὲν
3075 3376 3171 3444 μιᾷ
3197 3376 3334 3445 ῥοπῇ
3367 3371 3616 3437 καθελεῖ,
3644 3370 3716 3433 ὼς
3735 3371 3892 3429 αὐτοῖς

723 3460 875 3515 ribus
893 3457 1185 3518 Ecclesiam
1211 3460 1411 3516 Christi
1437 3462 1863 3532 impugnantium
1880 3461 2004 3525 line,
2026 3462 2116 3532 qui
2133 3477 2264 3517 con-

2366 3461 2656 3533 ὀφθαλμοῖς
2690 3463 3015 3535 παραλαϐεῖν
3043 3465 3189 3535 ἡμᾶς
3215 3469 3310 3536 την
3338 3463 3633 3531 ἐκδίκησιν.
3716 3460 3802 3513 Διὸ
3823 3458 3892 3511 λέ-

724 3552 925 3615 ΐεειὶιξ.
942 3566 1041 3606 nec
1066 3553 1224 3622 longo
1247 3561 1367 3622 post
1390 3560 1627 3622 tempore
1656 3567 1687 3607 a
1709 3550 1819 3608 Deo
1839 3552 2089 3613 debellati
2116 3560 2260 3609 sunt.

2367 3552 2569 3607 λεκται·
2626 3555 2800 3624 Πλὴν
2825 3556 2945 3623 τοῖς
2982 3556 3305 3626 ὀφθαλμοῖς
3347 3572 3463 3611 σου
3502 3552 3891 3621 κατανοήσεις,

724 3648 824 3701 καί
872 3647 1277 3703 ἀνταπόδοσιν
1322 3646 1677 3715 ἁμαρτωλῶν
1725 3648 1875 3717 ὄψει.
1929 3650 2116 3719 Ἡμεῖς
2138 3649 2195 3702 δὲ
2234 3648 2326 3702 τοῦ
2362 3649 2518 3718 λόγου
2553 3651 2653 3721 τὴν
2692 3650 2945 3723 ἀλήθειαν
2990 3650 3051 3716 ἐξ
3083 3651 3251 3723 αὐτῆς
3280 3652 3381 3722 τῆς
3408 3649 3697 3723 ἑρμηνείας
3725 3662 3894 3717 παρει-

723 3740 971 3812 λήφαμεν
992 3780 1008 3806 ,
1041 3740 1180 3794 κατὰ
1207 3741 1427 3812 καιροὺς
1473 3742 1541 3795 τὰ
1582 3742 1711 3813 τέλη
1774 3744 2099 3814 συνορῶντες
2128 3742 2237 3797 τῶν
2257 3742 2353 3814 τὴν
2402 3744 2720 3816 Ἐκκλησίαν
2747 3744 2841 3799 τοῦ
2866 3745 2999 3800 Θεοῦ
3029 3745 3465 3815 πολεμησάντων.
3497 3741 3825 3813 παραχρῆμά
3846 3756 3892 3790 τε

725 3832 819 3885 καὶ
844 3831 943 3884 οὐκ
976 3832 1056 3895 εἰς
1083 3832 1287 3904 μακρὸν
1316 3832 1418 3885 ὑπὸ
1438 3833 1531 3886 τοῦ
1560 3831 1693 3887 Θεοῦ
1725 3834 2152 3905 πολεμηθέντων.
2304 3832 2307 3835 λ

795 3936 921 3992 Haec
950 3954 1109 4008 porro
1137 3941 1337 4005 omnia,
1371 3950 1426 3997 et
1465 3950 1657 3998 caetera
1677 3941 1779 3998 sub
1804 3942 1921 3997 haec
1948 3949 2262 4011 memorata,

727 4030 797 4088 ad
829 4032 1101 4088 hominem
1136 4034 1295 4089 etiam
1327 4036 1419 4107 qui
1465 4037 1520 4091 in
1568 4036 1786 4093 Christo
1818 4047 1903 4093 est
1944 4034 2266 4104 referentur,

2369 4037 2459 4092 τὸν
2478 4039 2534 4091 ὲν
2549 4037 2764 4110 Χριστῷ
2782 4037 3060 4110 ἄνθρωπον
3080 4036 3506 4109 ἀνενεχθήσεται,
3528 4035 3621 4089 καὶ
3637 4036 3728 4088 ἐπὶ
3744 4034 3895 4090 πάντα

727 4139 939 4180 necnon
977 4125 1044 4179 ad
1089 4140 1275 4182 omnes
1303 4129 1403 4199 qui
1429 4127 1608 4183 dicere
1637 4126 1849 4183 valeant
1882 4147 1895 4181 :
1927 4126 2116 4183 Omnia
2144 4143 2268 4196 pos-

2370 4130 2459 4184 τὸν
2504 4125 2612 4183 οἷόν
2657 4147 2716 4183 τε
2753 4128 2962 4198 λέγειν’
3005 4127 3205 4183 Πάντα
3248 4128 3433 4197 ἰσχύω
3465 4128 3537 4181 ἐν
3566 4125 3648 4192 τῷ
3670 4126 3895 4181 ἐνδυνα-

728 4233 843 4273 strm
865 4218 916 4270 in
938 4234 995 4271 eo
1014 4218 1104 4289 qui
1137 4234 1216 4271 me
1237 4218 1495 4286 confortat
1524 4217 1730 4273 Christo
1757 4218 1951 4273 Jesu."
1983 4218 2080 4274 Hic
2110 4235 2268 4289 porro

2367 4219 2579 4289 μόῦντί
2600 4236 2675 4288 με
2702 4218 2929 4287 Χριστῷ
2968 4216 3179 4287 Ἰησοῦ.
3248 4209 3414 4281 Οὗτος
3443 4217 3486 4270 δ’
3523 4216 3588 4270 ἂν
3620 4215 3703 4286 εἴη
3730 4218 3759 4269 ό
3785 4216 3896 4285 Χρι-

730 4308 890 4363 fuerit
917 4307 1118 4363 Christi
1139 4307 1358 4372 chorus,
1388 4306 1481 4378 qui
1504 4322 1567 4361 ex
1591 4308 1794 4363 sanctis
1815 4316 1867 4363 et
1896 4309 2146 4378 perfectis
2180 4309 2268 4366 Dei

2376 4309 2499 4363 ατοῦ
2541 4310 2728 4381 χορὸς,
2763 4312 2797 4363 ό
2819 4309 2876 4375 ἐξ
2916 4308 3081 4379 ἁγίων
3113 4309 3203 4363 καὶ
3228 4307 3444 4362 τελείων
3465 4305 3603 4360 Θεοῦ
3633 4304 3895 4376 μαρτύρων

728 4399 1057 4469 martyribus
1107 4406 1341 4465 constat,
1372 4399 1570 4468 quique
1632 4397 1700 4451 ad
1745 4399 2055 4467 sanguinem
2104 4414 2268 4469 usque

2375 4399 2658 4463 συνεστὼς,
2691 4402 2719 4454 ό
2740 4400 2929 4473 μέχρις
2957 4400 3184 4471 αἵματος
3211 4396 3605 4468 ἀγωνιζόμενος
3625 4396 3763 4466 ὑπὲρ
3780 4394 3893 4463 ἁληο

729 4503 829 4559 pro
861 4490 1084 4543 veritate
1102 4490 1425 4552 decertavit,
1457 4496 1510 4543 et
1538 4489 1722 4543 bravia
1751 4490 1987 4543 victoriae
2015 4505 2138 4543 cum
2166 4489 2268 4546 Deo

2373 4492 2553 4558 θείας,
2592 4491 2685 4544 καὶ
2714 4491 2782 4545 τὰ
2827 4490 3049 4562 βραδεῖα
3075 4492 3174 4562 τῆς
3218 4492 3275 4544 ὲν
3303 4488 3420 4557 Θεῷ
3455 4488 3613 4557 νίκης
3647 4486 3784 4540 κατὰ
3808 4485 3897 4538 τῶν

730 4584 899 4649 parta:
920 4578 1179 4633 adversus
1208 4578 1457 4632 inimicos
1481 4579 1682 4633 retulit.
1716 4577 1839 4632 Haec
1872 4580 2020 4645 item,
2052 4596 2171 4651 qua:
2190 4582 2268 4637 di-

2373 4583 2674 4637 άντιπάλων
2722 4584 3021 4655 αἰρόμενος.
3066 4582 3177 4635 Καὶ
3202 4580 3294 4648 ἐπὶ
3319 4578 3408 4632 τὸν
3437 4578 3721 4649 ἄνθρωπον
3745 4577 3799 4632 δὲ
3820 4574 3897 4629 τοῦ

728 4675 815 4723 cta
843 4673 987 4733 sunt,
1013 4667 1212 4724 Christi
1264 4668 1469 4721 homini
1505 4670 1896 4739 coaptabuntur
1935 4689 1948 4725 :
1995 4670 2097 4727 hoc
2127 4674 2271 4727 enim

2437 3946 2620 4002 Πάντα
2638 3946 2694 4000 δὲ
2708 3944 2872 4000 ταῦτα
2886 3946 2979 4001 καὶ
2987 3957 3056 4017 τα
3080 3943 3287 4009 τούτοις
3308 3943 3433 4015 ἑξῆς
3450 3943 3801 4014 ἐπιλεγόμενα
3820 3944 3898 3995 ἐπὶ

732 4759 967 4812 declarat
1003 4759 1268 4815 dictorum
1305 4759 1491 4814 series.
1527 4756 1658 4813 Nam
1705 4777 1825 4816 cum
1868 4763 1933 4817 ad
1966 4764 2270 4833 quempiam

732 4849 959 4906 dixisset
992 4869 1007 4906 :
1038 4850 1295 4916 Quoniam
1325 4855 1430 4923 ipse
1465 4845 1704 4907 liberabit
1752 4855 1814 4909 de
1864 4856 2044 4926 laqueo
2086 4874 2271 4911 venan-

736 4942 883 5007 tium,
907 4952 956 4997 et
975 4960 1006 4996 a
1031 4942 1180 4997 verbo
1214 4944 1526 5009 turbulento,
1555 4954 1606 5000 et
1637 4962 1651 4999 :
1684 4943 1749 4999 In
1780 4949 2007 5015 scapulis
2033 4950 2142 5013 suis
2179 4949 2270 5002 ob-

734 5033 991 5086 umbrabit
1038 5034 1152 5097 tibi,
1194 5044 1241 5088 et
1272 5035 1364 5088 sub
1395 5038 1572 5105 pennis
1605 5037 1715 5105 ejus
1748 5037 2019 5105 sperabis;
2062 5048 2113 5092 et
2147 5054 2269 5093 cum

733 5123 975 5177 eumdem
1007 5125 1281 5195 alloquens
1313 5127 1639 5181 subdidisset
1685 5146 1697 5181 :
1740 5124 1898 5180 Scuto
1931 5127 2271 5180 circumdabit

738 5224 785 5267 te
814 5215 1001 5269 veritas
1030 5216 1180 5285 ejus;
1212 5224 1265 5272 et
1284 5216 1422 5288 illud
1455 5236 1469 5273 :
1508 5216 1628 5272 Non
1661 5218 1861 5273 timebis
1902 5236 1935 5272 a
1976 5219 2157 5271 timore
2184 5233 2274 5272 no-

733 5314 949 5367 cturno;
986 5305 1216 5378 itemque
1249 5327 1263 5363 :
1298 5308 1497 5363 Cadent
1530 5324 1562 5362 a
1600 5311 1759 5379 latere
1797 5318 1884 5363 tuo
1922 5310 2145 5375 mille,et
2185 5307 2275 5362 de-

736 5410 843 5448 cem
877 5393 1046 5447 millia
1081 5413 1114 5449 a
1140 5397 1335 5451 dextris
1384 5398 1507 5462 tuis,
1551 5396 1619 5449 ad
1651 5405 1697 5450 te
1743 5406 1914 5450 autem
1947 5413 2047 5450 non
2079 5407 2272 5464 appro-

734 5484 1035 5558 pinquabit;
1077 5494 1130 5539 et
1168 5487 1452 5556 adiecisset
1493 5506 1506 5541 :
1560 5485 1919 5539 Verumtamen
1955 5487 2118 5540 oculis
2167 5486 2268 5539 tuis
2308 5561 2311 5564 ἠ

735 5574 1106 5641 considerabis,
1152 5584 1202 5630 et
1243 5577 1630 5630 retributionem
1658 5584 1991 5643 peccatorum
2042 5574 2267 5637 videbis;

736 5680 858 5721 cum
901 5668 1078 5723 omnia
1102 5669 1444 5740 singulariter
1469 5671 1621 5740 quasi
1650 5671 1714 5725 de
1736 5648 1845 5723 uno
1874 5670 2084 5727 locutus
2108 5676 2268 5738 esset,

737 5869 759 5879 ,
807 5819 853 5853 ⁷⁸
892 5817 1029 5874 Psal.
1064 5838 1245 5877 cuni.
1284 5823 1400 5878 1-5.
1472 5824 1511 5883 τί
1553 5822 1746 5880 Philip.
1789 5840 1859 5879 iv.
1897 5823 1978 5878 15.

2372 4674 2604 4745 Χριστοῦ
2632 4674 3024 4747 ἀρμοσθήσεται
3050 4672 3118 4726 τὰ
3149 4671 3409 4742 λεγόμενα
3428 4687 3443 4700 ·
3462 4668 3623 4725 τοῦτο
3637 4668 3765 4741 γοῦν
3782 4686 3896 4738 παρ-

2378 4766 2583 4837 ίστησιν
2613 4765 2748 4835 αῦτη
2800 4763 2976 4835 ἡτῶν
3002 4762 3382 4834 ἐμφερομένων
3402 4759 3708 4815 ἀκολουθία.
3741 4756 3897 4812 Εἰπὼν

2373 4857 2480 4928 γὰρ
2508 4860 2535 4909 ὁ
2557 4857 2712 4925 λόγος
2740 4854 2873 4925 πρὸς
2900 4853 2993 4906 ἕνα
3020 4852 3141 4907 τινὰ
3159 4894 3175 4920 ,
3217 4854 3343 4907 Ὀτι
3377 4852 3561 4918 αὐτὸς
3583 4852 3825 4919 ῥύσεται
3847 4848 3897 4899 ἐκ

2376 4949 2621 5018 παγίδος
2636 4946 2928 5014 θηρευτῶτ·
2947 4946 3043 5000 καὶ
3061 4945 3178 5002 ἀπὸ
3197 4946 3377 5016 λόγου
3394 4927 3787 5011 ταραχώδους,
3803 4940 3898 4998 καὶ.

2387 5039 2489 5091 Ἐν
2508 5036 2628 5102 τοῖς
2657 5036 3037 5106 μεταφρένοις
3063 5034 3248 5089 αὐτοῦ
3281 5030 3620 5086 ἐπισκιάσει
3657 5046 3784 5093 σοι,
3818 5029 3898 5082 καὶ

2379 5128 2496 5182 ὑπὸ
2542 5125 2646 5192 τὰς
2683 5126 2964 5198 πτέρυγας
3013 5125 3195 5180 αὐτοῦ
3226 5122 3479 5188 ἐλπιεῖς·
3537 5125 3631 5176 καὶ
3662 5122 3793 5195 πρὸς
3828 5120 3899 5174 τὴν

2380 5221 2538 5274 αύτδν
2566 5220 2781 5289 ἐπάγων
2807 5220 2867 5273 τὸ
2884 5262 2901 5287 ,
2942 5220 3143 5284 Ὄπλῳ
3186 5212 3479 5269 κυκλώσει
3505 5231 3582 5270 σε
3612 5218 3651 5284 ἡ
3680 5214 3899 5283 ἀλήθεια

2377 5309 2558 5363 αὐτοῦ
2577 5326 2591 5339 ·
2620 5308 2713 5361 καὶ
2748 5308 2808 5361 τδ
2828 5347 2843 5372 ,
2869 5309 2952 5360 Οὐ
2977 5303 3286 5375 φοϐηθήσῃ
3311 5302 3426 5358 ἀπὸ
3450 5305 3899 5372 φόϐου-νυκτερι-

2370 5398 2480 5453 νοῦ
2500 5415 2514 5430 ο
2539 5399 2631 5453 καὶ⁸
2655 5397 2735 5462 τὸ,
2770 5394 3040 5450 Πεσεῖται
3064 5394 3132 5447 ἐκ
3152 5393 3256 5448 τοῦ
3290 5392 3533 5458 κλίτους
3560 5410 3675 5447 σου
3705 5389 3899 5464 χιλιὰς,

2371 5488 2468 5542 και
2491 5488 2703 5557 μυριὰς
2723 5487 2790 5540 ἐκ
2810 5482 3021 5549 δεξιῶν
3038 5499 3180 5548 σου,
3213 5466 3360 5552 πρὸς
3381 5482 3455 5535 σὲ
3476 5481 3548 5535 δὲ
3567 5484 3678 5536 οὐκ
3710 5474 3899 5546 ὲτγιεῖ·

2373 5579 2463 5633 καὶ
2482 5578 2684 5640 τούτοις
2705 5574 3008 5646 προστιθεὶς
3031 5576 3109 5641 τὸ,
3133 5574 3305 5642 Πλὴν
3323 5572 3443 5638 τοῖς
3463 5568 3786 5641 ὀφθαλμοῖς
3806 5582 3899 5621 σου

2373 5667 2780 5737 κατανοήσεις,
2816 5667 2907 5720 κα)
2942 5666 3340 5721 ἀνταπόδοσιν
3363 5660 3719 5731 ἁμαρτωλῶν
3751 5658 3899 5727 ὄψει’
