3976 6356
57 462 161 504 1149

1123 459 1618 524 υυΜΜΕΝΙᾺιυᾹ
1656 461 1720 511 ΞΝ
1761 459 2092 514 ΡδΑιΜυδ.

3075 465 3209 514 Ηῧυ

54 565 194 616 πάντα
228 562 288 616 δὲ
311 562 380 616 τὰ
407 563 599 627 ὲνικῶς
623 561 788 617 εἰπὼν
809 561 883 627 ὡς
909 563 1044 634 πρὸς
1070 549 1164 618 ἕνα
1186 569 1323 633 τινὰ,
1354 570 1573 622 ἐπισυν-

1676 572 1754 644 sic
1788 570 1946 627 infert
1979 569 2269 637 :Quoniam
2302 585 2354 622 ιιι
2381 585 2454 633 es,
2490 574 2725 650 Domine,
2750 585 2861 638 spes
2883 587 3018 632 mea,
3051 571 3214 625 Altis-

54 657 179 710 ἅπτει
215 655 406 724 λέγων,
449 656 568 708 Ὅτι
592 656 691 720 σὺ,
729 659 921 726 Κύριε,
939 659 1110 724 ἐλπίς
1119 677 1256 727 μου,
1279 661 1381 714 τὸν
1404 663 1568 730 ’Υψι-

53 763 170 801 στον
191 745 330 801 ἔθου
363 747 708 817 καταφυγήν
727 760 840 801 σου
857 766 870 781 ο
897 749 1200 816 σαφέστατα
1226 749 1566 820 παρίσταται,

52 837 112 888 ἇτι
145 833 341 905 Κύριος
376 830 444 904 ἦν
475 833 607 902 πρὸς
633 833 690 886 ὃν
714 834 883 888 ταῦτα
913 835 1085 888 πάντα
1111 836 1340 905 ἐλέγετο.
1389 839 1568 910 Μηδε-

54 927 153 993 μιίς
179 924 287 994 γὰρ
324 923 576 993 διαμέσου
605 924 899 996 ὲναλλαγῆς
931 926 1218 997 προσώπου
1257 929 1568 1001 γενομένης.

53 1015 252 1085 συνῆψεν
278 1018 305 1069 6
349 1016 503 1083 λόγος
534 1017 636 1070 ὑπὸ
685 1019 810 1086 μίαν
841 1016 1072 1070 διάνοιαν
1104 1019 1178 1081 ὡς
1207 1019 1341 1089 πρὸς
1380 1020 1474 1072 ἕνα
1505 1021 1572 1074 τὰ

51 1109 224 1160 πινέτω
262 1106 568 1178 παρέστησέ
598 1125 654 1160 τε
688 1107 769 1171 τίς
819 1124 944 1161 ποτε
992 1103 1059 1178 ἦν
1084 1103 1276 1172 οὗτος
1302 1109 1574 1178 διασαφῶν

51 1199 152 1268 ἑξῆς
180 1199 271 1252 καὶ
299 1197 470 1267 λέγων
489 1215 501 1228 ·
539 1200 656 1251 Ὅτι
695 1199 775 1252 σὺ
794 1239 809 1263 ,
845 1200 1018 1268 Κύριε
1035 1240 1049 1264 ,
1081 1200 1256 1265 ἐλπίς
1288 1220 1404 1269 μου
1423 1241 1436 1266 ,
1471 1201 1574 1254 τὸν

51 1290 321 1358 Ὕψιστον
350 1291 488 1344 ἔθου
536 1287 883 1360 καταφυγήν
924 1305 1059 1345 σου.
1108 1291 1317 1362 Ἐπειδὴ
1349 1292 1452 1364 γὰρ
1486 1293 1570 1356 σὺ,

50 1383 184 1450 φησὶν
202 1419 216 1445 ,
245 1375 290 1433 ὦ
322 1380 522 1450 Κύριε,
557 1381 639 1448 ἐφ’
667 1380 726 1433 ὃν
753 1379 863 1448 ἐγὼ
895 1380 1092 1449 ἧλπισα
1115 1418 1129 1442 ,
1163 1380 1254 1433 τὸν
1298 1381 1570 1448 Ὕψιστον,

50 1469 214 1541 δηλαδὴ
233 1470 322 1522 τὸν
349 1470 603 1522 ἀνωτάτω
621 1469 779 1533 Θεὸν,
809 1469 900 1521 καὶ
927 1469 1122 1521 σαυτοῦ
1145 1469 1379 1541 Πατέρα,
1409 1487 1572 1523 κατα-

49 1562 196 1633 φυγὴν
231 1560 353 1614 ἔθου
383 1560 606 1613 σεαυτοῦ
626 1601 641 1626 ,
669 1559 758 1612 διὰ
781 1557 938 1614 τοῦτο
968 1559 1026 1612 ού
1054 1559 1467 1631 προσελεύσεταί
1496 1578 1574 1614 σοι

47 1649 144 1701 οὔτε
163 1643 354 1718 χιλιὰς,
380 1647 502 1701 οὒτε
530 1647 744 1722 μυριὰς,
778 1646 898 1700 οὗτε
924 1648 1147 1717 παγίδες
1169 1648 1461 1720 θηρευτῶν,
1490 1649 1577 1702 οὔ·

45 1757 91 1793 τε
107 1758 153 1792 τι
180 1739 362 1812 ἕτερον
381 1740 489 1795 τῶν
509 1739 1000 1812 κατηριθμημένων
1018 1757 1032 1772 °
1061 1740 1156 1794 καὶ
1179 1741 1468 1812 ἐπειδήπερ
1490 1742 1574 1806 σὺ,

44 1825 80 1884 ὦ
101 1830 276 1902 Κύριε,
311 1826 364 1884 εῐ
388 1848 486 1902 μου
506 1830 598 1884 τοῦ
626 1829 795 1885 ταῦτα
815 1831 1060 1901 λέγοντος
1085 1831 1258 1895 ἐλπὶς,
1290 1823 1399 1886 Τὸν
1415 1834 1578 1901 ’Ὑψι-

1668 659 1855 732 simum
1897 658 2115 725 posuisti
2160 658 2413 727 refugium
2448 667 2625 720 tuum;
2671 658 3010 727 apertissime
3034 659 3213 714 deela-

1667 759 1794 800 rans
1815 743 2098 799 Dominum
2127 761 2245 800 esse
2269 745 2334 798 ad
2350 760 2506 814 quem
2531 745 2641 798 haec
2672 746 2848 799 omnia
2870 745 3209 800 dicebantur.

1667 831 1800 886 Cum
1835 834 1982 886 nulla
2025 834 2168 887 enim
2204 834 2259 886 in
2297 832 2474 887 medio
2516 849 2758 903 personae
2805 835 3031 888 mutatio
3068 834 3210 889 facta

1669 924 1760 990 sit,
1798 925 1975 978 omnia
2008 939 2113 977 una
2145 925 2427 986 sententia,
2461 926 2613 993 quasi
2661 927 2752 978 uni
2794 926 2959 987 dicta,
2990 927 3214 980 concin-

1670 1023 1794 1070 nata
1822 1025 1966 1078 sunt,
1997 1029 2062 1068 ac
2100 1015 2182 1081 his
2222 1014 2399 1069 verbis
2429 1015 2573 1069 clare
2602 1015 2937 1085 signiﬁcatur
2965 1016 3176 1072 declara
3195 1045 3210 1058 ο

1671 1115 1862 1177 torque
1893 1096 2138 1176 quis'ille
2170 1106 2238 1160 sit
2273 1124 2285 1157 :
2313 1107 2569 1171 Quoniam
2600 1114 2656 1157 tu
2699 1123 2774 1170 es,
2818 1106 3057 1172 Domine,
3097 1122 3211 1175 spes

1671 1215 1805 1262 mea,
1830 1198 2156 1251 Allissimum
2187 1199 2406 1264 posuisti
2425 1197 2680 1267 refugium
2701 1207 2866 1252 tuum.
2887 1197 3023 1263 Quia
3045 1200 3207 1262 enim,

1672 1289 1864 1358 inquit,
1910 1295 1991 1352 tu,
2039 1286 2279 1350 Domine,
2315 1288 2368 1340 in
2408 1303 2566 1358 quem
2612 1302 2709 1358 ego
2746 1289 2975 1356 speravi,
3001 1288 3213 1342 Altissi-

1672 1393 1836 1441 mum,
1886 1377 1939 1431 id
1988 1385 2071 1432 est
2105 1391 2414 1446 supremum
2471 1375 2639 1430 Deum
2681 1387 2733 1432 et
2787 1376 3000 1432 Patrem
3038 1385 3209 1443 tuum,

1670 1467 1932 1537 refugium
1966 1477 2114 1521 tuum
2162 1468 2412 1538 posuisti,
2452 1467 2574 1522 ideo
2604 1483 2712 1521 non
2742 1467 2998 1522 accedent
3033 1469 3099 1522 ad
3134 1479 3208 1533 te,

1673 1574 1843 1628 neque
1874 1559 2061 1621 millia,
2097 1574 2272 1628 neque
2301 1559 2481 1612 decem
2531 1560 2717 1622 millia,
2765 1575 2864 1614 nec
2915 1560 3088 1628 laquei
3119 1576 3213 1614 ve-

1673 1652 1934 1716 nantium,
1967 1665 2138 1720 neque
2176 1649 2319 1705 aliud
2362 1650 2633 1720 quidpiam
2680 1666 2744 1704 ex
2779 1650 3125 1706 memoratis:
3160 1660 3216 1707 et

1645 1745 1797 1814 ‘quia
1823 1752 1901 1808 tu,
1941 1741 2183 1807 Domine,
2215 1757 2337 1812 spes
2375 1744 2478 1798 mei
2510 1759 2568 1798 es
2599 1743 2711 1797 haec
2739 1741 2966 1798 dicentis
3000 1763 3017 1796 :
3048 1743 3214 1797 Altis-

1675 1835 1864 1888 simum
1889 1834 2109 1903 posuisti
2139 1833 2396 1905 refugium
2427 1841 2615 1896 tuum;
2651 1833 2770 1889 ideo
2812 1833 2965 1887 initio
3007 1847 3213 1888 sermo-

43 1937 171 1976 στον
199 1921 338 1976 ἔθου
368 1921 716 2004 καταφυγήν
740 1937 854 1978 σου
876 1940 888 1953 ·
924 1922 1012 1976 διὰ
1041 1921 1198 1975 τοῦτο
1225 1923 1318 1975 καὶ
1338 1924 1570 1994 ἀρχόμε-

1673 1924 1757 1980 nis
1788 1924 1852 1978 de
1881 1933 1933 1978 te
1977 1924 2218 1979 dicebam
2267 1945 2281 1967 ι
2305 1923 2408 1990 Qui
2431 1923 2631 1978 habitat
2673 1923 2728 1978 in
2761 1924 3022 1994 adjutorio
3052 1925 3214 1979 Altis-

43 2029 116 2076 νος
152 2012 330 2082 ἔλεγον
376 2015 502 2084 περὶ
556 2014 670 2077 σοῦ,
707 2016 761 2066 '0
787 2013 1074 2068 κατοικῶν
1097 2014 1164 2067 ἐν
1187 2014 1446 2082 βοηθείᾳ
1468 2017 1573 2070 τοῦ

52 2099 337 2170 Ὑψίστου,
353 2105 407 2174 ἢ,
423 2104 487 2155 '0
501 2103 828 2173 καθήμενος
839 2105 907 2158 ἐν
924 2106 1243 2172 ἀποκρύφῳ
1257 2105 1271 2126 '
1283 2107 1541 2174 Υψίστου
1558 2123 1571 2137 ·

44 2194 313 2264 ἐπειδήπερ
355 2196 412 2247 ὲν
448 2196 772 2267 ἀπορρήτοις
817 2195 907 2248 καὶ
949 2197 1283 2267 ἀποκρύφοις
1329 2196 1574 2268 σύνεδρον

44 2302 90 2337 σε
119 2286 204 2338 καὶ
243 2271 526 2357 σύνθρονον
557 2289 584 2340 6
616 2286 870 2355 Ὗψιστος
901 2287 1206 2359 ἐποιήσατο,
1236 2289 1410 2359 φήσας
1438 2289 1573 2359 πρὸς

46 2376 118 2428 σέ·
169 2375 361 2431 Κάθου
393 2378 460 2431 ἐκ
487 2376 606 2431 τῶν
636 2377 847 2442 δεξιῶν
869 2396 986 2446 μου
1006 2421 1020 2443 ,
1045 2357 1163 2445 ἔως
1206 2357 1397 2433 enea
1436 2357 1574 2444 τοὺς

41 2469 265 2536 ἐχθρούς
293 2484 409 2525 σου
433 2471 762 2525 ὑποπόδιον
793 2471 910 2523 τῶν
941 2470 1141 2525 ποδῶν
1168 2489 1303 2525 σου.

108 2558 349 2628 Ὑψίστου
363 2560 557 2636 δὲονοου
565 2561 720 2631 μένου
736 2564 794 2614 ὲν
813 2563 1019 2624 τούτοις
1037 2561 1127 2614 τοῦ
1145 2561 1415 2614 ἀνωτάτου
1439 2560 1572 2614 Θεοῦ

42 2647 131 2699 τῶν
160 2648 291 2702 ὅλων
308 2667 322 2680 ·
350 2650 554 2718 Κυρίου
579 2650 635 2704 δὲ
662 2651 790 2703 Υἱοῧ
820 2652 911 2703 τοῦ
939 2651 1090 2714 Θεοῦ,
1120 2651 1177 2708 ὃς
1206 2650 1294 2703 τὸν
1314 2650 1573 2719 ’Ὕψιστον

42 2737 168 2790 ἔθετο
197 2740 508 2808 καταφυγὴν
534 2739 716 2805 αὑτοῦ,
746 2741 970 2804 εἰκότως
1006 2741 1097 2793 καὶ
1115 2741 1350 2810 Μωῦσῆς
1373 2741 1450 2811 τῷ
1481 2743 1577 2796 αύ-

42 2824 105 2892 τῷ
123 2824 241 2896 θείῳ
260 2826 532 2897 Πνεύματι
548 2827 803 2900 θεοφορού
814 2846 970 2898 μενος
993 2830 1265 2884 ἐδίδασκεν
1285 2831 1341 2882 ὲν
1367 2832 1574 2904 μεγάλῃ

40 2913 132 2984 ᾠδῇ
157 2915 350 2984 λέγων·
392 2918 558 2996 θ’θτε,
575 2917 886 2987 διεμέριζεν
916 2922 949 2972 ὀ
979 2920 1267 2989 ’Υψιστος
1295 2923 1434 2989 ἔθνη
1456 2961 1469 2984 ,
1497 2923 1575 2987 ὡς

41 3003 351 3074 διέσπειρε-ν
381 3007 548 3072 υἱοὺς
579 3007 769 3076 Ἀδὰμ,
796 3007 1058 3077 ἔστησεν
1078 3009 1202 3077 ὅρια
1221 3010 1406 3064 ἐθνῶν
1431 3010 1575 3064 κατὰ

39 3096 264 3166 ἀριθμὸν
282 3099 548 3168 ἀγγέλων
571 3098 735 3153 Θεοῦ.
760 3098 870 3154 Καὶ
892 3099 1139 3168 ἐγενήθη
1159 3100 1337 3168 μέρος
1356 3103 1573 3168 Κυρίου

39 3189 166 3253 λαός
181 3189 362 3244 αὑτοῦ
396 3182 607 3253 Ἰακὼϐ,
630 3175 955 3258 σχόίνισμα
976 3179 1371 3258 κληρονομίας
1394 3190 1575 3244 αὐτοῦ

49 3275 285 3343 Ἰσραήλ.
312 3276 410 3330 Διὰ
431 3276 630 3330 τούτων
669 3277 798 3345 γοῦν
846 3278 937 3331 καὶ
967 3281 996 3331 6
1029 3279 1268 3347 Μωῦσῆς
1320 3279 1573 3348 Ὕψιστον

40 3367 206 3435 σαφῶς
225 3371 481 3440 προσεῖπε
522 3369 612 3421 τὸν
643 3369 936 3439 ἀγέννητον
965 3369 1095 3422 Θεὸν
1120 3410 1132 3432 ,
1169 3371 1480 3441 διανέμοντα
1508 3372 1573 3423 τὰ

33 3456 225 3528 ἑπὶγῆς
248 3458 373 3530 ἔθνη
389 3462 500 3523 τοῖς
521 3459 711 3512 ἑαυτοῦ
736 3461 982 3528 ἀγγέλοις
999 3479 1012 3490 ⁸
1041 3461 1242 3532 Κύριον
1261 3462 1318 3515 δὲ
1342 3462 1429 3514 τὸν
1450 3461 1573 3513 Υἰὸν

34 3547 121 3600 τοῦ
137 3547 395 3613 Θεοῦ,τδν
418 3551 566 3621 παρὰ
587 3549 680 3602 τοῦ
728 3551 938 3622 Πατρός
967 3551 1058 3604 τὸν
1093 3551 1300 3622 Ἰσραὴλ
1329 3551 1574 3605 ὑποδεδε-

37 3637 245 3705 γμένον.
273 3639 444 3702 Αὐτὸς
465 3639 510 3692 δ’
531 3636 623 3692 οὖν
640 3632 794 3701 οὗτος
825 3641 853 3691 ὁ
876 3639 1076 3711 Κύριος
1104 3641 1194 3694 καὶ
1220 3640 1305 3693 διὰ
1317 3641 1424 3694 τῶν
1446 3659 1574 3712 προ-

34 3726 284 3796 κειμένων
312 3723 370 3782 έν
399 3727 616 3798 βοηθείᾳ
637 3726 730 3779 τοῦ
761 3726 1016 3795 Ὑψίστου
1045 3733 1315 3784 κατοικεῖν
1340 3731 1570 3800 ἐλέγετο,

33 3819 342 3889 καταφυγήν
367 3835 428 3871 τε
459 3819 649 3874 ἑαυτοῦ
675 3820 762 3874 τὸν
785 3820 1046 3889 Ὕψιστον
1066 3820 1353 3886 τεθεῖσθαι,
1379 3822 1573 3895 δηλαδὴ

36 3905 110 3955 τὸν
137 3905 328 3960 ἑαυτοῦ
365 3907 624 3978 Πατέρα.
660 3909 749 3961 Διὸ
781 3908 1022 3962 λέλεκται
1057 3910 1189 3980 πρὸς
1219 3912 1404 3964 αὐτόν’
1458 3913 1572 3966 Ὅτι

32 3994 103 4046 σὺ
124 4037 139 4060 ,
163 3998 372 4065 Κύριε,
407 3999 580 4064 ἐλπίς
605 4017 753 4068 μου,
784 3999 888 4052 τὸν
920 4002 1202 4067 Ὕψιστον
1228 4003 1365 4056 ἔθου
1396 4021 1571 4057 κατα-

32 4082 222 4150 φυγήν
248 4099 384 4140 σου.
443 4087 591 4146 Ἐπεὶ
614 4088 672 4141 δὲ
714 4087 1133 4156 Ἰουδαῖκώτερον
1159 4090 1187 4139 6
1227 4089 1453 4154 Ἀκύλας
1484 4094 1574 4145 καὶ

33 4172 363 4246 ὁΣύμμαχος
389 4177 488 4246 τὴν
519 4178 805 4246 ἑρμηνείαν
835 4177 1168 4231 ἑκτεθείκασι
1189 4219 1202 4242 ,
1239 4181 1572 4252 ὑφορώμενοι

31 4265 82 4316 τὸ
115 4269 245 4336 περὶ
286 4267 376 4320 τοῦ
424 4268 668 4335 Ὑψίστου
703 4269 795 4321 καὶ
828 4270 1068 4340 περὶτοῦ
1095 4271 1296 4340 Κυρίου
1326 4274 1573 4328 ἀποδεδον-

35 4357 181 4424 μένον
213 4360 344 4430 ἡμῖν
384 4359 588 4429 δόγμα·
625 4361 716 4412 καὶ
746 4361 775 4412 6
821 4362 931 4431 μὲν-
972 4362 1196 4426 Ἀκύλας
1239 4366 1576 4435 ήρμήνευσεν

31 4447 217 4502 είπὼνο
255 4450 382 4502 Ὅτι
411 4449 509 4512 σὺ,
533 4451 724 4517 Κύριε,
756 4449 928 4516 ἐλπίς
949 4469 1098 4520 μου,
1150 4451 1410 4522 ὕψιστον
1450 4456 1577 4525 ἔθη-

31 4553 99 4588 κα
148 4538 601 4623 κατοικητήριόν
631 4553 776 4593 σουθ
820 4541 847 4591 6
889 4539 944 4592 δὲ
986 4542 1301 4612 Σύμμαχος·
1339 4545 1420 4597 Σὺ
1447 4546 1573 4615 γὰρ,
1607 4589 1652 4646 D

31 4628 146 4692 Θεὲ,
178 4630 399 4698 ἁφοϐἱα
436 4618 577 4699 μου,
611 4631 878 4698 ὑψίστην
909 4629 1048 4684 ἔθου
1084 4630 1198 4698 τὴν
1229 4635 1578 4700 κατοίκησίν

30 4733 161 4772 σου·
199 4721 463 4790 τηρητέον
502 4721 712 4791 πρῶτον
745 4722 840 4791 μὲν
865 4759 880 4784 ,
922 4719 995 4782 ὡς
1037 4721 1069 4791 ἡ
1108 4721 1325 4792 πέμπτη
1371 4722 1577 4786 ἒκδοσις

31 4811 236 4880 συνᾴδει
269 4812 381 4872 τοῖς
400 4809 834 4880 ’Ἑϐδομήκοντα,
877 4812 1093 4881 φήσασα
1123 4809 1214 4862 καὶ
1238 4810 1403 4880 αὑτήο
1452 4811 1575 4864 Ὀτι

28 4901 120 4962 σὺ,
147 4903 346 4970 Κύριε,
371 4899 540 4964 ἐλπίς
565 4916 700 4967 μου,
725 4899 831 4952 τὸν
856 4903 1138 4968 Ὕψιστον
1160 4899 1298 4954 ἔθου
1327 4915 1576 4968 καταφυ-

28 4990 133 5056 γήν
160 5006 282 5044 σου
305 5008 317 5019 ·
352 4990 630 5059 δεύτερον,
662 4989 736 5052 ὼς
768 4991 800 5058 ἡ
842 4989 1100 5061 Ἑδραῖκῆ
1138 4989 1285 5060 φωνῆ
1305 5029 1318 5052 ν
1368 4990 1574 5042 Ἑλίων

27 5081 348 5149 περιέχουσα
380 5080 470 5134 τὸν
501 5079 752 5148 Ὕψιστον
775 5077 940 5147 δηλοῖ.
971 5077 1212 5148 Εὕρομεν
1241 5078 1371 5147 γοῦν
1396 5080 1450 5129 ὲν
1477 5087 1570 5142 νς¹

26 5169 216 5240 ψαλμῷ
247 5172 492 5240 κείμενον
517 5172 576 5226 τὸ
595 5213 608 5235 ,
628 5169 987 5238 Κεκράξομαι
1011 5169 1158 5236 πρὸς
1178 5169 1282 5222 τὸν
1302 5170 1446 5223 Θεὸν
1468 5170 1572 5222 τὸν

27 5261 284 5328 ῠψιστον
302 5276 315 5290 ’
350 5261 477 5314 ἔνθα
510 5263 626 5314 ἀντὶ
654 5261 746 5314 τοῦ
771 5302 784 5324 ,
810 5259 912 5312 τὸν
943 5258 1202 5326 ὕψιστον
1220 5259 1327 5322 ,τὸ
1360 5259 1571 5329 Ἐϐραῖ-

26 5352 110 5403 xliv
176 5349 394 5404 Ἑλίων
447 5353 705 5421 περιέχει,
754 5353 828 5414 ὡς
872 5351 962 5404 καὶ
1022 5351 1112 5400 ἐπὶ
1161 5349 1253 5402 τοῦ
1292 5350 1570 5421 παρόντος.

25 5443 130 5494 Οὐκ
157 5441 271 5511 ἄρα
299 5441 401 5510 χρὴ
433 5439 778 5511 βιαζομένους
814 5443 914 5513 τὴν
938 5439 1191 5509 ἀλήθειαν
1210 5437 1571 5511 διαστρέφειν.

26 5528 128 5582 Καὶ
176 5528 354 5589 ἄλλως
384 5527 472 5590 δὲ,
501 5529 652 5598 είπερ
691 5526 948 5597 διαστὰς-τὸν
995 5525 1218 5580 ’Δκύλαν
1255 5527 1390 5597 πρὸς
1417 5525 1575 5586 αὐτὸν

27 5620 108 5685 τὸν
159 5618 368 5692 Κύριον
419 5616 683 5681 λέλεκται,
788 5617 910 5670 Ὅτι
965 5616 1082 5680 σὺ,
1147 5617 1352 5685 Κύριε,
1404 5616 1575 5679 ἐλπίς

24 5724 154 5774 μου,
193 5714 206 5722 ⁸
233 5709 496 5775 ὕψιστον
545 5707 725 5774 ἔθηκα
771 5707 1106 5775 οἰκητήριον
1152 5721 1294 5761 σου·
1351 5706 1382 5777 ἢ
1439 5706 1576 5759 κατά

89 5859 132 5890 ⁷³
173 5857 324 5914 l‘sal.
359 5873 480 5922 cis.
515 5860 566 5916 i.

1601 3257 1641 3310 C
1674 3268 1755 3321 lus
1801 3265 2119 3320 hwreditatis
2173 3266 2286 3334 ejus
2351 3265 2520 3319 Israel
2562 3266 2630 3320 ⁷³.

1673 2015 1809 2076 simi,
1845 2021 1938 2068 aut
1966 2032 1980 2066 :
2014 2015 2118 2081 Qui
2139 2015 2340 2068 habitat
2363 2016 2415 2068 in
2444 2014 2747 2069 abscondito
2775 2015 3054 2078 Altissimi,
3085 2015 3212 2087 quia

1673 2103 1725 2157 in
1755 2104 1967 2159 arcanis
1998 2113 2050 2158 et
2080 2104 2307 2160 occultis
2343 2112 2396 2159 te
2434 2105 2742 2160 Altissimus
2771 2106 2914 2162 sedis
2951 2115 3004 2161 et
3034 2107 3212 2162 throni

1673 2202 1974 2250 consortem
1998 2193 2192 2258 effecit,
2223 2203 2278 2250 te
2313 2197 2393 2251 sic
2433 2196 2711 2265 alloquens
2750 2215 2762 2250 :
2794 2195 2924 2250 Sede
2951 2215 2983 2250 a
3011 2197 3212 2253 dextris
3261 2183 3263 2185 1

1672 2285 1819 2348 meis,
1859 2283 2020 2338 donec
2055 2301 2244 2354 ponam
2287 2288 2523 2341 inimicos
2555 2298 2670 2341 tuos
2716 2287 2995 2342 scabellum
3027 2288 3213 2359 pedum

1674 2387 1878 2431 tuorum
1899 2379 1968 2431 ".

1739 2533 1873 2588 Cum
1918 2544 2093 2590 autem
2125 2538 2431 2593 Altissimus
2453 2537 2542 2593 hic
2571 2553 2669 2606 pro
2698 2554 2951 2609 supremo
2975 2540 3213 2595 omnium

1673 2624 1780 2679 Deo
1809 2626 2164 2696 intelligatur;
2218 2628 2476 2684 Dominus
2528 2633 2706 2681 autem
2770 2644 2865 2697 pro
2921 2627 3056 2682 Filio
3100 2628 3213 2694 Dei,

1673 2719 1764 2786 qui
1803 2718 2135 2772 Altissimum
2168 2720 2345 2787 posuit
2378 2717 2641 2789 refugium
2684 2733 2838 2772 suum
2864 2737 2878 2785 ;
2903 2720 3026 2788 jure
3072 2719 3217 2791 Moy-

1675 2822 1760 2861 ses
1781 2806 2020 2875 ejusdem
2054 2805 2287 2875 Spiritus
2303 2809 2521 2884 numine
2541 2807 2750 2862 adlatus
2776 2808 2828 2860 in
2852 2822 3045 2877 magno
3087 2821 3218 2862 can-

1672 2902 1777 2956 tico
1811 2902 1922 2955 haec
1961 2901 2140 2956 docuit
2175 2920 2186 2954 :
2219 2899 2438 2966 Quando
2478 2899 2735 2953 dividebat
2766 2901 3066 2954 Altissimus
3095 2915 3218 2973 geu-

1675 3001 1766 3055 tes,
1797 3002 1854 3046 ut
1876 2991 2247 3046 disseminabat
2280 2993 2419 3060 ﬁlios
2451 2990 2642 3054 Adam,
2675 2991 2938 3044 constituit
2973 2991 3215 3044 terminos

1673 3086 1998 3154 populorum,
2031 3077 2310 3138 secundum
2355 3101 2624 3138 numerum
2665 3085 2961 3154 angelorum
3005 3081 3113 3135 Dei.
3150 3080 3216 3133 Et

1676 3177 1816 3244 facta
1854 3184 1930 3228 est
1967 3176 2136 3242 portio
2169 3175 2380 3228 Domini
2407 3175 2625 3243 populus
2650 3175 2761 3243 ejus
2789 3173 2975 3235 Jucob,
3011 3173 3217 3239 funicu-

2687 3264 2728 3316 ll
2736 3266 2780 3318 is
2820 3265 2958 3317 enim
3009 3262 3217 3334 Moyses

1672 3346 2160 3426 Deum'ingenitum
2185 3356 2392 3425 liquido
2419 3354 2751 3410 Altissimum
2789 3355 3093 3423 appellavit,
3127 3355 3218 3423 qui

1671 3459 1853 3519 gentes
1912 3457 2064 3503 terra:
2119 3448 2321 3518 angells
2377 3448 2491 3502 suis
2550 3445 2859 3508 distribuit;
2935 3443 3218 3499 Dominum

1668 3555 1796 3595 vero
1844 3538 2036 3593 Filium
2085 3537 2199 3599 Dei,
2235 3538 2327 3609 qui
2375 3537 2623 3594 lsraelem
2664 3551 2693 3590 a
2745 3535 2903 3590 Patre
2960 3536 3216 3605 suscepit.

1669 3630 1766 3686 Hic
1815 3647 1940 3703 ergo
1993 3633 2106 3701 ipse
2179 3629 2438 3687 Dominus
2508 3629 2562 3683 in
2625 3627 2893 3696 adjutorio
2957 3625 3218 3680 Altissimi

1670 3723 1910 3778 habitare
1979 3722 2359 3786 afﬁrmabatur,
2431 3728 2486 3777 et
2553 3713 2912 3774 Altissimnm
2970 3718 3220 3787 posuisse

1669 3814 1929 3883 refugium
1976 3829 2153 3879 suum,
2193 3813 2442 3868 videlicet
2485 3810 2697 3864 Patrem
2741 3824 2918 3864 suum.
2950 3809 3221 3875 Quamob-

1669 3922 1779 3960 rem
1819 3903 2020 3959 dictum
2078 3913 2162 3960 est
2216 3905 2294 3959 illi
2349 3923 2362 3958 :
2417 3903 2677 3969 Quoniam
2727 3910 2782 3954 tu
2841 3917 2917 3961 es,
2978 3899 3216 3974 Domine,

1669 4010 1780 4061 spes
1813 4010 1944 4055 mea,
1975 3993 2303 4047 Altissimum
2333 3987 2848 4060 posuistirefugium
2883 3997 3048 4041 tuum.
3081 3985 3218 4052 Quia

1669 4099 1795 4139 vero
1857 4084 2048 4154 Aquila
2097 4089 2150 4138 et
2196 4081 2548 4152 Symmachus
2602 4079 2761 4133 modo
2815 4078 2880 4133 ad
2937 4077 3218 4132 Judaicam

1672 4174 1990 4230 sententiam
2049 4173 2273 4242 propius
2329 4173 2621 4227 accedente
2657 4170 3012 4239 interpretati
3069 4178 3216 4235 sunt,

1674 4259 1975 4314 doctrinam
2009 4275 2039 4312 a
2071 4260 2226 4314 nobis
2257 4261 2322 4314 de
2351 4261 2629 4316 Altissimo
2663 4268 2714 4313 et
2744 4259 2810 4314 de
2843 4258 3069 4314 Domino
3110 4267 3220 4311 tra-

1672 4349 1835 4404 ditam
1885 4359 2187 4418 suspectam
2231 4351 2531 4415 habentes;
2567 4349 2759 4417 Aquila
2812 4349 2954 4404 enim
3017 4347 3215 4409 edidit,

1675 4441 1928 4506 Quoniam
1954 4451 2028 4505 tu,
2077 4440 2314 4503 Domine,
2350 4456 2463 4508 spes
2521 4456 2656 4501 mea,
2706 4439 3020 4490 altissimum
3067 4437 3218 4504 posui
3292 4431 3298 4435 ’

1676 4532 2032 4586 habitaculum
2089 4540 2273 4594 tuum;
2320 4529 2675 4600 Symmachus
2724 4542 2881 4588 vero,
2941 4525 3018 4578 Tu
3059 4526 3216 4589 enim,

1678 4624 1835 4682 Deus,
1856 4623 2050 4692 fiducia
2079 4639 2213 4684 mea,
2239 4620 2553 4676 altissimam
2597 4609 2818 4689 posuisti
2847 4616 3217 4670 habitationem

1675 4726 1848 4776 tuam;
1879 4713 2267 4768 observandum
2300 4710 2473 4780 primo
2492 4718 2593 4772 est,
2622 4709 2868 4778 quintam
2933 4707 3217 4762 editionem

1677 4802 2018 4872 Septuaginta
2047 4800 2727 4875 lnterpretihusaccinere,
2759 4813 2882 4853 nam
2911 4810 2965 4851 et
2994 4798 3109 4867 ipsa
3139 4795 3218 4850 sic

1673 4893 1851 4956 habet,
1884 4891 2139 4957 Quoniam
2175 4899 2250 4953 tu,
2299 4889 2535 4954 Domine,
2567 4905 2678 4958 spes
2728 4905 2862 4953 mea,
2901 4889 3214 4942 altissimum

1673 4983 1893 5051 posuisti
1939 4982 2195 5050 refugium
2253 4991 2398 5034 tuum
2438 4997 2458 5044 ;
2495 4980 2751 5045 secundo,
2786 4979 3095 5035 Hebraicam
3123 4991 3216 5032 vo-

1675 5090 1810 5138 cem,
1839 5087 1956 5142 quaa
1993 5071 2148 5126 Elian
2175 5071 2335 5126 habet
2350 5071 2675 5124 Altissimum
2697 5070 3014 5140 significare.
3050 5066 3105 5121 In
3132 5081 3218 5122 LVI

1674 5165 1813 5221 enim
1829 5164 2033 5233 psalmo
2049 5148 2126 5218 sic
2140 5175 2450 5232 expressum
2466 5161 2768 5215 invenimus
2783 5163 2826 5191 "
2847 5179 2867 5221 ς
2885 5158 3134 5213 Clamabo
3150 5158 3217 5211 ad

1675 5253 1838 5309 Deum
1867 5253 2178 5306 altissimum
2211 5268 2228 5305 :
2266 5251 2354 5306 ubi
2379 5266 2476 5319 pro
2501 5250 2612 5314 illo,
2640 5249 2971 5312 altissimum,
2997 5246 3217 5301 Hebrai-

1675 5359 1797 5397 cum
1821 5342 2109 5410 exemplar,
2135 5341 2308 5402 Elian,
2342 5338 2667 5401 circumfert,
2690 5345 2749 5390 ut
2774 5343 2827 5389 et
2861 5337 2915 5390 in
2945 5334 3212 5400 praesenti.

1673 5434 1787 5488 Non
1821 5440 2031 5500 oportet
2059 5447 2187 5502 ergo
2217 5431 2468 5485 violentia
2498 5435 2710 5483 utentes
2759 5427 3036 5480 veritatem
3065 5439 3216 5479 ever-

1675 5532 1807 5578 tere.
1839 5521 1902 5575 Et
1930 5522 2166 5590 alioquin
2187 5521 2232 5574 si
2257 5517 2550 5575 secundum
2577 5517 2824 5586 Aquilam
2858 5515 2958 5583 ipsi
2989 5510 3215 5565 Domino

1675 5615 1875 5669 dictum
1910 5613 1997 5679 sit,
2030 5610 2293 5679 Quoniam
2321 5621 2374 5664 tu
2399 5626 2474 5675 es,
2498 5607 2734 5672 Domine,
2769 5621 2878 5674 spes
2910 5619 3041 5665 mea,
3063 5599 3213 5654 altis-

1676 5688 1864 5760 simum
1910 5704 2059 5774 posui
2113 5701 2465 5757 habitaculum
2531 5706 2708 5759 tuum;
2768 5703 2858 5751 aut
2921 5690 3213 5747 secundum

637 5859 682 5891 "
722 5857 872 5914 Deut.
906 5872 1089 5918 xuii,
1129 5861 1179 5916 8.
1219 5859 1268 5914 9.
1346 5862 1390 5893 ⁷³
1444 5859 1584 5914 Psal.
1619 5874 1700 5913 ι.ιί
1770 5857 1821 5913 5.
