3976 6356
72 458 176 513 uss
1121 450 1608 518 COMMENTARIA
1645 449 1710 515 in
1746 451 2073 519 PSALMO's.
3036 476 3171 529 usa

66 572 156 629 ταῖς
180 567 407 637 ἡμέραις
443 568 651 634 νύκτας.
672 564 891 624 Μέλλων
912 573 1017 642 γὰρ
1038 564 1127 627 ἐπὶ
1145 575 1204 629 τὺ
1228 574 1546 644 Εὐαγγέλιον

1648 575 1874 629 eandum
1906 577 2211 646 proditurus
2244 572 2403 643 esset,
2439 575 2716 652 antequam
2746 584 3173 652 praedicationem

66 659 137 727 τῆς
159 657 242 710 τοῦ
268 658 399 711 Θεοῦ
428 658 693 729 βασιλείας
724 656 1002 733 παριέναι,
1032 666 1155 736 πρὶν
1180 666 1434 738 ἄρξασθαι
1459 668 1549 721 τοῦ

64 748 374 818 κηρύγματος
390 791 405 812 ,
432 752 523 803 καὶ
544 751 646 820 πρὸ
667 755 764 822 τῆς
795 753 872 816 είς
894 753 1201 824 ἀνθρώπους
1221 756 1547 825 εὐεργεσίας,

64 842 129 891 ἐπὶ
142 840 229 902 τὰς
245 838 440 909 ἐχθρὰς
453 842 543 893 καὶ
562 840 816 911 πολεμίας
835 842 925 896 τοῦ
941 843 1046 896 τῶν
1060 846 1153 899 ἀνθ
1163 845 1351 916 ρώπων
1368 848 1552 914 γένους

60 932 277 998 δυνάμεις
303 929 553 1000 ἀνήγετο·
586 931 757 997 ὅπως,
787 932 993 995 ὲκείνας
1020 934 1233 1004 πρώτας
1258 949 1551 1004 καταγωνιά

63 1021 257 1088 ςὰμενος
284 1022 377 1073 καὶ
404 1020 656 1085 καθελὼν,
676 1020 842 1085 οὕτως
864 1022 953 1077 ἐπὶ
971 1024 1067 1094 τὴν
1086 1024 1191 1077 τῶν
1212 1027 1370 1080 πάλαι
1393 1044 1552 1080 καταρ

62 1112 368 1179 πονουμένων
408 1111 665 1185 λύτρωσίν
702 1131 759 1167 τε
797 1116 887 1187 καὶ
932 1115 1230 1185 ἐλευθερίαν
1279 1118 1548 1189 παρέλθοι.

70 1202 236 1272 Ἐχρῆν
268 1202 371 1273 γὰρ
406 1205 595 1267 αὐτοὺς
626 1204 687 1276 δὴ
719 1206 945 1274 μάλιστα
973 1206 1216 1278 πρώτους
1246 1210 1367 1271 τοὺς
1403 1210 1549 1279 παρὰ

60 1296 166 1346 πᾶσι
191 1296 299 1356 τοῖς
327 1294 496 1348 ἔθνεσι
524 1294 674 1358 θεοὺς
698 1291 830 1350 εἶναι
862 1297 1194 1367 νομίσαντας,
1221 1300 1312 1351 καὶ
1334 1298 1429 1361 τὰς
1446 1301 1550 1352 τῶν

61 1382 327 1456 ἀνθρώπων
347 1385 517 1453 ψυχὰς
536 1388 622 1455 αίχ
630 1385 923 1455 μαλώτους,
947 1386 1051 1438 ἀπὸ
1068 1385 1167 1455 τῆς
1187 1384 1279 1437 τοῦ
1294 1385 1399 1437 τῶν
1419 1387 1551 1439 ὅλων

58 1474 166 1527 Θεοῦ
186 1474 430 1549 γνώεεὼς
456 1492 513 1528 τε
535 1478 625 1529 καὶ
642 1476 913 1540 εὐσεϐείας
933 1477 1366 1548 ἀφαρπάσαντας,
1392 1476 1552 1532 καθυ-
1580 1488 1581 1491 ‘

60 1564 255 1628 ποτάξαι
272 1568 363 1617 καὶ
384 1565 481 1633 τῆς
500 1567 801 1637 τυραννίδος
818 1570 1084 1623 καθελεῖν·
1118 1566 1216 1623 εἷθ’
1235 1566 1399 1631 οὕτως
1421 1569 1551 1645 ἀπα·

60 1671 129 1707 σιν
154 1655 444 1725 ἀνθρώποις
464 1654 523 1709 τὸ
548 1658 871 1727 Εὐαγγέλιον
895 1660 993 1732 τῆς
1012 1658 1104 1715 τοῦ
1130 1659 1261 1713 Θεοῦ
1287 1658 1551 1731 βασιλείας

56 1747 373 1817 παραδοῦναι.
428 1747 517 1802 Διὸ
546 1748 608 1819 δὴ
649 1750 750 1821 πρὸ
790 1750 963 1823 πάσης
990 1746 1362 1823 ἱστορουμένης
1389 1746 1550 1805 αὐτοῦ

56 1836 272 1905 πράξεως
314 1837 537 1913 ἀνήγετο
580 1840 658 1901 είς
687 1838 783 1910 τὴν
830 1840 1026 1912 ἔρημον
1070 1840 1417 1910 πειρασθῆναι
1450 1838 1551 1891 ὑπὸ

53 1926 128 1979 τοῦ
154 1926 385 1980 διαϐόλου
403 1944 417 1958 ’
461 1928 553 1982 καὶ
581 1924 647 1998 ἦν
688 1928 819 1998 μετά
845 1930 951 1982 τῶν
978 1930 1173 2001 Θηρίων
1194 1970 1207 1991 ,
1236 1928 1310 1991 ὣς
1342 1946 1498 1998 φησιν
1524 1930 1550 1981 ὁ

54 2014 436 2086 εὐαγγελιστὴς,
466 2015 624 2086 θηρία
668 2016 967 2087 προσειπὼν
997 2021 1091 2081 τὰς
1132 2017 1550 2088 ἁπηγριωμένας

53 2104 128 2154 καὶ
150 2102 421 2172 θηριώδεις
446 2107 678 2173 πονηρὰς
702 2104 969 2176 δυνάμεις.
1018 2106 1163 2159 Λύτά
1184 2105 1245 2178 δὴ
1269 2102 1368 2183 οὖν.
1383 2106 1551 2159 ταῦτα

52 2184 175 2245 γαϊ’ό
214 2192 395 2263 παρὼν
426 2192 630 2263 ψαλμὸς
659 2196 1029 2264 προαναφωνεῖ
1053 2196 1364 2268 προφητικῷ
1387 2195 1552 2250 Πνεῦ-

52 2298 155 2349 ματι
172 2280 486 2348 ἀναγκαίως.
510 2281 618 2352 Χρὴ
635 2281 757 2353 γὰρ,
770 2282 854 2337 διὰ
865 2283 970 2335 τῶν
985 2282 1276 2355 ἔμπροσθεν
1289 2286 1554 2357 διδαχθέν-

49 2389 127 2433 τας
145 2372 205 2425 τὰ
227 2373 349 2443 περὶ
370 2373 466 2443 τῆς
484 2376 562 2435 είς
583 2374 895 2445 ἀνθρώπους
914 2377 1206 2446 παρουσίας
1229 2377 1321 2431 τοῦ
1345 2393 1484 2447 προφ
1494 2394 1551 2445 η-

48 2460 328 2529 τενομένου,
346 2462 437 2514 καὶ
450 2462 515 2516 τὰ
534 2460 657 2533 περὶ
678 2464 773 2534 τῆς
786 2464 1041 2537 ὲνσάρκου
1058 2468 1349 2537 γεννήσεως
1364 2466 1546 2532 αὐτοῦ,

47 2548 102 2600 τά
117 2565 170 2599 τε
195 2550 433 2619 περὶτοῦ
468 2551 711 2615 θανάτου,
735 2553 879 2615 ὅπως
897 2570 956 2606 τε
976 2557 1039 2607 ἐκ
1071 2554 1371 2625 σπέρματος
1396 2549 1554 2609 Δαυτδ

47 2638 430 2707 προελεύσεσθαι
445 2642 1164 2712 προκεκηρυκτο,ἀκολούθως
1175 2644 1361 2697 καὶτὸν
1371 2644 1552 2712 ἀγῶνα

47 2728 210 2796 μαοεῖν
236 2729 376 2799 ἡμᾶς
406 2729 464 2781 ὃν
494 2731 659 2803 ἡρατο
688 2731 825 2786 κατά
858 2732 963 2787 τῶν
991 2734 1369 2805 ἀντικειμένων
1398 2734 1551 2789 δυνά⁹

47 2836 187 2886 μεων.
205 2818 383 2874 Ταῦτα
404 2816 537 2892 οὖνὴ
557 2821 799 2894 παροῦσα
820 2816 1105 2895 παρίστησι
1126 2825 1417 2895 προφητεία
1439 2843 1557 2896 προ-

45 2908 371 2974 λέγουσα,ὃσα
388 2912 525 2966 κατά
545 2916 641 2984 τὴν
657 2913 853 2985 ἔρημον
870 2914 1148 2985 ὑπέμεινεν
1169 2917 1248 2983 ἐφ’
1266 2914 1409 2980 ὅλαις
1427 2918 1556 2987 ἡμέ-

45 3012 148 3068 ραις
161 3009 209 3072 μ’
227 3003 315 3055 καὶ
329 3003 441 3069 νυξὶ
458 3008 575 3067 ταῖς
599 3005 735 3068 ἴσαις
752 3004 1131 3077 πειραζόμενος
1152 3006 1253 3059 ὑπὸ
1270 3006 1360 3059 1:06
1386 3006 1556 3059 διαϐό-

42 3090 135 3144 λου.
151 3091 411 3164 Θηρευταὶ
432 3094 538 3166 γὰρ
564 3090 701 3167 ἦσαν
727 3098 851 3168 περὶ
873 3096 1030 3150 αὐτὸν
1050 3092 1261 3169 ἀόρατοι
1282 3094 1552 3165 δυνάμεις,

1580 1908 1621 1963 Β

1648 666 1824 729 iniret,
1854 678 1903 721 et
1934 676 2215 736 antequam
2245 668 2495 722 beneﬁcia
2529 670 2830 727 hominibus
2862 675 3173 744 impertiret,

1648 755 1713 808 ad
1744 757 1986 812 inimicas
2010 765 2065 811 et
2089 758 2422 814 adversarias
2453 762 2633 830 generi
2679 762 2911 816 humano
2947 766 3179 823 virtutes

1647 844 1909 898 adductus
1957 854 2067 913 est;
2117 854 2175 900 ut
2206 861 2326 901 cum
2384 848 2502 903 illas
2554 851 2760 918 priores
2783 852 3095 908 debellasset
3123 862 3177 911 et

1648 935 2011 1000 deatruxisset,
2046 937 2125 991 sic
2178 936 2243 989 ad
2289 951 2472 991 eorum
2513 940 2603 1008 qui
2650 939 2775 993 olim
2817 934 3178 1010 ailligebantur

1646 1027 2058 1087 redemptionem
2103 1034 2155 1081 et
2206 1026 2499 1080 libertatem
2530 1029 2818 1082 curandam
2843 1032 3170 1099 procederet.

1648 1116 1934 1185 Oportebat
1973 1118 2117 1171 enim
2151 1117 2325 1187 primo
2358 1119 2477 1173 illos
2500 1121 2589 1187 qui
2620 1120 2759 1187 apud
2782 1135 2965 1176 omnes
2991 1130 3173 1191 gentes

1648 1221 1745 1276 pro
1763 1206 1867 1263 diis
1883 1206 2284 1277 reputabantur,
2316 1209 2695 1278 hominumque
2717 1210 2919 1265 animas
2941 1213 3175 1280 captivas

1651 1314 1677 1349 a
1708 1298 2009 1367 cognitione
2040 1297 2133 1354 Dei
2163 1301 2530 1353 universorum
2560 1306 2613 1353 et
2641 1314 2668 1351 a
2698 1300 2894 1368 pietate
2932 1301 3170 1368 abripue-

1648 1388 1785 1448 rant,
1815 1386 2081 1455 subigere,
2122 1396 2305 1440 eorum
2346 1387 2678 1454 tyrannidem
2712 1388 2887 1442 delere
2917 1406 2927 1440 :
2958 1388 3173 1453 deinde-

1647 1493 1751 1545 que
1779 1478 2025 1531 omnibus
2057 1477 2363 1531 hominibus
2397 1475 2738 1546 Evangelium
2775 1480 2921 1547 regni
2953 1476 3043 1532 Dei
3068 1487 3174 1531 tra-

1646 1569 1789 1623 dere.
1840 1567 2175 1638 Quapropter
2220 1576 2344 1621 ante
2388 1581 2573 1621 omncs
2605 1569 2735 1622 alias
2768 1569 2884 1635 ejus
2915 1570 3171 1633 actiones,

1647 1673 1767 1728 qua:
1788 1659 1839 1712 in
1873 1658 2093 1713 historia
2118 1658 2379 1723 feruntur,
2409 1656 2602 1712 ductus
2624 1657 2774 1711 estin
2796 1658 3085 1721 desertum,
3113 1666 3173 1713 ut

1648 1756 1940 1803 tentaretur
1959 1765 1989 1803 a
2012 1748 2243 1815 diabolo,
2264 1756 2480 1817 eratque
2499 1759 2617 1801 cum
2642 1748 2788 1811 feris,
2822 1755 2879 1800 ut
2901 1748 2974 1800 ait
3009 1763 3173 1802 evan-

1648 1839 1857 1909 gelista,
1904 1838 2399 1909 feras‘nuncnpans
2446 1847 2681 1910 agrestes
2730 1840 2848 1892 illas
2894 1848 2946 1893 et
2972 1838 3172 1894 ferinas

1650 1927 1906 1996 malignas
1936 1927 2178 1983 virtutes.
2211 1927 2332 1983 Hac
2355 1928 2518 1997 igitur
2538 1930 2649 1998 ipsa
2680 1916 2909 1998 pmsens
2933 1930 3172 1997 psalmus

1649 2016 1953 2086 prophetico
1972 2015 2172 2085 Spiritu
2189 2016 2487 2070 necessario
2502 2018 2837 2083 praenuntiat.
2856 2014 2957 2069 Par
2978 2018 3172 2088 quippe

1647 2113 1761 2159 erat
1787 2117 1885 2159 nos
1915 2109 2037 2160 ante
2071 2104 2288 2160 edoctos
2325 2118 2389 2157 ea
2437 2118 2553 2175 quae
2596 2106 2710 2173 ejus
2743 2107 2832 2175 qui
2864 2107 2914 2159 in
2944 2108 3169 2175 prophe-

1647 2196 1721 2250 tia
1774 2194 2083 2249 enuntiatur
2127 2194 2422 2250 adventum
2481 2196 2546 2250 ad
2606 2197 2849 2251 homines
2908 2205 3166 2266 spectant,

1648 2300 1852 2341 necnon
1885 2300 2003 2355 quae
2043 2286 2110 2339 ad
2138 2286 2255 2355 eius
2277 2287 2546 2341 carnalem
2580 2287 2969 2356 generationem
3002 2289 3168 2358 perti-

1648 2380 1793 2439 nent,
1825 2374 1889 2429 ad
1943 2382 2165 2429 mortem
2215 2374 2340 2428 item
2367 2375 2501 2444 ejus.
2532 2384 2582 2429 et
2626 2376 2688 2430 ad
2736 2376 2948 2429 modum
2974 2391 3081 2444 quo
3104 2391 3166 2429 ex

1649 2464 1851 2519 semine
1875 2462 2039 2518 David
2063 2463 2368 2534 proditurus
2397 2465 2870 2533 praenuntiabatur,
2899 2464 3167 2530 ediscere;

1648 2567 1711 2607 ac
1739 2563 2125 2624 consequenter
2143 2554 2301 2608 etiam
2326 2554 2392 2609 de
2420 2559 2708 2610 certamine
2729 2557 2864 2624 ejus,
2890 2556 3029 2625 quod
3050 2570 3173 2609 eon-

1651 2653 1730 2698 tra
1749 2644 2077 2700 adversarias
2099 2630 2388 2714 pOtestates
2414 2646 2667 2713 suscepit,
2686 2645 2905 2699 erudiri.
2930 2644 3171 2715 11ωοὶςὶ-

1651 2744 1738 2791 tur
1764 2751 1995 2807 praasens
2022 2736 2295 2807 prophetia
2324 2736 2576 2800 declarat,
2594 2736 2954 2805 praenuntiatus
2971 2744 3169 2805 quanta

1653 2828 1708 2882 in
1738 2828 1949 2883 deserto
1991 2825 2263 2892 sustinuit,
2298 2826 2486 2880 diebus
2530 2824 2879 2895 quadraginta
2919 2826 3169 2880 totidem-

1652 2932 1754 2989 que
1778 2918 2019 2972 noctibus
2071 2924 2300 2972 tentatus
2328 2930 2357 2969 a
2404 2914 2633 2971 diabolo.
2657 2914 2949 2971 Venatores
2975 2917 3169 2987 quippe

1653 3008 1800 3063 illum
1840 3004 2263 3072 circumdabant,
2296 3005 2595 3075 invisibiles
2627 3020 2816 3077 nempe
2853 3003 3163 3076 potestates,

1651 3098 1867 3167 laqueos
1927 3096 2029 3167 ipsi
2078 3106 2347 3167 parantes.-
2421 3094 2487 3149 Et
2553 3096 2669 3151 aliae
2727 3096 2937 3167 quidem
2990 3098 3167 3153 verbis

42 3181 247 3249 παγίδας
294 3184 439 3253 αὐτῷ
470 3185 976 3249 κατασκευάζουσαι.
1009 3186 1115 3238 Καὶ
1147 3186 1202 3238 αἱ
1250 3185 1347 3256 μὲν
1375 3184 1546 3251 λόγοις

1651 3186 1969 3243 turbulentis
2012 3182 2351 3242 conturbare
2384 3184 2558 3255 ipsum
2603 3187 2909 3254 tentabant;
2950 3187 3065 3240 alia
3112 3181 3168 3240 in

1578 3234 1619 3290 C

39 3273 378 3342 ταραχώδεσιν
408 3276 564 3329 αὐτὸν
594 3276 833 3346 θορυὸεῖν
853 3274 1196 3347 πειρώμεναι,
1226 3277 1349 3330 αίδὲ
1377 3275 1546 3345 φοϐεῖν

1651 3286 1805 3334 nocte
1832 3275 2261 3349 perterrefacere.
2290 3277 2421 3332 Alia:
2464 3277 2591 3331 item
2638 3276 2691 3330 in
2743 3274 2829 3330 die
2867 3276 3162 3346 spiritaalia

38 3367 159 3420 κατά
195 3366 289 3429 τὰς
335 3366 561 3432 νύκτας,
594 3366 686 3422 καῖ
730 3368 886 3422 πάλιν
928 3368 1059 3422 ἀλλα
1089 3366 1155 3419 δι’
1188 3366 1394 3438 ἡμέρας
1424 3365 1546 3437 βέλη

1644 3371 1746 3426 tela
1792 3369 2144 3425 immittebant
2176 3367 2232 3422 in
2278 3382 2434 3435 eum;
2465 3381 2675 3422 rursum
2725 3366 2861 3431 alias,
2900 3382 3019 3436 qua:
3065 3381 3166 3422 nec

36 3460 182 3529 νοητά
220 3456 521 3529 πέμπουσαι
562 3460 680 3513 κατ’
708 3459 896 3514 αὐτοῦ·
943 3460 1036 3514 καὶ
1067 3455 1217 3521 αὖθις
1245 3457 1422 3528 ἕτεραι
1450 3458 1549 3511 οὐκ

34 3546 323 3618 ὠνομάσθαι
348 3548 476 3618 ἡμῖν
501 3585 517 3610 ,
564 3543 680 3598 οὐδὲ
726 3544 972 3617 λεχθῆναι
1001 3546 1287 3615 δυνάμεναι
1333 3544 1548 3615 θνηταῖς

31 3640 232 3702 ἀκοαῖς,
255 3638 345 3691 τὸν
370 3638 488 3691 κατ’
506 3635 667 3705 αὐτοῦ
696 3630 990 3710 πειρασμὸν
1014 3635 1513 3708 πραγματευόμεναι
1528 3652 1541 3665 ·

30 3726 54 3776 ὃ
81 3727 140 3797 δὴ
174 3727 418 3798 σημαίνει
449 3724 668 3802 φάσκων
693 3727 721 3779 ό
751 3726 921 3794 λόγος,
966 3724 1104 3802 Ἀπρ
1126 3724 1453 3795 πράγματος
1477 3724 1545 3777 ἐν

30 3818 219 3869 σκότει
240 3800 755 3886 διαπορευομένουο
773 3812 909 3867 Ἀνθ’
939 3803 999 3869 06
1021 3815 1050 3867 ό
1082 3800 1176 3884 μὲν
1210 3810 1430 3875 ’Δκύλας
1449 3813 1545 3883 ἡρ-

32 3908 95 3977 Pii
102 3926 187 3961 νευ
194 3924 299 3972 σεν.
315 3906 456 3962 Ἀπὸ
467 3905 726 3979 ῥήματος
739 3907 805 3959 ἐν
819 3904 1150 3974 σκοτομήνῃ
1167 3902 1545 3972 περιπατοῦν-

28 4015 117 4065 τος
136 4017 147 4029 ·
182 3996 212 4051 ό
236 4000 290 4053 δὲ
318 3998 600 4071 Σύμμαχος
615 4023 641 4064 ,α
661 3997 807 4052 Οὐδὲ
842 3998 1049 4057 λοιμὸν
1077 3993 1222 4065 ζόφῳ
1246 3996 1541 4049 Mariana.

89 4149 223 4217 Ἤδη
249 4148 410 4201 δὲκαὶ
436 4147 501 4199 τά
516 4146 857 4200 ἀναιδέστατα
884 4145 975 4198 καὶ
1001 4144 1285 4214 ἀρχοντικά
1308 4143 1543 4196 τῶνδαι-

27 4238 231 4303 μονίων,
260 4236 327 4289 τὰ
347 4238 404 4288 ὲν
422 4237 556 4307 αὐτῇ
576 4240 639 4307 τῇ
670 4230 976 4306 μεσημϐρίᾳ
1000 4236 1096 4287 καὶ
1120 4236 1186 4304 τῇ
1212 4233 1303 4287 τοῦ
1318 4231 1541 4305 ¹ἡλιακοῦ

24 4326 188 4395 φωτὸς
230 4327 380 4398 ἀκμῇ
428 4326 702 4398 τολμῶντα
734 4325 1195 4397 παραφαίνεσθαι,
1239 4324 1541 4395 προσῄεσαν

21 4417 179 4488 αὐτῷ.
213 4416 332 4470 Τῶν
362 4416 471 4489 γὰρ
517 4417 688 4471 ἀλλων
725 4415 786 4468 τὸ
834 4418 1027 4469 οἰκεῖον
1060 4416 1244 4478 σκότος
1287 4414 1544 4485 μεταδιω⁴

21 4509 233 4572 πιόντων,
266 4516 359 4563 καὶ
393 4510 450 4563 ἑν
642 4509 793 4563 νυκτὶ
820 4505 1135 4576 φαντασιοῦν
1163 4505 1442 4571 εἰωθότων,
1474 4505 1541 4559 τά

1642 3460 1907 3517 nominari
1938 3459 2111 3528 nobis,
2141 3472 2240 3514 nec
2300 3457 2407 3512 dici
2455 3456 2771 3512 mortalibus
2796 3456 3016 3511 auribus
3037 3472 3167 3526 pos-

1640 3558 1785 3614 sunt,
1822 3550 2169 3606 tentationem
2202 3547 2256 3603 in
2316 3563 2437 3603 eum
2493 3546 2823 3603 adornabant
2854 3562 2869 3599 :
2899 3546 3042 3615 quod
3082 3547 3165 3602 his

1640 3639 2052 3711 signiﬁcatur"!
2084 3639 2283 3710 negotio
2308 3636 2691 3706 perambulante
2712 3636 2765 3687 in
2798 3631 3160 3688 tenebris.‘Pro

1639 3744 1746 3797 quo
1776 3729 1966 3798 Aquila
2013 3728 2226 3798 quidem
2269 3712 2645 3797 interpretatus
2686 3734 2786 3797 est,
2837 3723 2879 3775 Α
2912 3722 3056 3777 verbo
3106 3724 3159 3776 in

1645 3827 1784 3871 nocte
1814 3818 1959 3869 illum
1980 3817 2371 3884 perambulante
2394 3832 2412 3877 ;
2442 3816 2793 3886 Symmachus
2814 3827 2959 3880 vero,
2985 3810 3159 3883 Nequa

1640 3915 1823 3973 pestem
1845 3906 1898 3960 in
1927 3906 2144 3976 caligine
2183 3893 2526 3957 ambulan‘em
2636 3888 2643 3897 “

1708 4146 1787 4201 Ad
1814 4148 1925 4201 haec
1950 4161 2077 4201 vero
2103 4146 2262 4202 etiam
2303 4144 2751 4216 impudentissimi
2774 4144 3159 4211 daemoniorum

1637 4238 1925 4310 principes,
1960 4236 2051 4304 qui
2083 4236 2135 4288 in
2166 4235 2411 4298 meridie,
2443 4235 2650 4304 vigente
2683 4235 2813 4289 solis
2832 4234 2970 4298 luce,
3000 4248 3163 4309 appa-

1637 4342 1754 4383 rere
1780 4326 1895 4381 ausi
1926 4331 2069 4386 sunt,
2093 4333 2444 4379 accesserunt
2470 4325 2534 4379 ad
2576 4339 2718 4379 eum.
2750 4322 2882 4377 Nam
2907 4337 3028 4378 cum
3071 4321 3161 4375 alii

1637 4419 1879 4491 proprias
1906 4416 2007 4472 sibi
2064 4417 2311 4471 tenebras
2344 4422 2631 4478 sectentur,
2664 4421 2717 4470 et
2756 4414 2811 4468 in
2840 4413 2952 4471 sola
3006 4418 3163 4466 nocte

1638 4507 1946 4579 pbantasias
2008 4519 2221 4560 movere
2278 4505 2517 4569 soleant;
2580 4503 2670 4572 qui
2716 4499 3160 4570 impndentissimi

18 4600 364 4657 ἀναιδέστατα
394 4602 487 4655 καὶ
505 4601 580 4653 ’δι’
599 4600 805 4672 ἡμέρας
836 4598 1005 4669 τολμᾷ
1032 4596 1325 4666 φαίνεσθαι,
1361 4597 1452 4649 καὶ
1483 4596 1540 4647 ὲν

1644 4607 1783 4661 sunt,
1810 4596 1969 4649 etiam
2020 4596 2076 4648 in
2104 4594 2191 4649 die
2220 4608 2476 4663 apparere
2506 4592 2722 4655 audent,
2763 4598 2815 4645 et
2866 4592 2919 4645 in
2971 4591 3159 4646 mediis

22 4689 207 4759 μέσαις
229 4692 421 4761 αὐγαῖς
446 4691 613 4762 ἡλίου.
627 4690 856 4744 Τοιαῦτα
873 4690 928 4743 δὲ
949 4686 1017 4760 ἦν
1034 4690 1102 4741 τὰ
1128 4686 1314 4756 καὶτῷ
1332 4685 1540 4757 Σωτῆρι

1644 4686 1907 4743 solaribus
1928 4684 2114 4739 radiis.
2147 4683 2302 4739 Tales
2329 4690 2485 4737 erant
2509 4683 2601 4752 qui
2624 4681 2965 4741 .Salvatorem
2989 4682 3161 4736 adorti

20 4781 260 4836 ἐπιόντα·
298 4782 413 4853 μεθ’
443 4782 652 4853 ἡμέραν
709 4781 803 4851 μὲν
848 4776 937 4833 οὖν
981 4779 1205 4834 τοιαῦτά
1240 4793 1358 4830 τινα
1395 4776 1541 4846 αὐτῷ

1644 4777 1869 4841 sunt;in
1903 4774 1989 4829 die
2030 4788 2261 4843 namque
2310 4766 2618 4853 huiusmodi
2668 4770 2894 4840 spiritus
2938 4771 3159 4825 accede-

17 4872 256 4942 προσῄει,
286 4872 425 4927 κατά
444 4873 499 4925 δὲ
516 4873 614 4936 τὰς
631 4870 825 4932 νύκτας
843 4869 1019 4940 ἔτερα·
1039 4869 1126 4921 Αιδ
1153 4867 1358 4939 εἴρηται
1378 4864 1503 4935 ἑξῆς
1522 4881 1535 4896 ⁸

21 4961 96 5011 Οὐ
128 4961 440 5031 φοϐηθήσῃ
476 4959 592 5015 ἀπὸ
633 4962 815 5033 φόβου
861 4956 1227 5023 νυκτερινοῦ,
1277 4956 1369 5008 καί
1418 4954 1535 5008 ἀπὸ

14 5047 346 5117 πράγματος
363 5051 434 5103 ἐν
456 5052 655 5105 σκότει
678 5047 1186 5117 διαπορευομένὊυ.
1224 5045 1453 5115 Ὀρῶνια
1480 5044 1534 5097 δὲ

16 5139 169 5194 αὐτοῦ
191 5141 291 5209 τὴν
313 5140 519 5212 ἄμαχον
543 5143 637 5196 καὶ
667 5142 923 5214 ἀήττητον
947 5138 1187 5207 δύναμιν,
1216 5135 1347 5207 ὁμοῦ
1381 5136 1537 5188 πάλιν

15 5232 365 5305 ἀθροιζόμενα
417 5233 555 5287 κατὰ
611 5236 771 5306 στίφη
830 5232 1117 5304 προσίεσαν
1166 5228 1309 5299 αὐτῷ
1362 5227 1534 5299 πλήθη

15 5322 286 5392 δυνάμεων
324 5322 719 5393 ἀντικειμένων.
750 5325 857 5378 Καί
901 5340 988 5394 μοι
1014 5318 1255 5375 δοκοῦσιν
1291 5319 1341 5371 oi
1373 5317 1535 5373 πάλαι

16 5414 139 5484 παρ’
168 5412 465 5485 ἀνθρώποις
486 5412 815 5484 νομιζόμενοι
834 5415 963 5478 θεοὶ,
996 5413 1089 5467 καὶ⁵
1113 5410 1178 5465 τά
1196 5409 1537 5478 ἀντικείμενα

16 5505 328 5577 πνεύματα.
358 5505 513 5574 ξένην
556 5504 691 5583 τινὰ¹
723 5505 881 5573 φύσιν
918 5506 1010 5559 καὶ
1056 5503 1276 5572 δύναμιν
1328 5500 1540 5553 πάντων

13 5597 189 5650 αὐτῶν
220 5594 598 5667 καθαιρετικὴν
638 5593 881 5665 θεώμενα
922 5599 981 5651 ὲν
1018 5594 1095 5666 τῷ
1134 5592 1397 5665 ἀνθρώπῳ
1446 5589 1538 5643 τοῦ

15 5684 260 5761 Σωτῆρος
287 5686 469 5759 ἡμῶν,
498 5683 629 5756 ὁμοῦ
661 5684 913 5755 συνῆχθαι
953 5683 1331 5755 ἁπανταχόθεν,
1373 5679 1539 5752 ἀθρόα

14 5792 65 5827 τε
98 5778 378 5832 προσιέναι
412 5772 500 5832 atat
533 5777 885 5831 ποοσοήσσειν
917 5776 1114 5831 ἐθέλειν
1140 5773 1304 5833 αὐτῶ.
1335 5771 1537 5835 Καὶ,τά

1636 4866 1763 4920 bant
1797 4864 1862 4918 ad
1891 4878 2035 4927 eum,
2069 4863 2123 4916 in
2150 4862 2396 4916 noctibus
2428 4872 2602 4917 autem
2623 4862 2733 4916 alii.
2758 4860 2934 4928 Quare
2965 4860 3161 4915 dicitur

1634 4962 1836 5025 postea,
1864 4952 1986 5006 Non
2015 4953 2211 5006 timebis
2240 4970 2272 5005 a
2301 4954 2480 5007 timore
2515 4961 2783 5018 nocturno,
2814 4962 2863 5007 et
2902 4969 2935 5006 α
2960 4954 3160 5022 negotio

1631 5044 2019 5118 perambulante
2068 5046 2124 5097 in
2172 5044 2407 5099 tenebris.
2440 5045 2573 5099 Cum
2618 5054 2791 5100 autem
2835 5042 3084 5097 invictam
3103 5051 3164 5099 et

1639 5138 2047 5207 insuperabilem
2081 5136 2198 5204 ejus
2231 5136 2477 5191 virtutem
2506 5144 2784 5191 cernerent
2804 5173 2817 5196 .
2849 5134 3059 5204 agmine
3084 5134 3161 5190 si-
3207 5147 3213 5155 '

1640 5229 1748 5283 mul
1787 5227 2073 5291 instructo,
2127 5225 2409 5279 multitudo
2458 5223 2881 5279 adversariarum
2928 5229 3161 5293 potesta-

1640 5328 1751 5374 tum
1807 5318 1979 5387 ipsum
2037 5330 2291 5387 aggressa
2323 5325 2423 5370 est.
2484 5312 2808 5380 Videturque
2857 5312 3006 5373 mihi.
3037 5314 3156 5367 illos

1640 5414 1785 5475 olim,
1826 5409 1917 5479 qui
1959 5409 2099 5480 apud
2128 5409 2369 5462 homines
2397 5404 2468 5458 dii
2509 5403 2969 5468 existimabantur,
3005 5405 3159 5457 item-

1640 5518 1748 5573 que
1766 5499 2103 5556 adversarios
2133 5498 2374 5569 spiritus,
2406 5494 2719 5562 stupendam
2762 5495 3044 5563 quamdam
3064 5508 3159 5546 na-

1638 5602 1811 5647 turam
1844 5588 2177 5645 et’virtutem
2202 5586 2302 5643 sibi
2323 5584 2570 5639 omnibus
2596 5584 2874 5637 exitiosam
2902 5585 2953 5635 in
2986 5582 3159 5637 homi-

1637 5698 1706 5737 ne
1730 5678 2021 5736 Salvatoris
2048 5677 2220 5735 nostri
2254 5675 2509 5739 videntes,
2534 5688 2638 5729 una
2673 5681 3022 5744 congregatos
3058 5688 3159 5726 un-

1635 5770 1794 5832 dique
1820 5769 2101 5827 confertim
2124 5766 2433 5828 accessisse,
2467 5772 2523 5819 ut
2557 5764 2911 5829 irrumperent
2934 5763 2987 5817 in
3012 5776 3155 5818 eum.
