3960 6352
40 432 155 488 1157

1174 422 1667 486 COMMENTARIA
1704 425 1769 484 IN
1803 422 2136 487 PSALMOS.

3088 431 3224 490 “58

40 566 134 603 των
160 547 342 618 ψυχὰς
382 542 487 600 ἀπὸ
523 544 629 600 τῶν
670 543 833 601 πάλαι
890 546 1339 617 ᾐχμαλωτικότων
1371 547 1539 611 αὑτὰς
1561 587 1575 613 ,

1685 547 1883 602 minum
1926 548 1992 603 ab
2021 548 2118 612 iis,
2138 545 2230 618 qui
2270 546 2414 617 ipsas
2445 546 2572 601 olim
2609 545 2665 603 in
2697 547 3058 620 captivitatem
3102 548 3229 604 ahe-

38 638 342 711 ιλευθεροῡν
370 656 431 691 τε
456 639 623 701 αὑτὰς
655 639 761 691 ἀπὸ
797 638 895 708 τῆς
931 639 1316 711 εἰδωλολάτρου
1354 640 1578 709 πλάνης,

38 730 333 800 ιναγκαίως
358 730 567 801 πρῶτον
596 729 845 783 ἁπάντων
880 732 998 783 κατ’
1026 729 1204 783 αὐτῶν
1228 728 1581 801 ἐστρατεύετο

37 819 123 873 ςῶν
174 818 271 873 τὸν
327 808 533 888 μακρδν
570 816 739 869 αἰῶνα
767 818 1259 888 τετυραννηκότων,
1324 819 1475 872 Ἐπεὶ
1524 820 1581 873 δὲ

37 911 231 973 τούτοις
268 909 673 981 κατηγωνίσατο
727 908 803 961 δι’.
826 911 1101 982 ὑπομονῆς
1140 910 1339 975 παντὸς
1396 927 1584 984 πειρα-

37 1001 180 1073 ιμοῦ,
208 1001 292 1055 διό
317 1018 485 1073 φησιν.
502 1002 530 1054 ό
557 1002 767 1064 Λουκᾶς
794 1017 809 1032 ’
838 1001 947 1055 Kal
988 1004 1361 1070 συντελέσας
1391 1004 1585 1059 πάντα

37 1095 356 1165 πειρασμὸν
388 1097 420 1148 ὀ
455 1093 731 1158 διάϐολος
767 1082 1003 1163 ἀπέστη
1053 1095 1152 1149 ἀπ’
1191 1095 1393 1149 αὐτοῦ.
1430 1094 1582 1150 Μετὰ

37 1186 192 1240 ταῦτα
243 1187 336 1240 ἐπὶ
384 1184 479 1257 τὴν
518 1185 623 1238 τῶν
674 1184 974 1256 ἀνθρώπων
1027 1184 1321 1257 θεραπείαν
1353 1186 1579 1259 ἐχώρει·

37 1277 171 1331 ἔνθεν
222 1276 319 1331 καὶ
372 1277 616 1350 ἔφριττον
666 1275 825 1330 αὑτὸν
853 1277 900 1329 οἱ
949 1275 1197 1348 δαίμονες
1220 1317 1235 1341 ,
1273 1276 1592 1348 ὡμολόγουν

38 1384 79 1419 τε
106 1366 274 1420 αὐτὸν
323 1367 518 1419 εἰδέναι
568 1365 711 1430 ὅστις
736 1364 851 1436 εἴη,
890 1364 1117 1435 βοῶντες
1146 1367 1254 1420 ,καὶ
1308 1366 1579 1434 λέγοντεςο

35 1458 149 1519 Ἔα,
178 1457 240 1509 τί
264 1457 410 1525 ἡμῖν
438 1458 539 1511 καί
580 1469 698 1519 σοι,
752 1455 845 1510 Υἱὲ
872 1455 978 1510 τοῦ
1016 1456 1198 1519 Θεοὺ;
1244 1455 1486 1526 οἴδαμέν
1512 1473 1585 1511 σε

35 1550 111 1612 τίς
139 1544 218 1610 εἴ,
248 1551 280 1601 d
310 1548 473 1617 ἅγιος
503 1548 609 1603 τοῦ
632 1548 799 1602 Θεοῦ.
843 1547 974 1600 Ἀπὸ
1010 1547 1117 1619 γὰρ
1150 1548 1245 1618 τῆς
1267 1547 1399 1619 πρὸς
1427 1547 1584 1601 αὑτὸν

36 1637 337 1709 ἑνεχθείσης
366 1639 547 1710 φωνῆς
579 1638 986 1711 μεμαθήκεισαν
1011 1638 1157 1701 ὅστις
1187 1633 1253 1709 ἧν
1273 1656 1285 1669 ·
1328 1638 1462 1691 ἀλλὰ
1492 1639 1586 1691 καὶ

35 1728 119 1796 ἀφ’
163 1721 241 1782 ὧν
287 1729 579 1799 εἰργάσατο
618 1728 757 1783 κατὰ
793 1728 886 1781 τὸν
929 1726 1023 1781 τοῦ
1060 1728 1362 1799 πειρασμοῦ
1402 1728 1586 1800 καιρὸν

35 1819 223 1889 ᾔδεσαν
261 1818 424 1874 αὑτοῦ
449 1820 546 1891 τὴν
572 1820 820 1890 δύναμιν.

1683 646 1891 709 gerant,
1924 636 2234 703 abduceret,
2265 638 2624 708 liberaretque
2669 639 2736 693 ab
2776 639 3042 694 idolorum
3074 654 3228 695 erro-

1682 746 1773 798 re;
1809 732 2113 787 necessario
2148 731 2345 792 bellum
2405 732 2578 801 primo
2633 732 2848 801 gerebat
2902 731 2956 784 in
3012 747 3107 787 eos
3135 732 3228 802 qui

1681 820 1940 875 diuturno
1977 828 2217 890 tempore
2246 821 2586 892 tyrannidem
2628 820 2963 877 obtinebant.
3004 821 3068 875 Et
3101 823 3228 892 quia

1682 912 1829 982 ipsos
1865 926 1960 981 per
1997 914 2353 966 tentationum
2404 913 2647 966 omnium
2684 912 3021 966 tolerantiam
3059 928 3231 984 oppu-

1682 1001 1904 1073 gnabat.
1930 1001 2050 1056 ideo
2073 1000 2249 1057 Lucas
2283 1003 2358 1056 ait
2387 1021 2400 1057 :
2438 1000 2506 1055 Et
2539 1017 2655 1071 cum
2675 1014 3084 1057 consummasset
3117 1021 3231 1058 om-

1682 1110 1797 1147 nem
1835 1095 2170 1150 tentationem
2200 1093 2462 1161 diabolus,
2491 1096 2729 1150 discessit
2765 1095 2829 1149 ab
2857 1112 2916 1149 eo
2946 1095 3011 1150 ⁸⁸.
3032 1094 3231 1151 Deinde

1682 1199 1811 1239 vero
1841 1184 1908 1239 ad
1940 1184 2220 1241 hominum
2252 1184 2584 1242 curationem
2616 1193 2668 1241 et
2703 1185 2966 1241 medelam
3013 1187 3232 1254 accede-

1683 1277 1774 1332 bat
1825 1296 1838 1331 :
1879 1291 2046 1347 quare
2097 1275 2397 1332 fremebant
2428 1278 2482 1332 in
2532 1292 2654 1332 eum
2690 1278 2984 1341 daemones,
3012 1278 3233 1332 conﬁte-

1683 1350 1986 1436 banturque
2018 1382 2078 1422 se
2108 1381 2271 1423 nosse
2292 1368 2415 1438 quis
2454 1373 2620 1431 esset,
2648 1368 2942 1423 clamantes
2972 1373 3025 1422 et
3046 1368 3231 1422 dicen-

1684 1468 1762 1514 tes
1792 1479 1803 1514 :
1843 1457 1984 1524 Sine,
2014 1459 2137 1530 quid
2172 1460 2319 1514 nobis
2361 1469 2409 1513 et
2458 1459 2569 1524 tibi,
2606 1457 2712 1512 Fili
2732 1459 2870 1513 Dei?
2906 1457 3159 1512 Nouimus
3189 1467 3234 1513 te

1682 1554 1795 1622 quis
1825 1552 1923 1617 sis,
1957 1561 2167 1606 sanctus
2191 1550 2286 1605 Dei
2318 1550 2478 1617 5".Ah
2495 1551 2641 1605 illata
2660 1552 2806 1607 enim
2833 1551 2910 1604 illi
2950 1566 3079 1606 voce
3105 1552 3234 1606 didi-

1683 1651 1870 1696 cerant
1899 1642 2148 1711 quisnam
2178 1650 2352 1708 esset;
2387 1640 2497 1694 imo
2527 1641 2688 1694 etiam
2717 1655 2784 1695 ex
2814 1640 2881 1693 iis
2912 1653 3031 1709 quae
3059 1646 3235 1693 tenta-

1684 1734 1848 1790 tionis
1877 1742 2116 1804 tempore
2153 1740 2414 1806 gesserat,
2440 1731 2560 1800 ejus
2588 1730 2843 1787 virtutem
2880 1739 3163 1785 noverant.

100 1927 181 1980 Οὐ
209 1928 677 1995 προσελεύσεται
709 1927 857 1997 πρὸς
899 1928 973 1982 σὲ
1016 1928 1188 1991 κακὰ,
1220 1928 1319 1981 καὶ
1362 1925 1583 1997 μάστιξ

1752 1938 1917 1995 Vens.
1934 1938 2115 1995 10-12.
2140 1936 2263 1992 Non
2286 1933 2523 1992 accedent
2546 1936 2614 1990 ad
2646 1945 2692 1989 te
2715 1934 2875 2001 mala,
2898 1943 2947 1988 et
2968 1931 3233 2005 ﬂagellum

36 2016 355 2105 οὐκρτΜῖ
372 2017 449 2083 τῷ
481 2018 822 2087 σκηνώματι
852 2032 989 2072 σου.
1014 2020 1131 2071 ’Ότι
1160 2017 1283 2083 τοῖς
1313 2016 1583 2099 ἀγγέλοις

1685 2049 1783 2097 Ion
1809 2028 2240 2101 appropinquabit
2264 2028 2597 2091 tabernaculo
2622 2038 2728 2081 tuo.
2750 2026 3009 2093 Quoniam
3036 2020 3233 2096 angelis

36 2108 213 2165 αὑτοῦ
268 2109 586 2165 ἐντελεῖται
630 2110 761 2179 περὶ
809 2108 925 2164 σοῦ
977 2109 1082 2164 τοῦ
1113 2108 1469 2178 διαφυλάξαι
1514 2126 1584 2164 σε

36 2202 98 2255 ἐν
140 2200 530 2266 πάσαιςταῖς
567 2199 724 2266 ὁδοῖς
770 2214 904 2254 σου.
955 2200 1078 2253 ἐπὶ
1121 2184 1587 2269 χέιρῶν-ἀροῦσί

37 2303 124 2355 σε,
144 2293 378 2362 μήποτε
402 2294 753 2365 προσκόψῃς
779 2291 923 2360 πρὸς
946 2293 1118 2347 λίθον
1144 2293 1247 2345 τὸν
1271 2292 1422 2347 πόδα
1448 2308 1580 2345 σου.

37 2384 141 2437 Καὶ
160 2380 337 2437 ταῦτα
368 2382 444 2453 τῷ
473 2382 611 2435 κατά
634 2382 864 2453 Χριστὸν
890 2382 1291 2452 τετελειωμένῳ
1313 2381 1467 2452 ἀνδρὶ
1493 2381 1585 2433 καὶ¹

38 2472 109 2543 τῷ
138 2473 283 2544 χορῷ
324 2473 430 2526 τῶν
462 2473 553 2527 τοῦ
602 2472 835 2543 Χριστοῦ
872 2458 1198 2545 μαρτύρων,
1246 2475 1310 2543 τῇ
1355 2488 1412 2524 τε
1456 2472 1585 2541 ἁγία

40 2562 197 2615 αὑτοῦ
236 2562 547 2634 Ἐκκλησία,
576 2565 667 2617 καὶ
686 2563 751 2635 δὴ
777 2565 870 2617 καὶ
913 2564 1059 2635 αὑτῷ
1092 2563 1167 2634 τῷ
1204 2562 1434 2634 Χριστοῦ
1480 2562 1584 2615 σώ-

45 2668 166 2722 ματι
196 2652 482 2723 άρμόσειεν
509 2650 573 2704 ἂν
621 2651 902 2719 λέγεσθαι·
942 2652 1004 2704 El
1048 2651 1155 2722 γὰρ
1190 2650 1586 2720 παρεμϐάλλει

41 2741 285 2811 ἅγγελος
316 2738 530 2811 Κυρίού
558 2740 758 2806 κύκλῳ
801 2741 918 2795 τῶν
968 2741 1347 2810 φοϐουμένων
1382 2743 1585 2807 αὑτὸν,

44 2834 131 2886 καὶ
148 2835 397 2902 ῥύσεται
429 2833 669 2899 αὐτοὺς,
698 2832 804 2886 τῶν
832 2832 1280 2904 ὑπερϐεϐηκότων
1308 2833 1396 2887 τὸν
1428 2833 1589 2903 φόϐον

48 2927 131 2978 καὶ
159 2926 215 2977 ὲν
262 2925 371 2990 ἕξει
418 2924 594 2995 τελεία
626 2924 724 2995 τῆς
772 2923 908 2977 κατὰ
939 2924 1114 2996 ψυχὴν
1149 2924 1345 2997 ἀρετῆς
1388 2942 1587 2995 τυγχα-

48 3018 251 3083 νόντων,
281 3019 461 3082 ὁποῖός
487 3022 628 3071 ἐστιν
657 3021 689 3071 ό
726 3016 1065 3086 καθήμενος
1093 3016 1161 3071 ἐν
1185 3017 1433 3085 βοηθείᾳ
1485 3017 1589 3072 τοῦ

57 3108 360 3178 Ὑψίστου.
389 3109 486 3164 καὶ
503 3108 626 3163 ’ὑπὸ
653 3108 763 3178 τὴν
790 3110 971 3162 σκιὰν
985 3107 1089 3162 τοῦ
1113 3107 1319 3161 ἱκανοῦ
1362 3106 1591 3168 αὐλιζό-

44 3218 244 3269 μενος·
302 3202 410 3255 τῶν
465 3197 551 3254 οὖν
610 3188 858 3253 τοιούτων
906 3200 1001 3269 οὐχ
1051 3195 1129 3263 εἷς
1180 3197 1422 3270 ἄγγελος,
1456 3198 1590 3253 ἀλλὰ

49 3292 379 3363 παρεμϐολαὶ
416 3292 631 3354 πλείους
670 3292 1015 3344 καθίστανται
1054 3288 1308 3359 φύλακες,
1342 3291 1459 3344 ὅσαι
1503 3291 1593 3344 καὶ

52 3382 253 3446 πλεεους
299 3384 350 3435 οἱ
398 3382 476 3453 τῷ
532 3382 671 3437 κατὰ
724 3382 855 3436 Θεὸν
893 3382 1079 3453 τελείῳ
1138 3380 1589 3445 ἐπιϐουλεύοντες.

51 3476 191 3529 Οὕτω
232 3473 363 3543 γοῦν
385 3475 478 3528 καὶ
519 3472 610 3527 τὸν
652 3474 932 3544 προφήτην
997 3472 1289 3526 Ἐλισσαῖον
1338 3464 1593 3526 ὲκύκλοῖιν

52 3563 239 3632 πλῆθος
262 3561 570 3633 δορυφόρων
591 3560 854 3629 ἀγγέλων.
879 3562 969 3613 Διὸ
997 3560 1142 3613 οὐδὲν
1161 3561 1266 3613 τῶν
1290 3560 1593 3631 βλαπτικῶν

50 3652 430 3707 ἐπελεύσεσθαι
456 3652 669 3719 λέγεται
701 3650 777 3722 τῷ
804 3651 890 3705 διὰ
910 3648 999 3703 τοῦ
1022 3649 1234 3721 ψαλμοῦ
1263 3667 1595 3722 προφητευο-

54 3750 185 3817 μένῳ
203 3762 216 3775 ’
251 3745 364 3798 ἀλλ’
403 3744 520 3797 οὐδὲ
550 3742 743 3813 μάστιξ
768 3742 859 3796 ἐπὶ
878 3742 938 3795 τὸ
968 3741 1122 3813 σῶμα
1146 3741 1451 3811 ἐφάψασθαι
1500 3742 1589 3796 τοῦ

52 3838 392 3907 σκηνώματας
422 3835 585 3889 αὑτοῦ
606 3851 620 3865 ⁸
661 3835 894 3906 μάστιγα
921 3834 1179 3888 νοούντων
1216 3833 1369 3905 ἡμῶν
1406 3835 1465 3887 οὐ
1495 3835 1591 3905 τὴν

53 3929 336 4001 κοινότερον
360 3928 680 3999 λεγομένηνο
714 3927 885 4001 ταύτῃ
921 3927 1027 3999 γὰρ
1056 3927 1451 3998 ὲμαστίχθησαν
1489 3945 1591 3998 μυ-

53 4020 145 4089 ρίοι
159 4020 261 4075 τῶν
278 4021 443 4090 ἁγίων
461 4020 552 4073 τοῦ
567 4018 697 4073 Θεοῦ
715 4019 997 4090 μαρτύρων
1017 4018 1108 4071 καὶ
1128 4018 1288 4071 αὑτοῦ
1306 4019 1361 4071 δὲ
1372 4018 1462 4071 τοῦ
1483 4019 1593 4071 Σω·

54 4112 110 4180 τῆ
120 4129 201 4181 ρος
215 4114 247 4183 ἡ
255 4113 370 4184 μῶν
388 4112 447 4165 τὸ
459 4112 760 4181 σωματικὸν
776 4104 1185 4181 σκήνωμακαὶή
1201 4109 1333 4180 σάρξ
1350 4109 1591 4180 μάστιξιν

53 4201 235 4273 ᾐκίσθη
292 4202 431 4256 κατὰ
482 4203 571 4257 τὸν
617 4202 803 4274 καιρὸν
851 4200 944 4254 τοῦ
1002 4202 1236 4267 πάθους,
1289 4200 1591 4265 ἀκολούθως

54 4296 111 4363 τῇ
167 4292 442 4364 φασκούσῃ
493 4278 618 4364 περὶ
660 4293 821 4348 αὐτοῦ
878 4296 1207 4370 προφητεία,
1254 4295 1363 4349 Τὸν
1402 4295 1591 4349 νῶτόν

50 4399 155 4449 μου
193 4383 382 4437 ἔδωκα
411 4386 495 4449 εἷς
522 4383 851 4454 μάστιγας,
899 4386 1004 4452 τὰς
1046 4386 1112 4440 δὲ
1152 4387 1434 4455 σιαγόνας
1471 4405 1588 4457 μου

56 4479 131 4541 εἰς
148 4478 518 4546 ῥαπίσματα·
548 4474 627 4527 διὸ
656 4477 893 4546 μάστιγα
920 4477 1012 4531 νῦν
1045 4476 1327 4550 δηλοῦσθαι
1362 4480 1457 4548 τὴν
1484 4480 1592 4533 ἀπὸ

56 4552 352 4639 ἓαιμονικῆς
396 4566 666 4639 ἐνεργείας
713 4568 920 4640 πληγὴν
954 4568 1253 4640 νομιστέον,
1286 4572 1473 4635 ὁποίας
1518 4572 1592 4641 εζ-

60 4666 203 4729 ρὴται
236 4660 397 4723 αὐτὸς
437 4661 466 4712 ὁ
518 4660 703 4731 Σωτὴρ
752 4660 1001 4715 ἰάσασθαι
1050 4663 1142 4716 καὶ
1187 4662 1502 4733 θεραπεύειν
1531 4665 1588 4716 ὲν

59 4751 344 4823 ἀνθρώποις
376 4750 634 4823 δαιμόνων
660 4750 978 4822 ἀκαθάρτων
1014 4754 1293 4823 μάστιγας.
1328 4751 1588 4825 Τοιαύτην

59 4838 138 4894 οὖν
174 4846 406 4915 μάστιγά
453 4861 615 4916 φησιν
651 4844 679 4896 ό
728 4841 912 4915 παρὼν
945 4842 1097 4913 λόγος
1129 4846 1201 4916 μὴ
1237 4846 1471 4913 ἐγιγίσειν
1512 4845 1587 4916 τῷ

61 4934 359 5007 σκηνώματι
383 4936 475 4989 τοῦ
514 4934 1004 5008 προφητευομένου,
1029 4936 1117 4988 διὰ
1141 4937 1200 4988 τὸ
1231 4937 1586 5006 φυλάττεσθαι

60 5024 152 5079 ὑπὸ
180 5029 281 5082 τῶν
306 5028 721 5100 καθεσταμένων
749 5029 839 5082 ἐπὶ
863 5027 923 5081 τὸ
962 5032 1215 5100 φρουρεῖν
1245 5028 1402 5082 αὐτὸν
1425 5030 1588 5098 ἀγγέ-

62 5115 173 5181 λων,
199 5120 247 5173 οἳ
282 5120 347 5191 δὴ
385 5123 477 5174 καὶ
525 5121 615 5173 ἐπὶ
661 5114 857 5191 χειρῶν
906 5118 1066 5171 αὐτὸν
1091 5119 1358 5189 μετέωρον
1396 5119 1589 5191 ἀναλή-

62 5208 234 5278 ψεσθαι
259 5211 523 5280 λέγονται,
552 5204 688 5283 πρὸς
712 5212 771 5265 τὸ
794 5212 867 5283 μὴ
891 5210 1249 5283 προσκόπτειν
1272 5208 1432 5263 αὐτοῦ
1460 5210 1589 5281 λίθῳ

63 5301 139 5355 τὸν
166 5305 313 5359 πόδα.
353 5306 620 5376 Σκήνωμα
654 5305 712 5358 δὲ
755 5304 915 5358 αὑτοῦ
948 5304 1067 5359 καθ’
1100 5304 1195 5357 ἕνα
1245 5302 1342 5374 μὲν
1392 5304 1588 5375 τρόπον

65 5394 189 5467 ἐρεῖς
229 5393 366 5451 εἶναι
411 5396 507 5467 τὴν
542 5396 859 5467 Ἐκκλησίαν
897 5394 1079 5459 αὑτοῦ,
1128 5395 1267 5449 κατὰ
1310 5395 1370 5449 τὸ
1392 5436 1406 5460 ,
1445 5396 1589 5462 Ἕως

66 5484 131 5537 ἄν
173 5487 314 5557 εὕρω
372 5488 559 5541 τόπον
610 5485 691 5551 τῷ
732 5489 954 5557 Κυρίῳ,
1015 5486 1296 5558 σκήνωμα
1340 5485 1419 5553 τῷ
1470 5484 1589 5551 Θεῷ

74 5576 275 5635 Ἰακώϐ·
310 5578 450 5634 οὕτω
494 5578 585 5631 καὶ
618 5576 835 5631 πλείονα
865 5581 1192 5652 σκηνώματα
1219 5577 1313 5643 τὰς
1350 5579 1588 5631 ἁπαντα-

158 5734 196 5809 _"
232 5734 359 5809 Luc.
399 5751 474 5795 tv,
515 5734 604 5809 ili.
694 5733 742 5768 ³⁸
779 5733 945 5793 Marc.
981 5754 1020 5804 ι,
1052 5736 1150 5804 Ξις
1186 5735 1316 5792 Luc.
1350 5751 1419 5804 tv,
1448 5733 1538 5793 54.

1698 5735 1840 5793 Psal.
1875 5750 2074 5809 χχχιιι,
2109 5738 2161 5793 8.

68 5796 103 5821 ⁸⁸
137 5801 263 5861 Psal.
297 5821 521 5864 um“.
553 5805 607 5860 2.

1682 2124 1791 2176 suis
1823 2120 2089 2174 mandabit
2119 2121 2185 2173 de
2204 2128 2270 2182 te,
2302 2128 2361 2172 ut
2387 2119 2681 2172 custodiant
2716 2126 2763 2170 te
2793 2118 2846 2170 in
2874 2115 3111 2181 omnibus
3132 2114 3231 2171 uiis

1684 2215 1805 2268 tuis.
1831 2212 1897 2266 In
1928 2210 2167 2265 manibus
2188 2210 2467 2279 portabunt
2498 2218 2563 2274 te,
2582 2226 2883 2281 neunquam
2915 2204 3146 2279 offendas
3164 2208 3233 2261 ad
3298 2204 3301 2213 ³

1684 2302 1905 2372 lapidem
1932 2302 2111 2372 pedem
2143 2314 2307 2359 tuum.
2333 2302 2457 2358 Haac
2489 2303 2555 2357 de
2584 2303 2701 2357 viro
2739 2302 3032 2357 secundum
3078 2298 3235 2367 Chri-

1683 2403 1826 2450 stum
1856 2401 2249 2456 consummato,
2272 2393 2338 2449 de
2368 2394 2535 2449 choro
2573 2400 2868 2463 martyrum
2898 2387 3121 2457 Christi,
3150 2389 3234 2445 vel

1683 2487 1750 2542 de
1782 2495 1969 2541 sancta
2004 2485 2122 2556 ejus
2172 2485 2448 2553 Ecclesia;
2482 2486 2589 2540 imo
2614 2503 2742 2541 vero
2773 2486 2840 2540 de
2882 2486 3001 2557 ipso
3028 2480 3233 2541 Christi

1681 2590 1909 2644 corpore
1943 2583 2243 2643 opportune
2274 2574 2380 2628 dici
2415 2582 2657 2644 possunt.
2685 2575 2824 2627 Nam
2864 2576 2911 2629 si
2941 2582 3238 2628 castrame-

1686 2674 1828 2718 tatur
1854 2663 2066 2733 angelus
2096 2662 2307 2718 Domini
2337 2664 2391 2716 in
2422 2664 2642 2717 circuitu
2674 2661 2966 2715 timentium
3008 2678 3145 2725 eum,
3179 2669 3231 2715 et

1684 2754 1864 2823 eripiet
1891 2770 1977 2807 eos
2000 2755 2066 2817 ⁸⁸,
2090 2753 2181 2822 qui
2206 2750 2545 2806 formidinem
2569 2759 2910 2821 superarunt,
2924 2758 2976 2805 et
3006 2751 3061 2805 in
3088 2752 3234 2807 bono

1684 2844 1917 2908 virtutis,
1950 2859 2071 2913 qua:
2106 2842 2400 2898 secundum
2434 2842 2680 2897 animam'
2715 2852 2797 2898 est
2822 2881 2837 2906 ,
2888 2840 3083 2897 aﬂ'ectu
3114 2856 3235 2897 vcr-

1687 2944 1894 3000 santur,
1923 2935 2097 3004 qualis
2138 2944 2220 2988 est
2250 2932 2339 3004 qui
2386 2934 2523 2988 sedet
2555 2934 2607 2987 in
2638 2932 2898 3004 adjutorio
2951 2931 3235 2999 Altissimi,

1687 3036 1735 3082 et
1765 3026 1857 3081 sub
1884 3026 2068 3080 umbra
2125 3026 2279 3096 fortis
2322 3034 2708 3090 commoratur;
2755 3027 2821 3082 iis
2861 3042 2990 3082 sane
3018 3026 3109 3097 qui
3158 3026 3237 3081 sic

1690 3117 1862 3173 allecti
1897 3124 2043 3182 sunt,
2076 3132 2183 3171 non
2214 3118 2437 3187 angelus
2460 3132 2623 3180 unus,
2660 3116 2753 3172 sed
2782 3124 2961 3172 castra
3003 3115 3235 3186 plurima

1691 3210 1746 3264 in
1768 3208 2067 3263 custodiam
2096 3206 2294 3261 tradita
2314 3216 2458 3271 sunt,
2482 3214 2535 3262 et
2574 3214 2725 3261 tanto
2752 3206 3009 3277 plurima,
3031 3212 3235 3276 quanto

1691 3300 1783 3370 qui
1815 3300 1927 3354 viro
1957 3294 2251 3353 secundum
2282 3294 2450 3352 Deum
2488 3294 2733 3366 profecto
2761 3295 3109 3352 insidiantur.
3148 3293 3241 3350 Sic

1657 3391 1875 3461 “itaque
1914 3387 2166 3443 Elisazum
2218 3387 2531 3458 prophetam
2587 3384 2901 3440 muniebant
2950 3379 3237 3441 satellitum

1692 3482 2001 3553 angelorum
2058 3487 2248 3535 turmae
2319 3476 2676 3545 Quamobrem
2742 3476 3049 3531 nocumenti
3098 3478 3235 3541 nihil

1690 3588 1955 3645 passurus
1979 3588 2100 3628 esse
2123 3572 2321 3627 dicitur
2347 3571 2440 3641 qui
2470 3571 2526 3625 in
2562 3569 2771 3640 psalmo
2799 3568 3195 3638 praenuntiatur
3220 3586 3235 3636 ;

1689 3673 1864 3728 neque
1895 3656 2161 3729 ﬂagellum
2190 3657 2405 3727 corpori
2432 3655 2761 3711 tabernaculi
2805 3653 2923 3723 ejus
2969 3653 3239 3708 incutien-

1690 3747 1815 3802 dum
1868 3749 2196 3819 pnedicitur.
2245 3748 2345 3803 Per
2373 3747 2635 3819 ﬂagellum
2682 3760 2812 3803 vero
2861 3760 2967 3800 non
3021 3745 3238 3814 vulgare

1690 3839 1819 3893 illud
1852 3840 2230 3911 intelligimus;
2266 3854 2389 3893 nam
2418 3853 2482 3892 eo
2509 3836 2633 3891 caesi
2660 3826 2788 3892 sunt
2814 3834 3237 3893 innumerabiles

1690 3932 1862 3987 sancti
1896 3930 1988 3985 Dei
2023 3938 2305 4000 martyres,
2337 3937 2497 3999 atque
2536 3930 2712 3998 ipsum
2757 3941 3075 3998 corporeum
3107 3926 3235 3983 Ser-

1688 4025 1888 4077 vatoris
1935 4020 2107 4075 nostri
2142 4018 2544 4073 tabernaculum
2590 4024 2644 4072 et
2684 4032 2811 4071 caro
2843 4018 2961 4087 ejus
2994 4024 3239 4089 tempore

1689 4113 1954 4183 passionis
1983 4110 2206 4181 ﬂagellis
2231 4110 2500 4164 lancinata
2544 4118 2647 4174 est,
2680 4108 2974 4164 secundum
3006 4111 3238 4181 propino-

1690 4204 1958 4274 tiamquze
1992 4203 2056 4277 de
2079 4204 2194 4273 ipso
2216 4202 2375 4264 fatur,
2404 4200 2633 4256 Dorsum
2681 4217 2847 4255 meum
2869 4200 2988 4255 dedi
3017 4201 3085 4255 ad
3131 4203 3235 4273 ﬂa-

1688 4298 1871 4367 gellas,
1890 4305 1936 4350 et
1966 4313 2122 4366 genas
2150 4311 2288 4349 meas
2315 4294 2382 4347 ad
2414 4294 2597 4362 alapas
2619 4294 2664 4325 ⁸⁷
2693 4312 2705 4347 :
2738 4292 2832 4347 sed
2856 4291 3119 4363 ﬂagellum
3151 4294 3237 4350 hic

1690 4390 1895 4458 plagam
1916 4386 2209 4441 dmmonica
2239 4386 2290 4438 vi
2318 4385 2577 4439 'inﬂictam
2598 4382 2904 4454 signiﬁcare
2933 4383 3232 4453 putandum

1689 4487 1806 4539 est,
1859 4478 2033 4546 qualia
2076 4477 2190 4546 ipse
2243 4473 2494 4529 Servator
2550 4477 2881 4543 impurorum
2931 4472 3233 4527 daemonum

1690 4570 1998 4623 hominibus
2029 4570 2243 4623 incussa
2266 4566 2468 4637 ﬂagella
2493 4581 2711 4621 curasse
2734 4572 3007 4620 narratur.
3030 4564 3234 4633 Hujus-

1624 4644 1667 4700 υ
1693 4661 1836 4714 modi
1867 4659 2133 4730 ﬂagellum
2166 4660 2363 4713 dicitur
2389 4674 2494 4712 non
2526 4657 3076 4727 appropinquaturum
3116 4662 3236 4711 esse

1692 4753 2042 4806 tabernaculo
2088 4752 2226 4820 ejus,
2258 4751 2350 4820 qui
2381 4751 2433 4804 in
2463 4750 2717 4805 vaticinio
2758 4749 2961 4818 fertur;
3015 4751 3137 4821 quia
3168 4752 3235 4805 ab

1693 4841 1894 4912 angelis
1922 4842 1987 4894 ad
2022 4841 2318 4895 custodiam
2350 4838 2764 4909 ejusdeputatis
2800 4840 3117 4904 servabitur,
3142 4840 3232 4909 qui

1691 4934 1849 4989 etiam
1876 4948 1997 4987 eum
2035 4933 2089 4986 in
2124 4931 2372 4987 manibus
2417 4932 2696 4987 sublimem
2746 4932 3076 5003 assumpturi
3112 4945 3232 4995 esse

1695 5023 1965 5087 dicuntur,
2000 5031 2057 5075 ut
2094 5032 2160 5077 ne
2213 5038 2305 5093 pes
2336 5023 2453 5093 ejus
2481 5024 2546 5076 ad
2576 5022 2804 5093 lapidem
2835 5021 3083 5076 offendat.
3124 5020 3231 5075 Ta-

1695 5117 2043 5171 bernaculum
2074 5132 2234 5187 porro
2281 5116 2397 5187 ejus
2434 5118 2610 5188 aliqua
2656 5118 2863 5171 ratione
2910 5115 3060 5170 dicas
3114 5131 3234 5172 esse

1694 5205 1986 5261 Ecclesiam
2017 5207 2210 5277 ipsius,
2242 5208 2534 5264 secundum
2566 5206 2716 5269 illud,
2757 5206 2929 5259 Donec
2975 5205 3231 5260 inveniam

1696 5300 1863 5354 locum
1890 5298 2115 5354 Domino
2136 5340 2151 5365 ,
2191 5300 2582 5354 tabernaculum
2614 5299 2720 5353 Deo
2757 5294 2921 5349 Iacob
2950 5294 3024 5364 ⁸⁸;
3071 5296 3149 5352 sic
3178 5305 3232 5354 ἂν

1696 5394 1815 5447 illas
1847 5407 1939 5461 per
1968 5391 2152 5446 orbem
2204 5394 2463 5449 ecclesias
2502 5388 2725 5461 plurima
2747 5389 3089 5459 tabernacula
3109 5402 3229 5444 esse

1694 5486 1843 5541 novit
1872 5484 1963 5553 qui
1990 5484 2145 5550 dixit,
2174 5484 2342 5550 Quam
2370 5484 2559 5539 dilecta
2586 5481 2923 5537 tabernacula
2960 5491 3079 5546 tua,
3120 5478 3228 5549 Do-

1694 5578 1830 5632 mine
1852 5575 2103 5646 virlutum
2134 5575 2212 5628 ὀι
2259 5576 2379 5630 Alio
2404 5583 2582 5630 autem
2615 5574 2795 5641 modo,
2830 5585 3143 5643 corporeum
3170 5571 3231 5627 il-

2265 5732 2307 5766 ⁸⁷
2346 5731 2447 5787 lsa.
2481 5731 2604 5790 L.6.
2702 5732 2747 5765 ³⁸
2783 5730 2924 5785 Psal.
2960 5742 3141 5795 cum,
3174 5726 3224 5781 5.
