3960 6352
63 450 186 499 HM

1146 452 1462 505 LUMh-ENI
1474 452 1635 506 ARIA
1671 453 1734 505 Il‘
1775 452 2110 507 PSALMOS.

3036 457 3198 537 ,ηδε

127 557 227 610 Καὶ
276 558 443 621 ταῦτα
475 560 569 629 μὲν
621 561 737 613 κατ’
769 558 933 629 αὐτὴν
982 559 1077 630 τὴν
1128 560 1298 627 λέξιν·
1350 562 1482 632 πρὸς
1526 561 1581 614 δὲ

1746 560 1812 614 Et
1836 562 1947 616 haec
1971 562 2183 632 quidem
2218 563 2507 617 secundum
2549 564 2747 617 nudam
2785 563 3061 620 lectionem
3096 585 3111 621 :
3148 576 3200 621 at

60 649 282 701 διάνοιαν
313 649 660 720 έπισκήνωμα
691 649 783 702 τοῦ
800 650 1041 719 Σωτῆρος
1070 650 1268 720 ήμῶνή
1298 651 1583 721 Ἐκκλησία

60 734 215 790 αὑτοῦ
260 736 628 791 ἀποδέδεικται
655 754 669 769 ’
722 737 856 793 ἀλλὰ
894 728 1170 808 καὶσῶμα
1210 736 1372 791 αὑτοῦ
1403 740 1432 791 ὁ
1460 738 1582 801 λαὸς

59 825 213 878 αξη-οῦ
235 825 375 879 κατὰ
397 826 486 880 τὸν
519 828 758 897 φήσαντα
780 826 1088 880 ’Δπόστολον
1102 843 1116 857 ·
1149 827 1329 895 Ὑμεῖς
1347 826 1421 881 δέ
1446 827 1583 882 ἐστε

60 916 223 985 σῶμα
240 916 524 983 Χριστοῦ,
555 918 652 972 καί
677 918 828 988 μέλη
854 916 921 970 ἐκ
957 916 1193 985 μέρους.
1240 912 1361 969 Εἶεν
1388 916 1454 969 ἂν
1479 916 1582 969 τῶν

61 1000 231 1070 μελῶν
261 1004 310 1054 οἱ
349 1002 447 1072 μὲν
466 1002 859 1075 νόφθαλμοὶξτοῦ
892 1002 1124 1075 Χριστοῦ
1155 1002 1419 1074 σώματοςι
1448 1002 1495 1058 oi
1524 1000 1597 1057 δὲ’

56 1092 144 1143 καὶ
162 1084 293 1154 ὦτα,
322 1093 373 1144 σί
392 1093 448 1145 δὲ
476 1094 569 1145 πα)⁵
590 1096 766 1164 χεῖρες
784 1108 802 1125 ο
826 1094 965 1147 κατὰ
986 1094 1152 1150 ταῦτα
1173 1084 1349 1150 τοίνυν
1374 1096 1582 1151 ἔσονται

54 1180 211 1233 αὑτοῦ
236 1182 331 1233 καὶ
356 1182 510 1245 πόδες
527 1183 721 1254 ἕτεροι,
751 1175 979 1262 περιδιν
1001 1184 1213 1257 εἴρηται
1231 1204 1245 1217 ·
1281 1186 1374 1253 Ὠς
1386 1187 1581 1255 ὡραῖοι

55 1274 105 1323 oi
133 1272 314 1338 ,πόδες
349 1271 468 1325 τῶν
492 1271 1018 1344 εὐαγγελιζομένων
1041 1275 1263 1344 ἀγαθά]
1287 1277 1496 1331 Τούτων
1518 1277 1580 1348 δὴ

53 1350 141 1407 οὖν
165 1354 271 1408 τῶν
286 1357 483 1425 ποδῶν,
508 1358 653 1420 ὅπως
682 1360 753 1431 μή
776 1377 857 1424 τις
876 1361 1152 1433 προσκόψῃ
1176 1363 1308 1434 πρὸς
1329 1363 1471 1416 λίθον
1491 1365 1579 1417 τὸν

55 1447 206 1510 πόδα,
238 1446 367 1517 μηδὲ
399 1446 806 1518 σκανδαλίζηται
837 1452 895 1503 ὲν
918 1450 996 1521 τῷ
1041 1450 1241 1522 δρόμῳ,
1279 1452 1492 1522 ὁμαλῶς
1520 1470 1577 1505 τε

55 1536 144 1588 καὶ
161 1534 445 1599 ἀκωλύτως
471 1537 723 1611 διατρέχῃ
748 1538 845 1609 τὴν
875 1539 967 1593 τοῦ
988 1540 1310 1609 Εὐαγγελίου
1339 1541 1576 1611 πορείαν,

54 1624 263 1693 ἄγγελοι
323 1626 671 1681 καθίστανται
722 1630 1073 1701 φρουροῦντες
1116 1630 1207 1683 τοῦ
1259 1630 1579 1702 δηλωθέντος

56 1714 393 1785 σκηνώματος
418 1715 668 1784 φύλακες.
688 1718 852 1771 Πάλιν
872 1718 1044 1791 ἕτεροι
1066 1719 1281 1787 ἄγγελοι
1306 1723 1355 1773 oi
1372 1722 1469 1784 τὰς
1490 1722 1577 1774 ὲκο
1610 1760 1611 1763 η

55 1805 273 1875 πλησίας
302 1805 392 1859 τοῦ
430 1806 659 1878 Χριστοῦ
692 1807 790 1870 τὰς
814 1808 1119 1879 ἅπανταχοῦ
1151 1811 1252 1880 γῆς
1284 1812 1577 1883 ίδρυθείσας

54 1872 492 1965 πεπιστευμένοι.-
506 1893 685 1951 Ταῦτα
709 1896 768 1950 δὲ
791 1897 863 1968 μὴ
892 1872 1085 1962 συνιείς
1106 1902 1135 1952 ό
1163 1872 1429 1964 διόδολός·
1610 1872 1649 1930 Β

53 1983 155 2053 γὰρ
181 1984 215 2054 ἢ
243 1984 399 2038 πόθεν
425 1985 571 2056 αὑτῷ
592 1985 684 2039 τοῦ
712 1986 850 2041 θείου
874 1988 1181 2059 Πνεύματος
1210 1992 1440 2046 συνιέναι
1466 2011 1577 2062 φω-

54 2075 179 2137 νὰςς
206 2075 262 2126 ὲν
290 2073 367 2145 τῷ
396 2076 669 2148 πειράζειν
694 2078 784 2130 τδν
825 2079 1067 2149 Σωτῆρα,
1090 2082 1171 2143 είς
1209 2082 1269 2135 τὸ
1295 2082 1579 2155 πτερύγιον

54 2161 207 2213 αὐτὸν
233 2162 321 2215 τοῦ
341 2163 485 2234 ίεροῦ
508 2164 811 2233 ἀναγαγὼν,
834 2160 952 2218 εἷπε
977 2166 1109 2238 πρὸς
1133 2169 1289 2222 αὐτόν
1305 2186 1318 2200 ⁸
1349 2174 1418 2224 El
1454 2173 1580 2237 Υἱὸς

51 2246 107 2304 εἴ
128 2251 234 2304 τοῦ
260 2254 422 2317 Θεοῦ,
450 2254 606 2318 ,βάλε
632 2254 887 2311 σεαυτὸν
906 2256 1078 2312 κάτω.
1106 2260 1430 2329 Γέγραπται
1451 2265 1577 2333 γὰρ,

52 2340 135 2393 ὅτι
154 2340 275 2407 τοῖς
310 2344 580 2414 ἀγγέλοις
608 2346 790 2401 αὐτοῦ
819 2348 1136 2403 ἐντελεῖται
1163 2352 1294 2419 περὶ
1318 2354 1451 2416 σοῦ,
1484 2348 1593 2409 καί

55 2431 144 2483 ἐπὶ
177 2431 386 2501 χειρῶν
414 2435 630 2503 ἀροῦσι
662 2451 753 2500 σε,
785 2436 1013 2506 μήποτε
1052 2443 1400 2511 προσκόψῃς
1435 2445 1579 2511 πρὸς

54 2520 223 2573 λίθον
252 2520 353 2576 τὸν
390 2523 546 2577 πόδα
581 2539 715 2579 σου.
764 2518 989 2583 Συνιδὼν
1030 2531 1136 2601 γὰρ
1180 2529 1356 2600 ἔργοις
1403 2532 1579 2593 αὐτοῖς

54 2614 125 2673 είς
156 2612 245 2663 τὸν
274 2612 495 2684 ὶὶοτῆρα
525 2617 953 2689 πεπληρωμένην
982 2622 1079 2692 τὴν
1119 2624 1175 2674 ὲν
1215 2624 1323 2683 τοῖς
1365 2638 1579 2691 προκει-

59 2701 229 2770 μένοις
271 2703 618 2773 προφητείαν,
647 2707 785 2775 όρῶν
811 2725 870 2761 τε
900 2709 1046 2774 ξένον
1075 2710 1248 2780 θέαμα
1291 2712 1348 2763 ὲν
1380 2710 1581 2783 ἀνθρὼ-

57 2807 152 2844 που
183 2792 354 2861 φύσει,
388 2794 669 2858 ὡς’τᾶσαν
704 2796 865 2850 αὐτοῦ
894 2799 991 2870 τὴν
1035 2801 1313 2870 στρατείαν
1344 2801 1578 2875 καθῃρῆο

57 2882 191 2946 σθαι,
215 2884 305 2937 καὶ
331 2884 506 2947 πάσας
534 2884 695 2939 αὐτοῦ
728 2888 1030 2959 νενικῆσθαι
1050 2891 1147 2952 τὰς
1177 2891 1447 2962 δυνάμεις,
1478 2893 1578 2945 ὑπὸ

56 2972 141 3026 τοῦ
184 2974 523 3045 φαινομένου,
562 2966 799 3047 χιλιάδας
840 2996 899 3032 τε
937 2979 1153 3053 ἁθρόας,
1198 2983 1295 3044 καὶ,
1323 2984 1579 3054 μυριάδας

56 3065 425 3137 ἀπέμπροσθεν
449 3067 610 3121 αὐτοῦ
636 3067 950 3132 πιπτούσας,
975 3070 1131 3123 αὐτόν
1154 3087 1212 3124 τε
1244 3072 1464 3142 ἀτρεμεὶ
1486 3073 1578 3125 καὶ

57 3155 487 3226 ἁπαραποδίστως
528 3157 611 3211 ἐπ’
647 3158 843 3213 ἀσπίδα
882 3160 975 3214 καὶ
1028 3159 1327 3231 βασιλίσκον
1372 3162 1578 3215 ὲπιϐαί-
1604 3197 1645 3252 C

56 3260 222 3306 νοντα,
250 3245 434 3300 λέοντά
458 3262 516 3299 τε
559 3247 650 3301 καὶ
689 3248 970 3317 δράκοντα,
1002 3250 1101 3313 τὰς
1132 3251 1446 3323 ἀρχόντικὰς
1486 3252 1580 3306 αὺ-

54 3334 141 3386 τοῦ
166 3334 430 3406 δυνάμεις,
456 3338 877 3404 καταπατοῦντα,
901 3341 991 3395 καὶ
1012 3340 1153 3394 τοῦτ’
1178 3342 1424 3413 ὲπείραζε
1446 3342 1581 3410 γνῶ-

58 3440 159 3489 ναι,
183 3426 251 3488 εί,
283 3427 470 3480 ἑαυτὸν
504 3428 611 3481 ἀπὸ
638 3428 728 3481 τοῦ
758 3429 1043 3499 πτερυγίου
1074 3428 1341 3501 ῥίψαντος,
1366 3428 1579 3496 ἄγγελοι

58 3514 425 3585 προσελθόντες
455 3518 612 3571 αὐτὸν
646 3518 984 3587 βαστάσουσι.
1014 3519 1152 3590 Πρὸς
1188 3519 1387 3589 ταύτην
1418 3519 1579 3573 αὐτοῖο

56 3604 144 3674 τὴν
184 3604 429 3659 ὑπόνοιαν
456 3606 835 3677 διεψευσμένην
873 3606 1033 3663 οὖσαν
1062 3610 1091 3661 ὁ
1130 3608 1314 3677 Σωτὴρ
1356 3609 1581 3678 ἀπεκρίο

59 3711 202 3748 νατο·
233 3694 581 3765 Γέγραπται,
611 3696 801 3764 λέγων,
830 3699 949 3750 Οὐκ
978 3696 1345 3764 ἐκπειράσεις
1367 3699 1581 3765 Κύριον

59 3785 153 3837 τὸν
178 3785 319 3839 Θεόν
351 3800 482 3839 σου.
510 3786 582 3839 Τὸ
612 3786 718 3856 γὰρ
753 3785 941 3839 ἑαυτὸν
963 3785 1273 3858 κρημνίζειν
1301 3788 1393 3841 καὶ
1418 3804 1581 3841 κατα-

60 3876 259 3929 ϐάλλειν
287 3877 394 3954 ἀπο
435 3877 541 3933 τῶν
586 3878 946 3949 ὑψηλοτάτων,
980 3879 1257 3933 καὶτοῦτο
1299 3884 1468 3933 ποιεῖν
1495 3879 1580 3934 ἵνα

61 3964 178 4035 γνῷ.
202 3966 423 4037 πότερόν
465 3983 592 4020 ποτε
634 3966 883 4039 βοηθείας
918 3966 1160 4031 τεύξεται
1202 3968 1298 4036 τῆς
1346 3966 1431 4021 διὰ
1474 3968 1581 4021 τῶν

60 4055 309 4122 ἀγγέλων,
337 4055 370 4128 ἢ
405 4057 501 4128 μὴ,
553 4058 885 4129 μειράζοντος
909 4052 975 4128 ἦν
1002 4056 1091 4111 τὸν
1124 4055 1282 4109 Θεόν·
1315 4056 1343 4109 ὃ
1373 4056 1435 4128 δὴ
1462 4076 1580 4111 πει-

63 4145 234 4214 ράζειν
278 4146 521 4201 ἐϐούλετο
556 4150 583 4201 ὁ
612 4130 901 4221 πειράζων.
947 4148 1152 4201 Οίκείον
1187 4147 1293 4218 γὰρ
1343 4146 1485 4217 αὑτῷ
1514 4144 1581 4219 ἦν

62 4240 357 4309 πειράζοντι
376 4241 463 4293 τὸν
499 4240 740 4310 Σωτῆρα,
770 4238 972 4292 καὶτὸν
1000 4237 1127 4291 Θεὸν
1157 4238 1425 4309 πειράζειν
1460 4238 1580 4291 τολ-

65 4332 178 4399 μᾷν.
221 4330 356 4383 Ἀλλ’
384 4331 479 4401 οὐχ
517 4332 545 4383 ὁ
572 4330 759 4401 Σωτήρ
794 4346 859 4397 γε
901 4328 1181 4401 ἐπείραζεν
1200 4346 1212 4358 -
1242 4325 1301 4383 εὖ
1333 4330 1439 4401 γὰρ
1470 4330 1582 4401 ᾔδει

63 4422 149 4474 καὶ
186 4421 442 4473 πέπειστο
490 4421 615 4490 περὶ
651 4421 746 4489 τῆς
782 4419 874 4472 τοῦ
918 4413 1125 4493 Πατρὸς
1170 4420 1440 4491 δυνάμεως
1485 4421 1582 4492 τῆς

1681 649 2006 720 intelligendi
2046 664 2192 706 more
2238 648 2640 706 tabernaculum
2694 650 2994 709 Senatoris
3032 658 3201 710 nostri

1679 737 1970 793 Ecclesium
2016 739 2133 807 ejus
2176 753 2297 807 esse
2330 742 2813 795 ‘commonstratum
2848 751 2965 810 est;
3008 759 3203 816 corpus

1678 843 1804 884 vero
1833 828 1969 897 ejus.
2001 830 2231 899 populus
2259 830 2378 900 ejus
2415 839 2519 895 est,
2551 831 2840 886 secundum
2864 833 3201 901 Apostolum,

1677 916 1769 985 qui
1798 917 1872 971 ait
1902 936 1915 971 :
1944 917 2045 972 Vos
2078 928 2248 972 autem
2269 919 2391 972 estis
2418 935 2600 989 corpus
2638 920 2852 985 Christi,
2897 930 2948 975 et
2975 923 3205 978 membra

1675 1021 1740 1059 ea:
1759 1016 1907 1071 parte
1935 1007 2000 1061 θ’.
2032 1006 2108 1062 Ex
2130 1008 2385 1063 membris
2408 1019 2584 1063 autem
2614 1010 2705 1063 alii
2732 1008 2929 1065 fuerint
2962 1013 3205 1082 corporis

1677 1097 1874 1152 Christi
1895 1098 2058 1160 oculi,
2094 1099 2181 1152 alii
2209 1112 2385 1165 aures,
2424 1100 2513 1153 alii
2547 1115 2771 1165 manus;
2800 1100 2900 1158 hac
2922 1118 3081 1172 porro
3118 1121 3204 1161 ra-

1676 1189 1823 1243 tione
1854 1189 1943 1241 alii
1977 1189 2138 1258 pedes
2181 1189 2301 1258 ejus
2328 1198 2504 1254 erunt,
2531 1191 2596 1246 de
2627 1192 2822 1261 quibus
2851 1193 3054 1248 dictum
3079 1205 3160 1253 est
3180 1215 3200 1250 ι

1679 1278 1847 1343 Quam
1890 1281 2101 1348 speciosi
2145 1279 2294 1349 pedes
2348 1282 2807 1352 euangelizandum
2841 1284 2974 1338 bona
3000 1285 3081 1340 "l
3127 1287 3205 1345 Ne

1677 1367 1797 1436 quis
1825 1382 1949 1423 vero
1983 1369 2238 1423 horumce
2270 1371 2462 1438 pedum
2503 1370 2569 1425 ad
2622 1371 2852 1440 lapidem
2881 1372 3203 1442 offenderet,

1675 1470 1849 1524 neque
1878 1455 1932 1510 in
1958 1472 2120 1512 cursu
2148 1458 2494 1527 impingeret,
2548 1460 2639 1515 sed
2690 1461 2844 1530 plana
2873 1462 2959 1516 via
2990 1472 3042 1517 et
3070 1462 3206 1520 'sine

1674 1543 1825 1597 obice
1852 1542 1953 1597 iter
1995 1544 2355 1613 evangelicum
2401 1555 2729 1614 permearet,
2782 1549 2955 1617 angeli
3002 1558 3206 1606 tutores

1675 1644 1738 1683 ac
1795 1629 2044 1685 custodes
2103 1630 2303 1700 praefati
2354 1633 2681 1687 tabernaculi
2730 1636 3005 1690 constituti
3056 1647 3203 1691 sunt.

1675 1719 1904 1775 Rursum
1973 1734 2100 1775 vero
2153 1728 2363 1775 exstant
2422 1721 2510 1775 alii
2566 1724 2784 1792 angeli,
2845 1725 3040 1794 quibus
3103 1725 3205 1780 Ec-

1676 1811 1848 1866 clesiae
1875 1808 2073 1864 Christi
2124 1810 2320 1879 ubique
2350 1817 2613 1865 terrarum
2650 1812 2901 1874 fundatae,
2928 1814 3202 1871 concredi-

1676 1903 1743 1950 tae
1770 1902 1911 1949 sunt.
1944 1893 2095 1960 Quod
2125 1909 2247 1949 cum
2279 1909 2385 1948 non
2414 1895 2730 1965 intelligeret
2757 1895 3000 1952 diabolus
3025 1916 3038 1952 :
3069 1914 3197 1967 quo—

1677 1983 1834 2038 modo
1852 1982 1992 2043 enim
2020 1991 2109 2036 aut
2134 1983 2274 2037 unde
2299 1983 2462 2037 divini
2484 1982 2713 2053 Spiritus
2727 2000 2885 2039 voces
2912 1986 3186 2057 intelligeri

1676 2075 1879 2144 possit?
1903 2066 2031 2129 cum'
2046 2072 2374 2129 Sﬁvatorem
2404 2081 2649 2138 tentaret,
2667 2076 2839 2145 ipsum
2856 2076 2921 2130 ad
2943 2078 3199 2145 pinnacu-

1677 2165 1785 2218 lum
1818 2163 1998 2233 templi
2027 2163 2245 2217 ductum
2274 2164 2354 2218 sic
2379 2164 2742 2234 alloquebatur
2776 2184 2789 2219 :
2820 2164 2879 2219 Si
2908 2163 3081 2218 Filius
3106 2162 3203 2217 Dei

1675 2269 1752 2316 es,
1787 2253 1932 2306 mitte
1960 2264 2008 2306 te
2030 2251 2289 2309 dwrsum.
2321 2251 2580 2320 Scriptum
2608 2262 2684 2308 est
2714 2256 2870 2317 enim,
2896 2256 3019 2323 quia
3048 2269 3205 2324 ange-

1678 2343 1743 2397 lis
1770 2344 1878 2397 suis
1909 2342 2176 2396 mandabit
2205 2342 2268 2396 de
2296 2352 2362 2406 te,
2383 2352 2433 2397 et
2464 2344 2518 2397 in
2556 2347 2794 2399 manibus
2831 2346 3007 2399 tollent
3036 2355 3102 2407 te,
3143 2363 3205 2400 ne

1656 2447 1900 2499 ntiquom
1944 2431 2176 2499 oﬁ‘endas
2216 2431 2286 2484 ad
2330 2431 2552 2499 lapidem
2605 2433 2781 2500 pedem
2823 2434 3203 2489 tuum“.Nam

1675 2536 1795 2575 cum
1835 2534 1900 2574 ex
1932 2520 2062 2591 ipsis
2087 2522 2338 2591 operibus
2383 2524 2724 2592 perspiceret,
2759 2526 3090 2595 prOphetiam
3121 2525 3206 2579 his

1676 2610 1851 2664 verbis
1882 2609 2131 2663 traditam
2187 2610 2242 2664 in
2291 2610 2568 2667 Salvatore
2620 2614 2846 2682 impleri,
2890 2629 2952 2668 ac
2984 2625 3207 2685 stupen-

1675 2700 1801 2754 dum
1847 2700 1901 2753 in
1947 2700 2179 2755 hominis
2209 2712 2399 2756 natura
2428 2704 2793 2771 spectaculum
2822 2716 3095 2771 cerneret;
3129 2707 3205 2760 ita

1674 2800 1736 2845 ut
1762 2790 1935 2845 omnis
1955 2792 2220 2847 exercitus
2251 2807 2382 2846 suus
2401 2792 2466 2846 de
2487 2791 2663 2847 medio
2700 2792 2962 2859 sublatus,
2989 2809 3203 2851 omnes-

1675 2896 1779 2951 que
1815 2881 2037 2936 virtutes
2074 2896 2183 2937 suaa
2224 2881 2293 2935 ab
2331 2896 2395 2935 eo
2431 2881 2523 2951 qui
2550 2891 2869 2952 apparuerat
2915 2893 3199 2954 superatas,

1675 2973 1837 3026 millia
1863 2986 1987 3027 vero
2006 2980 2058 3026 et
2078 2972 2260 3025 decem
2290 2971 2454 3025 millia
2483 2972 2537 3026 in
2567 2980 2857 3042 conspectu
2882 2973 3025 3030 illius
3051 2975 3203 3045 lapsa

1674 3070 1873 3125 essent,
1909 3063 1993 3117 ille
2024 3069 2202 3117 autem
2231 3062 2348 3116 sine
2375 3061 2656 3117 formidine
2676 3069 2729 3117 et
2750 3063 2900 3118 obice
2927 3079 3088 3134 super
3115 3080 3204 3121 as-

1675 3152 1850 3222 pidem
1888 3159 1940 3207 et
1982 3152 2290 3207 basiliscum
2322 3152 2635 3215 ambularet,
2668 3152 2874 3207 leonem
2906 3161 2960 3209 et
3004 3154 3203 3209 draco-

1678 3261 1815 3310 nem,
1847 3244 2115 3314 principes
2144 3245 2263 3313 ejus
2282 3246 2529 3312 virtutes,
2550 3244 2891 3307 conculcaret
2907 3263 2924 3311 ;
2953 3245 3056 3300 hoc
3078 3247 3203 3302 item

1675 3336 1902 3406 experiri
1937 3334 2163 3413 volebat,
2194 3350 2319 3388 num
2350 3335 2523 3404 ipsum
2548 3349 2614 3388 ex
2643 3333 2931 3402 pinnaculo
2960 3350 3018 3390 se
3039 3337 3217 3405 proji-*

1678 3428 1926 3495 cientem,
1957 3412 2268 3482 accedentes
2294 3426 2465 3495 angeli
2500 3424 2758 3495 gestaturi
2781 3436 2979 3481 essein.
3008 3424 3207 3497 Hujus-

1679 3518 1822 3573 modi
1847 3519 2023 3588 itaque
2047 3516 2192 3573 falsa
2214 3517 2506 3586 suspicioni
2527 3518 2598 3570 ita
2622 3514 2898 3584 respondit
2917 3513 3202 3572 Senator:

1679 3611 1938 3681 Scriptum
1960 3619 2059 3673 est,
2090 3606 2209 3663 Non
2239 3608 2455 3663 tentabis
2490 3605 2762 3662 Dominum
2792 3605 2949 3659 Deam
2976 3614 3119 3659 tuum
3136 3608 3201 3659 ".

1678 3702 1809 3757 Nam
1840 3716 1875 3758 ε
1899 3701 2112 3756 sublimi
2145 3715 2263 3757 sese
2289 3699 2618 3769 praecipitare
2663 3712 2726 3752 ac
2760 3695 3010 3764 dejicere,
3046 3696 3205 3765 idque

1679 3792 1859 3847 animo
1903 3789 2217 3860 experiundi
2268 3805 2335 3844 an
2363 3788 2670 3858 angelorum
2703 3785 2957 3840 auxilium
2992 3782 3221 3843 adfutu-.

1678 3900 1798 3936 rum
1833 3892 1995 3945 esset,
2036 3896 2224 3945 necne,
2253 3880 2353 3934 hoc
2379 3893 2508 3933 sane
2536 3884 2739 3932 tentare
2779 3874 2943 3931 Deum
2974 3875 3161 3932 fuisset
3187 3897 3201 3932 :

1678 3972 1820 4042 quod
1856 3970 2084 4039 experiri
2134 3976 2368 4024 tentatOr
2394 3967 2629 4037 optabat.
2660 3964 2793 4019 Nam
2829 3965 2930 4035 ipsi
2957 3964 3205 4021 Salvato-

1678 4076 1791 4117 rem
1814 4062 2057 4120 tentanti,
2076 4058 2346 4128 proprium
2374 4064 2488 4117 erat
2509 4058 2589 4112 vel
2610 4056 2784 4125 ipsum
2800 4054 3209 4125 Deum-tentare

1678 4152 1891 4209 audere.
1928 4150 1995 4203 At
2024 4149 2274 4203 Servator
2296 4155 2499 4203 tentare
2534 4148 2706 4202 noluit
2740 4166 2752 4201 :
2785 4162 2985 4218 gnarus
3011 4148 3209 4218 quippe

1677 4250 1793 4299 erat
1814 4257 1877 4296 ac
1898 4254 2212 4311 persuasum
2242 4239 2469 4294 habebat
2497 4236 2672 4293 Patris
2694 4238 2947 4292 virtutem
2968 4238 3067 4292 sibi
3090 4244 3211 4307 opi-

1680 4332 1856 4387 tulari.
1882 4332 2054 4398 Quare
2095 4329 2406 4401 imperantis
2455 4344 2602 4384 more
2629 4329 2840 4383 diabolo
2869 4328 3043 4384 dixit:
3085 4330 3208 4384 Non

1682 4420 1899 4474 tentabis
1947 4419 2225 4473 Dominum
2270 4417 2437 4472 Deum
2485 4427 2649 4481 tuum,
2684 4418 2876 4472 divinae
2922 4417 3208 4488 Scriptum
3260 4436 3263 4437 '

66 4508 409 4581 συνεργούσης
443 4506 605 4577 αὐτῷ.
648 4507 737 4559 Διὸ
768 4507 861 4560 καὶ
890 4506 965 4577 τῷ
1000 4507 1226 4580 διαϐόλῳ
1265 4527 1582 4581 προστακτι-

1683 4511 1880 4563 dictum
1914 4526 1975 4564 ex
2010 4510 2123 4578 lege
2156 4513 2424 4576 sumptum
2463 4506 2622 4573 hujus
2652 4504 2940 4573 Scriptum
2966 4506 3080 4559 voci
3112 4520 3208 4574 0p-

64 4599 163 4661 κῶς
208 4597 593 4670 παρεκελεύετο
641 4597 808 4666 λέγων
831 4614 845 4628 ·
896 4600 1014 4653 Οὐκ
1060 4600 1428 4669 ἐκπειράσεις
1473 4602 1611 4671 Κύ-λ

58 4702 179 4755 psor-
221 4689 326 4743 τὸν
368 4690 509 4743 Geor
544 4704 677 4751 σου,
713 4686 858 4750 θείας
892 4688 1112 4759 Γραφῆς
1155 4689 1293 4756 λέξιν
1336 4688 1431 4759 τὴν
1480 4690 1585 4742 ἀπὸ

64 4775 147 4827 τοῦ
185 4777 346 4847 νόμου
389 4778 817 4850 ἀντιπαρατιθεὶς
858 4781 923 4849 τῇ
971 4782 1118 4850 φωνῇ
1166 4780 1264 4851 τῆς
1309 4779 1582 4850 παρούσης

66 4867 101 4917 Γ
104 4868 293 4938 ραφῆς,
320 4872 383 4939 ἢν
418 4870 490 4941 μὴ
522 4872 712 4942 νοήσας
737 4871 765 4921 ὁ
794 4868 1031 4933 διάϐολος
1073 4872 1378 4941 προήγαγεν
1414 4870 1581 4939 αὐτῷ,

66 4960 135 5029 μὴ
151 4961 364 5024 συνιεὶς,
386 4962 464 5015 ὅτι
486 4964 581 5016 οὐκ
602 4963 763 5016 ἐδεῖτο
790 4959 1033 5031 βοηθείας
1060 4962 1299 5029 ἀγγέλων
1324 4962 1353 5012 ὁ
1378 4960 1581 5031 Σωτὴρ,

66 5054 106 5102 εἰ
128 5052 214 5103 καὶ
238 5052 357 5105 καθ’
381 5038 630 5106 ὑπόθεσιν
663 5054 833 5124 οἰκείᾳ
860 5054 1169 5123 προαιρέσει
1193 5052 1430 5106 καθεῖναι
1462 5054 1583 5105 ἐαυ-

64 5142 142 5193 τὸν
181 5140 436 5212 ἐϐουλήθη
455 5160 467 5173 ·
503 5145 622 5197 ἐπεὶ
657 5146 747 5198 καὶ
777 5144 915 5198 κατὰ
944 5143 1039 5215 τὴν
1071 5147 1148 5206 είς
1179 5142 1432 5213 οὐρανοὺς
1460 5141 1587 5194 ἀνά-

65 5230 211 5299 ληψιν
254 5230 407 5303 (ὅπερ
441 5228 508 5303 ἦν
552 5235 730 5304 μεῖζον
789 5236 882 5305 τῆς
918 5236 1022 5290 ἀπὸ
1052 5234 1142 5288 τοῦ
1187 5232 1467 5304 πτερυγίου
1490 5232 1581 5285 τοῦ

70 5320 200 5391 ἱεροῦ
236 5320 327 5373 ἐπὶ
350 5322 448 5394 τὴν
478 5324 578 5395 γῆν
605 5326 668 5379 δι’
697 5326 852 5398 ἀέρος
878 5325 1145 5398 καθόδου),
1174 5326 1271 5378 οὐκ
1296 5322 1583 5394 ἀγγελικῆς

70 5410 244 5482 ἐδεήθη
268 5411 467 5482 χειρός.
498 5413 636 5484 Ὅρα
670 5412 745 5482 δὲ,
784 5417 918 5482 πῶς,
956 5416 1324 5488 μνημονεύσας
1354 5414 1382 5465 ὁ
1407 5412 1585 5467 διάδο-

68 5500 146 5563 λος
170 5500 279 5567 τοῦ,
324 5502 446 5556 Ἐπί
469 5502 676 5579 χειρῶν
706 5505 917 5574 ἀροῦσί
952 5523 1043 5574 σε,
1067 5507 1293 5577 μήποτε
1332 5503 1585 5571 προσκό-

70 5592 181 5661 ψῃς
208 5591 349 5662 πρὸς
377 5593 548 5647 λίθον
572 5593 677 5647 τὸν
705 5596 857 5651 πόδα
886 5614 1020 5663 σου,
1050 5596 1109 5651 τὺ
1146 5596 1271 5666 ἑξῆς
1311 5594 1587 5664 συνημμέ-

1688 4616 1908 4669 ponens,
1929 4614 2087 4670 quam
2119 4613 2227 4652 non
2253 4597 2550 4665 intelligens
2577 4593 2821 4648 diabolus
2844 4595 2942 4662 ipsi
2971 4586 3207 4662 morere-

1688 4692 1797 4755 bat,
1828 4690 2076 4759 ignorans
2098 4687 2427 4742 Servatorem
2458 4683 2761 4753 angelorum
2785 4697 2883 4751 cpe
2908 4698 3011 4738 non
3031 4700 3206 4754 egere,

1687 4782 1892 4835 etiamsi
1922 4780 2137 4849 praprio
2161 4787 2288 4831 nutu
2320 4775 2569 4829 voluisset
2610 4788 2730 4829 sese
2755 4774 3004 4831 deorsum
3043 4778 3210 4846 proji-

1686 4885 1824 4925 cere.
1852 4868 2291 4937 Quandoquidem
2340 4866 2393 4919 in
2437 4879 2532 4918 sua
2571 4863 2638 4917 ad
2680 4864 2844 4919 ccelos
2896 4868 3209 4947 ascensione

1687 4960 1845 5032 (quod
1878 4974 2003 5013 sane
2034 4958 2204 5026 majus
2236 4964 2370 5018 erat,
2400 4970 2558 5025 quam
2609 4956 2697 5009 ille
2720 4972 2748 5009 a
2775 4957 3057 5026 pinnaculo
3084 4966 3212 5011 tem-

1687 5055 1756 5124 pli
1796 5051 1859 5105 ad
1890 5061 2083 5105 terram
2127 5064 2219 5119 per
2256 5063 2429 5103 aerem
2468 5050 2772 5113 transitus),
2824 5064 2931 5102 non
2975 5048 3211 5115 angelica

1687 5158 1845 5197 manu
1879 5155 2011 5210 opus
2059 5139 2261 5193 habuit.
2294 5138 2671 5194 Animadverte
2699 5154 2878 5210 porro,
2912 5153 3018 5207 quo
3057 5144 3211 5205 pacto

1690 5232 1931 5288 diabolus
1968 5230 2050 5285 his
2082 5228 2531 5289 commemoratis.
2571 5228 2637 5282 In
2672 5228 2906 5282 manibus
2938 5226 3111 5279 tollent
3141 5234 3209 5289 te,

1690 5340 1751 5377 ne
1793 5336 2017 5390 unquam
2055 5318 2284 5389 o/j'endas
2318 5319 2384 5373 ad
2414 5318 2633 5388 lapidem
2665 5318 2835 5387 pedem
2865 5327 3038 5383 tuum;
3069 5316 3212 5385 quod

1690 5413 2010 5484 sequebatur
2034 5425 2140 5465 non
2168 5410 2452 5474 addiderit,
2485 5408 2727 5463 videlicet
2763 5408 2913 5470 illud,
2944 5424 3097 5477 super
3126 5424 3212 5461 as-

1687 5504 1853 5571 pidem
1879 5511 1926 5553 et
1953 5499 2251 5554 basiliscum
2284 5497 2587 5561 ambulabis,
2604 5506 2650 5549 et
2673 5495 2993 5551 conculcabis
3022 5496 3213 5550 leonem

1691 5602 1738 5645 et
1770 5592 2065 5652 draconem,
2094 5589 2238 5659 quod
2269 5586 2558 5642 Salvatoris
2582 5584 2647 5639 de
2668 5585 2878 5640 diabolo
2920 5595 2974 5640 et
3014 5583 3211 5656 angeli!

133 5779 175 5825 "
211 5776 230 5833 I
266 5779 391 5837 Cor.
430 5792 534 5839 xu,
565 5776 654 5832 27.
727 5777 772 5809 ’³
810 5777 967 5850 Rom.
1002 5794 1070 5842 τ,
1110 5778 1193 5833 I5.
1274 5776 1317 5809 “
1355 5776 1543 5830 Matth.
1584 5790 1655 5841 tv,
1694 5775 1744 5829 6.
1802 5774 1868 5807 "'
1907 5769 2035 5825 ibid.
2074 5770 2121 5823 7.

376 5875 632 5935 Pareat.
682 5869 795 5930 Gs.
832 5868 1061 5931 XXIII.

2835 5858 2913 5916 37
