3976 6356
100 440 214 495 “65

1208 438 1700 494 COMMENTARIA
1743 437 1805 490 IN
1843 437 2175 493 PSALMUS.

3123 431 3259 488 1166

103 554 206 608 Ἐπ’
233 553 456 608 ἀσπίδα
487 553 578 607 καὶ
604 555 968 618 ,ϐασιλίσκον
997 554 1272 623 ἐπιϐήσῃ,
1305 556 1403 610 καὶ
1433 573 1609 610 κατα-

1714 570 1850 616 nem,
1914 569 2076 608 causa
2147 570 2364 610 rursum
2428 553 2661 616 additur,
2722 565 2837 619 quat
2886 566 2998 606 rem
3045 566 3153 606 non
3197 553 3263 606 ad

93 646 358 714 πατήσεις
383 644 676 712 δράκοντα
698 647 793 700 καὶ
815 646 1050 707 λέοντα,
1080 644 1240 698 πάλιν
1268 647 1300 712 ἠ
1327 646 1473 698 αἰτία
1497 648 1617 697 ἐπι-

91 737 308 803 λέγεται,
341 737 440 788 οὐκ
471 737 556 791 ἐπ’
581 738 843 806 ἀγγέλους
876 735 1237 807 ἀναφέρουσα,
1268 736 1379 788 ἀλλ’
1406 738 1492 789 ἐπ’
1525 737 1621 788 αὑ-

92 828 166 879 τὸν
186 827 271 878 τὸν
300 827 577 895 ’Υψιστον,
601 822 661 881 οὗ
688 831 751 882 ὲκ
783 827 1067 900 προσώπου
1092 827 1359 890 λέλεκται,
1390 829 1507 880 Ὅτι
1527 827 1619 879 ἐπ’

89 917 179 984 ἐμέ
208 915 447 984 ἤλπισε,
471 917 569 971 καί
594 919 853 986 ῥύσομαι
882 917 1086 970 αὐτόν.
1111 917 1234 980 Πῶς
1265 917 1322 970 δὲ
1351 918 1436 968 ἐπ’
1463 916 1621 969 αὐτὸν

87 1008 282 1076 ἧλπισε,
311 1007 594 1078 προλαϐὼν
626 1009 856 1075 ἐδίδαξεν
881 1011 910 1062 ό
941 1007 1096 1076 λόγος
1122 1006 1286 1061 εἰπών
1310 1024 1323 1037 ·
1360 1007 1413 1060 '0
1439 1024 1622 1062 κατοι-

85 1098 194 1151 κῶν
217 1100 284 1151 ἐν
305 1099 557 1168 βοηθείᾳ
593 1100 698 1154 τοῦ
737 1097 1016 1169 Ὑψίστου
1036 1117 1049 1129 ·
1080 1100 1194 1162 καὶ,
1231 1097 1382 1166 Ἐρεῖ
1401 1097 1480 1163 τῷ
1493 1081 1623 1151 ’Κυ-

84 1189 202 1253 ρί‹ρ’
242 1188 631 1258 Ἀγτιλήπτωρ
670 1207 788 1259 μου
834 1185 906 1254 εἴ,
941 1188 1040 1243 καὶ
1083 1187 1388 1256 καταφυγή
1416 1204 1554 1255 μου,
1589 1190 1622 1240 ὀ

87 1279 214 1343 Θαός
243 1296 382 1346 μου,
424 1280 520 1333 καί
560 1280 744 1333 sua;
768 1280 859 1333 ἐπ’
901 1280 1104 1334 αὐτόν.
1139 1280 1205 1332 Ἥ
1248 1279 1424 1330 τοίνυν
1449 1277 1619 1329 ἐπινί-

92 1385 195 1431 κιος
223 1369 314 1421 καὶ
340 1369 620 1424 τελευταία
643 1370 838 1442 πρᾶξις
862 1370 999 1442 μετὰ
1025 1369 1214 1432 ’πιάσας⁶
1232 1369 1326 1431 τὰς
1357 1385 1622 1439 προκατα-

85 1457 347 1527 λεχθείσας
374 1459 468 1512 τοῦ
515 1462 758 1532 Σωτῆρος
809 1461 982 1531 ήμιῖιν,
1024 1460 1057 1530 ἢ
1103 1461 1197 1513 καὶ
1236 1458 1327 1511 τοῦ
1373 1461 1431 1511 ὲν
1476 1457 1621 1528 αὐτῷ

84 1549 436 1620 τελειουμένου
467 1552 678 1623 ἀνδρὸς,
713 1552 746 1624 ἢ
776 1555 869 1606 καὶ
895 1552 988 1605 τοῦ
1019 1549 1181 1604 αὑτοῦ
1216 1550 1417 1603 τελείου
1442 1550 1623 1618 σώμα-

84 1655 163 1702 τος
198 1638 294 1707 τῆς
327 1639 647 1710 Ἐκκλησίας
675 1641 860 1705 αὑτοῦ,
901 1639 1199 1711 δηλωθετσα
1229 1642 1317 1696 διὰ
1343 1639 1458 1705 τοῦ,
1505 1641 1620 1692 Ἐπ’

83 1729 295 1782 ἀσπίδα
321 1729 421 1782 καί
442 1730 815 1793 ,βασιλίσκον
839 1732 1120 1800 ἑπιϐήσῃ,
1163 1732 1261 1785 καί
1291 1731 1624 1799 καταπατή-

84 1832 202 1884 σεις
242 1816 534 1886 δράκοντα
573 1821 672 1873 καὶ
712 1821 948 1886 λέοντα,
988 1823 1087 1892 τὴν
1129 1823 1307 1876 πᾶσαν
1350 1821 1623 1892 ἀναφορὰν

84 1908 283 1978 καὶτῆς
314 1908 467 1978 νίκης
491 1909 589 1978 τὴν
618 1909 794 1963 αἰτίαν
816 1911 908 1962 ἐπὶ
937 1909 1015 1980 τῷ
1043 1890 1282 1981 Ὑψίστῳ
1315 1890 1613 1980 ἀνατίθησι.
1653 1890 1694 1944 Β

83 1996 162 2046 Διὸ
191 1994 462 2049 λέλεκται·
508 1997 626 2050 Ὅτι
667 1999 759 2051 ἐπ’
790 1998 895 2067 ἐμὲ
941 1998 1183 2068 ἤλπισε,
1224 1999 1321 2052 καί
1358 2001 1616 2068 ῥύσομαι

82 2086 270 2152 αὐτὸν,
303 2086 390 2140 ὅτι
412 2088 562 2157 ἔγνω
583 2088 646 2142 τὸ
675 2088 860 2158 ὄνομα
878 2108 1016 2159 μου.
1043 2091 1182 2160 Μετ’
1210 2091 1394 2145 αὐτοῦ
1417 2094 1530 2160 ειμι
1550 2092 1619 2144 ἐν

82 2177 287 2244 θλίψει,
319 2177 634 2247 ὲξελοῦμαι
671 2181 768 2233 καὶ
793 2180 1028 2244 δοξάσω
1053 2181 1254 2234 αὐτόν.
1286 2181 1396 2235 Καί
1430 2198 1517 2251 μοι
1538 2181 1618 2234 δο-

81 2269 158 2318 κεῖ
206 2267 325 2321 καθ’
372 2268 565 2340 ἑτέραν
614 2269 852 2324 διάνοιαν
901 2273 935 2342 ἡ
991 2272 1293 2342 προφητεία
1347 2271 1617 2336 θεσπίζειν

82 2356 241 2409 πάντα
285 2357 374 2411 τὸν
411 2360 610 2430 τρόπον
640 2360 734 2414 τοῦ
767 2361 908 2415 κατὰ
945 2360 1225 2434 ἄνθρωπον
1250 2362 1364 2432 βίου
1388 2362 1480 2414 τοῦ
1506 2363 1616 2413 Σω-

80 2447 231 2517 τῆρος
254 2448 409 2518 ἡμῶν
425 2467 440 2481 ⁸
465 2449 609 2518 λέγω
630 2451 688 2504 δὲ
707 2451 798 2505 τὸν
821 2451 1032 2524 πρῶτον
1065 2453 1382 2524 πειρασμὸν,
1413 2453 1504 2505 καὶ
1526 2451 1616 2502 τὸν

81 2537 207 2589 κατὰ
235 2537 294 2590 τὺ
336 2539 525 2603 πάθος,
561 2542 660 2611 τήν
682 2558 740 2594 τε
774 2542 909 2612 μετὰ
947 2542 1044 2614 τὴν
1067 2542 1215 2595 λύσιν
1244 2543 1337 2595 τοῦ
1373 2543 1617 2612 σώματος

80 2627 279 2690 ἐπὶτάς
321 2629 698 2701 ἀντικειμένας
737 2633 992 2703 δυνάμεις
1031 2633 1232 2701 ἔφοδον.
1265 2633 1375 2686 Καὶ
1414 2633 1480 2686 τὰ
1520 2633 1617 2703 μὲν

80 2717 258 2787 πρῶτα
291 2718 383 2771 τοῦ
425 2720 670 2791 ψαλμοῦ⁶
715 2723 1012 2792 κοινότερον
1040 2724 1097 2776 δὲ
1125 2723 1267 2777 οὕτω
1307 2723 1545 2793 λεγέσθω
1583 2727 1615 2795 ἡ

83 2807 314 2877 παροῦσα
357 2811 655 2881 προφητεία
694 2812 784 2865 τὸν
828 2814 1127 2885 πειρασμὸν
1171 2808 1497 2875 αἰνίττεσθαι
1527 2815 1617 2868 τὸν

82 2899 163 2949 ἐπὶ
202 2898 299 2969 τῆς
350 2901 576 2972 ὲρήμου,
622 2902 682 2955 δν
728 2904 787 2956 ὲν
833 2907 944 2969 τοῖς
981 2889 1328 2975 Εὐάγγελίοις
1371 2899 1618 2977 εἰσῆκται

82 2989 347 3060 πειραθεὶς
384 2991 488 3061 ὑπὸ
526 2992 618 3049 τοῦ
649 2993 922 3048 διαϐόλου·
967 2995 1036 3050 τὰ
1074 2997 1130 3050 δὲ
1165 2995 1408 3068 δεύτερα,
1443 2999 1499 3049 ἐν
1538 2991 1617 3059 οἷς

82 3079 328 3153 ἀγγέλους
353 3080 709 3138 διακονεῖσθαι
741 3085 819 3156 τῷ
843 3086 1006 3140 αὐτοῦ
1041 3086 1249 3157 σώματι
1283 3087 1616 3157 παρέστησεν

79 3170 104 3219 ὁ
126 3169 293 3238 λόγος,
321 3174 417 3245 τὴν
443 3174 583 3227 κατὰ
606 3175 694 3229 τὸν
724 3177 1056 3247 ἀνθρώπινον
1087 3179 1199 3249 βίον
1225 3180 1497 3251 διατριϐὴν
1524 3181 1619 3232 αὑ·

79 3259 191 3311 τοῦο
220 3261 290 3314 τὰ
317 3262 373 3315 δὲ
397 3264 573 3333 τρίτα,
594 3265 672 3318 δι’
706 3262 780 3320 ὧν
812 3267 1023 3336 λέγεται
1051 3270 1136 3322 ἐπ’
1166 3270 1363 3324 ἀσπίδα
1387 3272 1478 3323 καὶ
1515 3271 1612 3340 βα-

81 3349 304 3403 σιλίσκον
345 3353 747 3424 ἐπιϐεϐηκέναι,
794 3359 885 3411 καὶ
928 3360 1438 3431 καταπεπατηκέναι
1485 3362 1614 3432 δρά-

78 3455 228 3492 κοντα
262 3441 354 3494 καὶ
395 3441 604 3508 λέοντα,
650 3448 746 3516 τὴν
781 3449 917 3518 μετὰ
953 3450 1044 3504 τὸν
1087 3451 1313 3505 Θάνατον
1345 3452 1482 3504 κατά
1507 3451 1616 3506 τῶν

77 3529 397 3599 ἀρχοντικῶν
439 3537 758 3606 πνευμάτων
799 3539 978 3610 νίκην·
1017 3541 1134 3610 μεθ’
1160 3542 1196 3594 ἃ
1230 3543 1404 3595 πάντα
1438 3541 1617 3594 ἐπιλέ-

75 3638 250 3687 γεται·
315 3624 652 3696 Ἐ’ξελοῦμαι
705 3631 890 3683 αὐτόν
947 3631 1044 3685 καὶ
1088 3630 1328 3696 δοξάσω
1386 3635 1570 3686 αὐτόν
1596 3648 1610 3661 °

74 3715 415 3783 Μακρότητα
446 3717 678 3787 ἡμερῶν
724 3720 1012 3789 ἐμπλήσω
1057 3724 1260 3788 αὐτὸν,
1305 3723 1403 3777 καὶ
1442 3722 1614 3787 δείξω

73 3805 222 3870 αὐτῷ
251 3806 318 3861 τὸ
355 3809 652 3879 σωτήριόν
687 3830 827 3881 μου,
856 3814 953 3885 τῆς
987 3815 1122 3886 μετὰ
1161 3816 1252 3870 τὸν
1294 3815 1520 3870 θάνατον
1552 3817 1617 3867 ἐκ

73 3899 269 3970 νεκρῶν
312 3903 604 3973 σωτηρίας,
650 3905 743 3958 καὶ
778 3905 875 3976 τῆς
914 3906 1255 3978 μακραίωνος
1283 3908 1374 3962 καὶ
1413 3905 1615 3960 ἀθανά-

1721 642 1940 706 angelos
1967 642 2183 706 referat,
2209 643 2303 700 sed
2330 642 2394 696 ad
2421 644 2594 712 ipsum
2624 641 2980 703 Altissimum,
3003 657 3068 694 ex
3107 642 3265 711 cujus

1721 747 1948 800 persona
1975 730 2194 796 dicitur,
2215 732 2472 797 Quoniam
2502 733 2553 784 in
2583 747 2660 784 me
2683 732 2923 799 speravit,
2963 739 3011 783 et
3035 730 3265 786 liberabo

1719 838 1854 875 eum.
1869 821 2146 886 Quomodo
2164 821 2218 876 in
2236 823 2352 892 ipso
2368 822 2677 890 speraverit,
2697 821 2809 889 jam
2838 819 3118 890 Scriptura
3137 820 3267 875 cdo-

1721 927 1844 967 ccre
1864 914 2146 983 occupavit
2175 914 2259 969 his
2305 914 2484 968 verbis
2510 932 2523 967 :
2555 912 2657 979 Qui
2681 912 2884 965 habitat
2919 914 2973 965 in
3002 911 3264 981 adjutorio

1718 1001 2002 1069 Altissimi,
2038 1013 2093 1060 et
2124 1026 2136 1060 :
2173 1006 2321 1060 Dicet
2351 1005 2574 1059 Domino
2611 1003 2932 1073 :Susceptor
2953 1021 3093 1058 meus
3126 1022 3179 1058 es
3210 1016 3265 1058 tu

1719 1105 1769 1149 et
1798 1095 2054 1166 refugium
2088 1112 2280 1163 meum,
2321 1095 2460 1150 Deus
2499 1111 2664 1159 meus,
2693 1103 2743 1148 et
2779 1093 2995 1160 sperabo
3023 1095 3076 1146 in
3125 1110 3259 1148 eunt.

1721 1184 2088 1255 Triumphalis
2119 1187 2298 1255 itaque
2349 1195 2403 1240 et
2452 1193 2724 1254 postrema
2777 1184 2941 1246 actio,
2975 1198 3095 1253 quae
3142 1194 3263 1252 post

1721 1274 1825 1327 alia
1850 1284 2146 1330 memorata
2170 1275 2486 1339 Salvatoris,
2522 1283 2614 1328 aut
2664 1274 2766 1328 viri
2805 1274 2861 1328 in
2907 1289 2972 1328 eo
3011 1289 3265 1328 consum-

1721 1361 1873 1423 mati.
1899 1370 1991 1416 aut
2037 1364 2155 1432 ejus
2213 1353 2439 1432 perfecti
2503 1363 2770 1431 corporis,
2823 1361 2936 1416 sive
2989 1360 3262 1426 Ecclesiae,

1721 1463 1869 1521 gesta
1905 1454 2207 1522 signiﬁcata
2237 1453 2289 1505 in
2316 1452 2410 1506 illo
2447 1471 2460 1505 :
2504 1452 2672 1521 Super
2709 1454 2940 1522 aspidem
2981 1464 3031 1507 et
3084 1455 3269 1508 basili‘

1721 1557 1870 1594 scum
1893 1544 2207 1607 ambulabis,
2229 1553 2277 1596 et
2300 1542 2625 1597 conrulcabis
2661 1543 2855 1597 leonem
2882 1557 2931 1597 et
2959 1543 3264 1609 draconem;

1721 1638 1854 1698 tota,
1910 1647 2033 1686 cum
2079 1632 2331 1685 victoriae.
2390 1647 2575 1696 causa,
2621 1632 2900 1688 Altissimo
2951 1634 3261 1702 ascribitur.

1723 1718 2080 1785 Quamobrem
2110 1720 2308 1774 dicitur
2339 1736 2352 1771 :
2386 1721 2644 1787 Quoniam
2699 1722 2753 1774 in
2804 1737 2882 1775 me
2932 1724 3178 1790 speravit,
3211 1732 3266 1778 et

1726 1810 1950 1864 liberabo
1979 1827 2116 1877 eum,
2144 1812 2386 1880 quoniam
2438 1812 2665 1881 cognovit
2693 1827 2876 1865 nomen
2907 1827 3093 1865 meum.
3130 1810 3264 1865 Cum

1723 1902 1836 1969 ipso
1870 1918 1985 1955 sum
2020 1902 2073 1954 in
2105 1902 2458 1965 tribulatione,
2481 1902 2696 1970 eripiam
2726 1917 2843 1954 eum
2874 1911 2923 1954 et
2955 1901 3262 1971 gloriﬁcabo

1723 2010 1858 2047 eum.
1901 1995 2020 2047 Alio
2049 1995 2175 2047 item
2214 2009 2374 2049 sensu
2404 1993 2682 2062 prophetia
2712 1993 2922 2048 videtur
2959 1996 3089 2048 mihi
3121 1997 3260 2055 vati-

1722 2082 1892 2137 cinari
1927 2068 2142 2136 omnem
2175 2083 2424 2137 humanae
2461 2083 2754 2138 Salvatoris
2785 2085 2957 2139 nostri
2996 2085 3117 2140 vita:
3139 2102 3258 2140 mo-

1721 2176 1877 2240 dum;
1908 2173 2029 2227 dico
2053 2182 2232 2228 autem
2265 2176 2493 2243 primam
2520 2176 2899 2243 tentationem;
2937 2177 3082 2231 illam
3109 2179 3258 2246 item,

1721 2280 1880 2334 quam
1915 2265 1968 2317 in
2013 2266 2266 2334 passione
2308 2267 2594 2333 sustinuit;
2626 2282 2690 2321 ac
2744 2269 2906 2322 etiam
2935 2284 3073 2336 eam,
3098 2285 3259 2339 quam

1720 2363 1842 2424 post
1871 2354 2196 2410 solutionem
2250 2357 2494 2427 corporis
2548 2357 2675 2414 fecit
2704 2367 2894 2412 contra
2927 2360 3262 2416 adversarias

1720 2453 2014 2515 potestates
2070 2447 2449 2518 irruptionem.
2482 2448 2548 2502 Et
2603 2450 2716 2504 inec
2748 2450 2963 2520 quidem
3017 2453 3187 2522 prima
3210 2460 3264 2508 et

1719 2541 1986 2610 praecipua
2017 2542 2072 2593 in
2105 2541 2314 2609 psalmo
2358 2548 2485 2596 sunt
2523 2561 2534 2594 :
2568 2543 2858 2611 vulgariori
2891 2550 3068 2597 autem
3113 2559 3264 2598 more

1720 2629 1930 2683 dicatur
1959 2629 2072 2683 hac
2103 2629 2384 2699 prOpbetia
2433 2632 2786 2685 tentationem
2839 2632 2894 2684 in
2949 2631 3161 2687 deserto
3186 2635 3263 2689 si-

1720 2722 1995 2793 gniticare,
2029 2736 2136 2791 qua
2177 2729 2419 2776 tentatus
2448 2737 2570 2777 esse
2601 2737 2630 2774 a
2665 2720 2881 2776 diabolo
2929 2731 3182 2776 narratur
3201 2724 3260 2778 in

1721 2813 2039 2884 Evangelia;
2072 2811 2307 2868 secunda
2336 2827 2482 2877 vero,
2510 2812 2705 2883 quibus
2738 2813 2958 2881 angelos
2983 2809 3098 2882 ejus
3129 2828 3256 2870 cor-

1721 2905 1837 2974 pori
1881 2904 2222 2971 ministrasse
2273 2901 2617 2969 declaratur,
2639 2901 2755 2971 ejus
2792 2903 2846 2955 in
2892 2902 3123 2957 humana
3147 2904 3257 2958 vita

1721 2995 2181 3049 conversationem
2216 2993 2494 3061 indicant;
2527 2993 2684 3049 tertia
2715 3002 2915 3058 autem,
2957 2995 3150 3064 quibus
3174 2989 3258 3050 di-

1720 3087 1880 3145 citur,
1901 3098 2022 3138 eum
2053 3099 2215 3152 super
2237 3082 2479 3153 aspidem
2508 3092 2562 3138 et
2591 3084 2902 3139 basiliscum
2928 3085 3254 3149 ambulasse,

1719 3183 1772 3228 et
1793 3173 2143 3228 conculcasse
2195 3174 2401 3229 leonem
2448 3182 2503 3230 et
2552 3174 2863 3238 draconem,
2900 3175 3072 3246 ipsum
3133 3187 3257 3247 post

1717 3275 1942 3321 mortem
1975 3265 2044 3320 de
2070 3265 2408 3334 principibus
2437 3249 2719 3335 Spiritibus
2742 3265 3023 3322 victoriam
3069 3283 3258 3338 repor-

1717 3368 1864 3414 tasse
1895 3363 2152 3422 narrant;
2187 3364 2307 3426 post
2328 3371 2449 3425 qua:
2479 3355 2658 3410 omnia
2678 3356 2932 3427 adjicitur
2964 3372 2977 3408 :
3020 3356 3259 3427 Eripiam

1682 3459 1689 3464 '
1718 3453 1835 3505 eum
1860 3460 1910 3504 et
1936 3448 2242 3520 gloriﬁcabo
2265 3463 2401 3502 eum.
2431 3445 2775 3516 Longitudine
2805 3448 3006 3501 dierum
3051 3449 3258 3515 replebo

1720 3557 1857 3605 eum,
1883 3547 1932 3594 et
1953 3538 2221 3593 ostendam
2241 3536 2325 3590 illi
2353 3536 2586 3590 salutare
2622 3551 2824 3600 meum;
2854 3537 3054 3606 quibus
3074 3536 3256 3591 decla-

1717 3638 1802 3682 rat
1833 3628 1951 3695 ejus
1979 3635 2100 3695 post
2120 3627 2327 3681 obitum
2358 3627 2809 3682 resurremionem
2833 3641 2898 3681 ex
2941 3626 3168 3680 mortuis
3202 3637 3257 3682 et

1719 3723 1969 3783 salutem,
2002 3719 2295 3788 longaevam
2323 3726 2378 3772 et
2406 3717 2762 3772 immortalem
2797 3719 2983 3782 vitam,
3018 3718 3254 3773 divinam

1719 3812 1968 3882 gloriam,
2013 3818 2069 3864 et
2122 3809 2384 3863 honorem
2440 3823 2772 3878 regnumque
2831 3809 2991 3879 apud.
3040 3808 3253 3865 Patrem

1721 3910 2052 3970 susceptum.
2761 3891 2764 3894 ’

69 4004 155 4043 του
209 3991 373 4063 ζωῆς,
413 3995 510 4065 τῆς
551 4012 610 4048 τε
656 3995 836 4050 ἐνθέου
880 3996 1036 4067 δόξης
1083 3999 1176 4050 καὶ
1219 3999 1319 4069 τῆς
1366 3999 1512 4068 παρά
1543 3995 1621 4067 τῷ
1657 3995 1828 4064 Πατρὶ
1871 3991 2032 4060 τιμῆς
2070 4005 2129 4040 τε
2170 4005 2262 4042 και
2309 3988 2580 4058 βασιλείας
2616 3989 2703 4041 διὰ
2743 3988 2943 4043 τούτων
2995 4009 3257 4063 παριστα-

73 4082 252 4152 μένης.

69 4192 349 4261 ramos
383 4153 595 4264 naris,
632 4196 1242 4334 ξέετδξρνῶλωων
1280 4198 1416 4252 Tur
1453 4197 1606 4250 ΣΑΒ-

141 4356 378 4426 Ἀγαθὸν
407 4357 470 4410 τὸ
489 4356 965 4428 ἐξομολογεῖσθαι
985 4359 1063 4425 τῷ
1087 4364 1297 4428 Κυρίῳ,
1324 4363 1420 4418 καί
1449 4362 1605 4432 ψάλ-

67 4445 190 4497 λειν
226 4442 309 4510 τῷ
338 4446 581 4514 ὀνόματί
621 4462 757 4511 σου,
790 4448 1054 4517 Ὕψιστε,
1084 4451 1189 4505 τοῦ
1219 4453 1631 4523 ἀναγγέλλων.

67 4534 126 4586 τὸ
147 4536 296 4602 πρωῒ
322 4536 385 4591 τὸ
407 4537 578 4603 ἔλεός
609 4551 722 4592 σου
747 4539 844 4593 καί
870 4541 983 4609 τὴν
1012 4543 1299 4612 ἀλήθειάν
1321 4561 1437 4600 σου
1464 4545 1611 4600 κατὰ

63 4628 266 4692 νύκτα,
294 4629 362 4682 ἐν
388 4629 723 4698 δεκαχόρδῳ
751 4633 1060 4701 ψαλτηρίῳ
1084 4636 1209 4703 μετ’
1240 4635 1398 4703 ᾠδῆς
1426 4638 1496 4690 ἐν
1524 4654 1608 4690 κι-

65 4715 227 4784 θάρᾳ.
260 4718 369 4782 Τὰς
403 4718 511 4772 τῶν
543 4708 830 4776 Σαϐϐάτων
860 4723 1067 4794 ἡμέρας
1109 4725 1158 4776 οἱ
1190 4724 1296 4796 πρὸ
1337 4725 1607 4788 Μωῡσέως

63 4808 252 4860 δίκαιοι
294 4811 388 4863 καὶ
426 4810 686 4880 θεοφιλεῖς
721 4813 912 4886 ἄνδρες
948 4815 1056 4869 οὔτ’
1083 4815 1305 4886 ᾔδεσαν.
1328 4813 1437 4868 οὔτ’
1477 4814 1607 4884 ἐφύ-

63 4898 265 4951 λαττον.
293 4897 418 4952 Οὗτ⁹
462 4898 556 4956 οὖν
585 4903 743 4968 αὐτὸς
784 4904 1044 4978 Ἀϐραὰμ,
1077 4905 1198 4960 οὔτε
1242 4907 1439 4969 Ἰσαὰκ,
1482 4903 1604 4958 οὔτε

75 4988 280 5053 Ἰακὼϐ,
301 4990 423 5045 οὔτε
458 4995 506 5046 οἱ
541 4995 729 5049 τούτου
771 4997 973 5062 παῖδες,
1004 4997 1115 5050 ἀλλ’
1147 4996 1264 5050 οὐδὲ
1295 4997 1344 5048 οἱ
1377 4996 1454 5048 ἐτι
1480 4996 1603 5048 τού-

60 5101 160 5135 των
202 5080 280 5150 τῷ
331 5083 507 5154 χρόνῳ
552 5086 891 5159 παλαιότεροι
939 5089 1213 5158 φαίνονται
1255 5084 1603 5155 γινώσκοντες

59 5176 267 5248 ἡμέραν
290 5173 584 5229 Σαϐϐάτου.
610 5178 775 5230 Ἐπεὶ
799 5179 975 5232 τοίνυν
1001 5181 1048 5230 οί
1085 5181 1148 5231 ὲκ
1181 5178 1496 5248 περιτομῆς,
1528 5177 1603 5243 ὡς

61 5267 194 5334 μέγα
221 5282 272 5318 τι
303 5265 707 5335 κατορθοῦντες,
733 5269 803 5322 τὰ
828 5269 1073 5323 Σάϐϐατα
1097 5268 1376 5336 φυλάττειν
1411 5268 1604 5338 ἡγοῦν-

60 5376 162 5424 ται,
190 5357 228 5411 ἃ
257 5355 375 5408 οὐδὲ
415 5354 735 5424 φυλάττουσι
769 5359 909 5414 κατὰ
934 5360 993 5413 τὸ
1020 5359 1260 5431 βούλημα
1289 5357 1382 5412 τοῦ
1414 5360 1597 5428 νόμου,

59 5443 386 5517 παραθετέον
416 5444 596 5508 αὐτοῖς
637 5448 711 5498 τὰ
745 5449 1021 5519 εἰρημένα.
1069 5450 1175 5501 Καὶ
1214 5446 1396 5518 ἐπειδὴ
1438 5448 1603 5502 κατά-
1650 5467 1652 5469 '

58 5554 252 5592 παυσιν
279 5535 529 5606 σημαίνει
555 5537 616 5590 τὸ
643 5537 931 5604 Σάϐϐατον,
959 5541 1262 5612 γέγραπται
1297 5538 1423 5606 γοῦν
1447 5557 1460 5570 ·
1490 5541 1600 5594 Καὶ

56 5627 432 5681 κατέκαυσεν
468 5627 500 5677 ό
533 5626 674 5693 Θεὸς
712 5628 782 5682 ἐν
808 5628 882 5698 τῇ
911 5632 1096 5700 ἡμέρᾳ
1133 5628 1206 5699 τῇ
1240 5627 1284 5689 ζ’
1303 5629 1419 5683 ἀπὸ
1454 5630 1600 5683 πάνι-

58 5734 165 5769 των
203 5715 319 5770 τῶν
346 5715 533 5784 ἔργων
566 5718 767 5789 αὑτοῦ,
800 5714 886 5778 ὧν
911 5722 1172 5792 ἐποίησε,
1216 5719 1310 5774 καὶ
1334 5719 1598 5793 ῄγίασεν

120 5835 161 5864 ’⁷
202 5830 336 5887 Gen.
374 5847 454 5900 ιι,
483 5831 550 5899 2,
583 5834 637 5892 ὅ.

1749 4185 2066 4247 PSALMUS
2113 4185 2407 4254 CANTICI,
2442 4187 2509 4243 ΙΝ
2567 4188 2678 4244 DIE
2737 4187 3040 4248 SABBATI.
3078 4193 3217 4252 XCI.

1781 4351 1948 4406 Vens.
1983 4348 2039 4413 2,
2071 4348 2123 4402 '5.
2161 4345 2370 4400 Bonum
2395 4354 2473 4399 est
2500 4345 2736 4414 conﬁteri
2765 4345 3006 4412 Domino,
3039 4357 3087 4402 et
3109 4352 3254 4419 μιαί.

1713 4445 1818 4498 lere
1839 4441 2037 4496 nomini
2066 4449 2176 4503 tuo,
2217 4437 2503 4505 Altissime,
2535 4435 2604 4488 ad
2649 4438 3062 4491 annuntiandum
3101 4435 3254 4495 mane

1637 4509 1685 4566 θ
1712 4531 2125 4590 misericordiam
2149 4540 2315 4593 tuam,
2344 4537 2392 4580 et
2435 4528 2700 4580 ueritatem
2724 4537 2867 4580 tuam
2902 4543 2990 4596 per
3020 4541 3246 4600 noctem,

1714 4627 1769 4679 in
1793 4622 2116 4679 decachordo
2151 4620 2395 4688 psalterio
2432 4632 2550 4670 cum
2577 4617 2778 4669 cantico
2800 4617 2853 4670 in
2895 4619 3116 4678 cithara.
3149 4623 3252 4690 Qui

1710 4722 1836 4770 ante
1887 4712 2122 4784 Moysem
2166 4717 2321 4764 erant
2362 4707 2497 4777 justi
2553 4721 2616 4760 ac
2673 4708 2908 4778 religiosi
2960 4712 3083 4776 viri,
3135 4715 3251 4770 dies

1713 4807 2073 4862 Sabbatorum
2122 4815 2231 4857 non
2279 4807 2474 4855 norant
2530 4813 2632 4856 nec
2693 4800 3093 4859 custodiebant.
3143 4805 3252 4861 Nec

1708 4898 1852 4952 enim
1886 4896 2177 4956 Abraham,
2210 4907 2387 4961 neque
2429 4891 2596 4957 Isaac,
2641 4907 2817 4962 neque
2853 4893 3040 4960 Jacob,
3076 4913 3250 4966 neque

1709 4991 1826 5058 ejus
1885 4988 1998 5049 ﬁlii,
2023 4999 2198 5054 neque
2246 4985 2408 5038 etiam
2455 4983 2548 5053 qui
2599 4983 2666 5038 iis
2711 4985 3042 5060 antiquiores
3069 4999 3242 5051 erant,

1708 5080 1847 5134 diem
1880 5075 2096 5132 Sabbati
2122 5076 2340 5130 novisse
2368 5074 2638 5129 videntur.
2680 5074 2814 5141 Quia
2845 5078 3011 5147 igitur
3057 5079 3148 5147 qui
3179 5094 3245 5131 ex

1708 5168 2125 5224 circumcisione
2173 5176 2323 5233 sunt,
2354 5166 2509 5235 quasi
2561 5167 2741 5236 magni
2791 5167 3060 5237 quidpiam
3105 5183 3244 5236 μναῖ-ο

1709 5267 1871 5324 stent,
1907 5273 1964 5312 se
1994 5255 2227 5309 Sabiiata
2273 5270 2488 5311 servare
2534 5261 2744 5324 putant,
2776 5270 2894 5324 qua:
2927 5263 3106 5308 tamen
3160 5271 3244 5310 se-

1708 5349 1943 5403 cundum
2004 5344 2137 5414 legis
2200 5356 2434 5400 mentem
2499 5361 2607 5400 non
2657 5345 2989 5409 custodiunt,
3049 5347 3243 5415 psalmi

1703 5441 1847 5495 dicta
1878 5435 2009 5508 ipsis
2033 5441 2160 5489 sunt
2194 5434 2532 5504 exponenda.
2564 5435 2629 5488 Et
2662 5435 2786 5504 quia
2825 5432 3113 5489 Sabbatum
3152 5451 3241 5489 re-

1703 5534 1883 5603 quiem
1937 5525 2240 5595 signiﬁcat;
2277 5540 2400 5578 nam
2450 5527 2709 5595 scriptum
2734 5535 2817 5580 est
2848 5545 2861 5580 :
2900 5526 2968 5580 Et
3003 5526 3242 5595 requievit

1703 5625 1843 5680 Deus
1865 5622 1949 5676 die
1995 5617 2214 5688 septimo
2244 5617 2309 5668 ab
2349 5618 2583 5670 omnibus
2607 5619 2846 5685 operibus
2890 5620 2998 5672 suis
3024 5632 3137 5686 que
3165 5623 3240 5683 [e-

1701 5728 1864 5782 cerat,
1899 5725 1948 5771 et
1980 5711 2325 5780 sanctiﬁcat-it
2359 5709 2507 5764 illum
2537 5713 2602 5778 ’7;
2636 5712 2784 5768 dicas
2827 5727 2956 5769 sane
3005 5710 3097 5767 Dei
3159 5725 3243 5766 re-
