3976 6356
740 453 874 509 *116ἶὶ
1490 456 1751 510 EUSEBII
1789 454 2255 511 CASSARIENSIS
2292 454 2437 509 OPP.
2477 455 2648 508 PARS
2687 454 2772 511 ill.
2812 488 2879 496 —
2918 454 3312 508 EXECETICA.
3748 454 3854 507 nos

743 571 920 640 quiem
982 570 1439 632 considerandam,
1492 585 1783 640 verumque
1835 570 2122 624 Sabbatum
2168 584 2264 639 pro

2367 566 2579 633 αὑτήν·
2613 570 2774 639 ἐρεῖς,
2808 569 2887 621 ὄτι
2928 571 3183 639 προσήκει
3222 572 3403 639 νοῆσαι
3447 567 3581 619 Θεοῦ
3612 571 3854 619 κατάπαυ-

743 661 997 730 dignitate
1029 658 1117 713 Dei
1157 659 1526 728 accipiendum
1564 675 1706 713 esse.
1750 659 1818 710 At
1859 659 2001 712 enim
2033 659 2267 712 declarat

2367 677 2465 716 σιν.
2507 661 2597 712 καὶ
2630 660 2690 711 τὸ
2726 659 2970 734 ἀληθινὸν
3008 660 3272 712 Σάϐϐατω
3322 656 3629 723 ἐκδέξασθαι
3661 657 3859 721 ἐπαξίως

740 753 850 815 ille,
882 751 1071 820 impios
1104 751 1347 805 homines
1375 765 1483 804 non
1543 751 1886 818 ingressuros
1930 764 2051 803 esse
2100 748 2151 801 in
2183 765 2267 802 re-

2367 750 2454 803 τοῦ
2504 750 2653 802 Θεοῦ.
2705 752 2839 812 Τοὺς
2884 749 2989 820 γάρ
3038 750 3250 811 ἀσεϐεῖς
3292 748 3603 819 ἀνθρώπους
3646 748 3765 815 φησί
3801 748 3855 817 μὴ

740 830 914 908 quiem
949 840 1139 910 ipsius,
1164 840 1218 892 in
1247 840 1468 909 psalmis
1498 840 1625 891 talia
1644 838 1782 893 fatus
1813 854 1825 889 :
1857 838 2065 904 Semper
2091 846 2268 891 errant

2367 838 2750 894 εἰσελεύσεσθαι
2796 842 2873 903 εἰς
2910 840 3004 911 τὴν
3042 841 3373 894 κατάπαυσιν
3414 838 3575 892 αὑτοῦ
3621 827 3775 904 λέγων
3814 841 3857 891 ὲν

739 933 913 985 corde.
949 930 1063 999 Ipsi
1107 946 1221 983 vero
1273 946 1373 983 non
1414 937 1752 997 cognoverunt
1784 930 1893 982 vias
1942 944 2103 989 meas,
2136 928 2269 981 sicut

2367 929 2608 998 ψαλμοῖς,
2651 930 2754 984 Ἀεὶ
2782 930 3115 984 πλανῶνται
3139 928 3214 997 τῇ
3241 928 3462 995 καρδίᾳ.
3491 927 3664 981 Αὐτοὶ
3687 926 3746 980 δὲ
3770 929 3857 982 οὐκ

738 1020 909 1086 iuravi
938 1023 991 1073 in
1022 1022 1102 1073 ira
1133 1037 1267 1083 mea,
1302 1021 1348 1073 si
1373 1018 1655 1073 introibant
1684 1021 1737 1072 in
1768 1020 1989 1088 requiem
2017 1035 2183 1072 meam
2200 1019 2263 1073 ’⁸.

2367 1020 2632 1089 ἔγνωσαν
2671 1020 2775 1086 τὰς
2808 1020 2981 1086 ὁδούς
3021 1018 3278 1090 μου,’ὡς
3307 1018 3509 1089 ὤμοσα
3546 1019 3614 1071 ἐν
3641 1016 3709 1084 fi
3740 1016 3856 1085 έρτίἷ

736 1111 968 1168 Necesse
993 1113 1154 1181 igitur
1176 1119 1258 1166 est
1287 1109 1518 1165 Sabbata
1574 1109 1669 1163 Dei
1714 1109 2007 1165 secundum
2038 1119 2267 1166 mentem

2367 1128 2498 1180 μου,
2522 1113 2575 1164 εὶ
2614 1112 3052 1165 εἰσελεύσονται
3080 1113 3165 1176 εἰς
3210 1111 3325 1179 τὴν
3361 1108 3726 1163 κατάπαυσίν
3743 1126 3852 1175 μου.

737 1194 1002 1270 accipere,
1049 1212 1103 1255 et
1129 1199 1236 1254 Deo
1293 1208 1673 1269 congruentem
1728 1200 1966 1268 requiem
2011 1200 2266 1269 cogitare,

2367 1201 2569 1257 Οὐκοῦν
2607 1203 2894 1269 ἀναγκαῖον
2932 1202 3067 1254 κατά
3098 1202 3333 1263 ,διάνοιαν
3378 1199 3620 1254 ἐκλαϐεῖν
3648 1196 3859 1250 Σάϐϐατα

736 1307 841 1361 qua
894 1291 1044 1362 impii
1068 1306 1174 1345 non
1229 1291 1517 1356 donantur,
1567 1289 1662 1345 sed
1720 1290 1819 1345 soli
1879 1288 2010 1357 justi
2056 1300 2118 1342 a'c
2177 1288 2268 1343 Dei

2367 1291 2518 1356 Θεοῦ,
2562 1292 2653 1346 καὶ
2695 1292 2995 1345 ἀνάπαυσιν
3039 1290 3156 1361 Θεῷ
3202 1291 3529 1361 πρέπουσαν,
3571 1283 3637 1359 ἧς
3681 1287 3858 1347 ἀσεϐεῖς

724 1381 914 1435 amici.
950 1382 1029 1434 Ita
1065 1381 1206 1435 enim
1242 1379 1535 1433 dixerimus
1567 1378 1855 1440 Abraham,
1891 1376 2059 1439 Isaac,
2102 1374 2269 1429 Jacob

2369 1380 2465 1449 μὲν
2506 1379 2603 1431 οὐκ
2634 1378 2925 1444 ἀξιοῦνται,
2958 1378 3104 1449 μόνοι
3139 1378 3195 1430 δὲ
3223 1379 3271 1429 oi
3304 1377 3491 1430 δίκαιοι
3519 1374 3718 1429 καὶτοῦ
3751 1374 3858 1427 Θεοῦ

736 1479 790 1526 et
812 1485 995 1525 omnes
1018 1476 1279 1538 quotquot
1312 1474 1435 1521 ante
1468 1473 1520 1521 et
1570 1472 1691 1534 post
1747 1464 1867 1519 illos
1911 1464 2004 1519 Dei
2034 1465 2267 1519 cultores

2367 1468 2521 1536 φίλοι.
2550 1468 2700 1521 Οῦτω
2730 1468 2859 1537 γοῦν
2894 1470 3132 1539 εἴποιμεν
3158 1468 3223 1522 ἂν
3249 1469 3342 1521 καὶ
3380 1468 3469 1521 τὸν
3502 1466 3752 1538 Ἁϐραάμ,
3782 1464 3856 1515 καὶ

738 1560 907 1623 fuere,
947 1560 1280 1630 intelligendi
1304 1574 1452 1615 more
1491 1561 1663 1614 solum
1714 1560 1931 1613 novisse
1985 1571 2047 1611 ac
2087 1566 2266 1611 custo-

2367 1561 2451 1613 τὸν
2490 1560 2687 1626 Ἰσαάκ,
2713 1561 2805 1614 καὶ
2841 1560 2928 1614 τὸν
2962 1560 3173 1624 Ἰακὼϐ,
3208 1560 3329 1623 τούς
3358 1578 3421 1626 τε
3449 1560 3553 1631 πρὸ
3587 1558 3748 1610 αὐτῶν
3778 1555 3853 1608 καὶ

737 1651 881 1705 disse
910 1648 1158 1704 ‘Sabbata
1214 1648 1328 1714 Dei,
1364 1657 1417 1702 et
1458 1648 1728 1718 ingressos
1758 1662 1876 1703 esse
1924 1646 1978 1701 in
2028 1646 2264 1713 requiem

2369 1654 2481 1721 μετ’
2508 1653 2701 1714 αὐτοὺς
2728 1651 2990 1720 Θεοφιλεῖς
3021 1651 3223 1714 πάντας
3254 1651 3390 1705 κατά
3420 1650 3648 1704 διάνοιαν
3670 1644 3858 1713 ἐγνωκέ-

737 1741 873 1808 ejus.
900 1739 1038 1806 Quid
1062 1741 1224 1810 igitur
1267 1739 1530 1809 signiticet
1587 1738 1899 1801 Sabbatum,
1941 1737 2266 1807 perpendere

2367 1762 2446 1797 ναι
2474 1744 2566 1796 καὶ
2592 1743 2949 1811 πεφυλαχέναι
2976 1743 3042 1796 τά
3080 1742 3331 1796 Σάϐϐατα
3352 1742 3444 1794 τοῦ
3468 1740 3619 1802 Θεοῦ,
3660 1737 3744 1790 καὶ
3766 1740 3855 1789 εἰσ-

737 1835 1101 1889 necessarium
1161 1842 1265 1887 est.
1327 1832 1619 1886 Sabbatum
1686 1845 1803 1885 esse
1873 1829 2111 1897 requiem
2172 1828 2265 1881 Dei

2367 1833 2671 1904 εληλυθέναι
2706 1836 2783 1895 εἰς
2809 1832 2901 1903 τὴν
2934 1834 3265 1887 κατάπαυσιν
3288 1832 3468 1885 αὐτοῦ.
3501 1829 3566 1882 Τί
3590 1829 3650 1899 δὴ
3676 1825 3757 1881 οὖν
3787 1844 3858 1895 ar,—

738 1926 1015 1993 Scriptura
1044 1924 1304 1982 declarat,
1356 1935 1515 1990 quam
1541 1925 1662 1988 post
1718 1916 2057 1971 sensibilium
2116 1928 2265 1967 crea-
2298 1906 2337 1959 D

734 2018 935 2071 tionem
970 2014 1193 2067 inducit.
1248 2011 1344 2066 Dei
1373 2024 1498 2064 vero
1557 2008 1770 2077 requies
1800 2022 1916 2076 (ιιιεε
1948 2006 2051 2058 alia
2085 2004 2264 2068 fuerit,

734 2108 839 2161 nisi
868 2104 1201 2160 conversatio
1247 2103 1303 2156 in
1359 2099 1779 2169 intelligibilibus
1832 2105 1884 2151 et
1937 2095 2263 2150 cmlestibus.

735 2198 867 2251 Nam
918 2210 1039 2250 cum
1090 2191 1438 2248 sensibilibus
1494 2188 1773 2260 prospicit,
1805 2195 1859 2241 ct
1913 2187 2059 2240 circa
2104 2200 2265 2255 opera

733 2286 1083 2358 providentia:
1106 2281 1292 2335 mundi
1339 2288 1604 2342 versatur,
1631 2285 1761 2330 tunc
1793 2275 1991 2330 dicitur
2019 2274 2264 2344 Operari;

734 2379 988 2447 atquesie
1005 2373 1402 2443 intelligendum
1421 2373 1518 2424 hoc
1536 2368 1823 2422 Salvatoris
1838 2368 2006 2421 nostri
2028 2366 2228 2420 dictum
2250 2384 2263 2420 :

735 2469 896 2522 Pater
924 2483 1065 2520 meus
1110 2480 1267 2532 usque
1300 2464 1448 2515 modo
1482 2472 1724 2529 operatur
1760 2469 1807 2513 et
1846 2476 1935 2529 ego
1974 2474 2152 2527 operor
2170 2458 2214 2489 ”
2248 2476 2263 2511 :

734 2574 855 2613 eum
885 2568 1059 2611 autem
1090 2557 1230 2609 circa
1275 2568 1433 2622 opera
1465 2554 1795 2619 incorporea,
1825 2559 1876 2605 et
1902 2550 2160 2611 caelestia,
2192 2554 2265 2612 et,

735 2661 794 2704 ut
824 2648 945 2719 quis
984 2630 1197 2710 dixerit,
1230 2646 1370 2699 circa
1397 2658 1512 2697 eam
1543 2656 1660 2711 qua:
1713 2639 1787 2695 ibi
1833 2641 2037 2711 geritur
2089 2652 2267 2691 rerum

735 2738 1223 2815 considerationem
1270 2742 1537 2799 versatur,
1579 2740 1710 2787 tunc
1757 2731 1995 2800 requiem
2043 2728 2263 2794 habere,

734 2844 787 2887 et
822 2830 1111 2884 Sabbalum
1157 2842 1312 2882 suum
1364 2842 1519 2896 agere
1574 2824 1905 2893 intelligitur.
1956 2819 2151 2873 Eadem
2181 2834 2269 2871 ra-

734 2926 877 2979 tione
907 2922 1069 2990 igitur
1090 2920 1191 2973 viri
1223 2933 1436 2988 quoque
1469 2916 1585 2982 Dei,
1610 2915 1825 2985 quando
1874 2912 2127 2982 operibus
2151 2910 2268 2964 ani-

732 3026 875 3065 mam
905 3008 1323 3077 defatigantibus
1362 3006 1509 3075 (talia
1539 3020 1667 3058 vero
1692 3009 1819 3079 sunt
1865 3002 2044 3054 omnia
2073 3015 2266 3065 corpo-

724 3114 847 3164 rea,
877 3106 931 3153 et
959 3105 1184 3151 terrena:
1210 3094 1387 3147 carnis
1418 3092 1614 3161 amica)
1637 3091 1869 3154 liberati,
1918 3088 2026 3145 Deo
2047 3104 2267 3159 prorsus

734 3196 947 3250 vacant,
981 3201 1044 3239 ac
1073 3186 1375 3239 divinorum
1423 3180 1889 3253 spiritualiumque
1941 3180 2270 3249 contempla-

734 3278 870 3333 tioni
903 3275 1069 3331 dediti
1124 3280 1269 3335 sunt,
1311 3280 1436 3325 tunc
1500 3278 1716 3340 accepta
1766 3269 1873 3325 Deo
1925 3268 2178 3332 Sabbata,
2215 3277 2267 3323 et

734 3370 974 3439 requiem
1008 3366 1233 3420 Domino
1250 3364 1355 3418 Deo
1385 3370 1568 3434 agimt.
1599 3360 1674 3416 De
1726 3362 1810 3416 bis
1857 3376 1984 3416 vero
2019 3359 2267 3415 Sabbatis

736 3460 838 3514 hoc
870 3459 944 3511 ait
980 3476 992 3509 :
1017 3454 1168 3509 Nunc
1189 3454 1497 3523 relinquitur
1524 3451 1867 3505 sabbatismus
1888 3450 2075 3519 populo
2105 3448 2268 3501 Dei‘?

736 3555 790 3603 et
814 3562 1031 3601 rursum
1060 3565 1072 3599 :
1100 3543 1419 3597 Festinemus
1465 3544 1624 3611 igitur
1671 3540 1871 3611 ingredi
1918 3540 1968 3591 in
1998 3539 2147 3592 illam
2185 3554 2267 3590 re-

734 3640 953 3710 quicm’.
990 3635 1121 3688 Nam
1172 3635 1463 3704 perfectum
1492 3633 1784 3687 Sabbatum
1809 3638 1861 3685 et
1888 3629 2120 3700 perfecta
2145 3631 2264 3683 bea-

734 3729 1053 3795 tissimaque
1095 3726 1307 3793 requies
1342 3725 1395 3777 in
1447 3738 1612 3793 regno
1656 3721 1769 3785 Dei,
1816 3736 1979 3791 supra
2031 3737 2123 3775 sex
2151 3720 2266 3774 die—

736 3835 859 3874 rum
892 3818 1187 3888 Opiﬁcium,
1217 3816 1450 3878 exsistit,
1480 3822 1532 3869 et
1581 3821 1732 3869 extra
1762 3816 1943 3869 omnia
1992 3814 2267 3870 sensibilia

738 3913 793 3964 in
852 3909 1184 3979 incorporeis
1237 3917 1289 3961 et
1338 3906 1647 3961 cmlestibus
1690 3913 1954 3969 versatur,
1982 3905 2123 3959 unde
2172 3921 2269 3958 an-

720 3990 872 4069 'fugit
928 3997 1099 4062 dolor,
1154 3998 1370 4050 tristitia
1412 4002 1465 4050 et
1522 3994 1784 4065 gemitus;
1838 3995 1925 4048 ubi
1974 4008 2005 4047 a
2055 3995 2267 4048 mortali

736 4097 793 4147 et
842 4088 1167 4157 corruptioni
1220 4088 1448 4141 obnoxia
1489 4089 1598 4141 vita
1652 4086 1840 4155 erepti,
1884 4096 2045 4155 atque
2098 4088 2267 4140 otium

737 4176 849 4233 Deo
894 4186 1103 4249 gratum
1138 4192 1198 4231 ac
1239 4178 1449 4231 beatum
1481 4186 1792 4247 agentes,ct
1821 4192 1853 4231 a
1902 4177 2143 4246 corporis
2176 4193 2268 4231 ac-

738 4268 979 4322 tionibus
1032 4274 1193 4335 atque
1236 4280 1267 4318 a
1321 4266 1576 4319 servitute
1641 4266 1820 4320 carnis
1876 4266 2111 4329 liberati,
2146 4280 2267 4320 cum

741 4364 860 4431 ipso
893 4357 1000 4413 Deo
1034 4365 1085 4413 et
1117 4356 1253 4429 apud
1309 4357 1481 4427 ipsum
1531 4366 1827 4421 versantes,
1884 4355 2174 4409 Sabbatum
2217 4364 2270 4409 et

740 4453 977 4523 requiem
1002 4464 1236 4520 agemus.
1286 4447 1640 4514 Quamobrem
1686 4448 1759 4500 ait
1804 4447 2091 4516 Apostolus
2126 4444 2271 4500 :Fe-

2370 1923 2541 1992 μαίνει
2580 1923 2640 1974 τὸ
2680 1921 2967 1986 Σάϐϐατον,
3001 1923 3288 1989 ἀναγκαῖον
3320 1920 3617 1990 ἐπιστῆσαι.
3657 1919 3710 1970 Ὀ
3733 1918 3859 1985 λόγος

2364 2012 2658 2065 ἀνάπαυσιν
2695 2011 2839 2080 δηλοῖ
2876 2011 3039 2064 Θεοῦ’
3081 2011 3283 2077 εἰσάγει
3311 2027 3370 2060 τε
3402 2009 3602 2078 ταύτην
3642 2007 3765 2077 μετά
3784 2009 3859 2074 τὴν

2363 2102 2468 2153 τῶν
2503 2100 2766 2171 αἰσθητῶν
2816 2101 3182 2172 κοσμοποιίαν.
3220 2097 3353 2152 Θεοῦ
3398 2099 3455 2151 δὲ
3497 2099 3777 2159 ἀνάπαυσις
3798 2099 3862 2157 τίς

2365 2193 2429 2245 ἂν
2452 2193 2651 2259 γένοιτο
2679 2192 2834 2261 ἑτέρα
2862 2193 2958 2263 τῆς
2990 2191 3121 2262 πρὸς
3154 2193 3263 2253 τοῖς
3303 2190 3508 2260 νοητοῖς
3529 2189 3621 2241 καὶ
3666 2188 3860 2258 ὑπερκο-

2368 2282 2542 2352 σμίοις
2592 2282 2893 2351 διαγωγῆς;
2958 2283 3078 2333 Ὅτε
3120 2281 3216 2352 μὲν
3256 2280 3361 2352 γὰρ
3407 2280 3534 2350 περὶ
3581 2278 3645 2331 τά
3670 2278 3860 2348 αἰσθητά

2366 2376 2679 2443 περισκοπεῖ
2707 2373 2795 2424 καὶ
2832 2372 2956 2442 περί⁵
2996 2371 3063 2423 τά
3093 2371 3225 2439 ἔργα
3264 2372 3362 2440 τῆς
3396 2369 3488 2423 τοῦ
3530 2369 3720 2439 κόσμου
3759 2385 3863 2435 προ-

2365 2462 2509 2524 νοίας
2548 2461 2908 2529 καταγίνεται,
2948 2459 3264 2531 ἐργάζεσθαι
3304 2459 3557 2527 λέγεταιο
3599 2459 3686 2509 καὶ
3721 2457 3860 2517 οὕτως

2364 2552 2647 2607 ἀκουστέον
2688 2553 2927 2621 λέγοντος
2967 2551 3060 2604 τοῦ
3102 2550 3346 2620 Σωτῆρος
3386 2549 3581 2620 ἠμῶν,.
3608 2550 3657 2601 '0
3696 2547 3861 2612 Πατήρ

2358 2662 2474 2713 μου
2499 2644 2607 2709 ἕως
2642 2643 2768 2711 ἄρτι
2793 2642 3117 2711 ἐργάζεται,
3165 2640 3323 2711 κάγὼ
3361 2640 3686 2709 ἐργάζομαι·
3717 2640 3791 2691 ὅτε
3817 2639 3860 2689 δὲ

2367 2736 2499 2805 πρὸς
2522 2738 2630 2797 τοῖς
2664 2734 2966 2803 ἀσωμάτοις
2998 2736 3090 2787 καὶ
3116 2733 3498 2803 ὑπερκοσμίοις
3525 2733 3655 2795 ἐστὶ,
3678 2732 3777 2793 καὶ,
3802 2729 3860 2790 ὡς

2358 2824 2428 2891 ,ἂν
2455 2824 2593 2875 εἴποι
2630 2841 2731 2889 τις,
2775 2826 2831 2876 ὲν
2854 2827 2932 2895 τῇ-
2948 2825 3137 2877 αὐτόσε
3170 2823 3331 2877 αὑτοῦ
3360 2826 3634 2895 περιωπῇ,
3655 2821 3711 2873 τὸ
3744 2837 3863 2892 mw

2366 2912 2536 2965 καῦτα
2568 2914 2863 2966 ἀνάπαυσιν
2901 2891 3070 2984 ἀγειν,
3094 2916 3187 2969 καὶ
3214 2914 3272 2969 τὸ
3294 2913 3452 2969 αὐτοῦ
3486 2914 3743 2967 Σάϐϐατον
3770 2913 3863 2961 ἐπι-

2366 3004 2533 3059 τελεῖν
2558 3006 2770 3059 νοεῖται.
2811 3006 2964 3059 Κατά
2991 3008 3059 3060 τὰ
3102 3007 3237 3059 αύτά
3270 3005 3559 3077 τοιγαροῦνΔ
3588 3006 3676 3057 καὶ
3713 3004 3757 3055 οἱ
3788 3002 3861 3054 τοῦ

2366 3097 2498 3149 Θεοῦ
2527 3096 2733 3168 ἀνδρες,
2770 3095 3003 3160 ἐπειδὰν,
3044 3095 3150 3147 τῶν
3188 3094 3488 3147 κοπούντων
3523 3094 3639 3162 (sic)
3665 3092 3753 3159 τὴν
3786 3092 3864 3160 ψυ-

2370 3189 2465 3261 χὴν
2489 3189 2659 3261 ἔργων
2713 3188 2949 3261 (τοιαῦτα
2972 3186 3029 3239 δὲ
3055 3187 3228 3240 πάντα
3255 3184 3322 3238 τά
3348 3184 3626 3255 σωματικά
3655 3183 3740 3235 καὶ
3762 3181 3863 3250 φίλα

2366 3283 2463 3350 τῆς
2498 3281 2725 3349 γεώδους
2767 3280 3004 3351 σαρκὸς),
3046 3277 3459 3345 ἀπαλλαγέντες,
3496 3277 3605 3330 ὅλοι
3641 3276 3863 3343 γένωνται

2366 3371 2499 3440 πρὸς
2544 3369 2622 3439 τῷ
2668 3369 2785 3440 Θεῷ
2821 3370 2914 3422 καὶ
2952 3369 3097 3441 ,πρὸς
3144 3372 3208 3439 τῇ
3239 3368 3344 3420 τῶν
3370 3367 3529 3420 θείων
3568 3367 3657 3421 καὶ
3691 3364 3863 3436 νοητῶν

2368 3460 2523 3530 σχολῇ
2562 3476 2619 3511 τε
2649 3460 2742 3515 καὶ
2785 3458 3001 3531 θεωρίᾳ,
3027 3459 3144 3511 τότε
3168 3459 3233 3512 τά
3266 3458 3393 3526 φίλα
3416 3459 3493 3529 τῷ
3516 3456 3861 3529 ΘεῷεΣάϐϐατα

2366 3551 2456 3603 καὶ
2479 3550 2777 3606 ἀνάπαυσιν
2808 3552 2993 3622 Κυρίῳ
3017 3549 3093 3621 τῷ
3121 3550 3236 3621 Θεῷ
3264 3550 3471 3619 ἄγουσι.
3506 3551 3610 3603 Καὶ
3636 3550 3750 3618 περὶ
3778 3546 3863 3599 τῶν

2363 3640 2612 3694 τοιούτων
2641 3642 2926 3697 Σαϐϐάτων
2953 3642 3186 3696 διδάσκει
3207 3642 3403 3709 λέγων’
3428 3638 3569 3711 Ἆρα
3592 3640 3863 3696 ἀπολείπε-

2365 3747 2456 3784 ται
2493 3734 2889 3805 σαϐϐατισμὸς
2927 3732 3007 3797 τῷ
3052 3732 3178 3797 λαῷ
3226 3733 3327 3788 τοῦ
3369 3733 3514 3787 Θεοῦ
3530 3749 3551 3797 ;
3585 3733 3670 3786 καὶ
3700 3731 3859 3784 πάλων

2368 3822 2799 3891 Σπουδάσωμεν
2822 3818 2933 3877 οὖν
2958 3822 3246 3877 εἰσελθεῖν
3270 3825 3355 3888 εὶς
3392 3824 3631 3891 ἐκείνην
3656 3821 3762 3890 τὴν·
3783 3834 3863 3872 κα-

2366 3912 2679 3967 τάπαυσιν.
2713 3911 2785 3963 Τὸ
2808 3910 2915 3981 γὰρ
2955 3910 3151 3963 τέλειον
3195 3892 3485 3975 Σάϐϐατον,
3525 3913 3616 3964 καὶ
3647 3912 3678 3981 ἡ
3719 3908 3864 3963 τελεία

2368 4003 2458 4054 καὶ
2489 4005 2521 4072 ή
2548 4000 2911 4072 τρισμακαρία
2950 4000 3283 4063 κατάπαυσις
3318 4002 3375 4053 ὲν
3410 4003 3476 4072 τῇ
3513 4000 3603 4055 τοῦ
3632 4000 3755 4053 Θεοῦ
3793 4000 3864 4069 βα-

2368 4092 2536 4163 σιλείᾳ
2576 4091 2846 4161 τυγχάνει,
2888 4092 3041 4165 ὑπὲρ.
3066 4091 3164 4161 τὴν
3213 4091 3509 4161 έξαήμερον
3555 4092 3863 4161 δημιουργίαν

2368 4184 2460 4237 καὶ
2485 4182 2589 4235 τῶν
2621 4181 2887 4251 αἰσθητῶν
2924 4182 3167 4235 ἀπάντων
3194 4180 3346 4242 ἐκτὸς
3388 4181 3444 4233 ὲν
3471 4181 3763 4251 ἀσωμάτοις
3793 4180 3863 4231 καὶ

2369 4272 2781 4342 ὑπερκοσμίοις,
2827 4270 2954 4324 ἔνθα
3000 4270 3207 4341 ἀπέδρα
3253 4268 3407 4339 ὀδύνη
3456 4270 3550 4324 καὶ
3589 4270 3751 4341 λύπη,
3792 4268 3863 4320 καί

2371 4363 2693 4432 στεναγμός·
2752 4361 2877 4414 ἔνθα
2925 4361 3022 4429 τῆς
3072 4360 3267 4429 θνητῆς
3317 4361 3409 4414 καὶ
3466 4361 3703 4431 φθαρτῆς
3750 4358 3863 4425 ζωῆς

2368 4453 2786 4520 ἀπαλλαγέντες,
2831 4453 2921 4504 καὶ
2952 4452 3143 4522 ἀργίαν
3181 4453 3517 4523 ἀργήσαντες
3558 4452 3650 4523 τὴν
3681 4449 3863 4519 θεοφιλῆ

740 4545 986 4599 stinemus
1012 4543 1169 4611 igitur
1194 4540 1391 4611 ingredi
1418 4541 1471 4592 in
1500 4538 1648 4591 illam
1690 4538 1930 4607 requiem.
1976 4537 2265 4607 Imaginem

2368 4544 2459 4598 καὶ
2488 4544 2779 4614 μακαρίαν,
2808 4543 2914 4597 τῶν
2954 4562 3012 4598 τε
3056 4544 3373 4615 σωματικῶν
3406 4542 3649 4614 πράξεων
3684 4543 3770 4596 καὶ
3790 4541 3863 4609 τῆς

739 4648 902 4703 porro
932 4633 1075 4685 illius
1106 4630 1323 4685 Sabbati
1368 4646 1429 4685 ac
1471 4629 1718 4700 perfectae
1747 4629 2169 4697 beatissimaaque
2192 4644 2273 4684 re-

722 4712 885 4795 quiei
918 4724 971 4776 in
993 4731 1133 4778 terra
1159 4730 1426 4794 gestantes
1454 4724 1556 4777 viri
1589 4721 1705 4786 Dei,
1751 4720 1913 4776 ferias
1962 4719 2187 4790 agebant
2218 4728 2272 4776 et

739 4816 1095 4869 cessationem
1144 4816 1209 4868 ab
1239 4813 1325 4876 iis,
1360 4828 1476 4881 qua:
1522 4827 1551 4865 a
1592 4812 1699 4867 Deo
1744 4812 1929 4882 procul
1988 4819 2268 4877 amovent;

738 4906 839 4962 toti
895 4911 1071 4957 autem
1130 4903 1434 4957 divinorum
1484 4901 1919 4970 contemplationi
1971 4899 2157 4962 dediti,
2185 4899 2272 4953 die

735 5005 1003 5066 nocteque
1029 4996 1081 5047 in
1110 5008 1385 5048 sacrorum
1416 5008 1722 5047 sermonum
1776 4992 2123 5047 meditatione
2152 5006 2272 5059 per-

739 5098 1071 5149 severantes,
1101 5078 1284 5141 sancta
1333 5084 1565 5139 Sabbata
1603 5092 1657 5137 et
1713 5083 1818 5137 Deo
1871 5090 2143 5151 acceptam
2190 5097 2274 5135 re-

740 5180 915 5249 quiem
966 5178 1310 5249 agebant;ac
1339 5185 1467 5229 tunc
1511 5190 1635 5229 vere
1692 5172 1983 5229 Sabbatum
2036 5172 2272 5227 celebra-

740 5268 892 5322 bant.
926 5267 1103 5333 Quare
1137 5272 1434 5335 opportune
1480 5265 1678 5336 bioysis
1711 5265 1815 5329 lex,
1840 5265 1949 5332 jam
2004 5264 2271 5318 dictorum

734 5357 962 5411 umbras
987 5365 1038 5411 et
1060 5357 1297 5427 symbola
1319 5356 1556 5418 tradens,
1582 5354 1901 5409 multitudini
1927 5355 2063 5408 diem
2086 5366 2273 5421 quam-

741 5447 865 5500 dam
896 5446 1206 5514 assignavit,
1231 5454 1289 5498 ut
1322 5444 1509 5497 saltem
1538 5445 1592 5497 in
1622 5459 1683 5497 ea
1714 5456 1743 5495 a
1790 5443 2063 5498 consuetis
2093 5440 2273 5510 operi-

2373 4634 2609 4697 δουλείας
2648 4634 2745 4705 τῆς
2791 4636 2983 4706 σαρκὸς
3022 4633 3480 4705 ἐλευθερωθέντες,
3522 4636 3616 4687 σὺν
3649 4634 3781 4704 αὑτῷ
3806 4632 3864 4699 τῷ

2374 4724 2488 4795 Θεῴ
2528 4726 2617 4777 καὶ
2641 4725 2765 4795 παρ’
2796 4724 2942 4795 αὐτῷ
2977 4725 3269 4795 γενόμενοι,
3297 4722 3679 4794 σαϐϐατίσομέν
3707 4742 3759 4777 τε
3794 4723 3864 4774 καὶ

2375 4812 2804 4883 ἀναπαυσόμεθα.
2830 4813 2918 4865 Διό
2943 4831 3103 4886 φησιν
3133 4815 3172 4865 ἁ
3192 4810 3501 4874 ’Δπόστολος
3518 4829 3532 4844 ·
3558 4812 3866 4867 Σπουδάσεν

2368 4923 2480 4973 μεν
2512 4894 2626 4959 οὖν
2655 4904 2945 4959 εἰσελθεῖν
2985 4908 3070 4970 εἰς
3110 4903 3342 4969 ἐκείνην
3370 4903 3483 4970 τὴν
3511 4904 3862 4957 κατάπαυσιν.

2375 4996 2567 5047 Εἰκόνα
2592 4994 2635 5047 δ’
2660 4995 2861 5048 ἐκείνου
2890 4996 2979 5047 τοῦ
3008 4993 3281 5049 Σαϐϐάτουη
3306 4994 3396 5045 καί⁵
3422 4994 3519 5065 τῆς
3542 4994 3739 5058 τελείας
3759 4992 3867 5047 ἐκεί-

2374 5102 2468 5155 νης
2500 5087 2589 5138 καὶ
2622 5087 3012 5158 τρισμακαρίας
3035 5084 3386 5147 ἀναπαύσεως
3414 5085 3663 5155 φέροντες
3694 5089 3773 5140 ἐπὶ
3790 5085 3867 5151 γῆς

2373 5176 2461 5227 τοῦ
2500 5175 2631 5229 Θεοῦ
2678 5176 2884 5247 ἀνδρες,
2916 5178 3103 5248 σχολὴν
3149 5176 3244 5246 μὲν
3286 5177 3560 5231 ἐποιοῦντο
3596 5182 3684 5233 καὶ
3712 5176 3867 5249 ἀργίαν

2374 5268 2479 5321 τῶν
2524 5267 2735 5340 μακράν
2763 5270 3094 5338 ἀφιστάντων
3125 5267 3218 5319 τοῦ
3245 5267 3397 5332 Θεοῦ,
3426 5270 3534 5324 ὅλοι
3567 5272 3621 5324 δὲ
3659 5271 3779 5340 πρὸς

2373 5358 2480 5410 τῶν
2516 5357 2672 5410 θείων
2707 5357 2902 5429 θεωρίᾳ
2926 5356 3246 5425 γιγνόμενοι,
3271 5356 3336 5410 δι’
3366 5359 3576 5431 ἡμέρας
3605 5376 3661 5410 τε
3699 5357 3778 5409 καὶ
3802 5370 3867 5403 νυ-

2375 5450 2497 5512 κτὸς
2529 5454 2593 5521 τῇ
2622 5450 2728 5502 τῶν
2762 5450 2920 5520 ἰερῶν
2948 5448 3115 5516 λόγων
3142 5450 3331 5521 μελέτῃ
3358 5448 3865 5522 προσκαρτεροῦντες.

742 5538 843 5592 bus
892 5536 1238 5599 abstinerent,
1276 5536 1468 5589 divinas
1516 5543 1694 5587 autem
1752 5533 1885 5602 legis
1935 5532 2269 5588 meditationi

2376 5544 2501 5611 ἅγια
2539 5542 2784 5595 Σάϐϐατα
2824 5542 2913 5594 καὶ
2952 5541 3247 5595 ἀνάπαυσιν
3279 5542 3436 5613 φίλην
3476 5542 3553 5613 τῷ
3570 5540 3692 5611 ,Θεῷ
3734 5532 3869 5590 διακέ-

741 5638 1013 5686 vacarent.
1045 5627 1285 5684 Praesens
1321 5639 1463 5685 certe
1497 5629 1733 5699 psalmus
1766 5628 1965 5685 diserte
2016 5628 2170 5683 docet
2210 5645 2269 5683 ea

2376 5651 2543 5686 παυον
2581 5633 2699 5685 τότε
2734 5634 2825 5685 καὶ
2861 5632 3222 5698 ἐσαϐϐάτιζον.
3256 5632 3459 5689 Ἔνθεν
3507 5635 3722 5696 εἰκότως
3750 5625 3869 5683 καὶῦ

812 5813 856 5844 ⁸⁸
892 5812 1031 5870 Psal.
1070 5829 1205 5879 χειν,
1242 5814 1335 5879 10,
1375 5816 1457 5869 Η.
1520 5813 1578 5888 ,ν’
1614 5811 1767 5869 Joan.
1802 5829 1853 5872 v.
1892 5813 1975 5868 i7.
2057 5814 2070 5845 ¹
2112 5810 2269 5867 liebr.

2370 5852 2383 5865 .
2424 5813 2475 5864 9.
2553 5815 2572 5843 ‘
2627 5813 2749 5861 ‘liiti.
2793 5812 2845 5855 Η
