  <div class='ocr_page' id='page_1' title='image "/cluster/home/n/w/nwhite01/storage/ocr_20150623/23/pst.000005712076/592.png"; bbox 0 0 3976 6356; ppageno 0'>
   <div class='ocr_carea' id='block_1_1' title="bbox 92 437 203 489">
    <p class='ocr_par' dir='ltr' id='par_1_1' title="bbox 92 437 203 489">
     <span class='ocr_line' id='line_1_1' title="bbox 92 437 203 489; baseline 0.018 -2"><span class='ocrx_word' id='word_1_1' title='bbox 92 437 203 489; x_wconf 73' lang='grc'><strong>1169</strong></span> 
     </span>
    </p>
   </div>
   <div class='ocr_carea' id='block_1_2' title="bbox 1155 427 2097 487">
    <p class='ocr_par' dir='ltr' id='par_1_2' title="bbox 1155 427 2097 487">
     <span class='ocr_line' id='line_1_2' title="bbox 1155 427 2097 487; baseline -0.006 -1"><span class='ocrx_word' id='word_1_2' title='bbox 1155 430 1641 487; x_wconf 75' lang='lat' dir='ltr'><strong>COMMENTARIA</strong></span> <span class='ocrx_word' id='word_1_3' title='bbox 1671 430 1737 484; x_wconf 81' lang='lat' dir='ltr'><strong>IN</strong></span> <span class='ocrx_word' id='word_1_4' title='bbox 1770 427 2097 484; x_wconf 62' lang='lat' dir='ltr'><strong>PSALMOS.</strong></span> 
     </span>
    </p>
   </div>
   <div class='ocr_carea' id='block_1_3' title="bbox 3076 412 3214 467">
    <p class='ocr_par' dir='ltr' id='par_1_3' title="bbox 3076 412 3214 467">
     <span class='ocr_line' id='line_1_3' title="bbox 3076 412 3214 467; baseline -0.022 0"><span class='ocrx_word' id='word_1_5' title='bbox 3076 412 3214 467; x_wconf 56' lang='grc'><strong>117*</strong></span> 
     </span>
    </p>
   </div>
   <div class='ocr_carea' id='block_1_4' title="bbox 89 516 1600 613">
    <p class='ocr_par' dir='ltr' id='par_1_4' title="bbox 89 541 1593 613">
     <span class='ocr_line' id='line_1_4' title="bbox 89 541 1593 613; baseline -0.001 -16"><span class='ocrx_word' id='word_1_6' title='bbox 89 543 329 605; x_wconf 77' lang='grc' dir='ltr'>Μωῦσέιυς</span> <span class='ocrx_word' id='word_1_7' title='bbox 373 545 550 613; x_wconf 68' lang='grc' dir='ltr'>νόμος,</span> <span class='ocrx_word' id='word_1_8' title='bbox 582 543 733 605; x_wconf 80' lang='grc' dir='ltr'>σκιάς</span> <span class='ocrx_word' id='word_1_9' title='bbox 775 543 878 594; x_wconf 85' lang='grc' dir='ltr'><strong>τῶν</strong></span> <span class='ocrx_word' id='word_1_10' title='bbox 906 541 1200 611; x_wconf 72' lang='grc' dir='ltr'><strong>εἰρημένων</strong></span> <span class='ocrx_word' id='word_1_11' title='bbox 1237 545 1326 596; x_wconf 71' lang='grc' dir='ltr'>καὶ</span> <span class='ocrx_word' id='word_1_12' title='bbox 1356 543 1416 596; x_wconf 89' lang='grc' dir='ltr'><strong>σύ</strong></span> <span class='ocrx_word' id='word_1_13' title='bbox 1426 541 1593 612; x_wconf 77' lang='grc' dir='ltr'>μὸολα</span> 
     </span>
    </p>
   </div>
   <div class='ocr_carea' id='block_1_5' title="bbox 1699 516 3208 613">
    <p class='ocr_par' dir='ltr' id='par_1_5' title="bbox 1699 516 3208 606">
     <span class='ocr_line' id='line_1_5' title="bbox 1699 516 3208 606; baseline -0.01 -11"><span class='ocrx_word' id='word_1_14' title='bbox 1699 543 1759 596; x_wconf 87' lang='lat' dir='ltr'><strong>de</strong></span> <span class='ocrx_word' id='word_1_15' title='bbox 1810 555 1971 594; x_wconf 85' lang='lat' dir='ltr'><strong>causa</strong></span> <span class='ocrx_word' id='word_1_16' title='bbox 2008 538 2222 592; x_wconf 82' lang='lat' dir='ltr'><strong>Sabbati</strong></span> <span class='ocrx_word' id='word_1_17' title='bbox 2275 536 2442 590; x_wconf 90' lang='lat' dir='ltr'><strong>otium</strong></span> <span class='ocrx_word' id='word_1_18' title='bbox 2484 535 2568 606; x_wconf 86' lang='lat' dir='ltr'><strong>agi</strong></span> <span class='ocrx_word' id='word_1_19' title='bbox 2614 516 2828 597; x_wconf 82' lang='lat' dir='ltr'><strong>debere,</strong></span> <span class='ocrx_word' id='word_1_20' title='bbox 2870 541 2922 587; x_wconf 89' lang='lat' dir='ltr'><strong>et</strong></span> <span class='ocrx_word' id='word_1_21' title='bbox 2968 528 3208 583; x_wconf 82' lang='lat' dir='ltr'><strong>lnutilem</strong></span> 
     </span>
    </p>
   </div>
   <div class='ocr_carea' id='block_1_6' title="bbox 90 631 1588 703">
    <p class='ocr_par' dir='ltr' id='par_1_6' title="bbox 90 631 1588 703">
     <span class='ocr_line' id='line_1_6' title="bbox 90 631 1588 703; baseline -0.002 -18"><span class='ocrx_word' id='word_1_22' title='bbox 90 632 400 702; x_wconf 62' lang='grc' dir='ltr'>παραδιδοὺς,</span> <span class='ocrx_word' id='word_1_23' title='bbox 451 632 657 703; x_wconf 83' lang='grc' dir='ltr'>ἡμέραν</span> <span class='ocrx_word' id='word_1_24' title='bbox 706 631 824 684; x_wconf 84' lang='grc' dir='ltr'><strong>τινά</strong></span> <span class='ocrx_word' id='word_1_25' title='bbox 879 634 985 693; x_wconf 83' lang='grc' dir='ltr'>τοῖς</span> <span class='ocrx_word' id='word_1_26' title='bbox 1034 631 1284 702; x_wconf 79' lang='grc' dir='ltr'><strong>πλήθεσιν</strong></span> <span class='ocrx_word' id='word_1_27' title='bbox 1332 631 1588 701; x_wconf 81' lang='grc' dir='ltr'><strong>ἀφώρισε,</strong></span> 
     </span>
    </p>
   </div>
   <div class='ocr_carea' id='block_1_7' title="bbox 90 721 1588 792">
    <p class='ocr_par' dir='ltr' id='par_1_7' title="bbox 90 721 1588 792">
     <span class='ocr_line' id='line_1_7' title="bbox 90 721 1588 792; baseline -0.002 -17"><span class='ocrx_word' id='word_1_28' title='bbox 90 727 210 785; x_wconf 78' lang='grc' dir='ltr'>ὅπως</span> <span class='ocrx_word' id='word_1_29' title='bbox 231 721 326 775; x_wconf 79' lang='grc' dir='ltr'><strong>κάν</strong></span> <span class='ocrx_word' id='word_1_30' title='bbox 354 721 520 791; x_wconf 83' lang='grc' dir='ltr'>ταύτῃ</span> <span class='ocrx_word' id='word_1_31' title='bbox 548 723 844 791; x_wconf 78' lang='grc' dir='ltr'><strong>ἀπέχωνται</strong></span> <span class='ocrx_word' id='word_1_32' title='bbox 875 722 970 792; x_wconf 83' lang='grc' dir='ltr'>μὲν</span> <span class='ocrx_word' id='word_1_33' title='bbox 1005 721 1109 774; x_wconf 89' lang='grc' dir='ltr'><strong>τῶν</strong></span> <span class='ocrx_word' id='word_1_34' title='bbox 1140 722 1373 791; x_wconf 84' lang='grc' dir='ltr'>συνήθων</span> <span class='ocrx_word' id='word_1_35' title='bbox 1402 722 1588 792; x_wconf 82' lang='grc' dir='ltr'><strong>ἔργων,</strong></span> 
     </span>
    </p>
   </div>
   <div class='ocr_carea' id='block_1_8' title="bbox 94 811 1594 882">
    <p class='ocr_par' dir='ltr' id='par_1_8' title="bbox 94 811 1594 882">
     <span class='ocr_line' id='line_1_8' title="bbox 94 811 1594 882; baseline -0.002 -17"><span class='ocrx_word' id='word_1_36' title='bbox 94 814 369 882; x_wconf 73' lang='grc' dir='ltr'>σχολάζοιεν</span> <span class='ocrx_word' id='word_1_37' title='bbox 404 814 460 866; x_wconf 81' lang='grc' dir='ltr'>δὲ</span> <span class='ocrx_word' id='word_1_38' title='bbox 487 817 550 881; x_wconf 84' lang='grc' dir='ltr'>τῇ</span> <span class='ocrx_word' id='word_1_39' title='bbox 579 811 669 863; x_wconf 91' lang='grc' dir='ltr'><strong>τοῦ</strong></span> <span class='ocrx_word' id='word_1_40' title='bbox 699 812 837 865; x_wconf 80' lang='grc' dir='ltr'>θείου</span> <span class='ocrx_word' id='word_1_41' title='bbox 865 813 1023 882; x_wconf 91' lang='grc' dir='ltr'>νόμου</span> <span class='ocrx_word' id='word_1_42' title='bbox 1060 813 1270 882; x_wconf 82' lang='grc' dir='ltr'><strong>μελέτῃ.</strong></span> <span class='ocrx_word' id='word_1_43' title='bbox 1306 813 1372 865; x_wconf 76' lang='lat'><strong>&#39;0</strong></span> <span class='ocrx_word' id='word_1_44' title='bbox 1404 829 1465 879; x_wconf 92' lang='grc' dir='ltr'><strong>γε</strong></span> <span class='ocrx_word' id='word_1_45' title='bbox 1492 811 1594 880; x_wconf 86' lang='grc' dir='ltr'>μὴν</span> 
     </span>
    </p>
   </div>
   <div class='ocr_carea' id='block_1_9' title="bbox 91 898 1596 972">
    <p class='ocr_par' dir='ltr' id='par_1_9' title="bbox 91 898 1596 972">
     <span class='ocr_line' id='line_1_9' title="bbox 91 898 1596 972; baseline -0.003 -18"><span class='ocrx_word' id='word_1_46' title='bbox 91 903 251 972; x_wconf 80' lang='grc' dir='ltr'>παρὼν</span> <span class='ocrx_word' id='word_1_47' title='bbox 274 903 482 971; x_wconf 75' lang='grc' dir='ltr'>ψαλμὺς</span> <span class='ocrx_word' id='word_1_48' title='bbox 512 901 797 972; x_wconf 70' lang='grc' dir='ltr'><strong>διαρρήδην</strong></span> <span class='ocrx_word' id='word_1_49' title='bbox 820 901 1050 953; x_wconf 80' lang='grc' dir='ltr'><strong>διδάσκει</strong></span> <span class='ocrx_word' id='word_1_50' title='bbox 1079 901 1167 952; x_wconf 77' lang='grc' dir='ltr'><strong>ὲπὶ</strong></span> <span class='ocrx_word' id='word_1_51' title='bbox 1193 898 1344 951; x_wconf 85' lang='grc' dir='ltr'>τοῦτο</span> <span class='ocrx_word' id='word_1_52' title='bbox 1373 899 1480 951; x_wconf 88' lang='grc' dir='ltr'>δεῖν</span> <span class='ocrx_word' id='word_1_53' title='bbox 1502 898 1596 968; x_wconf 79' lang='grc' dir='ltr'>τὴν</span> 
     </span>
    </p>
   </div>
   <div class='ocr_carea' id='block_1_10' title="bbox 89 981 1598 1061">
    <p class='ocr_par' dir='ltr' id='par_1_10' title="bbox 89 981 1598 1061">
     <span class='ocr_line' id='line_1_10' title="bbox 89 981 1598 1061; baseline -0.001 -20"><span class='ocrx_word' id='word_1_54' title='bbox 89 991 164 1041; x_wconf 84' lang='grc' dir='ltr'><strong>τοῦ</strong></span> <span class='ocrx_word' id='word_1_55' title='bbox 199 991 463 1059; x_wconf 72' lang='grc' dir='ltr'>Σαϐϐάτω</span> <span class='ocrx_word' id='word_1_56' title='bbox 495 991 684 1060; x_wconf 80' lang='grc' dir='ltr'>σχολὴν</span> <span class='ocrx_word' id='word_1_57' title='bbox 715 989 973 1042; x_wconf 87' lang='grc' dir='ltr'>ποιεῖσθαι</span> <span class='ocrx_word' id='word_1_58' title='bbox 1011 981 1101 1041; x_wconf 77' lang='grc' dir='ltr'>καὶ</span> <span class='ocrx_word' id='word_1_59' title='bbox 1137 990 1233 1061; x_wconf 86' lang='grc' dir='ltr'><strong>τὴν</strong></span> <span class='ocrx_word' id='word_1_60' title='bbox 1257 989 1360 1042; x_wconf 90' lang='grc' dir='ltr'><strong>τῶν</strong></span> <span class='ocrx_word' id='word_1_61' title='bbox 1393 989 1598 1056; x_wconf 78' lang='grc' dir='ltr'>ἀνωφε-</span> 
     </span>
    </p>
   </div>
   <div class='ocr_carea' id='block_1_11' title="bbox 91 1076 1601 1149">
    <p class='ocr_par' dir='ltr' id='par_1_11' title="bbox 91 1076 1601 1149">
     <span class='ocr_line' id='line_1_11' title="bbox 91 1076 1601 1149; baseline 0 -21"><span class='ocrx_word' id='word_1_62' title='bbox 91 1078 178 1129; x_wconf 83' lang='grc' dir='ltr'><strong>λῶν</strong></span> <span class='ocrx_word' id='word_1_63' title='bbox 215 1079 415 1148; x_wconf 83' lang='grc' dir='ltr'>ἀργιῶν</span> <span class='ocrx_word' id='word_1_64' title='bbox 449 1081 538 1131; x_wconf 77' lang='grc' dir='ltr'>ἐπὶ</span> <span class='ocrx_word' id='word_1_65' title='bbox 569 1081 630 1132; x_wconf 83' lang='grc' dir='ltr'>τὸ</span> <span class='ocrx_word' id='word_1_66' title='bbox 673 1078 806 1131; x_wconf 87' lang='grc' dir='ltr'><strong>κατά</strong></span> <span class='ocrx_word' id='word_1_67' title='bbox 846 1080 1035 1131; x_wconf 85' lang='grc' dir='ltr'>ταύτὸν</span> <span class='ocrx_word' id='word_1_68' title='bbox 1079 1076 1489 1149; x_wconf 74' lang='grc' dir='ltr'>συνερχομένους</span> <span class='ocrx_word' id='word_1_69' title='bbox 1519 1079 1601 1148; x_wconf 78' lang='grc' dir='ltr'>έρ-</span> 
     </span>
    </p>
   </div>
   <div class='ocr_carea' id='block_1_12' title="bbox 91 1164 1601 1238">
    <p class='ocr_par' dir='ltr' id='par_1_12' title="bbox 91 1164 1601 1238">
     <span class='ocr_line' id='line_1_12' title="bbox 91 1164 1601 1238; baseline -0.001 -19"><span class='ocrx_word' id='word_1_70' title='bbox 91 1165 321 1233; x_wconf 76' lang='grc' dir='ltr'>γάζεσθαι</span> <span class='ocrx_word' id='word_1_71' title='bbox 341 1167 514 1220; x_wconf 80' lang='grc' dir='ltr'><strong>τάδιά</strong></span> <span class='ocrx_word' id='word_1_72' title='bbox 537 1167 627 1220; x_wconf 85' lang='grc' dir='ltr'><strong>τοῦ</strong></span> <span class='ocrx_word' id='word_1_73' title='bbox 660 1167 866 1238; x_wconf 77' lang='grc' dir='ltr'>ψαλμοῦ</span> <span class='ocrx_word' id='word_1_74' title='bbox 888 1167 1203 1238; x_wconf 87' lang='grc' dir='ltr'>δηλούμενα.</span> <span class='ocrx_word' id='word_1_75' title='bbox 1234 1164 1342 1220; x_wconf 88' lang='grc' dir='ltr'>Ἦν</span> <span class='ocrx_word' id='word_1_76' title='bbox 1377 1167 1431 1219; x_wconf 85' lang='grc' dir='ltr'>δὲ</span> <span class='ocrx_word' id='word_1_77' title='bbox 1459 1166 1601 1237; x_wconf 87' lang='grc' dir='ltr'>πρῶ-</span> 
     </span>
    </p>
   </div>
   <div class='ocr_carea' id='block_1_13' title="bbox 91 1249 1601 1327">
    <p class='ocr_par' dir='ltr' id='par_1_13' title="bbox 91 1249 1601 1327">
     <span class='ocr_line' id='line_1_13' title="bbox 91 1249 1601 1327; baseline 0.001 -21"><span class='ocrx_word' id='word_1_78' title='bbox 91 1272 164 1306; x_wconf 84' lang='grc' dir='ltr'><strong>τον</strong></span> <span class='ocrx_word' id='word_1_79' title='bbox 194 1256 612 1325; x_wconf 74' lang='grc' dir='ltr'>ἐξομολογεῖσθαι</span> <span class='ocrx_word' id='word_1_80' title='bbox 636 1257 711 1327; x_wconf 87' lang='grc' dir='ltr'>τῷ</span> <span class='ocrx_word' id='word_1_81' title='bbox 742 1258 928 1327; x_wconf 85' lang='grc' dir='ltr'>Κυρίῳ</span> <span class='ocrx_word' id='word_1_82' title='bbox 950 1273 964 1289; x_wconf 87' lang='grc'><strong>·</strong></span> <span class='ocrx_word' id='word_1_83' title='bbox 990 1257 1234 1327; x_wconf 85' lang='grc' dir='ltr'>δεύτερον</span> <span class='ocrx_word' id='word_1_84' title='bbox 1269 1249 1484 1325; x_wconf 70' lang='grc' dir='ltr'>ψάλλειν</span> <span class='ocrx_word' id='word_1_85' title='bbox 1516 1256 1601 1308; x_wconf 77' lang='grc' dir='ltr'>διὰ</span> 
     </span>
    </p>
   </div>
   <div class='ocr_carea' id='block_1_14' title="bbox 91 1337 1598 1417">
    <p class='ocr_par' dir='ltr' id='par_1_14' title="bbox 91 1337 1598 1417">
     <span class='ocr_line' id='line_1_14' title="bbox 91 1337 1598 1417; baseline 0.002 -22"><span class='ocrx_word' id='word_1_86' title='bbox 91 1345 180 1396; x_wconf 85' lang='grc' dir='ltr'><strong>τῶν</strong></span> <span class='ocrx_word' id='word_1_87' title='bbox 220 1348 482 1414; x_wconf 83' lang='grc' dir='ltr'>μουσικῶν</span> <span class='ocrx_word' id='word_1_88' title='bbox 526 1347 763 1417; x_wconf 79' lang='grc' dir='ltr'>ὁργάνων</span> <span class='ocrx_word' id='word_1_89' title='bbox 805 1337 883 1415; x_wconf 45' lang='grc' dir='ltr'>’τῷ</span> <span class='ocrx_word' id='word_1_90' title='bbox 920 1346 1133 1416; x_wconf 84' lang='grc' dir='ltr'>ὀνόματι</span> <span class='ocrx_word' id='word_1_91' title='bbox 1180 1346 1370 1400; x_wconf 78' lang='grc' dir='ltr'>αὐτοῦ·</span> <span class='ocrx_word' id='word_1_92' title='bbox 1422 1346 1598 1415; x_wconf 86' lang='grc' dir='ltr'>τρίτον</span> 
     </span>
    </p>
   </div>
   <div class='ocr_carea' id='block_1_15' title="bbox 91 1433 1596 1504">
    <p class='ocr_par' dir='ltr' id='par_1_15' title="bbox 91 1433 1596 1504">
     <span class='ocr_line' id='line_1_15' title="bbox 91 1433 1596 1504; baseline -0.003 -16"><span class='ocrx_word' id='word_1_93' title='bbox 91 1436 408 1504; x_wconf 80' lang='grc' dir='ltr'>ἀναγγέλλειν</span> <span class='ocrx_word' id='word_1_94' title='bbox 437 1437 574 1490; x_wconf 88' lang='grc' dir='ltr'><strong>κατά</strong></span> <span class='ocrx_word' id='word_1_95' title='bbox 602 1439 697 1499; x_wconf 86' lang='grc' dir='ltr'>τὰς</span> <span class='ocrx_word' id='word_1_96' title='bbox 726 1435 946 1498; x_wconf 79' lang='grc' dir='ltr'>ἑωθινὰς</span> <span class='ocrx_word' id='word_1_97' title='bbox 976 1436 1120 1504; x_wconf 86' lang='grc' dir='ltr'>ὥρας</span> <span class='ocrx_word' id='word_1_98' title='bbox 1147 1437 1205 1487; x_wconf 80' lang='grc' dir='ltr'><strong>τὸ</strong></span> <span class='ocrx_word' id='word_1_99' title='bbox 1230 1436 1371 1497; x_wconf 80' lang='grc' dir='ltr'>ἔλεος</span> <span class='ocrx_word' id='word_1_100' title='bbox 1397 1433 1557 1487; x_wconf 87' lang='grc' dir='ltr'>αὑτοῦ</span> <span class='ocrx_word' id='word_1_101' title='bbox 1583 1452 1596 1464; x_wconf 91' lang='grc'><strong>·</strong></span> 
     </span>
    </p>
   </div>
   <div class='ocr_carea' id='block_1_16' title="bbox 1693 626 3211 698">
    <p class='ocr_par' dir='ltr' id='par_1_16' title="bbox 1693 626 3211 698">
     <span class='ocr_line' id='line_1_16' title="bbox 1693 626 3211 698; baseline -0.008 -13"><span class='ocrx_word' id='word_1_102' title='bbox 1693 632 2044 687; x_wconf 77' lang='lat' dir='ltr'><strong>cessationem</strong></span> <span class='ocrx_word' id='word_1_103' title='bbox 2077 628 2438 698; x_wconf 88' lang='lat' dir='ltr'><strong>depellendam</strong></span> <span class='ocrx_word' id='word_1_104' title='bbox 2463 642 2601 690; x_wconf 88' lang='lat' dir='ltr'><strong>esse,</strong></span> <span class='ocrx_word' id='word_1_105' title='bbox 2631 632 2688 679; x_wconf 88' lang='lat' dir='ltr'><strong>ut</strong></span> <span class='ocrx_word' id='word_1_106' title='bbox 2709 626 2762 678; x_wconf 92' lang='lat' dir='ltr'><strong>in</strong></span> <span class='ocrx_word' id='word_1_107' title='bbox 2795 637 2958 677; x_wconf 90' lang='lat' dir='ltr'><strong>unum</strong></span> <span class='ocrx_word' id='word_1_108' title='bbox 2985 633 3211 688; x_wconf 82' lang='lat' dir='ltr'><strong>congre-</strong></span> 
     </span>
    </p>
   </div>
   <div class='ocr_carea' id='block_1_17' title="bbox 1696 709 3214 789">
    <p class='ocr_par' dir='ltr' id='par_1_17' title="bbox 1696 709 3214 789">
     <span class='ocr_line' id='line_1_17' title="bbox 1696 709 3214 789; baseline -0.009 -16"><span class='ocrx_word' id='word_1_109' title='bbox 1696 723 1801 789; x_wconf 87' lang='lat' dir='ltr'><strong>gati</strong></span> <span class='ocrx_word' id='word_1_110' title='bbox 1843 735 1904 774; x_wconf 90' lang='lat' dir='ltr'><strong>ea</strong></span> <span class='ocrx_word' id='word_1_111' title='bbox 1937 736 2054 788; x_wconf 67' lang='lat' dir='ltr'><strong>quae</strong></span> <span class='ocrx_word' id='word_1_112' title='bbox 2100 719 2337 788; x_wconf 79' lang='lat' dir='ltr'><strong>psalmus</strong></span> <span class='ocrx_word' id='word_1_113' title='bbox 2389 717 2590 770; x_wconf 84' lang='lat' dir='ltr'><strong>indicat</strong></span> <span class='ocrx_word' id='word_1_114' title='bbox 2629 719 2971 784; x_wconf 88' lang='lat' dir='ltr'><strong>peragantur.</strong></span> <span class='ocrx_word' id='word_1_115' title='bbox 3015 709 3214 763; x_wconf 87' lang='lat' dir='ltr'><strong>Eorum</strong></span> 
     </span>
    </p>
   </div>
   <div class='ocr_carea' id='block_1_18' title="bbox 1698 797 3216 876">
    <p class='ocr_par' dir='ltr' id='par_1_18' title="bbox 1698 797 3216 876">
     <span class='ocr_line' id='line_1_18' title="bbox 1698 797 3216 876; baseline -0.009 -15"><span class='ocrx_word' id='word_1_116' title='bbox 1698 817 1874 862; x_wconf 89' lang='lat' dir='ltr'><strong>autem</strong></span> <span class='ocrx_word' id='word_1_117' title='bbox 1914 809 2142 876; x_wconf 90' lang='lat' dir='ltr'><strong>primum</strong></span> <span class='ocrx_word' id='word_1_118' title='bbox 2176 815 2277 870; x_wconf 83' lang='lat' dir='ltr'><strong>est,</strong></span> <span class='ocrx_word' id='word_1_119' title='bbox 2307 805 2550 860; x_wconf 83' lang='lat' dir='ltr'><strong>conﬁteri</strong></span> <span class='ocrx_word' id='word_1_120' title='bbox 2591 805 2849 868; x_wconf 88' lang='lat' dir='ltr'><strong>Domino;</strong></span> <span class='ocrx_word' id='word_1_121' title='bbox 2899 797 3216 863; x_wconf 88' lang='lat' dir='ltr'><strong>secundum,</strong></span> 
     </span>
    </p>
   </div>
   <div class='ocr_carea' id='block_1_19' title="bbox 1699 892 3214 969">
    <p class='ocr_par' dir='ltr' id='par_1_19' title="bbox 1699 892 3214 969">
     <span class='ocr_line' id='line_1_19' title="bbox 1699 892 3214 969; baseline -0.007 -14"><span class='ocrx_word' id='word_1_122' title='bbox 1699 917 1818 955; x_wconf 90' lang='lat' dir='ltr'><strong>cum</strong></span> <span class='ocrx_word' id='word_1_123' title='bbox 1855 901 2076 962; x_wconf 83' lang='lat' dir='ltr'><strong>musicis</strong></span> <span class='ocrx_word' id='word_1_124' title='bbox 2133 901 2506 955; x_wconf 89' lang='lat' dir='ltr'><strong>instrumentis</strong></span> <span class='ocrx_word' id='word_1_125' title='bbox 2541 899 2773 969; x_wconf 77' lang='lat' dir='ltr'><strong>psallere</strong></span> <span class='ocrx_word' id='word_1_126' title='bbox 2822 893 3021 950; x_wconf 88' lang='lat' dir='ltr'><strong>nomini</strong></span> <span class='ocrx_word' id='word_1_127' title='bbox 3065 892 3214 960; x_wconf 88' lang='lat' dir='ltr'><strong>ejus;</strong></span> 
     </span>
    </p>
   </div>
   <div class='ocr_carea' id='block_1_20' title="bbox 1699 984 3219 1062">
    <p class='ocr_par' dir='ltr' id='par_1_20' title="bbox 1699 984 3219 1062">
     <span class='ocr_line' id='line_1_20' title="bbox 1699 984 3219 1062; baseline -0.006 -18"><span class='ocrx_word' id='word_1_128' title='bbox 1699 992 1937 1051; x_wconf 86' lang='lat' dir='ltr'><strong>tertium,</strong></span> <span class='ocrx_word' id='word_1_129' title='bbox 1978 990 2254 1062; x_wconf 87' lang='lat' dir='ltr'><strong>matutinis</strong></span> <span class='ocrx_word' id='word_1_130' title='bbox 2327 989 2476 1044; x_wconf 89' lang='lat' dir='ltr'><strong>boris</strong></span> <span class='ocrx_word' id='word_1_131' title='bbox 2545 988 2868 1042; x_wconf 82' lang='lat' dir='ltr'><strong>a&#39;nnuntiare</strong></span> <span class='ocrx_word' id='word_1_132' title='bbox 2912 984 3219 1038; x_wconf 85' lang='lat' dir='ltr'><strong>misericor-</strong></span> 
     </span>
    </p>
   </div>
   <div class='ocr_carea' id='block_1_21' title="bbox 1699 1074 3214 1149">
    <p class='ocr_par' dir='ltr' id='par_1_21' title="bbox 1699 1074 3214 1149">
     <span class='ocr_line' id='line_1_21' title="bbox 1699 1074 3214 1149; baseline -0.007 -16"><span class='ocrx_word' id='word_1_133' title='bbox 1699 1081 1844 1134; x_wconf 86' lang='lat' dir='ltr'><strong>diam</strong></span> <span class='ocrx_word' id='word_1_134' title='bbox 1875 1079 2028 1148; x_wconf 87' lang='lat' dir='ltr'><strong>ejus;</strong></span> <span class='ocrx_word' id='word_1_135' title='bbox 2053 1089 2319 1149; x_wconf 85' lang='lat' dir='ltr'><strong>quartum,</strong></span> <span class='ocrx_word' id='word_1_136' title='bbox 2371 1077 2650 1132; x_wconf 82' lang='lat' dir='ltr'><strong>nocturnis</strong></span> <span class='ocrx_word' id='word_1_137' title='bbox 2687 1074 3016 1144; x_wconf 83' lang='lat' dir='ltr'><strong>temporibus</strong></span> <span class='ocrx_word' id='word_1_138' title='bbox 3059 1085 3214 1124; x_wconf 87' lang='lat' dir='ltr'><strong>enar-</strong></span> 
     </span>
    </p>
   </div>
   <div class='ocr_carea' id='block_1_22' title="bbox 1700 1160 3220 1237">
    <p class='ocr_par' dir='ltr' id='par_1_22' title="bbox 1700 1160 3220 1237">
     <span class='ocr_line' id='line_1_22' title="bbox 1700 1160 3220 1237; baseline -0.007 -15"><span class='ocrx_word' id='word_1_139' title='bbox 1700 1183 1824 1222; x_wconf 88' lang='lat' dir='ltr'><strong>rare</strong></span> <span class='ocrx_word' id='word_1_140' title='bbox 1857 1161 2134 1222; x_wconf 85' lang='lat' dir='ltr'><strong>veritatem</strong></span> <span class='ocrx_word' id='word_1_141' title='bbox 2162 1169 2320 1237; x_wconf 88' lang='lat' dir='ltr'><strong>ejus:</strong></span> <span class='ocrx_word' id='word_1_142' title='bbox 2359 1175 2410 1222; x_wconf 89' lang='lat' dir='ltr'><strong>et</strong></span> <span class='ocrx_word' id='word_1_143' title='bbox 2458 1167 2570 1219; x_wconf 61' lang='lat' dir='ltr'><strong>haec</strong></span> <span class='ocrx_word' id='word_1_144' title='bbox 2619 1180 2724 1219; x_wconf 92' lang='lat' dir='ltr'><strong>non</strong></span> <span class='ocrx_word' id='word_1_145' title='bbox 2765 1162 2923 1217; x_wconf 89' lang='lat' dir='ltr'><strong>modo</strong></span> <span class='ocrx_word' id='word_1_146' title='bbox 2966 1160 3120 1214; x_wconf 89' lang='lat' dir='ltr'><strong>labiis</strong></span> <span class='ocrx_word' id='word_1_147' title='bbox 3170 1166 3220 1212; x_wconf 89' lang='lat' dir='ltr'><strong>et</strong></span> 
     </span>
    </p>
   </div>
   <div class='ocr_carea' id='block_1_23' title="bbox 1700 1254 3218 1327">
    <p class='ocr_par' dir='ltr' id='par_1_23' title="bbox 1700 1254 3218 1327">
     <span class='ocr_line' id='line_1_23' title="bbox 1700 1254 3218 1327; baseline -0.008 -14"><span class='ocrx_word' id='word_1_148' title='bbox 1700 1274 1851 1321; x_wconf 84' lang='lat' dir='ltr'><strong>voce,</strong></span> <span class='ocrx_word' id='word_1_149' title='bbox 1886 1258 1979 1312; x_wconf 87' lang='lat' dir='ltr'><strong>sed</strong></span> <span class='ocrx_word' id='word_1_150' title='bbox 2023 1260 2182 1313; x_wconf 89' lang='lat' dir='ltr'><strong>etiam</strong></span> <span class='ocrx_word' id='word_1_151' title='bbox 2229 1273 2321 1327; x_wconf 91' lang='lat' dir='ltr'><strong>per</strong></span> <span class='ocrx_word' id='word_1_152' title='bbox 2365 1257 2689 1310; x_wconf 89' lang='lat' dir='ltr'><strong>musicorum</strong></span> <span class='ocrx_word' id='word_1_153' title='bbox 2745 1254 3218 1307; x_wconf 81' lang='lat' dir='ltr'><strong>instrumentorum</strong></span> 
     </span>
    </p>
   </div>
   <div class='ocr_carea' id='block_1_24' title="bbox 1701 1337 3222 1416">
    <p class='ocr_par' dir='ltr' id='par_1_24' title="bbox 1701 1337 3222 1416">
     <span class='ocr_line' id='line_1_24' title="bbox 1701 1337 3222 1416; baseline -0.007 -17"><span class='ocrx_word' id='word_1_154' title='bbox 1701 1346 2052 1416; x_wconf 89' lang='lat' dir='ltr'><strong>pulsationem</strong></span> <span class='ocrx_word' id='word_1_155' title='bbox 2083 1361 2238 1415; x_wconf 89' lang='lat' dir='ltr'><strong>agere</strong></span> <span class='ocrx_word' id='word_1_156' title='bbox 2271 1362 2286 1397; x_wconf 89' lang='lat'><strong>:</strong></span> <span class='ocrx_word' id='word_1_157' title='bbox 2323 1359 2446 1397; x_wconf 88' lang='lat' dir='ltr'><strong>nam</strong></span> <span class='ocrx_word' id='word_1_158' title='bbox 2473 1345 2546 1397; x_wconf 90' lang='lat' dir='ltr'><strong>ait</strong></span> <span class='ocrx_word' id='word_1_159' title='bbox 2589 1360 2600 1394; x_wconf 93' lang='lat'>:</span> <span class='ocrx_word' id='word_1_160' title='bbox 2633 1340 2698 1396; x_wconf 84' lang='lat' dir='ltr'><strong>In</strong></span> <span class='ocrx_word' id='word_1_161' title='bbox 2729 1339 3044 1394; x_wconf 83' lang='lat' dir='ltr'><strong>decacltordo</strong></span> <span class='ocrx_word' id='word_1_162' title='bbox 3080 1337 3222 1408; x_wconf 79' lang='lat' dir='ltr'><strong>psal-</strong></span> 
     </span>
    </p>
   </div>
   <div class='ocr_carea' id='block_1_25' title="bbox 1705 1432 2555 1497">
    <p class='ocr_par' dir='ltr' id='par_1_25' title="bbox 1705 1432 2555 1497">
     <span class='ocr_line' id='line_1_25' title="bbox 1705 1432 2555 1497; baseline 0.001 -13"><span class='ocrx_word' id='word_1_163' title='bbox 1705 1434 1851 1497; x_wconf 78' lang='lat' dir='ltr'><strong>terio,</strong></span> <span class='ocrx_word' id='word_1_164' title='bbox 1884 1449 2000 1486; x_wconf 82' lang='lat' dir='ltr'><strong>cum</strong></span> <span class='ocrx_word' id='word_1_165' title='bbox 2021 1435 2221 1486; x_wconf 84' lang='lat' dir='ltr'><strong>cantico</strong></span> <span class='ocrx_word' id='word_1_166' title='bbox 2249 1433 2302 1485; x_wconf 80' lang='lat' dir='ltr'><strong>in</strong></span> <span class='ocrx_word' id='word_1_167' title='bbox 2334 1432 2555 1485; x_wconf 78' lang='lat' dir='ltr'><strong>cithara.</strong></span> 
     </span>
    </p>
   </div>
   <div class='ocr_carea' id='block_1_26' title="bbox 90 1520 3222 1602">
    <p class='ocr_par' dir='ltr' id='par_1_26' title="bbox 90 1520 3222 1602">
     <span class='ocr_line' id='line_1_26' title="bbox 90 1520 3222 1602; baseline -0.004 -19"><span class='ocrx_word' id='word_1_168' title='bbox 90 1533 317 1601; x_wconf 81' lang='grc' dir='ltr'>τέταρτον</span> <span class='ocrx_word' id='word_1_169' title='bbox 349 1531 642 1601; x_wconf 84' lang='grc' dir='ltr'>διηγεῖσθαι</span> <span class='ocrx_word' id='word_1_170' title='bbox 686 1532 781 1600; x_wconf 84' lang='grc' dir='ltr'>τὴν</span> <span class='ocrx_word' id='word_1_171' title='bbox 810 1532 1055 1602; x_wconf 87' lang='grc' dir='ltr'>ἀλήθειαν</span> <span class='ocrx_word' id='word_1_172' title='bbox 1098 1527 1258 1580; x_wconf 84' lang='grc' dir='ltr'>αὐτοῦ</span> <span class='ocrx_word' id='word_1_173' title='bbox 1298 1527 1437 1580; x_wconf 85' lang='grc' dir='ltr'>κατὰ</span> <span class='ocrx_word' id='word_1_174' title='bbox 1476 1529 1599 1589; x_wconf 85' lang='grc' dir='ltr'>τοὺς</span> <span class='ocrx_word' id='word_1_175' title='bbox 1633 1527 1967 1596; x_wconf 52' lang='grc' dir='ltr'>νυκτερινοὺς</span> <span class='ocrx_word' id='word_1_176' title='bbox 1997 1523 2246 1595; x_wconf 85' lang='grc' dir='ltr'>καιρούς·</span> <span class='ocrx_word' id='word_1_177' title='bbox 2288 1525 2379 1576; x_wconf 70' lang='grc' dir='ltr'><strong>καὶ</strong></span> <span class='ocrx_word' id='word_1_178' title='bbox 2419 1523 2584 1576; x_wconf 90' lang='grc' dir='ltr'>ταῦτα</span> <span class='ocrx_word' id='word_1_179' title='bbox 2614 1522 2866 1594; x_wconf 84' lang='grc' dir='ltr'>πράττειν</span> <span class='ocrx_word' id='word_1_180' title='bbox 2932 1522 3005 1591; x_wconf 84' lang='grc' dir='ltr'><strong>μὴ</strong></span> <span class='ocrx_word' id='word_1_181' title='bbox 3068 1520 3222 1589; x_wconf 87' lang='grc' dir='ltr'>μόνον</span> 
     </span>
    </p>
   </div>
   <div class='ocr_carea' id='block_1_27' title="bbox 90 1614 3221 1693">
    <p class='ocr_par' dir='ltr' id='par_1_27' title="bbox 90 1614 3221 1693">
     <span class='ocr_line' id='line_1_27' title="bbox 90 1614 3221 1693; baseline -0.004 -16"><span class='ocrx_word' id='word_1_182' title='bbox 90 1625 265 1693; x_wconf 84' lang='grc' dir='ltr'>χείλεσι</span> <span class='ocrx_word' id='word_1_183' title='bbox 307 1625 398 1677; x_wconf 78' lang='grc' dir='ltr'><strong>καὶ</strong></span> <span class='ocrx_word' id='word_1_184' title='bbox 431 1627 598 1693; x_wconf 78' lang='grc' dir='ltr'>φωνῇ,</span> <span class='ocrx_word' id='word_1_185' title='bbox 674 1625 805 1676; x_wconf 87' lang='grc' dir='ltr'><strong>ἀλλά</strong></span> <span class='ocrx_word' id='word_1_186' title='bbox 846 1625 937 1676; x_wconf 73' lang='grc' dir='ltr'>καὶ</span> <span class='ocrx_word' id='word_1_187' title='bbox 967 1624 1053 1676; x_wconf 87' lang='grc' dir='ltr'><strong>διά</strong></span> <span class='ocrx_word' id='word_1_188' title='bbox 1084 1622 1179 1691; x_wconf 79' lang='grc' dir='ltr'>τῆς</span> <span class='ocrx_word' id='word_1_189' title='bbox 1216 1621 1321 1674; x_wconf 90' lang='grc' dir='ltr'><strong>τῶν</strong></span> <span class='ocrx_word' id='word_1_190' title='bbox 1365 1622 1628 1691; x_wconf 80' lang='grc' dir='ltr'>μουσικῶν</span> <span class='ocrx_word' id='word_1_191' title='bbox 1691 1619 1930 1692; x_wconf 83' lang='grc' dir='ltr'>ὁργάνων</span> <span class='ocrx_word' id='word_1_192' title='bbox 1966 1617 2367 1689; x_wconf 80' lang='grc' dir='ltr'>ἀνακρούσεως·</span> <span class='ocrx_word' id='word_1_193' title='bbox 2413 1618 2506 1669; x_wconf 84' lang='grc' dir='ltr'>Ἐν</span> <span class='ocrx_word' id='word_1_194' title='bbox 2545 1615 2875 1684; x_wconf 81' lang='grc' dir='ltr'>δεκαχόρδῳ</span> <span class='ocrx_word' id='word_1_195' title='bbox 2904 1615 3031 1684; x_wconf 84' lang='grc' dir='ltr'>γὰρ,</span> <span class='ocrx_word' id='word_1_196' title='bbox 3070 1614 3221 1684; x_wconf 81' lang='grc' dir='ltr'>φησὶ,</span> 
     </span>
    </p>
   </div>
   <div class='ocr_carea' id='block_1_28' title="bbox 89 1715 1148 1785">
    <p class='ocr_par' dir='ltr' id='par_1_28' title="bbox 89 1715 1148 1785">
     <span class='ocr_line' id='line_1_28' title="bbox 89 1715 1148 1785; baseline 0 -16"><span class='ocrx_word' id='word_1_197' title='bbox 89 1719 370 1784; x_wconf 61' lang='grc' dir='ltr'>ψαλτηρίφ</span> <span class='ocrx_word' id='word_1_198' title='bbox 397 1716 494 1769; x_wconf 77' lang='grc' dir='ltr'>καὶ</span> <span class='ocrx_word' id='word_1_199' title='bbox 511 1717 631 1785; x_wconf 82' lang='grc' dir='ltr'>μετ’</span> <span class='ocrx_word' id='word_1_200' title='bbox 655 1716 810 1784; x_wconf 84' lang='grc' dir='ltr'>ᾠδῆς</span> <span class='ocrx_word' id='word_1_201' title='bbox 834 1717 900 1769; x_wconf 77' lang='grc' dir='ltr'>ἐν</span> <span class='ocrx_word' id='word_1_202' title='bbox 924 1715 1148 1783; x_wconf 83' lang='grc' dir='ltr'>κιθάρᾳ.</span> 
     </span>
    </p>
   </div>
   <div class='ocr_carea' id='block_1_29' title="bbox 159 1794 1600 1879">
    <p class='ocr_par' dir='ltr' id='par_1_29' title="bbox 159 1794 1599 1879">
     <span class='ocr_line' id='line_1_29' title="bbox 159 1794 1599 1879; baseline -0.001 -19"><span class='ocrx_word' id='word_1_203' title='bbox 159 1809 304 1879; x_wconf 79' lang='grc' dir='ltr'>Ὁρᾷς</span> <span class='ocrx_word' id='word_1_204' title='bbox 341 1803 431 1860; x_wconf 79' lang='grc' dir='ltr'><strong>οὖν</strong></span> <span class='ocrx_word' id='word_1_205' title='bbox 464 1809 559 1860; x_wconf 82' lang='grc' dir='ltr'><strong>ὅσα</strong></span> <span class='ocrx_word' id='word_1_206' title='bbox 594 1809 844 1877; x_wconf 87' lang='grc' dir='ltr'>πράττειν</span> <span class='ocrx_word' id='word_1_207' title='bbox 889 1811 917 1860; x_wconf 86' lang='grc' dir='ltr'><strong>ό</strong></span> <span class='ocrx_word' id='word_1_208' title='bbox 954 1807 1136 1876; x_wconf 86' lang='grc' dir='ltr'>παρὼν</span> <span class='ocrx_word' id='word_1_209' title='bbox 1174 1807 1326 1874; x_wconf 86' lang='grc' dir='ltr'>λόγος</span> <span class='ocrx_word' id='word_1_210' title='bbox 1353 1794 1599 1877; x_wconf 73' lang='grc' dir='ltr'>παραινεῖ</span> 
     </span>
    </p>
   </div>
   <div class='ocr_carea' id='block_1_30' title="bbox 1699 1794 3226 1879">
    <p class='ocr_par' dir='ltr' id='par_1_30' title="bbox 1765 1794 3226 1872">
     <span class='ocr_line' id='line_1_30' title="bbox 1765 1794 3226 1872; baseline -0.006 -16"><span class='ocrx_word' id='word_1_211' title='bbox 1765 1800 1927 1857; x_wconf 78' lang='lat' dir='ltr'><strong>Vides</strong></span> <span class='ocrx_word' id='word_1_212' title='bbox 1957 1801 2118 1872; x_wconf 88' lang='lat' dir='ltr'><strong>igitur</strong></span> <span class='ocrx_word' id='word_1_213' title='bbox 2143 1798 2208 1852; x_wconf 89' lang='lat' dir='ltr'><strong>ad</strong></span> <span class='ocrx_word' id='word_1_214' title='bbox 2238 1814 2354 1870; x_wconf 71' lang='lat' dir='ltr'><strong>quae</strong></span> <span class='ocrx_word' id='word_1_215' title='bbox 2384 1800 2438 1854; x_wconf 90' lang='lat' dir='ltr'><strong>in</strong></span> <span class='ocrx_word' id='word_1_216' title='bbox 2468 1798 2553 1854; x_wconf 91' lang='lat' dir='ltr'><strong>die</strong></span> <span class='ocrx_word' id='word_1_217' title='bbox 2585 1796 2990 1853; x_wconf 87' lang='lat' dir='ltr'><strong>resurrectionis</strong></span> <span class='ocrx_word' id='word_1_218' title='bbox 3021 1794 3226 1864; x_wconf 86' lang='lat' dir='ltr'><strong>agenda</strong></span> 
     </span>
    </p>
   </div>
   <div class='ocr_carea' id='block_1_31' title="bbox 92 1895 1603 1968">
    <p class='ocr_par' dir='ltr' id='par_1_31' title="bbox 92 1895 1603 1968">
     <span class='ocr_line' id='line_1_31' title="bbox 92 1895 1603 1968; baseline -0.002 -19"><span class='ocrx_word' id='word_1_219' title='bbox 92 1898 212 1950; x_wconf 86' lang='grc' dir='ltr'><strong>κατά</strong></span> <span class='ocrx_word' id='word_1_220' title='bbox 253 1899 344 1967; x_wconf 84' lang='grc' dir='ltr'>τὴν</span> <span class='ocrx_word' id='word_1_221' title='bbox 389 1899 483 1968; x_wconf 77' lang='grc' dir='ltr'>τῆς</span> <span class='ocrx_word' id='word_1_222' title='bbox 532 1899 867 1961; x_wconf 82' lang='grc' dir='ltr'>ἀναστάσεως</span> <span class='ocrx_word' id='word_1_223' title='bbox 903 1898 1142 1968; x_wconf 85' lang='grc' dir='ltr'>ὴμέραν;</span> <span class='ocrx_word' id='word_1_224' title='bbox 1187 1895 1603 1966; x_wconf 84' lang='grc' dir='ltr'>Ἐπιγέγραπται</span> 
     </span>
    </p>
   </div>
   <div class='ocr_carea' id='block_1_32' title="bbox 90 1982 1602 2055">
    <p class='ocr_par' dir='ltr' id='par_1_32' title="bbox 90 1982 1602 2055">
     <span class='ocr_line' id='line_1_32' title="bbox 90 1982 1602 2055; baseline 0 -18"><span class='ocrx_word' id='word_1_225' title='bbox 90 1986 201 2052; x_wconf 80' lang='grc' dir='ltr'>γοῦν</span> <span class='ocrx_word' id='word_1_226' title='bbox 229 1989 256 2038; x_wconf 87' lang='grc' dir='ltr'>ὁ</span> <span class='ocrx_word' id='word_1_227' title='bbox 320 1987 544 2055; x_wconf 76' lang='grc' dir='ltr'>ψαλμὸς,</span> <span class='ocrx_word' id='word_1_228' title='bbox 592 1990 677 2052; x_wconf 85' lang='grc' dir='ltr'><strong>είς</strong></span> <span class='ocrx_word' id='word_1_229' title='bbox 726 1987 837 2055; x_wconf 81' lang='grc' dir='ltr'>τὴν</span> <span class='ocrx_word' id='word_1_230' title='bbox 875 1986 1098 2054; x_wconf 71' lang='grc' dir='ltr'>ἡμέραν</span> <span class='ocrx_word' id='word_1_231' title='bbox 1137 1985 1241 2038; x_wconf 86' lang='grc' dir='ltr'><strong>τοῦ</strong></span> <span class='ocrx_word' id='word_1_232' title='bbox 1287 1982 1602 2037; x_wconf 77' lang='grc' dir='ltr'>Σαϐϐάτου.</span> 
     </span>
    </p>
   </div>
   <div class='ocr_carea' id='block_1_33' title="bbox 103 2074 1604 2146">
    <p class='ocr_par' dir='ltr' id='par_1_33' title="bbox 103 2074 1604 2146">
     <span class='ocr_line' id='line_1_33' title="bbox 103 2074 1604 2146; baseline 0 -19"><span class='ocrx_word' id='word_1_233' title='bbox 103 2076 241 2128; x_wconf 75' lang='grc' dir='ltr'>Ἀλλά</span> <span class='ocrx_word' id='word_1_234' title='bbox 281 2077 372 2128; x_wconf 78' lang='grc' dir='ltr'>καὶ</span> <span class='ocrx_word' id='word_1_235' title='bbox 419 2078 466 2128; x_wconf 80' lang='grc' dir='ltr'>οἱ</span> <span class='ocrx_word' id='word_1_236' title='bbox 510 2078 669 2145; x_wconf 81' lang='grc' dir='ltr'>ἱερεῖς</span> <span class='ocrx_word' id='word_1_237' title='bbox 720 2079 777 2129; x_wconf 84' lang='grc' dir='ltr'>ὲν</span> <span class='ocrx_word' id='word_1_238' title='bbox 812 2076 889 2144; x_wconf 82' lang='grc' dir='ltr'>τῷ</span> <span class='ocrx_word' id='word_1_239' title='bbox 921 2076 1044 2146; x_wconf 80' lang='grc' dir='ltr'>ἱερῷ</span> <span class='ocrx_word' id='word_1_240' title='bbox 1087 2074 1222 2128; x_wconf 84' lang='grc' dir='ltr'>κατὰ</span> <span class='ocrx_word' id='word_1_241' title='bbox 1252 2075 1309 2128; x_wconf 82' lang='grc' dir='ltr'><strong>τὸ</strong></span> <span class='ocrx_word' id='word_1_242' title='bbox 1337 2075 1604 2128; x_wconf 77' lang='grc' dir='ltr'>Σάδδατον</span> 
     </span>
    </p>
   </div>
   <div class='ocr_carea' id='block_1_34' title="bbox 91 2164 1604 2234">
    <p class='ocr_par' dir='ltr' id='par_1_34' title="bbox 91 2164 1604 2234">
     <span class='ocr_line' id='line_1_34' title="bbox 91 2164 1604 2234; baseline 0.001 -18"><span class='ocrx_word' id='word_1_243' title='bbox 91 2165 232 2234; x_wconf 72' lang='grc' dir='ltr'>ἕτερα</span> <span class='ocrx_word' id='word_1_244' title='bbox 273 2165 489 2216; x_wconf 88' lang='grc' dir='ltr'>πλεῖστα</span> <span class='ocrx_word' id='word_1_245' title='bbox 540 2164 797 2234; x_wconf 79' lang='grc' dir='ltr'>ἔπραττον</span> <span class='ocrx_word' id='word_1_246' title='bbox 845 2165 983 2217; x_wconf 88' lang='grc' dir='ltr'><strong>κατά</strong></span> <span class='ocrx_word' id='word_1_247' title='bbox 1018 2164 1106 2217; x_wconf 82' lang='grc' dir='ltr'><strong>τὸν</strong></span> <span class='ocrx_word' id='word_1_248' title='bbox 1141 2165 1318 2234; x_wconf 89' lang='grc' dir='ltr'>νόμον.</span> <span class='ocrx_word' id='word_1_249' title='bbox 1359 2165 1470 2218; x_wconf 86' lang='grc' dir='ltr'>Οὐκ</span> <span class='ocrx_word' id='word_1_250' title='bbox 1498 2165 1604 2234; x_wconf 74' lang='grc' dir='ltr'>ἄρα</span> 
     </span>
    </p>
   </div>
   <div class='ocr_carea' id='block_1_35' title="bbox 91 2252 1604 2326">
    <p class='ocr_par' dir='ltr' id='par_1_35' title="bbox 91 2252 1604 2326">
     <span class='ocr_line' id='line_1_35' title="bbox 91 2252 1604 2326; baseline 0 -23"><span class='ocrx_word' id='word_1_251' title='bbox 91 2254 361 2323; x_wconf 76' lang='grc' dir='ltr'>ὁλοσχερῶς</span> <span class='ocrx_word' id='word_1_252' title='bbox 380 2255 562 2324; x_wconf 82' lang='grc' dir='ltr'>ἀργεῖν</span> <span class='ocrx_word' id='word_1_253' title='bbox 590 2255 923 2326; x_wconf 87' lang='grc' dir='ltr'>προστάττει.</span> <span class='ocrx_word' id='word_1_254' title='bbox 941 2253 1075 2307; x_wconf 86' lang='grc' dir='ltr'>Ἀλλ’</span> <span class='ocrx_word' id='word_1_255' title='bbox 1100 2255 1216 2308; x_wconf 80' lang='grc' dir='ltr'>οὐδὲ</span> <span class='ocrx_word' id='word_1_256' title='bbox 1241 2257 1350 2317; x_wconf 86' lang='grc' dir='ltr'>τοῖς</span> <span class='ocrx_word' id='word_1_257' title='bbox 1378 2252 1604 2325; x_wconf 77' lang='grc' dir='ltr'>ἱερεῦσιν</span> 
     </span>
    </p>
   </div>
   <div class='ocr_carea' id='block_1_36' title="bbox 91 2343 1625 2416">
    <p class='ocr_par' dir='ltr' id='par_1_36' title="bbox 91 2343 1625 2416">
     <span class='ocr_line' id='line_1_36' title="bbox 91 2343 1625 2416; baseline 0 -23"><span class='ocrx_word' id='word_1_258' title='bbox 91 2345 118 2410; x_wconf 81' lang='grc' dir='ltr'>ἡ</span> <span class='ocrx_word' id='word_1_259' title='bbox 144 2343 229 2394; x_wconf 85' lang='grc' dir='ltr'><strong>τοῦ</strong></span> <span class='ocrx_word' id='word_1_260' title='bbox 262 2345 529 2397; x_wconf 76' lang='grc' dir='ltr'>Σαϐϐάτου</span> <span class='ocrx_word' id='word_1_261' title='bbox 559 2346 738 2415; x_wconf 80' lang='grc' dir='ltr'>ἡμέρα</span> <span class='ocrx_word' id='word_1_262' title='bbox 769 2346 1142 2416; x_wconf 84' lang='grc' dir='ltr'>νενομοθέτητο</span> <span class='ocrx_word' id='word_1_263' title='bbox 1160 2363 1172 2376; x_wconf 89' lang='grc'><strong>·</strong></span> <span class='ocrx_word' id='word_1_264' title='bbox 1209 2345 1384 2416; x_wconf 90' lang='grc' dir='ltr'>μόνοις</span> <span class='ocrx_word' id='word_1_265' title='bbox 1414 2344 1469 2395; x_wconf 81' lang='grc' dir='ltr'>δὲ</span> <span class='ocrx_word' id='word_1_266' title='bbox 1496 2345 1625 2403; x_wconf 90' lang='grc' dir='ltr'>τοῖς.</span> 
     </span>
    </p>
   </div>
   <div class='ocr_carea' id='block_1_37' title="bbox 94 2431 1601 2506">
    <p class='ocr_par' dir='ltr' id='par_1_37' title="bbox 94 2431 1601 2506">
     <span class='ocr_line' id='line_1_37' title="bbox 94 2431 1601 2506; baseline 0.001 -23"><span class='ocrx_word' id='word_1_267' title='bbox 94 2433 158 2502; x_wconf 78' lang='grc' dir='ltr'>μὴ</span> <span class='ocrx_word' id='word_1_268' title='bbox 182 2434 303 2496; x_wconf 82' lang='grc' dir='ltr'>οἵοις</span> <span class='ocrx_word' id='word_1_269' title='bbox 332 2451 391 2486; x_wconf 91' lang='grc' dir='ltr'><strong>τε</strong></span> <span class='ocrx_word' id='word_1_270' title='bbox 423 2431 537 2487; x_wconf 83' lang='grc' dir='ltr'>οὖσι</span> <span class='ocrx_word' id='word_1_271' title='bbox 568 2436 656 2486; x_wconf 84' lang='grc' dir='ltr'><strong>τὸν</strong></span> <span class='ocrx_word' id='word_1_272' title='bbox 693 2436 861 2488; x_wconf 89' lang='grc' dir='ltr'>πάντα</span> <span class='ocrx_word' id='word_1_273' title='bbox 893 2435 1075 2506; x_wconf 85' lang='grc' dir='ltr'>χρόνον</span> <span class='ocrx_word' id='word_1_274' title='bbox 1105 2435 1204 2504; x_wconf 82' lang='grc' dir='ltr'><strong>τῆς</strong></span> <span class='ocrx_word' id='word_1_275' title='bbox 1235 2434 1407 2486; x_wconf 80' lang='grc' dir='ltr'>αὐτῶν</span> <span class='ocrx_word' id='word_1_276' title='bbox 1438 2431 1601 2499; x_wconf 77' lang='grc' dir='ltr'>ζωῆς,</span> 
     </span>
    </p>
   </div>
   <div class='ocr_carea' id='block_1_38' title="bbox 93 2519 1604 2594">
    <p class='ocr_par' dir='ltr' id='par_1_38' title="bbox 93 2519 1604 2594">
     <span class='ocr_line' id='line_1_38' title="bbox 93 2519 1604 2594; baseline -0.002 -20"><span class='ocrx_word' id='word_1_277' title='bbox 93 2523 174 2574; x_wconf 73' lang='grc' dir='ltr'><strong>καὶ</strong></span> <span class='ocrx_word' id='word_1_278' title='bbox 203 2525 370 2586; x_wconf 86' lang='grc' dir='ltr'>πάσας</span> <span class='ocrx_word' id='word_1_279' title='bbox 408 2524 581 2576; x_wconf 82' lang='grc' dir='ltr'>αὐτῶν</span> <span class='ocrx_word' id='word_1_280' title='bbox 622 2527 716 2586; x_wconf 79' lang='grc' dir='ltr'>τὰς</span> <span class='ocrx_word' id='word_1_281' title='bbox 741 2524 947 2594; x_wconf 72' lang='grc' dir='ltr'><strong>⁴ἠμέρας</strong></span> <span class='ocrx_word' id='word_1_282' title='bbox 989 2527 1054 2593; x_wconf 85' lang='grc' dir='ltr'>τῇ</span> <span class='ocrx_word' id='word_1_283' title='bbox 1101 2523 1192 2574; x_wconf 92' lang='grc' dir='ltr'><strong>τοῦ</strong></span> <span class='ocrx_word' id='word_1_284' title='bbox 1228 2521 1360 2574; x_wconf 82' lang='grc' dir='ltr'>Θεοῦ</span> <span class='ocrx_word' id='word_1_285' title='bbox 1387 2519 1604 2591; x_wconf 80' lang='grc' dir='ltr'>λατρεία</span> 
     </span>
    </p>
   </div>
   <div class='ocr_carea' id='block_1_39' title="bbox 92 2611 1610 2682">
    <p class='ocr_par' dir='ltr' id='par_1_39' title="bbox 92 2611 1610 2682">
     <span class='ocr_line' id='line_1_39' title="bbox 92 2611 1610 2682; baseline 0.001 -20"><span class='ocrx_word' id='word_1_286' title='bbox 92 2611 174 2662; x_wconf 69' lang='grc' dir='ltr'><strong>καὶ</strong></span> <span class='ocrx_word' id='word_1_287' title='bbox 211 2614 318 2673; x_wconf 88' lang='grc' dir='ltr'>τοῖς</span> <span class='ocrx_word' id='word_1_288' title='bbox 363 2612 438 2680; x_wconf 87' lang='grc' dir='ltr'>τῷ</span> <span class='ocrx_word' id='word_1_289' title='bbox 485 2611 598 2680; x_wconf 87' lang='grc' dir='ltr'>Θεῷ</span> <span class='ocrx_word' id='word_1_290' title='bbox 627 2613 794 2680; x_wconf 84' lang='grc' dir='ltr'>φίλοις</span> <span class='ocrx_word' id='word_1_291' title='bbox 839 2613 1015 2682; x_wconf 75' lang='grc' dir='ltr'>ἔργοις</span> <span class='ocrx_word' id='word_1_292' title='bbox 1060 2611 1362 2681; x_wconf 81' lang='grc' dir='ltr'>σχολάζειν·</span> <span class='ocrx_word' id='word_1_293' title='bbox 1401 2611 1610 2674; x_wconf 83' lang='grc' dir='ltr'>τούτοις</span> 
     </span>
    </p>
   </div>
   <div class='ocr_carea' id='block_1_40' title="bbox 93 2699 1601 2773">
    <p class='ocr_par' dir='ltr' id='par_1_40' title="bbox 93 2699 1601 2773">
     <span class='ocr_line' id='line_1_40' title="bbox 93 2699 1601 2773; baseline 0.003 -25"><span class='ocrx_word' id='word_1_294' title='bbox 93 2699 187 2766; x_wconf 76' lang='grc' dir='ltr'>γὰρ</span> <span class='ocrx_word' id='word_1_295' title='bbox 228 2700 288 2751; x_wconf 78' lang='grc' dir='ltr'>ὲκ</span> <span class='ocrx_word' id='word_1_296' title='bbox 331 2700 700 2771; x_wconf 83' lang='grc' dir='ltr'>διαστημάτων</span> <span class='ocrx_word' id='word_1_297' title='bbox 754 2701 921 2754; x_wconf 79' lang='grc' dir='ltr'>ταῦτα</span> <span class='ocrx_word' id='word_1_298' title='bbox 976 2702 1226 2773; x_wconf 87' lang='grc' dir='ltr'>πράττειν</span> <span class='ocrx_word' id='word_1_299' title='bbox 1287 2701 1601 2772; x_wconf 77' lang='grc' dir='ltr'>ἐνομοθέτει.</span> 
     </span>
    </p>
   </div>
   <div class='ocr_carea' id='block_1_41' title="bbox 93 2788 1604 2864">
    <p class='ocr_par' dir='ltr' id='par_1_41' title="bbox 93 2788 1604 2864">
     <span class='ocr_line' id='line_1_41' title="bbox 93 2788 1604 2864; baseline 0.004 -26"><span class='ocrx_word' id='word_1_300' title='bbox 93 2788 201 2850; x_wconf 84' lang='grc' dir='ltr'>Τοῖς</span> <span class='ocrx_word' id='word_1_301' title='bbox 225 2805 283 2856; x_wconf 89' lang='grc' dir='ltr'><strong>γε</strong></span> <span class='ocrx_word' id='word_1_302' title='bbox 314 2791 420 2861; x_wconf 80' lang='grc' dir='ltr'>μὴν</span> <span class='ocrx_word' id='word_1_303' title='bbox 452 2792 721 2862; x_wconf 84' lang='grc' dir='ltr'>πλησμονῇ</span> <span class='ocrx_word' id='word_1_304' title='bbox 755 2792 982 2863; x_wconf 80' lang='grc' dir='ltr'>γαστρὸς</span> <span class='ocrx_word' id='word_1_305' title='bbox 1012 2793 1106 2845; x_wconf 64' lang='grc' dir='ltr'><strong>κα)⁸</strong></span> <span class='ocrx_word' id='word_1_306' title='bbox 1147 2790 1299 2864; x_wconf 82' lang='grc' dir='ltr'>μέθῃ,</span> <span class='ocrx_word' id='word_1_307' title='bbox 1340 2791 1431 2844; x_wconf 74' lang='grc' dir='ltr'><strong>καὶ</strong></span> <span class='ocrx_word' id='word_1_308' title='bbox 1462 2791 1604 2861; x_wconf 75' lang='grc' dir='ltr'>πάσῃ</span> 
     </span>
    </p>
   </div>
   <div class='ocr_carea' id='block_1_42' title="bbox 90 2875 1606 2952">
    <p class='ocr_par' dir='ltr' id='par_1_42' title="bbox 90 2875 1606 2952">
     <span class='ocr_line' id='line_1_42' title="bbox 90 2875 1606 2952; baseline 0.003 -25"><span class='ocrx_word' id='word_1_309' title='bbox 90 2875 310 2949; x_wconf 78' lang='grc' dir='ltr'>ἀκοσμίᾳ</span> <span class='ocrx_word' id='word_1_310' title='bbox 358 2881 495 2932; x_wconf 85' lang='grc' dir='ltr'><strong>κατά</strong></span> <span class='ocrx_word' id='word_1_311' title='bbox 541 2882 637 2951; x_wconf 83' lang='grc' dir='ltr'>τὴν</span> <span class='ocrx_word' id='word_1_312' title='bbox 677 2881 883 2952; x_wconf 82' lang='grc' dir='ltr'>ἡμέραν</span> <span class='ocrx_word' id='word_1_313' title='bbox 928 2881 1019 2934; x_wconf 88' lang='grc' dir='ltr'><strong>τοῦ</strong></span> <span class='ocrx_word' id='word_1_314' title='bbox 1068 2881 1338 2934; x_wconf 73' lang='grc' dir='ltr'>Σαϐϐάτου</span> <span class='ocrx_word' id='word_1_315' title='bbox 1386 2881 1606 2942; x_wconf 77' lang='grc' dir='ltr'>ἑαυτοὺς</span> 
     </span>
    </p>
   </div>
   <div class='ocr_carea' id='block_1_43' title="bbox 94 2969 1604 3043">
    <p class='ocr_par' dir='ltr' id='par_1_43' title="bbox 94 2969 1604 3043">
     <span class='ocr_line' id='line_1_43' title="bbox 94 2969 1604 3043; baseline 0.001 -24"><span class='ocrx_word' id='word_1_316' title='bbox 94 2969 416 3037; x_wconf 76' lang='grc' dir='ltr'>παρέχουσιν,</span> <span class='ocrx_word' id='word_1_317' title='bbox 446 2973 474 3022; x_wconf 84' lang='grc' dir='ltr'><strong>δ</strong></span> <span class='ocrx_word' id='word_1_318' title='bbox 499 2970 625 3034; x_wconf 85' lang='grc' dir='ltr'>Θεὸς</span> <span class='ocrx_word' id='word_1_319' title='bbox 650 2971 732 3024; x_wconf 79' lang='grc' dir='ltr'>διὰ</span> <span class='ocrx_word' id='word_1_320' title='bbox 772 2971 860 3024; x_wconf 89' lang='grc' dir='ltr'><strong>τοῦ</strong></span> <span class='ocrx_word' id='word_1_321' title='bbox 898 2973 1166 3043; x_wconf 80' lang='grc' dir='ltr'>προφήτου</span> <span class='ocrx_word' id='word_1_322' title='bbox 1210 2971 1604 3023; x_wconf 82' lang='grc' dir='ltr'>ὲπανατείνεται</span> 
     </span>
    </p>
   </div>
   <div class='ocr_carea' id='block_1_44' title="bbox 93 3054 1604 3130">
    <p class='ocr_par' dir='ltr' id='par_1_44' title="bbox 93 3054 1604 3130">
     <span class='ocr_line' id='line_1_44' title="bbox 93 3054 1604 3130; baseline 0.003 -23"><span class='ocrx_word' id='word_1_323' title='bbox 93 3054 272 3123; x_wconf 81' lang='grc' dir='ltr'>λέγων·</span> <span class='ocrx_word' id='word_1_324' title='bbox 306 3063 367 3113; x_wconf 75' lang='grc' dir='ltr'><strong>Οἱ</strong></span> <span class='ocrx_word' id='word_1_325' title='bbox 419 3062 801 3130; x_wconf 71' lang='grc' dir='ltr'>ἐφαπτόμενοι</span> <span class='ocrx_word' id='word_1_326' title='bbox 859 3061 1096 3128; x_wconf 78' lang='grc' dir='ltr'>ψευδῶν</span> <span class='ocrx_word' id='word_1_327' title='bbox 1132 3062 1466 3114; x_wconf 77' lang='grc' dir='ltr'>Σαϐϐἀτων·</span> <span class='ocrx_word' id='word_1_328' title='bbox 1513 3060 1604 3112; x_wconf 74' lang='grc' dir='ltr'><strong>καὶ</strong></span> 
     </span>
    </p>
   </div>
   <div class='ocr_carea' id='block_1_45' title="bbox 1701 1881 3226 1958">
    <p class='ocr_par' dir='ltr' id='par_1_45' title="bbox 1701 1881 3226 1958">
     <span class='ocr_line' id='line_1_45' title="bbox 1701 1881 3226 1958; baseline -0.005 -12"><span class='ocrx_word' id='word_1_329' title='bbox 1701 1892 1946 1946; x_wconf 86' lang='lat' dir='ltr'><strong>hortetur</strong></span> <span class='ocrx_word' id='word_1_330' title='bbox 2002 1890 2090 1942; x_wconf 90' lang='lat' dir='ltr'><strong>hic</strong></span> <span class='ocrx_word' id='word_1_331' title='bbox 2140 1889 2396 1958; x_wconf 83' lang='lat' dir='ltr'><strong>psalmus.</strong></span> <span class='ocrx_word' id='word_1_332' title='bbox 2447 1885 2741 1956; x_wconf 90' lang='lat' dir='ltr'><strong>lnscriptus</strong></span> <span class='ocrx_word' id='word_1_333' title='bbox 2793 1884 2934 1938; x_wconf 89' lang='lat' dir='ltr'><strong>enim</strong></span> <span class='ocrx_word' id='word_1_334' title='bbox 2986 1881 3226 1952; x_wconf 89' lang='lat' dir='ltr'><strong>psalmus</strong></span> 
     </span>
    </p>
   </div>
   <div class='ocr_carea' id='block_1_46' title="bbox 1701 1973 3227 2046">
    <p class='ocr_par' dir='ltr' id='par_1_46' title="bbox 1701 1973 3227 2046">
     <span class='ocr_line' id='line_1_46' title="bbox 1701 1973 3227 2046; baseline -0.007 -10"><span class='ocrx_word' id='word_1_335' title='bbox 1701 1991 1802 2046; x_wconf 89' lang='lat' dir='ltr'><strong>est,</strong></span> <span class='ocrx_word' id='word_1_336' title='bbox 1836 1981 1890 2033; x_wconf 81' lang='lat' dir='ltr'><strong>in</strong></span> <span class='ocrx_word' id='word_1_337' title='bbox 1930 1979 2066 2032; x_wconf 79' lang='lat' dir='ltr'><strong>diem</strong></span> <span class='ocrx_word' id='word_1_338' title='bbox 2110 1977 2343 2032; x_wconf 82' lang='lat' dir='ltr'><strong>Sabbati.</strong></span> <span class='ocrx_word' id='word_1_339' title='bbox 2386 1975 2487 2030; x_wconf 91' lang='lat' dir='ltr'><strong>Sed</strong></span> <span class='ocrx_word' id='word_1_340' title='bbox 2518 1983 2570 2030; x_wconf 88' lang='lat' dir='ltr'><strong>et</strong></span> <span class='ocrx_word' id='word_1_341' title='bbox 2608 1975 2912 2030; x_wconf 84' lang='lat' dir='ltr'><strong>sacerdotes</strong></span> <span class='ocrx_word' id='word_1_342' title='bbox 2948 1975 3000 2028; x_wconf 90' lang='lat' dir='ltr'><strong>in</strong></span> <span class='ocrx_word' id='word_1_343' title='bbox 3033 1973 3227 2041; x_wconf 88' lang='lat' dir='ltr'><strong>templo</strong></span> 
     </span>
    </p>
   </div>
   <div class='ocr_carea' id='block_1_47' title="bbox 1699 2063 3227 2136">
    <p class='ocr_par' dir='ltr' id='par_1_47' title="bbox 1699 2063 3227 2136">
     <span class='ocr_line' id='line_1_47' title="bbox 1699 2063 3227 2136; baseline -0.007 -11"><span class='ocrx_word' id='word_1_344' title='bbox 1699 2071 1786 2125; x_wconf 89' lang='lat' dir='ltr'><strong>die</strong></span> <span class='ocrx_word' id='word_1_345' title='bbox 1818 2068 2035 2123; x_wconf 89' lang='lat' dir='ltr'><strong>Sabbati</strong></span> <span class='ocrx_word' id='word_1_346' title='bbox 2070 2068 2172 2120; x_wconf 86' lang='lat' dir='ltr'><strong>alia</strong></span> <span class='ocrx_word' id='word_1_347' title='bbox 2197 2068 2424 2136; x_wconf 88' lang='lat' dir='ltr'><strong>plurima</strong></span> <span class='ocrx_word' id='word_1_348' title='bbox 2462 2063 2754 2120; x_wconf 89' lang='lat' dir='ltr'><strong>secundum</strong></span> <span class='ocrx_word' id='word_1_349' title='bbox 2777 2065 2944 2134; x_wconf 80' lang='lat' dir='ltr'><strong>legem</strong></span> <span class='ocrx_word' id='word_1_350' title='bbox 2982 2064 3227 2132; x_wconf 79' lang='lat' dir='ltr'><strong>agebant.</strong></span> 
     </span>
    </p>
   </div>
   <div class='ocr_carea' id='block_1_48' title="bbox 1701 2152 3228 2229">
    <p class='ocr_par' dir='ltr' id='par_1_48' title="bbox 1701 2152 3228 2229">
     <span class='ocr_line' id='line_1_48' title="bbox 1701 2152 3228 2229; baseline -0.006 -14"><span class='ocrx_word' id='word_1_351' title='bbox 1701 2160 1817 2215; x_wconf 83' lang='lat' dir='ltr'><strong>Non</strong></span> <span class='ocrx_word' id='word_1_352' title='bbox 1854 2174 1981 2229; x_wconf 85' lang='lat' dir='ltr'><strong>ergo</strong></span> <span class='ocrx_word' id='word_1_353' title='bbox 2007 2158 2248 2227; x_wconf 77' lang='lat' dir='ltr'><strong>praecipit</strong></span> <span class='ocrx_word' id='word_1_354' title='bbox 2275 2163 2333 2209; x_wconf 92' lang='lat' dir='ltr'><strong>ut</strong></span> <span class='ocrx_word' id='word_1_355' title='bbox 2360 2154 2579 2210; x_wconf 86' lang='lat' dir='ltr'><strong>omnino</strong></span> <span class='ocrx_word' id='word_1_356' title='bbox 2606 2158 2844 2208; x_wconf 88' lang='lat' dir='ltr'><strong>vacetur.</strong></span> <span class='ocrx_word' id='word_1_357' title='bbox 2877 2152 3061 2222; x_wconf 83' lang='lat' dir='ltr'><strong>Neque</strong></span> <span class='ocrx_word' id='word_1_358' title='bbox 3102 2168 3228 2208; x_wconf 88' lang='lat' dir='ltr'><strong>vero</strong></span> 
     </span>
    </p>
   </div>
   <div class='ocr_carea' id='block_1_49' title="bbox 1700 2243 3229 2314">
    <p class='ocr_par' dir='ltr' id='par_1_49' title="bbox 1700 2243 3229 2314">
     <span class='ocr_line' id='line_1_49' title="bbox 1700 2243 3229 2314; baseline -0.004 -10"><span class='ocrx_word' id='word_1_359' title='bbox 1700 2247 2069 2304; x_wconf 78' lang='lat' dir='ltr'><strong>sacerdotibus</strong></span> <span class='ocrx_word' id='word_1_360' title='bbox 2096 2245 2209 2301; x_wconf 90' lang='lat' dir='ltr'><strong>dies</strong></span> <span class='ocrx_word' id='word_1_361' title='bbox 2244 2245 2461 2299; x_wconf 88' lang='lat' dir='ltr'><strong>Sabbati</strong></span> <span class='ocrx_word' id='word_1_362' title='bbox 2492 2243 2967 2314; x_wconf 67' lang='lat' dir='ltr'><strong>praescribebatur;</strong></span> <span class='ocrx_word' id='word_1_363' title='bbox 3010 2243 3103 2298; x_wconf 90' lang='lat' dir='ltr'><strong>sed</strong></span> <span class='ocrx_word' id='word_1_364' title='bbox 3140 2260 3229 2298; x_wconf 89' lang='lat' dir='ltr'><strong>so-</strong></span> 
     </span>
    </p>
   </div>
   <div class='ocr_carea' id='block_1_50' title="bbox 1700 2334 3312 2407">
    <p class='ocr_par' dir='ltr' id='par_1_50' title="bbox 1700 2334 3312 2407">
     <span class='ocr_line' id='line_1_50' title="bbox 1700 2334 3312 2407; baseline -0.005 -13"><span class='ocrx_word' id='word_1_365' title='bbox 1700 2340 1810 2394; x_wconf 91' lang='lat' dir='ltr'><strong>lum</strong></span> <span class='ocrx_word' id='word_1_366' title='bbox 1837 2338 1905 2392; x_wconf 90' lang='lat' dir='ltr'><strong>iis</strong></span> <span class='ocrx_word' id='word_1_367' title='bbox 1938 2337 2030 2407; x_wconf 89' lang='lat' dir='ltr'><strong>qui</strong></span> <span class='ocrx_word' id='word_1_368' title='bbox 2059 2351 2160 2392; x_wconf 88' lang='lat' dir='ltr'><strong>nec</strong></span> <span class='ocrx_word' id='word_1_369' title='bbox 2202 2344 2316 2391; x_wconf 91' lang='lat' dir='ltr'><strong>toto</strong></span> <span class='ocrx_word' id='word_1_370' title='bbox 2347 2336 2470 2390; x_wconf 62' lang='lat' dir='ltr'><strong>vita:</strong></span> <span class='ocrx_word' id='word_1_371' title='bbox 2519 2349 2629 2389; x_wconf 69' lang='lat' dir='ltr'><strong>suae</strong></span> <span class='ocrx_word' id='word_1_372' title='bbox 2665 2342 2922 2404; x_wconf 90' lang='lat' dir='ltr'><strong>tempore,</strong></span> <span class='ocrx_word' id='word_1_373' title='bbox 2972 2349 3070 2388; x_wconf 90' lang='lat' dir='ltr'><strong>nec</strong></span> <span class='ocrx_word' id='word_1_374' title='bbox 3115 2334 3229 2388; x_wconf 56' lang='lat' dir='ltr'><strong>sine</strong></span> <span class='ocrx_word' id='word_1_375' title='bbox 3309 2391 3312 2394; x_wconf 19' lang='grc' dir='ltr'><strong>Α</strong></span> 
     </span>
    </p>
   </div>
   <div class='ocr_carea' id='block_1_51' title="bbox 1700 2422 3226 2499">
    <p class='ocr_par' dir='ltr' id='par_1_51' title="bbox 1700 2422 3226 2499">
     <span class='ocr_line' id='line_1_51' title="bbox 1700 2422 3226 2499; baseline -0.006 -15"><span class='ocrx_word' id='word_1_376' title='bbox 1700 2429 1836 2499; x_wconf 80' lang='lat' dir='ltr'><strong>gulis</strong></span> <span class='ocrx_word' id='word_1_377' title='bbox 1868 2428 2054 2484; x_wconf 89' lang='lat' dir='ltr'><strong>diebus</strong></span> <span class='ocrx_word' id='word_1_378' title='bbox 2101 2429 2212 2483; x_wconf 88' lang='lat' dir='ltr'><strong>suis</strong></span> <span class='ocrx_word' id='word_1_379' title='bbox 2242 2434 2458 2496; x_wconf 87' lang='lat' dir='ltr'><strong>possent</strong></span> <span class='ocrx_word' id='word_1_380' title='bbox 2496 2423 2589 2480; x_wconf 86' lang='lat' dir='ltr'><strong>Dei</strong></span> <span class='ocrx_word' id='word_1_381' title='bbox 2621 2425 2786 2478; x_wconf 85' lang='lat' dir='ltr'><strong>cultui</strong></span> <span class='ocrx_word' id='word_1_382' title='bbox 2831 2433 2887 2479; x_wconf 87' lang='lat' dir='ltr'><strong>et</strong></span> <span class='ocrx_word' id='word_1_383' title='bbox 2922 2422 3029 2478; x_wconf 91' lang='lat' dir='ltr'><strong>Deo</strong></span> <span class='ocrx_word' id='word_1_384' title='bbox 3075 2437 3226 2476; x_wconf 90' lang='lat' dir='ltr'><strong>acce-</strong></span> 
     </span>
    </p>
   </div>
   <div class='ocr_carea' id='block_1_52' title="bbox 1701 2514 3241 2589">
    <p class='ocr_par' dir='ltr' id='par_1_52' title="bbox 1701 2514 3241 2589">
     <span class='ocr_line' id='line_1_52' title="bbox 1701 2514 3241 2589; baseline -0.002 -17"><span class='ocrx_word' id='word_1_385' title='bbox 1701 2519 1806 2589; x_wconf 88' lang='lat' dir='ltr'><strong>ptis</strong></span> <span class='ocrx_word' id='word_1_386' title='bbox 1843 2518 2096 2587; x_wconf 83' lang='lat' dir='ltr'><strong>operibus</strong></span> <span class='ocrx_word' id='word_1_387' title='bbox 2138 2533 2329 2573; x_wconf 84' lang='lat' dir='ltr'><strong>vacare</strong></span> <span class='ocrx_word' id='word_1_388' title='bbox 2356 2536 2368 2571; x_wconf 94' lang='lat'><strong>:</strong></span> <span class='ocrx_word' id='word_1_389' title='bbox 2393 2516 2637 2580; x_wconf 80' lang='lat' dir='ltr'><strong>nam&#39;iis,</strong></span> <span class='ocrx_word' id='word_1_390' title='bbox 2672 2523 2728 2568; x_wconf 92' lang='lat' dir='ltr'><strong>ut</strong></span> <span class='ocrx_word' id='word_1_391' title='bbox 2767 2516 3072 2570; x_wconf 88' lang='lat' dir='ltr'><strong>intermisso</strong></span> <span class='ocrx_word' id='word_1_392' title='bbox 3112 2514 3241 2569; x_wconf 84' lang='lat' dir='ltr'><strong>die--</strong></span> 
     </span>
    </p>
   </div>
   <div class='ocr_carea' id='block_1_53' title="bbox 1660 2600 3225 2678">
    <p class='ocr_par' dir='ltr' id='par_1_53' title="bbox 1660 2600 3225 2678">
     <span class='ocr_line' id='line_1_53' title="bbox 1660 2600 3225 2678; baseline -0.004 -14"><span class='ocrx_word' id='word_1_393' title='bbox 1660 2630 1662 2633; x_wconf 94' lang='grc'><strong>·</strong></span> <span class='ocrx_word' id='word_1_394' title='bbox 1700 2600 1819 2664; x_wconf 86' lang='lat' dir='ltr'><strong>rum</strong></span> <span class='ocrx_word' id='word_1_395' title='bbox 1862 2607 2034 2677; x_wconf 84' lang='lat' dir='ltr'><strong>spatio</strong></span> <span class='ocrx_word' id='word_1_396' title='bbox 2081 2607 2137 2661; x_wconf 91' lang='lat' dir='ltr'><strong>id</strong></span> <span class='ocrx_word' id='word_1_397' title='bbox 2180 2614 2415 2678; x_wconf 76' lang='lat' dir='ltr'><strong>agerent,</strong></span> <span class='ocrx_word' id='word_1_398' title='bbox 2465 2607 2581 2675; x_wconf 87' lang='lat' dir='ltr'><strong>lege</strong></span> <span class='ocrx_word' id='word_1_399' title='bbox 2632 2613 2889 2660; x_wconf 83' lang='lat' dir='ltr'><strong>statutum</strong></span> <span class='ocrx_word' id='word_1_400' title='bbox 2935 2612 3068 2664; x_wconf 88' lang='lat' dir='ltr'><strong>erat.</strong></span> <span class='ocrx_word' id='word_1_401' title='bbox 3119 2605 3225 2659; x_wconf 90' lang='lat' dir='ltr'><strong>Eos</strong></span> 
     </span>
    </p>
   </div>
   <div class='ocr_carea' id='block_1_54' title="bbox 1703 2694 3228 2771">
    <p class='ocr_par' dir='ltr' id='par_1_54' title="bbox 1703 2694 3228 2771">
     <span class='ocr_line' id='line_1_54' title="bbox 1703 2694 3228 2771; baseline -0.002 -18"><span class='ocrx_word' id='word_1_402' title='bbox 1703 2713 1862 2771; x_wconf 87' lang='lat' dir='ltr'><strong>porro</strong></span> <span class='ocrx_word' id='word_1_403' title='bbox 1889 2697 1983 2768; x_wconf 88' lang='lat' dir='ltr'><strong>qui</strong></span> <span class='ocrx_word' id='word_1_404' title='bbox 2015 2697 2265 2768; x_wconf 68' lang='lat' dir='ltr'><strong>crapulae,</strong></span> <span class='ocrx_word' id='word_1_405' title='bbox 2289 2696 2554 2759; x_wconf 82' lang='lat' dir='ltr'><strong>ebrietati,</strong></span> <span class='ocrx_word' id='word_1_406' title='bbox 2597 2694 2823 2763; x_wconf 90' lang='lat' dir='ltr'><strong>aliisque</strong></span> <span class='ocrx_word' id='word_1_407' title='bbox 2865 2696 3114 2751; x_wconf 90' lang='lat' dir='ltr'><strong>omnibus</strong></span> <span class='ocrx_word' id='word_1_408' title='bbox 3144 2697 3228 2750; x_wconf 83' lang='lat' dir='ltr'><strong>in-</strong></span> 
     </span>
    </p>
   </div>
   <div class='ocr_carea' id='block_1_55' title="bbox 1702 2786 3226 2862">
    <p class='ocr_par' dir='ltr' id='par_1_55' title="bbox 1702 2786 3226 2862">
     <span class='ocr_line' id='line_1_55' title="bbox 1702 2786 3226 2862; baseline -0.002 -17"><span class='ocrx_word' id='word_1_409' title='bbox 1702 2791 1913 2846; x_wconf 86' lang='lat' dir='ltr'><strong>decoris</strong></span> <span class='ocrx_word' id='word_1_410' title='bbox 1960 2791 2125 2862; x_wconf 81' lang='lat' dir='ltr'><strong>gestis</strong></span> <span class='ocrx_word' id='word_1_411' title='bbox 2180 2790 2265 2844; x_wconf 89' lang='lat' dir='ltr'><strong>die</strong></span> <span class='ocrx_word' id='word_1_412' title='bbox 2299 2786 2516 2842; x_wconf 86' lang='lat' dir='ltr'><strong>Sabbati</strong></span> <span class='ocrx_word' id='word_1_413' title='bbox 2562 2802 2620 2841; x_wconf 90' lang='lat' dir='ltr'><strong>se</strong></span> <span class='ocrx_word' id='word_1_414' title='bbox 2673 2787 2893 2850; x_wconf 88' lang='lat' dir='ltr'><strong>dedunt,</strong></span> <span class='ocrx_word' id='word_1_415' title='bbox 2953 2786 3094 2842; x_wconf 89' lang='lat' dir='ltr'><strong>Deus</strong></span> <span class='ocrx_word' id='word_1_416' title='bbox 3132 2803 3226 2857; x_wconf 90' lang='lat' dir='ltr'><strong>per</strong></span> 
     </span>
    </p>
   </div>
   <div class='ocr_carea' id='block_1_56' title="bbox 1704 2876 3228 2952">
    <p class='ocr_par' dir='ltr' id='par_1_56' title="bbox 1704 2876 3228 2952">
     <span class='ocr_line' id='line_1_56' title="bbox 1704 2876 3228 2952; baseline -0.005 -16"><span class='ocrx_word' id='word_1_417' title='bbox 1704 2882 2015 2952; x_wconf 88' lang='lat' dir='ltr'><strong>prophetam</strong></span> <span class='ocrx_word' id='word_1_418' title='bbox 2061 2880 2141 2934; x_wconf 88' lang='lat' dir='ltr'><strong>sic</strong></span> <span class='ocrx_word' id='word_1_419' title='bbox 2183 2893 2370 2950; x_wconf 89' lang='lat' dir='ltr'><strong>aspere</strong></span> <span class='ocrx_word' id='word_1_420' title='bbox 2424 2877 2756 2947; x_wconf 89' lang='lat' dir='ltr'><strong>alloquitur:</strong></span> <span class='ocrx_word' id='word_1_421' title='bbox 2788 2876 2890 2941; x_wconf 78' lang='lat' dir='ltr'><strong>Qui</strong></span> <span class='ocrx_word' id='word_1_422' title='bbox 2929 2879 3228 2948; x_wconf 80' lang='lat' dir='ltr'><strong>contingunt</strong></span> 
     </span>
    </p>
   </div>
   <div class='ocr_carea' id='block_1_57' title="bbox 1702 2965 3226 3039">
    <p class='ocr_par' dir='ltr' id='par_1_57' title="bbox 1702 2965 3226 3039">
     <span class='ocr_line' id='line_1_57' title="bbox 1702 2965 3226 3039; baseline -0.004 -15"><span class='ocrx_word' id='word_1_423' title='bbox 1702 2973 1840 3039; x_wconf 80' lang='lat' dir='ltr'><strong>falsa</strong></span> <span class='ocrx_word' id='word_1_424' title='bbox 1865 2969 2093 3024; x_wconf 82' lang='lat' dir='ltr'><strong>Sabbata</strong></span> <span class='ocrx_word' id='word_1_425' title='bbox 2115 2971 2169 3037; x_wconf 88' lang='grc'><strong>³;</strong></span> <span class='ocrx_word' id='word_1_426' title='bbox 2203 2983 2266 3023; x_wconf 89' lang='lat' dir='ltr'><strong>ac</strong></span> <span class='ocrx_word' id='word_1_427' title='bbox 2293 2980 2530 3031; x_wconf 87' lang='lat' dir='ltr'><strong>rursum,</strong></span> <span class='ocrx_word' id='word_1_428' title='bbox 2564 2965 2875 3020; x_wconf 80' lang='lat' dir='ltr'><strong>Neomenias</strong></span> <span class='ocrx_word' id='word_1_429' title='bbox 2921 2977 3137 3030; x_wconf 79' lang='lat' dir='ltr'><strong>vestras,</strong></span> <span class='ocrx_word' id='word_1_430' title='bbox 3177 2976 3226 3021; x_wconf 87' lang='lat' dir='ltr'><strong>et</strong></span> 
     </span>
    </p>
   </div>
   <div class='ocr_carea' id='block_1_58' title="bbox 1703 3055 3222 3129">
    <p class='ocr_par' dir='ltr' id='par_1_58' title="bbox 1703 3055 3222 3129">
     <span class='ocr_line' id='line_1_58' title="bbox 1703 3055 3222 3129; baseline -0.003 -15"><span class='ocrx_word' id='word_1_431' title='bbox 1703 3061 1920 3114; x_wconf 80' lang='lat' dir='ltr'><strong>sabbata</strong></span> <span class='ocrx_word' id='word_1_432' title='bbox 1943 3068 1991 3113; x_wconf 88' lang='lat' dir='ltr'><strong>el</strong></span> <span class='ocrx_word' id='word_1_433' title='bbox 2012 3060 2146 3125; x_wconf 74' lang='lat' dir='ltr'><strong>diem</strong></span> <span class='ocrx_word' id='word_1_434' title='bbox 2169 3075 2408 3129; x_wconf 84' lang='lat' dir='ltr'><strong>magnam</strong></span> <span class='ocrx_word' id='word_1_435' title='bbox 2437 3075 2538 3112; x_wconf 78' lang='lat' dir='ltr'><strong>non</strong></span> <span class='ocrx_word' id='word_1_436' title='bbox 2559 3057 2668 3127; x_wconf 79' lang='lat' dir='ltr'><strong>fero</strong></span> <span class='ocrx_word' id='word_1_437' title='bbox 2691 3058 2732 3109; x_wconf 72' lang='grc'>⁸.</span> <span class='ocrx_word' id='word_1_438' title='bbox 2763 3055 2938 3124; x_wconf 77' lang='lat' dir='ltr'><strong>Quare</strong></span> <span class='ocrx_word' id='word_1_439' title='bbox 2969 3055 3222 3120; x_wconf 80' lang='lat' dir='ltr'><strong>Verbum,</strong></span> 
     </span>
    </p>
   </div>
   <div class='ocr_carea' id='block_1_59' title="bbox 93 3122 1600 3220">
    <p class='ocr_par' dir='ltr' id='par_1_59' title="bbox 93 3122 1600 3218">
     <span class='ocr_line' id='line_1_59' title="bbox 93 3122 1600 3218; baseline 0.002 -19"><span class='ocrx_word' id='word_1_440' title='bbox 93 3122 265 3202; x_wconf 79' lang='grc' dir='ltr'>πάλιν·</span> <span class='ocrx_word' id='word_1_441' title='bbox 307 3152 414 3217; x_wconf 83' lang='grc' dir='ltr'><strong>Τὰς</strong></span> <span class='ocrx_word' id='word_1_442' title='bbox 442 3122 750 3218; x_wconf 71' lang='grc' dir='ltr'>νεομηνίας</span> <span class='ocrx_word' id='word_1_443' title='bbox 774 3122 937 3218; x_wconf 75' lang='grc' dir='ltr'>ὑμῶν</span> <span class='ocrx_word' id='word_1_444' title='bbox 969 3152 1064 3204; x_wconf 79' lang='grc' dir='ltr'>καὶ</span> <span class='ocrx_word' id='word_1_445' title='bbox 1096 3151 1167 3204; x_wconf 82' lang='grc' dir='ltr'>τὰ</span> <span class='ocrx_word' id='word_1_446' title='bbox 1207 3150 1468 3210; x_wconf 76' lang='grc' dir='ltr'>Σάϐϐατα</span> <span class='ocrx_word' id='word_1_447' title='bbox 1508 3150 1600 3202; x_wconf 77' lang='grc' dir='ltr'>καί</span> 
     </span>
    </p>
   </div>
   <div class='ocr_carea' id='block_1_60' title="bbox 1699 3122 3224 3220">
    <p class='ocr_par' dir='ltr' id='par_1_60' title="bbox 1704 3122 3224 3220">
     <span class='ocr_line' id='line_1_60' title="bbox 1704 3122 3224 3220; baseline -0.002 -16"><span class='ocrx_word' id='word_1_448' title='bbox 1704 3151 1834 3220; x_wconf 87' lang='lat' dir='ltr'><strong>ipsis</strong></span> <span class='ocrx_word' id='word_1_449' title='bbox 1862 3122 2300 3220; x_wconf 75' lang='lat' dir='ltr'><strong>repugnantibus,</strong></span> <span class='ocrx_word' id='word_1_450' title='bbox 2323 3164 2416 3220; x_wconf 88' lang='lat' dir='ltr'><strong>per</strong></span> <span class='ocrx_word' id='word_1_451' title='bbox 2437 3122 2642 3203; x_wconf 76' lang='lat' dir='ltr'><strong>Novum</strong></span> <span class='ocrx_word' id='word_1_452' title='bbox 2672 3122 3068 3201; x_wconf 79' lang='lat' dir='ltr'><strong>Testamentum</strong></span> <span class='ocrx_word' id='word_1_453' title='bbox 3087 3145 3224 3201; x_wconf 75' lang='lat' dir='ltr'><strong>Sab-</strong></span> 
     </span>
    </p>
   </div>
   <div class='ocr_carea' id='block_1_61' title="bbox 92 3237 1600 3312">
    <p class='ocr_par' dir='ltr' id='par_1_61' title="bbox 92 3237 1600 3312">
     <span class='ocr_line' id='line_1_61' title="bbox 92 3237 1600 3312; baseline -0.001 -20"><span class='ocrx_word' id='word_1_454' title='bbox 92 3237 297 3305; x_wconf 73' lang='grc' dir='ltr'>ἡμέραν</span> <span class='ocrx_word' id='word_1_455' title='bbox 315 3240 580 3308; x_wconf 75' lang='grc' dir='ltr'>μεγάλην</span> <span class='ocrx_word' id='word_1_456' title='bbox 607 3242 713 3292; x_wconf 84' lang='grc' dir='ltr'>οὐκ</span> <span class='ocrx_word' id='word_1_457' title='bbox 741 3240 1034 3309; x_wconf 82' lang='grc' dir='ltr'>ἀνέχομαι.</span> <span class='ocrx_word' id='word_1_458' title='bbox 1074 3241 1162 3293; x_wconf 85' lang='grc' dir='ltr'>Διὸ</span> <span class='ocrx_word' id='word_1_459' title='bbox 1192 3241 1254 3312; x_wconf 81' lang='grc' dir='ltr'>δὴ</span> <span class='ocrx_word' id='word_1_460' title='bbox 1285 3238 1600 3311; x_wconf 86' lang='grc' dir='ltr'>παρῃτημέ-</span> 
     </span>
    </p>
   </div>
   <div class='ocr_carea' id='block_1_62' title="bbox 91 3328 1605 3399">
    <p class='ocr_par' dir='ltr' id='par_1_62' title="bbox 91 3328 1605 3399">
     <span class='ocr_line' id='line_1_62' title="bbox 91 3328 1605 3399; baseline 0.001 -20"><span class='ocrx_word' id='word_1_461' title='bbox 91 3343 182 3379; x_wconf 81' lang='grc' dir='ltr'><strong>νων</strong></span> <span class='ocrx_word' id='word_1_462' title='bbox 227 3330 458 3394; x_wconf 76' lang='grc' dir='ltr'>ἐκείνων,</span> <span class='ocrx_word' id='word_1_463' title='bbox 486 3328 570 3381; x_wconf 86' lang='grc' dir='ltr'>διὰ</span> <span class='ocrx_word' id='word_1_464' title='bbox 602 3329 695 3399; x_wconf 84' lang='grc' dir='ltr'><strong>τῆς</strong></span> <span class='ocrx_word' id='word_1_465' title='bbox 726 3330 926 3398; x_wconf 76' lang='grc' dir='ltr'>Καινῆς</span> <span class='ocrx_word' id='word_1_466' title='bbox 955 3329 1221 3399; x_wconf 87' lang='grc' dir='ltr'>Διαθήκης</span> <span class='ocrx_word' id='word_1_467' title='bbox 1250 3330 1417 3397; x_wconf 84' lang='grc' dir='ltr'>Λόγος</span> <span class='ocrx_word' id='word_1_468' title='bbox 1446 3329 1605 3399; x_wconf 86' lang='grc' dir='ltr'>μετή-</span> 
     </span>
    </p>
   </div>
   <div class='ocr_carea' id='block_1_63' title="bbox 90 3415 1604 3488">
    <p class='ocr_par' dir='ltr' id='par_1_63' title="bbox 90 3415 1604 3488">
     <span class='ocr_line' id='line_1_63' title="bbox 90 3415 1604 3488; baseline 0.001 -22"><span class='ocrx_word' id='word_1_469' title='bbox 90 3432 210 3483; x_wconf 87' lang='grc' dir='ltr'>γαγε</span> <span class='ocrx_word' id='word_1_470' title='bbox 237 3419 327 3469; x_wconf 74' lang='grc' dir='ltr'>καὶ</span> <span class='ocrx_word' id='word_1_471' title='bbox 359 3416 695 3487; x_wconf 87' lang='grc' dir='ltr'>μετατέθεικε</span> <span class='ocrx_word' id='word_1_472' title='bbox 739 3418 832 3488; x_wconf 85' lang='grc' dir='ltr'><strong>τὴν</strong></span> <span class='ocrx_word' id='word_1_473' title='bbox 868 3416 960 3468; x_wconf 89' lang='grc' dir='ltr'><strong>τοῦ</strong></span> <span class='ocrx_word' id='word_1_474' title='bbox 994 3417 1259 3469; x_wconf 79' lang='grc' dir='ltr'>Σαϐϐάτου</span> <span class='ocrx_word' id='word_1_475' title='bbox 1289 3415 1475 3486; x_wconf 74' lang='grc' dir='ltr'>ἑορτὴν</span> <span class='ocrx_word' id='word_1_476' title='bbox 1515 3418 1604 3469; x_wconf 77' lang='grc' dir='ltr'>ἐπὶ</span> 
     </span>
    </p>
   </div>
   <div class='ocr_carea' id='block_1_64' title="bbox 90 3507 1606 3578">
    <p class='ocr_par' dir='ltr' id='par_1_64' title="bbox 90 3507 1606 3578">
     <span class='ocr_line' id='line_1_64' title="bbox 90 3507 1606 3578; baseline -0.002 -17"><span class='ocrx_word' id='word_1_477' title='bbox 90 3507 174 3576; x_wconf 78' lang='grc' dir='ltr'>τὴν</span> <span class='ocrx_word' id='word_1_478' title='bbox 199 3509 288 3562; x_wconf 88' lang='grc' dir='ltr'><strong>τοῦ</strong></span> <span class='ocrx_word' id='word_1_479' title='bbox 316 3511 487 3578; x_wconf 82' lang='grc' dir='ltr'>φωτὸς</span> <span class='ocrx_word' id='word_1_480' title='bbox 530 3508 803 3578; x_wconf 79' lang='grc' dir='ltr'>ἀνατολὴν,</span> <span class='ocrx_word' id='word_1_481' title='bbox 842 3510 931 3561; x_wconf 73' lang='grc' dir='ltr'>καὶ</span> <span class='ocrx_word' id='word_1_482' title='bbox 969 3508 1272 3577; x_wconf 88' lang='grc' dir='ltr'>παρέδωκεν</span> <span class='ocrx_word' id='word_1_483' title='bbox 1305 3509 1431 3576; x_wconf 81' lang='grc' dir='ltr'>ἡμῖν</span> <span class='ocrx_word' id='word_1_484' title='bbox 1477 3507 1606 3578; x_wconf 88' lang='grc' dir='ltr'>ἀλη-</span> 
     </span>
    </p>
   </div>
   <div class='ocr_carea' id='block_1_65' title="bbox 91 3595 1603 3667">
    <p class='ocr_par' dir='ltr' id='par_1_65' title="bbox 91 3595 1603 3667">
     <span class='ocr_line' id='line_1_65' title="bbox 91 3595 1603 3667; baseline 0.003 -21"><span class='ocrx_word' id='word_1_485' title='bbox 91 3595 226 3665; x_wconf 84' lang='grc' dir='ltr'>θινῆς</span> <span class='ocrx_word' id='word_1_486' title='bbox 258 3599 604 3659; x_wconf 86' lang='grc' dir='ltr'>ἀναπαύσεως</span> <span class='ocrx_word' id='word_1_487' title='bbox 643 3597 841 3660; x_wconf 80' lang='grc' dir='ltr'>εἰκόνα,</span> <span class='ocrx_word' id='word_1_488' title='bbox 867 3597 962 3665; x_wconf 82' lang='grc' dir='ltr'>τὴν</span> <span class='ocrx_word' id='word_1_489' title='bbox 997 3597 1260 3667; x_wconf 86' lang='grc' dir='ltr'>σωτηρίαν</span> <span class='ocrx_word' id='word_1_490' title='bbox 1289 3598 1380 3650; x_wconf 79' lang='grc' dir='ltr'>καὶ</span> <span class='ocrx_word' id='word_1_491' title='bbox 1400 3599 1603 3667; x_wconf 84' lang='grc' dir='ltr'>Κυρια-</span> 
     </span>
    </p>
   </div>
   <div class='ocr_carea' id='block_1_66' title="bbox 90 3683 1604 3760">
    <p class='ocr_par' dir='ltr' id='par_1_66' title="bbox 90 3683 1604 3760">
     <span class='ocr_line' id='line_1_66' title="bbox 90 3683 1604 3760; baseline 0.009 -33"><span class='ocrx_word' id='word_1_492' title='bbox 90 3683 177 3753; x_wconf 73' lang='grc' dir='ltr'>κὴν</span> <span class='ocrx_word' id='word_1_493' title='bbox 203 3687 290 3738; x_wconf 70' lang='grc' dir='ltr'><strong>καὶ</strong></span> <span class='ocrx_word' id='word_1_494' title='bbox 315 3687 530 3756; x_wconf 82' lang='grc' dir='ltr'>πρώτην</span> <span class='ocrx_word' id='word_1_495' title='bbox 558 3685 648 3738; x_wconf 83' lang='grc' dir='ltr'><strong>τοῦ</strong></span> <span class='ocrx_word' id='word_1_496' title='bbox 677 3687 847 3754; x_wconf 85' lang='grc' dir='ltr'>φωτὸς</span> <span class='ocrx_word' id='word_1_497' title='bbox 874 3687 1098 3756; x_wconf 84' lang='grc' dir='ltr'>ἡμέραν,</span> <span class='ocrx_word' id='word_1_498' title='bbox 1129 3686 1245 3739; x_wconf 84' lang='grc' dir='ltr'>καθ’</span> <span class='ocrx_word' id='word_1_499' title='bbox 1275 3688 1340 3756; x_wconf 77' lang='grc' dir='ltr'>ἡν</span> <span class='ocrx_word' id='word_1_500' title='bbox 1369 3688 1397 3738; x_wconf 88' lang='grc' dir='ltr'><strong>ό</strong></span> <span class='ocrx_word' id='word_1_501' title='bbox 1421 3688 1604 3760; x_wconf 86' lang='grc' dir='ltr'>Σωτὴρ</span> 
     </span>
    </p>
   </div>
   <div class='ocr_carea' id='block_1_67' title="bbox 88 3771 1603 3848">
    <p class='ocr_par' dir='ltr' id='par_1_67' title="bbox 88 3771 1603 3848">
     <span class='ocr_line' id='line_1_67' title="bbox 88 3771 1603 3848; baseline 0.003 -22"><span class='ocrx_word' id='word_1_502' title='bbox 88 3774 170 3827; x_wconf 82' lang='grc' dir='ltr'><strong>τοῦ</strong></span> <span class='ocrx_word' id='word_1_503' title='bbox 207 3771 402 3847; x_wconf 81' lang='grc' dir='ltr'>κόσμου</span> <span class='ocrx_word' id='word_1_504' title='bbox 443 3776 582 3848; x_wconf 78' lang='grc' dir='ltr'><strong>μετά</strong></span> <span class='ocrx_word' id='word_1_505' title='bbox 631 3777 803 3839; x_wconf 84' lang='grc' dir='ltr'>πάσας</span> <span class='ocrx_word' id='word_1_506' title='bbox 857 3776 1017 3829; x_wconf 85' lang='grc' dir='ltr'>αὑτοῦ</span> <span class='ocrx_word' id='word_1_507' title='bbox 1068 3778 1163 3839; x_wconf 85' lang='grc' dir='ltr'>τὰς</span> <span class='ocrx_word' id='word_1_508' title='bbox 1205 3777 1260 3829; x_wconf 75' lang='grc' dir='ltr'>ἐν</span> <span class='ocrx_word' id='word_1_509' title='bbox 1307 3777 1603 3847; x_wconf 87' lang='grc' dir='ltr'>ἀνθρώποις</span> 
     </span>
    </p>
   </div>
   <div class='ocr_carea' id='block_1_68' title="bbox 88 3865 1604 3939">
    <p class='ocr_par' dir='ltr' id='par_1_68' title="bbox 88 3865 1604 3939">
     <span class='ocr_line' id='line_1_68' title="bbox 88 3865 1604 3939; baseline 0.003 -22"><span class='ocrx_word' id='word_1_510' title='bbox 88 3865 316 3935; x_wconf 82' lang='grc' dir='ltr'>πράξεις,</span> <span class='ocrx_word' id='word_1_511' title='bbox 345 3868 438 3938; x_wconf 78' lang='grc' dir='ltr'><strong>τὴν</strong></span> <span class='ocrx_word' id='word_1_512' title='bbox 464 3866 601 3921; x_wconf 85' lang='grc' dir='ltr'><strong>κατά</strong></span> <span class='ocrx_word' id='word_1_513' title='bbox 641 3867 730 3921; x_wconf 86' lang='grc' dir='ltr'><strong>τοῦ</strong></span> <span class='ocrx_word' id='word_1_514' title='bbox 763 3867 979 3921; x_wconf 65' lang='lat' dir='ltr'><strong>(lavo/tat</strong></span> <span class='ocrx_word' id='word_1_515' title='bbox 1014 3867 1166 3939; x_wconf 84' lang='grc' dir='ltr'>νίκην</span> <span class='ocrx_word' id='word_1_516' title='bbox 1194 3868 1481 3938; x_wconf 79' lang='grc' dir='ltr'>ἀράμενος,</span> <span class='ocrx_word' id='word_1_517' title='bbox 1509 3869 1604 3932; x_wconf 84' lang='grc' dir='ltr'><strong>τὰς</strong></span> 
     </span>
    </p>
   </div>
   <div class='ocr_carea' id='block_1_69' title="bbox 87 3954 1602 4027">
    <p class='ocr_par' dir='ltr' id='par_1_69' title="bbox 87 3954 1602 4027">
     <span class='ocr_line' id='line_1_69' title="bbox 87 3954 1602 4027; baseline 0.004 -24"><span class='ocrx_word' id='word_1_518' title='bbox 87 3954 345 4022; x_wconf 75' lang='grc' dir='ltr'>οὐρανίους</span> <span class='ocrx_word' id='word_1_519' title='bbox 401 3955 569 4017; x_wconf 83' lang='grc' dir='ltr'>πύλας</span> <span class='ocrx_word' id='word_1_520' title='bbox 612 3956 955 4026; x_wconf 81' lang='grc' dir='ltr'>ὑπερέϐαινεν</span> <span class='ocrx_word' id='word_1_521' title='bbox 996 3957 1133 4025; x_wconf 83' lang='grc' dir='ltr'>ὑπὲρ</span> <span class='ocrx_word' id='word_1_522' title='bbox 1172 3957 1268 4025; x_wconf 83' lang='grc' dir='ltr'>τὴν</span> <span class='ocrx_word' id='word_1_523' title='bbox 1312 3956 1602 4027; x_wconf 80' lang='grc' dir='ltr'>ἐξαήμερον</span> 
     </span>
    </p>
   </div>
   <div class='ocr_carea' id='block_1_70' title="bbox 86 4045 1604 4116">
    <p class='ocr_par' dir='ltr' id='par_1_70' title="bbox 86 4045 1604 4116">
     <span class='ocr_line' id='line_1_70' title="bbox 86 4045 1604 4116; baseline 0.007 -24"><span class='ocrx_word' id='word_1_524' title='bbox 86 4046 416 4112; x_wconf 79' lang='grc' dir='ltr'>κοσμοποιίαν</span> <span class='ocrx_word' id='word_1_525' title='bbox 458 4047 783 4116; x_wconf 81' lang='grc' dir='ltr'>γιγνόμενος,</span> <span class='ocrx_word' id='word_1_526' title='bbox 817 4047 875 4098; x_wconf 87' lang='grc' dir='ltr'><strong>τό</strong></span> <span class='ocrx_word' id='word_1_527' title='bbox 911 4063 968 4098; x_wconf 87' lang='grc' dir='ltr'><strong>τε</strong></span> <span class='ocrx_word' id='word_1_528' title='bbox 1011 4045 1297 4114; x_wconf 81' lang='grc' dir='ltr'>θεοπρεπὲς</span> <span class='ocrx_word' id='word_1_529' title='bbox 1337 4048 1604 4102; x_wconf 76' lang='grc' dir='ltr'>Σάϐϐατον</span> 
     </span>
    </p>
   </div>
   <div class='ocr_carea' id='block_1_71' title="bbox 86 4132 1599 4206">
    <p class='ocr_par' dir='ltr' id='par_1_71' title="bbox 86 4132 1599 4206">
     <span class='ocr_line' id='line_1_71' title="bbox 86 4132 1599 4206; baseline 0.004 -23"><span class='ocrx_word' id='word_1_530' title='bbox 86 4132 169 4183; x_wconf 74' lang='grc' dir='ltr'>καὶ</span> <span class='ocrx_word' id='word_1_531' title='bbox 198 4135 292 4203; x_wconf 86' lang='grc' dir='ltr'><strong>τὴν</strong></span> <span class='ocrx_word' id='word_1_532' title='bbox 317 4138 708 4206; x_wconf 86' lang='grc' dir='ltr'>τρισμακαρίαν</span> <span class='ocrx_word' id='word_1_533' title='bbox 750 4138 1044 4189; x_wconf 81' lang='grc' dir='ltr'>ἀνάπαυσιν</span> <span class='ocrx_word' id='word_1_534' title='bbox 1076 4135 1479 4204; x_wconf 76' lang='grc' dir='ltr'>ὑπολαμϐάνων,</span> <span class='ocrx_word' id='word_1_535' title='bbox 1509 4137 1599 4189; x_wconf 84' lang='grc' dir='ltr'><strong>τοῦ</strong></span> 
     </span>
    </p>
   </div>
   <div class='ocr_carea' id='block_1_72' title="bbox 87 4220 1600 4292">
    <p class='ocr_par' dir='ltr' id='par_1_72' title="bbox 87 4220 1600 4292">
     <span class='ocr_line' id='line_1_72' title="bbox 87 4220 1600 4292; baseline 0.005 -22"><span class='ocrx_word' id='word_1_536' title='bbox 87 4220 283 4289; x_wconf 82' lang='grc' dir='ltr'>Πατρὺς</span> <span class='ocrx_word' id='word_1_537' title='bbox 333 4223 603 4292; x_wconf 72' lang='grc' dir='ltr'>εἰρηκότος</span> <span class='ocrx_word' id='word_1_538' title='bbox 648 4223 822 4292; x_wconf 75' lang='grc' dir='ltr'>αὐτῷ·</span> <span class='ocrx_word' id='word_1_539' title='bbox 878 4222 1067 4277; x_wconf 79' lang='grc' dir='ltr'>Κάθου</span> <span class='ocrx_word' id='word_1_540' title='bbox 1107 4225 1173 4276; x_wconf 82' lang='grc' dir='ltr'>ὲκ</span> <span class='ocrx_word' id='word_1_541' title='bbox 1212 4223 1418 4287; x_wconf 75' lang='grc' dir='ltr'>δεξιῶν</span> <span class='ocrx_word' id='word_1_542' title='bbox 1463 4243 1600 4292; x_wconf 86' lang='grc' dir='ltr'>μου,</span> 
     </span>
    </p>
   </div>
   <div class='ocr_carea' id='block_1_73' title="bbox 85 4309 1600 4379">
    <p class='ocr_par' dir='ltr' id='par_1_73' title="bbox 85 4309 1600 4379">
     <span class='ocr_line' id='line_1_73' title="bbox 85 4309 1600 4379; baseline 0.005 -19"><span class='ocrx_word' id='word_1_543' title='bbox 85 4309 181 4374; x_wconf 82' lang='grc' dir='ltr'>ἕως</span> <span class='ocrx_word' id='word_1_544' title='bbox 209 4310 283 4362; x_wconf 83' lang='grc' dir='ltr'>ἂν</span> <span class='ocrx_word' id='word_1_545' title='bbox 307 4310 382 4363; x_wconf 86' lang='grc' dir='ltr'><strong>θῶ</strong></span> <span class='ocrx_word' id='word_1_546' title='bbox 419 4312 554 4376; x_wconf 88' lang='grc' dir='ltr'>τοὺς</span> <span class='ocrx_word' id='word_1_547' title='bbox 585 4313 824 4379; x_wconf 83' lang='grc' dir='ltr'>ἐχθρούς</span> <span class='ocrx_word' id='word_1_548' title='bbox 856 4330 966 4366; x_wconf 89' lang='grc' dir='ltr'><strong>σου</strong></span> <span class='ocrx_word' id='word_1_549' title='bbox 998 4313 1324 4367; x_wconf 78' lang='grc' dir='ltr'>ὑποπόδιον</span> <span class='ocrx_word' id='word_1_550' title='bbox 1354 4315 1466 4368; x_wconf 79' lang='grc' dir='ltr'><strong>τῶν</strong></span> <span class='ocrx_word' id='word_1_551' title='bbox 1497 4332 1600 4368; x_wconf 86' lang='grc' dir='ltr'>πο-</span> 
     </span>
    </p>
   </div>
   <div class='ocr_carea' id='block_1_74' title="bbox 1701 3240 3227 3310">
    <p class='ocr_par' dir='ltr' id='par_1_74' title="bbox 1701 3240 3227 3310">
     <span class='ocr_line' id='line_1_74' title="bbox 1701 3240 3227 3310; baseline 0.001 -16"><span class='ocrx_word' id='word_1_552' title='bbox 1701 3241 1814 3294; x_wconf 90' lang='lat' dir='ltr'><strong>bati</strong></span> <span class='ocrx_word' id='word_1_553' title='bbox 1842 3240 2030 3295; x_wconf 82' lang='lat' dir='ltr'><strong>festum</strong></span> <span class='ocrx_word' id='word_1_554' title='bbox 2055 3240 2109 3294; x_wconf 90' lang='lat' dir='ltr'><strong>in</strong></span> <span class='ocrx_word' id='word_1_555' title='bbox 2137 3241 2273 3296; x_wconf 90' lang='lat' dir='ltr'><strong>lucis</strong></span> <span class='ocrx_word' id='word_1_556' title='bbox 2312 3247 2485 3294; x_wconf 92' lang='lat' dir='ltr'><strong>ortum</strong></span> <span class='ocrx_word' id='word_1_557' title='bbox 2517 3241 2808 3303; x_wconf 89' lang='lat' dir='ltr'><strong>transtulit,</strong></span> <span class='ocrx_word' id='word_1_558' title='bbox 2841 3241 3104 3310; x_wconf 89' lang='lat' dir='ltr'><strong>nobisque</strong></span> <span class='ocrx_word' id='word_1_559' title='bbox 3135 3256 3227 3295; x_wconf 83' lang='lat' dir='ltr'><strong>ve-</strong></span> 
     </span>
    </p>
   </div>
   <div class='ocr_carea' id='block_1_75' title="bbox 1700 3331 3224 3402">
    <p class='ocr_par' dir='ltr' id='par_1_75' title="bbox 1700 3331 3224 3402">
     <span class='ocr_line' id='line_1_75' title="bbox 1700 3331 3224 3402; baseline -0.002 -16"><span class='ocrx_word' id='word_1_560' title='bbox 1700 3347 1774 3386; x_wconf 63' lang='lat' dir='ltr'><strong>rat</strong></span> <span class='ocrx_word' id='word_1_561' title='bbox 1823 3332 2024 3402; x_wconf 87' lang='lat' dir='ltr'><strong>requiei</strong></span> <span class='ocrx_word' id='word_1_562' title='bbox 2076 3331 2358 3402; x_wconf 80' lang='lat' dir='ltr'><strong>imaginem</strong></span> <span class='ocrx_word' id='word_1_563' title='bbox 2399 3331 2652 3395; x_wconf 88' lang='lat' dir='ltr'><strong>tradidit,</strong></span> <span class='ocrx_word' id='word_1_564' title='bbox 2706 3331 2992 3385; x_wconf 87' lang='lat' dir='ltr'><strong>salutarem</strong></span> <span class='ocrx_word' id='word_1_565' title='bbox 3033 3345 3224 3399; x_wconf 87' lang='lat' dir='ltr'><strong>nempe</strong></span> 
     </span>
    </p>
   </div>
   <div class='ocr_carea' id='block_1_76' title="bbox 1701 3419 3226 3491">
    <p class='ocr_par' dir='ltr' id='par_1_76' title="bbox 1701 3419 3226 3491">
     <span class='ocr_line' id='line_1_76' title="bbox 1701 3419 3226 3491; baseline 0 -17"><span class='ocrx_word' id='word_1_566' title='bbox 1701 3421 2052 3485; x_wconf 79' lang='lat' dir='ltr'><strong>Dominicam,</strong></span> <span class='ocrx_word' id='word_1_567' title='bbox 2099 3432 2151 3476; x_wconf 88' lang='lat' dir='ltr'><strong>et</strong></span> <span class='ocrx_word' id='word_1_568' title='bbox 2190 3422 2414 3491; x_wconf 89' lang='lat' dir='ltr'><strong>primam</strong></span> <span class='ocrx_word' id='word_1_569' title='bbox 2462 3421 2599 3476; x_wconf 90' lang='lat' dir='ltr'><strong>lucis</strong></span> <span class='ocrx_word' id='word_1_570' title='bbox 2634 3420 2796 3484; x_wconf 89' lang='lat' dir='ltr'><strong>diem,</strong></span> <span class='ocrx_word' id='word_1_571' title='bbox 2833 3436 2940 3491; x_wconf 89' lang='lat' dir='ltr'><strong>qua</strong></span> <span class='ocrx_word' id='word_1_572' title='bbox 2983 3419 3226 3474; x_wconf 87' lang='lat' dir='ltr'><strong>Salvator</strong></span> 
     </span>
    </p>
   </div>
   <div class='ocr_carea' id='block_1_77' title="bbox 1700 3511 3220 3582">
    <p class='ocr_par' dir='ltr' id='par_1_77' title="bbox 1700 3511 3220 3582">
     <span class='ocr_line' id='line_1_77' title="bbox 1700 3511 3220 3582; baseline -0.001 -16"><span class='ocrx_word' id='word_1_573' title='bbox 1700 3513 1885 3567; x_wconf 87' lang='lat' dir='ltr'><strong>mundi</strong></span> <span class='ocrx_word' id='word_1_574' title='bbox 1920 3521 2042 3582; x_wconf 84' lang='lat' dir='ltr'><strong>post</strong></span> <span class='ocrx_word' id='word_1_575' title='bbox 2082 3512 2259 3565; x_wconf 89' lang='lat' dir='ltr'><strong>omnia</strong></span> <span class='ocrx_word' id='word_1_576' title='bbox 2290 3526 2387 3566; x_wconf 92' lang='lat' dir='ltr'><strong>sua</strong></span> <span class='ocrx_word' id='word_1_577' title='bbox 2431 3511 2487 3565; x_wconf 91' lang='lat' dir='ltr'><strong>in</strong></span> <span class='ocrx_word' id='word_1_578' title='bbox 2527 3512 2833 3566; x_wconf 89' lang='lat' dir='ltr'><strong>hominibus</strong></span> <span class='ocrx_word' id='word_1_579' title='bbox 2863 3511 3003 3565; x_wconf 91' lang='lat' dir='ltr'><strong>edita</strong></span> <span class='ocrx_word' id='word_1_580' title='bbox 3034 3527 3220 3579; x_wconf 84' lang='lat' dir='ltr'><strong>opera,</strong></span> 
     </span>
    </p>
   </div>
   <div class='ocr_carea' id='block_1_78' title="bbox 1701 3600 3225 3670">
    <p class='ocr_par' dir='ltr' id='par_1_78' title="bbox 1701 3600 3225 3670">
     <span class='ocr_line' id='line_1_78' title="bbox 1701 3600 3225 3670; baseline -0.001 -15"><span class='ocrx_word' id='word_1_581' title='bbox 1701 3601 1926 3655; x_wconf 81' lang='lat' dir='ltr'><strong>victoria</strong></span> <span class='ocrx_word' id='word_1_582' title='bbox 1955 3600 2020 3654; x_wconf 92' lang='lat' dir='ltr'><strong>de</strong></span> <span class='ocrx_word' id='word_1_583' title='bbox 2051 3608 2223 3655; x_wconf 86' lang='lat' dir='ltr'><strong>morte</strong></span> <span class='ocrx_word' id='word_1_584' title='bbox 2251 3607 2540 3670; x_wconf 83' lang='lat' dir='ltr'><strong>reportata,</strong></span> <span class='ocrx_word' id='word_1_585' title='bbox 2571 3601 2817 3655; x_wconf 78' lang='lat' dir='ltr'><strong>caelestes</strong></span> <span class='ocrx_word' id='word_1_586' title='bbox 2835 3609 3015 3669; x_wconf 87' lang='lat' dir='ltr'><strong>portas</strong></span> <span class='ocrx_word' id='word_1_587' title='bbox 3048 3608 3225 3654; x_wconf 89' lang='lat' dir='ltr'><strong>trans-</strong></span> 
     </span>
    </p>
   </div>
   <div class='ocr_carea' id='block_1_79' title="bbox 1701 3689 3225 3764">
    <p class='ocr_par' dir='ltr' id='par_1_79' title="bbox 1701 3689 3225 3764">
     <span class='ocr_line' id='line_1_79' title="bbox 1701 3689 3225 3764; baseline -0.001 -21"><span class='ocrx_word' id='word_1_588' title='bbox 1701 3705 1941 3761; x_wconf 84' lang='lat' dir='ltr'><strong>gressus,</strong></span> <span class='ocrx_word' id='word_1_589' title='bbox 1974 3705 2067 3745; x_wconf 80' lang='lat' dir='ltr'><strong>sex</strong></span> <span class='ocrx_word' id='word_1_590' title='bbox 2117 3689 2323 3744; x_wconf 89' lang='lat' dir='ltr'><strong>dierum</strong></span> <span class='ocrx_word' id='word_1_591' title='bbox 2366 3690 2633 3758; x_wconf 80' lang='lat' dir='ltr'><strong>opiﬁcium</strong></span> <span class='ocrx_word' id='word_1_592' title='bbox 2676 3690 3040 3764; x_wconf 77' lang='lat' dir='ltr'><strong>transcendit,</strong></span> <span class='ocrx_word' id='word_1_593' title='bbox 3077 3698 3225 3742; x_wconf 87' lang='lat' dir='ltr'><strong>tunc-</strong></span> 
     </span>
    </p>
   </div>
   <div class='ocr_carea' id='block_1_80' title="bbox 1699 3769 3334 3841">
    <p class='ocr_par' dir='ltr' id='par_1_80' title="bbox 1699 3769 3334 3841">
     <span class='ocr_line' id='line_1_80' title="bbox 1699 3769 3334 3841; baseline -0.002 -15"><span class='ocrx_word' id='word_1_594' title='bbox 1699 3788 1802 3841; x_wconf 91' lang='lat' dir='ltr'><strong>que</strong></span> <span class='ocrx_word' id='word_1_595' title='bbox 1835 3771 1942 3826; x_wconf 91' lang='lat' dir='ltr'><strong>Deo</strong></span> <span class='ocrx_word' id='word_1_596' title='bbox 1978 3772 2276 3826; x_wconf 90' lang='lat' dir='ltr'><strong>condecens</strong></span> <span class='ocrx_word' id='word_1_597' title='bbox 2320 3769 2605 3825; x_wconf 90' lang='lat' dir='ltr'><strong>Sabbatum</strong></span> <span class='ocrx_word' id='word_1_598' title='bbox 2641 3780 2694 3825; x_wconf 89' lang='lat' dir='ltr'><strong>et</strong></span> <span class='ocrx_word' id='word_1_599' title='bbox 2723 3771 3085 3825; x_wconf 88' lang='lat' dir='ltr'><strong>beatissimam</strong></span> <span class='ocrx_word' id='word_1_600' title='bbox 3126 3785 3220 3832; x_wconf 32' lang='lat' dir='ltr'><strong>,re-</strong></span> <span class='ocrx_word' id='word_1_601' title='bbox 3329 3824 3334 3832; x_wconf 62' lang='grc'><strong>,</strong></span> 
     </span>
    </p>
   </div>
   <div class='ocr_carea' id='block_1_81' title="bbox 1699 3858 3216 3930">
    <p class='ocr_par' dir='ltr' id='par_1_81' title="bbox 1699 3858 3216 3930">
     <span class='ocr_line' id='line_1_81' title="bbox 1699 3858 3216 3930; baseline -0.001 -17"><span class='ocrx_word' id='word_1_602' title='bbox 1699 3859 1874 3930; x_wconf 87' lang='lat' dir='ltr'><strong>quiem</strong></span> <span class='ocrx_word' id='word_1_603' title='bbox 1901 3862 2127 3928; x_wconf 83' lang='lat' dir='ltr'><strong>accepit,</strong></span> <span class='ocrx_word' id='word_1_604' title='bbox 2167 3861 2375 3914; x_wconf 85' lang='lat' dir='ltr'><strong>dicente</strong></span> <span class='ocrx_word' id='word_1_605' title='bbox 2404 3859 2580 3922; x_wconf 80' lang='lat' dir='ltr'><strong>Patre,</strong></span> <span class='ocrx_word' id='word_1_606' title='bbox 2614 3858 2742 3912; x_wconf 80' lang='lat' dir='ltr'><strong>Sede</strong></span> <span class='ocrx_word' id='word_1_607' title='bbox 2777 3875 2807 3910; x_wconf 92' lang='lat' dir='ltr'><strong>a</strong></span> <span class='ocrx_word' id='word_1_608' title='bbox 2839 3859 3032 3912; x_wconf 74' lang='lat' dir='ltr'><strong>dextris</strong></span> <span class='ocrx_word' id='word_1_609' title='bbox 3071 3860 3216 3921; x_wconf 76' lang='lat' dir='ltr'><strong>meis,</strong></span> 
     </span>
    </p>
   </div>
   <div class='ocr_carea' id='block_1_82' title="bbox 1699 3946 3221 4018">
    <p class='ocr_par' dir='ltr' id='par_1_82' title="bbox 1699 3946 3221 4018">
     <span class='ocr_line' id='line_1_82' title="bbox 1699 3946 3221 4018; baseline -0.001 -15"><span class='ocrx_word' id='word_1_610' title='bbox 1699 3946 2088 4017; x_wconf 45' lang='lat' dir='ltr'><strong>donec&#39;ponam</strong></span> <span class='ocrx_word' id='word_1_611' title='bbox 2129 3950 2362 4002; x_wconf 78' lang='lat' dir='ltr'><strong>inimicos</strong></span> <span class='ocrx_word' id='word_1_612' title='bbox 2404 3958 2517 4002; x_wconf 70' lang='lat' dir='ltr'><strong>tuo:</strong></span> <span class='ocrx_word' id='word_1_613' title='bbox 2558 3948 2834 4002; x_wconf 76' lang='lat' dir='ltr'><strong>scabellum</strong></span> <span class='ocrx_word' id='word_1_614' title='bbox 2877 3950 3059 4018; x_wconf 79' lang='lat' dir='ltr'><strong>pedum</strong></span> <span class='ocrx_word' id='word_1_615' title='bbox 3106 3959 3221 4002; x_wconf 85' lang='lat' dir='ltr'><strong>tuo-</strong></span> 
     </span>
    </p>
   </div>
   <div class='ocr_carea' id='block_1_83' title="bbox 1699 4039 3223 4107">
    <p class='ocr_par' dir='ltr' id='par_1_83' title="bbox 1699 4039 3223 4107">
     <span class='ocr_line' id='line_1_83' title="bbox 1699 4039 3223 4107; baseline 0.002 -15"><span class='ocrx_word' id='word_1_616' title='bbox 1699 4056 1816 4093; x_wconf 83' lang='lat' dir='ltr'><strong>rum</strong></span> <span class='ocrx_word' id='word_1_617' title='bbox 1838 4039 1878 4093; x_wconf 82' lang='grc'>³.</span> <span class='ocrx_word' id='word_1_618' title='bbox 1923 4039 1998 4092; x_wconf 87' lang='lat' dir='ltr'><strong>Ea</strong></span> <span class='ocrx_word' id='word_1_619' title='bbox 2035 4041 2141 4102; x_wconf 91' lang='lat' dir='ltr'><strong>die,</strong></span> <span class='ocrx_word' id='word_1_620' title='bbox 2191 4054 2310 4107; x_wconf 71' lang='lat' dir='ltr'><strong>qua:</strong></span> <span class='ocrx_word' id='word_1_621' title='bbox 2341 4053 2477 4094; x_wconf 78' lang='lat' dir='ltr'><strong>verae</strong></span> <span class='ocrx_word' id='word_1_622' title='bbox 2520 4040 2654 4094; x_wconf 89' lang='lat' dir='ltr'><strong>lucis</strong></span> <span class='ocrx_word' id='word_1_623' title='bbox 2693 4047 2746 4093; x_wconf 88' lang='lat' dir='ltr'><strong>et</strong></span> <span class='ocrx_word' id='word_1_624' title='bbox 2790 4041 2901 4094; x_wconf 89' lang='lat' dir='ltr'><strong>veri</strong></span> <span class='ocrx_word' id='word_1_625' title='bbox 2946 4042 3074 4095; x_wconf 92' lang='lat' dir='ltr'><strong>solis</strong></span> <span class='ocrx_word' id='word_1_626' title='bbox 3108 4041 3223 4095; x_wconf 90' lang='lat' dir='ltr'><strong>dies</strong></span> 
     </span>
    </p>
   </div>
   <div class='ocr_carea' id='block_1_84' title="bbox 1699 4129 3219 4199">
    <p class='ocr_par' dir='ltr' id='par_1_84' title="bbox 1699 4129 3219 4199">
     <span class='ocr_line' id='line_1_84' title="bbox 1699 4129 3219 4199; baseline 0 -15"><span class='ocrx_word' id='word_1_627' title='bbox 1699 4139 1799 4195; x_wconf 85' lang='lat' dir='ltr'><strong>est,</strong></span> <span class='ocrx_word' id='word_1_628' title='bbox 1840 4144 1938 4184; x_wconf 89' lang='lat' dir='ltr'><strong>nos</strong></span> <span class='ocrx_word' id='word_1_629' title='bbox 1976 4129 2076 4198; x_wconf 88' lang='lat' dir='ltr'><strong>ipsi</strong></span> <span class='ocrx_word' id='word_1_630' title='bbox 2123 4131 2449 4199; x_wconf 86' lang='lat' dir='ltr'><strong>congregati,</strong></span> <span class='ocrx_word' id='word_1_631' title='bbox 2494 4145 2586 4185; x_wconf 83' lang='lat' dir='ltr'><strong>sex</strong></span> <span class='ocrx_word' id='word_1_632' title='bbox 2632 4131 2820 4184; x_wconf 82' lang='lat' dir='ltr'><strong>diebus</strong></span> <span class='ocrx_word' id='word_1_633' title='bbox 2871 4131 3219 4198; x_wconf 82' lang='lat' dir='ltr'><strong>interpositis,</strong></span> 
     </span>
    </p>
   </div>
   <div class='ocr_carea' id='block_1_85' title="bbox 1701 4218 3220 4287">
    <p class='ocr_par' dir='ltr' id='par_1_85' title="bbox 1701 4218 3220 4287">
     <span class='ocr_line' id='line_1_85' title="bbox 1701 4218 3220 4287; baseline -0.001 -15"><span class='ocrx_word' id='word_1_634' title='bbox 1701 4226 1882 4272; x_wconf 86' lang='lat' dir='ltr'><strong>sancta</strong></span> <span class='ocrx_word' id='word_1_635' title='bbox 1911 4226 1962 4273; x_wconf 91' lang='lat' dir='ltr'><strong>et</strong></span> <span class='ocrx_word' id='word_1_636' title='bbox 1991 4218 2285 4287; x_wconf 89' lang='lat' dir='ltr'><strong>spiritualia</strong></span> <span class='ocrx_word' id='word_1_637' title='bbox 2319 4218 2544 4274; x_wconf 86' lang='lat' dir='ltr'><strong>Sabbata</strong></span> <span class='ocrx_word' id='word_1_638' title='bbox 2577 4220 2924 4273; x_wconf 87' lang='lat' dir='ltr'><strong>celebrantes.</strong></span> <span class='ocrx_word' id='word_1_639' title='bbox 2965 4227 3220 4286; x_wconf 82' lang='lat' dir='ltr'><strong>quotquot</strong></span> 
     </span>
    </p>
   </div>
   <div class='ocr_carea' id='block_1_86' title="bbox 1699 4309 3220 4378">
    <p class='ocr_par' dir='ltr' id='par_1_86' title="bbox 1699 4309 3220 4378">
     <span class='ocr_line' id='line_1_86' title="bbox 1699 4309 3220 4378; baseline -0.001 -16"><span class='ocrx_word' id='word_1_640' title='bbox 1699 4323 1764 4362; x_wconf 82' lang='lat' dir='ltr'><strong>ex</strong></span> <span class='ocrx_word' id='word_1_641' title='bbox 1793 4309 2038 4378; x_wconf 74' lang='lat' dir='ltr'><strong>gentibus</strong></span> <span class='ocrx_word' id='word_1_642' title='bbox 2068 4309 2122 4361; x_wconf 92' lang='lat' dir='ltr'><strong>in</strong></span> <span class='ocrx_word' id='word_1_643' title='bbox 2159 4309 2286 4363; x_wconf 89' lang='lat' dir='ltr'><strong>orbe</strong></span> <span class='ocrx_word' id='word_1_644' title='bbox 2331 4318 2440 4362; x_wconf 92' lang='lat' dir='ltr'><strong>loto</strong></span> <span class='ocrx_word' id='word_1_645' title='bbox 2479 4325 2572 4378; x_wconf 89' lang='lat' dir='ltr'><strong>per</strong></span> <span class='ocrx_word' id='word_1_646' title='bbox 2615 4323 2734 4362; x_wconf 89' lang='lat' dir='ltr'><strong>eum</strong></span> <span class='ocrx_word' id='word_1_647' title='bbox 2773 4309 2979 4361; x_wconf 84' lang='lat' dir='ltr'><strong>liberati</strong></span> <span class='ocrx_word' id='word_1_648' title='bbox 3012 4324 3220 4370; x_wconf 89' lang='lat' dir='ltr'><strong>sumus,</strong></span> 
     </span>
    </p>
   </div>
   <div class='ocr_carea' id='block_1_87' title="bbox 85 4396 1600 4484">
    <p class='ocr_par' dir='ltr' id='par_1_87' title="bbox 85 4396 1598 4475">
     <span class='ocr_line' id='line_1_87' title="bbox 85 4396 1598 4475; baseline 0.005 -25"><span class='ocrx_word' id='word_1_649' title='bbox 85 4397 193 4449; x_wconf 74' lang='grc' dir='ltr'><strong>δῶν</strong></span> <span class='ocrx_word' id='word_1_650' title='bbox 226 4413 356 4452; x_wconf 82' lang='grc' dir='ltr'>σου.</span> <span class='ocrx_word' id='word_1_651' title='bbox 397 4402 482 4453; x_wconf 91' lang='grc' dir='ltr'>Ἐν</span> <span class='ocrx_word' id='word_1_652' title='bbox 519 4396 571 4473; x_wconf 83' lang='grc' dir='ltr'>ᾖ,</span> <span class='ocrx_word' id='word_1_653' title='bbox 625 4403 794 4469; x_wconf 80' lang='grc' dir='ltr'>φωτὸς</span> <span class='ocrx_word' id='word_1_654' title='bbox 843 4402 970 4472; x_wconf 82' lang='grc' dir='ltr'>οῦσῃ</span> <span class='ocrx_word' id='word_1_655' title='bbox 1022 4405 1114 4455; x_wconf 73' lang='grc' dir='ltr'><strong>καὶ</strong></span> <span class='ocrx_word' id='word_1_656' title='bbox 1148 4403 1333 4475; x_wconf 71' lang='grc' dir='ltr'>πρώτῃ</span> <span class='ocrx_word' id='word_1_657' title='bbox 1378 4407 1468 4457; x_wconf 79' lang='grc' dir='ltr'><strong>καὶ</strong></span> <span class='ocrx_word' id='word_1_658' title='bbox 1509 4405 1598 4458; x_wconf 88' lang='grc' dir='ltr'><strong>τοῦ</strong></span> 
     </span>
    </p>
   </div>
   <div class='ocr_carea' id='block_1_88' title="bbox 1699 4396 3213 4484">
    <p class='ocr_par' dir='ltr' id='par_1_88' title="bbox 1700 4397 3213 4466">
     <span class='ocr_line' id='line_1_88' title="bbox 1700 4397 3213 4466; baseline -0.001 -15"><span class='ocrx_word' id='word_1_659' title='bbox 1700 4414 1816 4466; x_wconf 76' lang='lat' dir='ltr'><strong>quae</strong></span> <span class='ocrx_word' id='word_1_660' title='bbox 1846 4397 2149 4452; x_wconf 87' lang='lat' dir='ltr'><strong>sacerdotes</strong></span> <span class='ocrx_word' id='word_1_661' title='bbox 2179 4399 2234 4452; x_wconf 89' lang='lat' dir='ltr'><strong>in</strong></span> <span class='ocrx_word' id='word_1_662' title='bbox 2268 4398 2353 4452; x_wconf 90' lang='lat' dir='ltr'><strong>die</strong></span> <span class='ocrx_word' id='word_1_663' title='bbox 2395 4397 2608 4450; x_wconf 90' lang='lat' dir='ltr'><strong>Sabbati</strong></span> <span class='ocrx_word' id='word_1_664' title='bbox 2639 4411 2794 4465; x_wconf 86' lang='lat' dir='ltr'><strong>agere</strong></span> <span class='ocrx_word' id='word_1_665' title='bbox 2831 4397 2885 4449; x_wconf 92' lang='lat' dir='ltr'><strong>in</strong></span> <span class='ocrx_word' id='word_1_666' title='bbox 2918 4397 3026 4464; x_wconf 84' lang='lat' dir='ltr'><strong>lege</strong></span> <span class='ocrx_word' id='word_1_667' title='bbox 3052 4405 3213 4451; x_wconf 86' lang='lat' dir='ltr'><strong>statu-</strong></span> 
     </span>
    </p>
   </div>
   <div class='ocr_carea' id='block_1_89' title="bbox 85 4485 1600 4564">
    <p class='ocr_par' dir='ltr' id='par_1_89' title="bbox 85 4485 1600 4564">
     <span class='ocr_line' id='line_1_89' title="bbox 85 4485 1600 4564; baseline 0.006 -26"><span class='ocrx_word' id='word_1_668' title='bbox 85 4485 301 4554; x_wconf 83' lang='grc' dir='ltr'>ἀληθοῦς</span> <span class='ocrx_word' id='word_1_669' title='bbox 323 4489 471 4556; x_wconf 85' lang='grc' dir='ltr'>ἡλίου</span> <span class='ocrx_word' id='word_1_670' title='bbox 510 4490 705 4559; x_wconf 80' lang='grc' dir='ltr'>ἡμέρᾳ,</span> <span class='ocrx_word' id='word_1_671' title='bbox 743 4492 834 4542; x_wconf 76' lang='grc' dir='ltr'><strong>καὶ</strong></span> <span class='ocrx_word' id='word_1_672' title='bbox 863 4492 1019 4560; x_wconf 83' lang='grc' dir='ltr'>ἡμεῖς</span> <span class='ocrx_word' id='word_1_673' title='bbox 1046 4493 1192 4544; x_wconf 78' lang='grc' dir='ltr'>αὐτοὶ</span> <span class='ocrx_word' id='word_1_674' title='bbox 1231 4495 1600 4564; x_wconf 85' lang='grc' dir='ltr'>συνερχόμενοι</span> 
     </span>
    </p>
   </div>
   <div class='ocr_carea' id='block_1_90' title="bbox 85 4573 1599 4650">
    <p class='ocr_par' dir='ltr' id='par_1_90' title="bbox 85 4573 1599 4650">
     <span class='ocr_line' id='line_1_90' title="bbox 85 4573 1599 4650; baseline 0.005 -24"><span class='ocrx_word' id='word_1_675' title='bbox 85 4573 162 4627; x_wconf 80' lang='grc' dir='ltr'>διὰ</span> <span class='ocrx_word' id='word_1_676' title='bbox 191 4576 350 4644; x_wconf 85' lang='grc' dir='ltr'>μέσου</span> <span class='ocrx_word' id='word_1_677' title='bbox 379 4576 438 4638; x_wconf 81' lang='grc' dir='ltr'>ἓξ</span> <span class='ocrx_word' id='word_1_678' title='bbox 459 4576 695 4646; x_wconf 81' lang='grc' dir='ltr'>ἡμερῶν,</span> <span class='ocrx_word' id='word_1_679' title='bbox 725 4578 851 4644; x_wconf 78' lang='grc' dir='ltr'>ἅγιά</span> <span class='ocrx_word' id='word_1_680' title='bbox 875 4595 932 4631; x_wconf 92' lang='grc' dir='ltr'><strong>τε</strong></span> <span class='ocrx_word' id='word_1_681' title='bbox 960 4580 1203 4632; x_wconf 79' lang='grc' dir='ltr'>Σάὸὅατα</span> <span class='ocrx_word' id='word_1_682' title='bbox 1234 4582 1326 4633; x_wconf 78' lang='grc' dir='ltr'>καὶ</span> <span class='ocrx_word' id='word_1_683' title='bbox 1364 4597 1599 4650; x_wconf 90' lang='grc' dir='ltr'>πνευμα-</span> 
     </span>
    </p>
   </div>
   <div class='ocr_carea' id='block_1_91' title="bbox 87 4664 1599 4739">
    <p class='ocr_par' dir='ltr' id='par_1_91' title="bbox 87 4664 1599 4739">
     <span class='ocr_line' id='line_1_91' title="bbox 87 4664 1599 4739; baseline 0.007 -26"><span class='ocrx_word' id='word_1_684' title='bbox 87 4665 200 4715; x_wconf 74' lang='grc' dir='ltr'>τικὰ</span> <span class='ocrx_word' id='word_1_685' title='bbox 224 4664 557 4733; x_wconf 80' lang='grc' dir='ltr'>ἑορτάζοντες</span> <span class='ocrx_word' id='word_1_686' title='bbox 583 4669 629 4717; x_wconf 87' lang='grc' dir='ltr'>οἱ</span> <span class='ocrx_word' id='word_1_687' title='bbox 663 4667 717 4732; x_wconf 79' lang='grc' dir='ltr'><strong>ἐξ</strong></span> <span class='ocrx_word' id='word_1_688' title='bbox 745 4668 906 4719; x_wconf 76' lang='grc' dir='ltr'>ἐθνῶν</span> <span class='ocrx_word' id='word_1_689' title='bbox 930 4670 994 4721; x_wconf 85' lang='grc' dir='ltr'>δι’</span> <span class='ocrx_word' id='word_1_690' title='bbox 1024 4669 1182 4722; x_wconf 86' lang='grc' dir='ltr'>αὐτοῦ</span> <span class='ocrx_word' id='word_1_691' title='bbox 1219 4670 1599 4739; x_wconf 87' lang='grc' dir='ltr'>λελυτρωμένοι</span> 
     </span>
    </p>
   </div>
   <div class='ocr_carea' id='block_1_92' title="bbox 87 4752 1599 4828">
    <p class='ocr_par' dir='ltr' id='par_1_92' title="bbox 87 4752 1599 4828">
     <span class='ocr_line' id='line_1_92' title="bbox 87 4752 1599 4828; baseline 0.008 -27"><span class='ocrx_word' id='word_1_692' title='bbox 87 4752 191 4802; x_wconf 68' lang='grc' dir='ltr'>καθ’</span> <span class='ocrx_word' id='word_1_693' title='bbox 223 4754 345 4821; x_wconf 84' lang='grc' dir='ltr'>ὅλης</span> <span class='ocrx_word' id='word_1_694' title='bbox 367 4753 462 4820; x_wconf 83' lang='grc' dir='ltr'>τῆς</span> <span class='ocrx_word' id='word_1_695' title='bbox 485 4755 816 4823; x_wconf 87' lang='grc' dir='ltr'>οίκουμένης,</span> <span class='ocrx_word' id='word_1_696' title='bbox 849 4757 915 4823; x_wconf 78' lang='grc' dir='ltr'>τὰ</span> <span class='ocrx_word' id='word_1_697' title='bbox 953 4757 1030 4826; x_wconf 83' lang='grc' dir='ltr'>τῷ</span> <span class='ocrx_word' id='word_1_698' title='bbox 1059 4757 1314 4828; x_wconf 77' lang='grc' dir='ltr'>Σαϐϐάτῳ</span> <span class='ocrx_word' id='word_1_699' title='bbox 1349 4759 1599 4827; x_wconf 89' lang='grc' dir='ltr'>πράττειν</span> 
     </span>
    </p>
   </div>
   <div class='ocr_carea' id='block_1_93' title="bbox 91 4844 1597 4921">
    <p class='ocr_par' dir='ltr' id='par_1_93' title="bbox 91 4844 1597 4921">
     <span class='ocr_line' id='line_1_93' title="bbox 91 4844 1597 4921; baseline 0.009 -28"><span class='ocrx_word' id='word_1_700' title='bbox 91 4846 181 4905; x_wconf 77' lang='grc' dir='ltr'>τοῖς</span> <span class='ocrx_word' id='word_1_701' title='bbox 221 4844 413 4915; x_wconf 78' lang='grc' dir='ltr'>ἱερεῦσι</span> <span class='ocrx_word' id='word_1_702' title='bbox 443 4845 891 4916; x_wconf 81' lang='grc' dir='ltr'>νενομοθετημένα</span> <span class='ocrx_word' id='word_1_703' title='bbox 932 4849 1070 4903; x_wconf 89' lang='grc' dir='ltr'><strong>κατά</strong></span> <span class='ocrx_word' id='word_1_704' title='bbox 1107 4852 1197 4905; x_wconf 89' lang='grc' dir='ltr'><strong>τὸν</strong></span> <span class='ocrx_word' id='word_1_705' title='bbox 1245 4855 1597 4921; x_wconf 79' lang='grc' dir='ltr'>πνευματικὸν</span> 
     </span>
    </p>
   </div>
   <div class='ocr_carea' id='block_1_94' title="bbox 88 4930 1596 5010">
    <p class='ocr_par' dir='ltr' id='par_1_94' title="bbox 88 4930 1596 5010">
     <span class='ocr_line' id='line_1_94' title="bbox 88 4930 1596 5010; baseline 0.009 -29"><span class='ocrx_word' id='word_1_706' title='bbox 88 4930 232 4998; x_wconf 69' lang='grc' dir='ltr'>νόμον</span> <span class='ocrx_word' id='word_1_707' title='bbox 281 4934 638 5004; x_wconf 77' lang='grc' dir='ltr'>ἐπιτελοῦμεν.</span> <span class='ocrx_word' id='word_1_708' title='bbox 688 4935 884 4998; x_wconf 85' lang='grc' dir='ltr'>Θυσίας</span> <span class='ocrx_word' id='word_1_709' title='bbox 927 4954 984 4988; x_wconf 81' lang='grc' dir='ltr'><strong>τε</strong></span> <span class='ocrx_word' id='word_1_710' title='bbox 1033 4938 1138 5008; x_wconf 85' lang='grc' dir='ltr'><strong>γάρ</strong></span> <span class='ocrx_word' id='word_1_711' title='bbox 1188 4942 1281 4993; x_wconf 78' lang='grc' dir='ltr'>καὶ</span> <span class='ocrx_word' id='word_1_712' title='bbox 1331 4942 1596 5010; x_wconf 81' lang='grc' dir='ltr'>ἀναφορὰς</span> 
     </span>
    </p>
   </div>
   <div class='ocr_carea' id='block_1_95' title="bbox 90 5020 1593 5096">
    <p class='ocr_par' dir='ltr' id='par_1_95' title="bbox 90 5020 1593 5096">
     <span class='ocr_line' id='line_1_95' title="bbox 90 5020 1593 5096; baseline 0.009 -26"><span class='ocrx_word' id='word_1_713' title='bbox 90 5020 364 5088; x_wconf 80' lang='grc' dir='ltr'>ποιούμεθα</span> <span class='ocrx_word' id='word_1_714' title='bbox 395 5025 776 5093; x_wconf 76' lang='grc' dir='ltr'>πνευματικὰς,</span> <span class='ocrx_word' id='word_1_715' title='bbox 810 5026 904 5087; x_wconf 85' lang='grc' dir='ltr'><strong>τάς</strong></span> <span class='ocrx_word' id='word_1_716' title='bbox 941 5026 1270 5096; x_wconf 86' lang='grc' dir='ltr'>καλουμένας</span> <span class='ocrx_word' id='word_1_717' title='bbox 1306 5028 1489 5093; x_wconf 89' lang='grc' dir='ltr'>θυσίας</span> <span class='ocrx_word' id='word_1_718' title='bbox 1518 5035 1593 5084; x_wconf 79' lang='lat' dir='ltr'><strong>al-</strong></span> 
     </span>
    </p>
   </div>
   <div class='ocr_carea' id='block_1_96' title="bbox 92 5110 1591 5187">
    <p class='ocr_par' dir='ltr' id='par_1_96' title="bbox 92 5110 1591 5187">
     <span class='ocr_line' id='line_1_96' title="bbox 92 5110 1591 5187; baseline 0.008 -27"><span class='ocrx_word' id='word_1_719' title='bbox 92 5110 286 5171; x_wconf 75' lang='grc' dir='ltr'>δέσεως,</span> <span class='ocrx_word' id='word_1_720' title='bbox 331 5113 423 5163; x_wconf 78' lang='grc' dir='ltr'>καὶ</span> <span class='ocrx_word' id='word_1_721' title='bbox 465 5113 649 5176; x_wconf 87' lang='grc' dir='ltr'>θυσίας</span> <span class='ocrx_word' id='word_1_722' title='bbox 688 5115 1023 5183; x_wconf 87' lang='grc' dir='ltr'>ἀλαλαγμοῦ·</span> <span class='ocrx_word' id='word_1_723' title='bbox 1069 5118 1129 5170; x_wconf 89' lang='grc' dir='ltr'><strong>τό</strong></span> <span class='ocrx_word' id='word_1_724' title='bbox 1167 5134 1224 5169; x_wconf 92' lang='grc' dir='ltr'><strong>τε</strong></span> <span class='ocrx_word' id='word_1_725' title='bbox 1260 5117 1498 5187; x_wconf 86' lang='grc' dir='ltr'>θυμίαμα</span> <span class='ocrx_word' id='word_1_726' title='bbox 1533 5121 1591 5172; x_wconf 83' lang='grc' dir='ltr'><strong>τὸ</strong></span> 
     </span>
    </p>
   </div>
   <div class='ocr_carea' id='block_1_97' title="bbox 90 5197 1595 5275">
    <p class='ocr_par' dir='ltr' id='par_1_97' title="bbox 90 5197 1595 5275">
     <span class='ocr_line' id='line_1_97' title="bbox 90 5197 1595 5275; baseline 0.009 -29"><span class='ocrx_word' id='word_1_727' title='bbox 90 5197 263 5259; x_wconf 72' lang='grc' dir='ltr'>,ὑῶδες</span> <span class='ocrx_word' id='word_1_728' title='bbox 301 5200 706 5270; x_wconf 85' lang='grc' dir='ltr'>ἀναπέμπομεν,</span> <span class='ocrx_word' id='word_1_729' title='bbox 740 5205 864 5273; x_wconf 73' lang='grc' dir='ltr'>περὶ</span> <span class='ocrx_word' id='word_1_730' title='bbox 907 5202 966 5256; x_wconf 79' lang='grc' dir='ltr'>οὒ</span> <span class='ocrx_word' id='word_1_731' title='bbox 1012 5205 1245 5275; x_wconf 74' lang='grc' dir='ltr'>εἴρηται·</span> <span class='ocrx_word' id='word_1_732' title='bbox 1289 5208 1595 5274; x_wconf 79' lang='grc' dir='ltr'>Γενηθήτω</span> 
     </span>
    </p>
   </div>
   <div class='ocr_carea' id='block_1_98' title="bbox 89 5288 1596 5362">
    <p class='ocr_par' dir='ltr' id='par_1_98' title="bbox 89 5288 1596 5362">
     <span class='ocr_line' id='line_1_98' title="bbox 89 5288 1596 5362; baseline 0.008 -24"><span class='ocrx_word' id='word_1_733' title='bbox 89 5289 114 5355; x_wconf 66' lang='grc' dir='ltr'><em>ἡ</em></span> <span class='ocrx_word' id='word_1_734' title='bbox 142 5288 438 5355; x_wconf 77' lang='grc' dir='ltr'>προσευχή</span> <span class='ocrx_word' id='word_1_735' title='bbox 462 5307 577 5356; x_wconf 83' lang='grc' dir='ltr'><strong>μου</strong></span> <span class='ocrx_word' id='word_1_736' title='bbox 605 5293 680 5355; x_wconf 87' lang='grc' dir='ltr'>ὡς</span> <span class='ocrx_word' id='word_1_737' title='bbox 713 5297 963 5362; x_wconf 77' lang='grc' dir='ltr'>θυμίαμα</span> <span class='ocrx_word' id='word_1_738' title='bbox 999 5294 1245 5349; x_wconf 81' lang='grc' dir='ltr'>ἐνώπιόν</span> <span class='ocrx_word' id='word_1_739' title='bbox 1271 5313 1402 5349; x_wconf 89' lang='grc' dir='ltr'>σου.</span> <span class='ocrx_word' id='word_1_740' title='bbox 1443 5297 1596 5350; x_wconf 79' lang='grc' dir='ltr'><strong>Ἀλλά</strong></span> 
     </span>
    </p>
   </div>
   <div class='ocr_carea' id='block_1_99' title="bbox 90 5378 1593 5453">
    <p class='ocr_par' dir='ltr' id='par_1_99' title="bbox 90 5378 1593 5453">
     <span class='ocr_line' id='line_1_99' title="bbox 90 5378 1593 5453; baseline 0.005 -24"><span class='ocrx_word' id='word_1_741' title='bbox 90 5378 164 5429; x_wconf 64' lang='grc' dir='ltr'>(αἰ</span> <span class='ocrx_word' id='word_1_742' title='bbox 207 5378 326 5438; x_wconf 78' lang='grc' dir='ltr'>τοὺς</span> <span class='ocrx_word' id='word_1_743' title='bbox 370 5379 559 5446; x_wconf 77' lang='grc' dir='ltr'>ἄρτους</span> <span class='ocrx_word' id='word_1_744' title='bbox 601 5380 698 5448; x_wconf 83' lang='grc' dir='ltr'>τῆς</span> <span class='ocrx_word' id='word_1_745' title='bbox 741 5383 1041 5453; x_wconf 82' lang='grc' dir='ltr'>προθέσεως</span> <span class='ocrx_word' id='word_1_746' title='bbox 1085 5385 1469 5452; x_wconf 77' lang='grc' dir='ltr'>προσφέρομεν,</span> <span class='ocrx_word' id='word_1_747' title='bbox 1501 5384 1593 5453; x_wconf 82' lang='grc' dir='ltr'><strong>τὴν</strong></span> 
     </span>
    </p>
   </div>
   <div class='ocr_carea' id='block_1_100' title="bbox 91 5466 1594 5540">
    <p class='ocr_par' dir='ltr' id='par_1_100' title="bbox 91 5466 1594 5540">
     <span class='ocr_line' id='line_1_100' title="bbox 91 5466 1594 5540; baseline 0.004 -24"><span class='ocrx_word' id='word_1_748' title='bbox 91 5466 330 5532; x_wconf 60' lang='grc' dir='ltr'>ποτήριον</span> <span class='ocrx_word' id='word_1_749' title='bbox 377 5466 586 5534; x_wconf 80' lang='grc' dir='ltr'>μνήμην</span> <span class='ocrx_word' id='word_1_750' title='bbox 626 5468 1110 5540; x_wconf 75' lang='grc' dir='ltr'>ἀναζωπυροῦντες,</span> <span class='ocrx_word' id='word_1_751' title='bbox 1141 5472 1200 5523; x_wconf 88' lang='grc' dir='ltr'><strong>τό</strong></span> <span class='ocrx_word' id='word_1_752' title='bbox 1250 5488 1307 5522; x_wconf 89' lang='grc' dir='ltr'><strong>τε</strong></span> <span class='ocrx_word' id='word_1_753' title='bbox 1342 5470 1430 5522; x_wconf 87' lang='grc' dir='ltr'><strong>τοῦ</strong></span> <span class='ocrx_word' id='word_1_754' title='bbox 1475 5474 1594 5539; x_wconf 79' lang='grc' dir='ltr'>ῥαν-</span> 
     </span>
    </p>
   </div>
   <div class='ocr_carea' id='block_1_101' title="bbox 89 5547 1596 5629">
    <p class='ocr_par' dir='ltr' id='par_1_101' title="bbox 89 5547 1596 5629">
     <span class='ocr_line' id='line_1_101' title="bbox 89 5547 1596 5629; baseline 0.007 -28"><span class='ocrx_word' id='word_1_755' title='bbox 89 5553 259 5621; x_wconf 75' lang='grc' dir='ltr'>τισμοῦ</span> <span class='ocrx_word' id='word_1_756' title='bbox 299 5547 451 5620; x_wconf 74' lang='grc' dir='ltr'>αἷμα,</span> <span class='ocrx_word' id='word_1_757' title='bbox 483 5553 576 5605; x_wconf 90' lang='grc' dir='ltr'><strong>τοῦ</strong></span> <span class='ocrx_word' id='word_1_758' title='bbox 615 5554 804 5623; x_wconf 85' lang='grc' dir='ltr'>’Δμνοῦ</span> <span class='ocrx_word' id='word_1_759' title='bbox 841 5559 931 5610; x_wconf 87' lang='grc' dir='ltr'><strong>τοῦ</strong></span> <span class='ocrx_word' id='word_1_760' title='bbox 970 5559 1118 5621; x_wconf 86' lang='grc' dir='ltr'>Θεοῦ,</span> <span class='ocrx_word' id='word_1_761' title='bbox 1149 5558 1238 5611; x_wconf 91' lang='grc' dir='ltr'><strong>τοῦ</strong></span> <span class='ocrx_word' id='word_1_762' title='bbox 1271 5558 1596 5629; x_wconf 83' lang='grc' dir='ltr'>περιελόντος</span> 
     </span>
    </p>
   </div>
   <div class='ocr_carea' id='block_1_102' title="bbox 1702 4487 3213 4556">
    <p class='ocr_par' dir='ltr' id='par_1_102' title="bbox 1702 4487 3213 4556">
     <span class='ocr_line' id='line_1_102' title="bbox 1702 4487 3213 4556; baseline 0.001 -17"><span class='ocrx_word' id='word_1_763' title='bbox 1702 4495 1815 4540; x_wconf 90' lang='lat' dir='ltr'><strong>tum</strong></span> <span class='ocrx_word' id='word_1_764' title='bbox 1845 4495 1979 4551; x_wconf 89' lang='lat' dir='ltr'><strong>erat,</strong></span> <span class='ocrx_word' id='word_1_765' title='bbox 2012 4503 2073 4543; x_wconf 87' lang='lat' dir='ltr'><strong>ea</strong></span> <span class='ocrx_word' id='word_1_766' title='bbox 2097 4504 2194 4544; x_wconf 91' lang='lat' dir='ltr'><strong>nos</strong></span> <span class='ocrx_word' id='word_1_767' title='bbox 2218 4489 2509 4543; x_wconf 89' lang='lat' dir='ltr'><strong>secundum</strong></span> <span class='ocrx_word' id='word_1_768' title='bbox 2541 4487 2706 4555; x_wconf 87' lang='lat' dir='ltr'><strong>legem</strong></span> <span class='ocrx_word' id='word_1_769' title='bbox 2741 4487 3068 4556; x_wconf 88' lang='lat' dir='ltr'><strong>spiritualem</strong></span> <span class='ocrx_word' id='word_1_770' title='bbox 3100 4503 3213 4555; x_wconf 87' lang='lat' dir='ltr'><strong>per-</strong></span> 
     </span>
    </p>
   </div>
   <div class='ocr_carea' id='block_1_103' title="bbox 1708 4576 3216 4649">
    <p class='ocr_par' dir='ltr' id='par_1_103' title="bbox 1708 4576 3216 4649">
     <span class='ocr_line' id='line_1_103' title="bbox 1708 4576 3216 4649; baseline 0.002 -19"><span class='ocrx_word' id='word_1_771' title='bbox 1708 4577 1935 4633; x_wconf 82' lang='lat' dir='ltr'><strong>ﬁcimus.</strong></span> <span class='ocrx_word' id='word_1_772' title='bbox 1985 4578 2115 4632; x_wconf 89' lang='lat' dir='ltr'><strong>Nam</strong></span> <span class='ocrx_word' id='word_1_773' title='bbox 2163 4577 2424 4632; x_wconf 83' lang='lat' dir='ltr'><strong>sacriﬁcia</strong></span> <span class='ocrx_word' id='word_1_774' title='bbox 2459 4585 2512 4630; x_wconf 90' lang='lat' dir='ltr'><strong>et</strong></span> <span class='ocrx_word' id='word_1_775' title='bbox 2559 4577 2854 4649; x_wconf 89' lang='lat' dir='ltr'><strong>oblationes</strong></span> <span class='ocrx_word' id='word_1_776' title='bbox 2891 4576 3216 4644; x_wconf 87' lang='lat' dir='ltr'><strong>spirituales,</strong></span> 
     </span>
    </p>
   </div>
   <div class='ocr_carea' id='block_1_104' title="bbox 1703 4666 3215 4737">
    <p class='ocr_par' dir='ltr' id='par_1_104' title="bbox 1703 4666 3215 4737">
     <span class='ocr_line' id='line_1_104' title="bbox 1703 4666 3215 4737; baseline -0.002 -15"><span class='ocrx_word' id='word_1_777' title='bbox 1703 4683 1821 4737; x_wconf 63' lang='lat' dir='ltr'><strong>quae</strong></span> <span class='ocrx_word' id='word_1_778' title='bbox 1851 4671 2034 4723; x_wconf 63' lang='lat' dir='ltr'><strong>hostia</strong></span> <span class='ocrx_word' id='word_1_779' title='bbox 2065 4669 2236 4722; x_wconf 90' lang='lat' dir='ltr'><strong>laudis</strong></span> <span class='ocrx_word' id='word_1_780' title='bbox 2276 4675 2329 4722; x_wconf 90' lang='lat' dir='ltr'><strong>et</strong></span> <span class='ocrx_word' id='word_1_781' title='bbox 2369 4668 2556 4722; x_wconf 64' lang='lat' dir='ltr'><strong>hostiae</strong></span> <span class='ocrx_word' id='word_1_782' title='bbox 2577 4666 2909 4736; x_wconf 88' lang='lat' dir='ltr'><strong>jubilationis</strong></span> <span class='ocrx_word' id='word_1_783' title='bbox 2936 4675 3215 4730; x_wconf 89' lang='lat' dir='ltr'><strong>vocantur,</strong></span> 
     </span>
    </p>
   </div>
   <div class='ocr_carea' id='block_1_105' title="bbox 1699 4756 3214 4827">
    <p class='ocr_par' dir='ltr' id='par_1_105' title="bbox 1699 4756 3214 4827">
     <span class='ocr_line' id='line_1_105' title="bbox 1699 4756 3214 4827; baseline -0.002 -16"><span class='ocrx_word' id='word_1_784' title='bbox 1699 4758 2089 4827; x_wconf 86' lang='lat' dir='ltr'><strong>persolvimus:</strong></span> <span class='ocrx_word' id='word_1_785' title='bbox 2126 4757 2401 4810; x_wconf 86' lang='lat' dir='ltr'><strong>incensum</strong></span> <span class='ocrx_word' id='word_1_786' title='bbox 2427 4758 2550 4811; x_wconf 90' lang='lat' dir='ltr'><strong>boni</strong></span> <span class='ocrx_word' id='word_1_787' title='bbox 2577 4756 2754 4827; x_wconf 82' lang='lat' dir='ltr'><strong>odoris</strong></span> <span class='ocrx_word' id='word_1_788' title='bbox 2809 4757 3123 4818; x_wconf 86' lang='lat' dir='ltr'><strong>emittimus,</strong></span> <span class='ocrx_word' id='word_1_789' title='bbox 3151 4758 3214 4809; x_wconf 87' lang='lat' dir='ltr'><strong>de</strong></span> 
     </span>
    </p>
   </div>
   <div class='ocr_carea' id='block_1_106' title="bbox 1699 4830 3213 4916">
    <p class='ocr_par' dir='ltr' id='par_1_106' title="bbox 1699 4830 3213 4916">
     <span class='ocr_line' id='line_1_106' title="bbox 1699 4830 3213 4916; baseline -0.001 -16"><span class='ocrx_word' id='word_1_790' title='bbox 1699 4830 1806 4916; x_wconf 86' lang='lat' dir='ltr'><strong>quo</strong></span> <span class='ocrx_word' id='word_1_791' title='bbox 1836 4847 2033 4899; x_wconf 82' lang='lat' dir='ltr'><strong>dictum</strong></span> <span class='ocrx_word' id='word_1_792' title='bbox 2056 4852 2138 4899; x_wconf 85' lang='lat' dir='ltr'><strong>est</strong></span> <span class='ocrx_word' id='word_1_793' title='bbox 2169 4863 2182 4898; x_wconf 87' lang='lat'><strong>:</strong></span> <span class='ocrx_word' id='word_1_794' title='bbox 2211 4843 2338 4898; x_wconf 82' lang='lat' dir='ltr'><strong>Fiat</strong></span> <span class='ocrx_word' id='word_1_795' title='bbox 2375 4847 2538 4898; x_wconf 82' lang='lat' dir='ltr'><strong>oratio</strong></span> <span class='ocrx_word' id='word_1_796' title='bbox 2559 4861 2669 4897; x_wconf 87' lang='lat' dir='ltr'><strong>mea</strong></span> <span class='ocrx_word' id='word_1_797' title='bbox 2708 4845 2838 4898; x_wconf 78' lang='lat' dir='ltr'><strong>sicut</strong></span> <span class='ocrx_word' id='word_1_798' title='bbox 2875 4847 3132 4899; x_wconf 80' lang='lat' dir='ltr'><strong>incensum</strong></span> <span class='ocrx_word' id='word_1_799' title='bbox 3162 4848 3213 4898; x_wconf 80' lang='lat' dir='ltr'><strong>in</strong></span> 
     </span>
    </p>
   </div>
   <div class='ocr_carea' id='block_1_107' title="bbox 1699 4920 3213 5005">
    <p class='ocr_par' dir='ltr' id='par_1_107' title="bbox 1699 4920 3213 5005">
     <span class='ocr_line' id='line_1_107' title="bbox 1699 4920 3213 5005; baseline 0.001 -18"><span class='ocrx_word' id='word_1_800' title='bbox 1699 4943 1966 5001; x_wconf 77' lang='lat' dir='ltr'><strong>conspectu</strong></span> <span class='ocrx_word' id='word_1_801' title='bbox 2001 4943 2088 4986; x_wconf 81' lang='lat' dir='ltr'><strong>tuo</strong></span> <span class='ocrx_word' id='word_1_802' title='bbox 2111 4934 2150 4987; x_wconf 77' lang='grc'>⁸.</span> <span class='ocrx_word' id='word_1_803' title='bbox 2180 4932 2288 4989; x_wconf 89' lang='lat' dir='ltr'><strong>lmo</strong></span> <span class='ocrx_word' id='word_1_804' title='bbox 2314 4920 2470 4989; x_wconf 84' lang='lat' dir='ltr'><strong>etiam</strong></span> <span class='ocrx_word' id='word_1_805' title='bbox 2501 4949 2665 5002; x_wconf 86' lang='lat' dir='ltr'><strong>panes</strong></span> <span class='ocrx_word' id='word_1_806' title='bbox 2712 4936 3093 5005; x_wconf 84' lang='lat' dir='ltr'><strong>propositionis</strong></span> <span class='ocrx_word' id='word_1_807' title='bbox 3129 4937 3213 4990; x_wconf 81' lang='lat' dir='ltr'><strong>of—</strong></span> 
     </span>
    </p>
   </div>
   <div class='ocr_carea' id='block_1_108' title="bbox 1700 5024 3212 5096">
    <p class='ocr_par' dir='ltr' id='par_1_108' title="bbox 1700 5024 3212 5096">
     <span class='ocr_line' id='line_1_108' title="bbox 1700 5024 3212 5096; baseline 0.001 -18"><span class='ocrx_word' id='word_1_808' title='bbox 1700 5025 1940 5087; x_wconf 84' lang='lat' dir='ltr'><strong>ferimus,</strong></span> <span class='ocrx_word' id='word_1_809' title='bbox 1983 5025 2268 5081; x_wconf 80' lang='lat' dir='ltr'><strong>salutarem</strong></span> <span class='ocrx_word' id='word_1_810' title='bbox 2306 5024 2614 5079; x_wconf 87' lang='lat' dir='ltr'><strong>memoriam</strong></span> <span class='ocrx_word' id='word_1_811' title='bbox 2646 5025 2992 5091; x_wconf 78' lang='lat' dir='ltr'><strong>refrica&#39;ntes;</strong></span> <span class='ocrx_word' id='word_1_812' title='bbox 3032 5042 3212 5096; x_wconf 87' lang='lat' dir='ltr'><strong>asper-</strong></span> 
     </span>
    </p>
   </div>
   <div class='ocr_carea' id='block_1_109' title="bbox 1698 5114 3210 5185">
    <p class='ocr_par' dir='ltr' id='par_1_109' title="bbox 1698 5114 3210 5185">
     <span class='ocr_line' id='line_1_109' title="bbox 1698 5114 3210 5185; baseline -0.001 -15"><span class='ocrx_word' id='word_1_813' title='bbox 1698 5115 1901 5170; x_wconf 88' lang='lat' dir='ltr'><strong>sionem</strong></span> <span class='ocrx_word' id='word_1_814' title='bbox 1932 5114 2059 5169; x_wconf 90' lang='lat' dir='ltr'><strong>item</strong></span> <span class='ocrx_word' id='word_1_815' title='bbox 2095 5115 2374 5185; x_wconf 82' lang='lat' dir='ltr'><strong>sanguinis</strong></span> <span class='ocrx_word' id='word_1_816' title='bbox 2398 5115 2533 5185; x_wconf 80' lang='lat' dir='ltr'><strong>Agni</strong></span> <span class='ocrx_word' id='word_1_817' title='bbox 2575 5117 2685 5181; x_wconf 88' lang='lat' dir='ltr'><strong>Dei,</strong></span> <span class='ocrx_word' id='word_1_818' title='bbox 2726 5118 2817 5185; x_wconf 89' lang='lat' dir='ltr'><strong>qui</strong></span> <span class='ocrx_word' id='word_1_819' title='bbox 2862 5117 2999 5169; x_wconf 91' lang='lat' dir='ltr'><strong>tollit</strong></span> <span class='ocrx_word' id='word_1_820' title='bbox 3028 5132 3210 5184; x_wconf 84' lang='lat' dir='ltr'><strong>pecca-</strong></span> 
     </span>
    </p>
   </div>
   <div class='ocr_carea' id='block_1_110' title="bbox 1697 5203 3203 5273">
    <p class='ocr_par' dir='ltr' id='par_1_110' title="bbox 1697 5203 3203 5273">
     <span class='ocr_line' id='line_1_110' title="bbox 1697 5203 3203 5273; baseline 0.001 -17"><span class='ocrx_word' id='word_1_821' title='bbox 1697 5213 1807 5257; x_wconf 92' lang='lat' dir='ltr'><strong>tum</strong></span> <span class='ocrx_word' id='word_1_822' title='bbox 1838 5203 2040 5269; x_wconf 90' lang='lat' dir='ltr'><strong>mundi,</strong></span> <span class='ocrx_word' id='word_1_823' title='bbox 2086 5205 2350 5273; x_wconf 89' lang='lat' dir='ltr'><strong>piaculum</strong></span> <span class='ocrx_word' id='word_1_824' title='bbox 2385 5204 2681 5259; x_wconf 87' lang='lat' dir='ltr'><strong>animarum</strong></span> <span class='ocrx_word' id='word_1_825' title='bbox 2716 5214 3043 5270; x_wconf 86' lang='lat' dir='ltr'><strong>nostrarum,</strong></span> <span class='ocrx_word' id='word_1_826' title='bbox 3081 5205 3203 5259; x_wconf 83' lang='lat' dir='ltr'><strong>faci-</strong></span> 
     </span>
    </p>
   </div>
   <div class='ocr_carea' id='block_1_111' title="bbox 1699 5291 3197 5362">
    <p class='ocr_par' dir='ltr' id='par_1_111' title="bbox 1699 5291 3197 5362">
     <span class='ocr_line' id='line_1_111' title="bbox 1699 5291 3197 5362; baseline 0.001 -18"><span class='ocrx_word' id='word_1_827' title='bbox 1699 5306 1818 5345; x_wconf 90' lang='lat' dir='ltr'><strong>mus</strong></span> <span class='ocrx_word' id='word_1_828' title='bbox 1845 5309 1858 5344; x_wconf 89' lang='lat'><strong>:</strong></span> <span class='ocrx_word' id='word_1_829' title='bbox 1884 5291 2082 5345; x_wconf 88' lang='lat' dir='ltr'><strong>lumina</strong></span> <span class='ocrx_word' id='word_1_830' title='bbox 2109 5306 2321 5362; x_wconf 90' lang='lat' dir='ltr'><strong>quoque</strong></span> <span class='ocrx_word' id='word_1_831' title='bbox 2347 5295 2667 5362; x_wconf 82' lang='lat' dir='ltr'><strong>cognitionis</strong></span> <span class='ocrx_word' id='word_1_832' title='bbox 2694 5294 2874 5348; x_wconf 86' lang='lat' dir='ltr'><strong>vultus</strong></span> <span class='ocrx_word' id='word_1_833' title='bbox 2905 5293 2996 5348; x_wconf 92' lang='lat' dir='ltr'><strong>Dei</strong></span> <span class='ocrx_word' id='word_1_834' title='bbox 3022 5308 3197 5347; x_wconf 87' lang='lat' dir='ltr'><strong>accen-</strong></span> 
     </span>
    </p>
   </div>
   <div class='ocr_carea' id='block_1_112' title="bbox 1696 5381 3208 5451">
    <p class='ocr_par' dir='ltr' id='par_1_112' title="bbox 1696 5381 3208 5451">
     <span class='ocr_line' id='line_1_112' title="bbox 1696 5381 3208 5451; baseline -0.003 -18"><span class='ocrx_word' id='word_1_835' title='bbox 1696 5381 1891 5435; x_wconf 86' lang='lat' dir='ltr'><strong>dimus.</strong></span> <span class='ocrx_word' id='word_1_836' title='bbox 1923 5381 2118 5437; x_wconf 82' lang='lat' dir='ltr'><strong>Verum</strong></span> <span class='ocrx_word' id='word_1_837' title='bbox 2156 5382 2314 5435; x_wconf 88' lang='lat' dir='ltr'><strong>etiam</strong></span> <span class='ocrx_word' id='word_1_838' title='bbox 2354 5397 2434 5448; x_wconf 89' lang='lat' dir='ltr'><strong>ea,</strong></span> <span class='ocrx_word' id='word_1_839' title='bbox 2483 5399 2600 5451; x_wconf 66' lang='lat' dir='ltr'><strong>qua:</strong></span> <span class='ocrx_word' id='word_1_840' title='bbox 2642 5383 2695 5436; x_wconf 92' lang='lat' dir='ltr'><strong>in</strong></span> <span class='ocrx_word' id='word_1_841' title='bbox 2728 5384 2932 5450; x_wconf 88' lang='lat' dir='ltr'><strong>psalmo</strong></span> <span class='ocrx_word' id='word_1_842' title='bbox 2962 5383 3208 5451; x_wconf 70' lang='lat' dir='ltr'><strong>praesenti</strong></span> 
     </span>
    </p>
   </div>
   <div class='ocr_carea' id='block_1_113' title="bbox 1698 5473 3206 5542">
    <p class='ocr_par' dir='ltr' id='par_1_113' title="bbox 1698 5473 3206 5542">
     <span class='ocr_line' id='line_1_113' title="bbox 1698 5473 3206 5542; baseline -0.001 -16"><span class='ocrx_word' id='word_1_843' title='bbox 1698 5479 2067 5535; x_wconf 86' lang='lat' dir='ltr'><strong>recensentur,</strong></span> <span class='ocrx_word' id='word_1_844' title='bbox 2106 5474 2191 5525; x_wconf 91' lang='lat' dir='ltr'><strong>illa</strong></span> <span class='ocrx_word' id='word_1_845' title='bbox 2220 5473 2311 5525; x_wconf 88' lang='lat' dir='ltr'><strong>die</strong></span> <span class='ocrx_word' id='word_1_846' title='bbox 2337 5473 2589 5538; x_wconf 82' lang='lat' dir='ltr'><strong>perﬁcere</strong></span> <span class='ocrx_word' id='word_1_847' title='bbox 2627 5473 2938 5542; x_wconf 73' lang='lat' dir='ltr'><strong>satagimus,</strong></span> <span class='ocrx_word' id='word_1_848' title='bbox 2965 5481 3016 5525; x_wconf 87' lang='lat' dir='ltr'><strong>et</strong></span> <span class='ocrx_word' id='word_1_849' title='bbox 3049 5486 3206 5540; x_wconf 84' lang='lat' dir='ltr'><strong>opere</strong></span> 
     </span>
    </p>
   </div>
   <div class='ocr_carea' id='block_1_114' title="bbox 1701 5557 3205 5628">
    <p class='ocr_par' dir='ltr' id='par_1_114' title="bbox 1701 5557 3205 5628">
     <span class='ocr_line' id='line_1_114' title="bbox 1701 5557 3205 5628; baseline -0.001 -17"><span class='ocrx_word' id='word_1_850' title='bbox 1701 5566 1753 5611; x_wconf 94' lang='lat' dir='ltr'><strong>et</strong></span> <span class='ocrx_word' id='word_1_851' title='bbox 1779 5558 1952 5612; x_wconf 88' lang='lat' dir='ltr'><strong>verbis</strong></span> <span class='ocrx_word' id='word_1_852' title='bbox 1975 5560 2286 5614; x_wconf 81' lang='lat' dir='ltr'><strong>conﬁtentes</strong></span> <span class='ocrx_word' id='word_1_853' title='bbox 2313 5557 2553 5625; x_wconf 81' lang='lat' dir='ltr'><strong>Domino,</strong></span> <span class='ocrx_word' id='word_1_854' title='bbox 2585 5569 2635 5613; x_wconf 87' lang='lat' dir='ltr'><strong>et</strong></span> <span class='ocrx_word' id='word_1_855' title='bbox 2677 5561 2962 5628; x_wconf 79' lang='lat' dir='ltr'><strong>psallentes</strong></span> <span class='ocrx_word' id='word_1_856' title='bbox 3001 5557 3205 5611; x_wconf 73' lang='lat' dir='ltr'><strong>nomini</strong></span> 
     </span>
    </p>
   </div>
   <div class='ocr_carea' id='block_1_115' title="bbox 142 5693 1600 5764">
    <p class='ocr_par' dir='ltr' id='par_1_115' title="bbox 142 5703 1596 5764">
     <span class='ocr_line' id='line_1_115' title="bbox 142 5703 1596 5764; baseline 0.006 -11"><span class='ocrx_word' id='word_1_857' title='bbox 142 5703 162 5729; x_wconf 76' lang='lat'><strong>&quot;</strong></span> <span class='ocrx_word' id='word_1_858' title='bbox 200 5705 360 5757; x_wconf 70' lang='lat' dir='ltr'><strong>Amos</strong></span> <span class='ocrx_word' id='word_1_859' title='bbox 392 5717 474 5762; x_wconf 69' lang='grc' dir='ltr'><strong>τι,</strong></span> <span class='ocrx_word' id='word_1_860' title='bbox 508 5703 557 5756; x_wconf 77' lang='grc'>5.</span> <span class='ocrx_word' id='word_1_861' title='bbox 631 5705 650 5735; x_wconf 73' lang='grc'>⁸</span> <span class='ocrx_word' id='word_1_862' title='bbox 686 5704 786 5761; x_wconf 86' lang='lat' dir='ltr'><strong>lsa.</strong></span> <span class='ocrx_word' id='word_1_863' title='bbox 823 5725 866 5763; x_wconf 80' lang='grc' dir='ltr'><strong>ι.</strong></span> <span class='ocrx_word' id='word_1_864' title='bbox 907 5711 989 5763; x_wconf 78' lang='lat' dir='ltr'><strong>l5.</strong></span> <span class='ocrx_word' id='word_1_865' title='bbox 1065 5713 1082 5742; x_wconf 81' lang='grc'>³</span> <span class='ocrx_word' id='word_1_866' title='bbox 1123 5709 1259 5764; x_wconf 78' lang='lat' dir='ltr'><strong>I’sal.</strong></span> <span class='ocrx_word' id='word_1_867' title='bbox 1295 5726 1411 5764; x_wconf 74' lang='lat' dir='ltr'><strong>tux.</strong></span> <span class='ocrx_word' id='word_1_868' title='bbox 1457 5712 1502 5762; x_wconf 82' lang='lat' dir='ltr'><strong>l.</strong></span> <span class='ocrx_word' id='word_1_869' title='bbox 1580 5711 1596 5741; x_wconf 82' lang='grc'>⁸</span> 
     </span>
    </p>
   </div>
   <div class='ocr_carea' id='block_1_116' title="bbox 1699 5693 2023 5764">
    <p class='ocr_par' dir='ltr' id='par_1_116' title="bbox 1706 5693 2023 5763">
     <span class='ocr_line' id='line_1_116' title="bbox 1706 5693 2023 5763; baseline -0.013 -1"><span class='ocrx_word' id='word_1_870' title='bbox 1706 5711 1769 5763; x_wconf 78' lang='lat' dir='ltr'><strong>al.</strong></span> <span class='ocrx_word' id='word_1_871' title='bbox 1807 5695 1903 5762; x_wconf 74' lang='lat' dir='ltr'><strong>ext.</strong></span> <span class='ocrx_word' id='word_1_872' title='bbox 1968 5693 2023 5759; x_wconf 13' lang='lat'><strong>2.:</strong></span> 
     </span>
    </p>
   </div>
  </div>
