3976 6356
693 431 824 488 1171

1422 428 1684 488 EUSEBII
1723 428 2190 487 CESARIENSlS
2217 430 2366 488 OPP.
2409 426 2587 484 PARS
2618 426 2705 483 Ill.
2740 458 2808 467 —
2838 424 3238 482 EXEGETICA.

3736 423 3853 482 ωε

691 551 960 615 Altissimi
985 571 997 606 :
1027 566 1185 608 mane
1211 566 1424 624 quoque
1463 554 1528 608 ad
1570 553 1832 609 orientem
1862 555 2000 610 lucis
2028 563 2226 609 nostra:

2328 553 2420 623 τὴν
2445 552 2711 623 ἁμαρτίαν
2737 549 2831 604 τοῦ
2877 551 3101 622 κόσμου,
3138 547 3425 618 καθάρσιον
3455 545 3565 599 τῶν
3609 543 3856 618 ἡμετέρων

691 641 1121 698 misericordiam
1155 659 1184 698 a
1204 643 1490 700 Deonobis
1516 646 1804 714 praestitam
1829 645 2229 708 annuntiamus,

695 737 749 784 et
783 731 1062 787 veritatem
1107 733 1227 802 ejus
1279 735 1336 788 in
1366 736 1617 789 noctibus
1658 751 1753 805 per
1784 737 2018 790 sobriam
2056 744 2108 790 et
2143 748 2235 790 ca-

689 826 827 874 stam
857 825 1328 879 conversationem
1356 826 1702 892 exhibemus;
1747 827 1801 880 in
1835 841 2044 881 summa
2073 835 2231 897 quot-

689 915 819 976 quot
847 911 950 963 alia
979 910 1035 965 in
1060 910 1294 967 Sabbato
1315 927 1567 983 peragere
1594 915 1857 968 sancitum
1881 922 2016 980 erat,
2044 930 2107 969 ea
2133 930 2233 970 nos

687 999 744 1053 in
778 999 1112 1056 Dominicam
1143 1005 1536 1068 transtulimus,
1566 1013 1749 1074 utpote
1778 1021 1897 1076 qum
1924 1008 2096 1077 magis
2119 1007 2234 1061 ido-

688 1104 789 1145 nea
810 1100 865 1146 et
899 1093 1143 1162 propria,
1166 1108 1227 1148 ac
1260 1096 1432 1163 prima
1473 1096 1600 1151 item
1629 1097 1701 1150 sit
1743 1106 1796 1152 et
1830 1111 2017 1167 agmen
2048 1098 2230 1162 ducat,

680 1187 744 1235 vet
793 1178 1020 1236 Iudaico
1077 1181 1308 1238 Sabbato
1348 1186 1663 1254 pretiosior.
1717 1184 1987 1252 Nam‘illa
2038 1188 2124 1242 die
2178 1189 2235 1243 in

687 1272 876 1326 mundi
900 1273 1112 1342 opificio
1143 1289 1264 1330 cum
1293 1260 1519 1330 dixisset
1555 1275 1718 1340 Deus,
1749 1275 1873 1330 Fiat
1898 1277 1989 1331 tuo:
2014 1317 2030 1342 ,
2091 1277 2233 1333 facta

689 1373 773 1418 est
805 1364 927 1421 lux"
950 1383 962 1417 :
985 1365 1036 1418 in
1067 1365 1159 1418 illa
1187 1380 1404 1434 quoque
1432 1366 1711 1422 animabus
1740 1371 1942 1424 nostris
1967 1379 2120 1425 ortus
2150 1380 2232 1426 est

692 1450 787 1508 Sol
812 1454 1058 1523 iustitiae.
1095 1455 1272 1522 Quare
1319 1467 1378 1510 ut
1415 1473 1477 1512 ea
1514 1457 1602 1513 die
1648 1459 2031 1515 conveniamus
2067 1461 2233 1515 tradi-

699 1551 805 1599 tum
836 1548 991 1602 nobis
1027 1556 1132 1610 est,
1164 1555 1221 1602 et
1245 1563 1304 1602 ea
1328 1564 1446 1618 quae
1475 1549 1530 1604 in
1554 1551 1762 1620 psalmo
1788 1551 2046 1620 jubentur
2074 1551 2236 1606 nobis

697 1639 910 1706 exsequi
936 1647 1257 1709 praeceptum
1288 1649 1408 1708 est;
1435 1656 1665 1712 quorum
1702 1643 1934 1712 primum
1966 1624 2071 1706 est,
2099 1656 2232 1698 con-

689 1727 830 1782 ﬁteri
861 1746 872 1781 :
903 1744 1026 1782 nam
1067 1731 1389 1802 principium
1445 1715 1711 1788 honorum
1752 1741 1835 1787 est
1877 1733 2230 1803 pristinorum

689 1819 955 1872 malorum
982 1820 1244 1890 depositio
1286 1837 1382 1891 per
1410 1837 1591 1876 veram
1622 1823 1992 1893 paenitentiam
2024 1832 2076 1876 et
2100 1835 2232 1876 con-

2330 641 2546 713 ψυχῶν·
2587 641 2883 712 ποιούμεθά
2910 659 2970 694 τε
3004 641 3072 693 τὰ
3107 640 3259 709 φῶτα
3300 639 3397 707 τῆς
3434 636 3676 704 γνώσεως
3715 655 3856 708 προσ-

2329 733 2477 787 ώπου
2525 733 2615 786 τοῦ
2663 732 2796 785 Θεοῦ
2848 731 3204 802 ἐξαπτόμενα.
3249 727 3406 782 Ἀλλά
3446 727 3540 780 καὶ
3587 727 3654 779 τὰ
3697 729 3748 779 ἐν
3789 731 3857 794 τῷ

2333 823 2468 892 μετά
2493 825 2674 893 χεῖρας
2703 821 2898 892 ψαλμῷ
2926 822 3217 891 φιλοτίμως
3245 818 3475 872 ἐκτελεῖν
3507 817 3646 870 κατὰ
3668 817 3755 886 τὴν
3776 818 3854 869 αὐ-

2328 913 2425 981 τὴν
2457 913 2668 984 ἡμέραν
2699 911 3084 984 σπουδάζομεν,
3123 911 3302 979 ἔργοις
3342 909 3550 970 τούτοις
3583 908 3671 960 καὶ
3705 907 3856 974 λόγοις

2329 1000 2800 1072 ἐξομολογούμενοι
2843 1003 3051 1072 Κυρίῳ,
3087 1002 3177 1054 καὶ
3217 999 3504 1069 ψάλλοντες
3541 995 3618 1065 τῷ
3659 997 3852 1064 ὀνόματι

2329 1092 2422 1146 τοῦ
2467 1092 2719 1162 Ὑψίστου
2737 1110 2748 1122 ·
2792 1091 2985 1163 δρθρου
3008 1109 3065 1144 τε
3099 1091 3233 1162 πρὸς
3263 1091 3450 1152 αὐταῖς
3482 1086 3751 1149 ἀνατολαῖς
3777 1088 3850 1138 τοῦ

2330 1182 2588 1253 ἡμετέρου
2633 1182 2804 1248 φωτὸς
2849 1181 2908 1234 τὸ
2948 1182 3232 1252 γενόμενον
3280 1179 3423 1243 ἕλεος
3472 1181 3558 1247 ἐφ’
3600 1179 3737 1247 ἡμᾶς
3776 1176 3850 1229 τοῦ

2331 1273 2462 1326 Θεοῦ
2506 1272 2932 1341 διαγγέλλοντες,
2970 1275 3062 1327 καὶ
3107 1273 3204 1343 τὴν
3248 1270 3503 1341 ἀλήθειαν
3542 1266 3698 1338 αὑτοῦ
3739 1268 3851 1319 κατό

2330 1363 2426 1426 τὰς
2455 1362 2653 1427 νύκτας
2683 1363 2767 1416 διὰ
2801 1362 3070 1434 σώφρονος
3087 1361 3192 1420 ,καὶ
3235 1362 3403 1429 ἁγνῆς
3435 1358 3763 1429 ἀναστροφῆς
3787 1359 3834 1408 ἐν

2328 1452 2674 1523 δεικνύμενοι,
2707 1456 2799 1506 καὶ
2836 1453 3008 1507 πάντα
3047 1453 3110 1523 δὴ
3159 1453 3259 1505 ὅσα
3297 1451 3430 1505 ἀλλα
3460 1449 3622 1521 ἐχρῆν
3654 1450 3709 1500 ἐν
3740 1447 3841 1499 Σιαὸ

2328 1543 2475 1613 6άτῳ
2502 1545 2693 1607 τελεῖν,
2722 1543 2890 1597 ταῦτα
2912 1546 3070 1614 ἡμεῖς
3100 1546 3156 1598 ἐν
3196 1547 3268 1615 τῇ
3295 1543 3543 1613 Κυριακῇ
3579 1539 3833 1610 μετατεθεί

2328 1650 2521 1704 καμεν,
2551 1634 2623 1696 ὡς
2657 1633 2722 1686 ἂν
2749 1635 3082 1704 κυριωτέρας
3105 1631 3268 1701 οῦσης
3309 1632 3496 1702 αὐτῆς,
3520 1630 3611 1683 καὶ
3647 1626 3852 1699 ἡγουμέ-

2329 1740 2444 1792 νης,
2463 1725 2553 1777 καὶ
2587 1723 2823 1794 πρώτης,
2846 1724 3044 1777 καὶτοῦ
3083 1723 3365 1778 Ἰουδαϊκοῦ
3385 1721 3656 1775 Σαδδάτου
3685 1735 3851 1786 τιμιω-

2327 1806 2508 1886 τέρας.
2535 1813 2691 1866 Κατά
2714 1813 2912 1883 ταύτην
2943 1814 3049 1883 γὰρ
3080 1815 3137 1868 ἐν
3165 1817 3232 1884 τῇ
3256 1811 3576 1882 κοσμοποιίᾳ
3607 1806 3853 1878 εἰρηκότος

689 1907 1003 1973 fessionem,
1035 1924 1150 1977 quae
1179 1910 1246 1962 ad
1276 1909 1476 1963 bonum
1509 1909 1688 1974 linem,
1717 1908 1920 1963 scilicet
1951 1907 2017 1960 ad
2058 1905 2224 1961 Deum

2328 1907 2417 1960 τοῦ
2465 1906 2617 1970 Θεοῦ,
2667 1903 2978 1972 Γενηθήτω
3013 1903 3157 1971 φῶς,
3201 1904 3294 1956 καὶ
3329 1899 3728 1970 ἐγένετοκφῶς·
3778 1896 3854 1948 καὶ

689 1999 870 2066 ipsum
900 1999 1130 2053 deducit.
1177 1999 1387 2054 Etenim
1434 1999 1478 2053 si
1529 2014 1686 2053 nemo
1721 1999 1894 2054 bonus
1931 1998 2035 2052 nisi
2065 1997 2226 2061 Deus.

691 2089 904 2158 optimm
934 2091 1030 2144 via:
1059 2092 1124 2144 ad
1154 2090 1320 2145 Deum
1346 2089 1589 2144 ducentis
1622 2088 1966 2158 principium,
2013 2088 2228 2144 confes-

690 2181 774 2234 sio
802 2180 981 2234 fuerit.
1013 2180 1136 2234 ldeo
1158 2180 1361 2234 dictum
1393 2187 1492 2242 est,
1517 2180 1718 2234 Bonum
1752 2189 1827 2232 est
1849 2179 2082 2246 conﬁteri
2119 2179 2219 2234 Do-

689 2270 852 2322 mino.
872 2269 978 2323 Par
1005 2271 1204 2338 quippe
1241 2279 1322 2325 est
1350 2286 1458 2324 non
1495 2270 1803 2324 hominibus
1834 2269 2227 2324 confessionem

689 2357 880 2424 edere,
907 2358 1000 2412 sed
1032 2359 1133 2427 ipsi
1160 2357 1388 2413 Domino
1427 2358 1591 2414 corda
1623 2359 1907 2414 scrutanti.
1937 2358 2072 2423 Quia
2101 2371 2228 2411 vero

690 2446 963 2501 confessio
997 2462 1092 2515 pro
1119 2449 1414 2517 gratiarum
1449 2448 1659 2500 actione
1695 2449 1820 2501 item
1856 2446 2136 2515 accipitur,
2172 2453 2229 2499 ut

684 2535 798 2605 jam
833 2537 1026 2605 saepius
1049 2537 1306 2601 diximus,
1341 2537 1462 2606 jure
1509 2535 1782 2589 Dominica
1821 2535 1906 2589 die
1935 2535 2229 2606 gratiarum

691 2627 931 2681 actiones
961 2626 1184 2682 Domino
1213 2627 1512 2689 reddimus,
1543 2625 1742 2696 ubique
1775 2635 2039 2680 terrarum
2066 2626 2121 2678 in
2143 2638 2230 2678 ec-

689 2714 871 2768 clesiis
903 2715 1021 2783 eius
1065 2716 1392 2785 congregati.
1422 2715 1558 2769 Cum
1589 2721 1767 2769 autem
1803 2729 1900 2785 per
1929 2713 2230 2768 confessio-

689 2821 812 2859 nem
842 2821 1186 2876 progressum
1235 2815 1286 2858 et
1314 2813 1655 2876 augmentum
1698 2803 2083 2876 acceperimus,
2113 2808 2228 2856 tum

687 2895 939 2962 jubemur
968 2896 1192 2965 psallere
1230 2895 1294 2949 ad
1326 2896 1597 2950 meliorem
1633 2894 1824 2950 animae
1869 2900 2069 2948 statum
2104 2907 2230 2962 pro-

691 2984 830 3037 vecti
865 3003 879 3039 :
906 2987 1048 3040 aucti
1077 3002 1204 3041 vero
1243 3002 1307 3040 ac
1335 2987 1583 3041 meliores
1612 2985 1806 3049 effecti,
1833 2985 1946 3038 hac
1976 2985 2096 3039 aliis
2133 2997 2230 3039 an-

691 3073 963 3140 nnntiare,
997 3090 1058 3130 ac
1087 3091 1180 3131 eos
1207 3076 1299 3145 qui
1334 3075 1400 3128 ad
1442 3090 1542 3130 nos
1563 3076 1803 3144 proxime
1832 3075 2094 3130 accedunt
2121 3077 2228 3129 mi-

693 3164 1016 3218 sericordias
1078 3165 1170 3219 Dei
1222 3166 1449 3221 edocere
1509 3166 1903 3236 praecipimur:
1953 3173 2113 3236 atque
2172 3166 2225 3220 id

2327 1998 2442 2050 κατ’
2468 1997 2632 2068 αὐτὴν
2658 1999 2774 2058 ταῖς
2811 1996 3097 2066 ἡμετέραις
3123 1995 3317 2063 ψυχαῖς
3354 1993 3383 2044 ὁ
3413 1992 3514 2058 τῆς
3547 1987 3853 2053 δικαιοσύνης

2327 2089 2678 2143 ἀνατέταλκεν
2706 2088 2915 2151 ’Ἡλιοςο
2940 2087 3016 2139 διὸ
3043 2086 3103 2157 δὴ
3120 2088 3209 2139 καὶ
3236 2087 3362 2156 ἡμῖν
3386 2081 3720 2153 συνέρχεσθαι
3737 2078 3853 2132 κατὰ

2327 2176 2524 2246 ταύτην
2558 2176 2927 2247 παραδέδοται,
2955 2173 3045 2229 καὶ
3085 2175 3153 2228 τὰ
3187 2175 3274 2228 διὰ
3308 2173 3401 2226 τοῦ
3429 2170 3637 2242 ψαλμοῦ
3666 2184 3853 2238 παρηγ-

2328 2267 2558 2337 γελμένα
2596 2268 2691 2320 καὶ
2717 2269 2845 2337 ὴυῗν
2883 2268 3143 2320 ἐπιτελεῖν
3178 2265 3597 2338 προστέτακταιο
3621 2255 3691 2314 ὧν
3725 2258 3853 2330 πρῶ-

2327 2357 2416 2410 τόν
2443 2358 2556 2410 ἐστι
2582 2357 2643 2409 τὸ
2672 2357 3098 2427 ἐξομολογεῖσθαι
3118 2374 3129 2386 ·
3162 2355 3300 2426 ἀρχὴ
3331 2355 3439 2425 γὰρ
3473 2351 3681 2422 ἀγαθῶν
3710 2352 3739 2419 ἡ
3763 2348 3855 2400 τῶν

2328 2447 2602 2518 προτέρων
2631 2446 2811 2499 κακῶν
2844 2447 3097 2509 ἀπόλυσις
3123 2445 3208 2499 διὰ
3237 2445 3457 2516 γνησίας
3485 2441 3754 2514 μετανοίας
3775 2437 3856 2491 καὶ

2329 2537 2755 2608 ἐξομολογήσεως
2796 2538 3150 2610 ἐγγιγνομένη
3177 2577 3191 2600 ,
3245 2536 3448 2604 ἄγουσά
3502 2552 3559 2586 τε
3602 2533 3687 2585 ἐπί⁷
3724 2530 3854 2592 τέλος

2327 2628 2524 2695 ἀγαθὸν
2551 2629 2710 2683 αὑτὸν
2739 2629 2829 2681 τὸν
2855 2629 3002 2685 Θεόν.
3044 2629 3107 2681 El
3139 2627 3256 2698 7&9
3281 2627 3450 2689 οὐδεὶς
3497 2624 3690 2692 ἀγαθὸς
3719 2625 3761 2674 εἰ
3790 2621 3851 2691 μὴ

2327 2720 2355 2772 ὁ
2381 2719 2529 2784 Θεὸς,
2562 2719 2766 2790 ἀγαθῆς
2802 2720 3021 2791 πορείας
3052 2718 3149 2788 τῆς
3192 2718 3282 2771 ἐπὶ
3325 2717 3414 2770 τὸν
3449 2716 3580 2769 Θεὸν
3620 2713 3848 2780 ἀγούσης,

2328 2809 2502 2880 ἀγαθὴ
2527 2809 2718 2878 γένοιτ’
2748 2810 2811 2863 ἂν
2837 2808 2975 2882 ἀρχὴ
2999 2811 3032 2880 ή
3062 2807 3455 2882 ἐξομολόγησις.
3491 2806 3581 2858 Διὸ
3603 2805 3848 2856 λέλεκται’

2341 2901 2574 2971 Ἀγαθὸν
2607 2902 2672 2955 τὸ
2707 2900 3185 2969 ἐξομολογεῖσθαι
3233 2897 3310 2962 τῷ
3363 2897 3572 2962 Κυρίῳ.
3623 2893 3725 2945 Καὶ
3761 2892 3851 2960 γὰρ

2328 2995 2588 3064 προσήκει
2625 2993 2697 3065 μὴ
2726 2991 3028 3063 ἀνθρώποις
3067 2986 3463 3042 ἐπιδείκνυσθαι
3500 2984 3597 3054 τὴν
3630 2982 3848 3052 ἐξομολό-

2327 3100 2502 3154 γησιν,
2525 3083 2636 3136 ἀλλ’
2669 3082 2813 3152 αὐτῷ
2842 3080 2916 3151 τῷ
2944 3080 3042 3144 τὰς
3085 3077 3306 3149 καρδίας
3349 3073 3634 3147 ἐρευνῶντι
3666 3073 3848 3142 Κυρίῳ.

2335 3174 2560 3237 fama:
2590 3173 2913 3244 λαμϐάνεται
2948 3173 2981 3242 ὴ
3010 3169 3387 3240 ἐξομολόγησις
3420 3165 3512 3220 καὶ
3544 3163 3632 3218 ἐπὶ
3664 3162 3752 3232 τῆς
3779 3162 3852 3212 εὑ-

691 3267 853 3321 agere
878 3253 1155 3307 matutinis
1201 3254 1369 3318 horis,
1417 3255 1571 3325 quasi
1609 3255 1871 3324 primitias
1909 3255 2222 3309 diurnarum

2328 3233 2625 3332 χαριστίας,
2651 3227 2725 3322 ῶς
2757 3227 3012 3322 πολλάκίς
3049 3227 3180 3330 ημῖν
3213 3227 3447 3328 είρηται,
3483 3227 3852 3315 εἰκότως-κατά

691 3343 960 3397 actionum
991 3345 1248 3401 doctrina:
1273 3347 1339 3400 de
1368 3346 1460 3400 Dei
1497 3345 1862 3399 misericordia
1889 3345 2149 3401 dicantes.

2328 3351 2418 3420 τὴν
2433 3351 2712 3421 Κυριακὴν
2739 3350 2944 3420 ἡμέραν
2968 3349 3060 3402 καὶ
3084 3349 3180 3412 τὰς
3207 3347 3548 3418 εὐχαριστίας
3571 3343 3717 3414 ἡμῶν
3746 3345 3851 3397 ἀπο.

688 3433 897 3505 δίδομεν
928 3435 1004 3504 τῷ
1033 3436 1237 3506 Κυρίῳ,
1270 3436 1540 3505 πανταχοῦ
1565 3436 1662 3505 τῆς
1685 3435 2001 3505 οἰκουμένης
2029 3438 2084 3488 ἐν
2113 3438 2228 3500 ταῖς
2255 3440 2560 3510 ἐκκλησίαις
2596 3438 2756 3492 αὐτοῦ
2805 3439 3198 3508 συνερχόμενοι.
3237 3436 3611 3506 Προκόψαντες
3672 3435 3725 3486 δὲ
3779 3433 3850 3485 διὰ

690 3529 787 3597 τῆς
815 3528 1258 3600 ἐξομολογήσεως,
1289 3529 1389 3599 ἤδη
1417 3529 1508 3582 καὶ
1537 3529 1754 3598 ψάλλειν
1785 3517 2111 3598 κελευόμεθα
2143 3531 2234 3583 ἐπὶ
2264 3533 2539 3602 κρείττονα
2573 3533 2747 3602 ψυχῆς
2801 3532 3126 3584 κατάστασιν
3189 3529 3574 3601 προελθόντεςο
3609 3528 3851 3587 ἐπιδόντες

691 3619 749 3672 δὲ
780 3619 857 3671 ἔτι
900 3623 992 3672 καὶ
1037 3620 1269 3689 βελτίους
1312 3622 1587 3690 γενόμενοι
1615 3621 1819 3676 ἑαυτῶν
1839 3662 1853 3686 ,
1880 3621 1997 3692 ιίιδη
2041 3621 2133 3675 καὶ
2169 3624 2246 3686 είς
2273 3623 2486 3688 ἐτέρους
2515 3623 2890 3690 ἀπαγγέλλειν,
2917 3621 3182 3675 διδάσκειν
3211 3638 3269 3674 τε
3293 3620 3416 3682 τοὺς
3466 3621 3498 3686 ἡ
3509 3621 3594 3688 μίν
3649 3615 3852 3684 πλησιά-

692 3707 882 3772 ζοντας
927 3711 994 3763 τὰ
1043 3710 1134 3763 τοῦ
1181 3713 1383 3783 Κυρίου
1433 3713 1553 3783 ἐλέη
1609 3712 2077 3783 προσταττόμεθα⁶
2134 3714 2226 3766 καὶ
2256 3714 2410 3768 τοῦτο
2432 3703 2684 3787 πράττειν
2714 3714 2851 3767 κατά
2883 3714 2981 3777 τὰς
3007 3713 3244 3785 πρωῖνάς
3291 3711 3434 3784 ὥρας
3475 3709 3653 3780 ὥσπερ
3700 3711 3852 3777 ἀπαρ-

692 3799 791 3870 χὰς
817 3800 922 3852 τῶν
948 3799 1015 3852 δι’
1038 3799 1245 3872 ἡμέρας
1272 3801 1512 3872 πράξεων
1536 3803 1867 3866 ἀνατιθέντες
1897 3807 1962 3874 τῇ
1988 3802 2113 3875 περὶ
2139 3803 2231 3856 τοῦ
2258 3803 2434 3867 ἐλέους
2463 3804 2555 3857 τοῦ
2578 3802 2711 3857 Θεοῦ
2738 3803 3068 3873 διδασκαλίᾳ.

764 3908 889 3962 llaec
946 3922 1110 3978 porro
1171 3908 1322 3977 jubet
1380 3907 1657 3980 Scriptura
1718 3926 1973 3981 peragere
2052 3913 2229 3982 primo

694 3998 968 4064 diluculo,
1036 4007 1316 4068 postquam
1376 4002 1583 4055 animas
1642 4009 1696 4056 et
1747 4017 1977 4070 corpora
2041 4009 2229 4059 nostra

693 4098 962 4144 nocturno
1003 4099 1239 4160 tempore
1290 4100 1474 4147 sancta
1546 4101 1599 4148 et
1645 4109 1674 4147 a
1714 4093 1972 4148 sordibus
2013 4095 2230 4164 quibus-

695 4196 800 4250 que
855 4195 985 4248 pura
1041 4181 1466 4245 servaverimus,
1523 4184 1846 4253 pietatisque
1909 4185 2225 4248 veritatem,

693 4270 919 4338 repetita
997 4269 1276 4322 nocturnis
1344 4269 1490 4322 horis
1566 4270 1748 4324 cultus
1814 4269 1906 4323 Dei
1969 4272 2226 4324 memoria

693 4344 1110 4428 susceperimus.
1161 4357 1298 4412 Olim
1350 4358 1562 4426 quidem
1615 4356 1737 4412 cum
1790 4360 1972 4429 populi
2016 4375 2081 4414 ex
2127 4359 2226 4413 cir-

693 4451 1022 4506 cumcisione
1062 4465 1159 4518 per
1218 4449 1462 4520 symbols
1516 4455 1567 4501 et
1619 4447 1814 4518 ﬁguras
1857 4449 2023 4504 Deum
2078 4450 2224 4504 cole-

2393 3913 2574 3967 Ταῦτα
2622 3914 2678 3966 δέ
2708 3914 2970 3985 πράττειν
3013 3917 3042 3967 ό
3096 3914 3251 3983 λόγος
3303 3917 3719 3984 παρακελεύεται
3753 3911 3852 3980 ἃμα

2323 4005 2389 4072 τῇ
2421 4001 2530 4072 ἐῳ,
2578 4003 3016 4074 προφυλάξαντας
3059 4004 3255 4074 δηλαδὴ
3307 4003 3510 4055 ἑαυτῶν
3558 4002 3648 4064 τὰς
3700 4001 3850 4070 ψυχὰς

2323 4091 2421 4144 καὶ
2453 4091 2521 4144 τά
2554 4092 2774 4162 σώματα
2807 4093 2945 4146 κατά
2984 4093 3106 4155 τοὺς
3139 4093 3235 4163 τῆς
3267 4090 3456 4152 νυκτὸς
3494 4090 3707 4160 καιροὺς
3739 4089 3849 4154 ἆγια

2324 4183 2415 4236 καὶ
2449 4183 2643 4247 παντὸς
2674 4183 2945 4255 μολυσμοῦ
2988 4184 3374 4256 καθαρεύοντα,
3400 4181 3649 4251 ἀλήθειάν
3686 4197 3739 4232 τε
3771 4180 3847 4232 εὐ-

2325 4273 2534 4338 σεϐείας
2556 4275 3010 4345 ἐπιδεδεγμένους,
3039 4274 3126 4328 διά
3157 4273 3249 4326 τοῦ
3282 4274 3372 4326 καὶ
3401 4275 3518 4334 ταῖς
3542 4271 3848 4341 νυκτεριναίς

2330 4364 2498 4435 ὥραις
2545 4367 2642 4434 τῆς
2669 4367 2760 4419 τοῦ
2808 4365 2940 4420 Θεοῦ
2993 4365 3281 4436 θεραπείας
3335 4363 3653 4434 μεμνῆσθαι.
3699 4361 3849 4414 Πάλαι

2333 4454 2427 4523 μὲν
2484 4449 2595 4519 οὖν,
2637 4455 2870 4525 ὁπηνίκα
2918 4455 3007 4508 διὰ
3051 4455 3328 4524 συμϐόλων
3378 4453 3472 4506 καῖ⁵
3522 4452 3698 4504 τύπων
3748 4450 3848 4501 ἐλά-

693 4549 833 4604 rent,
862 4556 968 4594 non
989 4541 1348 4620 ,inpongruum
1377 4542 1606 4607 erat'per
1632 4539 1880 4606 psalteria
1913 4548 1965 4594 et
1991 4540 2226 4596 citharas

2328 4560 2515 4622 τρευον
2545 4544 2593 4596 ol
2625 4545 2687 4595 ἐκ
2725 4545 3036 4615 περιτομῆς,
3067 4545 3167 4596 οὐκ
3207 4541 3426 4603 ἀπεικὸς
3459 4536 3526 4610 ἦν
3556 4540 3641 4592 διὰ
3669 4538 3848 4606 ψαλτη-

694 4631 921 4701 hymnos
949 4631 1056 4686 Deo
1083 4632 1344 4693 emittere,
1374 4630 1533 4699 idque
1560 4631 1647 4684 die
1691 4628 1908 4684 Sabbati
1956 4640 2226 4698 pmstare,

693 4723 862 4778 Otium
907 4736 1097 4796 nempe
1135 4722 1422 4782 solventes,
1460 4729 1512 4774 et
1546 4721 1598 4773 in
1648 4720 1748 4773 hoc
1798 4720 1963 4788 legem
2009 4720 2225 4775 Sahbati
2258 4754 2265 4763 -

692 4814 1167 4884 transgredientes.
1206 4813 1317 4869 Nos
1363 4828 1489 4867 vero
1525 4812 1764 4868 Judaeum
1817 4814 1871 4866 in
1909 4814 2226 4868 abscondito

693 4911 970 4962 servantes
1025 4905 1315 4957 secundum
1371 4901 1500 4956 illud
1555 4903 1791 4971 Apostoli
1839 4903 2226 4959 dictumzNon

693 4995 828 5048 enim
856 4995 944 5060 qui
994 4994 1045 5046 in
1094 4994 1387 5060 manifesto,
1419 4992 1636 5046 ludam;
1685 5005 1785 5061 'est,
1815 5014 1970 5066 neque
2017 5014 2131 5067 qua:
2171 4998 2225 5050 in

692 5083 989 5148 manifesto,
1023 5083 1076 5134 in
1107 5098 1277 5145 carne,
1296 5093 1372 5136 est
1399 5085 1753 5145 circumcisio;
1785 5088 1871 5138 sed
1897 5089 1985 5154 qui
2022 5089 2075 5140 in
2098 5086 2224 5140 abs-

693 5168 896 5220 condito
932 5170 1148 5223 Judwus
1185 5180 1282 5230 est,
1318 5181 1364 5225 et
1406 5173 1726 5226 circumcisio
1743 5176 1910 5228 cordis
1934 5178 1986 5238 in
2016 5178 2222 5245 spiritu,

693 5273 796 5309 non
823 5257 1068 5324 littera”;
1102 5259 1296 5312 viventi
1339 5261 1590 5328 psalterio
1615 5269 1670 5316 et
1710 5263 1910 5316 cithara
1967 5268 2223 5328 animata,

694 5345 1175 5415 spiritualibusque
1246 5347 1469 5402 canticis
1549 5348 1802 5418 hymnum
1876 5351 2217 5406 eﬂ'undimus.

692 5434 852 5488 Omni
884 5437 1078 5503 quippe
1103 5439 1459 5492 instrumento
1483 5442 1688 5495 musico
1729 5444 1996 5511 acceptior
2021 5451 2073 5498 et
2095 5458 2224 5498 sua-

692 5525 810 5576 vior
839 5524 945 5578 Deo
973 5524 1132 5578 fuerit
1170 5525 1366 5580 Christi
1405 5531 1722 5600 papulorum
1770 5541 2086 5596 concentus,
2116 5546 2224 5601 quo

693 5613 747 5671 in
790 5616 1039 5670 omnibus
1079 5614 1170 5670 Dei
1198 5620 1440 5674 ecclesiis
1490 5635 1593 5674 una
1638 5631 1832 5689 mente,
1867 5637 1975 5677 uno
2008 5622 2222 5685 aliectu,

818 5763 947 5820 Gen.
987 5783 1031 5833 ι,
1067 5769 1118 5824 5.
1191 5770 1211 5801 ⁸
1250 5769 1402 5825 Rom.
1441 5786 1512 5840 η,
1543 5772 1644 5838 ἳ8,
1680 5773 1766 5828 9.9.

2335 4639 2458 4707 ρίων
2500 4637 2590 4689 καὶ
2630 4636 2852 4708 κιθάρας
2902 4637 3236 4706 ἀναπέμπειν
3272 4633 3422 4696 τινὰς
3460 4631 3537 4702 τῷ
3591 4632 3705 4702 Θεῷ
3746 4633 3848 4692 τοὺς

2333 4727 2548 4797 ὕμνους,
2581 4727 2676 4782 καὶ
2713 4726 2866 4779 τοῦτο
2911 4728 3079 4780 ποιεῖν
3113 4727 3232 4787 ταῖς
3274 4723 3503 4795 ἡμέραις
3537 4723 3628 4776 τοῦ
3666 4720 3846 4774 £46“-

2328 4835 2438 4881 του,
2474 4817 2843 4888 παραλύοντας
2880 4815 3074 4884 δηλαδὴ
3107 4813 3204 4885 τὴν
3234 4813 3449 4886 ἀργίαν,
3484 4815 3575 4868 καὶ
3613 4811 3846 4881 παραδοί-

2329 4925 2512 4972 νοντας
2547 4911 2636 4962 τὸν
2663 4907 2822 4978 νόμον
2850 4906 2939 4959 τὸν
2977 4904 3104 4975 περὶ
3140 4903 3230 4958 τοῦ
3269 4904 3572 4958 Σαϐϐάτου·
3609 4904 3757 4972 ἡμεῖς
3783 4901 3845 4959 δὲ,

2328 4999 2416 5052 τὸν
2467 5001 2524 5054 ἐν
2584 4996 2809 5070 κρυπτῷ
2867 4997 3110 5050 Ἰουδαῖον
3164 4995 3532 5058 ἀποσώζοντες
3596 4993 3725 5045 κατὰ
3770 4994 3846 5044 τὸν

2330 5088 2600 5154 φάσκοντα
2635 5088 2943 5140 Ἀπόστολον
2963 5103 2976 5114 ·
3014 5089 3092 5141 Οὐ
3125 5086 3232 5155 γὰρ
3260 5085 3326 5136 ἐν
3352 5081 3430 5146 τῷ
3477 5083 3704 5150 φανερῷ
3738 5084 3845 5135 ἰου-

2328 5175 2489 5242 δαῒός
2515 5177 2701 5239 ἐστιν,
2726 5175 2864 5230 οὐδὲ
2889 5177 2926 5242 ἠ
2956 5176 3025 5229 ἐν
3056 5174 3135 5239 τῷ
3171 5170 3399 5241 φανερῷ
3453 5172 3522 5234 ἐν
3562 5173 3730 5239 σαρκὶ
3761 5186 3842 5223 xs-

2321 5265 2550 5332 ριτομὴ,
2574 5266 2707 5318 ἀλλ’
2728 5269 2759 5318 ό
2791 5266 2860 5318 ἐν
2884 5264 2962 5329 τῷ
2985 5259 3220 5332 κρυπτῷ
3259 5260 3546 5326 Ἰουδαῖος,
3583 5260 3677 5314 καὶ
3703 5262 3735 5323 ἡ
3758 5273 3832 5309 ,τε-

2321 5353 2528 5419 ριτομὴ
2561 5354 2802 5420 καρδίας
2831 5355 2898 5406 ἐν
2921 5355 3223 5420 πνεύματι,
3264 5351 3335 5401 οὐ
3370 5339 3670 5420 γράμματι,
3709 5349 3835 5412 ςῶντ.

2326 5441 2599 5512 ψαλτηρίῳ
2622 5445 2713 5496 καὶ
2737 5445 2934 5515 κιθάρᾳ
2961 5441 3204 5512 ἐμψύχῳ,
3227 5444 3613 5511 πνευματικαῖς
3630 5457 3684 5492 τε
3706 5438 3840 5506 ᾠδαῖς

2326 5531 2412 5596 τὸν
2453 5529 2614 5599 ὕμνον
2655 5533 2983 5600 ἀποδίδομεν.
3029 5529 3229 5592 Παντὸς
3257 5530 3300 5582 δ’
3336 5526 3428 5583 οῦν
3466 5530 3692 5599 ὀργάνου
3732 5539 3839 5591 μων-

2329 5623 2476 5675 σικοῦ
2504 5625 2690 5691 γένοιτ’
2709 5623 2772 5678 ἃν
2798 5623 2871 5693 τῷ
2892 5621 3008 5691 Θεῷ
3027 5621 3424 5693 προσηνεστέρα
3449 5621 3480 5670 ἢ
3503 5620 3608 5666 τῶν
3633 5611 3834 5676 ΧρισὭῖ
