3976 6356
705 416 840 471 H75

1384 411 1647 470 EUSEBII
1684 409 2148 497 CESARIENSIS
2180 413 2326 473 OPP.
2360 412 2538 470 PARS
2571 412 2657 468 Ill.
2694 442 2762 452 —
2800 404 3206 463 EXEGETICA.

3708 408 3828 467 1176»

700 528 1004 589 fundasti“.
1035 526 1193 582 Docet
1229 527 1395 597 igitur
1438 528 1550 583 haec
1586 527 1881 598 Scriptum,
1914 529 1970 583 in
2002 529 2113 584 otio
2139 530 2222 584 di-

2329 527 2451 582 Θεοῦ
2484 527 2768 598 κτίσματα,
2794 525 2910 579 καθ’
2949 523 2977 576 δ
3019 522 3111 575 καὶ
3146 523 3179 591 ὴ
3226 523 3345 574 κατ’
3374 518 3553 572 εἰκόνα
3593 518 3680 573 τοῦ
3713 520 3824 574 Θεοῦ

700 622 942 677 vinarum
986 619 1448 684 exercitationum,
1483 620 1646 689 inque
1681 621 1980 676 cessatione
2013 635 2043 674 a
2094 634 2217 675 cor-

699 712 870 781 porcis
898 718 951 765 et
984 709 1301 763 mortalibus
1345 709 1615 777 operibus,
1649 724 1806 777 quam
1852 708 2139 763 Sabbatum
2169 717 2223 765 et

698 800 931 869 requiem
992 798 1268 868 Scriptura
1322 808 1493 863 vocat,
1528 813 1620 854 eos
1652 799 1742 867 qui
1786 800 2220 869 contemplationi

697 892 1056 961 spiritualium
1095 884 1331 944 simulet
1372 890 1700 945 sensibilium
1730 889 1822 944 Dei
1859 905 2080 959 operum
2126 906 2216 944 va-

698 966 835 1045 cant,
859 983 1057 1043 dicere,
1078 982 1213 1046 Quia
1238 979 1502 1033 delectaui
1529 996 1627 1043 me,
1667 981 1903 1043 Domine,
1932 982 1986 1033 in
2011 980 2218 1049 factura

680 1060 805 1136 ζιιια,
835 1070 953 1125 etin
979 1070 1208 1138 operibus
1245 1086 1489 1127 manuum
1516 1081 1721 1124 tuarum
1747 1070 2017 1124 exsultabo
2052 1085 2069 1121 :
2098 1086 2217 1124 nam

698 1170 756 1215 ex
793 1153 1141 1231 magnitudine
1183 1169 1232 1213 et
1275 1159 1656 1229 pulchritudine
1706 1171 2063 1213 creaturarum
2101 1174 2220 1227 pro—

697 1252 925 1323 portione
946 1250 1169 1321 quadam
1187 1251 1356 1319 opifex
1378 1266 1556 1304 earum
1586 1251 1899 1319 conspicitur
1921 1250 1998 1302 ηε
2027 1265 2088 1304 ac
2112 1251 2221 1319 spi-

698 1340 928 1404 ritualia,
980 1340 1293 1409 incorporea
1339 1348 1393 1395 et
1424 1340 1685 1403 caelestia,
1728 1355 1937 1394 necnon
1982 1341 2215 1395 visibilia

698 1427 833 1497 ejus,
865 1443 895 1482 a
931 1429 1200 1484 creatione
1229 1427 1411 1482 mundi
1433 1428 1683 1498 operibus
1714 1428 1977 1482 intellecta
2003 1427 2215 1497 conspi-

698 1516 935 1581 ciuntur,
962 1517 1256 1572 secundum
1286 1524 1527 1571 sanctum
1554 1516 1864 1586 Apostolum
1882 1518 1944 1571 1‘.

2320 619 2650 688 γεγενημένη
2691 615 2831 686 ψυχὴ
2874 611 3193 682 πεποιῆσθαι
3235 609 3665 679 ἀναγέγραπται⁹
3714 609 3827 681 ἔργα

2320 705 2609 779 δὲαχειρῶν
2661 704 2819 760 αὐτοῦ
2864 705 2931 758 τὰ
2976 700 3201 773 αἰσθητὰ
3239 702 3329 754 καὶ
3373 700 3651 769 σωματικὰ
3693 699 3827 753 αὐτοῦ

2320 793 2782 865 δημιουργήματα,
2806 794 2929 862 περ.
2957 785 3031 845 ὧν
3058 790 3291 861 εἴρηται*
3328 788 3446 840 Ὅτι
3476 787 3685 855 ὄψομαι
3714 805 3826 853 τους

2322 876 2629 952 οὐρανοὺς,
2653 882 2794 951 ἔργα
2828 880 2942 934 τῶν
2974 879 3281 936 δακτύλων
3298 891 3433 939 σου,
3471 875 3732 942 σελήνην
3751 880 3825 931 καὶ

2323 972 2603 1045 ἀσζτέρας,
2646 972 2684 1027 ἁ
2736 972 2815 1025 σὺ
2859 970 3262 1039 ἐθεμελίωσας.
3314 968 3560 1021 Διδάσκει
3608 966 3825 1038 τοίνυν·ή

2326 1062 2459 1130 μετά
2491 1064 2672 1131 χεῖρας
2713 1060 2918 1131 Γραφὴ,
2950 1061 3006 1113 ὲν
3045 1061 3110 1129 τῇ
3154 1058 3310 1128 σχολῇ
3354 1056 3459 1109 τῶν
3494 1054 3647 1107 θείων
3691 1056 3826 1121 ἀσκή-

2324 1167 2478 1216 σεων,
2501 1151 2594 1203 καὶ
2614 1152 2677 1220 τῇ
2699 1149 2806 1202 τῶν
2828 1148 3143 1219 σωματικῶν
3176 1149 3265 1200 καὶ
3289 1144 3490 1216 θνητῶν
3515 1145 3682 1216 ἔργων
3702 1146 3820 1213 άσχο

2323 1240 2409 1311 λίᾳ
2441 1257 2497 1292 τε
2542 1241 2632 1293 καὶ
2662 1240 2844 1313 ἀργίᾳ.
2877 1240 2944 1309 ἥν
2984 1256 3101 1293 τινα
3138 1239 3405 1292 Σάδόατον
3432 1237 3525 1291 καὶ
3568 1237 3828 1289 ἀνάπαυσιν

2317 1335 2345 1385 ὁ
2371 1332 2523 1400 λόγος
2546 1330 2819 1395 ἀποκαλεῖ,
2856 1332 2912 1384 ὲν
2938 1330 3221 1401 τῇθεωρίᾳ
3257 1329 3361 1381 τῶν
3402 1344 3460 1380 τε
3494 1328 3689 1397 νοητῶν
3723 1327 3831 1396 ὁμοῦ

2318 1423 2530 1485 καὶτῶν
2552 1422 2710 1490 αίσθη
2719 1438 2826 1474 των
2842 1420 3013 1493 ἐργῶν
3028 1420 3120 1473 τοῦ
3138 1418 3268 1473 Θεοῦ
3285 1417 3631 1489 σχολάζοντας
3660 1416 3827 1484 λέγειν-

2319 1516 2436 1568 Ὄτι
2473 1512 2781 1583 ωὔφρανάς
2824 1529 2919 1581 με,
2957 1513 3150 1579 Κύριε,
3180 1511 3247 1563 ἐν
3289 1508 3368 1575 τῷ
3404 1507 3675 1575 ποιήματι
3719 1522 3833 1561 σου.

698 1602 790 1662 και
812 1609 883 1663 ἐν
908 1609 1029 1674 τοῖς
1054 1610 1245 1680 ἔργοις
1279 1610 1396 1663 τῶν
1424 1609 1631 1678 χειρῶν
1649 1625 1762 1664 σου
1783 1609 2230 1679 ἀγαλλιὰσομαι,
2255 1610 2323 1662 ἐκ
2343 1608 2624 1678 μεγέθους
2645 1607 2751 1676 γὰρ
2775 1607 2873 1660 καὶ
2892 1603 3190 1672 καλλονῆς
3214 1600 3543 1671 κτισμάτων
3566 1599 3829 1666 ἀναλόγως

697 1714 728 1765 δ
753 1703 1155 1772 γενεσιουργύς
1188 1702 1381 1757 αὐτῶν
1424 1706 1736 1772 θεωρεῖται·
1764 1706 1855 1758 καὶ
1883 1704 1951 1759 τὰ
1976 1704 2137 1774 νοητὰ
2156 1703 2211 1757 δὲ
2256 1706 2345 1757 καὶ
2370 1704 2627 1773 ἀσώματα
2648 1703 2740 1755 καὶ
2778 1701 3131 1772 ὑπερκόσμια,
3158 1700 3227 1753 τά
3259 1716 3318 1751 τε
3352 1697 3525 1768 ὁρατὰ,
3566 1692 3721 1749 αὑτοῦ
3750 1694 3831 1746 ἀπὸ

697 1796 915 1859 κτίσεως
956 1795 1154 1863 κόσμου
1194 1796 1300 1857 τοῖς
1342 1795 1603 1866 ποιήμασι
1651 1794 1906 1867 νοούμενα
1954 1796 2263 1866 καθορᾶται,
2312 1794 2449 1848 κατὰ
2503 1795 2592 1847 τὸν
2648 1793 2786 1864 ἱερὸν
2832 1792 3165 1847 ⁹λὲιπόστολοιν.

766 1908 934 1964 Vens.
966 1907 1096 1972 6,7.
1138 1908 1307 1973 Quam
1358 1909 1691 1979 magniﬁcam
1738 1920 1856 1965 sunt
1910 1927 2065 1980 opera
2112 1921 2222 1977 tua,

2402 1913 2495 1977 Ὧς
2520 1912 2884 1981 ἐμεγαλύνθη
2924 1909 2993 1963 τὰ
3038 1906 3181 1976 ἔργα
3226 1920 3362 1970 σου,
3401 1906 3592 1973 Κύριε,
3636 1901 3832 1972 σφόδρα

697 1998 950 2057 Domine!
972 1999 1124 2052 nimis
1145 1999 1416 2069 profundae
1440 2000 1592 2069 facta:
1604 2010 1722 2057 sunt
1741 2004 2075 2071 cogitationes
2100 2013 2224 2059 tuae.

704 2086 799 2139 Vir
820 2087 1067 2155 insipiens
1093 2104 1194 2142 non
1217 2098 1507 2157 cognoscet,
1544 2099 1593 2143 et
1626 2090 1817 2161 stultus
1847 2108 1947 2144 non
1989 2092 2234 2161 intelliget

698 2174 823 2229 hac.
855 2175 958 2239 Me,
985 2177 1177 2247 inquit,
1209 2178 1499 2242 delectasti,
1532 2178 1769 2242 Domine,
1800 2182 1853 2232 in
1883 2180 2090 2249 factura
2121 2192 2230 2246 tua,

697 2275 743 2319 et
772 2268 829 2318 in
855 2265 1093 2335 operibus
1126 2282 1371 2318 manuum
1396 2278 1639 2339 tuarum;
1674 2270 1764 2322 sed
1806 2285 1913 2323 non
1938 2272 2113 2339 quivis
2135 2271 2233 2325 ho-

696 2370 785 2408 mo
810 2356 928 2423 pari
968 2361 1128 2422 atque
1156 2369 1255 2423 ego
1284 2356 1444 2409 modo
1483 2356 1703 2413 affectus
1753 2366 1854 2414 est.
1898 2359 2046 2415 Multi
2077 2377 2227 2415 nam-

697 2460 803 2514 que
827 2444 1144 2513 insipientes
1158 2452 1211 2499 et
1234 2444 1602 2515 imprudentes
1614 2456 1760 2511 sunt,
1790 2447 1882 2517 qui
1910 2465 2008 2504 nee
2033 2459 2231 2504 norunt

698 2547 799 2588 nec
831 2532 1133 2603 intelligunt
1165 2548 1249 2599 ea,
1281 2534 1334 2586 in
1360 2535 1554 2603 quibus
1585 2551 1668 2591 me
1696 2536 1948 2591 delectari
1976 2545 2029 2591 et
2056 2524 2232 2592 exsul-

698 2630 817 2674 tare
861 2619 1136 2675 conﬁteor.
1179 2621 1536 2688 Quamobrem
1586 2625 1675 2693 qui
1720 2640 1842 2679 vere
1890 2626 2149 2695 insipiens
2178 2634 2230 2681 et

699 2712 898 2768 stultus
947 2722 1050 2774 est,
1094 2710 1189 2766 Dei
1236 2714 1567 2781 providentia
1608 2725 1661 2769 et
1710 2716 1873 2770 verbo
1920 2719 2229 2771 universum

698 2802 1009 2859 constitisse
1054 2810 1247 2872 negat;
1278 2805 1370 2859 sed
1419 2805 1528 2859 fato
1560 2815 1615 2861 et
1651 2806 1979 2869 necessitati,
2009 2807 2226 2862 insano-

698 2908 804 2962 que
842 2892 1053 2947 cuidam
1091 2894 1273 2946 cursui
1318 2909 1380 2946 ac
1427 2893 1655 2947 fortuna:
1702 2902 1848 2948 tanta
1886 2893 1979 2949 Dei
2017 2895 2226 2965 opiﬁcis

700 2984 938 3041 ascribit.
973 2983 1169 3039 Verum
1203 2984 1381 3049 etiam,
1428 2993 1483 3037 ut
1514 2984 1754 3047 insanus,
1781 2985 1837 3038 in
1866 2986 2100 3040 universi
2130 2986 2223 3040 ad-

702 3075 1099 3144 ministratione
1134 3074 1243 3127 ruit
1288 3080 1341 3127 et
1382 3073 1577 3127 labitur
1623 3074 1892 3143 opinione,
1934 3076 2077 3144 quod
2123 3076 2226 3146 ipsi

702 3163 945 3217 vidéatur
996 3163 1222 3216 multum
1265 3162 1442 3216 inesse
1474 3164 1527 3215 in
1567 3163 1775 3216 mortali
1814 3164 1921 3216 vita
1951 3162 2226 3232 inaequali-

2331 2004 2739 2070 ἐϐαθύνθησᾳν
2777 2003 2829 2053 oi
2876 1997 3243 2066 διαλογισμοί
3280 2011 3414 2051 σου.
3454 1994 3618 2062 Ἀνὴρ
3664 1993 3833 2061 ἄφρων

2331 2094 2402 2144 οὐ
2438 2090 2739 2160 γνώσεται,
2778 2089 2875 2141 καὶ
2920 2088 3205 2152 ἀσύνετος
3255 2088 3325 2139 οὐ
3368 2082 3621 2149 συνήσει
3657 2081 3832 2135 ταῦτα.

2343 2179 2496 2249 Ἐμὲ,
2537 2178 2717 2249 φησὶν,
2739 2178 3059 2245 ηὔφρανας,
3087 2171 3133 2229 ὦ
3152 2176 3346 2242 Κύριε,
3384 2174 3453 2227 ἐν
3492 2172 3569 2237 τῷ
3592 2170 3837 2239 ποιήματι

2330 2288 2462 2333 σου,
2486 2270 2581 2323 καὶ
2602 2270 2669 2321 ἐν
2688 2270 2808 2333 τοῖς
2830 2267 3019 2336 ἔργοις
3037 2265 3152 2319 τῶν
3169 2264 3376 2332 χειρῶν
3390 2279 3503 2316 σου
3521 2280 3534 2292 ·
3552 2262 3658 2316 ἀλλ’
3681 2262 3735 2313 οὐ
3758 2260 3834 2313 καὶ

2330 2363 2435 2424 πᾶς
2458 2360 2591 2431 ἀνὴρ
2616 2359 2713 2430 τὴν
2739 2358 2902 2426 αὐτὴν
2936 2356 3059 2426 ἐμοὶ
3085 2355 3234 2424 φέρει
3266 2353 3517 2407 διάθεσιν.
3552 2352 3731 2404 Πολλοὶ
3748 2350 3835 2419 γάρ

2328 2454 2460 2505 εἰσιν
2488 2451 2713 2522 ἄφρονες
2734 2448 2823 2501 καὶ
2843 2445 3102 2510 άσύνετοι,
3128 2445 3186 2496 οὺ
3210 2441 3578 2511 γινώσκοντες,
3600 2443 3709 2494 οὐδὲ
3730 2458 3832 2493 συν-

2331 2542 2497 2603 ιέντες
2540 2540 2675 2594 αὐτὰ
2702 2539 2766 2609 δὴ
2801 2537 2968 2589 ταῦτα
2994 2576 3007 2599 ,
3049 2536 3131 2603 ἐφ’
3178 2529 3257 2597 οἷς
3297 2534 3453 2597 αὐτὸς
3497 2530 3834 2603 εὐφραίνεσθαι

2327 2632 2417 2685 καὶ
2454 2630 2707 2700 άγαλλιᾷν
2746 2626 3006 2699 ὁμολογῶ.
3041 2626 3233 2697 Διόπερ
3261 2628 3289 2678 ὁ
3331 2625 3403 2688 ὼς
3434 2623 3643 2693 άληθῶς
3679 2621 3835 2691 ἄφρων

2325 2724 2418 2776 καὶ
2446 2721 2695 2783 ἀσύνετος
2723 2722 2932 2791 ἀναιρεῖ
2964 2718 3059 2788 μὲν
3087 2717 3147 2769 τὸ
3173 2715 3393 2787 προνοίᾳ
3432 2715 3527 2767 καλ¹
3568 2713 3701 2781 λόγῳ
3723 2711 3834 2763 Θεοῦ

2328 2811 2636 2865 συνεστάναι
2662 2809 2720 2861 τὸ
2747 2810 2873 2872 πᾶν,
2904 2806 3202 2877 εἱμαρμένῃ
3228 2805 3282 2857 δὲ
3317 2804 3411 2856 καὶ
3443 2803 3668 2873 ἀνάγκῃ,
3688 2800 3837 2867 ἀλόγῳ

2323 2914 2381 2954 τε
2413 2901 2550 2971 φορᾷ
2580 2899 2671 2952 καὶ
2695 2898 2830 2966 τύχῃ
2854 2895 3185 2967 προσγράφει
3212 2893 3278 2945 τὰ
3300 2891 3594 2961 τηλικαῦτα
3618 2889 3702 2941 τοῦ
3720 2886 3836 2941 Θεοῦ

2322 2989 2783 3062 δημιουργήματα.
2821 2986 2977 3041 Ἀλλὰ
3014 2987 3107 3038 καὶ
3146 2984 3220 3047 ὡς
3261 2982 3512 3044 ἀσύνετος
3541 2980 3835 3050 προσκόπτει
3940 3016 3941 3062 1

2322 3086 2385 3152 τῇ
2410 3082 2664 3150 διοικήσει
2700 3077 2793 3153 τοῦ
2823 3076 3038 3142 παντὸς,
3061 3076 3147 3129 διὰ
3186 3076 3245 3128 τὸ
3288 3074 3458 3127 δοκεῖν
3494 3070 3685 3134 πολλὰς
3717 3071 3834 3122 ἀνω-
3940 3070 3941 3131 Ῐ

2328 3170 2520 3241 μαλίας
2548 3171 2604 3222 ὲν
2638 3168 2715 3238 τῷ
2738 3167 2913 3238 θνητῷ
2946 3167 3043 3237 βίῳ
3071 3166 3307 3235 θεωρεῖν.
3342 3166 3399 3217 '0
3441 3163 3538 3232 μὲν
3566 3157 3654 3214 οὖν
3678 3161 3834 3230 ἄφρων

705 3253 853 3309 tatis.
883 3251 1147 3322 insipiens
1195 3252 1356 3322 igitur
1381 3252 1468 3307 ille
1500 3260 1552 3306 et
1584 3253 1805 3308 insanus
1832 3269 1942 3311 rem
1986 3269 2123 3323 aegre
2152 3253 2225 3307 fe-

2329 3264 2415 3317 καὶ
2445 3261 2694 3322 ἀσύνετος
2726 3258 3077 3328 δυσχεραίνων
3104 3257 3260 3319 εὐθὺς
3290 3255 3381 3309 ἐπὶ
3420 3254 3720 3323 βλάσφημον
3754 3251 3833 3303 καὶ

705 3359 850 3404 rens.
879 3344 1053 3398 statim
1081 3342 1147 3397 ad
1172 3343 1540 3411 blasphemum
1567 3351 1619 3398 et
1644 3344 1862 3413 impium
1883 3345 2220 3398 ratiocinium

705 3432 950 3494 vertitur,
972 3431 1161 3485 horum
1193 3445 1404 3485 causam
1429 3432 1680 3486 dictitans
1705 3448 1844 3495 esse,
1877 3431 2016 3501 quod
2049 3432 2228 3487 nullus

709 3524 781 3575 sit
808 3520 970 3584 Deus,
1002 3522 1149 3575 nulla
1196 3520 1559 3590 providentia;
1603 3521 1697 3575 sed
1723 3523 1916 3575 'omnia
1955 3531 2151 3576 temere
2177 3533 2231 3577 et

709 3626 839 3665 casu
876 3610 1132 3665 ferantur.
1169 3610 1277 3679 Ego
1307 3626 1432 3664 vero
1457 3611 1615 3663 etiam
1644 3610 1695 3663 in
1725 3611 1830 3665 illis
1858 3612 2103 3665 obscuris
2134 3626 2229 3665 oc-

709 3700 974 3767 cultisque
1011 3700 1192 3761 rebus,
1224 3700 1308 3767 pia
1340 3699 1575 3752 imbutus
1602 3700 1884 3763 sententia,
1915 3715 2231 3769 persuasum

709 3793 881 3846 habeo
920 3792 1107 3858 judicii
1163 3799 1217 3847 et
1260 3784 1740 3845 administrationis
1796 3801 1897 3846 tute
1950 3794 2230 3856 rationem,

712 3884 1022 3950 parvitatem
1048 3897 1218 3937 meam
1242 3883 1397 3953 longe
1425 3898 1697 3951 superare.
1717 3882 2069 3947 Quamobrem
2092 3884 2230 3945 dico,

713 3970 885 4036 Quam
925 3974 1255 4041 magniﬁcam
1285 3982 1402 4026 sunt
1431 3989 1583 4039 opera
1621 3982 1730 4033 tua,
1774 3972 1989 4026 Domine
2006 3974 2025 4024 .'
2056 3973 2233 4025 admo-

713 4062 837 4112 dum
888 4059 1099 4112 excelsa:
1144 4060 1294 4127 facta:
1345 4071 1463 4113 sunt
1510 4062 1839 4128 cogitationes
1885 4070 2003 4114 tum.
2041 4064 2104 4114 Et
2144 4063 2233 4129 qui

713 4151 919 4219 possint
951 4150 1198 4204 mortalia
1244 4151 1542 4216 ratiocinia,
1596 4152 1858 4219 profunda
1910 4150 2002 4203 Dei
2053 4152 2234 4218 explo-

712 4259 854 4305 rare,
882 4250 935 4294 ct
963 4241 1312 4311 cogitationes
1341 4240 1458 4308 ejus
1475 4242 1621 4309 queis
1641 4242 1871 4294 humana
1898 4241 2235 4293 administrat

717 4329 1073 4398 cognoscere?
1098 4329 1553 4393 Quemadmodum
1593 4333 1732 4382 enim
1764 4332 1940 4384 nullus
1972 4330 2232 4383 hominum

718 4420 851 4469 novit
879 4435 989 4485 quae
1015 4428 1130 4470 sunt
1154 4418 1392 4481 hominis,
1426 4419 1525 4471 nisi
1563 4420 1775 4485 spiritus
1806 4421 1891 4486 qui
1921 4422 1971 4470 in
1997 4422 2104 4485 ipso
2134 4429 2230 4482 est;

718 4506 789 4556 sic
818 4523 928 4572 qua:
962 4506 1052 4557 Dei
1080 4515 1198 4558 sunt
1224 4507 1393 4559 nullus
1445 4509 1606 4572 novit,
1646 4509 1747 4561 nisi
1791 4507 2015 4575 Spiritus
2057 4509 2229 4572 Dei”,

2328 3350 2493 3421 ἀσεϐῆ
2517 3346 2765 3417 λογισμὸν
2796 3347 3071 3417 τρέπεται,
3108 3344 3368 3413 άθεότητά
3404 3360 3461 3394 τε
3490 3343 3582 3395 καὶ
3611 3342 3835 3411 ἀπρονοησ

2327 3441 2447 3493 σίαν
2462 3479 2475 3503 ,
2506 3439 2597 3491 καὶ
2619 3438 2677 3489 τὸ
2700 3435 2843 3505 εἰκῆ,
2866 3435 2955 3487 καὶ
2983 3434 3056 3496 ὡς
3077 3432 3251 3502 ἔτυχε,
3275 3432 3473 3484 τούτων
3498 3425 3629 3482 εἶναι
3648 3429 3837 3495 φάσκων

2328 3531 2501 3583 αἴτια·
2535 3516 2641 3596 ἐγὼ
2689 3526 2765 3591 δὲ,
2810 3526 2901 3578 καὶ
2941 3524 3031 3577 ἐπὶ
3075 3522 3182 3575 τῶν
3226 3520 3627 3591 προειρημένων
3657 3517 3835 3585 ἀδήλων

2328 3618 2561 3672 εὐσεὸεῖν
2614 3616 3014 3683 δεδιδαγμένος,
3065 3612 3395 3682 πέπεισμαι,
3455 3612 3536 3663 ὅτι
3583 3609 3709 3677 ὑπὲρ
3754 3606 3839 3674 τὴν

2330 3709 2465 3779 ἐμὴν
2512 3702 2841 3777 σμικρότητα
2883 3703 3228 3771 τυγχάνουσιν
3270 3703 3317 3754 οἱ
3354 3702 3451 3769 τῆς
3507 3700 3603 3770 σῆς
3638 3698 3836 3769 κρίσεως

2331 3799 2422 3851 καὶ
2441 3796 2747 3866 διοικήσεως
2770 3794 2934 3861 λόγοι.
2966 3792 3054 3844 Διό
3078 3809 3215 3861 φημι
3234 3808 3247 3820 ·
3283 3792 3379 3855 Ὠς
3404 3789 3752 3857 ἐμεγαλύνθη
3782 3783 3836 3834 τὰ

2331 3888 2470 3955 ἔργα
2500 3901 2636 3949 σου,
2658 3885 2832 3951 Κύριε
2844 3884 2863 3934 .'
2897 3880 3127 3950 σφόδρα
3168 3877 3640 3946 ὐπερυψώθησαν
3660 3876 3705 3927 cl
3732 3873 3836 3925 δια-

2330 3976 2600 4045 λογισμοί
2625 3975 2779 4027 ⁴σου.
2822 3974 2931 4026 Καὶ
2977 3970 3134 4023 πόθεν
3178 3970 3282 4040 γὰρ
3339 3967 3546 4037 θνητοῖς
3602 3964 3835 4032 λογισμοῖς
3938 4014 3939 4019 η

2331 4068 2551 4138 ὲρευνᾷν
2591 4066 2658 4119 τὰ
2685 4064 2818 4134 βάθη
2844 4062 2934 4116 τοῦ
2967 4063 3127 4129 Θεοῦ,
3158 4061 3250 4115 καὶ
3283 4057 3562 4139 γινώσκειν
3602 4057 3715 4118 τοὺς
3741 4054 3835 4105 δια-
3938 4088 3939 4107 ι

2331 4158 2613 4226 λογισμοὺς
2641 4154 2803 4208 αὑτοῦ
2834 4153 3045 4217 καθόὒς
3080 4154 3266 4206 διοικεῖ
3301 4149 3368 4203 τὰ
3405 4146 3727 4219 άνθρώπινα;
3766 4144 3835 4203 ὀς

2331 4251 2437 4319 γὰρ
2457 4248 2627 4308 οὐδεὶς
2658 4246 2792 4314 ἔγνω
2811 4244 2925 4299 τῶν
2951 4243 3269 4311 ἀνθρώπων
3281 4240 3351 4294 τὰ
3368 4239 3471 4292 τοῦ
3492 4235 3776 4304 ἀνθρώπου
3794 4233 3837 4283 εί

2331 4339 2410 4407 μὴ
2433 4337 2496 4389 τὸ
2518 4336 2744 4401 πνεῦμα
2762 4334 2825 4387 τὸ
2844 4335 2911 4386 ἐν
2929 4332 3102 4397 αὐτῷ,
3121 4332 3269 4385 οὕτω
3290 4330 3385 4383 καὶ
3407 4328 3478 4381 τὰ
3497 4328 3601 4380 τοῦ
3619 4324 3747 4379 Θεοῦ

2331 4403 2452 4491 διεὶς
2485 4427 2633 4495 ἔγνω
2667 4426 2720 4477 εὶ
2750 4423 2833 4491 μὴ
2865 4423 2930 4475 τὸ
2959 4422 3193 4490 Πνεῦμα
3210 4420 3312 4473 τοῦ
3339 4415 3506 4479 Θεοῦ,
3534 4415 3627 4467 καὶ
3644 4414 3728 4480 οὐχ
3749 4403 3836 4468 οἷός

2336 4537 2395 4571 τε
2422 4518 2616 4583 λέγειν.
2645 4514 2832 4582 Ἡμεῖς
2852 4512 2919 4564 δὲ
2938 4513 3007 4565 οὐ
3034 4510 3097 4563 τὸ
3118 4509 3344 4583 πνεῦμα
3365 4505 3468 4559 τοῦ
3496 4505 3713 4571 κόσμου
3731 4495 3833 4551 ἐλά

724 4611 889 4660 neque
916 4595 1089 4648 dicere
1117 4604 1290 4664 potest
1314 4614 1325 4647 :
1350 4594 1457 4648 Nos
1487 4608 1653 4650 autem
1670 4615 1767 4651 non
1794 4599 2030 4666 spiritum
2061 4599 2228 4649 mundi

2340 4610 2531 4675 ὄομεν,
2566 4605 2697 4658 ἀλλὰ
2734 4604 2791 4654 τὸ
2832 4599 3051 4669 Πνεῦμα
3078 4599 3171 4651 τοῦ
3195 4597 3325 4651 Θεοῦ
3344 4614 3358 4627 ·
3397 4596 3521 4667 περὶ
3548 4589 3608 4648 οῦ
3640 4594 3833 4662 εῐρηται⁶

720 4684 1079 4748 accepimus”,
1113 4685 1203 4738 sed
1237 4684 1491 4752 Spiritum
1524 4685 1637 4749 Dei,
1667 4688 1731 4742 de
1761 4704 1865 4758 quo
1889 4690 2088 4744 dictum
2112 4699 2193 4741 cst
2220 4705 2231 4737 :

723 4773 859 4825 Nam
916 4772 1138 4840 Spiritus
1197 4776 1367 4827 omnia
1427 4786 1714 4843 scrutatur,
1768 4781 1919 4831 etiam
1980 4780 2235 4848 profunda

722 4862 817 4916 Dei
839 4864 912 4929 ‘9;
940 4878 1056 4932 qua:
1098 4878 1219 4915 cum
1258 4866 1419 4931 probe
1462 4866 1653 4929 norim,
1692 4868 1992 4924 nullatenus
2032 4870 2097 4923 de
2144 4869 2240 4921 bo-

724 4951 927 5005 minum
973 4954 1327 5020 inzequalitate
1376 4955 1690 5021 perturbor;
1730 4956 1835 5010 imo
1874 4974 2001 5011 vero
2036 4959 2239 5027 gaudeo

724 5049 776 5093 et
805 5041 973 5105 laetor,
1025 5042 1371 5110 providentiae
1418 5047 1675 5100 rationem
1728 5062 1836 5099 non
1881 5048 1946 5101 ab
1994 5049 2241 5101 humanis

724 5132 960 5193 casibus,
986 5136 1075 5186 sed
1103 5134 1169 5186 ab
1214 5135 1463 5202 operibus
1507 5151 1759 5192 manuum
1788 5136 1879 5189 Dei
1923 5144 1976 5190 et
1996 5138 2061 5190 ab
2090 5114 2243 5205 cpiti-

726 5222 824 5276 ciis
850 5220 964 5288 ejus
990 5234 1165 5278 mente
1196 5226 1525 5293 concipiens.
1562 5224 1776 5280 Gaudeo
1818 5228 1939 5281 item
1970 5236 2022 5280 et
2055 5229 2241 5281 admo—

728 5309 853 5363 dum
878 5312 1048 5373 laetor,
1066 5312 1133 5365 iis
1152 5313 1381 5367 donatus
1412 5313 1585 5375 bonis.
1617 5314 1811 5381 quibus
1837 5315 2091 5383 insipiens
2121 5314 2242 5382 qui-

727 5397 857 5451 libet
886 5406 938 5451 et
967 5399 1161 5452 stultus
1194 5403 1457 5468 privatur,
1486 5416 1585 5454 nec
1614 5401 1754 5453 valet
1790 5406 1857 5454 ab
1886 5402 2134 5469 operibus
2148 5400 2243 5455 Dei

731 5487 871 5543 illius
899 5488 1241 5558 providentia
1265 5492 1320 5543 in
1342 5492 1517 5544 omnia
1554 5491 1783 5545 rationes
1814 5488 2065 5545 ediscere.

2346 4699 2411 4750 Τὸ
2444 4697 2550 4765 γὰρ
2580 4695 2815 4762 Πνεῦμα
2862 4689 3053 4744 πάντα
3088 4685 3316 4757 ἐρευνᾷ,
3348 4686 3444 4740 καὶ
3474 4686 3545 4739 τὰ
3582 4685 3724 4749 ,ϐάθη
3752 4678 3835 4731 τοῦ

2344 4787 2517 4841 680i)-
2547 4788 2684 4855 ἆπερ
2708 4782 2876 4847 εἰδὼς,
2909 4780 3153 4850 οὐδαμῶς
3196 4778 3287 4831 ἐπὶ
3326 4780 3389 4848 τῇ
3434 4777 3540 4829 τῶν
3581 4770 3833 4841 ἀνθρώπων

2341 4876 2617 4947 ἀνωμαλίᾳ
2659 4876 3018 4944 ταράττομαι·
3066 4871 3235 4941 χαίρω
3282 4869 3338 4921 δὲ
3387 4867 3479 4919 καὶ
3525 4863 3834 4933 εὐφραίνομαι

2337 4969 2457 5031 τοὺς
2488 4970 2582 5037 τῆς
2611 4964 2856 5035 προνοίας
2884 4963 3069 5029 λόγους
3110 4960 3207 5012 οὐκ
3248 4957 3353 5010 ἀπὸ
3380 4955 3486 5007 τῶν
3506 4954 3640 5007 κατά
3665 4950 3832 5037 ἀνθρω-

2341 5071 2435 5105 πον
2469 5034 2906 5121 συμπτωμάτων,
2943 5048 3047 5100 ἀπὸ
3083 5047 3139 5099 δὲ
3176 5044 3279 5096 τῶν
3316 5042 3489 5113 ἔργων
3529 5040 3632 5095 τῶν
3671 5034 3836 5109 χειρῶν

2339 5142 2427 5195 τοῦ
2453 5141 2585 5194 Θεοῦ
2620 5142 2712 5194 καὶ
2742 5140 2844 5193 ἀπὸ
2867 5138 2971 5191 τῶν
3001 5134 3309 5206 ποιημάτων
3340 5132 3502 5185 αὑτοῦ
3531 5124 3833 5198 καταλαμδά-

2340 5248 2459 5283 νων.
2498 5230 2606 5283 Καὶ
2644 5214 2812 5299 χαίρω
2852 5244 2915 5296 γε
2956 5226 3047 5279 xai.
3084 5223 3577 5293 ὑπερευφραίνομαι
3622 5214 3836 5273 τοιούτων

2343 5312 2705 5379 καταξιωθεὶς,
2738 5308 2809 5366 ὧν
2835 5313 3113 5382 ἐπέρηται
3141 5310 3244 5371 πᾶς
3273 5308 3456 5379 ἄφρων
3482 5311 3570 5362 καὶ
3598 5306 3835 5361 ἀσύνετος,

2342 5404 2400 5453 οὐ
2432 5399 2716 5470 δυνάμενος
2740 5401 2844 5453 ἀπὸ
2872 5400 2976 5451 τῶν
3001 5397 3169 5468 ἔργων
3195 5397 3282 5449 τοῦ
3313 5398 3469 5461 Θεοῦ,
3491 5400 3597 5461 τοῖς
3628 5393 3735 5463 περὶ
3754 5390 3837 5455 τῆς

2346 5493 2565 5547 καθόλου
2598 5494 2844 5562 προνοίας
2868 5492 3038 5559 λόγοις
3069 5490 3475 5560 μαθητεύεσθαι.

836 5700 877 5729 ⁵⁵
914 5699 1047 5753 Psal.
1083 5718 1204 5765 vm,
1242 5705 1291 5758 4.
1371 5704 1408 5734 ¹⁵
1453 5703 1575 5775 Sup.
1606 5724 1729 5773 xm,
1763 5709 1811 5761 5.
1908 5710 1948 5740 ³⁵
1987 5706 2133 5761 Rom.
2176 5725 2210 5773 ι,

2329 5753 2333 5763 .
2418 5713 2455 5742 ¹⁷
2497 5710 2669 5764 lCor.
2710 5725 2777 5775 ιι,
2815 5708 2897 5761 Η.
2976 5708 3015 5740 ¹⁸
3056 5708 3179 5763 ibid.
3218 5708 3300 5761 12.
3380 5706 3419 5740 ⁸³
3462 5704 3584 5759 ilutl.
3624 5702 3695 5755 ιιι
