3976 6356
108 470 207 528 un

1163 448 1653 543 continuum
1688 450 1756 505 in
1794 449 2125 507 PSALMOS.

3076 432 3207 488 H78

166 584 242 636 Ἐν
256 579 336 647 τῷ
358 578 658 635 ἀνατεῖλαι
678 572 1052 645 ἁμαρτωλοὺς
1067 565 1209 628 ὤσει
1230 526 1463 641 χόρτον,
1496 567 1593 622 καὶ

1766 566 1923 623 Vens.
1951 567 2005 621 8.
2043 565 2174 623 Cum
2213 565 2605 635 eaarti'fuerint
2641 567 2927 631 peccatores
2966 554 3097 609 sicut
3142 547 3190 615 fe

102 675 357 742 διέκοψαν
404 670 621 737 πάντες
668 672 722 723 at
772 664 1135 739 ἐργαζόμενοι
1175 663 1288 732 τὴν
1320 661 1593 731 ἀνομίαν,

102 767 226 837 ὅπως
258 762 336 818 ἂν
374 758 868 829 ἐξολοθρευθῶσιν
885 758 970 822 εὶς
992 752 1299 835 τὸνθιιὶῶνα
1325 752 1430 806 τοῦ
1468 750 1598 805 αἰῶ-

102 868 199 915 νος.
227 848 279 901 '0
310 848 408 918 μὲν
451 847 635 918 ἀφρων
682 845 774 899 καὶ
805 842 1074 922 ἀσύνετος,
1110 841 1249 910 ὁρῶν
1275 840 1486 904 ἀσεϐεῖς
1510 841 1601 892 εὐ-

104 937 455 1007 θυμουμένους,
486 934 721 997 δικαίους
764 934 822 986 δὲ
859 933 950 987 καὶ
982 932 1218 996 εὐσεϐεῖς
1239 929 1599 1001 κακουμένους

102 1028 146 1080 οὐ
176 1027 367 1097 συνίησι
408 1026 543 1088 τοὺς
570 1024 671 1093 τῆς
708 1023 964 1095 Προνοίας
1021 1022 1227 1090 λόγους,
1283 1020 1394 1074 ἀλλ’
1443 1020 1597 1082 εὐθὺς

102 1120 171 1170 ἐπ’
194 1116 395 1179 ἀσεϐεῖς
434 1114 686 1186 τρέπεται
708 1114 1015 1184 λογισμοὺς,
1047 1113 1318 1186 ἐκπίπτων
1344 1114 1423 1175 είς
1448 1109 1599 1164 ἀθεό-

102 1225 245 1279 τητα·
303 1206 413 1275 ἐγὼ
463 1183 540 1270 δὲ,
577 1201 661 1277 ⁴τῷ
708 1183 967 1277 ποιήματι
1008 1222 1098 1257 σου
1129 1183 1345 1273 ἐνορῶν,
1374 1203 1599 1265 καὶτοῖς

102 1300 253 1371 ἔργοις
292 1298 400 1352 τῶν
444 1298 640 1370 χειρῶν
684 1315 797 1364 σου,
848 1296 981 1368 μετά
1008 1295 1112 1349 τῶν
1144 1295 1310 1348 ἄλλων
1347 1291 1597 1355 συνεῖδον,

104 1392 169 1443 ὅτι
192 1389 245 1442 τὺ
271 1388 420 1452 τέλος
446 1388 553 1443 τῶν
577 1389 713 1441 κατά
738 1389 825 1441 τὸν
858 1387 969 1459 βίον
999 1384 1369 1454 εὐθυμούντων
1392 1380 1599 1433 ἀσεϐῶν

105 1478 288 1551 ὄλεθρον
318 1479 553 1550 περιέχει
579 1480 671 1533 καὶ⁵
694 1478 990 1532 ἀπώλειαν·
1018 1476 1097 1529 διὸ
1122 1471 1251 1527 πολὺ
1290 1471 1446 1525 πλέον
1476 1472 1600 1533 τοὺς

104 1570 183 1666 τῆς
201 1565 339 1666 θείας
362 1570 592 1666 κρίσεως
604 1567 799 1666 ,λόγους
840 1564 1358 1638 ὑπερεκπλήττομαι.
1390 1561 1601 1628 ’Ὥσπερ

105 1657 212 1723 γοῦν
241 1658 422 1728 χόρτος
449 1657 628 1711 καὶτὰ
651 1658 756 1710 ἀπὸ
778 1657 879 1726 γῆς
906 1654 1037 1725 ἄνθη
1072 1652 1203 1723 πρὸς
1228 1651 1399 1719 ὀλίγον
1430 1650 1601 1721 ὡραῖα

105 1748 338 1815 φαίνεται,
371 1748 463 1800 καὶ
513 1747 689 1814 θέλγει
723 1746 821 1815 τὴν
853 1747 1057 1814 ὅρασιν,
1105 1743 1196 1795 καὶ
1230 1741 1326 1811 τὴν
1357 1738 1601 1808 αἴσθησιν

105 1838 309 1902 ἃπασαν,
335 1839 455 1892 ὅσον
485 1838 540 1890 δὲ
594 1837 797 1890 οὐδέπω
838 1832 1148 1904 μεταϐάλλει
1190 1831 1281 1886 καὶ
1322 1830 1599 1901 τρέπεται,

1694 676 1838 724 num,
1868 669 1916 713 et
1958 657 2287 727 apparuerint
2328 671 2500 710 omnes
2544 653 2632 723 qui
2667 654 2939 719 operantur
2982 641 3201 711 iniquita

1697 762 1794 803 tem
1818 766 1837 814 ;
1867 759 1922 802 ut
1951 750 2205 802 intereant
2234 751 2288 799 in
2316 744 2560 799 secutum
2584 739 2777 796 saeculi.
2807 735 3068 803 insipiens
3097 728 3201 799 quiv

1696 839 1816 895 dem
1849 854 1913 893 ac
1940 840 2136 893 stultus
2167 838 2271 901 ille,
2295 850 2415 889 cum
2444 832 2587 888 videt
2613 830 2804 897 impios
2830 823 3071 879 homines
3103 834 3206 889 pro
3312 860 3317 863 .

1698 946 1852 1001 spero
1896 944 2072 1009 agere,
2101 928 2274 997 iustos
2323 932 2498 979 autem
2540 916 2599 977 et
2637 921 2754 990 pios
2794 914 3031 970 homines
3064 909 3215 962 malis

1697 996 2327 1090 ορρνίιῄίξῖΡινονὶόοηιὶίε
2352 1015 2610 1068 rationem
2650 1023 2759 1063 non
2796 1002 3080 1071 intelligit;
3127 996 3216 1051 sed

1699 1110 1875 1164 statim
1910 1108 1975 1161 ad
2020 1108 2179 1174 impia
2225 1103 2499 1159 ratiocinia
2536 1099 2784 1160 vertitur,
2832 1095 2904 1148 ita
2950 1092 3131 1159 lapsus
3162 1095 3216 1141 ut

1697 1200 1901 1253 nullum
1930 1212 2049 1253 esse
2079 1195 2242 1250 Deum
2274 1201 2440 1265 putet.
2468 1191 2575 1262 Ego
2602 1202 2727 1243 vero
2752 1183 3019 1254 opiﬁcium
3048 1186 3219 1261 tuum,

1698 1299 1751 1344 et
1781 1305 1940 1359 opera
1972 1303 2223 1341 manuum
2259 1296 2468 1339 tuarum
2518 1280 2882 1336 considerans,
2914 1274 2969 1326 in
3008 1250 3105 1324 his‘
3127 1266 3204 1319 de.

1698 1378 1952 1447 prehendi
1984 1375 2473 1444 ﬂneminnpiorum,
2497 1370 2585 1438 qui
2618 1369 2670 1421 in
2697 1367 2797 1419 hac
2828 1361 2934 1415 vita
2972 1369 3221 1428 prospere

1700 1475 1882 1537 agunt,
1923 1481 2043 1521 esse
2078 1463 2347 1518 interitum
2385 1476 2448 1514 ac
2482 1452 2767 1529 perniciem
2800 1473 2814 1507 :
2853 1463 3018 1521 quare
3056 1446 3223 1499 multo

1700 1554 1867 1624 magis
1897 1552 2062 1606 divini
2106 1550 2289 1620 indicii
2332 1549 2591 1601 rationem
2627 1542 2878 1597 admiror.
2912 1536 3041 1590 Nam
3083 1534 3223 1589 sicut

1701 1642 1878 1708 fenum
1918 1650 1970 1697 et
1994 1640 2151 1694 ﬂores
2180 1647 2335 1693 terra:
2365 1635 2431 1689 ad
2460 1635 2617 1689 breve
2639 1626 2847 1698 tempus
2873 1624 3115 1694 speciosa
3144 1621 3224 1673 vi-

1701 1732 1891 1788 dentur
1923 1724 2213 1799 oculosque
2252 1743 2316 1781 ac
2361 1738 2575 1781 sensum
2607 1720 2942 1781 demulcent,
2981 1713 3072 1768 sed
3099 1725 3222 1764 mox

1702 1829 1977 1877 mutantur
2004 1836 2068 1873 ac
2097 1826 2393 1879 vertuntur,
2431 1813 2783 1880 facillimeque
2810 1809 3143 1861 marcescunt
3170 1806 3225 1851 et

108 1929 255 1996 φθίνει
281 1947 338 1983 τε
368 1932 538 2001 ῥᾷστα
566 1931 656 1982 καὶ⁵
677 1887 983 1981 ἀπόλλυται·
1002 1887 1088 1979 τὸν
1115 1923 1273 1979 αὑτὸν
1292 1887 1486 1993 τρόπον

1711 1918 1958 1993 pereunt;
1996 1910 2181 1963 eodem
2224 1905 2380 1960 modo
2407 1910 2735 1973 peccatores,
2767 1895 2856 1967 qui
2899 1905 3059 1962 penes
3086 1887 3223 1941 mul-

105 2022 144 2071 οί
168 2022 303 2092 παρά
341 2024 451 2083 τοῖς
480 2021 688 2082 πολλοῖς
729 2018 1117 2089 θαυμαζόμενοι
1158 2014 1461 2087 ἁμαρτωλοὶ
1492 2011 1605 2083 ἅμα

104 2125 151 2160 τε
187 2109 465 2173 ἀνέτειλαν,
500 2109 592 2161 καὶ
650 2108 785 2179 πρὸς
826 2108 1001 2175 ὀλίγον
1046 2106 1389 2176 ἀνθήσαντες,
1432 2103 1607 2157 διέκυ-

105 2198 211 2266 ψαν,
233 2199 495 2270 ἐφάνησαν
519 2215 579 2250 τε
606 2196 747 2261 τίνες
774 2196 899 2251 ποτέ
926 2199 1048 2260 εἰσι,
1079 2197 1169 2249 καὶ
1203 2195 1389 2257 ὁποίας
1420 2210 1607 2263 προαι-

110 2289 308 2358 ρέσεωςο
346 2286 440 2367 εἶτ’
471 2290 569 2342 οὐκ
599 2291 677 2353 εἰς
706 2289 909 2361 μακρὸν
934 2286 1122 2352 αὐτοὺς
1152 2285 1403 2357 μετῆλθεν
1428 2284 1607 2337 οὐκέτι

108 2380 283 2451 βραχὺς
305 2384 407 2435 καὶ.
420 2383 743 2454 πρόσκαιρος
768 2374 1000 2452 δλεθρος,
1033 2379 1165 2433 ἀλλά
1185 2377 1428 2448 διηνεκὴς
1462 2374 1607 2428 ἀπώ-

265 2473 624 2574 Ἐπειδήπερή
650 2474 714 2542 σὴ
726 2471 1091 2574 δικαιοκρισία
1117 2472 1226 2532 τοῖς
1261 2466 1607 2537 ἀνθρωπίνοις

108 2560 342 2632 ἐφέστηκε
383 2562 684 2633 πράγμασι,
723 2561 801 2613 διὸ
830 2560 892 2631 δὴ
918 2560 1143 2631 μάλιστα
1172 2556 1608 2627 συγκεχωρῆσθαι

107 2652 201 2712 τοῖς
217 2651 543 2721 ἁμαρτωλοῖς
573 2651 805 2714 καὶτοῖς
846 2649 1219 2721 ἐργαζομένοις
1245 2648 1343 2718 τὴν
1388 2648 1611 2718 ἀνομίαν

107 2742 157 2792 τὸ
187 2742 444 2796 ἀνατεῖλαι
470 2743 562 2796 καὶ
584 2740 835 2810 δωκῦψαι
857 2738 1086 2811 ἠγοῦμαι
1102 2757 1118 2773 ο
1146 2738 1219 2801 ὡς
1244 2738 1309 2792 ἂν
1335 2737 1609 2808 ἐλεγχθείη

108 2834 260 2887 αὐτῶν
279 2837 313 2907 ἡ
336 2835 676 2906 προαίρεσις,
720 2833 781 2887 οὐ
810 2831 985 2895 καλῶς
1033 2833 1141 2894 τοῖς
1168 2830 1259 2884 τοῦ
1281 2830 1412 2883 Θεοῦ
1442 2830 1615 2901 δωρή-

112 2940 222 2991 μασι
269 2925 603 2998 κεχρημένηο
652 2925 835 2995 διόπερ
888 2922 1094 2985 ἔκδικος
1159 2921 1349 2984 αὐτοὺς
1400 2919 1613 2988 ὄλεθρος

111 3016 307 3095 αἰώνιος
319 3017 627 3085 διαδέξεται.

169 3106 244 3159 Σὺ
271 3107 337 3160 δὲ
358 3108 635 3177 Ὕψιστος
648 3108 733 3171 είς
761 3105 870 3160 ’τὸν
898 3106 1101 3167 αὶῶνα,
1126 3105 1314 3171 Κύριε.
1340 3102 1457 3154 Ὀτι
1489 3096 1612 3153 ἰδοὺ

68 3202 77 3209 ⁷’
112 3200 155 3251 oi
173 3198 359 3267 ἐχθροί
369 3213 504 3262 σου,
526 3197 719 3264 Κύριε,
750 3194 837 3246 ὅτι
865 3192 990 3246 ἰδοὺ
1018 3196 1070 3247 οι
1105 3190 1298 3260 ἐχθροί
1331 3203 1444 3243 σου
1469 3187 1612 3241 ἀπο-
1638 3227 1680 3283 c

110 3289 353 3355 λοῦνται,
404 3289 503 3345 καὶ
542 3284 1175 3355 διασκορπισθήσονται
1200 3280 1414 3344 πάντες
1439 3280 1494 3331 οι
1531 3275 1616 3343 ἐρ-

114 3379 386 3459 ﬂeuerat
414 3380 527 3448 τὴν
552 3378 817 3448 ἀνομίαν.
842 3376 950 3431 Καὶ
988 3371 1362 3443 ὑψωθήσεται
1390 3370 1469 3434 ὼς
1505 3381 1614 3434 μο-

107 3458 406 3540 νοκέρωτος
451 3472 515 3524 τὸ
564 3469 737 3536 κέρας
758 3485 894 3538 μου,
946 3466 1042 3520 καὶ
1082 3463 1149 3517 τό
1190 3459 1373 3532 γῆράς
1399 3475 1513 3528 μου
1548 3455 1616 3508 ἑν

111 3561 271 3630 ἐλαίῳ
295 3566 471 3618 πίονι.
503 3561 612 3615 Καὶ
641 3559 868 3615 ἐπεῖδεν
884 3561 917 3612 ό
946 3554 1243 3625 ὀφθαλμός
1260 3568 1377 3620 μου
1402 3549 1471 3602 ἐν
1492 3546 1616 3613 τοῖς

111 3650 325 3721 ἐχθροῖς
348 3669 483 3722 μου,
511 3650 609 3703 καί
650 3649 719 3701 ἐν
740 3646 862 3712 τοῖς
888 3638 1373 3709 ἐκανισταμένοις
1401 3636 1491 3690 ἐπ’
1515 3634 1618 3705 ἐμὲ

110 3741 579 3811 πονηρευομένοις
615 3739 1001 3793 ἐπακούσεται
1034 3734 1099 3788 τὸ
1122 3729 1227 3797 οὗς
1244 3746 1373 3799 μου.
1406 3729 1477 3781 Σὺ
1502 3729 1616 3797 μὲν,

113 3827 277 3893 φησὶν,
306 3822 349 3880 ὦ
370 3826 557 3898 Κύριε,
585 3827 669 3880 ἀεὶ
700 3824 836 3879 κατά
848 3823 918 3877 τὰ
938 3822 1071 3876 αὑτά
1106 3820 1195 3875 καὶ
1220 3814 1471 3880 ὡσαύτως
1486 3815 1620 3886 ἔχων

120 3915 350 3988 ’Υψιστος
362 3919 417 3971 ὲν
434 3918 649 3989 ὑψηλοῖς
674 3916 935 3985 διαμενεῖς
962 3913 1051 3965 τὸν
1073 3910 1351 3981 σύμπαντα
1371 3907 1537 3961 αἰῶνα
1561 3906 1620 3958 οὐ

114 4009 440 4078 τρεπόμενος,
472 4009 533 4061 οὐ
564 4005 998 4074 ταπεινούμενος,
1029 4002 1126 4054 οὐκ
1151 3997 1536 4067 ἀλλοιούμενος,
1561 3996 1623 4049 οὐ

113 4094 356 4163 κρείττων
410 4093 603 4147 σαυτοῦ
648 4092 940 4160 γινόμενος,
977 4087 1036 4139 ού
1073 4091 1183 4150 τοῖς
1222 4088 1490 4146 ταπεινοῖς
1519 4084 1624 4138 τῶν

112 4181 196 4233 ἐπὶ
245 4184 344 4252 γῆς
377 4181 739 4251 ὁμοιούμενος,
779 4178 895 4230 οὐδὲ
947 4177 1135 4248 μικρόν
1168 4193 1220 4228 τι
1264 4173 1357 4227 κα)⁸
1382 4173 1624 4227 ταπεινὸν

112 4271 307 4340 φρονῶν
337 4271 425 4323 καὶ
452 4269 718 4341 πράττων,
747 4267 858 4321 ἀλλ’
890 4264 1207 4335 εἰς’ἀπειρον
1240 4262 1419 4334 σαυτῷ
1444 4260 1626 4331 διαμέ-

111 4377 206 4413 νων
234 4363 409 4432 ὅμοιος
428 4379 443 4394 ο
471 4362 627 4431 ἡμεῖς
649 4361 703 4412 δὲ
729 4361 776 4411 oi
806 4357 1043 4412 ταπεινοὶ
1063 4356 1154 4409 καὶ
1181 4355 1390 4427 μακρὰν
1412 4356 1507 4423 τῆς
1529 4356 1625 4423 σῆς

111 4452 389 4523 ἀπέχοντες
439 4450 712 4519 δυνάμεως
756 4448 938 4502 ἄλλοτε
977 4445 1146 4509 άλλως
1196 4442 1484 4516 φερόμεθα,
1534 4442 1625 4494 καὶ

115 4540 554 4614 μεταδαλλόμεθα.
578 4541 639 4591 Οἱ
676 4540 769 4609 μὲν
801 4534 892 4591 οὖν
921 4535 1096 4605 ἐχθροί
1131 4552 1243 4598 σου,
1267 4533 1311 4585 ῶ
1340 4532 1526 4600 Κύριε,
1552 4530 1623 4592 ὼς

114 4628 171 4681 ἂν
195 4631 409 4693 ἑαυτοὺς
439 4630 739 4699 ἀλλοτρίους
782 4626 1205 4695 καταστήσαντες
1236 4624 1332 4693 τῆς
1358 4620 1504 4691 παρά
1549 4622 1630 4672 σοὶ

113 4718 268 4788 ζωῆς,
304 4718 493 4791 ἔχθραν
525 4735 581 4771 τε
624 4719 741 4772 ἀντὶ
770 4717 943 4785 φιλίας
976 4715 1109 4788 πρὸς
1128 4715 1186 4767 σε
1212 4712 1300 4765 τὸν
1325 4711 1479 4782 μόνον
1500 4712 1632 4777 ἀγα-

114 4809 195 4864 θὸν
242 4812 499 4881 ἑλόμενοι,
556 4807 890 4870 ἀπολοῦνται,
929 4808 1134 4869 ἑαυτοῖς
1171 4804 1328 4857 αἴτιοι
1361 4801 1631 4870 γενόμενοι

113 4901 392 4965 ἀπωλείας,
437 4899 524 4953 διὰ
576 4897 634 4951 τὸ
661 4897 735 4967 μὴ
778 4896 1019 4965 ἐθελῆσαί
1060 4912 1140 4947 σοι
1179 4890 1505 4963 παραμένειν
1541 4890 1633 4942 καί

117 5004 189 5042 σοι
213 4992 535 5062 φιλωθῆναν
578 4988 773 5060 ἔχθραν
812 4985 868 5037 δὲ
907 4984 1128 5056 ἄρασθαι
1151 4983 1245 5054 τὴν
1288 4980 1419 5051 πρὸς
1456 4981 1515 5030 σὲ
1547 4977 1657 5046 τὸν·

117 5081 311 5133 ἑαυτῶν
341 5081 558 5152 ποιητήν
586 5097 646 5133 τε
671 5077 763 5131 καὶ
793 5074 1024 5144 σωτῆρα.
1047 5073 1136 5125 Διὸ
1157 5072 1256 5124 κᾶν
1289 5067 1450 5139 μυρία
1478 5083 1635 5119 συνα-

117 5171 346 5238 γάγωσιν
376 5172 430 5224 ὲν
452 5171 530 5241 τῷ
560 5170 657 5240 βίῳ
674 5167 844 5237 τούτῳ
862 5165 1133 5237 χρήματα,
1160 5163 1250 5215 καὶ
1271 5158 1513 5221 πλοῦτον,
1541 5157 1635 5211 καὶ

118 5259 427 5331 θησαυροὺς,
480 5258 613 5311 ἀλλά
653 5259 720 5310 τὰ
773 5256 945 5310 πάντα
977 5255 1070 5306 σὺν
1101 5256 1218 5314 ταῖς
1240 5247 1412 5303 αὐτῶν
1442 5247 1635 5315 ψυχαῖς

120 5351 205 5403 καὶ
246 5330 423 5413 αὺτοῖς
478 5349 688 5417 σώμασι
730 5342 1310 5415 διασκορπισθήσονται.
1364 5335 1500 5403 Ἐγὼ
1530 5330 1636 5388 δὲό

118 5444 208 5513 τὴν
236 5440 371 5511 πρὸς
402 5439 460 5492 σὲ
482 5437 678 5507 γνῶσιν
696 5438 788 5490 καὶ
807 5435 982 5506 φιλίαν
998 5430 1392 5500 ἀσπασάμενος,
1418 5425 1509 5478 καὶ⁵
1532 5425 1637 5480 τῶν

121 5529 317 5601 ἐχθρῶν
337 5544 425 5581 σου
450 5527 719 5598 ἀλλότριος
742 5523 995 5595 γεγονὼς,
1012 5522 1322 5589 πέπεισμαι,
1341 5518 1419 5570 ὅτι
1434 5515 1528 5585 τῆς
1545 5515 1636 5567 ἐπὶ

122 5622 177 5673 τὸ
202 5624 441 5692 κρεῖττον
491 5616 784 5691 μεταϐολῆς
809 5616 1059 5685 τεύξομαι
1080 5615 1146 5683 τῇ
1185 5613 1247 5681 σῇ
1284 5605 1669 5676 δικαιοκρισίας

125 5711 397 5765 πιστεύων
422 5709 561 5765 ὥστε
588 5712 633 5762 εἰ
666 5709 756 5760 καὶ
786 5707 920 5759 κατὰ
948 5705 1036 5758 τὸν
1058 5702 1293 5773 παρόντα
1322 5698 1431 5767 βίον
1460 5693 1637 5756 ἄδοξός

124 5822 199 5870 τις
239 5802 378 5860 εἶναι
426 5802 630 5874 δοκοίην
678 5802 767 5854 καὶ
818 5798 1060 5860 ταπεινὸς
1102 5793 1245 5865 ποιρά
1276 5794 1382 5853 τοῖς
1412 5785 1635 5854 πολλοῖς,

1703 2007 1786 2054 tos
1825 1988 2255 2052 in‘admiratione
2303 1995 2586 2055 habentur,
2620 2004 2741 2044 cum
2784 1987 3012 2057 primum
3056 1975 3225 2033 exorti

1704 2090 1937 2155 fuerunt,
1970 2088 2114 2142 brevi
2143 2086 2454 2147 ﬂoruerunt,
2484 2097 2547 2135 ac
2589 2078 2861 2147 conspecti
2911 2080 3068 2136 sunt;
3118 2075 3226 2122 sta—

1701 2178 1902 2247 timque
1927 2173 2171 2244 apparuit
2194 2172 2378 2240 quales
2405 2168 2619 2229 fuerint,
2646 2172 2698 2220 et
2737 2161 2877 2232 quod
2903 2159 3222 2213 institutum

1702 2270 1825 2325 vita:
1856 2266 2143 2321 tenuerint.
2176 2263 2285 2345 Nec
2312 2262 2403 2316 diu
2448 2265 2631 2329 postea
2669 2255 2813 2323 ipsos
2845 2248 3106 2320 pernicies
3142 2246 3229 2298 in-

1703 2359 1863 2424 vasit,
1895 2372 2004 2412 non
2037 2356 2145 2426 iam
2189 2338 2368 2409 brevis
2403 2360 2457 2403 et
2500 2357 2860 2417 temporanea,
2897 2338 2988 2395 sed
3034 2350 3225 2406 perpe-

1702 2460 1852 2504 tuum
1899 2446 2138 2508 exitium,
2183 2444 2309 2513 quia
2348 2441 2488 2496 enim
2525 2438 2727 2507 justum
2765 2430 3027 2502 judicium
3076 2433 3226 2476 tuum

1705 2542 1866 2597 rebus
1892 2537 2134 2592 imminet
2163 2532 2435 2609 humanis,
2474 2528 2675 2583 idcirco
2700 2524 2905 2579 aestimo
2936 2514 3227 2589 peccatori-

1703 2632 1805 2687 bus
1828 2639 1881 2685 et
1907 2626 2249 2699 operantibus
2284 2606 2615 2692 iniquitatem
2638 2612 2877 2674 concedi,
2899 2618 2957 2663 ut
2980 2606 3228 2662 emorian-

1705 2733 1793 2779 tur
1822 2729 1877 2777 et
1903 2732 2155 2790 prospere
2181 2722 2373 2785 agant;
2413 2719 2471 2766 ut
2520 2701 2703 2764 eorum
2741 2701 3020 2756 consilium
3051 2703 3106 2750 et
3129 2707 3228 2748 vo-

1705 2817 1906 2878 luntas,
1938 2810 2030 2866 Dei
2053 2806 2361 2864 muneribus
2394 2816 2500 2857 non
2542 2800 2676 2853 bene
2718 2809 2836 2856 usa,
2865 2792 3181 2858 coarguatur
3209 2802 3225 2838 :

1708 2903 2053 2975 quamobrem
2094 2897 2259 2953 ultrix
2308 2908 2401 2950 eos
2452 2900 2506 2950 et
2546 2897 2742 2945 aeterna
2794 2882 3057 2955 pernicies
3085 2876 3232 2933 exci-

1707 2994 1836 3065 piet.
1924 3038 1925 3043 η
2016 3028 2017 3031 η

1776 3086 1939 3142 Vens.
1972 3085 2006 3140 9
2028 3114 2054 3126 -
2082 3083 2167 3137 12L
2202 3080 2280 3134 Tu
2323 3087 2493 3132 autent
2536 3072 2833 3127 Altissimus
2876 3069 2929 3120 in
2960 3072 3228 3131 aeternum,

1711 3178 1945 3233 Domine.
2001 3172 2260 3240 Quoniam
2306 3184 2417 3223 ecce
2467 3164 2659 3217 inimici
2704 3160 2798 3221 tui,
2850 3154 3087 3215 Domine,
3115 3161 3235 3218 quo-

1684 3270 1854 3323 .niam
1881 3281 1991 3320 ecce
2023 3263 2219 3316 inimici
2264 3260 2340 3311 tui
2380 3254 2633 3324 peribunt,
2666 3259 2714 3304 et
2751 3238 3099 3314 dispergentur
3123 3254 3235 3293 om-

1714 3376 1800 3415 nes
1833 3357 1920 3428 qui
1945 3363 2219 3423 operantur
2264 3346 2604 3417 iniquitatem.
2647 3334 2713 3391 Et
2752 3334 3069 3389 exattabitur
3102 3328 3235 3382 sicut

1712 3448 1973 3505 unicomis
1996 3459 2152 3497 cornu
2172 3454 2359 3501 meum,
2383 3441 2431 3490 et
2455 3441 2681 3488 senectus
2704 3434 2815 3481 mea
2836 3426 2889 3478 in
2911 3422 3018 3475 oleo
3038 3417 3232 3488 pingui.

1716 3540 1785 3594 Et
1817 3538 2039 3606 respexit
2065 3532 2242 3588 oculus
2280 3544 2420 3583 meus
2454 3523 2683 3578 inimicos
2704 3533 2862 3578 meos,
2891 3521 2939 3567 et
2973 3513 3028 3564 in
3060 3510 3237 3561 insur-

1715 3628 1949 3701 gentibus
1978 3629 2030 3680 in
2059 3640 2137 3679 me
2175 3618 2573 3691 malignantibus
2604 3613 2775 3668 audiet
2808 3607 2955 3661 auris
2987 3617 3121 3657 mea.
3153 3597 3236 3651 Tu

1716 3721 1952 3793 quidem,
1999 3716 2091 3779 ait,
2138 3713 2379 3775 Domine,
2416 3709 2507 3778 qui
2545 3718 2751 3773 semper
2777 3704 2902 3767 [uno
2945 3692 3238 3757 eodemque

1718 3807 2214 3877 modo‘Altissimus
2259 3816 2336 3863 es,
2384 3800 2440 3853 in
2469 3794 2696 3851 excelsis
2733 3800 2917 3843 manes
2960 3796 3055 3853 per
3081 3789 3238 3833 omne

1720 3901 1992 3960 saeculum,
2025 3910 2131 3949 non
2153 3889 2396 3952 mutaris,
2417 3901 2521 3939 non
2554 3878 2821 3950 dejiceris,
2855 3888 2964 3928 non
2988 3865 3239 3930 verteris,

1719 4007 1827 4047 non
1866 3989 2032 4056 teipso
2055 3982 2243 4036 melior
2270 3976 2471 4039 evadis,
2504 3986 2600 4026 nec
2626 3966 2810 4036 iis'qui
2846 3964 2898 4016 in
2928 3968 3073 4025 terra
3114 3961 3242 4011 sunt

1721 4044 2009 4137 humilibus
2035 4070 2225 4128 similis
2247 4083 2323 4131 es,
2349 4080 2452 4120 non
2481 4061 2726 4130 exiguum
2754 4061 2845 4107 aut
2868 4048 3065 4106 humile
3086 4044 3267 4116 quid»

1720 4172 1862 4242 piam
1894 4166 2059 4220 sentis
2105 4172 2196 4211 aut
2226 4159 2360 4226 agis,
2410 4152 2503 4207 sed
2539 4151 2593 4203 in
2641 4154 2897 4201 aeternum
2926 4136 3022 4192 tibi
3052 4131 3243 4189 similis

1721 4270 2036 4334 permanes;
2076 4266 2175 4305 nos
2201 4257 2373 4302 autem
2412 4241 2659 4303 humiles,
2684 4235 2777 4305 qui
2798 4228 3028 4303 procula
3045 4224 3246 4279 virtute

1722 4362 1811 4406 tua
1840 4348 2116 4406 absumus,
2159 4340 2263 4394 alio
2297 4336 2503 4403 alioque
2532 4328 2688 4383 modo
2734 4324 2954 4377 ferimur
2989 4324 3040 4399 et
3068 4318 3243 4367 muta-

1722 4453 1861 4493 ntur.
1888 4433 2089 4487 Inimici
2116 4431 2292 4497 itaque
2322 4425 2418 4487 tui,
2453 4419 2690 4478 Domine,
2720 4413 2811 4482 qui
2841 4422 2957 4463 sese
2979 4390 3105 4467 vita,
3128 4413 3247 4469 quae

1658 4548 1699 4602 ῃ
1726 4526 1864 4598 apud
1896 4534 1949 4578 te
1974 4494 2307 4584 esu-alienos
2340 4509 2761 4567 constituerunt;
2794 4515 2857 4553 ac
2890 4494 3247 4565 prmoptarunt

1725 4618 2038 4680 inimicitias
2059 4622 2253 4681 tecum,
2283 4606 2374 4675 qui
2401 4602 2547 4659 solus
2576 4598 2747 4651 bonus
2768 4606 2847 4657 es,
2864 4601 3064 4658 gerere,
3086 4596 3247 4655 quam

1728 4702 1963 4762 amicitia
1993 4703 2095 4757 frui
2131 4711 2240 4763 tua,
2284 4693 2550 4763 peribunt,
2593 4682 2801 4750 tibique
2851 4676 2953 4746 ipsi
2995 4668 3249 4742 perniciei

1728 4785 1974 4853 auctores
2005 4796 2159 4846 erunt
2213 4805 2226 4840 :
2266 4783 2391 4853 quia
2418 4779 2730 4843 noluerunt
2766 4769 2900 4840 apud
2947 4775 2999 4820 te
3035 4773 3251 4818 manere

1728 4890 1987 4955 amicique
2028 4880 2105 4933 tui
2142 4890 2296 4938 esse;
2351 4870 2444 4925 sed
2496 4864 2803 4921 inimicitias
2848 4859 3127 4914 adversum
3171 4856 3248 4912 te,

1729 4978 1968 5048 opiﬁcem
1996 4980 2049 5025 et
2080 4974 2408 5023 servatorem
2438 4974 2617 5021 suum,
2658 4965 2957 5021 suscepere.
2989 4941 3253 5009 Quamob-

1728 5084 1840 5124 rem
1868 5060 2077 5119 etiamsi
2117 5058 2350 5111 inlinitas
2393 5054 2447 5106 in
2474 5052 2572 5104 hac
2598 5048 2708 5104 vita
2734 5041 3006 5114 pecunias,
3038 5033 3255 5088 divitias

1729 5168 1781 5215 et
1809 5158 2088 5211 thesauros
2109 5148 2395 5217 colligant;
2426 5142 2518 5197 sed
2550 5139 2727 5193 omnia
2751 5146 2869 5189 eum
2896 5125 3173 5182 animabus
3200 5130 3254 5176 et

1731 5244 2043 5316 corporibus
2064 5215 2299 5309 ipsorum
2328 5222 2839 5301 dispergentur.Ego
2863 5233 2988 5274 vero
3032 5215 3122 5285 qui
3163 5226 3257 5266 co-

1733 5335 2019 5407 gnitionem
2052 5340 2104 5383 et
2130 5325 2414 5379 amicitiam
2449 5299 2591 5373 tuam
2625 5313 2974 5381 amplexatus,
3001 5312 3055 5360 et
3080 5299 3258 5356 inimi-

1733 5426 1811 5478 cis
1846 5421 1952 5475 tuis
1978 5418 2182 5471 alienus
2216 5404 2435 5469 enectus
2458 5419 2598 5469 sum,
2630 5412 2943 5472 persuasum
2981 5393 3149 5475 habeo
3170 5402 3258 5443 me

1733 5511 2083 5571 mutationem
2105 5508 2162 5561 in
2190 5503 2378 5558 melius
2405 5506 2687 5552 nacturum
2718 5503 2857 5553 esse,
2882 5470 3028 5555 justo
3054 5477 3258 5549 judicio

1733 5616 1827 5659 tuo
1869 5600 2024 5655 ﬁdem
2074 5598 2295 5651 habens.
2335 5589 2516 5657 Itaque
2553 5582 2763 5639 etiamsi
2792 5583 2845 5634 in
2872 5572 3116 5647 praesenti
3148 5573 3258 5621 vita

1738 5692 1995 5763 inglorius
2023 5696 2075 5742 et
2102 5686 2223 5740 vilis
2260 5696 2377 5737 esse
2404 5691 2565 5748 penes
2598 5674 2791 5728 multos
2818 5667 3031 5739 videar;
3069 5661 3162 5716 sed
3204 5660 3259 5712 in

1739 5787 1839 5843 line
1866 5796 2040 5838 rerum
2062 5777 2360 5840 exaltabor;
2387 5774 2489 5827 imo
2513 5768 2688 5839 potius
2716 5774 2882 5817 cornu
2915 5770 3088 5812 meum
3111 5751 3259 5808 exal-
