3976 6356
681 445 817 502 1179

1374 441 1638 496 EUSEBII
1675 442 2140 498 CZESARIENSIS
2174 442 2321 499 OPP.
2363 441 2539 497 PARS
2565 443 2650 496 lll.
2691 474 2761 486 -
2792 441 3196 498 EXEGETICA.

3716 447 3840 501 Μεθ’

679 557 900 619 tabitur,
933 554 985 609 id
1022 560 1283 623 est,.spes
1330 554 1478 625 regni
1513 554 1654 608 illius
1685 555 1825 623 quod
1871 556 2010 624 apud
2043 565 2092 610 te
2131 571 2214 610 me

2325 555 2425 608 nr
2448 560 2505 609 ἐν
2533 557 2609 627 τῷ
2641 557 2778 609 τέλει
2808 557 2914 609 τῶν
2946 556 3278 625 πραγμάτων
3319 554 3684 625 ὑψωθήσομαι,
3714 558 3828 627 μᾶλο

682 651 1093 703 consecuturum
1146 651 1430 713 exspecto;
1471 660 1590 713 qua:
1651 645 1856 700 scilicet
1897 647 2013 716 pari
2061 645 2217 700 modo

618 739 622 743 ’
682 739 1001 796 exaltabitur
1030 746 1190 808 atque
1230 737 1527 793 unicornis.
1575 738 1704 792 Nam
1753 742 1798 794 si
1827 743 1950 810 quis
1977 746 2061 795 est
2099 740 2219 794 uni-

682 831 863 885 cornis
884 830 943 882 in
958 827 1346 898 spiritualibus,
1368 828 1526 896 quite
1554 828 1763 885 Patrem
1791 846 1946 886 suum
1974 837 2032 884 ut
2052 846 2217 884 unum

683 938 851 976 cornu
887 920 988 976 sibi
1029 919 1278 984 ascribit;
1326 919 1459 974 bene
1501 921 1624 974 novi
1657 937 1762 984 me,
1799 922 2017 990 perinde
2060 930 2218 990 atque

683 1010 852 1070 illum,
891 1007 1232 1063 exaltandum
1270 1023 1404 1061 esse.
1452 1008 1586 1074 Quia
1629 1011 1771 1064 enim
1817 1010 2056 1064 haercdes
2103 1011 2215 1075 Dei,

682 1101 985 1155 coheredes
1005 1109 1177 1154 autem
1199 1101 1394 1154 Christi
1413 1116 1695 1166 vocamur;
1730 1116 1886 1169 spero
1905 1114 1988 1156 me
2009 1103 2215 1168 eodem,

681 1210 788 1262 quo
817 1193 1083 1254 Christus,
1113 1208 1276 1262 regno
1305 1192 1596 1246 fruiturum
1639 1208 1779 1258 esse,
1815 1186 1936 1246 cum
1970 1203 2218 1250 senectus

681 1297 820 1345 mea,
848 1283 900 1335 id
933 1289 1012 1334 est
1039 1289 1276 1336 extrema
1302 1282 1424 1335 vitae
1453 1296 1601 1344 mete,
1655 1283 1975 1336 cxaltabitur
2007 1285 2061 1338 in
2101 1285 2220 1338 oleo

687 1371 887 1442 pingui.
941 1369 1180 1431 Etiamsi,
1206 1371 1347 1426 enim
1384 1372 1680 1440 juventutis
1709 1379 1760 1426 et
1794 1374 1993 1444 vigoris
2029 1375 2221 1430 animae

694 1477 816 1514 mea:
842 1467 1053 1531 tempus
1089 1461 1143 1514 in
1171 1460 1271 1514 hac
1303 1461 1435 1524 vita,
1475 1477 1570 1515 ceu
1617 1462 1670 1516 in
1700 1465 2012 1530 certamine,
2043 1465 2221 1520 humi-

694 1551 867 1604 liatum
909 1558 1256 1618 exerceatur;
1313 1559 1367 1604 at
1403 1559 1664 1616 extrema,
1699 1555 1978 1624 ipsiusque
2032 1556 2221 1611 animae

686 1649 954 1704 senectus,
990 1641 1042 1696 id
1071 1650 1153 1697 est
1183 1645 1574 1710 consummatio
1603 1644 1740 1713 ejus,
1777 1645 2124 1699 mutationem
2165 1647 2221 1700 in

685 1731 874 1786 melius
920 1733 1218 1799 obtinebit;
1272 1748 1334 1788 ac
1376 1733 1497 1787 oleo
1544 1734 1940 1803 superemuenti
1980 1736 2129 1790 diviti
2171 1745 2223 1790 et

686 1824 890 1893 pingui,
915 1823 1056 1892 apud
1077 1832 1129 1878 te
1159 1825 1464 1878 misericors
1490 1822 1650 1888 Deus,
1671 1826 2047 1881 viviﬁcabitur.
2069 1826 2221 1881 Tunc

2316 644 2402 696 λον
2427 645 2482 698 δὲ
2517 645 2576 697 τὸ
2607 645 2768 715 κέρας
2808 663 2905 716 μου
2947 645 3303 716 ὑψωθήσεται,
3354 643 3623 695 τουτέστιν
3647 647 3676 714 ἡ
3699 647 3827 710 ἐλπὶς

2314 735 2410 802 τῆς
2462 735 2909 805 προσδοκωμένης
2962 752 3060 804 μου
3090 735 3238 804 παρὰ
3293 734 3374 786 σο)⁵
3417 732 3700 802 βασιλείας,
3728 738 3828 804 ήτις

2315 823 2652 892 ὑψωθήσεται
2696 824 2962 890 τοσοῦτον,
2997 827 3116 878 ὅσον
3145 826 3238 878 καὶ
3268 826 3300 894 ὴ
3347 823 3440 876 τοῦ
3472 825 3825 894 μονοκέρωτος.

2316 917 2376 968 Εἰ
2407 916 2512 986 γάρ
2533 916 2646 968 ἐστί
2673 933 2755 984 τις
2786 917 2842 968 ἐν
2889 919 3093 984 νοητοῖς
3147 917 3448 986 μονόκερως
3474 915 3532 967 ἓν
3555 915 3710 985 κέρας
3734 918 3829 968 ἐπι-

2315 1007 2654 1079 γραφόμενός
2682 1025 2741 1059 σε
2761 1008 2847 1060 τὸν
2878 1007 3040 1060 αὐτοῦ
3080 1009 3315 1078 Πατέρα,
3351 1003 3407 1059 εῦ
3429 1003 3546 1060 οἶδα
3576 1008 3666 1058 καὶ
3697 1008 3830 1070 αὐτὸς

2315 1097 2510 1167 ὁμοίως
2547 1098 2733 1168 ἐκείνῳ
2776 1097 3200 1168 ὑψωθησόμενος.
3246 1099 3395 1151 Ἐπεὶ
3417 1098 3522 1168 γὰρ
3554 1098 3832 1167 κεκλήμεθα

2317 1187 2637 1259 κληρονόμοι
2671 1184 2806 1242 εῖναι
2837 1188 2991 1253 Θεοῦ,
3039 1188 3460 1258 συγκληρονόμοι
3509 1188 3564 1240 δὲ
3601 1188 3830 1258 Χριστοῦ,

2319 1279 2631 1350 πέπεισμαι,
2688 1280 2840 1352 φησὶ,
2888 1281 2985 1350 τῆς
3024 1281 3191 1350 αὐτῆς
3228 1280 3304 1350 τῷ
3341 1279 3556 1352 Χριστῷ
3586 1297 3672 1332 σου
3709 1279 3836 1348 βασι-

2317 1369 2464 1433 λείας
2500 1368 2841 1435 ἀπολαιύσειν,
2879 1369 3111 1439 ὁπηνίκα
3152 1368 3212 1420 τὸ
3245 1369 3417 1440 γῆράς
3458 1386 3579 1438 μου,
3619 1368 3833 1420 τουτέστι

2317 1463 2385 1516 τὰ
2406 1460 2604 1530 ἔσχατα
2627 1462 2722 1531 τῆς
2746 1462 2883 1532 ἐμῆς
2905 1459 3047 1529 ζωῆς
3066 1458 3401 1530 ὑψωθήσεται
3428 1462 3483 1513 ἐν
3512 1460 3668 1528 ἐλαίῳ
3692 1460 3831 1512 πίονι.

2319 1557 2382 1609 Et
2419 1557 2525 1627 γὰρ
2564 1555 2656 1608 καὶ
2704 1553 2770 1606 τὰ
2803 1551 3033 1621 μάλιστα
3071 1547 3140 1600 τὰ
3167 1548 3265 1617 τῆς
3293 1549 3538 1620 νεότητος
3564 1549 3654 1601 καὶ
3676 1547 3739 1600 τὰ
3755 1548 3834 1616 τῆς

2321 1645 2500 1714 ἀκμῆς
2522 1643 2619 1714 τῆς
2651 1642 2788 1710 ἐμῆς
2811 1639 2984 1708 ψυχῆς
3014 1637 3086 1701 ὥς
3125 1636 3384 1705 ἐννὰγῶνι
3416 1638 3493 1707 τῷ
3517 1637 3729 1708 παρόντι
3756 1636 3836 1706 βίῳ

2320 1733 2664 1789 ταπεινοῦται
2689 1729 3088 1801 γυμναζόμενα,
3110 1728 3244 1782 ἀλλὰ
3259 1728 3327 1781 τά
3349 1745 3410 1796 γε
3427 1728 3627 1798 ἔσχατα
3653 1729 3738 1782 καὶ
3754 1727 3837 1796 τῆς

2320 1825 2494 1896 ψυχῆς
2523 1822 2688 1891 αὐτῆς
2733 1820 2791 1872 τὸ
2828 1820 3022 1890 γῆρας,
3056 1819 3326 1872 τουτέστιν
3364 1820 3398 1888 ἡ
3436 1818 3702 1881 τελείωσις
3731 1819 3836 1871 τεύ-

686 1926 817 1966 sane
841 1912 1028 1966 oculus
1058 1927 1209 1966 meus
1237 1913 1325 1982 qui
1358 1928 1517 1982 super
1538 1920 1846 1982 peccatores
1869 1916 2218 1977 contabescit,

2325 1915 2466 1980 ξεται
2494 1913 2590 1983 τῆς
2619 1911 2708 1963 ἐπὶ
2727 1909 2786 1963 τὸ
2819 1911 3058 1980 κρεῖττον
3083 1908 3396 1980 μεταϐολῆς,
3424 1910 3480 1960 ἐν
3508 1908 3664 1978 ἐλαίῳ
3679 1926 3840 1979 περιτ-

683 2008 738 2057 et
768 2000 1043 2055 mortalem
1070 2002 1232 2054 vitam
1264 2003 1523 2073 deplorat,
1559 2003 1626 2057 ab
1667 2004 1900 2060 inimicis
1931 2005 2064 2060 meis
2095 2022 2222 2060 con-

686 2091 966 2161 spicietur,
997 2087 1195 2160 eosque
1223 2091 1425 2147 debitas
1452 2108 1639 2162 poenas
1674 2095 1821 2149 luere
1861 2096 2089 2161 videbit;
2129 2098 2219 2166 qui

682 2181 794 2249 jam
844 2179 983 2247 apud
1031 2181 1229 2236 multos
1277 2183 1445 2251 gloria
1479 2184 1837 2249 celebrantur,
1885 2201 2224 2255 quorumque

688 2273 812 2327 ﬁnis
847 2273 1166 2341 dispersioni
1199 2275 1458 2328 tradetur.
1481 2291 1484 2295 λ
1508 2273 1658 2330 Tunc
1693 2291 1799 2329 non
1834 2278 1994 2330 modo
2035 2279 2223 2332 oculus

688 2376 860 2426 meus,
892 2363 985 2418 sed
1023 2364 1183 2416 etiam
1223 2362 1367 2416 auris
1413 2364 1606 2418 anima
1648 2379 1797 2427 meae,
1833 2365 1991 2420 tinem
2046 2367 2224 2422 audiet

688 2466 895 2514 eorum,
924 2452 1015 2520 qui
1041 2451 1153 2520 jam
1183 2451 1466 2523 insurgunt
1490 2453 1774 2508 adversum
1799 2469 1882 2510 me
1911 2463 1962 2509 et
1995 2457 2226 2528 maligne

689 2552 872 2613 agunt.
903 2541 1102 2597 Horum
1123 2559 1248 2612 ergo
1273 2547 1511 2598 omnium
1539 2561 1700 2601 causa
1730 2547 2082 2604 admiratione
2104 2565 2227 2620 per-

689 2634 875 2687 culsus
929 2634 996 2687 de
1051 2637 1399 2704 providentiae
1452 2649 1558 2690 tuae
1593 2639 1819 2702 ratione,
1854 2646 1906 2694 et
1955 2639 2023 2694 de
2078 2638 2226 2710 justo

687 2721 889 2788 judicio
915 2722 1010 2777 abs
1044 2730 1095 2778 te
1121 2724 1370 2779 omnibus
1399 2725 1688 2787 reddendo,
1709 2740 1807 2796 ego
1835 2727 2048 2795 quidem
2079 2727 2229 2781 laetor

689 2820 745 2864 et
767 2813 979 2866 exsulto
1005 2815 1059 2866 in
1093 2816 1343 2882 operibus
1370 2831 1623 2868 manuum
1658 2824 1904 2882 tuarum;
1932 2816 2108 2873 omnis
2134 2833 2228 2872 au-

690 2906 798 2953 tem
828 2901 908 2954 vir
937 2902 1195 2971 insipiens
1220 2913 1272 2957 et
1296 2905 1494 2958 stultus
1530 2920 1633 2959 non
1663 2905 1907 2976 intelligit
1931 2906 2061 2960 haec.
2087 2906 2230 2973 Qua-

692 2999 912 3059 pr0pter
957 2991 1076 3045 dico
1117 3010 1131 3047 :
1179 2993 1348 3057 Quam
1395 2997 1729 3063 magniﬁcam
1766 3007 1884 3050 sunt
1917 3013 2070 3066 opera
2115 3010 2227 3064 tua,

693 3081 946 3134 Domine!
976 3097 1073 3135 nec
1101 3083 1259 3136 modo
1287 3082 1561 3151 profunda:
1589 3084 1742 3140 factae
1780 3095 1923 3152 sunt,
1954 3092 2046 3145 sed
2078 3092 2230 3146 valde

691 3170 966 3240 profunda:
989 3169 1142 3238 [actm
1168 3181 1286 3226 sunt
1317 3175 1649 3244 cogitationes
1680 3187 1817 3242 tum;
1849 3180 2047 3248 quibus
2091 3183 2231 3252 cogi-

2319 2007 2524 2059 τεύοντι
2571 2003 2662 2057 καὶ
2719 2000 2955 2070 πλουσίῳ
3005 2001 3098 2053 καὶ
3133 2000 3294 2064 πίονι,
3321 1998 3398 2069 τῷ
3453 1999 3600 2070 παρὰ
3643 2000 3734 2062 σοί,
3775 2000 3837 2068 τῷ

2321 2098 2564 2168 ὲλεήμονι
2587 2093 2704 2164 Θεῷ
2728 2092 3049 2164 ζησομένης.
3086 2092 3216 2144 Τότε
3242 2091 3306 2161 δὴ
3331 2091 3450 2144 τότε
3478 2091 3572 2143 καὶ
3601 2091 3628 2140 6
3656 2091 3740 2142 νῦν
3763 2092 3837 2142 ἐπὶ

2319 2190 2430 2248 τοῖς
2481 2184 2816 2256 ἁμαρτωλοῖς
2864 2183 3220 2253 ἐκτηκόμενός
3271 2199 3368 2252 μου
3427 2181 3690 2251 ὀφθαλμὸς
3711 2219 3724 2244 ,
3762 2182 3840 2233 καὶ

2320 2277 2410 2329 τὸν
2442 2274 2627 2344 θνητὸν
2661 2272 2771 2342 βίον
2801 2271 3222 2340 ἀποκλαόμενος,
3247 2270 3503 2338 ἐπόψεται
3522 2273 3629 2332 τοῖς
3657 2269 3840 2340 ἐχθροῖς

2326 2382 2445 2434 μου,
2479 2362 2618 2432 ὁρῶν
2667 2360 2819 2430 δίκην
2862 2360 2960 2430 τὴν
3003 2360 3317 2430 πρέπουσαν
3348 2357 3584 2421 διδόντας
3627 2358 3740 2419 τοὺς
3763 2357 3840 2408 νῦν

2326 2455 2472 2526 παρὰ
2518 2456 2629 2516 τοῖς
2662 2451 2873 2512 πολλοῖς
2919 2448 3322 2519 δοξαζομένους,
3354 2441 3428 2500 ὧν
3472 2448 3534 2500 τὸ
3584 2448 3723 2510 τέλος
3745 2449 3842 2501 δια-

2327 2542 2646 2614 σκορπισμῷ
2672 2539 3117 2612 παραδοθήσεται.
3135 2539 3266 2591 Τότε
3281 2538 3337 2590 δὲ
3360 2539 3420 2591 οῦ
3453 2538 3607 2607 μόνον
3625 2541 3650 2591 ὁ
3671 2538 3840 2606 ὀφθαλ-

2329 2635 2424 2703 μός
2447 2651 2570 2703 μου,
2606 2631 2738 2685 ἀλλὰ
2780 2631 2871 2684 καὶ
2918 2629 3046 2682 αὐτὸ
3092 2629 3151 2681 τδ
3179 2622 3270 2691 οῦς
3296 2630 3393 2698 τῆς
3428 2627 3567 2697 ἐμῆς
3599 2628 3760 2697 ψυχῆς
3793 2629 3844 2679 τὸ

2324 2726 2474 2788 τέλος
2530 2724 2814 2777 ἀκούσεται
2874 2721 2979 2774 τῶν
3030 2721 3263 2791 σήμερον
3315 2721 3741 2790 ἐπανισταμένων
3772 2721 3841 2770 ἐπ’

2328 2816 2426 2885 ἐμὲ
2455 2813 2546 2867 καὶ
2578 2812 3038 2882 πονηρευομένων.
3066 2808 3278 2862 Τούτων
3303 2809 3348 2861 δ’
3367 2804 3458 2861 οῦν
3476 2808 3631 2862 ἕνεκα
3658 2808 3844 2861 πάντων

2328 2909 2427 2959 ὑπε
2437 2906 2564 2976 ρθαυ
2574 2903 2756 2974 μάζων
2770 2902 2893 2964 τοὺς
2913 2904 3011 2971 τῆς
3039 2901 3136 2971 σῆς
3158 2900 3636 2972 προνοίας“λόγους,
3668 2901 3751 2951 καὶ
3766 2898 3845 2967 τὴν

2328 2995 2687 3066 ἀποκειμένην
2726 2995 2836 3056 τοῖς
2870 2994 2999 3044 πᾶσι
3027 2991 3172 3063 παρὰ
3208 2991 3300 3043 σοῦ
3329 2990 3729 3061 δικαιοκρισίαν,
3756 2986 3857 3055 ἐγὼ.

2333 3092 2428 3162 μὲν
2479 3091 2971 3163 ὑπερευφραίνομαι
3027 3090 3118 3144 καὶ
3165 3087 3402 3157 ἀγαλλιῶ
3431 3087 3523 3140 ἐπὶ
3561 3090 3665 3148 τοῖς
3692 3085 3845 3154 ἔργοις

2329 3182 2434 3237 τῶν
2467 3186 2659 3257 χειρῶν
2718 3203 2840 3238 σουσ
2877 3187 2983 3248 πᾶς
3022 3185 3077 3237 δέ
3106 3182 3291 3253 ἄφρων
3330 3180 3468 3251 ἀνὴρ
3508 3181 3599 3233 καὶ
3626 3177 3846 3236 ἀσύνετος

697 3259 990 3314 lotionibus
1011 3277 1205 3317 arcano
1234 3271 1288 3317 et
1316 3265 1582 3335 profundo
1611 3268 1768 3323 modo
1801 3245 2108 3326 universum
2137 3245 2225 3327 ad-

2330 3276 2390 3329 οῦ
2439 3245 2650 3346 σῦνίησι
2695 3277 2886 3331 ταῦτα.
2921 3245 3010 3329 Διὸ
3042 3277 3105 3346 δή
3149 3245 3320 3344 igitur
3511 3268 3846 3338 ἐμεγαλύνθη

697 3350 972 3406 ministras
1007 3369 1019 3404 :
1049 3367 1111 3405 ac
1139 3353 1276 3410 sinis
1316 3355 1531 3425 quidem
1562 3368 1614 3412 et
1658 3357 1928 3423 concedis,
1981 3366 2042 3414 ut
2084 3361 2225 3430 impii

2329 3367 2401 3421 τὰ
2418 3369 2560 3437 ἔργα
2592 3382 2725 3429 σου,
2769 3368 2984 3434 Κύριε]
3017 3367 3110 3418 καὶ
3143 3367 3239 3436 οὐχ
3272 3363 3457 3426 ἁπλῶς
3494 3358 3847 3428 ἐδαθύνθησαν,

698 3443 798 3498 hoc
817 3449 1050 3511 tempore
1080 3446 1382 3500 exaltentur
1416 3456 1469 3503 et
1511 3450 1868 3517 extollantur;
1893 3451 1965 3520 pii
1993 3466 2118 3506 vero
2133 3452 2225 3506 hu-

2330 3457 2464 3511 ἀλλὰ
2487 3458 2716 3527 σφόδρα
2761 3451 3171 3522 ἐὸὶιθύνθησαν
3218 3457 3273 3508 οι
3319 3450 3686 3522 διαλογισμοί
3722 3463 3844 3501 σου·

700 3534 988 3598 milientur,
1026 3552 1252 3607 quorum
1293 3546 1466 3592 tamen
1515 3542 1635 3594 linis
1669 3542 1898 3598 mirabili
1937 3549 1989 3595 et
2023 3543 2225 3612 sapien-

2334 3549 2453 3603 καθ’
2487 3549 2578 3612 οὒς
2595 3550 2971 3619 διαλογισμοὺς
2993 3548 3313 3618 ἀπορῤήτως
3327 3546 3423 3598 καὶ
3444 3542 3641 3614 βαθέως
3661 3541 3844 3599 διοικεῖς

697 3623 920 3678 ῑὶεείιιιω
949 3625 1342 3695 dispensationi
1359 3640 1462 3683 tua!
1487 3631 1851 3685 testimonium
1875 3632 2092 3700 prazbet,
2116 3648 2225 3702 qua

2335 3640 2393 3692 τὸ
2422 3639 2545 3702 πᾶν,
2578 3639 2882 3707 ἐπιτρέπων
2917 3639 3007 3690 καὶ
3037 3637 3326 3708 συγχωρῶν
3357 3634 3576 3688 ἀσεϐέσι
3619 3633 3712 3703 μὲν
3733 3627 3844 3683 κατᾶ

699 3717 1044 3784 conspicatus
1071 3717 1289 3771 divinus
1323 3718 1608 3786 Apostolus
1639 3721 1717 3773 sic
1747 3720 2074 3776 vociferatus
2103 3731 2186 3778 est
2218 3743 2230 3776 :

703 3805 749 3860 0
779 3806 1001 3859 altitudo
1022 3808 1319 3874 divitiarum
1342 3810 1610 3876 sapientia:
1627 3819 1676 3862 et
1699 3812 1926 3864 scientiis
1942 3811 2056 3876 Dei,
2081 3830 2235 3882 quam

703 3896 1236 3965 incomprehensibilia
1263 3908 1382 3952 sunt
1402 3898 1603 3968 judicia
1627 3900 1737 3968 ejus
1777 3911 1826 3955 et
1857 3902 2235 3973 investigabiles

705 3985 801 4040 vim
825 3982 936 4052 ejus
959 3989 1002 4019 ’θ
1025 3990 1038 4041 l

2338 3728 2428 3781 τὸν
2450 3729 2686 3798 παρόντα
2737 3727 2923 3800 καιρὸν
2967 3727 3285 3797 ἐπαίρεσθαι
3321 3717 3414 3779 καὶ
3443 3721 3715 3793 ύψοῦσθαι,
3747 3720 3848 3780 τοὺς
3944 3745 3945 3782 ;

2337 3817 2393 3869 δὲ
2423 3818 2657 3880 εὐσεϐεῖς
2699 3815 3097 3879 ταπεινοῦσθαι,
3130 3809 3203 3870 ὧν
3239 3815 3307 3868 τὰ
3337 3814 3464 3884 τέλη
3502 3813 3750 3884 μαρτυρεῖ
3777 3825 3850 3859 σου

2337 3910 2403 3977 τῇ
2445 3909 2725 3977 θαυμαστῇ
2771 3907 2862 3958 καὶ
2888 3904 3142 3973 πανσόφφ
3163 3904 3448 3972 διοικήσειο
3492 3903 3527 3954 ἃ
3555 3902 3615 3970 δὴ
3661 3898 3853 3951 συνιδὼν

2341 3997 2433 4049 καὶ
2460 3998 2486 4048 ὁ
2503 3997 2642 4059 θεῖος
2657 3995 2972 4057 Ἀπόστολος
2989 3993 3290 4063 ἐξεφώνησε
3309 3992 3389 4056 τὸ,
3410 3992 3470 4044 Ὠ
3497 3990 3681 4054 βάθος
3701 3988 3851 4040 πλού-

703 4095 809 4134 του
855 4081 950 4133 καὶ
987 4081 1202 4150 σοφίας
1230 4081 1607 4153 uindicem
1647 4086 1811 4152 Θεοῦ,
1868 4087 1948 4153 ὡς
1997 4080 2425 4159 ἀνεξερεύιητα
2464 4093 2536 4147 τὰ
2567 4091 2816 4164 κρίματά
2869 4105 3018 4163 ⁸ονου,
3065 4090 3162 4143 καί
3205 4087 3635 4156 ἀνεξιχνίαστοι
3669 4087 3722 4138 αι
3751 4082 3849 4136 ὁδοὶ

702 4170 908 4229 αὑτοῦ.

775 4284 937 4341 Vens.
975 4287 1059 4351 i5,
1089 4287 1172 4343 14.
1206 4285 1392 4344 Justus
1420 4299 1476 4344 ut
1504 4294 1678 4360 palma
1711 4294 1945 4361 flor.oit,
1973 4297 2106 4350 sicut
2156 4312 2235 4349 ce-

704 4377 852 4440 drus,
877 4394 992 4447 qua:
1018 4382 1072 4432 in
1102 4378 1299 4434 Libano
1330 4391 1428 4461 est,
1451 4384 1895 4451 multiplicabitur.
1921 4387 2237 4443 Peccatores

2408 4297 2641 4358 Δίκαιος
2685 4294 2765 4358 ὡς
2802 4276 3001 4362 φοίνιξ
3041 4289 3309 4359 ἀνθήσει,
3346 4290 3426 4355 ὡς
3455 4291 3494 4358 ἠ
3519 4288 3718 4356 κέδρος
3745 4290 3777 4355 ὴ
3800 4288 3857 4339 ἐν

2340 4383 2420 4450 τῷ
2440 4383 2665 4448 Λιϐάνῳ
2691 4381 3190 4449 πληθυνθήσεται.
3215 4381 3276 4433 Oi
3306 4380 3402 4450 μὲν
3423 4378 3724 4450 ἁμαρτωλοὶ
3749 4375 3856 4428 ὡσεὶ·

706 4467 920 4536 quidem
959 4469 1097 4520 sicut
1143 4467 1326 4522 fenum
1352 4472 1570 4552 exoriri,
1605 4480 1658 4526 et
1692 4475 1757 4528 ad
1792 4477 2092 4546 exemplum
2131 4476 2225 4530 l‘en1

2344 4475 2530 4544 χόρτος
2589 4472 2829 4539 ἐλέγοντο
2880 4471 3186 4525 ἀνατέλλειν
3207 4511 3221 4534 ,
3267 4470 3361 4524 καὶ
3417 4469 3749 4538 καταλλήλως

708 4571 818 4610 non
845 4557 934 4610 diu
965 4568 1144 4624 postea
1190 4561 1361 4626 perire
1405 4562 1531 4616 dicti
1559 4575 1702 4618 sunt.
1734 4564 1864 4618 Nam
1893 4574 2136 4621 exortum
2168 4564 2244 4620 fe-

710 4658 839 4698 num
869 4647 1045 4698 statim
1074 4647 1415 4703 exsiccatum.
1433 4659 1534 4717 est,
1564 4663 1616 4706 et
1636 4653 1732 4708 llos
1761 4654 1978 4722 decidit,
2000 4670 2064 4710 eo
2086 4669 2242 4723 pror-

2344 4562 2743 4634 παραδείγματι
2764 4559 2856 4613 τοῦ
2892 4560 3100 4631 χόρτου,
3126 4563 3223 4612 οὐκ
3238 4561 3315 4622 είς
3353 4559 3559 4631 μακρὸν
3587 4555 3851 4624 διαφθείρε-

2343 4654 2484 4707 σθαι·
2520 4652 2634 4722 ἆμα
2660 4666 2720 4703 τε
2747 4649 2853 4721 γὰρ
2888 4649 3152 4702 ἀνέτειλεν
3181 4650 3210 4701 6
3236 4647 3427 4717 χόρτος
3471 4647 3564 4698 ml.
3599 4645 3850 4715 ἐξηράνθη,

709 4749 806 4789 sus
837 4734 995 4788 modo
1027 4751 1131 4804 quo
1177 4747 1510 4807 peccatorum
1559 4743 1666 4795 vita
1713 4752 1766 4797 et
1812 4744 2000 4813 gloria.
2057 4743 2225 4800 Justu:

2345 4742 2436 4794 καὶ
2461 4740 2518 4792 τὸ
2536 4739 2691 4804 ἄνθος
2706 4738 2976 4802 ἐξέπεσεν,
3005 4736 3189 4806 ὥσπερ
3209 4731 3299 4787 οὖν
3328 4735 3421 4787 καὶ
3445 4736 3477 4805 ἠ
3506 4734 3611 4787 τῶν
3633 4735 3852 4804 ἁμαρτω·

710 4831 891 4878 autem
919 4838 1022 4877 non
1054 4826 1193 4879 sicut
1233 4826 1411 4882 fenum
1435 4867 1449 4890 ,
1488 4829 1581 4881 sed
1615 4834 1803 4898 palma:
1831 4835 2000 4888 instar
2037 4835 2222 4891 ﬂorebi

2347 4833 2450 4887 λῶν
2478 4835 2586 4904 ζωή
2616 4851 2675 4886 τε
2700 4835 2793 4887 καὶ
2821 4831 2943 4895 δόξα
2961 4849 2974 4861 ο
3003 4832 3030 4883 6
3074 4831 3131 4884 δὲ
3161 4829 3362 4891 δίκαιος
3391 4830 3452 4881 οὐ
3487 4829 3621 4882 κατὰ
3647 4829 3729 4880 τὸν
3757 4826 3852 4896 χόρ-

715 4926 930 4966 sursum
970 4910 1178 4966 radices
1204 4922 1255 4968 et
1283 4929 1463 4969 comas
1488 4913 1747 4982 etl'erens;
1780 4935 1951 4988 neque
1984 4921 2130 4974 humi
2152 4936 2225 4990 po

2349 4943 2456 4989 τον,
2481 4926 2612 4979 ἀλλά
2637 4926 2868 4993 φοίνικος
2887 4923 3037 4991 δίκην
3056 4920 3295 4991 ἀνθήσει,
3325 4920 3434 4974 ἀνω
3467 4937 3569 4973 που
3594 4920 3759 4989 φέρων
3779 4916 3852 4974 τὰς

715 5003 868 5064 sitas,
899 5003 993 5056 sed
1021 5002 1086 5055 ad
1127 5005 1317 5058 cmlum
1345 5015 1609 5059 extensas.
1635 5006 1749 5069 Qua
1782 5008 1847 5061 de
1873 5024 2034 5064 causa
2064 5011 2225 5080 palma

2353 5016 2522 5087 ῥίζας,
2564 5017 2655 5068 καὶ
2696 5015 2792 5078 τὰς
2829 5015 3022 5084 κομάς,
3055 5013 3114 5065 οὐ
3154 5014 3324 5081 χαμαὶ
3361 5011 3634 5080 κειμένας,
3667 5008 3765 5060 ἀλλ’
3795 5008 3853 5064 εἰς

717 5090 927 5160 quidem
951 5092 1130 5161 justus
1171 5103 1547 5162 comparatur;
1583 5111 1690 5148 non
1725 5105 1900 5149 autem
1931 5100 2088 5152 unico
2138 5101 2252 5169 pal-

719 5195 820 5234 ma
843 5189 1070 5236 trunco:
1105 5197 1226 5235 nam
1260 5186 1313 5236 in
1341 5185 1502 5238 ramis
1547 5186 1934 5255 multiplicatur
1956 5224 1970 5249 ,
2014 5189 2105 5257 qui
2139 5205 2225 5243 un:

2352 5193 2719 5264 παραδληθείη
2747 5193 2808 5245 ἂν
2831 5196 2858 5245 6
2885 5193 3105 5255 δίκαιος,
3141 5191 3238 5243 οὐκ
3283 5188 3360 5241 έτι
3410 5187 3466 5239 δέ
3512 5186 3694 5255 καὶτῷ
3733 5200 3853 5255 μονο-

721 5283 844 5323 cum
873 5268 964 5323 illa
999 5280 1052 5326 et
1101 5288 1194 5341 per
1224 5273 1364 5325 illam
1396 5273 1618 5326 salutem
1661 5285 2081 5345 consequuntur.
2135 5275 2225 5343 Qu:

2358 5286 2477 5351 φυεί
2507 5284 2740 5353 στελέχει
2781 5282 2874 5337 τοῦ
2921 5283 3188 5352 φοίνικος·
3220 5276 3548 5346 πολυπληθεῐ
3567 5275 3670 5347 γὰρ
3693 5279 3742 5329 ἐν
3769 5276 3852 5330 τοῖς

723 5361 790 5416 dc
807 5375 971 5414 causa
1001 5361 1387 5432 comparandus
1421 5362 1544 5414 item
1568 5363 1747 5429 cedro,
1773 5382 1877 5420 non
1901 5368 2138 5432 cuilibet,
2158 5385 2225 5425 εει

2357 5373 2564 5436 κλάδοις
2589 5377 2697 5435 τοῖς
2729 5373 2840 5443 ἅμα
2861 5369 3008 5439 αύτῷ
3029 5370 3121 5421 καὶ
3143 5367 3208 5419 δι’
3231 5364 3391 5418 αὐτοῦ
3418 5363 3747 5434 σωζομένοις.
3776 5355 3853 5410 Ἧι

724 5455 774 5508 el
807 5466 926 5522 quae
959 5451 1011 5504 in
1040 5450 1243 5507 Libano
1276 5463 1376 5507 est.
1423 5451 1694 5519 Multiplex
1727 5469 1900 5510 autem
1932 5459 2021 5511 illa
2048 5469 2148 5523 est,
2176 5469 2225 5513 at

2357 5461 2515 5515 ἕνεκα
2545 5461 2907 5532 παραδλητέον
2937 5458 3069 5526 αὐτῇ
3095 5457 3156 5525 τῇ
3179 5454 3379 5524 κέδρῳ,
3402 5453 3500 5521 οὐχ
3525 5452 3721 5514 ἁπλῶς,
3748 5444 3852 5500 ἀλλὰ

727 5557 833 5610 que
860 5541 1145 5596 admodum
1180 5558 1403 5598 numero
1433 5543 1643 5604 crescit,
1661 5551 1839 5612 utpote
1863 5563 1979 5616 quae
2001 5550 2053 5603 in
2077 5559 2225 5606 mont

2356 5555 2422 5621 τῇ
2453 5553 2508 5603 ἐν
2544 5551 2619 5620 τῷ
2675 5551 2911 5618 Λιϐάνῳ·
2934 5536 3118 5615 mm;
3142 5543 3198 5597 st
3235 5543 3370 5613 αῦτη
3407 5544 3501 5596 καὶ
3543 5533 3851 5613 μεγαλοφυῶς
3938 5561 3939 5621 ἦ

729 5634 1110 5703 pinguissimo,
1159 5632 1252 5702 qui
1282 5634 1607 5689 celsissimas
1640 5634 1857 5691 arbores
1908 5639 2153 5707 producit
2201 5657 2225 5697 ε

2359 5642 2662 5713 πληθύουσα
2680 5658 2693 5672 ·
2729 5641 2822 5696 ὅτε
2849 5643 2903 5692 ἐν
2926 5637 3036 5708 ὄρει
3061 5625 3260 5704 φύουσα
3278 5635 3655 5705 λιπαρωτάτῳ,
3671 5628 3851 5699 φέροντι

836 5787 880 5817 ³⁸
917 5784 1072 5842 Rom.
1110 5801 1162 5842 ιι
1186 5828 1199 5849 .
1235 5785 1321 5841 '55.

2352 5103 2571 5174 οὐρανὸν
2599 5102 2988 5172 ἐκτεινομένας.
3025 5100 3236 5154 Τούτων
3270 5098 3368 5168 μὲν
3404 5093 3495 5150 οῦν
3516 5097 3670 5148 ἕνεκα
3693 5094 3854 5163 φοίνικι
3940 5129 3941 5145 ι
