  <div class='ocr_page' id='page_1' title='image "/cluster/home/n/w/nwhite01/storage/ocr_20150623/23/pst.000005712076/598.png"; bbox 0 0 3976 6356; ppageno 0'>
   <div class='ocr_carea' id='block_1_1' title="bbox 93 464 209 519">
    <p class='ocr_par' dir='ltr' id='par_1_1' title="bbox 93 464 209 519">
     <span class='ocr_line' id='line_1_1' title="bbox 93 464 209 519; baseline -0.026 0"><span class='ocrx_word' id='word_1_1' title='bbox 93 464 209 519; x_wconf 82' lang='grc'><strong>1181</strong></span> 
     </span>
    </p>
   </div>
   <div class='ocr_carea' id='block_1_2' title="bbox 1179 447 2147 507">
    <p class='ocr_par' dir='ltr' id='par_1_2' title="bbox 1179 447 2147 507">
     <span class='ocr_line' id='line_1_2' title="bbox 1179 447 2147 507; baseline -0.003 0"><span class='ocrx_word' id='word_1_2' title='bbox 1179 448 1675 507; x_wconf 70' lang='grc' dir='ltr'>οοιιιιΕΝτΑιιιΑ</span> <span class='ocrx_word' id='word_1_3' title='bbox 1712 449 1780 502; x_wconf 78' lang='lat' dir='ltr'><strong>IN</strong></span> <span class='ocrx_word' id='word_1_4' title='bbox 1818 447 2147 504; x_wconf 77' lang='lat' dir='ltr'><strong>PSALMOS.</strong></span> 
     </span>
    </p>
   </div>
   <div class='ocr_carea' id='block_1_3' title="bbox 3131 445 3264 500">
    <p class='ocr_par' dir='ltr' id='par_1_3' title="bbox 3131 445 3264 500">
     <span class='ocr_line' id='line_1_3' title="bbox 3131 445 3264 500; baseline -0.038 0"><span class='ocrx_word' id='word_1_5' title='bbox 3131 445 3264 500; x_wconf 63' lang='lat'><strong>1189</strong></span> 
     </span>
    </p>
   </div>
   <div class='ocr_carea' id='block_1_4' title="bbox 87 558 1649 648">
    <p class='ocr_par' dir='ltr' id='par_1_4' title="bbox 87 559 1627 648">
     <span class='ocr_line' id='line_1_4' title="bbox 87 559 1627 648; baseline -0.01 -19"><span class='ocrx_word' id='word_1_6' title='bbox 87 577 170 629; x_wconf 77' lang='grc' dir='ltr'>καὶ</span> <span class='ocrx_word' id='word_1_7' title='bbox 221 574 470 648; x_wconf 77' lang='grc' dir='ltr'>τρέφοντι</span> <span class='ocrx_word' id='word_1_8' title='bbox 519 569 864 644; x_wconf 80' lang='grc' dir='ltr'><strong>οὐρανομήκη</strong></span> <span class='ocrx_word' id='word_1_9' title='bbox 910 567 1065 638; x_wconf 75' lang='grc' dir='ltr'>φυτά.</span> <span class='ocrx_word' id='word_1_10' title='bbox 1119 566 1271 620; x_wconf 86' lang='grc' dir='ltr'>Οὐτω</span> <span class='ocrx_word' id='word_1_11' title='bbox 1316 566 1360 618; x_wconf 82' lang='grc' dir='ltr'><strong>δ’</strong></span> <span class='ocrx_word' id='word_1_12' title='bbox 1405 559 1494 618; x_wconf 86' lang='grc' dir='ltr'><strong>οῦν</strong></span> <span class='ocrx_word' id='word_1_13' title='bbox 1535 563 1627 618; x_wconf 73' lang='grc' dir='ltr'>καὶ</span> 
     </span>
    </p>
   </div>
   <div class='ocr_carea' id='block_1_5' title="bbox 1747 558 3266 648">
    <p class='ocr_par' dir='ltr' id='par_1_5' title="bbox 1747 558 3266 635">
     <span class='ocr_line' id='line_1_5' title="bbox 1747 558 3266 635; baseline -0.001 -20"><span class='ocrx_word' id='word_1_14' title='bbox 1747 564 1840 626; x_wconf 78' lang='grc' dir='ltr'>ιιὶι,</span> <span class='ocrx_word' id='word_1_15' title='bbox 1874 571 2147 620; x_wconf 88' lang='lat' dir='ltr'><strong>nascatur.</strong></span> <span class='ocrx_word' id='word_1_16' title='bbox 2193 560 2289 635; x_wconf 82' lang='lat' dir='ltr'><strong>Sic</strong></span> <span class='ocrx_word' id='word_1_17' title='bbox 2335 562 2516 631; x_wconf 94' lang='lat' dir='ltr'><strong>itaque</strong></span> <span class='ocrx_word' id='word_1_18' title='bbox 2560 558 2763 628; x_wconf 82' lang='lat' dir='ltr'><strong>justus,</strong></span> <span class='ocrx_word' id='word_1_19' title='bbox 2795 559 3032 614; x_wconf 75' lang='lat' dir='ltr'><strong>infinitos</strong></span> <span class='ocrx_word' id='word_1_20' title='bbox 3083 574 3266 614; x_wconf 74' lang='lat' dir='ltr'><strong>secum</strong></span> 
     </span>
    </p>
   </div>
   <div class='ocr_carea' id='block_1_6' title="bbox 86 654 1626 736">
    <p class='ocr_par' dir='ltr' id='par_1_6' title="bbox 86 654 1626 736">
     <span class='ocr_line' id='line_1_6' title="bbox 86 654 1626 736; baseline -0.008 -16"><span class='ocrx_word' id='word_1_21' title='bbox 86 668 111 720; x_wconf 76' lang='grc' dir='ltr'><strong>ὸ</strong></span> <span class='ocrx_word' id='word_1_22' title='bbox 154 669 373 729; x_wconf 80' lang='grc' dir='ltr'>δίκαιος,</span> <span class='ocrx_word' id='word_1_23' title='bbox 434 664 655 736; x_wconf 80' lang='grc' dir='ltr'><strong>μυρίους</strong></span> <span class='ocrx_word' id='word_1_24' title='bbox 712 661 844 731; x_wconf 76' lang='grc' dir='ltr'>ἔχων</span> <span class='ocrx_word' id='word_1_25' title='bbox 889 660 1012 723; x_wconf 87' lang='grc' dir='ltr'>τοὺς</span> <span class='ocrx_word' id='word_1_26' title='bbox 1059 657 1126 711; x_wconf 80' lang='grc' dir='ltr'><strong>δι’</strong></span> <span class='ocrx_word' id='word_1_27' title='bbox 1173 654 1335 710; x_wconf 85' lang='grc' dir='ltr'>αὐτοῦ</span> <span class='ocrx_word' id='word_1_28' title='bbox 1385 656 1478 709; x_wconf 78' lang='grc' dir='ltr'>καὶ</span> <span class='ocrx_word' id='word_1_29' title='bbox 1531 657 1626 707; x_wconf 85' lang='grc' dir='ltr'>σὺν</span> 
     </span>
    </p>
   </div>
   <div class='ocr_carea' id='block_1_7' title="bbox 88 746 1625 826">
    <p class='ocr_par' dir='ltr' id='par_1_7' title="bbox 88 746 1625 826">
     <span class='ocr_line' id='line_1_7' title="bbox 88 746 1625 826; baseline -0.009 -16"><span class='ocrx_word' id='word_1_30' title='bbox 88 756 221 826; x_wconf 84' lang='grc' dir='ltr'><strong>αὐτῷ</strong></span> <span class='ocrx_word' id='word_1_31' title='bbox 268 755 620 825; x_wconf 76' lang='grc' dir='ltr'><strong>σωζομένους,</strong></span> <span class='ocrx_word' id='word_1_32' title='bbox 667 750 806 806; x_wconf 86' lang='grc' dir='ltr'><strong>κατά</strong></span> <span class='ocrx_word' id='word_1_33' title='bbox 837 750 994 803; x_wconf 87' lang='grc' dir='ltr'>τοῦτο</span> <span class='ocrx_word' id='word_1_34' title='bbox 1043 750 1136 819; x_wconf 78' lang='grc' dir='ltr'>μὲν</span> <span class='ocrx_word' id='word_1_35' title='bbox 1179 748 1247 801; x_wconf 82' lang='grc' dir='ltr'>ἂν</span> <span class='ocrx_word' id='word_1_36' title='bbox 1282 746 1525 817; x_wconf 80' lang='grc' dir='ltr'>ἐμφερὴς</span> <span class='ocrx_word' id='word_1_37' title='bbox 1561 746 1625 816; x_wconf 81' lang='grc' dir='ltr'>τῇ</span> 
     </span>
    </p>
   </div>
   <div class='ocr_carea' id='block_1_8' title="bbox 89 837 1626 918">
    <p class='ocr_par' dir='ltr' id='par_1_8' title="bbox 89 837 1626 918">
     <span class='ocr_line' id='line_1_8' title="bbox 89 837 1626 918; baseline -0.008 -18"><span class='ocrx_word' id='word_1_38' title='bbox 89 849 280 918; x_wconf 80' lang='grc' dir='ltr'><strong>κέδρῳ,</strong></span> <span class='ocrx_word' id='word_1_39' title='bbox 332 846 411 917; x_wconf 85' lang='grc' dir='ltr'><strong>τῷ</strong></span> <span class='ocrx_word' id='word_1_40' title='bbox 464 847 520 898; x_wconf 83' lang='grc' dir='ltr'><strong>δὲ</strong></span> <span class='ocrx_word' id='word_1_41' title='bbox 565 845 760 913; x_wconf 79' lang='grc' dir='ltr'>φοίνικι</span> <span class='ocrx_word' id='word_1_42' title='bbox 791 841 929 894; x_wconf 83' lang='grc' dir='ltr'>κατὰ</span> <span class='ocrx_word' id='word_1_43' title='bbox 967 840 1036 892; x_wconf 73' lang='grc' dir='ltr'><strong>τά</strong></span> <span class='ocrx_word' id='word_1_44' title='bbox 1067 838 1237 902; x_wconf 80' lang='grc' dir='ltr'>ἄλλως</span> <span class='ocrx_word' id='word_1_45' title='bbox 1270 837 1626 908; x_wconf 74' lang='grc' dir='ltr'>δεδηλωμένα.</span> 
     </span>
    </p>
   </div>
   <div class='ocr_carea' id='block_1_9' title="bbox 99 927 1629 1004">
    <p class='ocr_par' dir='ltr' id='par_1_9' title="bbox 99 927 1629 1004">
     <span class='ocr_line' id='line_1_9' title="bbox 99 927 1629 1004; baseline -0.009 -13"><span class='ocrx_word' id='word_1_46' title='bbox 99 938 226 990; x_wconf 85' lang='grc' dir='ltr'>Ἀλλ’</span> <span class='ocrx_word' id='word_1_47' title='bbox 253 938 312 990; x_wconf 92' lang='grc' dir='ltr'><strong>οὐ</strong></span> <span class='ocrx_word' id='word_1_48' title='bbox 338 936 564 990; x_wconf 88' lang='grc' dir='ltr'>τοιοῦτοι</span> <span class='ocrx_word' id='word_1_49' title='bbox 585 931 719 1004; x_wconf 80' lang='grc' dir='ltr'>ἦσαν</span> <span class='ocrx_word' id='word_1_50' title='bbox 736 931 784 984; x_wconf 84' lang='grc' dir='ltr'>οἱ</span> <span class='ocrx_word' id='word_1_51' title='bbox 814 929 1045 993; x_wconf 80' lang='grc' dir='ltr'>ἀσεϐεῖς,</span> <span class='ocrx_word' id='word_1_52' title='bbox 1063 930 1111 982; x_wconf 87' lang='grc' dir='ltr'><strong>οί</strong></span> <span class='ocrx_word' id='word_1_53' title='bbox 1131 929 1259 980; x_wconf 73' lang='grc' dir='ltr'>ὡσεὶ</span> <span class='ocrx_word' id='word_1_54' title='bbox 1289 927 1478 997; x_wconf 83' lang='grc' dir='ltr'><strong>χόρτος</strong></span> <span class='ocrx_word' id='word_1_55' title='bbox 1500 927 1629 978; x_wconf 86' lang='grc' dir='ltr'>ἀνα-</span> 
     </span>
    </p>
   </div>
   <div class='ocr_carea' id='block_1_10' title="bbox 88 1021 1630 1094">
    <p class='ocr_par' dir='ltr' id='par_1_10' title="bbox 88 1021 1630 1094">
     <span class='ocr_line' id='line_1_10' title="bbox 88 1021 1630 1094; baseline -0.008 -12"><span class='ocrx_word' id='word_1_56' title='bbox 88 1029 352 1091; x_wconf 80' lang='grc' dir='ltr'>τέλλοντες</span> <span class='ocrx_word' id='word_1_57' title='bbox 404 1027 495 1080; x_wconf 71' lang='grc' dir='ltr'>καὶ</span> <span class='ocrx_word' id='word_1_58' title='bbox 525 1023 856 1094; x_wconf 85' lang='grc' dir='ltr'>παραχρῆμα</span> <span class='ocrx_word' id='word_1_59' title='bbox 902 1021 1297 1090; x_wconf 80' lang='grc' dir='ltr'><strong>ἀφανιζόμενοι.</strong></span> <span class='ocrx_word' id='word_1_60' title='bbox 1334 1023 1630 1087; x_wconf 69' lang='grc' dir='ltr'>Πεεουτευ-</span> 
     </span>
    </p>
   </div>
   <div class='ocr_carea' id='block_1_11' title="bbox 84 1104 1632 1186">
    <p class='ocr_par' dir='ltr' id='par_1_11' title="bbox 84 1104 1632 1186">
     <span class='ocr_line' id='line_1_11' title="bbox 84 1104 1632 1186; baseline -0.012 -13"><span class='ocrx_word' id='word_1_61' title='bbox 84 1117 244 1186; x_wconf 78' lang='grc' dir='ltr'>μένοι</span> <span class='ocrx_word' id='word_1_62' title='bbox 277 1119 349 1172; x_wconf 76' lang='grc' dir='ltr'><strong>ἐν</strong></span> <span class='ocrx_word' id='word_1_63' title='bbox 398 1115 476 1180; x_wconf 83' lang='grc' dir='ltr'>τῷ</span> <span class='ocrx_word' id='word_1_64' title='bbox 525 1114 667 1179; x_wconf 79' lang='grc' dir='ltr'>οίκῳ</span> <span class='ocrx_word' id='word_1_65' title='bbox 692 1112 798 1165; x_wconf 84' lang='grc' dir='ltr'><strong>τοῦ</strong></span> <span class='ocrx_word' id='word_1_66' title='bbox 835 1111 1003 1176; x_wconf 84' lang='grc' dir='ltr'><strong>Θεοῦ,</strong></span> <span class='ocrx_word' id='word_1_67' title='bbox 1043 1111 1112 1163; x_wconf 84' lang='grc' dir='ltr'><strong>ἐν</strong></span> <span class='ocrx_word' id='word_1_68' title='bbox 1144 1109 1269 1175; x_wconf 86' lang='grc' dir='ltr'>ταῖς</span> <span class='ocrx_word' id='word_1_69' title='bbox 1292 1107 1503 1170; x_wconf 72' lang='grc' dir='ltr'>αὐλαῖς</span> <span class='ocrx_word' id='word_1_70' title='bbox 1527 1104 1632 1157; x_wconf 85' lang='grc' dir='ltr'><strong>τοῦ</strong></span> 
     </span>
    </p>
   </div>
   <div class='ocr_carea' id='block_1_12' title="bbox 93 1197 1633 1274">
    <p class='ocr_par' dir='ltr' id='par_1_12' title="bbox 93 1197 1633 1274">
     <span class='ocr_line' id='line_1_12' title="bbox 93 1197 1633 1274; baseline -0.008 -14"><span class='ocrx_word' id='word_1_71' title='bbox 93 1206 230 1260; x_wconf 84' lang='grc' dir='ltr'><strong>Θεοῦ</strong></span> <span class='ocrx_word' id='word_1_72' title='bbox 288 1205 455 1274; x_wconf 78' lang='grc' dir='ltr'><strong>ἡμῶν</strong></span> <span class='ocrx_word' id='word_1_73' title='bbox 508 1201 931 1266; x_wconf 78' lang='grc' dir='ltr'>ἐξανθήσουσι.</span> <span class='ocrx_word' id='word_1_74' title='bbox 989 1200 1216 1262; x_wconf 88' lang='grc' dir='ltr'>Σπάνιος</span> <span class='ocrx_word' id='word_1_75' title='bbox 1260 1199 1355 1268; x_wconf 81' lang='grc' dir='ltr'>μὲν</span> <span class='ocrx_word' id='word_1_76' title='bbox 1394 1199 1422 1250; x_wconf 90' lang='grc' dir='ltr'>ὁ</span> <span class='ocrx_word' id='word_1_77' title='bbox 1452 1197 1633 1265; x_wconf 74' lang='grc' dir='ltr'>ἄκρως</span> 
     </span>
    </p>
   </div>
   <div class='ocr_carea' id='block_1_13' title="bbox 91 1277 1635 1362">
    <p class='ocr_par' dir='ltr' id='par_1_13' title="bbox 91 1277 1635 1362">
     <span class='ocr_line' id='line_1_13' title="bbox 91 1277 1635 1362; baseline -0.008 -11"><span class='ocrx_word' id='word_1_78' title='bbox 91 1298 302 1359; x_wconf 80' lang='grc' dir='ltr'>τέλειος,</span> <span class='ocrx_word' id='word_1_79' title='bbox 324 1299 352 1348; x_wconf 85' lang='grc' dir='ltr'>ὁ</span> <span class='ocrx_word' id='word_1_80' title='bbox 376 1277 468 1348; x_wconf 65' lang='grc' dir='ltr'>καὶ</span> <span class='ocrx_word' id='word_1_81' title='bbox 481 1294 684 1356; x_wconf 87' lang='grc' dir='ltr'>δίκαιος</span> <span class='ocrx_word' id='word_1_82' title='bbox 708 1291 1105 1362; x_wconf 79' lang='grc' dir='ltr'>ὠνομασμένος,</span> <span class='ocrx_word' id='word_1_83' title='bbox 1137 1290 1332 1358; x_wconf 78' lang='grc' dir='ltr'>φοίνικι</span> <span class='ocrx_word' id='word_1_84' title='bbox 1356 1289 1444 1339; x_wconf 77' lang='grc' dir='ltr'>καὶ</span> <span class='ocrx_word' id='word_1_85' title='bbox 1464 1287 1635 1356; x_wconf 80' lang='grc' dir='ltr'><strong>κέδρῳ</strong></span> 
     </span>
    </p>
   </div>
   <div class='ocr_carea' id='block_1_14' title="bbox 95 1367 1631 1459">
    <p class='ocr_par' dir='ltr' id='par_1_14' title="bbox 95 1367 1631 1459">
     <span class='ocr_line' id='line_1_14' title="bbox 95 1367 1631 1459; baseline -0.009 -19"><span class='ocrx_word' id='word_1_86' title='bbox 95 1385 565 1459; x_wconf 72' lang='grc' dir='ltr'>παραϐεϐλημένος</span> <span class='ocrx_word' id='word_1_87' title='bbox 583 1402 596 1415; x_wconf 88' lang='grc'><strong>·</strong></span> <span class='ocrx_word' id='word_1_88' title='bbox 621 1386 742 1436; x_wconf 75' lang='grc' dir='ltr'>ἐπεὶ</span> <span class='ocrx_word' id='word_1_89' title='bbox 769 1383 825 1436; x_wconf 84' lang='grc' dir='ltr'><strong>δὲ</strong></span> <span class='ocrx_word' id='word_1_90' title='bbox 852 1383 927 1453; x_wconf 80' lang='grc' dir='ltr'>μὴ</span> <span class='ocrx_word' id='word_1_91' title='bbox 955 1381 1151 1442; x_wconf 88' lang='grc' dir='ltr'>πάντες</span> <span class='ocrx_word' id='word_1_92' title='bbox 1173 1367 1420 1441; x_wconf 65' lang='grc' dir='ltr'>τοιοῦτοι,</span> <span class='ocrx_word' id='word_1_93' title='bbox 1443 1376 1631 1440; x_wconf 88' lang='grc' dir='ltr'>ίστέον,</span> 
     </span>
    </p>
   </div>
   <div class='ocr_carea' id='block_1_15' title="bbox 93 1464 1636 1544">
    <p class='ocr_par' dir='ltr' id='par_1_15' title="bbox 93 1464 1636 1544">
     <span class='ocr_line' id='line_1_15' title="bbox 93 1464 1636 1544; baseline -0.01 -13"><span class='ocrx_word' id='word_1_94' title='bbox 93 1478 166 1531; x_wconf 81' lang='grc' dir='ltr'>ὅτι</span> <span class='ocrx_word' id='word_1_95' title='bbox 202 1477 294 1531; x_wconf 73' lang='grc' dir='ltr'><strong>καὶ</strong></span> <span class='ocrx_word' id='word_1_96' title='bbox 319 1476 424 1528; x_wconf 87' lang='grc' dir='ltr'>τῶν</span> <span class='ocrx_word' id='word_1_97' title='bbox 452 1472 832 1544; x_wconf 82' lang='grc' dir='ltr'><strong>ἀτελεστέρων,</strong></span> <span class='ocrx_word' id='word_1_98' title='bbox 867 1471 1003 1540; x_wconf 82' lang='grc' dir='ltr'>πλὴν</span> <span class='ocrx_word' id='word_1_99' title='bbox 1035 1468 1167 1522; x_wconf 78' lang='grc' dir='ltr'>ἀλλὰ</span> <span class='ocrx_word' id='word_1_100' title='bbox 1189 1467 1288 1535; x_wconf 84' lang='grc' dir='ltr'>τῆς</span> <span class='ocrx_word' id='word_1_101' title='bbox 1323 1468 1382 1518; x_wconf 83' lang='grc' dir='ltr'>ὲν</span> <span class='ocrx_word' id='word_1_102' title='bbox 1403 1464 1479 1535; x_wconf 85' lang='grc' dir='ltr'>τῷ</span> <span class='ocrx_word' id='word_1_103' title='bbox 1503 1465 1636 1533; x_wconf 74' lang='grc' dir='ltr'>οἴκῳ</span> 
     </span>
    </p>
   </div>
   <div class='ocr_carea' id='block_1_16' title="bbox 93 1552 1631 1633">
    <p class='ocr_par' dir='ltr' id='par_1_16' title="bbox 93 1552 1631 1633">
     <span class='ocr_line' id='line_1_16' title="bbox 93 1552 1631 1633; baseline -0.01 -14"><span class='ocrx_word' id='word_1_104' title='bbox 93 1567 180 1620; x_wconf 85' lang='grc' dir='ltr'><strong>τοῦ</strong></span> <span class='ocrx_word' id='word_1_105' title='bbox 201 1565 334 1618; x_wconf 84' lang='grc' dir='ltr'>Θεοῦ</span> <span class='ocrx_word' id='word_1_106' title='bbox 360 1564 580 1633; x_wconf 81' lang='grc' dir='ltr'>φυτείας</span> <span class='ocrx_word' id='word_1_107' title='bbox 612 1562 946 1632; x_wconf 80' lang='grc' dir='ltr'>ἠξιωμένων,</span> <span class='ocrx_word' id='word_1_108' title='bbox 975 1559 1087 1610; x_wconf 77' lang='grc' dir='ltr'>ἔστι</span> <span class='ocrx_word' id='word_1_109' title='bbox 1119 1574 1170 1610; x_wconf 92' lang='grc' dir='ltr'><strong>τι</strong></span> <span class='ocrx_word' id='word_1_110' title='bbox 1202 1555 1404 1624; x_wconf 83' lang='grc' dir='ltr'>ἀγαθὸν</span> <span class='ocrx_word' id='word_1_111' title='bbox 1447 1552 1631 1616; x_wconf 80' lang='grc' dir='ltr'>τέλος·</span> 
     </span>
    </p>
   </div>
   <div class='ocr_carea' id='block_1_17' title="bbox 95 1645 1632 1726">
    <p class='ocr_par' dir='ltr' id='par_1_17' title="bbox 95 1645 1632 1726">
     <span class='ocr_line' id='line_1_17' title="bbox 95 1645 1632 1726; baseline -0.01 -16"><span class='ocrx_word' id='word_1_112' title='bbox 95 1659 148 1709; x_wconf 83' lang='grc' dir='ltr'>ὲν</span> <span class='ocrx_word' id='word_1_113' title='bbox 176 1655 302 1726; x_wconf 86' lang='grc' dir='ltr'>γοῦν</span> <span class='ocrx_word' id='word_1_114' title='bbox 345 1658 463 1716; x_wconf 82' lang='grc' dir='ltr'>ταῖς</span> <span class='ocrx_word' id='word_1_115' title='bbox 517 1653 706 1717; x_wconf 80' lang='grc' dir='ltr'>αὐλαῖς</span> <span class='ocrx_word' id='word_1_116' title='bbox 745 1651 837 1706; x_wconf 90' lang='grc' dir='ltr'><strong>τοῦ</strong></span> <span class='ocrx_word' id='word_1_117' title='bbox 886 1649 1017 1703; x_wconf 87' lang='grc' dir='ltr'><strong>Θεοῦ</strong></span> <span class='ocrx_word' id='word_1_118' title='bbox 1060 1647 1216 1718; x_wconf 77' lang='grc' dir='ltr'>ἡμῶν</span> <span class='ocrx_word' id='word_1_119' title='bbox 1267 1645 1632 1714; x_wconf 77' lang='grc' dir='ltr'>ὲξανθήσουσι.</span> 
     </span>
    </p>
   </div>
   <div class='ocr_carea' id='block_1_18' title="bbox 1727 651 3267 725">
    <p class='ocr_par' dir='ltr' id='par_1_18' title="bbox 1727 651 3267 725">
     <span class='ocr_line' id='line_1_18' title="bbox 1727 651 3267 725; baseline -0.005 -15"><span class='ocrx_word' id='word_1_120' title='bbox 1727 655 1930 710; x_wconf 84' lang='lat' dir='ltr'><strong>habens</strong></span> <span class='ocrx_word' id='word_1_121' title='bbox 1956 657 2046 725; x_wconf 87' lang='lat' dir='ltr'><strong>qui</strong></span> <span class='ocrx_word' id='word_1_122' title='bbox 2081 654 2250 724; x_wconf 89' lang='lat' dir='ltr'><strong>ipsius</strong></span> <span class='ocrx_word' id='word_1_123' title='bbox 2293 667 2454 722; x_wconf 87' lang='lat' dir='ltr'><strong>opera</strong></span> <span class='ocrx_word' id='word_1_124' title='bbox 2484 651 2710 706; x_wconf 78' lang='lat' dir='ltr'><strong>salutem</strong></span> <span class='ocrx_word' id='word_1_125' title='bbox 2766 658 3166 721; x_wconf 87' lang='lat' dir='ltr'><strong>assequuntur,</strong></span> <span class='ocrx_word' id='word_1_126' title='bbox 3203 665 3267 704; x_wconf 86' lang='lat' dir='ltr'><strong>ea</strong></span> 
     </span>
    </p>
   </div>
   <div class='ocr_carea' id='block_1_19' title="bbox 1727 742 3267 817">
    <p class='ocr_par' dir='ltr' id='par_1_19' title="bbox 1727 742 3267 817">
     <span class='ocr_line' id='line_1_19' title="bbox 1727 742 3267 817; baseline -0.003 -18"><span class='ocrx_word' id='word_1_127' title='bbox 1727 748 1941 817; x_wconf 85' lang='lat' dir='ltr'><strong>quidem</strong></span> <span class='ocrx_word' id='word_1_128' title='bbox 1996 747 2202 800; x_wconf 91' lang='lat' dir='ltr'><strong>ratione</strong></span> <span class='ocrx_word' id='word_1_129' title='bbox 2245 744 2408 799; x_wconf 89' lang='lat' dir='ltr'><strong>cedro</strong></span> <span class='ocrx_word' id='word_1_130' title='bbox 2453 742 2881 813; x_wconf 87' lang='lat' dir='ltr'><strong>comparandus,</strong></span> <span class='ocrx_word' id='word_1_131' title='bbox 2939 744 3043 796; x_wconf 89' lang='lat' dir='ltr'><strong>alia</strong></span> <span class='ocrx_word' id='word_1_132' title='bbox 3089 751 3267 796; x_wconf 88' lang='lat' dir='ltr'><strong>autem</strong></span> 
     </span>
    </p>
   </div>
   <div class='ocr_carea' id='block_1_20' title="bbox 1729 833 3272 909">
    <p class='ocr_par' dir='ltr' id='par_1_20' title="bbox 1729 833 3272 909">
     <span class='ocr_line' id='line_1_20' title="bbox 1729 833 3272 909; baseline -0.006 -16"><span class='ocrx_word' id='word_1_133' title='bbox 1729 841 1875 909; x_wconf 87' lang='lat' dir='ltr'><strong>prius</strong></span> <span class='ocrx_word' id='word_1_134' title='bbox 1908 838 2203 899; x_wconf 86' lang='lat' dir='ltr'><strong>enuntiata,</strong></span> <span class='ocrx_word' id='word_1_135' title='bbox 2231 836 2441 904; x_wconf 64' lang='lat' dir='ltr'><strong>palmae.</strong></span> <span class='ocrx_word' id='word_1_136' title='bbox 2497 835 2565 888; x_wconf 86' lang='lat' dir='ltr'><strong>At</strong></span> <span class='ocrx_word' id='word_1_137' title='bbox 2596 849 2702 887; x_wconf 90' lang='lat' dir='ltr'><strong>non</strong></span> <span class='ocrx_word' id='word_1_138' title='bbox 2757 833 3066 901; x_wconf 80' lang='lat' dir='ltr'><strong>httjusmodi</strong></span> <span class='ocrx_word' id='word_1_139' title='bbox 3115 839 3272 887; x_wconf 87' lang='lat' dir='ltr'><strong>erant</strong></span> 
     </span>
    </p>
   </div>
   <div class='ocr_carea' id='block_1_21' title="bbox 1727 924 3271 998">
    <p class='ocr_par' dir='ltr' id='par_1_21' title="bbox 1727 924 3271 998">
     <span class='ocr_line' id='line_1_21' title="bbox 1727 924 3271 998; baseline -0.004 -14"><span class='ocrx_word' id='word_1_140' title='bbox 1727 930 1896 998; x_wconf 89' lang='lat' dir='ltr'><strong>impii,</strong></span> <span class='ocrx_word' id='word_1_141' title='bbox 1930 930 2042 998; x_wconf 86' lang='lat' dir='ltr'><strong>qui,</strong></span> <span class='ocrx_word' id='word_1_142' title='bbox 2065 937 2316 997; x_wconf 79' lang='lat' dir='ltr'><strong>tanquam</strong></span> <span class='ocrx_word' id='word_1_143' title='bbox 2348 926 2526 980; x_wconf 79' lang='lat' dir='ltr'><strong>fenum</strong></span> <span class='ocrx_word' id='word_1_144' title='bbox 2556 925 2753 987; x_wconf 79' lang='lat' dir='ltr'><strong>exorti,</strong></span> <span class='ocrx_word' id='word_1_145' title='bbox 2779 940 2902 979; x_wconf 78' lang='lat' dir='ltr'><strong>mox</strong></span> <span class='ocrx_word' id='word_1_146' title='bbox 2928 924 3085 978; x_wconf 83' lang='lat' dir='ltr'><strong>deleti</strong></span> <span class='ocrx_word' id='word_1_147' title='bbox 3119 933 3271 978; x_wconf 85' lang='lat' dir='ltr'><strong>sunt.</strong></span> 
     </span>
    </p>
   </div>
   <div class='ocr_carea' id='block_1_22' title="bbox 1731 1014 3268 1082">
    <p class='ocr_par' dir='ltr' id='par_1_22' title="bbox 1731 1014 3268 1082">
     <span class='ocr_line' id='line_1_22' title="bbox 1731 1014 3268 1082; baseline -0.005 -7"><span class='ocrx_word' id='word_1_148' title='bbox 1731 1020 1966 1075; x_wconf 86' lang='lat' dir='ltr'><strong>Plantati</strong></span> <span class='ocrx_word' id='word_1_149' title='bbox 1999 1021 2052 1072; x_wconf 87' lang='lat' dir='ltr'><strong>in</strong></span> <span class='ocrx_word' id='word_1_150' title='bbox 2082 1019 2231 1073; x_wconf 86' lang='lat' dir='ltr'><strong>domo</strong></span> <span class='ocrx_word' id='word_1_151' title='bbox 2254 1017 2370 1081; x_wconf 86' lang='lat' dir='ltr'><strong>Dei,</strong></span> <span class='ocrx_word' id='word_1_152' title='bbox 2411 1018 2462 1069; x_wconf 89' lang='lat' dir='ltr'><strong>in</strong></span> <span class='ocrx_word' id='word_1_153' title='bbox 2495 1018 2647 1069; x_wconf 86' lang='lat' dir='ltr'><strong>atriis</strong></span> <span class='ocrx_word' id='word_1_154' title='bbox 2674 1014 2771 1069; x_wconf 87' lang='lat' dir='ltr'><strong>Dei</strong></span> <span class='ocrx_word' id='word_1_155' title='bbox 2793 1015 2960 1069; x_wconf 91' lang='lat' dir='ltr'><strong>nostri</strong></span> <span class='ocrx_word' id='word_1_156' title='bbox 2990 1015 3268 1082; x_wconf 75' lang='lat' dir='ltr'><strong>ﬂorebunt.</strong></span> 
     </span>
    </p>
   </div>
   <div class='ocr_carea' id='block_1_23' title="bbox 1731 1099 3276 1181">
    <p class='ocr_par' dir='ltr' id='par_1_23' title="bbox 1731 1099 3276 1181">
     <span class='ocr_line' id='line_1_23' title="bbox 1731 1099 3276 1181; baseline -0.005 -14"><span class='ocrx_word' id='word_1_157' title='bbox 1731 1114 1992 1171; x_wconf 82' lang='lat' dir='ltr'><strong>Perrarns&#39;</strong></span> <span class='ocrx_word' id='word_1_158' title='bbox 2016 1099 2230 1181; x_wconf 74' lang='lat' dir='ltr'><strong>quidem</strong></span> <span class='ocrx_word' id='word_1_159' title='bbox 2261 1116 2375 1172; x_wconf 88' lang='lat' dir='ltr'><strong>est,</strong></span> <span class='ocrx_word' id='word_1_160' title='bbox 2406 1107 2496 1177; x_wconf 85' lang='lat' dir='ltr'><strong>qui</strong></span> <span class='ocrx_word' id='word_1_161' title='bbox 2528 1107 2594 1159; x_wconf 91' lang='lat' dir='ltr'><strong>ad</strong></span> <span class='ocrx_word' id='word_1_162' title='bbox 2628 1122 2895 1161; x_wconf 89' lang='lat' dir='ltr'><strong>summum</strong></span> <span class='ocrx_word' id='word_1_163' title='bbox 2931 1105 3276 1176; x_wconf 80' lang='lat' dir='ltr'><strong>perfectionis</strong></span> 
     </span>
    </p>
   </div>
   <div class='ocr_carea' id='block_1_24' title="bbox 1731 1197 3276 1270">
    <p class='ocr_par' dir='ltr' id='par_1_24' title="bbox 1731 1197 3276 1270">
     <span class='ocr_line' id='line_1_24' title="bbox 1731 1197 3276 1270; baseline -0.005 -13"><span class='ocrx_word' id='word_1_164' title='bbox 1731 1203 2020 1264; x_wconf 84' lang='lat' dir='ltr'><strong>devenerit,</strong></span> <span class='ocrx_word' id='word_1_165' title='bbox 2051 1201 2141 1270; x_wconf 89' lang='lat' dir='ltr'><strong>qui</strong></span> <span class='ocrx_word' id='word_1_166' title='bbox 2170 1207 2225 1254; x_wconf 91' lang='lat' dir='ltr'><strong>et</strong></span> <span class='ocrx_word' id='word_1_167' title='bbox 2247 1201 2426 1268; x_wconf 84' lang='lat' dir='ltr'><strong>justus</strong></span> <span class='ocrx_word' id='word_1_168' title='bbox 2455 1204 2680 1252; x_wconf 83' lang='lat' dir='ltr'><strong>vocatur</strong></span> <span class='ocrx_word' id='word_1_169' title='bbox 2701 1235 2715 1260; x_wconf 98' lang='lat'><strong>,</strong></span> <span class='ocrx_word' id='word_1_170' title='bbox 2759 1197 3057 1266; x_wconf 65' lang='lat' dir='ltr'><strong>palmaeque</strong></span> <span class='ocrx_word' id='word_1_171' title='bbox 3099 1209 3161 1248; x_wconf 90' lang='lat' dir='ltr'><strong>ac</strong></span> <span class='ocrx_word' id='word_1_172' title='bbox 3186 1210 3276 1249; x_wconf 89' lang='lat' dir='ltr'><strong>ce-</strong></span> 
     </span>
    </p>
   </div>
   <div class='ocr_carea' id='block_1_25' title="bbox 1732 1283 3276 1358">
    <p class='ocr_par' dir='ltr' id='par_1_25' title="bbox 1732 1283 3276 1358">
     <span class='ocr_line' id='line_1_25' title="bbox 1732 1283 3276 1358; baseline -0.006 -11"><span class='ocrx_word' id='word_1_173' title='bbox 1732 1294 1830 1348; x_wconf 91' lang='lat' dir='ltr'><strong>dro</strong></span> <span class='ocrx_word' id='word_1_174' title='bbox 1877 1289 2172 1347; x_wconf 75' lang='lat' dir='ltr'><strong>confertur.</strong></span> <span class='ocrx_word' id='word_1_175' title='bbox 2244 1289 2349 1344; x_wconf 90' lang='lat' dir='ltr'><strong>Sed</strong></span> <span class='ocrx_word' id='word_1_176' title='bbox 2401 1289 2526 1358; x_wconf 86' lang='lat' dir='ltr'><strong>quia</strong></span> <span class='ocrx_word' id='word_1_177' title='bbox 2577 1303 2685 1340; x_wconf 92' lang='lat' dir='ltr'><strong>non</strong></span> <span class='ocrx_word' id='word_1_178' title='bbox 2728 1301 2916 1340; x_wconf 88' lang='lat' dir='ltr'><strong>omnes</strong></span> <span class='ocrx_word' id='word_1_179' title='bbox 2964 1283 3276 1353; x_wconf 87' lang='lat' dir='ltr'><strong>hujusmodi</strong></span> 
     </span>
    </p>
   </div>
   <div class='ocr_carea' id='block_1_26' title="bbox 1733 1372 3276 1446">
    <p class='ocr_par' dir='ltr' id='par_1_26' title="bbox 1733 1372 3276 1446">
     <span class='ocr_line' id='line_1_26' title="bbox 1733 1372 3276 1446; baseline -0.008 -9"><span class='ocrx_word' id='word_1_180' title='bbox 1733 1389 1878 1446; x_wconf 88' lang='lat' dir='ltr'><strong>sunt,</strong></span> <span class='ocrx_word' id='word_1_181' title='bbox 1903 1381 2177 1435; x_wconf 90' lang='lat' dir='ltr'><strong>sciendum</strong></span> <span class='ocrx_word' id='word_1_182' title='bbox 2209 1385 2312 1440; x_wconf 84' lang='lat' dir='ltr'><strong>est,</strong></span> <span class='ocrx_word' id='word_1_183' title='bbox 2340 1377 2499 1431; x_wconf 91' lang='lat' dir='ltr'><strong>etiam</strong></span> <span class='ocrx_word' id='word_1_184' title='bbox 2545 1372 3046 1444; x_wconf 80' lang='lat' dir='ltr'><strong>imperfectioribus,</strong></span> <span class='ocrx_word' id='word_1_185' title='bbox 3069 1374 3160 1442; x_wconf 90' lang='lat' dir='ltr'><strong>qui</strong></span> <span class='ocrx_word' id='word_1_186' title='bbox 3196 1381 3276 1425; x_wconf 90' lang='lat' dir='ltr'><strong>ta—</strong></span> 
     </span>
    </p>
   </div>
   <div class='ocr_carea' id='block_1_27' title="bbox 1731 1462 3277 1536">
    <p class='ocr_par' dir='ltr' id='par_1_27' title="bbox 1731 1462 3277 1536">
     <span class='ocr_line' id='line_1_27' title="bbox 1731 1462 3277 1536; baseline -0.007 -11"><span class='ocrx_word' id='word_1_187' title='bbox 1731 1487 1853 1525; x_wconf 89' lang='lat' dir='ltr'><strong>men</strong></span> <span class='ocrx_word' id='word_1_188' title='bbox 1881 1471 1970 1523; x_wconf 89' lang='lat' dir='ltr'><strong>illa</strong></span> <span class='ocrx_word' id='word_1_189' title='bbox 2009 1471 2062 1522; x_wconf 92' lang='lat' dir='ltr'><strong>in</strong></span> <span class='ocrx_word' id='word_1_190' title='bbox 2095 1469 2254 1522; x_wconf 92' lang='lat' dir='ltr'><strong>domo</strong></span> <span class='ocrx_word' id='word_1_191' title='bbox 2286 1467 2382 1522; x_wconf 91' lang='lat' dir='ltr'><strong>Dei</strong></span> <span class='ocrx_word' id='word_1_192' title='bbox 2420 1465 2750 1536; x_wconf 79' lang='lat' dir='ltr'><strong>plnntatione</strong></span> <span class='ocrx_word' id='word_1_193' title='bbox 2779 1462 2980 1532; x_wconf 77' lang='lat' dir='ltr'><strong>dignati</strong></span> <span class='ocrx_word' id='word_1_194' title='bbox 3037 1462 3277 1525; x_wconf 87' lang='lat' dir='ltr'><strong>fuerint,</strong></span> 
     </span>
    </p>
   </div>
   <div class='ocr_carea' id='block_1_28' title="bbox 1732 1554 3280 1629">
    <p class='ocr_par' dir='ltr' id='par_1_28' title="bbox 1732 1554 3280 1629">
     <span class='ocr_line' id='line_1_28' title="bbox 1732 1554 3280 1629; baseline -0.006 -13"><span class='ocrx_word' id='word_1_195' title='bbox 1732 1563 1931 1617; x_wconf 89' lang='lat' dir='ltr'><strong>bonum</strong></span> <span class='ocrx_word' id='word_1_196' title='bbox 1971 1559 2255 1629; x_wconf 88' lang='lat' dir='ltr'><strong>quemdam</strong></span> <span class='ocrx_word' id='word_1_197' title='bbox 2307 1557 2465 1610; x_wconf 82' lang='lat' dir='ltr'><strong>finem</strong></span> <span class='ocrx_word' id='word_1_198' title='bbox 2508 1556 2803 1624; x_wconf 91' lang='lat' dir='ltr'><strong>repositum</strong></span> <span class='ocrx_word' id='word_1_199' title='bbox 2845 1568 2965 1608; x_wconf 88' lang='lat' dir='ltr'><strong>esse</strong></span> <span class='ocrx_word' id='word_1_200' title='bbox 3000 1569 3012 1604; x_wconf 94' lang='lat'>:</span> <span class='ocrx_word' id='word_1_201' title='bbox 3066 1570 3190 1607; x_wconf 90' lang='lat' dir='ltr'><strong>nam</strong></span> <span class='ocrx_word' id='word_1_202' title='bbox 3224 1554 3280 1606; x_wconf 85' lang='lat' dir='ltr'><strong>in</strong></span> 
     </span>
    </p>
   </div>
   <div class='ocr_carea' id='block_1_29' title="bbox 1737 1640 3280 1704">
    <p class='ocr_par' dir='ltr' id='par_1_29' title="bbox 1737 1640 3280 1704">
     <span class='ocr_line' id='line_1_29' title="bbox 1737 1640 3280 1704; baseline -0.008 0"><span class='ocrx_word' id='word_1_203' title='bbox 1737 1649 1887 1704; x_wconf 84' lang='lat' dir='ltr'><strong>atriis</strong></span> <span class='ocrx_word' id='word_1_204' title='bbox 1915 1648 2105 1702; x_wconf 87' lang='lat' dir='ltr'><strong>domus</strong></span> <span class='ocrx_word' id='word_1_205' title='bbox 2154 1645 2248 1700; x_wconf 87' lang='lat' dir='ltr'><strong>Dei</strong></span> <span class='ocrx_word' id='word_1_206' title='bbox 2293 1645 2467 1700; x_wconf 90' lang='lat' dir='ltr'><strong>nostri</strong></span> <span class='ocrx_word' id='word_1_207' title='bbox 2510 1642 2794 1696; x_wconf 92' lang='lat' dir='ltr'><strong>ﬂorebunt.</strong></span> <span class='ocrx_word' id='word_1_208' title='bbox 2829 1640 2884 1695; x_wconf 88' lang='lat' dir='ltr'><strong>ld</strong></span> <span class='ocrx_word' id='word_1_209' title='bbox 2917 1655 3045 1695; x_wconf 88' lang='lat' dir='ltr'><strong>vero</strong></span> <span class='ocrx_word' id='word_1_210' title='bbox 3080 1640 3280 1695; x_wconf 83' lang='lat' dir='ltr'><strong>intelli-</strong></span> 
     </span>
    </p>
   </div>
   <div class='ocr_carea' id='block_1_30' title="bbox 94 1729 1649 1819">
    <p class='ocr_par' dir='ltr' id='par_1_30' title="bbox 94 1736 1640 1819">
     <span class='ocr_line' id='line_1_30' title="bbox 94 1736 1640 1819; baseline -0.012 -16"><span class='ocrx_word' id='word_1_211' title='bbox 94 1749 318 1819; x_wconf 77' lang='grc' dir='ltr'>Νοήσεις</span> <span class='ocrx_word' id='word_1_212' title='bbox 345 1747 400 1798; x_wconf 83' lang='grc' dir='ltr'><strong>δὲ</strong></span> <span class='ocrx_word' id='word_1_213' title='bbox 432 1745 696 1799; x_wconf 73' lang='grc' dir='ltr'>καὶτοῦτο</span> <span class='ocrx_word' id='word_1_214' title='bbox 716 1738 860 1796; x_wconf 84' lang='grc' dir='ltr'>οἷκον</span> <span class='ocrx_word' id='word_1_215' title='bbox 895 1740 1063 1811; x_wconf 88' lang='grc' dir='ltr'>μέγαν</span> <span class='ocrx_word' id='word_1_216' title='bbox 1087 1738 1284 1808; x_wconf 86' lang='grc' dir='ltr'>Κυρίου</span> <span class='ocrx_word' id='word_1_217' title='bbox 1310 1736 1518 1790; x_wconf 86' lang='grc' dir='ltr'>ἁκούων</span> <span class='ocrx_word' id='word_1_218' title='bbox 1543 1736 1640 1804; x_wconf 76' lang='grc' dir='ltr'>τὴν</span> 
     </span>
    </p>
   </div>
   <div class='ocr_carea' id='block_1_31' title="bbox 1747 1729 3280 1819">
    <p class='ocr_par' dir='ltr' id='par_1_31' title="bbox 1747 1729 3280 1808">
     <span class='ocr_line' id='line_1_31' title="bbox 1747 1729 3280 1808; baseline -0.005 -17"><span class='ocrx_word' id='word_1_219' title='bbox 1747 1755 1851 1808; x_wconf 76' lang='lat' dir='ltr'><strong>gas,</strong></span> <span class='ocrx_word' id='word_1_220' title='bbox 1882 1737 1925 1791; x_wconf 92' lang='lat' dir='ltr'><strong>si</strong></span> <span class='ocrx_word' id='word_1_221' title='bbox 1953 1751 2050 1806; x_wconf 90' lang='lat' dir='ltr'><strong>pro</strong></span> <span class='ocrx_word' id='word_1_222' title='bbox 2074 1748 2266 1805; x_wconf 88' lang='lat' dir='ltr'><strong>magna</strong></span> <span class='ocrx_word' id='word_1_223' title='bbox 2288 1734 2445 1787; x_wconf 90' lang='lat' dir='ltr'><strong>domo</strong></span> <span class='ocrx_word' id='word_1_224' title='bbox 2468 1731 2700 1792; x_wconf 88' lang='lat' dir='ltr'><strong>Domini,</strong></span> <span class='ocrx_word' id='word_1_225' title='bbox 2730 1731 3024 1786; x_wconf 79' lang='lat' dir='ltr'><strong>Ecclesiam</strong></span> <span class='ocrx_word' id='word_1_226' title='bbox 3062 1729 3182 1798; x_wconf 86' lang='lat' dir='ltr'><strong>ejus</strong></span> <span class='ocrx_word' id='word_1_227' title='bbox 3223 1731 3280 1784; x_wconf 91' lang='lat' dir='ltr'><strong>in</strong></span> 
     </span>
    </p>
   </div>
   <div class='ocr_carea' id='block_1_32' title="bbox 106 1819 1649 1910">
    <p class='ocr_par' dir='ltr' id='par_1_32' title="bbox 106 1828 1639 1910">
     <span class='ocr_line' id='line_1_32' title="bbox 106 1828 1639 1910; baseline -0.011 -16"><span class='ocrx_word' id='word_1_228' title='bbox 106 1838 422 1910; x_wconf 82' lang='grc' dir='ltr'>Ἐκκλησίαν</span> <span class='ocrx_word' id='word_1_229' title='bbox 469 1835 652 1897; x_wconf 88' lang='grc' dir='ltr'>αὐτοῦ,</span> <span class='ocrx_word' id='word_1_230' title='bbox 702 1834 799 1904; x_wconf 79' lang='grc' dir='ltr'>τὴν</span> <span class='ocrx_word' id='word_1_231' title='bbox 827 1832 916 1883; x_wconf 76' lang='grc' dir='ltr'><strong>ἐπὶ</strong></span> <span class='ocrx_word' id='word_1_232' title='bbox 952 1830 1072 1900; x_wconf 80' lang='grc' dir='ltr'>γῆς,</span> <span class='ocrx_word' id='word_1_233' title='bbox 1107 1829 1246 1881; x_wconf 83' lang='grc' dir='ltr'><strong>κατά</strong></span> <span class='ocrx_word' id='word_1_234' title='bbox 1269 1828 1359 1880; x_wconf 87' lang='grc' dir='ltr'><strong>τὸν</strong></span> <span class='ocrx_word' id='word_1_235' title='bbox 1398 1828 1639 1896; x_wconf 85' lang='grc' dir='ltr'>φήσαντα</span> 
     </span>
    </p>
   </div>
   <div class='ocr_carea' id='block_1_33' title="bbox 1747 1819 3278 1910">
    <p class='ocr_par' dir='ltr' id='par_1_33' title="bbox 1747 1819 3278 1893">
     <span class='ocr_line' id='line_1_33' title="bbox 1747 1819 3278 1893; baseline -0.006 -12"><span class='ocrx_word' id='word_1_236' title='bbox 1747 1837 1880 1884; x_wconf 86' lang='lat' dir='ltr'><strong>terra</strong></span> <span class='ocrx_word' id='word_1_237' title='bbox 1910 1828 2068 1882; x_wconf 83' lang='lat' dir='ltr'><strong>sitam</strong></span> <span class='ocrx_word' id='word_1_238' title='bbox 2091 1823 2324 1893; x_wconf 87' lang='lat' dir='ltr'><strong>accipias</strong></span> <span class='ocrx_word' id='word_1_239' title='bbox 2352 1821 2648 1877; x_wconf 89' lang='lat' dir='ltr'><strong>secundum</strong></span> <span class='ocrx_word' id='word_1_240' title='bbox 2675 1820 3014 1888; x_wconf 80' lang='lat' dir='ltr'><strong>Apostolum,</strong></span> <span class='ocrx_word' id='word_1_241' title='bbox 3057 1819 3149 1888; x_wconf 89' lang='lat' dir='ltr'><strong>qui</strong></span> <span class='ocrx_word' id='word_1_242' title='bbox 3181 1820 3278 1883; x_wconf 90' lang='lat' dir='ltr'><strong>ait,</strong></span> 
     </span>
    </p>
   </div>
   <div class='ocr_carea' id='block_1_34' title="bbox 106 1902 1649 1991">
    <p class='ocr_par' dir='ltr' id='par_1_34' title="bbox 106 1902 1640 1991">
     <span class='ocr_line' id='line_1_34' title="bbox 106 1902 1640 1991; baseline -0.01 -7"><span class='ocrx_word' id='word_1_243' title='bbox 106 1902 447 1985; x_wconf 71' lang='grc' dir='ltr'>Ἀπόστειλον·</span> <span class='ocrx_word' id='word_1_244' title='bbox 486 1930 609 1983; x_wconf 79' lang='grc' dir='ltr'><strong>Ἵνα</strong></span> <span class='ocrx_word' id='word_1_245' title='bbox 631 1902 766 1991; x_wconf 55' lang='lat' dir='ltr'><strong>tam}</strong></span> <span class='ocrx_word' id='word_1_246' title='bbox 789 1920 912 1987; x_wconf 83' lang='grc' dir='ltr'>πῶς</span> <span class='ocrx_word' id='word_1_247' title='bbox 941 1920 1032 1973; x_wconf 87' lang='grc' dir='ltr'><strong>δεῖ</strong></span> <span class='ocrx_word' id='word_1_248' title='bbox 1058 1919 1126 1972; x_wconf 84' lang='grc' dir='ltr'><strong>ἐν</strong></span> <span class='ocrx_word' id='word_1_249' title='bbox 1147 1920 1287 1981; x_wconf 64' lang='lat' dir='ltr'><strong>om</strong></span> <span class='ocrx_word' id='word_1_250' title='bbox 1327 1917 1469 1972; x_wconf 86' lang='grc' dir='ltr'>Θεοῦ</span> <span class='ocrx_word' id='word_1_251' title='bbox 1498 1917 1640 1971; x_wconf 83' lang='grc' dir='ltr'>ἀνα-</span> 
     </span>
    </p>
   </div>
   <div class='ocr_carea' id='block_1_35' title="bbox 1747 1902 3281 1991">
    <p class='ocr_par' dir='ltr' id='par_1_35' title="bbox 1750 1911 3281 1987">
     <span class='ocr_line' id='line_1_35' title="bbox 1750 1911 3281 1987; baseline -0.007 -14"><span class='ocrx_word' id='word_1_252' title='bbox 1750 1919 1815 1974; x_wconf 88' lang='lat' dir='ltr'><strong>Ut</strong></span> <span class='ocrx_word' id='word_1_253' title='bbox 1851 1918 2024 1972; x_wconf 81' lang='lat' dir='ltr'><strong>uideas</strong></span> <span class='ocrx_word' id='word_1_254' title='bbox 2055 1915 2306 1987; x_wconf 82' lang='lat' dir='ltr'><strong>quomodo</strong></span> <span class='ocrx_word' id='word_1_255' title='bbox 2332 1923 2562 1983; x_wconf 82' lang='lat' dir='ltr'><strong>oporteat</strong></span> <span class='ocrx_word' id='word_1_256' title='bbox 2583 1914 2636 1968; x_wconf 90' lang='lat' dir='ltr'><strong>in</strong></span> <span class='ocrx_word' id='word_1_257' title='bbox 2667 1913 2818 1967; x_wconf 86' lang='lat' dir='ltr'><strong>domo</strong></span> <span class='ocrx_word' id='word_1_258' title='bbox 2841 1912 2937 1966; x_wconf 90' lang='lat' dir='ltr'><strong>Dei</strong></span> <span class='ocrx_word' id='word_1_259' title='bbox 2965 1911 3281 1974; x_wconf 78' lang='lat' dir='ltr'><strong>conversari,</strong></span> 
     </span>
    </p>
   </div>
   <div class='ocr_carea' id='block_1_36' title="bbox 97 2005 1638 2090">
    <p class='ocr_par' dir='ltr' id='par_1_36' title="bbox 97 2005 1638 2090">
     <span class='ocr_line' id='line_1_36' title="bbox 97 2005 1638 2090; baseline -0.012 -14"><span class='ocrx_word' id='word_1_260' title='bbox 97 2020 470 2090; x_wconf 67' lang='grc' dir='ltr'>στρέφεσθαι,</span> <span class='ocrx_word' id='word_1_261' title='bbox 493 2016 622 2084; x_wconf 82' lang='grc' dir='ltr'>ἣτις</span> <span class='ocrx_word' id='word_1_262' title='bbox 653 2012 822 2066; x_wconf 77' lang='grc' dir='ltr'><strong>ἐστιν</strong></span> <span class='ocrx_word' id='word_1_263' title='bbox 861 2009 1179 2071; x_wconf 75' lang='grc' dir='ltr'>Ἐκκλησία</span> <span class='ocrx_word' id='word_1_264' title='bbox 1215 2007 1360 2061; x_wconf 85' lang='grc' dir='ltr'>Θεοῦ</span> <span class='ocrx_word' id='word_1_265' title='bbox 1393 2005 1602 2071; x_wconf 70' lang='grc' dir='ltr'>ζῶντος</span> <span class='ocrx_word' id='word_1_266' title='bbox 1624 2021 1638 2037; x_wconf 92' lang='grc'><strong>·</strong></span> 
     </span>
    </p>
   </div>
   <div class='ocr_carea' id='block_1_37' title="bbox 97 2097 1642 2179">
    <p class='ocr_par' dir='ltr' id='par_1_37' title="bbox 97 2097 1642 2179">
     <span class='ocr_line' id='line_1_37' title="bbox 97 2097 1642 2179; baseline -0.011 -15"><span class='ocrx_word' id='word_1_267' title='bbox 97 2109 528 2179; x_wconf 77' lang='grc' dir='ltr'>πεφυτευμένους</span> <span class='ocrx_word' id='word_1_268' title='bbox 581 2105 636 2156; x_wconf 83' lang='grc' dir='ltr'><strong>δὲ</strong></span> <span class='ocrx_word' id='word_1_269' title='bbox 666 2106 723 2156; x_wconf 83' lang='grc' dir='ltr'>ἐν</span> <span class='ocrx_word' id='word_1_270' title='bbox 774 2103 944 2172; x_wconf 84' lang='grc' dir='ltr'>ταύτῃ</span> <span class='ocrx_word' id='word_1_271' title='bbox 982 2101 1105 2160; x_wconf 80' lang='grc' dir='ltr'>τοὺς</span> <span class='ocrx_word' id='word_1_272' title='bbox 1132 2098 1226 2160; x_wconf 85' lang='grc' dir='ltr'><strong>τὰς</strong></span> <span class='ocrx_word' id='word_1_273' title='bbox 1257 2097 1427 2169; x_wconf 83' lang='grc' dir='ltr'>ἀρχὰς</span> <span class='ocrx_word' id='word_1_274' title='bbox 1457 2099 1554 2166; x_wconf 85' lang='grc' dir='ltr'>τῆς</span> <span class='ocrx_word' id='word_1_275' title='bbox 1587 2098 1642 2148; x_wconf 82' lang='grc' dir='ltr'>ὲν</span> 
     </span>
    </p>
   </div>
   <div class='ocr_carea' id='block_1_38' title="bbox 99 2183 1639 2268">
    <p class='ocr_par' dir='ltr' id='par_1_38' title="bbox 99 2183 1639 2268">
     <span class='ocr_line' id='line_1_38' title="bbox 99 2183 1639 2268; baseline -0.01 -15"><span class='ocrx_word' id='word_1_276' title='bbox 99 2199 374 2268; x_wconf 72' lang='grc' dir='ltr'>θεοσεϐείᾳ</span> <span class='ocrx_word' id='word_1_277' title='bbox 426 2195 702 2267; x_wconf 83' lang='grc' dir='ltr'>προκοπῆς</span> <span class='ocrx_word' id='word_1_278' title='bbox 745 2189 990 2244; x_wconf 78' lang='grc' dir='ltr'>ἐντεῦθεν</span> <span class='ocrx_word' id='word_1_279' title='bbox 1027 2188 1331 2260; x_wconf 85' lang='grc' dir='ltr'>είληφότας,</span> <span class='ocrx_word' id='word_1_280' title='bbox 1356 2184 1455 2241; x_wconf 77' lang='grc' dir='ltr'>οἷοι</span> <span class='ocrx_word' id='word_1_281' title='bbox 1482 2183 1639 2256; x_wconf 76' lang='grc' dir='ltr'>ἦσαν,</span> 
     </span>
    </p>
   </div>
   <div class='ocr_carea' id='block_1_39' title="bbox 97 2272 1644 2356">
    <p class='ocr_par' dir='ltr' id='par_1_39' title="bbox 97 2272 1644 2356">
     <span class='ocr_line' id='line_1_39' title="bbox 97 2272 1644 2356; baseline -0.011 -15"><span class='ocrx_word' id='word_1_282' title='bbox 97 2286 186 2351; x_wconf 81' lang='grc' dir='ltr'>οὓς</span> <span class='ocrx_word' id='word_1_283' title='bbox 239 2286 529 2356; x_wconf 71' lang='grc' dir='ltr'>ἐφύτευσεν</span> <span class='ocrx_word' id='word_1_284' title='bbox 573 2285 602 2334; x_wconf 83' lang='grc' dir='ltr'>ὁ</span> <span class='ocrx_word' id='word_1_285' title='bbox 650 2278 875 2342; x_wconf 82' lang='grc' dir='ltr'>Παῦλος,</span> <span class='ocrx_word' id='word_1_286' title='bbox 905 2278 968 2330; x_wconf 79' lang='grc' dir='ltr'>δι’</span> <span class='ocrx_word' id='word_1_287' title='bbox 991 2275 1080 2340; x_wconf 85' lang='grc' dir='ltr'><strong>οὐς</strong></span> <span class='ocrx_word' id='word_1_288' title='bbox 1116 2277 1208 2329; x_wconf 75' lang='grc' dir='ltr'>καὶ</span> <span class='ocrx_word' id='word_1_289' title='bbox 1257 2275 1462 2345; x_wconf 72' lang='grc' dir='ltr'>ἔλεγεν,</span> <span class='ocrx_word' id='word_1_290' title='bbox 1508 2272 1644 2340; x_wconf 83' lang='grc' dir='ltr'><strong>Ἑτὼ</strong></span> 
     </span>
    </p>
   </div>
   <div class='ocr_carea' id='block_1_40' title="bbox 97 2361 1645 2445">
    <p class='ocr_par' dir='ltr' id='par_1_40' title="bbox 97 2361 1645 2445">
     <span class='ocr_line' id='line_1_40' title="bbox 97 2361 1645 2445; baseline -0.011 -15"><span class='ocrx_word' id='word_1_291' title='bbox 97 2377 414 2445; x_wconf 68' lang='grc' dir='ltr'>ἐφύτευσα,</span> <span class='ocrx_word' id='word_1_292' title='bbox 459 2370 751 2435; x_wconf 73' lang='grc' dir='ltr'>Ἀπολλὼς</span> <span class='ocrx_word' id='word_1_293' title='bbox 786 2370 1082 2431; x_wconf 77' lang='grc' dir='ltr'>ἐπότισεν,</span> <span class='ocrx_word' id='word_1_294' title='bbox 1113 2367 1247 2420; x_wconf 69' lang='grc' dir='ltr'><strong>ἀλλ’</strong></span> <span class='ocrx_word' id='word_1_295' title='bbox 1286 2369 1318 2418; x_wconf 86' lang='grc' dir='ltr'><em>ὁ</em></span> <span class='ocrx_word' id='word_1_296' title='bbox 1359 2364 1501 2428; x_wconf 82' lang='grc' dir='ltr'><strong>Θεὸς</strong></span> <span class='ocrx_word' id='word_1_297' title='bbox 1540 2361 1645 2428; x_wconf 83' lang='grc' dir='ltr'><strong>ηὕ-</strong></span> 
     </span>
    </p>
   </div>
   <div class='ocr_carea' id='block_1_41' title="bbox 100 2450 1642 2530">
    <p class='ocr_par' dir='ltr' id='par_1_41' title="bbox 100 2450 1642 2530">
     <span class='ocr_line' id='line_1_41' title="bbox 100 2450 1642 2530; baseline -0.012 -9"><span class='ocrx_word' id='word_1_298' title='bbox 100 2467 299 2530; x_wconf 81' lang='grc' dir='ltr'>ξανεν.</span> <span class='ocrx_word' id='word_1_299' title='bbox 320 2460 476 2520; x_wconf 72' lang='grc' dir='ltr'>Οὗτοι</span> <span class='ocrx_word' id='word_1_300' title='bbox 490 2459 582 2520; x_wconf 74' lang='grc' dir='ltr'>οὖν</span> <span class='ocrx_word' id='word_1_301' title='bbox 600 2463 648 2514; x_wconf 90' lang='grc' dir='ltr'><strong>οί</strong></span> <span class='ocrx_word' id='word_1_302' title='bbox 662 2463 719 2513; x_wconf 84' lang='grc' dir='ltr'>ὲν</span> <span class='ocrx_word' id='word_1_303' title='bbox 735 2463 800 2529; x_wconf 85' lang='grc' dir='ltr'><strong>τῇ</strong></span> <span class='ocrx_word' id='word_1_304' title='bbox 818 2454 1074 2529; x_wconf 69' lang='grc' dir='ltr'>περιγείῳ</span> <span class='ocrx_word' id='word_1_305' title='bbox 1099 2454 1388 2523; x_wconf 75' lang='grc' dir='ltr'>Ἐκκλησία</span> <span class='ocrx_word' id='word_1_306' title='bbox 1409 2451 1500 2505; x_wconf 89' lang='lat'><strong>106</strong></span> <span class='ocrx_word' id='word_1_307' title='bbox 1512 2450 1642 2503; x_wconf 86' lang='grc' dir='ltr'>Θεοῦ</span> 
     </span>
    </p>
   </div>
   <div class='ocr_carea' id='block_1_42' title="bbox 101 2541 1645 2625">
    <p class='ocr_par' dir='ltr' id='par_1_42' title="bbox 101 2541 1645 2625">
     <span class='ocr_line' id='line_1_42' title="bbox 101 2541 1645 2625; baseline -0.012 -15"><span class='ocrx_word' id='word_1_308' title='bbox 101 2555 492 2625; x_wconf 77' lang='grc' dir='ltr'>πεφυτευμένοι</span> <span class='ocrx_word' id='word_1_309' title='bbox 515 2553 668 2615; x_wconf 80' lang='grc' dir='ltr'>ἄνθος</span> <span class='ocrx_word' id='word_1_310' title='bbox 706 2544 1066 2605; x_wconf 81' lang='grc' dir='ltr'>ἀποδώσουσιν</span> <span class='ocrx_word' id='word_1_311' title='bbox 1091 2544 1284 2606; x_wconf 83' lang='grc' dir='ltr'>εὐῶδες</span> <span class='ocrx_word' id='word_1_312' title='bbox 1317 2543 1410 2596; x_wconf 70' lang='grc' dir='ltr'>καὶ</span> <span class='ocrx_word' id='word_1_313' title='bbox 1429 2541 1645 2610; x_wconf 86' lang='grc' dir='ltr'>γόνιμον</span> 
     </span>
    </p>
   </div>
   <div class='ocr_carea' id='block_1_43' title="bbox 101 2629 1644 2718">
    <p class='ocr_par' dir='ltr' id='par_1_43' title="bbox 101 2629 1644 2718">
     <span class='ocr_line' id='line_1_43' title="bbox 101 2629 1644 2718; baseline -0.012 -18"><span class='ocrx_word' id='word_1_314' title='bbox 101 2649 191 2700; x_wconf 75' lang='grc' dir='ltr'>καὶ</span> <span class='ocrx_word' id='word_1_315' title='bbox 217 2646 326 2700; x_wconf 85' lang='grc' dir='ltr'><strong>τῶν</strong></span> <span class='ocrx_word' id='word_1_316' title='bbox 357 2645 574 2697; x_wconf 80' lang='grc' dir='ltr'>τελείων</span> <span class='ocrx_word' id='word_1_317' title='bbox 599 2642 820 2711; x_wconf 84' lang='grc' dir='ltr'>καρπῶν</span> <span class='ocrx_word' id='word_1_318' title='bbox 836 2639 1089 2718; x_wconf 62' lang='grc' dir='ltr'>οἰστικδν,</span> <span class='ocrx_word' id='word_1_319' title='bbox 1112 2637 1168 2688; x_wconf 83' lang='grc' dir='ltr'>ὲν</span> <span class='ocrx_word' id='word_1_320' title='bbox 1191 2637 1308 2696; x_wconf 85' lang='grc' dir='ltr'>ταῖς</span> <span class='ocrx_word' id='word_1_321' title='bbox 1339 2632 1525 2693; x_wconf 81' lang='grc' dir='ltr'>αὐλαῖς</span> <span class='ocrx_word' id='word_1_322' title='bbox 1553 2629 1644 2682; x_wconf 87' lang='grc' dir='ltr'><strong>τοῦ</strong></span> 
     </span>
    </p>
   </div>
   <div class='ocr_carea' id='block_1_44' title="bbox 100 2724 1646 2808">
    <p class='ocr_par' dir='ltr' id='par_1_44' title="bbox 100 2724 1646 2808">
     <span class='ocr_line' id='line_1_44' title="bbox 100 2724 1646 2808; baseline -0.014 -16"><span class='ocrx_word' id='word_1_323' title='bbox 100 2736 232 2792; x_wconf 84' lang='grc' dir='ltr'>Θεοῦ</span> <span class='ocrx_word' id='word_1_324' title='bbox 265 2737 420 2808; x_wconf 78' lang='grc' dir='ltr'>ἡμῶν</span> <span class='ocrx_word' id='word_1_325' title='bbox 453 2731 956 2806; x_wconf 81' lang='grc' dir='ltr'>μεταφυτευθέντες,</span> <span class='ocrx_word' id='word_1_326' title='bbox 983 2726 1254 2779; x_wconf 83' lang='grc' dir='ltr'>τουτέστιν</span> <span class='ocrx_word' id='word_1_327' title='bbox 1270 2724 1325 2777; x_wconf 83' lang='grc' dir='ltr'>ὲν</span> <span class='ocrx_word' id='word_1_328' title='bbox 1341 2725 1459 2786; x_wconf 86' lang='grc' dir='ltr'>ταῖς</span> <span class='ocrx_word' id='word_1_329' title='bbox 1485 2724 1646 2774; x_wconf 76' lang='grc' dir='ltr'>ἐπου-</span> 
     </span>
    </p>
   </div>
   <div class='ocr_carea' id='block_1_45' title="bbox 104 2810 1647 2901">
    <p class='ocr_par' dir='ltr' id='par_1_45' title="bbox 104 2810 1647 2901">
     <span class='ocr_line' id='line_1_45' title="bbox 104 2810 1647 2901; baseline -0.014 -18"><span class='ocrx_word' id='word_1_330' title='bbox 104 2832 304 2901; x_wconf 85' lang='grc' dir='ltr'>ρανίοις</span> <span class='ocrx_word' id='word_1_331' title='bbox 346 2829 567 2898; x_wconf 75' lang='grc' dir='ltr'>μοναῖςο</span> <span class='ocrx_word' id='word_1_332' title='bbox 617 2823 742 2891; x_wconf 87' lang='grc' dir='ltr'>εῐγε</span> <span class='ocrx_word' id='word_1_333' title='bbox 776 2819 961 2874; x_wconf 77' lang='grc' dir='ltr'>πολλαὶ</span> <span class='ocrx_word' id='word_1_334' title='bbox 1005 2815 1154 2887; x_wconf 86' lang='grc' dir='ltr'><strong>παρά</strong></span> <span class='ocrx_word' id='word_1_335' title='bbox 1195 2816 1270 2886; x_wconf 84' lang='grc' dir='ltr'>τῷ</span> <span class='ocrx_word' id='word_1_336' title='bbox 1300 2813 1496 2884; x_wconf 79' lang='grc' dir='ltr'>Πατρὶ,</span> <span class='ocrx_word' id='word_1_337' title='bbox 1523 2810 1647 2864; x_wconf 86' lang='grc' dir='ltr'>ἔνθα</span> 
     </span>
    </p>
   </div>
   <div class='ocr_carea' id='block_1_46' title="bbox 103 2897 1644 2984">
    <p class='ocr_par' dir='ltr' id='par_1_46' title="bbox 103 2897 1644 2984">
     <span class='ocr_line' id='line_1_46' title="bbox 103 2897 1644 2984; baseline -0.014 -13"><span class='ocrx_word' id='word_1_338' title='bbox 103 2897 218 2972; x_wconf 76' lang='grc' dir='ltr'>κατ’</span> <span class='ocrx_word' id='word_1_339' title='bbox 272 2897 427 2983; x_wconf 77' lang='grc' dir='ltr'>ἀξίαν</span> <span class='ocrx_word' id='word_1_340' title='bbox 477 2911 911 2984; x_wconf 81' lang='grc' dir='ltr'>διαμερισθέντες</span> <span class='ocrx_word' id='word_1_341' title='bbox 954 2908 1001 2959; x_wconf 78' lang='lat' dir='ltr'><strong>oi</strong></span> <span class='ocrx_word' id='word_1_342' title='bbox 1043 2905 1137 2959; x_wconf 81' lang='grc' dir='ltr'><strong>νῦν</strong></span> <span class='ocrx_word' id='word_1_343' title='bbox 1176 2907 1232 2958; x_wconf 83' lang='grc' dir='ltr'>ὲν</span> <span class='ocrx_word' id='word_1_344' title='bbox 1269 2905 1346 2974; x_wconf 83' lang='grc' dir='ltr'>τῷ</span> <span class='ocrx_word' id='word_1_345' title='bbox 1391 2903 1522 2970; x_wconf 83' lang='grc' dir='ltr'>οἴκῳ</span> <span class='ocrx_word' id='word_1_346' title='bbox 1552 2897 1644 2951; x_wconf 84' lang='grc' dir='ltr'><strong>τοῦ</strong></span> 
     </span>
    </p>
   </div>
   <div class='ocr_carea' id='block_1_47' title="bbox 104 2993 1648 3076">
    <p class='ocr_par' dir='ltr' id='par_1_47' title="bbox 104 2993 1648 3076">
     <span class='ocr_line' id='line_1_47' title="bbox 104 2993 1648 3076; baseline -0.013 -15"><span class='ocrx_word' id='word_1_347' title='bbox 104 3008 236 3060; x_wconf 85' lang='grc' dir='ltr'>Θεοῦ</span> <span class='ocrx_word' id='word_1_348' title='bbox 301 3003 710 3076; x_wconf 83' lang='grc' dir='ltr'>πεφυτευμένοι,</span> <span class='ocrx_word' id='word_1_349' title='bbox 751 2997 887 3053; x_wconf 84' lang='grc' dir='ltr'><strong>κατά</strong></span> <span class='ocrx_word' id='word_1_350' title='bbox 933 2995 1120 3065; x_wconf 72' lang='grc' dir='ltr'>καιρὸν</span> <span class='ocrx_word' id='word_1_351' title='bbox 1173 2995 1261 3048; x_wconf 82' lang='grc' dir='ltr'><strong>τὸν</strong></span> <span class='ocrx_word' id='word_1_352' title='bbox 1309 2993 1648 3063; x_wconf 76' lang='grc' dir='ltr'>προσήκοντα</span> 
     </span>
    </p>
   </div>
   <div class='ocr_carea' id='block_1_48' title="bbox 104 3099 507 3168">
    <p class='ocr_par' dir='ltr' id='par_1_48' title="bbox 104 3099 507 3168">
     <span class='ocr_line' id='line_1_48' title="bbox 104 3099 507 3168; baseline -0.002 -18"><span class='ocrx_word' id='word_1_353' title='bbox 104 3099 507 3168; x_wconf 75' lang='grc' dir='ltr'>ὲξανθήσουσιν.</span> 
     </span>
    </p>
   </div>
   <div class='ocr_carea' id='block_1_49' title="bbox 175 3197 1716 3291">
    <p class='ocr_par' dir='ltr' id='par_1_49' title="bbox 175 3197 1716 3291">
     <span class='ocr_line' id='line_1_49' title="bbox 175 3197 1716 3291; baseline -0.011 -28"><span class='ocrx_word' id='word_1_354' title='bbox 175 3212 300 3264; x_wconf 82' lang='grc' dir='ltr'>Ἔτι</span> <span class='ocrx_word' id='word_1_355' title='bbox 351 3204 872 3291; x_wconf 75' lang='grc' dir='ltr'>πληθυνθήσονται</span> <span class='ocrx_word' id='word_1_356' title='bbox 929 3203 998 3254; x_wconf 80' lang='grc' dir='ltr'><strong>ἐν</strong></span> <span class='ocrx_word' id='word_1_357' title='bbox 1035 3199 1190 3269; x_wconf 71' lang='grc' dir='ltr'>γήρᾳ</span> <span class='ocrx_word' id='word_1_358' title='bbox 1221 3197 1402 3260; x_wconf 80' lang='grc' dir='ltr'>πίονι,</span> <span class='ocrx_word' id='word_1_359' title='bbox 1438 3197 1532 3255; x_wconf 79' lang='grc' dir='ltr'><strong>καί</strong></span> <span class='ocrx_word' id='word_1_360' title='bbox 1559 3198 1648 3250; x_wconf 85' lang='grc' dir='ltr'>εὐ-</span> <span class='ocrx_word' id='word_1_361' title='bbox 1675 3238 1716 3291; x_wconf 40' lang='grc' dir='ltr'><strong>(Δ</strong></span> 
     </span>
    </p>
   </div>
   <div class='ocr_carea' id='block_1_50' title="bbox 1743 1999 3279 2080">
    <p class='ocr_par' dir='ltr' id='par_1_50' title="bbox 1743 1999 3279 2080">
     <span class='ocr_line' id='line_1_50' title="bbox 1743 1999 3279 2080; baseline -0.008 -16"><span class='ocrx_word' id='word_1_362' title='bbox 1743 2026 1857 2080; x_wconf 63' lang='lat' dir='ltr'><strong>quae</strong></span> <span class='ocrx_word' id='word_1_363' title='bbox 1879 2018 1954 2063; x_wconf 85' lang='lat' dir='ltr'><strong>est</strong></span> <span class='ocrx_word' id='word_1_364' title='bbox 1983 2007 2213 2061; x_wconf 74' lang='lat' dir='ltr'><strong>Ecclesia</strong></span> <span class='ocrx_word' id='word_1_365' title='bbox 2236 2004 2330 2058; x_wconf 88' lang='lat' dir='ltr'><strong>Dei</strong></span> <span class='ocrx_word' id='word_1_366' title='bbox 2355 2006 2562 2058; x_wconf 81' lang='lat' dir='ltr'><strong>viventis</strong></span> <span class='ocrx_word' id='word_1_367' title='bbox 2594 2003 2672 2067; x_wconf 84' lang='lat'><strong>“;</strong></span> <span class='ocrx_word' id='word_1_368' title='bbox 2709 2013 2763 2058; x_wconf 91' lang='lat' dir='ltr'><strong>et</strong></span> <span class='ocrx_word' id='word_1_369' title='bbox 2791 2003 2836 2058; x_wconf 88' lang='lat' dir='ltr'><strong>si</strong></span> <span class='ocrx_word' id='word_1_370' title='bbox 2859 2016 2958 2072; x_wconf 88' lang='lat' dir='ltr'><strong>pro</strong></span> <span class='ocrx_word' id='word_1_371' title='bbox 2981 2000 3086 2054; x_wconf 88' lang='lat' dir='ltr'><strong>illis</strong></span> <span class='ocrx_word' id='word_1_372' title='bbox 3113 1999 3202 2068; x_wconf 91' lang='lat' dir='ltr'><strong>qui</strong></span> <span class='ocrx_word' id='word_1_373' title='bbox 3225 2000 3279 2052; x_wconf 92' lang='lat' dir='ltr'><strong>in</strong></span> 
     </span>
    </p>
   </div>
   <div class='ocr_carea' id='block_1_51' title="bbox 1745 2087 3282 2169">
    <p class='ocr_par' dir='ltr' id='par_1_51' title="bbox 1745 2087 3282 2169">
     <span class='ocr_line' id='line_1_51' title="bbox 1745 2087 3282 2169; baseline -0.01 -14"><span class='ocrx_word' id='word_1_374' title='bbox 1745 2116 1806 2156; x_wconf 89' lang='lat' dir='ltr'><strong>ea</strong></span> <span class='ocrx_word' id='word_1_375' title='bbox 1833 2100 2056 2169; x_wconf 90' lang='lat' dir='ltr'><strong>plantati</strong></span> <span class='ocrx_word' id='word_1_376' title='bbox 2075 2105 2230 2159; x_wconf 76' lang='lat' dir='ltr'><strong>sunt,</strong></span> <span class='ocrx_word' id='word_1_377' title='bbox 2257 2111 2351 2150; x_wconf 90' lang='lat' dir='ltr'><strong>eos</strong></span> <span class='ocrx_word' id='word_1_378' title='bbox 2380 2096 2470 2163; x_wconf 92' lang='lat' dir='ltr'><strong>qui</strong></span> <span class='ocrx_word' id='word_1_379' title='bbox 2495 2093 2771 2163; x_wconf 88' lang='lat' dir='ltr'><strong>profectus</strong></span> <span class='ocrx_word' id='word_1_380' title='bbox 2799 2093 2852 2145; x_wconf 91' lang='lat' dir='ltr'><strong>in</strong></span> <span class='ocrx_word' id='word_1_381' title='bbox 2878 2091 3134 2162; x_wconf 77' lang='lat' dir='ltr'><strong>religione</strong></span> <span class='ocrx_word' id='word_1_382' title='bbox 3167 2087 3282 2157; x_wconf 87' lang='lat' dir='ltr'><strong>pri-</strong></span> 
     </span>
    </p>
   </div>
   <div class='ocr_carea' id='block_1_52' title="bbox 1745 2170 3284 2250">
    <p class='ocr_par' dir='ltr' id='par_1_52' title="bbox 1745 2170 3284 2250">
     <span class='ocr_line' id='line_1_52' title="bbox 1745 2170 3284 2250; baseline -0.008 -8"><span class='ocrx_word' id='word_1_383' title='bbox 1745 2170 1950 2242; x_wconf 69' lang='lat' dir='ltr'><strong>mor-dia</strong></span> <span class='ocrx_word' id='word_1_384' title='bbox 1996 2187 2048 2238; x_wconf 96' lang='lat' dir='ltr'><strong>in</strong></span> <span class='ocrx_word' id='word_1_385' title='bbox 2088 2185 2176 2236; x_wconf 89' lang='lat' dir='ltr'><strong>illa</strong></span> <span class='ocrx_word' id='word_1_386' title='bbox 2225 2190 2580 2250; x_wconf 85' lang='lat' dir='ltr'><strong>acceperunt:</strong></span> <span class='ocrx_word' id='word_1_387' title='bbox 2629 2180 2815 2249; x_wconf 88' lang='lat' dir='ltr'><strong>quales</strong></span> <span class='ocrx_word' id='word_1_388' title='bbox 2861 2181 2897 2232; x_wconf 91' lang='lat' dir='ltr'><strong>ii</strong></span> <span class='ocrx_word' id='word_1_389' title='bbox 2942 2186 3098 2234; x_wconf 90' lang='lat' dir='ltr'><strong>erant</strong></span> <span class='ocrx_word' id='word_1_390' title='bbox 3146 2192 3284 2248; x_wconf 86' lang='lat' dir='ltr'><strong>quos</strong></span> 
     </span>
    </p>
   </div>
   <div class='ocr_carea' id='block_1_53' title="bbox 1747 2272 3287 2350">
    <p class='ocr_par' dir='ltr' id='par_1_53' title="bbox 1747 2272 3287 2350">
     <span class='ocr_line' id='line_1_53' title="bbox 1747 2272 3287 2350; baseline -0.003 -21"><span class='ocrx_word' id='word_1_391' title='bbox 1747 2277 2002 2346; x_wconf 87' lang='lat' dir='ltr'><strong>plantavit</strong></span> <span class='ocrx_word' id='word_1_392' title='bbox 2028 2273 2246 2338; x_wconf 90' lang='lat' dir='ltr'><strong>Paulus,</strong></span> <span class='ocrx_word' id='word_1_393' title='bbox 2275 2289 2610 2345; x_wconf 90' lang='lat' dir='ltr'><strong>quorumque</strong></span> <span class='ocrx_word' id='word_1_394' title='bbox 2637 2289 2798 2350; x_wconf 73' lang='lat' dir='ltr'><strong>causa</strong></span> <span class='ocrx_word' id='word_1_395' title='bbox 2826 2274 2979 2340; x_wconf 84' lang='lat' dir='ltr'><strong>dixit,</strong></span> <span class='ocrx_word' id='word_1_396' title='bbox 3007 2272 3114 2343; x_wconf 82' lang='lat' dir='ltr'><strong>Ego</strong></span> <span class='ocrx_word' id='word_1_397' title='bbox 3133 2273 3287 2341; x_wconf 86' lang='lat' dir='ltr'><strong>plan-</strong></span> 
     </span>
    </p>
   </div>
   <div class='ocr_carea' id='block_1_54' title="bbox 1749 2362 3282 2436">
    <p class='ocr_par' dir='ltr' id='par_1_54' title="bbox 1749 2362 3282 2436">
     <span class='ocr_line' id='line_1_54' title="bbox 1749 2362 3282 2436; baseline -0.003 -17"><span class='ocrx_word' id='word_1_398' title='bbox 1749 2367 1871 2430; x_wconf 82' lang='lat' dir='ltr'><strong>tavi,</strong></span> <span class='ocrx_word' id='word_1_399' title='bbox 1897 2365 2082 2434; x_wconf 77' lang='lat' dir='ltr'><strong>Apollo</strong></span> <span class='ocrx_word' id='word_1_400' title='bbox 2108 2366 2336 2436; x_wconf 63' lang='lat' dir='ltr'><strong>rigavit</strong></span> <span class='ocrx_word' id='word_1_401' title='bbox 2371 2365 2458 2419; x_wconf 81' lang='lat' dir='ltr'><strong>sed</strong></span> <span class='ocrx_word' id='word_1_402' title='bbox 2485 2367 2622 2418; x_wconf 84' lang='lat' dir='ltr'><strong>Deus</strong></span> <span class='ocrx_word' id='word_1_403' title='bbox 2657 2365 3021 2418; x_wconf 84' lang='lat' dir='ltr'><strong>incrementum</strong></span> <span class='ocrx_word' id='word_1_404' title='bbox 3059 2362 3198 2416; x_wconf 85' lang='lat' dir='ltr'><strong>dedit</strong></span> <span class='ocrx_word' id='word_1_405' title='bbox 3217 2363 3282 2415; x_wconf 84' lang='lat'><strong>&quot;.</strong></span> 
     </span>
    </p>
   </div>
   <div class='ocr_carea' id='block_1_55' title="bbox 1747 2452 3286 2525">
    <p class='ocr_par' dir='ltr' id='par_1_55' title="bbox 1747 2452 3286 2525">
     <span class='ocr_line' id='line_1_55' title="bbox 1747 2452 3286 2525; baseline -0.004 -16"><span class='ocrx_word' id='word_1_406' title='bbox 1747 2454 1813 2510; x_wconf 84' lang='lat' dir='ltr'><strong>Hi</strong></span> <span class='ocrx_word' id='word_1_407' title='bbox 1838 2458 2016 2525; x_wconf 90' lang='lat' dir='ltr'><strong>itaque</strong></span> <span class='ocrx_word' id='word_1_408' title='bbox 2039 2457 2130 2525; x_wconf 92' lang='lat' dir='ltr'><strong>qui</strong></span> <span class='ocrx_word' id='word_1_409' title='bbox 2161 2458 2216 2510; x_wconf 89' lang='lat' dir='ltr'><strong>in</strong></span> <span class='ocrx_word' id='word_1_410' title='bbox 2242 2464 2456 2510; x_wconf 90' lang='lat' dir='ltr'><strong>terrena</strong></span> <span class='ocrx_word' id='word_1_411' title='bbox 2487 2455 2579 2510; x_wconf 88' lang='lat' dir='ltr'><strong>Dei</strong></span> <span class='ocrx_word' id='word_1_412' title='bbox 2609 2453 2849 2510; x_wconf 80' lang='lat' dir='ltr'><strong>Ecclesia</strong></span> <span class='ocrx_word' id='word_1_413' title='bbox 2885 2452 3107 2522; x_wconf 86' lang='lat' dir='ltr'><strong>plantati</strong></span> <span class='ocrx_word' id='word_1_414' title='bbox 3136 2458 3286 2513; x_wconf 88' lang='lat' dir='ltr'><strong>sunt,</strong></span> 
     </span>
    </p>
   </div>
   <div class='ocr_carea' id='block_1_56' title="bbox 1749 2541 3287 2616">
    <p class='ocr_par' dir='ltr' id='par_1_56' title="bbox 1749 2541 3287 2616">
     <span class='ocr_line' id='line_1_56' title="bbox 1749 2541 3287 2616; baseline -0.004 -14"><span class='ocrx_word' id='word_1_415' title='bbox 1749 2547 1928 2602; x_wconf 90' lang='lat' dir='ltr'><strong>ﬂorem</strong></span> <span class='ocrx_word' id='word_1_416' title='bbox 1947 2549 2189 2603; x_wconf 89' lang='lat' dir='ltr'><strong>emittent</strong></span> <span class='ocrx_word' id='word_1_417' title='bbox 2238 2548 2419 2604; x_wconf 76' lang='lat' dir='ltr'><strong>suavis</strong></span> <span class='ocrx_word' id='word_1_418' title='bbox 2453 2547 2635 2602; x_wconf 89' lang='lat' dir='ltr'><strong>odoris</strong></span> <span class='ocrx_word' id='word_1_419' title='bbox 2668 2561 2730 2600; x_wconf 88' lang='lat' dir='ltr'><strong>ac</strong></span> <span class='ocrx_word' id='word_1_420' title='bbox 2765 2559 3080 2616; x_wconf 84' lang='lat' dir='ltr'><strong>generosum</strong></span> <span class='ocrx_word' id='word_1_421' title='bbox 3115 2541 3287 2611; x_wconf 84' lang='lat' dir='ltr'><strong>perfe-</strong></span> 
     </span>
    </p>
   </div>
   <div class='ocr_carea' id='block_1_57' title="bbox 1749 2635 3284 2707">
    <p class='ocr_par' dir='ltr' id='par_1_57' title="bbox 1749 2635 3284 2707">
     <span class='ocr_line' id='line_1_57' title="bbox 1749 2635 3284 2707; baseline -0.002 -16"><span class='ocrx_word' id='word_1_422' title='bbox 1749 2646 2061 2707; x_wconf 89' lang='lat' dir='ltr'><strong>ctorumque</strong></span> <span class='ocrx_word' id='word_1_423' title='bbox 2090 2638 2362 2693; x_wconf 84' lang='lat' dir='ltr'><strong>fructuum</strong></span> <span class='ocrx_word' id='word_1_424' title='bbox 2392 2638 2655 2702; x_wconf 88' lang='lat' dir='ltr'><strong>feracem;</strong></span> <span class='ocrx_word' id='word_1_425' title='bbox 2693 2637 2749 2690; x_wconf 92' lang='lat' dir='ltr'><strong>in</strong></span> <span class='ocrx_word' id='word_1_426' title='bbox 2781 2638 2931 2691; x_wconf 89' lang='lat' dir='ltr'><strong>atriis</strong></span> <span class='ocrx_word' id='word_1_427' title='bbox 2953 2636 3045 2691; x_wconf 92' lang='lat' dir='ltr'><strong>Dei</strong></span> <span class='ocrx_word' id='word_1_428' title='bbox 3077 2635 3246 2691; x_wconf 89' lang='lat' dir='ltr'><strong>nostri</strong></span> <span class='ocrx_word' id='word_1_429' title='bbox 3267 2674 3284 2698; x_wconf 98' lang='lat'><strong>,</strong></span> 
     </span>
    </p>
   </div>
   <div class='ocr_carea' id='block_1_58' title="bbox 1750 2726 3282 2795">
    <p class='ocr_par' dir='ltr' id='par_1_58' title="bbox 1750 2726 3282 2795">
     <span class='ocr_line' id='line_1_58' title="bbox 1750 2726 3282 2795; baseline -0.003 -12"><span class='ocrx_word' id='word_1_430' title='bbox 1750 2727 1802 2783; x_wconf 88' lang='lat' dir='ltr'><strong>id</strong></span> <span class='ocrx_word' id='word_1_431' title='bbox 1833 2729 2016 2795; x_wconf 70' lang='lat' dir='ltr'><strong>est;in</strong></span> <span class='ocrx_word' id='word_1_432' title='bbox 2068 2727 2376 2782; x_wconf 69' lang='lat' dir='ltr'><strong>caelestibus</strong></span> <span class='ocrx_word' id='word_1_433' title='bbox 2433 2727 2803 2781; x_wconf 85' lang='lat' dir='ltr'><strong>mansiOnibus</strong></span> <span class='ocrx_word' id='word_1_434' title='bbox 2855 2726 3282 2793; x_wconf 88' lang='lat' dir='ltr'><strong>transplantati:</strong></span> 
     </span>
    </p>
   </div>
   <div class='ocr_carea' id='block_1_59' title="bbox 1751 2814 3286 2891">
    <p class='ocr_par' dir='ltr' id='par_1_59' title="bbox 1751 2814 3286 2891">
     <span class='ocr_line' id='line_1_59' title="bbox 1751 2814 3286 2891; baseline -0.003 -15"><span class='ocrx_word' id='word_1_435' title='bbox 1751 2821 2010 2891; x_wconf 88' lang='lat' dir='ltr'><strong>siquidem</strong></span> <span class='ocrx_word' id='word_1_436' title='bbox 2047 2819 2229 2873; x_wconf 71' lang='lat' dir='ltr'><strong>multae</strong></span> <span class='ocrx_word' id='word_1_437' title='bbox 2273 2826 2400 2871; x_wconf 91' lang='lat' dir='ltr'><strong>sunt</strong></span> <span class='ocrx_word' id='word_1_438' title='bbox 2426 2818 2739 2872; x_wconf 88' lang='lat' dir='ltr'><strong>mansiones</strong></span> <span class='ocrx_word' id='word_1_439' title='bbox 2768 2815 2908 2886; x_wconf 91' lang='lat' dir='ltr'><strong>apud</strong></span> <span class='ocrx_word' id='word_1_440' title='bbox 2933 2814 3166 2882; x_wconf 87' lang='lat' dir='ltr'><strong>Patrem,</strong></span> <span class='ocrx_word' id='word_1_441' title='bbox 3192 2819 3286 2871; x_wconf 93' lang='lat' dir='ltr'><strong>ubi</strong></span> 
     </span>
    </p>
   </div>
   <div class='ocr_carea' id='block_1_60' title="bbox 1750 2904 3287 2984">
    <p class='ocr_par' dir='ltr' id='par_1_60' title="bbox 1750 2904 3287 2984">
     <span class='ocr_line' id='line_1_60' title="bbox 1750 2904 3287 2984; baseline -0.005 -17"><span class='ocrx_word' id='word_1_442' title='bbox 1750 2929 1849 2984; x_wconf 91' lang='lat' dir='ltr'><strong>pro</strong></span> <span class='ocrx_word' id='word_1_443' title='bbox 1883 2912 2071 2967; x_wconf 91' lang='lat' dir='ltr'><strong>merito</strong></span> <span class='ocrx_word' id='word_1_444' title='bbox 2104 2910 2378 2964; x_wconf 87' lang='lat' dir='ltr'><strong>distributi</strong></span> <span class='ocrx_word' id='word_1_445' title='bbox 2407 2908 2498 2977; x_wconf 91' lang='lat' dir='ltr'><strong>qui</strong></span> <span class='ocrx_word' id='word_1_446' title='bbox 2533 2907 2640 2978; x_wconf 81' lang='lat' dir='ltr'><strong>jam</strong></span> <span class='ocrx_word' id='word_1_447' title='bbox 2669 2908 2724 2962; x_wconf 91' lang='lat' dir='ltr'><strong>in</strong></span> <span class='ocrx_word' id='word_1_448' title='bbox 2754 2907 2915 2962; x_wconf 88' lang='lat' dir='ltr'><strong>domo</strong></span> <span class='ocrx_word' id='word_1_449' title='bbox 2936 2904 3029 2959; x_wconf 93' lang='lat' dir='ltr'><strong>Dei</strong></span> <span class='ocrx_word' id='word_1_450' title='bbox 3059 2905 3287 2980; x_wconf 84' lang='lat' dir='ltr'><strong>plantati</strong></span> 
     </span>
    </p>
   </div>
   <div class='ocr_carea' id='block_1_61' title="bbox 1750 2995 3295 3071">
    <p class='ocr_par' dir='ltr' id='par_1_61' title="bbox 1750 2995 3295 3071">
     <span class='ocr_line' id='line_1_61' title="bbox 1750 2995 3295 3071; baseline -0.007 -12"><span class='ocrx_word' id='word_1_451' title='bbox 1750 3010 1896 3067; x_wconf 86' lang='lat' dir='ltr'><strong>sunt,</strong></span> <span class='ocrx_word' id='word_1_452' title='bbox 1917 3001 2232 3071; x_wconf 78' lang='lat' dir='ltr'><strong>congruenti</strong></span> <span class='ocrx_word' id='word_1_453' title='bbox 2255 3009 2492 3070; x_wconf 89' lang='lat' dir='ltr'><strong>tempore</strong></span> <span class='ocrx_word' id='word_1_454' title='bbox 2519 2999 2802 3055; x_wconf 85' lang='lat' dir='ltr'><strong>ﬂorebunt.</strong></span> <span class='ocrx_word' id='word_1_455' title='bbox 3293 2995 3295 2998; x_wconf 85' lang='grc'><em>’</em></span> 
     </span>
    </p>
   </div>
   <div class='ocr_carea' id='block_1_62' title="bbox 1819 3190 3292 3260">
    <p class='ocr_par' dir='ltr' id='par_1_62' title="bbox 1819 3190 3292 3260">
     <span class='ocr_line' id='line_1_62' title="bbox 1819 3190 3292 3260; baseline -0.005 -10"><span class='ocrx_word' id='word_1_456' title='bbox 1819 3195 1978 3250; x_wconf 68' lang='lat' dir='ltr'><strong>Vnus.</strong></span> <span class='ocrx_word' id='word_1_457' title='bbox 2012 3195 2098 3258; x_wconf 75' lang='grc'><strong>15,</strong></span> <span class='ocrx_word' id='word_1_458' title='bbox 2132 3193 2216 3248; x_wconf 89' lang='grc'><strong>16.</strong></span> <span class='ocrx_word' id='word_1_459' title='bbox 2245 3192 2427 3247; x_wconf 81' lang='lat' dir='ltr'><strong>Adhuc</strong></span> <span class='ocrx_word' id='word_1_460' title='bbox 2459 3190 2940 3260; x_wconf 77' lang='lat' dir='ltr'><strong>multiplicabuntur</strong></span> <span class='ocrx_word' id='word_1_461' title='bbox 2960 3191 3013 3244; x_wconf 87' lang='lat' dir='ltr'><strong>in</strong></span> <span class='ocrx_word' id='word_1_462' title='bbox 3038 3195 3292 3244; x_wconf 74' lang='lat' dir='ltr'><strong>senectute</strong></span> 
     </span>
    </p>
   </div>
   <div class='ocr_carea' id='block_1_63' title="bbox 107 3279 1649 3366">
    <p class='ocr_par' dir='ltr' id='par_1_63' title="bbox 107 3287 1649 3366">
     <span class='ocr_line' id='line_1_63' title="bbox 107 3287 1649 3366; baseline -0.005 -15"><span class='ocrx_word' id='word_1_463' title='bbox 107 3301 437 3366; x_wconf 72' lang='grc' dir='ltr'>παθοῦντες</span> <span class='ocrx_word' id='word_1_464' title='bbox 461 3287 737 3357; x_wconf 63' lang='grc' dir='ltr'>ἔσονται,</span> <span class='ocrx_word' id='word_1_465' title='bbox 781 3293 886 3346; x_wconf 86' lang='grc' dir='ltr'><strong>τοῦ</strong></span> <span class='ocrx_word' id='word_1_466' title='bbox 933 3291 1291 3359; x_wconf 72' lang='grc' dir='ltr'>ἀναγγεῖλαι,</span> <span class='ocrx_word' id='word_1_467' title='bbox 1347 3289 1434 3342; x_wconf 80' lang='grc' dir='ltr'>ὅτι</span> <span class='ocrx_word' id='word_1_468' title='bbox 1472 3288 1649 3355; x_wconf 78' lang='grc' dir='ltr'>εὑθὴς</span> 
     </span>
    </p>
   </div>
   <div class='ocr_carea' id='block_1_64' title="bbox 1747 3279 3291 3366">
    <p class='ocr_par' dir='ltr' id='par_1_64' title="bbox 1748 3279 3291 3355">
     <span class='ocr_line' id='line_1_64' title="bbox 1748 3279 3291 3355; baseline -0.005 -17"><span class='ocrx_word' id='word_1_469' title='bbox 1748 3286 1944 3355; x_wconf 83' lang='lat' dir='ltr'><strong>pingui,</strong></span> <span class='ocrx_word' id='word_1_470' title='bbox 1992 3293 2039 3336; x_wconf 89' lang='lat' dir='ltr'><strong>et</strong></span> <span class='ocrx_word' id='word_1_471' title='bbox 2082 3282 2215 3336; x_wconf 87' lang='lat' dir='ltr'><strong>bona</strong></span> <span class='ocrx_word' id='word_1_472' title='bbox 2259 3283 2638 3350; x_wconf 53' lang='lat' dir='ltr'><strong>accipientfut</strong></span> <span class='ocrx_word' id='word_1_473' title='bbox 2676 3281 3010 3345; x_wconf 85' lang='lat' dir='ltr'><strong>annuntient,</strong></span> <span class='ocrx_word' id='word_1_474' title='bbox 3047 3279 3291 3350; x_wconf 83' lang='lat' dir='ltr'><strong>quoniam</strong></span> 
     </span>
    </p>
   </div>
   <div class='ocr_carea' id='block_1_65' title="bbox 105 3371 1659 3457">
    <p class='ocr_par' dir='ltr' id='par_1_65' title="bbox 105 3371 1659 3457">
     <span class='ocr_line' id='line_1_65' title="bbox 105 3371 1659 3457; baseline -0.01 -12"><span class='ocrx_word' id='word_1_475' title='bbox 105 3392 321 3457; x_wconf 82' lang='grc' dir='ltr'>Κύριος</span> <span class='ocrx_word' id='word_1_476' title='bbox 351 3393 384 3444; x_wconf 86' lang='grc' dir='ltr'><strong>ὸ</strong></span> <span class='ocrx_word' id='word_1_477' title='bbox 418 3389 560 3453; x_wconf 86' lang='grc' dir='ltr'>Θεὸς</span> <span class='ocrx_word' id='word_1_478' title='bbox 603 3386 787 3455; x_wconf 78' lang='grc' dir='ltr'>ἡμῶν,</span> <span class='ocrx_word' id='word_1_479' title='bbox 840 3382 937 3436; x_wconf 79' lang='grc' dir='ltr'><strong>καί</strong></span> <span class='ocrx_word' id='word_1_480' title='bbox 982 3383 1092 3436; x_wconf 82' lang='grc' dir='ltr'><strong>οὐκ</strong></span> <span class='ocrx_word' id='word_1_481' title='bbox 1146 3381 1313 3434; x_wconf 75' lang='grc' dir='ltr'>ἐστιν</span> <span class='ocrx_word' id='word_1_482' title='bbox 1361 3379 1557 3434; x_wconf 78' lang='grc' dir='ltr'>ἀδικία</span> <span class='ocrx_word' id='word_1_483' title='bbox 1587 3371 1659 3431; x_wconf 63' lang='grc' dir='ltr'><strong>ἐν’</strong></span> 
     </span>
    </p>
   </div>
   <div class='ocr_carea' id='block_1_66' title="bbox 107 3475 1653 3558">
    <p class='ocr_par' dir='ltr' id='par_1_66' title="bbox 107 3475 1653 3558">
     <span class='ocr_line' id='line_1_66' title="bbox 107 3475 1653 3558; baseline -0.009 -19"><span class='ocrx_word' id='word_1_484' title='bbox 107 3485 288 3550; x_wconf 84' lang='grc' dir='ltr'>αὐτῷ.</span> <span class='ocrx_word' id='word_1_485' title='bbox 339 3483 418 3558; x_wconf 70' lang='lat' dir='ltr'><strong>Q6</strong></span> <span class='ocrx_word' id='word_1_486' title='bbox 472 3483 624 3553; x_wconf 81' lang='grc' dir='ltr'>μόνον</span> <span class='ocrx_word' id='word_1_487' title='bbox 669 3480 851 3550; x_wconf 69' lang='grc' dir='ltr'>φησιν,</span> <span class='ocrx_word' id='word_1_488' title='bbox 886 3479 965 3532; x_wconf 83' lang='grc' dir='ltr'>ὅτι</span> <span class='ocrx_word' id='word_1_489' title='bbox 1014 3477 1392 3546; x_wconf 77' lang='grc' dir='ltr'>έξανθήσουσιν</span> <span class='ocrx_word' id='word_1_490' title='bbox 1441 3475 1499 3526; x_wconf 78' lang='grc' dir='ltr'>ὲν</span> <span class='ocrx_word' id='word_1_491' title='bbox 1535 3476 1653 3536; x_wconf 88' lang='grc' dir='ltr'>ταῖς</span> 
     </span>
    </p>
   </div>
   <div class='ocr_carea' id='block_1_67' title="bbox 106 3565 1654 3640">
    <p class='ocr_par' dir='ltr' id='par_1_67' title="bbox 106 3565 1654 3640">
     <span class='ocr_line' id='line_1_67' title="bbox 106 3565 1654 3640; baseline -0.008 -11"><span class='ocrx_word' id='word_1_492' title='bbox 106 3575 296 3637; x_wconf 82' lang='grc' dir='ltr'>αὐλαῖς</span> <span class='ocrx_word' id='word_1_493' title='bbox 316 3575 407 3628; x_wconf 86' lang='grc' dir='ltr'><strong>τοῦ</strong></span> <span class='ocrx_word' id='word_1_494' title='bbox 433 3573 566 3626; x_wconf 83' lang='grc' dir='ltr'>Θεοῦ</span> <span class='ocrx_word' id='word_1_495' title='bbox 594 3572 640 3624; x_wconf 81' lang='grc' dir='ltr'>οἱ</span> <span class='ocrx_word' id='word_1_496' title='bbox 670 3573 902 3640; x_wconf 84' lang='grc' dir='ltr'>σήμερον</span> <span class='ocrx_word' id='word_1_497' title='bbox 933 3571 988 3621; x_wconf 81' lang='grc' dir='ltr'>ὲν</span> <span class='ocrx_word' id='word_1_498' title='bbox 1022 3568 1099 3638; x_wconf 80' lang='grc' dir='ltr'><strong>τῷ</strong></span> <span class='ocrx_word' id='word_1_499' title='bbox 1130 3568 1260 3636; x_wconf 86' lang='grc' dir='ltr'>οίκῳ</span> <span class='ocrx_word' id='word_1_500' title='bbox 1296 3565 1454 3620; x_wconf 89' lang='grc' dir='ltr'>αὐτοῦ</span> <span class='ocrx_word' id='word_1_501' title='bbox 1487 3582 1654 3632; x_wconf 84' lang='grc' dir='ltr'>πεφυ-</span> 
     </span>
    </p>
   </div>
   <div class='ocr_carea' id='block_1_68' title="bbox 104 3654 1656 3735">
    <p class='ocr_par' dir='ltr' id='par_1_68' title="bbox 104 3654 1656 3735">
     <span class='ocr_line' id='line_1_68' title="bbox 104 3654 1656 3735; baseline -0.008 -17"><span class='ocrx_word' id='word_1_502' title='bbox 104 3666 378 3735; x_wconf 81' lang='grc' dir='ltr'>τευμένοι,</span> <span class='ocrx_word' id='word_1_503' title='bbox 429 3663 562 3716; x_wconf 82' lang='grc' dir='ltr'>ἀλλὰ</span> <span class='ocrx_word' id='word_1_504' title='bbox 607 3661 699 3714; x_wconf 79' lang='grc' dir='ltr'>καὶ</span> <span class='ocrx_word' id='word_1_505' title='bbox 741 3660 892 3714; x_wconf 74' lang='grc' dir='ltr'>αὐτοὶ</span> <span class='ocrx_word' id='word_1_506' title='bbox 939 3657 1416 3728; x_wconf 85' lang='grc' dir='ltr'>πληθυνθήσονται,</span> <span class='ocrx_word' id='word_1_507' title='bbox 1471 3654 1656 3727; x_wconf 85' lang='grc' dir='ltr'>ὥσπερ</span> 
     </span>
    </p>
   </div>
   <div class='ocr_carea' id='block_1_69' title="bbox 109 3744 1653 3824">
    <p class='ocr_par' dir='ltr' id='par_1_69' title="bbox 109 3744 1653 3824">
     <span class='ocr_line' id='line_1_69' title="bbox 109 3744 1653 3824; baseline -0.006 -16"><span class='ocrx_word' id='word_1_508' title='bbox 109 3755 408 3824; x_wconf 81' lang='grc' dir='ltr'>ἀνωτέρωή</span> <span class='ocrx_word' id='word_1_509' title='bbox 427 3753 611 3822; x_wconf 89' lang='grc' dir='ltr'>κέδρος</span> <span class='ocrx_word' id='word_1_510' title='bbox 626 3754 657 3820; x_wconf 84' lang='grc' dir='ltr'><strong>ή</strong></span> <span class='ocrx_word' id='word_1_511' title='bbox 683 3753 740 3804; x_wconf 82' lang='grc' dir='ltr'>ἐν</span> <span class='ocrx_word' id='word_1_512' title='bbox 755 3750 830 3820; x_wconf 85' lang='grc' dir='ltr'>τῷ</span> <span class='ocrx_word' id='word_1_513' title='bbox 847 3749 1058 3817; x_wconf 77' lang='grc' dir='ltr'>Λιϐάνῳ</span> <span class='ocrx_word' id='word_1_514' title='bbox 1071 3747 1413 3818; x_wconf 66' lang='grc' dir='ltr'>ἐπληθύνετο.</span> <span class='ocrx_word' id='word_1_515' title='bbox 1444 3744 1576 3798; x_wconf 77' lang='grc' dir='ltr'>Πότε</span> <span class='ocrx_word' id='word_1_516' title='bbox 1598 3745 1653 3798; x_wconf 82' lang='grc' dir='ltr'><strong>δὲ</strong></span> 
     </span>
    </p>
   </div>
   <div class='ocr_carea' id='block_1_70' title="bbox 108 3834 1655 3911">
    <p class='ocr_par' dir='ltr' id='par_1_70' title="bbox 108 3834 1655 3911">
     <span class='ocr_line' id='line_1_70' title="bbox 108 3834 1655 3911; baseline -0.008 -12"><span class='ocrx_word' id='word_1_517' title='bbox 108 3844 268 3899; x_wconf 84' lang='grc' dir='ltr'>τοῦτο</span> <span class='ocrx_word' id='word_1_518' title='bbox 297 3844 476 3907; x_wconf 86' lang='grc' dir='ltr'>αὐτοῖς</span> <span class='ocrx_word' id='word_1_519' title='bbox 510 3842 678 3903; x_wconf 74' lang='grc' dir='ltr'>ἔσται,</span> <span class='ocrx_word' id='word_1_520' title='bbox 699 3840 856 3911; x_wconf 77' lang='grc' dir='ltr'>ἀλλ’ἢ</span> <span class='ocrx_word' id='word_1_521' title='bbox 873 3842 929 3894; x_wconf 84' lang='grc' dir='ltr'>ὲν</span> <span class='ocrx_word' id='word_1_522' title='bbox 942 3841 1019 3910; x_wconf 84' lang='grc' dir='ltr'>τῷ</span> <span class='ocrx_word' id='word_1_523' title='bbox 1037 3840 1180 3908; x_wconf 75' lang='grc' dir='ltr'>γήρᾳ.</span> <span class='ocrx_word' id='word_1_524' title='bbox 1194 3837 1268 3905; x_wconf 82' lang='grc' dir='ltr'>τῷ</span> <span class='ocrx_word' id='word_1_525' title='bbox 1286 3835 1424 3886; x_wconf 89' lang='grc' dir='ltr'>πίονι</span> <span class='ocrx_word' id='word_1_526' title='bbox 1444 3851 1458 3899; x_wconf 89' lang='grc'><strong>;</strong></span> <span class='ocrx_word' id='word_1_527' title='bbox 1479 3834 1655 3904; x_wconf 82' lang='grc' dir='ltr'>Γῆρας</span> 
     </span>
    </p>
   </div>
   <div class='ocr_carea' id='block_1_71' title="bbox 107 3925 1658 4003">
    <p class='ocr_par' dir='ltr' id='par_1_71' title="bbox 107 3925 1658 4003">
     <span class='ocr_line' id='line_1_71' title="bbox 107 3925 1658 4003; baseline -0.008 -14"><span class='ocrx_word' id='word_1_528' title='bbox 107 3935 166 3989; x_wconf 72' lang='grc' dir='ltr'><strong>δὲ</strong></span> <span class='ocrx_word' id='word_1_529' title='bbox 198 3933 431 3988; x_wconf 73' lang='grc' dir='ltr'>ἐνταῦθα</span> <span class='ocrx_word' id='word_1_530' title='bbox 457 3932 553 4003; x_wconf 80' lang='grc' dir='ltr'>τὴν</span> <span class='ocrx_word' id='word_1_531' title='bbox 599 3932 870 3985; x_wconf 84' lang='grc' dir='ltr'>τελείωσιν</span> <span class='ocrx_word' id='word_1_532' title='bbox 894 3930 1116 3983; x_wconf 87' lang='grc' dir='ltr'>πέπεισο</span> <span class='ocrx_word' id='word_1_533' title='bbox 1158 3925 1400 3993; x_wconf 87' lang='grc' dir='ltr'>λέγεσθαι</span> <span class='ocrx_word' id='word_1_534' title='bbox 1436 3925 1534 3994; x_wconf 84' lang='grc' dir='ltr'>τῆς</span> <span class='ocrx_word' id='word_1_535' title='bbox 1561 3925 1658 3993; x_wconf 68' lang='grc' dir='ltr'><strong>ψυ-</strong></span> 
     </span>
    </p>
   </div>
   <div class='ocr_carea' id='block_1_72' title="bbox 108 4015 1657 4099">
    <p class='ocr_par' dir='ltr' id='par_1_72' title="bbox 108 4015 1657 4099">
     <span class='ocr_line' id='line_1_72' title="bbox 108 4015 1657 4099; baseline -0.019 -5"><span class='ocrx_word' id='word_1_536' title='bbox 108 4027 232 4097; x_wconf 80' lang='grc' dir='ltr'><strong>χῆς,</strong></span> <span class='ocrx_word' id='word_1_537' title='bbox 269 4029 326 4079; x_wconf 80' lang='grc' dir='ltr'>ὲν</span> <span class='ocrx_word' id='word_1_538' title='bbox 359 4021 691 4099; x_wconf 73' lang='grc' dir='ltr'><strong>⁴ᾖγενόμενοι</strong></span> <span class='ocrx_word' id='word_1_539' title='bbox 744 4021 1100 4081; x_wconf 78' lang='grc' dir='ltr'>εὐπαθοῦντες</span> <span class='ocrx_word' id='word_1_540' title='bbox 1159 4016 1370 4068; x_wconf 73' lang='grc' dir='ltr'>ἔσονται</span> <span class='ocrx_word' id='word_1_541' title='bbox 1410 4016 1458 4066; x_wconf 85' lang='grc' dir='ltr'><strong>οί</strong></span> <span class='ocrx_word' id='word_1_542' title='bbox 1482 4015 1574 4067; x_wconf 85' lang='grc' dir='ltr'><strong>νῦν</strong></span> <span class='ocrx_word' id='word_1_543' title='bbox 1601 4017 1657 4067; x_wconf 79' lang='grc' dir='ltr'>ὲν</span> 
     </span>
    </p>
   </div>
   <div class='ocr_carea' id='block_1_73' title="bbox 106 4105 1658 4186">
    <p class='ocr_par' dir='ltr' id='par_1_73' title="bbox 106 4105 1658 4186">
     <span class='ocr_line' id='line_1_73' title="bbox 106 4105 1658 4186; baseline -0.01 -16"><span class='ocrx_word' id='word_1_544' title='bbox 106 4117 184 4186; x_wconf 81' lang='grc' dir='ltr'>τῷ</span> <span class='ocrx_word' id='word_1_545' title='bbox 223 4117 357 4186; x_wconf 71' lang='grc' dir='ltr'>οἴκῳ</span> <span class='ocrx_word' id='word_1_546' title='bbox 399 4116 603 4186; x_wconf 88' lang='grc' dir='ltr'>Κυρίου</span> <span class='ocrx_word' id='word_1_547' title='bbox 643 4112 1046 4180; x_wconf 76' lang='grc' dir='ltr'>πεφυτευμέναι.</span> <span class='ocrx_word' id='word_1_548' title='bbox 1085 4107 1147 4160; x_wconf 77' lang='lat' dir='ltr'><strong>El</strong></span> <span class='ocrx_word' id='word_1_549' title='bbox 1179 4107 1286 4175; x_wconf 86' lang='grc' dir='ltr'>γὰρ</span> <span class='ocrx_word' id='word_1_550' title='bbox 1322 4105 1414 4158; x_wconf 79' lang='grc' dir='ltr'>καὶ</span> <span class='ocrx_word' id='word_1_551' title='bbox 1460 4105 1526 4157; x_wconf 79' lang='grc' dir='ltr'>τὰ</span> <span class='ocrx_word' id='word_1_552' title='bbox 1554 4105 1658 4174; x_wconf 87' lang='grc' dir='ltr'>μά-</span> 
     </span>
    </p>
   </div>
   <div class='ocr_carea' id='block_1_74' title="bbox 105 4190 1659 4272">
    <p class='ocr_par' dir='ltr' id='par_1_74' title="bbox 105 4190 1659 4272">
     <span class='ocr_line' id='line_1_74' title="bbox 105 4190 1659 4272; baseline -0.009 -13"><span class='ocrx_word' id='word_1_553' title='bbox 105 4207 267 4259; x_wconf 89' lang='grc' dir='ltr'>λιστα</span> <span class='ocrx_word' id='word_1_554' title='bbox 321 4207 461 4259; x_wconf 85' lang='grc' dir='ltr'><strong>κατά</strong></span> <span class='ocrx_word' id='word_1_555' title='bbox 511 4206 600 4256; x_wconf 82' lang='grc' dir='ltr'><strong>τὸν</strong></span> <span class='ocrx_word' id='word_1_556' title='bbox 659 4203 893 4272; x_wconf 82' lang='grc' dir='ltr'>παρόντα</span> <span class='ocrx_word' id='word_1_557' title='bbox 917 4197 1123 4270; x_wconf 81' lang='grc' dir='ltr'>καιρὸν,</span> <span class='ocrx_word' id='word_1_558' title='bbox 1176 4199 1230 4248; x_wconf 82' lang='grc' dir='ltr'>ὲν</span> <span class='ocrx_word' id='word_1_559' title='bbox 1262 4190 1306 4262; x_wconf 87' lang='grc' dir='ltr'>ᾧ</span> <span class='ocrx_word' id='word_1_560' title='bbox 1351 4193 1659 4262; x_wconf 82' lang='grc' dir='ltr'>φυτεύονται</span> 
     </span>
    </p>
   </div>
   <div class='ocr_carea' id='block_1_75' title="bbox 110 4283 1660 4365">
    <p class='ocr_par' dir='ltr' id='par_1_75' title="bbox 110 4283 1660 4365">
     <span class='ocr_line' id='line_1_75' title="bbox 110 4283 1660 4365; baseline -0.011 -15"><span class='ocrx_word' id='word_1_561' title='bbox 110 4299 168 4350; x_wconf 76' lang='grc' dir='ltr'>ὲν</span> <span class='ocrx_word' id='word_1_562' title='bbox 200 4297 281 4365; x_wconf 81' lang='grc' dir='ltr'>τῷ</span> <span class='ocrx_word' id='word_1_563' title='bbox 303 4300 435 4365; x_wconf 80' lang='grc' dir='ltr'>οῐκῳ</span> <span class='ocrx_word' id='word_1_564' title='bbox 472 4293 672 4363; x_wconf 83' lang='grc' dir='ltr'>Κυρίου</span> <span class='ocrx_word' id='word_1_565' title='bbox 721 4287 1148 4350; x_wconf 72' lang='grc' dir='ltr'>κακοπαθοῦντες</span> <span class='ocrx_word' id='word_1_566' title='bbox 1189 4283 1502 4348; x_wconf 83' lang='grc' dir='ltr'>διατελοῦσι,</span> <span class='ocrx_word' id='word_1_567' title='bbox 1538 4285 1660 4341; x_wconf 81' lang='grc' dir='ltr'>τοὺς</span> 
     </span>
    </p>
   </div>
   <div class='ocr_carea' id='block_1_76' title="bbox 109 4373 1660 4459">
    <p class='ocr_par' dir='ltr' id='par_1_76' title="bbox 109 4373 1660 4459">
     <span class='ocr_line' id='line_1_76' title="bbox 109 4373 1660 4459; baseline -0.011 -18"><span class='ocrx_word' id='word_1_568' title='bbox 109 4387 360 4459; x_wconf 82' lang='grc' dir='ltr'>πρώτους</span> <span class='ocrx_word' id='word_1_569' title='bbox 415 4385 511 4453; x_wconf 80' lang='grc' dir='ltr'>τῆς</span> <span class='ocrx_word' id='word_1_570' title='bbox 562 4381 827 4452; x_wconf 85' lang='grc' dir='ltr'>γεωργίας</span> <span class='ocrx_word' id='word_1_571' title='bbox 877 4381 1065 4441; x_wconf 81' lang='grc' dir='ltr'>πόνους</span> <span class='ocrx_word' id='word_1_572' title='bbox 1117 4377 1504 4447; x_wconf 76' lang='grc' dir='ltr'>ὐπομένοντες’</span> <span class='ocrx_word' id='word_1_573' title='bbox 1548 4373 1660 4426; x_wconf 84' lang='grc' dir='ltr'>ἀλλ’</span> 
     </span>
    </p>
   </div>
   <div class='ocr_carea' id='block_1_77' title="bbox 107 4464 1662 4543">
    <p class='ocr_par' dir='ltr' id='par_1_77' title="bbox 107 4464 1662 4543">
     <span class='ocr_line' id='line_1_77' title="bbox 107 4464 1662 4543; baseline -0.01 -13"><span class='ocrx_word' id='word_1_574' title='bbox 107 4472 378 4536; x_wconf 73' lang='grc' dir='ltr'>ὲπάντοῦ</span> <span class='ocrx_word' id='word_1_575' title='bbox 405 4474 582 4543; x_wconf 77' lang='grc' dir='ltr'>γήρως</span> <span class='ocrx_word' id='word_1_576' title='bbox 619 4470 710 4522; x_wconf 88' lang='grc' dir='ltr'><strong>τοῦ</strong></span> <span class='ocrx_word' id='word_1_577' title='bbox 737 4469 914 4532; x_wconf 86' lang='grc' dir='ltr'>πίονος</span> <span class='ocrx_word' id='word_1_578' title='bbox 961 4466 1277 4534; x_wconf 83' lang='grc' dir='ltr'>ἀξιωθῶσιν,</span> <span class='ocrx_word' id='word_1_579' title='bbox 1313 4464 1662 4525; x_wconf 87' lang='grc' dir='ltr'>εὐπαθοῦντες</span> 
     </span>
    </p>
   </div>
   <div class='ocr_carea' id='block_1_78' title="bbox 1751 3370 3289 3441">
    <p class='ocr_par' dir='ltr' id='par_1_78' title="bbox 1751 3370 3289 3441">
     <span class='ocr_line' id='line_1_78' title="bbox 1751 3370 3289 3441; baseline -0.006 -11"><span class='ocrx_word' id='word_1_580' title='bbox 1751 3389 1914 3430; x_wconf 52' lang='lat' dir='ltr'><strong>nctus</strong></span> <span class='ocrx_word' id='word_1_581' title='bbox 1941 3374 2185 3427; x_wconf 88' lang='lat' dir='ltr'><strong>Dominus</strong></span> <span class='ocrx_word' id='word_1_582' title='bbox 2213 3372 2352 3427; x_wconf 90' lang='lat' dir='ltr'><strong>Deus</strong></span> <span class='ocrx_word' id='word_1_583' title='bbox 2379 3380 2572 3435; x_wconf 86' lang='lat' dir='ltr'><strong>noster,</strong></span> <span class='ocrx_word' id='word_1_584' title='bbox 2598 3378 2648 3425; x_wconf 88' lang='lat' dir='ltr'><strong>et</strong></span> <span class='ocrx_word' id='word_1_585' title='bbox 2688 3387 2791 3424; x_wconf 78' lang='lat' dir='ltr'><strong>non</strong></span> <span class='ocrx_word' id='word_1_586' title='bbox 2817 3379 2896 3425; x_wconf 81' lang='lat' dir='ltr'><strong>est</strong></span> <span class='ocrx_word' id='word_1_587' title='bbox 2937 3371 3187 3441; x_wconf 71' lang='lat' dir='ltr'><strong>iniquitas</strong></span> <span class='ocrx_word' id='word_1_588' title='bbox 3233 3370 3289 3421; x_wconf 87' lang='lat' dir='ltr'><strong>in</strong></span> 
     </span>
    </p>
   </div>
   <div class='ocr_carea' id='block_1_79' title="bbox 1751 3460 3286 3531">
    <p class='ocr_par' dir='ltr' id='par_1_79' title="bbox 1751 3460 3286 3531">
     <span class='ocr_line' id='line_1_79' title="bbox 1751 3460 3286 3531; baseline -0.005 -11"><span class='ocrx_word' id='word_1_589' title='bbox 1751 3483 1826 3520; x_wconf 86' lang='lat' dir='ltr'><strong>eo.</strong></span> <span class='ocrx_word' id='word_1_590' title='bbox 1869 3466 1982 3520; x_wconf 85' lang='lat' dir='ltr'><strong>Non</strong></span> <span class='ocrx_word' id='word_1_591' title='bbox 2011 3465 2182 3521; x_wconf 87' lang='lat' dir='ltr'><strong>solum</strong></span> <span class='ocrx_word' id='word_1_592' title='bbox 2216 3463 2269 3518; x_wconf 88' lang='lat' dir='ltr'><strong>id</strong></span> <span class='ocrx_word' id='word_1_593' title='bbox 2299 3463 2407 3528; x_wconf 86' lang='lat' dir='ltr'><strong>ait,</strong></span> <span class='ocrx_word' id='word_1_594' title='bbox 2456 3464 2511 3516; x_wconf 91' lang='lat' dir='ltr'><strong>in</strong></span> <span class='ocrx_word' id='word_1_595' title='bbox 2567 3462 2719 3516; x_wconf 90' lang='lat' dir='ltr'><strong>atriis</strong></span> <span class='ocrx_word' id='word_1_596' title='bbox 2749 3460 2844 3517; x_wconf 89' lang='lat' dir='ltr'><strong>Dei</strong></span> <span class='ocrx_word' id='word_1_597' title='bbox 2885 3461 3152 3516; x_wconf 84' lang='lat' dir='ltr'><strong>ﬂorebunt</strong></span> <span class='ocrx_word' id='word_1_598' title='bbox 3197 3461 3286 3531; x_wconf 87' lang='lat' dir='ltr'><strong>qui</strong></span> 
     </span>
    </p>
   </div>
   <div class='ocr_carea' id='block_1_80' title="bbox 1751 3549 3278 3621">
    <p class='ocr_par' dir='ltr' id='par_1_80' title="bbox 1751 3549 3278 3621">
     <span class='ocr_line' id='line_1_80' title="bbox 1751 3549 3278 3621; baseline -0.005 -11"><span class='ocrx_word' id='word_1_599' title='bbox 1751 3555 1909 3612; x_wconf 89' lang='lat' dir='ltr'><strong>hodie</strong></span> <span class='ocrx_word' id='word_1_600' title='bbox 1938 3556 1993 3610; x_wconf 91' lang='lat' dir='ltr'><strong>in</strong></span> <span class='ocrx_word' id='word_1_601' title='bbox 2018 3555 2175 3608; x_wconf 91' lang='lat' dir='ltr'><strong>domo</strong></span> <span class='ocrx_word' id='word_1_602' title='bbox 2203 3553 2319 3621; x_wconf 88' lang='lat' dir='ltr'><strong>ejus</strong></span> <span class='ocrx_word' id='word_1_603' title='bbox 2350 3552 2573 3620; x_wconf 85' lang='lat' dir='ltr'><strong>plantati</strong></span> <span class='ocrx_word' id='word_1_604' title='bbox 2602 3556 2726 3605; x_wconf 57' lang='lat' dir='ltr'><strong>sunt</strong></span> <span class='ocrx_word' id='word_1_605' title='bbox 2750 3567 2764 3616; x_wconf 91' lang='lat'><strong>;</strong></span> <span class='ocrx_word' id='word_1_606' title='bbox 2799 3549 2892 3605; x_wconf 87' lang='lat' dir='ltr'><strong>sed</strong></span> <span class='ocrx_word' id='word_1_607' title='bbox 2933 3556 2985 3604; x_wconf 87' lang='lat' dir='ltr'><strong>et</strong></span> <span class='ocrx_word' id='word_1_608' title='bbox 3022 3549 3127 3619; x_wconf 89' lang='lat' dir='ltr'><strong>ipsi</strong></span> <span class='ocrx_word' id='word_1_609' title='bbox 3155 3549 3278 3603; x_wconf 91' lang='lat' dir='ltr'><strong>mul-</strong></span> 
     </span>
    </p>
   </div>
   <div class='ocr_carea' id='block_1_81' title="bbox 1751 3639 3278 3717">
    <p class='ocr_par' dir='ltr' id='par_1_81' title="bbox 1751 3639 3278 3717">
     <span class='ocr_line' id='line_1_81' title="bbox 1751 3639 3278 3717; baseline -0.006 -16"><span class='ocrx_word' id='word_1_610' title='bbox 1751 3645 2155 3717; x_wconf 87' lang='lat' dir='ltr'><strong>tiplicabuntur,</strong></span> <span class='ocrx_word' id='word_1_611' title='bbox 2186 3644 2324 3698; x_wconf 87' lang='lat' dir='ltr'><strong>sicut</strong></span> <span class='ocrx_word' id='word_1_612' title='bbox 2351 3641 2565 3703; x_wconf 88' lang='lat' dir='ltr'><strong>cedrus,</strong></span> <span class='ocrx_word' id='word_1_613' title='bbox 2596 3655 2714 3711; x_wconf 67' lang='lat' dir='ltr'><strong>qua:</strong></span> <span class='ocrx_word' id='word_1_614' title='bbox 2742 3641 2798 3694; x_wconf 91' lang='lat' dir='ltr'><strong>in</strong></span> <span class='ocrx_word' id='word_1_615' title='bbox 2827 3639 3032 3694; x_wconf 90' lang='lat' dir='ltr'><strong>Libano</strong></span> <span class='ocrx_word' id='word_1_616' title='bbox 3064 3646 3166 3701; x_wconf 88' lang='lat' dir='ltr'><strong>est,</strong></span> <span class='ocrx_word' id='word_1_617' title='bbox 3200 3653 3278 3694; x_wconf 92' lang='lat' dir='ltr'><strong>su-</strong></span> 
     </span>
    </p>
   </div>
   <div class='ocr_carea' id='block_1_82' title="bbox 1753 3719 3292 3808">
    <p class='ocr_par' dir='ltr' id='par_1_82' title="bbox 1753 3719 3292 3808">
     <span class='ocr_line' id='line_1_82' title="bbox 1753 3719 3292 3808; baseline -0.006 -17"><span class='ocrx_word' id='word_1_618' title='bbox 1753 3752 1848 3808; x_wconf 88' lang='lat' dir='ltr'><strong>pra</strong></span> <span class='ocrx_word' id='word_1_619' title='bbox 1895 3735 2241 3805; x_wconf 88' lang='lat' dir='ltr'><strong>multiplicari</strong></span> <span class='ocrx_word' id='word_1_620' title='bbox 2292 3733 2589 3788; x_wconf 88' lang='lat' dir='ltr'><strong>dicebatur.</strong></span> <span class='ocrx_word' id='word_1_621' title='bbox 2641 3719 2994 3797; x_wconf 85' lang='lat' dir='ltr'><strong>Quandonam</strong></span> <span class='ocrx_word' id='word_1_622' title='bbox 3049 3729 3103 3782; x_wconf 87' lang='lat' dir='ltr'><strong>id</strong></span> <span class='ocrx_word' id='word_1_623' title='bbox 3159 3728 3292 3797; x_wconf 85' lang='lat' dir='ltr'><strong>ipsis</strong></span> 
     </span>
    </p>
   </div>
   <div class='ocr_carea' id='block_1_83' title="bbox 1755 3819 3292 3893">
    <p class='ocr_par' dir='ltr' id='par_1_83' title="bbox 1755 3819 3292 3893">
     <span class='ocr_line' id='line_1_83' title="bbox 1755 3819 3292 3893; baseline -0.009 -9"><span class='ocrx_word' id='word_1_624' title='bbox 1755 3829 1979 3893; x_wconf 79' lang='lat' dir='ltr'><strong>eveniet,</strong></span> <span class='ocrx_word' id='word_1_625' title='bbox 2001 3827 2105 3881; x_wconf 89' lang='lat' dir='ltr'><strong>nisi</strong></span> <span class='ocrx_word' id='word_1_626' title='bbox 2138 3828 2192 3881; x_wconf 91' lang='lat' dir='ltr'><strong>in</strong></span> <span class='ocrx_word' id='word_1_627' title='bbox 2223 3832 2495 3881; x_wconf 90' lang='lat' dir='ltr'><strong>senectute</strong></span> <span class='ocrx_word' id='word_1_628' title='bbox 2520 3821 2744 3893; x_wconf 81' lang='lat' dir='ltr'><strong>pingui?</strong></span> <span class='ocrx_word' id='word_1_629' title='bbox 2765 3819 2863 3873; x_wconf 87' lang='lat' dir='ltr'><strong>Hic</strong></span> <span class='ocrx_word' id='word_1_630' title='bbox 2893 3833 3020 3872; x_wconf 83' lang='lat' dir='ltr'><strong>vero</strong></span> <span class='ocrx_word' id='word_1_631' title='bbox 3043 3825 3292 3873; x_wconf 88' lang='lat' dir='ltr'><strong>senectu-</strong></span> 
     </span>
    </p>
   </div>
   <div class='ocr_carea' id='block_1_84' title="bbox 1754 3907 3292 3986">
    <p class='ocr_par' dir='ltr' id='par_1_84' title="bbox 1754 3907 3292 3986">
     <span class='ocr_line' id='line_1_84' title="bbox 1754 3907 3292 3986; baseline -0.01 -12"><span class='ocrx_word' id='word_1_632' title='bbox 1754 3927 1873 3974; x_wconf 87' lang='lat' dir='ltr'><strong>tem&#39;</strong></span> <span class='ocrx_word' id='word_1_633' title='bbox 1890 3935 1985 3986; x_wconf 90' lang='lat' dir='ltr'><strong>pro</strong></span> <span class='ocrx_word' id='word_1_634' title='bbox 2014 3916 2482 3971; x_wconf 86' lang='lat' dir='ltr'><strong>consummatione</strong></span> <span class='ocrx_word' id='word_1_635' title='bbox 2503 3913 2695 3966; x_wconf 66' lang='lat' dir='ltr'><strong>animte</strong></span> <span class='ocrx_word' id='word_1_636' title='bbox 2721 3909 2827 3964; x_wconf 92' lang='lat' dir='ltr'><strong>dici</strong></span> <span class='ocrx_word' id='word_1_637' title='bbox 2857 3921 3171 3977; x_wconf 88' lang='lat' dir='ltr'><strong>persuasum</strong></span> <span class='ocrx_word' id='word_1_638' title='bbox 3195 3907 3292 3959; x_wconf 54' lang='lat' dir='ltr'><strong>hac</strong></span> 
     </span>
    </p>
   </div>
   <div class='ocr_carea' id='block_1_85' title="bbox 1755 3999 3296 4078">
    <p class='ocr_par' dir='ltr' id='par_1_85' title="bbox 1755 3999 3296 4078">
     <span class='ocr_line' id='line_1_85' title="bbox 1755 3999 3296 4078; baseline -0.009 -13"><span class='ocrx_word' id='word_1_639' title='bbox 1755 4012 1900 4071; x_wconf 83' lang='lat' dir='ltr'><strong>beas,</strong></span> <span class='ocrx_word' id='word_1_640' title='bbox 1915 4011 1965 4062; x_wconf 93' lang='lat' dir='ltr'><strong>in</strong></span> <span class='ocrx_word' id='word_1_641' title='bbox 1984 4023 2086 4078; x_wconf 89' lang='lat' dir='ltr'><strong>qua</strong></span> <span class='ocrx_word' id='word_1_642' title='bbox 2110 4008 2383 4063; x_wconf 86' lang='lat' dir='ltr'><strong>constituti</strong></span> <span class='ocrx_word' id='word_1_643' title='bbox 2406 4006 2559 4060; x_wconf 91' lang='lat' dir='ltr'><strong>bonis</strong></span> <span class='ocrx_word' id='word_1_644' title='bbox 2575 4004 2834 4063; x_wconf 79' lang='lat' dir='ltr'><strong>fruentur,</strong></span> <span class='ocrx_word' id='word_1_645' title='bbox 2849 4000 2937 4068; x_wconf 91' lang='lat' dir='ltr'><strong>qui</strong></span> <span class='ocrx_word' id='word_1_646' title='bbox 2957 4015 3098 4052; x_wconf 90' lang='lat' dir='ltr'><strong>nunc</strong></span> <span class='ocrx_word' id='word_1_647' title='bbox 3132 4000 3184 4052; x_wconf 92' lang='lat' dir='ltr'><strong>in</strong></span> <span class='ocrx_word' id='word_1_648' title='bbox 3199 3999 3296 4053; x_wconf 82' lang='lat' dir='ltr'><strong>d0-</strong></span> 
     </span>
    </p>
   </div>
   <div class='ocr_carea' id='block_1_86' title="bbox 1755 4087 3294 4168">
    <p class='ocr_par' dir='ltr' id='par_1_86' title="bbox 1755 4087 3294 4168">
     <span class='ocr_line' id='line_1_86' title="bbox 1755 4087 3294 4168; baseline -0.009 -12"><span class='ocrx_word' id='word_1_649' title='bbox 1755 4117 1843 4156; x_wconf 91' lang='lat' dir='ltr'><strong>mo</strong></span> <span class='ocrx_word' id='word_1_650' title='bbox 1860 4100 2066 4153; x_wconf 90' lang='lat' dir='ltr'><strong>Domini</strong></span> <span class='ocrx_word' id='word_1_651' title='bbox 2085 4098 2305 4168; x_wconf 87' lang='lat' dir='ltr'><strong>plantati</strong></span> <span class='ocrx_word' id='word_1_652' title='bbox 2326 4106 2469 4151; x_wconf 89' lang='lat' dir='ltr'><strong>sunt.</strong></span> <span class='ocrx_word' id='word_1_653' title='bbox 2489 4094 2619 4148; x_wconf 82' lang='lat' dir='ltr'><strong>Nam</strong></span> <span class='ocrx_word' id='word_1_654' title='bbox 2642 4094 2687 4148; x_wconf 90' lang='lat' dir='ltr'><strong>si</strong></span> <span class='ocrx_word' id='word_1_655' title='bbox 2705 4093 2814 4161; x_wconf 87' lang='lat' dir='ltr'><strong>jam</strong></span> <span class='ocrx_word' id='word_1_656' title='bbox 2835 4092 2888 4144; x_wconf 89' lang='lat' dir='ltr'><strong>in</strong></span> <span class='ocrx_word' id='word_1_657' title='bbox 2914 4087 3074 4145; x_wconf 89' lang='lat' dir='ltr'><strong>domo</strong></span> <span class='ocrx_word' id='word_1_658' title='bbox 3085 4089 3294 4144; x_wconf 89' lang='lat' dir='ltr'><strong>Domini</strong></span> 
     </span>
    </p>
   </div>
   <div class='ocr_carea' id='block_1_87' title="bbox 1756 4177 3291 4260">
    <p class='ocr_par' dir='ltr' id='par_1_87' title="bbox 1756 4177 3291 4260">
     <span class='ocr_line' id='line_1_87' title="bbox 1756 4177 3291 4260; baseline -0.009 -17"><span class='ocrx_word' id='word_1_659' title='bbox 1756 4190 1996 4260; x_wconf 88' lang='lat' dir='ltr'><strong>plantati,</strong></span> <span class='ocrx_word' id='word_1_660' title='bbox 2024 4188 2162 4241; x_wconf 89' lang='lat' dir='ltr'><strong>mala</strong></span> <span class='ocrx_word' id='word_1_661' title='bbox 2218 4187 2504 4256; x_wconf 78' lang='lat' dir='ltr'><strong>patientes,</strong></span> <span class='ocrx_word' id='word_1_662' title='bbox 2529 4189 2893 4254; x_wconf 84' lang='lat' dir='ltr'><strong>perseverant,</strong></span> <span class='ocrx_word' id='word_1_663' title='bbox 2926 4178 3114 4250; x_wconf 85' lang='lat' dir='ltr'><strong>primis</strong></span> <span class='ocrx_word' id='word_1_664' title='bbox 3148 4177 3291 4248; x_wconf 87' lang='lat' dir='ltr'><strong>agri-</strong></span> 
     </span>
    </p>
   </div>
   <div class='ocr_carea' id='block_1_88' title="bbox 1757 4269 3295 4342">
    <p class='ocr_par' dir='ltr' id='par_1_88' title="bbox 1757 4269 3295 4342">
     <span class='ocr_line' id='line_1_88' title="bbox 1757 4269 3295 4342; baseline -0.01 -7"><span class='ocrx_word' id='word_1_665' title='bbox 1757 4281 1980 4334; x_wconf 67' lang='lat' dir='ltr'><strong>cultura:</strong></span> <span class='ocrx_word' id='word_1_666' title='bbox 2007 4278 2278 4334; x_wconf 89' lang='lat' dir='ltr'><strong>laboribus</strong></span> <span class='ocrx_word' id='word_1_667' title='bbox 2307 4277 2572 4342; x_wconf 89' lang='lat' dir='ltr'><strong>aﬂlictati;</strong></span> <span class='ocrx_word' id='word_1_668' title='bbox 2602 4275 2693 4330; x_wconf 88' lang='lat' dir='ltr'><strong>sed</strong></span> <span class='ocrx_word' id='word_1_669' title='bbox 2723 4290 2845 4330; x_wconf 91' lang='lat' dir='ltr'><strong>cum</strong></span> <span class='ocrx_word' id='word_1_670' title='bbox 2876 4280 3150 4328; x_wconf 87' lang='lat' dir='ltr'><strong>senectute</strong></span> <span class='ocrx_word' id='word_1_671' title='bbox 3177 4269 3295 4336; x_wconf 87' lang='lat' dir='ltr'><strong>pin-</strong></span> 
     </span>
    </p>
   </div>
   <div class='ocr_carea' id='block_1_89' title="bbox 1757 4359 3296 4442">
    <p class='ocr_par' dir='ltr' id='par_1_89' title="bbox 1757 4359 3296 4442">
     <span class='ocr_line' id='line_1_89' title="bbox 1757 4359 3296 4442; baseline -0.011 -17"><span class='ocrx_word' id='word_1_672' title='bbox 1757 4372 1844 4442; x_wconf 90' lang='lat' dir='ltr'><strong>gui</strong></span> <span class='ocrx_word' id='word_1_673' title='bbox 1884 4370 2063 4441; x_wconf 88' lang='lat' dir='ltr'><strong>donati</strong></span> <span class='ocrx_word' id='word_1_674' title='bbox 2100 4368 2317 4432; x_wconf 79' lang='lat' dir='ltr'><strong>fuerint,</strong></span> <span class='ocrx_word' id='word_1_675' title='bbox 2347 4367 2502 4424; x_wconf 91' lang='lat' dir='ltr'><strong>bonis</strong></span> <span class='ocrx_word' id='word_1_676' title='bbox 2536 4367 2800 4428; x_wconf 86' lang='lat' dir='ltr'><strong>fruentur,</strong></span> <span class='ocrx_word' id='word_1_677' title='bbox 2825 4377 2887 4415; x_wconf 89' lang='lat' dir='ltr'><strong>ac</strong></span> <span class='ocrx_word' id='word_1_678' title='bbox 2918 4359 3153 4430; x_wconf 89' lang='lat' dir='ltr'><strong>requiem</strong></span> <span class='ocrx_word' id='word_1_679' title='bbox 3194 4372 3296 4410; x_wconf 87' lang='lat' dir='ltr'><strong>na-</strong></span> 
     </span>
    </p>
   </div>
   <div class='ocr_carea' id='block_1_90' title="bbox 1759 4437 3296 4524">
    <p class='ocr_par' dir='ltr' id='par_1_90' title="bbox 1759 4437 3296 4524">
     <span class='ocr_line' id='line_1_90' title="bbox 1759 4437 3296 4524; baseline -0.008 -10"><span class='ocrx_word' id='word_1_680' title='bbox 1759 4462 1850 4523; x_wconf 90' lang='lat' dir='ltr'><strong>cti,</strong></span> <span class='ocrx_word' id='word_1_681' title='bbox 1878 4440 2117 4513; x_wconf 88' lang='lat' dir='ltr'><strong>laborum</strong></span> <span class='ocrx_word' id='word_1_682' title='bbox 2158 4459 2615 4524; x_wconf 84' lang='lat' dir='ltr'><strong>certaminumque</strong></span> <span class='ocrx_word' id='word_1_683' title='bbox 2637 4452 2875 4522; x_wconf 69' lang='lat' dir='ltr'><strong>‘praamia</strong></span> <span class='ocrx_word' id='word_1_684' title='bbox 2901 4449 3138 4503; x_wconf 89' lang='lat' dir='ltr'><strong>referent</strong></span> <span class='ocrx_word' id='word_1_685' title='bbox 3162 4485 3178 4510; x_wconf 89' lang='lat'><strong>,</strong></span> <span class='ocrx_word' id='word_1_686' title='bbox 3230 4437 3296 4502; x_wconf 80' lang='lat' dir='ltr'><strong>ac</strong></span> 
     </span>
    </p>
   </div>
   <div class='ocr_carea' id='block_1_91' title="bbox 107 4537 1649 4638">
    <p class='ocr_par' dir='ltr' id='par_1_91' title="bbox 107 4537 1649 4638">
     <span class='ocr_line' id='line_1_91' title="bbox 107 4537 1649 4638; baseline -0.01 -16"><span class='ocrx_word' id='word_1_687' title='bbox 107 4537 428 4638; x_wconf 80' lang='grc' dir='ltr'>γενήσονται</span> <span class='ocrx_word' id='word_1_688' title='bbox 447 4537 839 4634; x_wconf 77' lang='grc' dir='ltr'>ἀναπαυόμενοι</span> <span class='ocrx_word' id='word_1_689' title='bbox 863 4562 969 4614; x_wconf 86' lang='grc' dir='ltr'><strong>τῶν</strong></span> <span class='ocrx_word' id='word_1_690' title='bbox 996 4562 1250 4632; x_wconf 83' lang='grc' dir='ltr'>καμάτων</span> <span class='ocrx_word' id='word_1_691' title='bbox 1277 4557 1488 4611; x_wconf 77' lang='grc' dir='ltr'>καὶτῶν</span> <span class='ocrx_word' id='word_1_692' title='bbox 1517 4555 1649 4623; x_wconf 80' lang='grc' dir='ltr'>ἀγὼ-</span> 
     </span>
    </p>
   </div>
   <div class='ocr_carea' id='block_1_92' title="bbox 1747 4537 3292 4638">
    <p class='ocr_par' dir='ltr' id='par_1_92' title="bbox 1760 4537 3292 4617">
     <span class='ocr_line' id='line_1_92' title="bbox 1760 4537 3292 4617; baseline -0.01 -13"><span class='ocrx_word' id='word_1_693' title='bbox 1760 4550 2172 4614; x_wconf 83' lang='lat' dir='ltr'><strong>conﬁtebuntur,</strong></span> <span class='ocrx_word' id='word_1_694' title='bbox 2198 4548 2454 4614; x_wconf 80' lang='lat' dir='ltr'><strong>Quoniam</strong></span> <span class='ocrx_word' id='word_1_695' title='bbox 2475 4553 2641 4598; x_wconf 86' lang='lat' dir='ltr'><strong>rectus</strong></span> <span class='ocrx_word' id='word_1_696' title='bbox 2670 4541 2921 4594; x_wconf 84' lang='lat' dir='ltr'><strong>Dominus</strong></span> <span class='ocrx_word' id='word_1_697' title='bbox 2943 4537 3079 4617; x_wconf 78' lang='lat' dir='ltr'><strong>Deus</strong></span> <span class='ocrx_word' id='word_1_698' title='bbox 3100 4544 3292 4599; x_wconf 84' lang='lat' dir='ltr'><strong>noster,</strong></span> 
     </span>
    </p>
   </div>
   <div class='ocr_carea' id='block_1_93' title="bbox 106 4647 1660 4722">
    <p class='ocr_par' dir='ltr' id='par_1_93' title="bbox 106 4647 1660 4722">
     <span class='ocr_line' id='line_1_93' title="bbox 106 4647 1660 4722; baseline -0.012 -8"><span class='ocrx_word' id='word_1_699' title='bbox 106 4676 218 4714; x_wconf 83' lang='grc' dir='ltr'><strong>νων</strong></span> <span class='ocrx_word' id='word_1_700' title='bbox 279 4655 347 4708; x_wconf 74' lang='grc' dir='ltr'><strong>τὰ</strong></span> <span class='ocrx_word' id='word_1_701' title='bbox 390 4654 592 4707; x_wconf 80' lang='grc' dir='ltr'>ἔπαθλα</span> <span class='ocrx_word' id='word_1_702' title='bbox 642 4653 1068 4722; x_wconf 71' lang='grc' dir='ltr'>ἀποληψόμενοι·</span> <span class='ocrx_word' id='word_1_703' title='bbox 1126 4647 1541 4720; x_wconf 80' lang='grc' dir='ltr'>Ὀμολογήσουσί</span> <span class='ocrx_word' id='word_1_704' title='bbox 1581 4663 1660 4710; x_wconf 88' lang='grc' dir='ltr'><strong>τε,</strong></span> 
     </span>
    </p>
   </div>
   <div class='ocr_carea' id='block_1_94' title="bbox 108 4736 1664 4812">
    <p class='ocr_par' dir='ltr' id='par_1_94' title="bbox 108 4736 1664 4812">
     <span class='ocr_line' id='line_1_94' title="bbox 108 4736 1664 4812; baseline -0.006 -11"><span class='ocrx_word' id='word_1_705' title='bbox 108 4748 249 4801; x_wconf 83' lang='grc' dir='ltr'>Ὀτι</span> <span class='ocrx_word' id='word_1_706' title='bbox 280 4746 460 4812; x_wconf 76' lang='grc' dir='ltr'>εὺθὴς</span> <span class='ocrx_word' id='word_1_707' title='bbox 483 4747 696 4812; x_wconf 82' lang='grc' dir='ltr'>Κύριος</span> <span class='ocrx_word' id='word_1_708' title='bbox 727 4747 759 4796; x_wconf 89' lang='grc' dir='ltr'><strong><em>ό</em></strong></span> <span class='ocrx_word' id='word_1_709' title='bbox 790 4741 931 4808; x_wconf 86' lang='grc' dir='ltr'>Θεὸς</span> <span class='ocrx_word' id='word_1_710' title='bbox 972 4741 1159 4811; x_wconf 74' lang='grc' dir='ltr'>ἡμῶν,</span> <span class='ocrx_word' id='word_1_711' title='bbox 1205 4740 1302 4794; x_wconf 74' lang='grc' dir='ltr'><strong>καί</strong></span> <span class='ocrx_word' id='word_1_712' title='bbox 1338 4740 1446 4791; x_wconf 82' lang='grc' dir='ltr'><strong>οὐκ</strong></span> <span class='ocrx_word' id='word_1_713' title='bbox 1497 4736 1664 4791; x_wconf 79' lang='grc' dir='ltr'>ἐστιν</span> 
     </span>
    </p>
   </div>
   <div class='ocr_carea' id='block_1_95' title="bbox 104 4827 1664 4907">
    <p class='ocr_par' dir='ltr' id='par_1_95' title="bbox 104 4827 1664 4907">
     <span class='ocr_line' id='line_1_95' title="bbox 104 4827 1664 4907; baseline -0.008 -15"><span class='ocrx_word' id='word_1_714' title='bbox 104 4837 317 4892; x_wconf 77' lang='grc' dir='ltr'>ἀδικία</span> <span class='ocrx_word' id='word_1_715' title='bbox 343 4837 410 4889; x_wconf 71' lang='grc' dir='ltr'><strong>ἐν</strong></span> <span class='ocrx_word' id='word_1_716' title='bbox 429 4835 605 4901; x_wconf 80' lang='grc' dir='ltr'>αὐτῷ.</span> <span class='ocrx_word' id='word_1_717' title='bbox 631 4837 691 4888; x_wconf 82' lang='lat' dir='ltr'><strong>El</strong></span> <span class='ocrx_word' id='word_1_718' title='bbox 715 4835 821 4907; x_wconf 84' lang='grc' dir='ltr'><strong>γὰρ</strong></span> <span class='ocrx_word' id='word_1_719' title='bbox 847 4834 1003 4904; x_wconf 84' lang='grc' dir='ltr'>μὴτά</span> <span class='ocrx_word' id='word_1_720' title='bbox 1028 4828 1473 4902; x_wconf 81' lang='grc' dir='ltr'>κατηριθμημένα</span> <span class='ocrx_word' id='word_1_721' title='bbox 1488 4827 1664 4894; x_wconf 83' lang='grc' dir='ltr'>ἀγαθὰ</span> 
     </span>
    </p>
   </div>
   <div class='ocr_carea' id='block_1_96' title="bbox 107 4918 1664 4994">
    <p class='ocr_par' dir='ltr' id='par_1_96' title="bbox 107 4918 1664 4994">
     <span class='ocr_line' id='line_1_96' title="bbox 107 4918 1664 4994; baseline -0.006 -17"><span class='ocrx_word' id='word_1_722' title='bbox 107 4923 309 4994; x_wconf 69' lang='grc' dir='ltr'>ἔμελλε</span> <span class='ocrx_word' id='word_1_723' title='bbox 349 4921 675 4991; x_wconf 83' lang='grc' dir='ltr'>διαδέχεσθαι</span> <span class='ocrx_word' id='word_1_724' title='bbox 717 4925 842 4984; x_wconf 88' lang='grc' dir='ltr'>τοὺς</span> <span class='ocrx_word' id='word_1_725' title='bbox 888 4921 962 4990; x_wconf 81' lang='grc' dir='ltr'>τῷ</span> <span class='ocrx_word' id='word_1_726' title='bbox 993 4920 1108 4990; x_wconf 88' lang='grc' dir='ltr'>Θεῷ</span> <span class='ocrx_word' id='word_1_727' title='bbox 1145 4918 1542 4987; x_wconf 87' lang='grc' dir='ltr'>ἀνακειμένους,</span> <span class='ocrx_word' id='word_1_728' title='bbox 1573 4918 1664 4968; x_wconf 71' lang='grc' dir='ltr'>καὶ</span> 
     </span>
    </p>
   </div>
   <div class='ocr_carea' id='block_1_97' title="bbox 107 5007 1664 5096">
    <p class='ocr_par' dir='ltr' id='par_1_97' title="bbox 107 5007 1664 5096">
     <span class='ocr_line' id='line_1_97' title="bbox 107 5007 1664 5096; baseline -0.005 -29"><span class='ocrx_word' id='word_1_729' title='bbox 107 5016 158 5067; x_wconf 82' lang='grc' dir='ltr'><strong>εί</strong></span> <span class='ocrx_word' id='word_1_730' title='bbox 199 5013 281 5096; x_wconf 68' lang='grc' dir='ltr'>μὴ</span> <span class='ocrx_word' id='word_1_731' title='bbox 306 5012 366 5065; x_wconf 79' lang='grc' dir='ltr'><strong>τὸ</strong></span> <span class='ocrx_word' id='word_1_732' title='bbox 389 5012 624 5082; x_wconf 83' lang='grc' dir='ltr'>ὀλέθριον</span> <span class='ocrx_word' id='word_1_733' title='bbox 656 5012 804 5072; x_wconf 88' lang='grc' dir='ltr'>τέλος</span> <span class='ocrx_word' id='word_1_734' title='bbox 849 5011 1132 5079; x_wconf 86' lang='grc' dir='ltr'>περιέμενε</span> <span class='ocrx_word' id='word_1_735' title='bbox 1183 5011 1305 5070; x_wconf 82' lang='grc' dir='ltr'>τοὺς</span> <span class='ocrx_word' id='word_1_736' title='bbox 1336 5007 1543 5070; x_wconf 78' lang='grc' dir='ltr'>ἀσεϐεῖς</span> <span class='ocrx_word' id='word_1_737' title='bbox 1571 5008 1664 5061; x_wconf 73' lang='grc' dir='ltr'>καὶ</span> 
     </span>
    </p>
   </div>
   <div class='ocr_carea' id='block_1_98' title="bbox 108 5096 1662 5175">
    <p class='ocr_par' dir='ltr' id='par_1_98' title="bbox 108 5096 1662 5175">
     <span class='ocr_line' id='line_1_98' title="bbox 108 5096 1662 5175; baseline -0.005 -17"><span class='ocrx_word' id='word_1_738' title='bbox 108 5107 242 5168; x_wconf 82' lang='grc' dir='ltr'>τοὺς</span> <span class='ocrx_word' id='word_1_739' title='bbox 283 5103 672 5175; x_wconf 72' lang='grc' dir='ltr'>ἐργαζομένους</span> <span class='ocrx_word' id='word_1_740' title='bbox 723 5101 819 5170; x_wconf 80' lang='grc' dir='ltr'>τὴν</span> <span class='ocrx_word' id='word_1_741' title='bbox 851 5101 1093 5169; x_wconf 84' lang='grc' dir='ltr'>ἀνομίαν,</span> <span class='ocrx_word' id='word_1_742' title='bbox 1122 5096 1186 5170; x_wconf 74' lang='grc' dir='ltr'>ἧν</span> <span class='ocrx_word' id='word_1_743' title='bbox 1206 5101 1270 5152; x_wconf 82' lang='grc' dir='ltr'>ἂν</span> <span class='ocrx_word' id='word_1_744' title='bbox 1294 5099 1428 5166; x_wconf 86' lang='grc' dir='ltr'>τάχα</span> <span class='ocrx_word' id='word_1_745' title='bbox 1455 5098 1662 5150; x_wconf 81' lang='grc' dir='ltr'>ἀδικίαν</span> 
     </span>
    </p>
   </div>
   <div class='ocr_carea' id='block_1_99' title="bbox 107 5187 1664 5263">
    <p class='ocr_par' dir='ltr' id='par_1_99' title="bbox 107 5187 1664 5263">
     <span class='ocr_line' id='line_1_99' title="bbox 107 5187 1664 5263; baseline -0.005 -14"><span class='ocrx_word' id='word_1_746' title='bbox 107 5194 438 5249; x_wconf 70' lang='grc' dir='ltr'>ἐπικαλέσαι</span> <span class='ocrx_word' id='word_1_747' title='bbox 496 5195 560 5263; x_wconf 79' lang='grc' dir='ltr'>τῇ</span> <span class='ocrx_word' id='word_1_748' title='bbox 609 5189 703 5243; x_wconf 88' lang='grc' dir='ltr'><strong>τοῦ</strong></span> <span class='ocrx_word' id='word_1_749' title='bbox 749 5188 879 5242; x_wconf 88' lang='grc' dir='ltr'>Θεοῦ</span> <span class='ocrx_word' id='word_1_750' title='bbox 924 5189 1165 5258; x_wconf 84' lang='grc' dir='ltr'>προνοίᾳ.</span> <span class='ocrx_word' id='word_1_751' title='bbox 1208 5189 1332 5240; x_wconf 86' lang='grc' dir='ltr'><strong>Ὅτε</strong></span> <span class='ocrx_word' id='word_1_752' title='bbox 1359 5187 1414 5238; x_wconf 83' lang='grc' dir='ltr'><strong>δὲ</strong></span> <span class='ocrx_word' id='word_1_753' title='bbox 1444 5189 1664 5241; x_wconf 86' lang='grc' dir='ltr'>τοιαῦτα</span> 
     </span>
    </p>
   </div>
   <div class='ocr_carea' id='block_1_100' title="bbox 108 5277 1665 5354">
    <p class='ocr_par' dir='ltr' id='par_1_100' title="bbox 108 5277 1665 5354">
     <span class='ocr_line' id='line_1_100' title="bbox 108 5277 1665 5354; baseline -0.008 -14"><span class='ocrx_word' id='word_1_754' title='bbox 108 5287 247 5354; x_wconf 73' lang='grc' dir='ltr'>τέλη</span> <span class='ocrx_word' id='word_1_755' title='bbox 305 5285 397 5338; x_wconf 76' lang='grc' dir='ltr'>καὶ</span> <span class='ocrx_word' id='word_1_756' title='bbox 439 5287 546 5347; x_wconf 89' lang='grc' dir='ltr'>τοῖς</span> <span class='ocrx_word' id='word_1_757' title='bbox 597 5281 818 5343; x_wconf 86' lang='grc' dir='ltr'>δικαίοις</span> <span class='ocrx_word' id='word_1_758' title='bbox 862 5279 1196 5349; x_wconf 83' lang='grc' dir='ltr'>ἡτοίμασται,</span> <span class='ocrx_word' id='word_1_759' title='bbox 1225 5278 1350 5329; x_wconf 79' lang='grc' dir='ltr'>οἵων</span> <span class='ocrx_word' id='word_1_760' title='bbox 1393 5277 1484 5329; x_wconf 75' lang='grc' dir='ltr'>καὶ</span> <span class='ocrx_word' id='word_1_761' title='bbox 1509 5280 1665 5346; x_wconf 76' lang='grc' dir='ltr'>ἡμεῖς</span> 
     </span>
    </p>
   </div>
   <div class='ocr_carea' id='block_1_101' title="bbox 109 5367 1664 5444">
    <p class='ocr_par' dir='ltr' id='par_1_101' title="bbox 109 5367 1664 5444">
     <span class='ocr_line' id='line_1_101' title="bbox 109 5367 1664 5444; baseline -0.005 -16"><span class='ocrx_word' id='word_1_762' title='bbox 109 5374 390 5444; x_wconf 70' lang='grc' dir='ltr'>εὐχόμεθα</span> <span class='ocrx_word' id='word_1_763' title='bbox 427 5377 604 5444; x_wconf 83' lang='grc' dir='ltr'>τυχεῖν</span> <span class='ocrx_word' id='word_1_764' title='bbox 633 5415 646 5439; x_wconf 94' lang='grc'><strong>,</strong></span> <span class='ocrx_word' id='word_1_765' title='bbox 698 5373 790 5424; x_wconf 77' lang='grc' dir='ltr'>καὶ</span> <span class='ocrx_word' id='word_1_766' title='bbox 821 5372 931 5432; x_wconf 87' lang='grc' dir='ltr'>τοῖς</span> <span class='ocrx_word' id='word_1_767' title='bbox 964 5369 1178 5420; x_wconf 79' lang='grc' dir='ltr'>ἀσεϐέσι</span> <span class='ocrx_word' id='word_1_768' title='bbox 1232 5367 1470 5421; x_wconf 86' lang='grc' dir='ltr'>τοιαῦται</span> <span class='ocrx_word' id='word_1_769' title='bbox 1511 5370 1664 5436; x_wconf 75' lang='grc' dir='ltr'>ἠπεί-</span> 
     </span>
    </p>
   </div>
   <div class='ocr_carea' id='block_1_102' title="bbox 108 5453 1660 5534">
    <p class='ocr_par' dir='ltr' id='par_1_102' title="bbox 108 5453 1660 5534">
     <span class='ocr_line' id='line_1_102' title="bbox 108 5453 1660 5534; baseline -0.006 -18"><span class='ocrx_word' id='word_1_770' title='bbox 108 5466 308 5534; x_wconf 79' lang='grc' dir='ltr'>ληνται</span> <span class='ocrx_word' id='word_1_771' title='bbox 333 5463 604 5532; x_wconf 82' lang='grc' dir='ltr'>τιμωρίαι,</span> <span class='ocrx_word' id='word_1_772' title='bbox 635 5460 724 5528; x_wconf 80' lang='grc' dir='ltr'>ἀφ’</span> <span class='ocrx_word' id='word_1_773' title='bbox 752 5453 824 5512; x_wconf 81' lang='grc' dir='ltr'>ὧν</span> <span class='ocrx_word' id='word_1_774' title='bbox 846 5458 1048 5525; x_wconf 88' lang='grc' dir='ltr'>γένοιτο</span> <span class='ocrx_word' id='word_1_775' title='bbox 1067 5456 1207 5524; x_wconf 73' lang='grc' dir='ltr'>ἡμᾶς</span> <span class='ocrx_word' id='word_1_776' title='bbox 1233 5453 1490 5523; x_wconf 76' lang='grc' dir='ltr'>ῥυσθῆναι</span> <span class='ocrx_word' id='word_1_777' title='bbox 1509 5471 1520 5482; x_wconf 92' lang='grc'><strong>·</strong></span> <span class='ocrx_word' id='word_1_778' title='bbox 1547 5455 1660 5516; x_wconf 84' lang='grc' dir='ltr'><strong>πῶς</strong></span> 
     </span>
    </p>
   </div>
   <div class='ocr_carea' id='block_1_103' title="bbox 1757 4615 3296 4706">
    <p class='ocr_par' dir='ltr' id='par_1_103' title="bbox 1757 4615 3296 4706">
     <span class='ocr_line' id='line_1_103' title="bbox 1757 4615 3296 4706; baseline -0.01 -11"><span class='ocrx_word' id='word_1_779' title='bbox 1757 4650 1804 4694; x_wconf 89' lang='lat' dir='ltr'><strong>et</strong></span> <span class='ocrx_word' id='word_1_780' title='bbox 1834 4657 1936 4694; x_wconf 86' lang='lat' dir='ltr'><strong>non</strong></span> <span class='ocrx_word' id='word_1_781' title='bbox 1967 4648 2042 4694; x_wconf 81' lang='lat' dir='ltr'><strong>est</strong></span> <span class='ocrx_word' id='word_1_782' title='bbox 2070 4639 2315 4706; x_wconf 83' lang='lat' dir='ltr'><strong>iniquitas</strong></span> <span class='ocrx_word' id='word_1_783' title='bbox 2339 4637 2391 4689; x_wconf 83' lang='lat' dir='ltr'><strong>in</strong></span> <span class='ocrx_word' id='word_1_784' title='bbox 2423 4650 2500 4688; x_wconf 89' lang='lat' dir='ltr'><strong>eo.</strong></span> <span class='ocrx_word' id='word_1_785' title='bbox 2531 4632 2645 4687; x_wconf 88' lang='lat' dir='ltr'><strong>Nisi</strong></span> <span class='ocrx_word' id='word_1_786' title='bbox 2677 4631 2817 4686; x_wconf 89' lang='lat' dir='ltr'><strong>enim</strong></span> <span class='ocrx_word' id='word_1_787' title='bbox 2841 4621 2952 4698; x_wconf 81' lang='lat' dir='ltr'><strong>jam</strong></span> <span class='ocrx_word' id='word_1_788' title='bbox 2984 4615 3296 4683; x_wconf 82' lang='lat' dir='ltr'><strong>enumerata</strong></span> 
     </span>
    </p>
   </div>
   <div class='ocr_carea' id='block_1_104' title="bbox 1758 4721 3294 4798">
    <p class='ocr_par' dir='ltr' id='par_1_104' title="bbox 1758 4721 3294 4798">
     <span class='ocr_line' id='line_1_104' title="bbox 1758 4721 3294 4798; baseline -0.012 -12"><span class='ocrx_word' id='word_1_789' title='bbox 1758 4732 1897 4786; x_wconf 91' lang='lat' dir='ltr'><strong>bona</strong></span> <span class='ocrx_word' id='word_1_790' title='bbox 1938 4745 2031 4786; x_wconf 90' lang='lat' dir='ltr'><strong>eos</strong></span> <span class='ocrx_word' id='word_1_791' title='bbox 2071 4729 2160 4798; x_wconf 88' lang='lat' dir='ltr'><strong>qui</strong></span> <span class='ocrx_word' id='word_1_792' title='bbox 2191 4727 2300 4780; x_wconf 89' lang='lat' dir='ltr'><strong>Deo</strong></span> <span class='ocrx_word' id='word_1_793' title='bbox 2331 4723 2531 4779; x_wconf 90' lang='lat' dir='ltr'><strong>addicti</strong></span> <span class='ocrx_word' id='word_1_794' title='bbox 2563 4729 2688 4779; x_wconf 89' lang='lat' dir='ltr'><strong>sunt</strong></span> <span class='ocrx_word' id='word_1_795' title='bbox 2737 4726 3028 4787; x_wconf 83' lang='lat' dir='ltr'><strong>exceptura</strong></span> <span class='ocrx_word' id='word_1_796' title='bbox 3072 4721 3294 4780; x_wconf 85' lang='lat' dir='ltr'><strong>essent,</strong></span> 
     </span>
    </p>
   </div>
   <div class='ocr_carea' id='block_1_105' title="bbox 1757 4804 3293 4891">
    <p class='ocr_par' dir='ltr' id='par_1_105' title="bbox 1757 4804 3293 4891">
     <span class='ocr_line' id='line_1_105' title="bbox 1757 4804 3293 4891; baseline -0.013 -13"><span class='ocrx_word' id='word_1_797' title='bbox 1757 4831 1809 4878; x_wconf 88' lang='lat' dir='ltr'><strong>et</strong></span> <span class='ocrx_word' id='word_1_798' title='bbox 1836 4821 2162 4889; x_wconf 81' lang='lat' dir='ltr'><strong>nisi-impios</strong></span> <span class='ocrx_word' id='word_1_799' title='bbox 2186 4826 2239 4873; x_wconf 89' lang='lat' dir='ltr'><strong>et</strong></span> <span class='ocrx_word' id='word_1_800' title='bbox 2260 4823 2550 4891; x_wconf 82' lang='lat' dir='ltr'><strong>Operantes</strong></span> <span class='ocrx_word' id='word_1_801' title='bbox 2581 4811 2918 4882; x_wconf 89' lang='lat' dir='ltr'><strong>iniquitatem</strong></span> <span class='ocrx_word' id='word_1_802' title='bbox 2939 4807 3202 4862; x_wconf 76' lang='lat' dir='ltr'><strong>exitiosus</strong></span> <span class='ocrx_word' id='word_1_803' title='bbox 3229 4804 3293 4858; x_wconf 82' lang='lat' dir='ltr'><strong>ﬂ-</strong></span> 
     </span>
    </p>
   </div>
   <div class='ocr_carea' id='block_1_106' title="bbox 1756 4890 3298 4973">
    <p class='ocr_par' dir='ltr' id='par_1_106' title="bbox 1756 4890 3298 4973">
     <span class='ocr_line' id='line_1_106' title="bbox 1756 4890 3298 4973; baseline -0.014 -5"><span class='ocrx_word' id='word_1_804' title='bbox 1756 4915 1842 4969; x_wconf 86' lang='lat' dir='ltr'><strong>nis</strong></span> <span class='ocrx_word' id='word_1_805' title='bbox 1886 4916 2156 4973; x_wconf 88' lang='lat' dir='ltr'><strong>maneret;</strong></span> <span class='ocrx_word' id='word_1_806' title='bbox 2209 4907 2403 4962; x_wconf 64' lang='lat' dir='ltr'><strong>divina</strong></span> <span class='ocrx_word' id='word_1_807' title='bbox 2440 4901 2790 4960; x_wconf 69' lang='lat' dir='ltr'><strong>Providentia:</strong></span> <span class='ocrx_word' id='word_1_808' title='bbox 2829 4898 3108 4969; x_wconf 64' lang='lat' dir='ltr'><strong>culpanda</strong></span> <span class='ocrx_word' id='word_1_809' title='bbox 3157 4890 3298 4948; x_wconf 77' lang='lat' dir='ltr'><strong>forte</strong></span> 
     </span>
    </p>
   </div>
   <div class='ocr_carea' id='block_1_107' title="bbox 1758 4983 3298 5066">
    <p class='ocr_par' dir='ltr' id='par_1_107' title="bbox 1758 4983 3298 5066">
     <span class='ocr_line' id='line_1_107' title="bbox 1758 4983 3298 5066; baseline -0.012 -10"><span class='ocrx_word' id='word_1_810' title='bbox 1758 5015 1919 5057; x_wconf 83' lang='lat' dir='ltr'><strong>causa</strong></span> <span class='ocrx_word' id='word_1_811' title='bbox 1944 4999 2206 5052; x_wconf 89' lang='lat' dir='ltr'><strong>subesset.</strong></span> <span class='ocrx_word' id='word_1_812' title='bbox 2262 4997 2330 5049; x_wconf 85' lang='lat' dir='ltr'><strong>At</strong></span> <span class='ocrx_word' id='word_1_813' title='bbox 2357 4993 2571 5066; x_wconf 87' lang='lat' dir='ltr'><strong>quando</strong></span> <span class='ocrx_word' id='word_1_814' title='bbox 2623 4992 2746 5046; x_wconf 87' lang='lat' dir='ltr'><strong>linis</strong></span> <span class='ocrx_word' id='word_1_815' title='bbox 2788 4984 3093 5059; x_wconf 77' lang='lat' dir='ltr'><strong>huiusmodi</strong></span> <span class='ocrx_word' id='word_1_816' title='bbox 3134 4983 3298 5053; x_wconf 86' lang='lat' dir='ltr'><strong>justis</strong></span> 
     </span>
    </p>
   </div>
   <div class='ocr_carea' id='block_1_108' title="bbox 1756 5082 3296 5163">
    <p class='ocr_par' dir='ltr' id='par_1_108' title="bbox 1756 5082 3296 5163">
     <span class='ocr_line' id='line_1_108' title="bbox 1756 5082 3296 5163; baseline -0.012 -19"><span class='ocrx_word' id='word_1_817' title='bbox 1756 5096 1972 5163; x_wconf 87' lang='lat' dir='ltr'><strong>paratus</strong></span> <span class='ocrx_word' id='word_1_818' title='bbox 2005 5095 2107 5149; x_wconf 90' lang='lat' dir='ltr'><strong>est,</strong></span> <span class='ocrx_word' id='word_1_819' title='bbox 2139 5088 2348 5155; x_wconf 91' lang='lat' dir='ltr'><strong>qualem</strong></span> <span class='ocrx_word' id='word_1_820' title='bbox 2380 5099 2479 5137; x_wconf 92' lang='lat' dir='ltr'><strong>nos</strong></span> <span class='ocrx_word' id='word_1_821' title='bbox 2519 5082 2776 5152; x_wconf 83' lang='lat' dir='ltr'><strong>consequi</strong></span> <span class='ocrx_word' id='word_1_822' title='bbox 2828 5083 3199 5148; x_wconf 89' lang='lat' dir='ltr'><strong>peroptamus;</strong></span> <span class='ocrx_word' id='word_1_823' title='bbox 3231 5087 3296 5125; x_wconf 90' lang='lat' dir='ltr'><strong>ac</strong></span> 
     </span>
    </p>
   </div>
   <div class='ocr_carea' id='block_1_109' title="bbox 1757 5167 3298 5249">
    <p class='ocr_par' dir='ltr' id='par_1_109' title="bbox 1757 5167 3298 5249">
     <span class='ocr_line' id='line_1_109' title="bbox 1757 5167 3298 5249; baseline -0.013 -13"><span class='ocrx_word' id='word_1_824' title='bbox 1757 5180 1931 5249; x_wconf 86' lang='lat' dir='ltr'><strong>impiis</strong></span> <span class='ocrx_word' id='word_1_825' title='bbox 1957 5179 2079 5232; x_wconf 85' lang='lat' dir='ltr'><strong>talia</strong></span> <span class='ocrx_word' id='word_1_826' title='bbox 2107 5177 2490 5232; x_wconf 88' lang='lat' dir='ltr'><strong>denuntiantur</strong></span> <span class='ocrx_word' id='word_1_827' title='bbox 2514 5174 2792 5242; x_wconf 84' lang='lat' dir='ltr'><strong>supplicia</strong></span> <span class='ocrx_word' id='word_1_828' title='bbox 2816 5213 2830 5237; x_wconf 95' lang='lat'><strong>,</strong></span> <span class='ocrx_word' id='word_1_829' title='bbox 2855 5185 2901 5224; x_wconf 89' lang='lat' dir='ltr'><strong>.a</strong></span> <span class='ocrx_word' id='word_1_830' title='bbox 2944 5167 3139 5236; x_wconf 81' lang='lat' dir='ltr'><strong>quibus</strong></span> <span class='ocrx_word' id='word_1_831' title='bbox 3196 5178 3298 5217; x_wconf 87' lang='lat' dir='ltr'><strong>nos</strong></span> 
     </span>
    </p>
   </div>
   <div class='ocr_carea' id='block_1_110' title="bbox 1756 5252 3298 5337">
    <p class='ocr_par' dir='ltr' id='par_1_110' title="bbox 1756 5252 3298 5337">
     <span class='ocr_line' id='line_1_110' title="bbox 1756 5252 3298 5337; baseline -0.012 -14"><span class='ocrx_word' id='word_1_832' title='bbox 1756 5269 1886 5337; x_wconf 91' lang='lat' dir='ltr'><strong>eripi</strong></span> <span class='ocrx_word' id='word_1_833' title='bbox 1923 5267 2238 5335; x_wconf 78' lang='lat' dir='ltr'><strong>contingat:</strong></span> <span class='ocrx_word' id='word_1_834' title='bbox 2297 5261 2464 5332; x_wconf 85' lang='lat' dir='ltr'><strong>quare</strong></span> <span class='ocrx_word' id='word_1_835' title='bbox 2515 5271 2928 5317; x_wconf 87' lang='lat' dir='ltr'><strong>consentaneum</strong></span> <span class='ocrx_word' id='word_1_836' title='bbox 2987 5270 3092 5308; x_wconf 91' lang='lat' dir='ltr'><strong>non</strong></span> <span class='ocrx_word' id='word_1_837' title='bbox 3138 5252 3298 5305; x_wconf 86' lang='lat' dir='ltr'><strong>fuerit</strong></span> 
     </span>
    </p>
   </div>
   <div class='ocr_carea' id='block_1_111' title="bbox 1757 5344 3295 5422">
    <p class='ocr_par' dir='ltr' id='par_1_111' title="bbox 1757 5344 3295 5422">
     <span class='ocr_line' id='line_1_111' title="bbox 1757 5344 3295 5422; baseline -0.014 -9"><span class='ocrx_word' id='word_1_838' title='bbox 1757 5357 2016 5422; x_wconf 81' lang='lat' dir='ltr'><strong>conﬁteri,</strong></span> <span class='ocrx_word' id='word_1_839' title='bbox 2049 5357 2307 5422; x_wconf 81' lang='lat' dir='ltr'><strong>Quoniam</strong></span> <span class='ocrx_word' id='word_1_840' title='bbox 2349 5363 2517 5406; x_wconf 82' lang='lat' dir='ltr'><strong>rectus</strong></span> <span class='ocrx_word' id='word_1_841' title='bbox 2559 5350 2812 5403; x_wconf 87' lang='lat' dir='ltr'><strong>Dominus</strong></span> <span class='ocrx_word' id='word_1_842' title='bbox 2842 5345 2980 5400; x_wconf 84' lang='lat' dir='ltr'><strong>Deus</strong></span> <span class='ocrx_word' id='word_1_843' title='bbox 3010 5344 3209 5403; x_wconf 78' lang='lat' dir='ltr'><strong>nos‘tsr,</strong></span> <span class='ocrx_word' id='word_1_844' title='bbox 3246 5347 3295 5392; x_wconf 85' lang='lat' dir='ltr'><strong>et</strong></span> 
     </span>
    </p>
   </div>
   <div class='ocr_carea' id='block_1_112' title="bbox 1765 5437 3295 5517">
    <p class='ocr_par' dir='ltr' id='par_1_112' title="bbox 1765 5437 3295 5517">
     <span class='ocr_line' id='line_1_112' title="bbox 1765 5437 3295 5517; baseline -0.012 -16"><span class='ocrx_word' id='word_1_845' title='bbox 1765 5465 1863 5501; x_wconf 89' lang='lat' dir='ltr'><strong>non</strong></span> <span class='ocrx_word' id='word_1_846' title='bbox 1889 5456 1963 5500; x_wconf 86' lang='lat' dir='ltr'><strong>est</strong></span> <span class='ocrx_word' id='word_1_847' title='bbox 1987 5437 2230 5517; x_wconf 83' lang='lat' dir='ltr'><strong>iniquitas</strong></span> <span class='ocrx_word' id='word_1_848' title='bbox 2268 5446 2320 5497; x_wconf 87' lang='lat' dir='ltr'><strong>in</strong></span> <span class='ocrx_word' id='word_1_849' title='bbox 2343 5447 2444 5498; x_wconf 87' lang='lat' dir='ltr'><strong>eo?</strong></span> <span class='ocrx_word' id='word_1_850' title='bbox 2480 5446 2546 5496; x_wconf 79' lang='lat' dir='ltr'><strong>At</strong></span> <span class='ocrx_word' id='word_1_851' title='bbox 2597 5439 2855 5506; x_wconf 86' lang='lat' dir='ltr'><strong>insipiens</strong></span> <span class='ocrx_word' id='word_1_852' title='bbox 2876 5437 3004 5512; x_wconf 54' lang='grc' dir='ltr'>,διες</span> <span class='ocrx_word' id='word_1_853' title='bbox 3047 5448 3152 5488; x_wconf 92' lang='lat' dir='ltr'><strong>non</strong></span> <span class='ocrx_word' id='word_1_854' title='bbox 3203 5445 3295 5484; x_wconf 83' lang='lat' dir='ltr'><strong>co-</strong></span> 
     </span>
    </p>
   </div>
   <div class='ocr_carea' id='block_1_113' title="bbox 108 5522 1649 5618">
    <p class='ocr_par' dir='ltr' id='par_1_113' title="bbox 108 5522 1649 5618">
     <span class='ocr_line' id='line_1_113' title="bbox 108 5522 1649 5618; baseline -0.01 -8"><span class='ocrx_word' id='word_1_855' title='bbox 108 5522 214 5610; x_wconf 65' lang='grc' dir='ltr'><strong>οὐκ</strong></span> <span class='ocrx_word' id='word_1_856' title='bbox 247 5522 532 5606; x_wconf 77' lang='grc' dir='ltr'>ἀκόλουθον</span> <span class='ocrx_word' id='word_1_857' title='bbox 558 5539 622 5604; x_wconf 66' lang='grc' dir='ltr'>ἂν</span> <span class='ocrx_word' id='word_1_858' title='bbox 647 5522 730 5618; x_wconf 72' lang='grc' dir='ltr'><strong>είη</strong></span> <span class='ocrx_word' id='word_1_859' title='bbox 773 5522 1064 5617; x_wconf 76' lang='grc' dir='ltr'>ὁμολογεῖν,</span> <span class='ocrx_word' id='word_1_860' title='bbox 1090 5522 1211 5594; x_wconf 80' lang='grc' dir='ltr'>Ὅτι</span> <span class='ocrx_word' id='word_1_861' title='bbox 1235 5522 1426 5609; x_wconf 15' lang='grc' dir='ltr'>νεὺθὴς</span> <span class='ocrx_word' id='word_1_862' title='bbox 1452 5544 1649 5610; x_wconf 78' lang='grc' dir='ltr'>Κύριος</span> 
     </span>
    </p>
   </div>
   <div class='ocr_carea' id='block_1_114' title="bbox 1747 5522 3299 5618">
    <p class='ocr_par' dir='ltr' id='par_1_114' title="bbox 1764 5522 3299 5610">
     <span class='ocr_line' id='line_1_114' title="bbox 1764 5522 3299 5610; baseline -0.014 -17"><span class='ocrx_word' id='word_1_863' title='bbox 1764 5546 2015 5610; x_wconf 80' lang='lat' dir='ltr'><strong>gnoscet,</strong></span> <span class='ocrx_word' id='word_1_864' title='bbox 2047 5550 2145 5590; x_wconf 92' lang='lat' dir='ltr'><strong>nec</strong></span> <span class='ocrx_word' id='word_1_865' title='bbox 2175 5535 2365 5590; x_wconf 86' lang='lat' dir='ltr'><strong>stultus</strong></span> <span class='ocrx_word' id='word_1_866' title='bbox 2396 5532 2671 5599; x_wconf 84' lang='lat' dir='ltr'><strong>intelliget,</strong></span> <span class='ocrx_word' id='word_1_867' title='bbox 2703 5527 2846 5596; x_wconf 92' lang='lat' dir='ltr'><strong>quod</strong></span> <span class='ocrx_word' id='word_1_868' title='bbox 2889 5543 2919 5579; x_wconf 91' lang='lat' dir='ltr'><strong>a</strong></span> <span class='ocrx_word' id='word_1_869' title='bbox 2949 5522 3168 5580; x_wconf 77' lang='lat' dir='ltr'><strong>stultitia</strong></span> <span class='ocrx_word' id='word_1_870' title='bbox 3199 5534 3299 5573; x_wconf 87' lang='lat' dir='ltr'><strong>sua</strong></span> 
     </span>
    </p>
   </div>
   <div class='ocr_carea' id='block_1_115' title="bbox 110 5610 1649 5709">
    <p class='ocr_par' dir='ltr' id='par_1_115' title="bbox 110 5610 1649 5709">
     <span class='ocr_line' id='line_1_115' title="bbox 110 5610 1649 5709; baseline -0.011 -9"><span class='ocrx_word' id='word_1_871' title='bbox 110 5650 148 5701; x_wconf 80' lang='grc' dir='ltr'><strong><em>ό</em></strong></span> <span class='ocrx_word' id='word_1_872' title='bbox 179 5643 330 5706; x_wconf 83' lang='grc' dir='ltr'>Θεὸς</span> <span class='ocrx_word' id='word_1_873' title='bbox 367 5639 554 5709; x_wconf 79' lang='grc' dir='ltr'>ήμῶν,</span> <span class='ocrx_word' id='word_1_874' title='bbox 598 5610 854 5694; x_wconf 41' lang='grc' dir='ltr'>καὶ-οὐκ</span> <span class='ocrx_word' id='word_1_875' title='bbox 898 5610 1067 5691; x_wconf 72' lang='grc' dir='ltr'>ἐστιν·</span> <span class='ocrx_word' id='word_1_876' title='bbox 1118 5633 1311 5686; x_wconf 84' lang='grc' dir='ltr'>ἀδικία</span> <span class='ocrx_word' id='word_1_877' title='bbox 1352 5631 1420 5685; x_wconf 83' lang='grc' dir='ltr'><strong>ὲν</strong></span> <span class='ocrx_word' id='word_1_878' title='bbox 1471 5631 1649 5696; x_wconf 79' lang='grc' dir='ltr'>αὐτῷ,</span> 
     </span>
    </p>
   </div>
   <div class='ocr_carea' id='block_1_116' title="bbox 1747 5610 3299 5709">
    <p class='ocr_par' dir='ltr' id='par_1_116' title="bbox 1766 5610 3299 5690">
     <span class='ocr_line' id='line_1_116' title="bbox 1766 5610 3299 5690; baseline -0.014 -4"><span class='ocrx_word' id='word_1_879' title='bbox 1766 5628 1998 5686; x_wconf 85' lang='lat' dir='ltr'><strong>tenebris</strong></span> <span class='ocrx_word' id='word_1_880' title='bbox 2056 5624 2375 5681; x_wconf 73' lang='lat' dir='ltr'><strong>oﬂ‘undatur.</strong></span> <span class='ocrx_word' id='word_1_881' title='bbox 2430 5621 2538 5690; x_wconf 87' lang='lat' dir='ltr'><strong>Ego</strong></span> <span class='ocrx_word' id='word_1_882' title='bbox 2594 5635 2718 5674; x_wconf 85' lang='lat' dir='ltr'><strong>vero</strong></span> <span class='ocrx_word' id='word_1_883' title='bbox 2762 5618 2852 5687; x_wconf 88' lang='lat' dir='ltr'><strong>qui</strong></span> <span class='ocrx_word' id='word_1_884' title='bbox 2906 5615 3086 5672; x_wconf 69' lang='lat' dir='ltr'><strong>istbaec</strong></span> <span class='ocrx_word' id='word_1_885' title='bbox 3132 5610 3299 5681; x_wconf 69' lang='lat' dir='ltr'><strong>probo</strong></span> 
     </span>
    </p>
   </div>
   <div class='ocr_carea' id='block_1_117' title="bbox 183 5787 1261 5856">
    <p class='ocr_par' dir='ltr' id='par_1_117' title="bbox 183 5787 1261 5856">
     <span class='ocr_line' id='line_1_117' title="bbox 183 5787 1261 5856; baseline -0.01 -6"><span class='ocrx_word' id='word_1_886' title='bbox 183 5799 232 5832; x_wconf 76' lang='grc'><strong>³³</strong></span> <span class='ocrx_word' id='word_1_887' title='bbox 274 5795 294 5850; x_wconf 90' lang='grc'><strong>1</strong></span> <span class='ocrx_word' id='word_1_888' title='bbox 331 5794 471 5849; x_wconf 86' lang='lat' dir='ltr'><strong>Tim.</strong></span> <span class='ocrx_word' id='word_1_889' title='bbox 510 5806 602 5856; x_wconf 83' lang='lat' dir='ltr'><strong>tu,</strong></span> <span class='ocrx_word' id='word_1_890' title='bbox 637 5792 722 5846; x_wconf 85' lang='grc'>15.</span> <span class='ocrx_word' id='word_1_891' title='bbox 797 5793 839 5823; x_wconf 78' lang='grc'><strong>’³</strong></span> <span class='ocrx_word' id='word_1_892' title='bbox 879 5789 897 5843; x_wconf 87' lang='grc'><strong>1</strong></span> <span class='ocrx_word' id='word_1_893' title='bbox 930 5791 1049 5844; x_wconf 88' lang='lat' dir='ltr'><strong>Cor.</strong></span> <span class='ocrx_word' id='word_1_894' title='bbox 1088 5803 1179 5850; x_wconf 85' lang='grc' dir='ltr'>ιιι,</span> <span class='ocrx_word' id='word_1_895' title='bbox 1210 5787 1261 5840; x_wconf 85' lang='grc'>6.</span> 
     </span>
    </p>
   </div>
  </div>
