  <div class='ocr_page' id='page_1' title='image "/cluster/home/n/w/nwhite01/storage/ocr_20150623/23/pst.000005712076/599.png"; bbox 0 0 3976 6356; ppageno 0'>
   <div class='ocr_carea' id='block_1_1' title="bbox 712 440 846 496">
    <p class='ocr_par' dir='ltr' id='par_1_1' title="bbox 712 440 846 496">
     <span class='ocr_line' id='line_1_1' title="bbox 712 440 846 496; baseline 0.015 -2"><span class='ocrx_word' id='word_1_1' title='bbox 712 440 846 496; x_wconf 76' lang='lat' dir='ltr'><strong>H83</strong></span> 
     </span>
    </p>
   </div>
   <div class='ocr_carea' id='block_1_2' title="bbox 1390 429 3143 492">
    <p class='ocr_par' dir='ltr' id='par_1_2' title="bbox 1390 429 3143 492">
     <span class='ocr_line' id='line_1_2' title="bbox 1390 429 3143 492; baseline -0.003 -2"><span class='ocrx_word' id='word_1_2' title='bbox 1390 435 1647 491; x_wconf 84' lang='lat' dir='ltr'><strong>EUSEBII</strong></span> <span class='ocrx_word' id='word_1_3' title='bbox 1686 433 2151 492; x_wconf 60' lang='lat' dir='ltr'><strong>CAZSHHENSIS</strong></span> <span class='ocrx_word' id='word_1_4' title='bbox 2186 435 2330 492; x_wconf 82' lang='lat' dir='ltr'><strong>OPP.</strong></span> <span class='ocrx_word' id='word_1_5' title='bbox 2366 433 2542 490; x_wconf 78' lang='lat' dir='ltr'><strong>PARS</strong></span> <span class='ocrx_word' id='word_1_6' title='bbox 2568 432 2655 490; x_wconf 88' lang='lat' dir='ltr'><strong>Ill.</strong></span> <span class='ocrx_word' id='word_1_7' title='bbox 2678 429 3143 487; x_wconf 74' lang='lat' dir='ltr'><strong>—EXEGETICA</strong></span> 
     </span>
    </p>
   </div>
   <div class='ocr_carea' id='block_1_3' title="bbox 3714 430 3819 487">
    <p class='ocr_par' dir='ltr' id='par_1_3' title="bbox 3714 430 3819 487">
     <span class='ocr_line' id='line_1_3' title="bbox 3714 430 3819 487; baseline 0.019 -3"><span class='ocrx_word' id='word_1_8' title='bbox 3714 430 3819 487; x_wconf 63' lang='lat'><strong>“81</strong></span> 
     </span>
    </p>
   </div>
   <div class='ocr_carea' id='block_1_4' title="bbox 709 541 2239 623">
    <p class='ocr_par' dir='ltr' id='par_1_4' title="bbox 709 544 2230 623">
     <span class='ocr_line' id='line_1_4' title="bbox 709 544 2230 623; baseline -0.003 -16"><span class='ocrx_word' id='word_1_9' title='bbox 709 565 1027 621; x_wconf 74' lang='lat' dir='ltr'><strong>cognoscam</strong></span> <span class='ocrx_word' id='word_1_10' title='bbox 1050 558 1102 605; x_wconf 90' lang='lat' dir='ltr'><strong>et</strong></span> <span class='ocrx_word' id='word_1_11' title='bbox 1127 550 1433 623; x_wconf 75' lang='lat' dir='ltr'><strong>intelligam,</strong></span> <span class='ocrx_word' id='word_1_12' title='bbox 1466 550 1591 620; x_wconf 87' lang='lat' dir='ltr'><strong>quia</strong></span> <span class='ocrx_word' id='word_1_13' title='bbox 1622 566 1651 604; x_wconf 91' lang='lat' dir='ltr'><strong>a</strong></span> <span class='ocrx_word' id='word_1_14' title='bbox 1679 549 1878 621; x_wconf 87' lang='lat' dir='ltr'><strong>Spiritu</strong></span> <span class='ocrx_word' id='word_1_15' title='bbox 1904 559 2090 606; x_wconf 87' lang='lat' dir='ltr'><strong>sancto</strong></span> <span class='ocrx_word' id='word_1_16' title='bbox 2112 544 2230 603; x_wconf 89' lang='lat' dir='ltr'><strong>illu-</strong></span> 
     </span>
    </p>
   </div>
   <div class='ocr_carea' id='block_1_5' title="bbox 2337 541 3821 623">
    <p class='ocr_par' dir='ltr' id='par_1_5' title="bbox 2339 541 3821 619">
     <span class='ocr_line' id='line_1_5' title="bbox 2339 541 3821 619; baseline -0.006 -17"><span class='ocrx_word' id='word_1_17' title='bbox 2339 548 2472 602; x_wconf 78' lang='grc' dir='ltr'>Ἀλλ’</span> <span class='ocrx_word' id='word_1_18' title='bbox 2495 550 2523 603; x_wconf 99' lang='lat'><strong>6</strong></span> <span class='ocrx_word' id='word_1_19' title='bbox 2549 548 2642 619; x_wconf 75' lang='grc' dir='ltr'>μὲν</span> <span class='ocrx_word' id='word_1_20' title='bbox 2666 548 2851 619; x_wconf 78' lang='grc' dir='ltr'>ἄφρων</span> <span class='ocrx_word' id='word_1_21' title='bbox 2877 545 3046 599; x_wconf 89' lang='grc' dir='ltr'>ταῦτα</span> <span class='ocrx_word' id='word_1_22' title='bbox 3073 544 3133 597; x_wconf 76' lang='grc' dir='ltr'>οὐ</span> <span class='ocrx_word' id='word_1_23' title='bbox 3152 541 3430 611; x_wconf 83' lang='grc' dir='ltr'>γνώσεται,</span> <span class='ocrx_word' id='word_1_24' title='bbox 3462 542 3581 595; x_wconf 68' lang='grc' dir='ltr'>οὐδὲ</span> <span class='ocrx_word' id='word_1_25' title='bbox 3604 542 3821 607; x_wconf 77' lang='grc' dir='ltr'>ἀσύνετος</span> 
     </span>
    </p>
   </div>
   <div class='ocr_carea' id='block_1_6' title="bbox 710 638 2235 710">
    <p class='ocr_par' dir='ltr' id='par_1_6' title="bbox 710 638 2235 710">
     <span class='ocr_line' id='line_1_6' title="bbox 710 638 2235 710; baseline -0.001 -15"><span class='ocrx_word' id='word_1_26' title='bbox 710 648 911 695; x_wconf 88' lang='lat' dir='ltr'><strong>stratus</strong></span> <span class='ocrx_word' id='word_1_27' title='bbox 957 650 1169 704; x_wconf 84' lang='lat' dir='ltr'><strong>sum,et</strong></span> <span class='ocrx_word' id='word_1_28' title='bbox 1199 640 1341 710; x_wconf 87' lang='lat' dir='ltr'><strong>quod</strong></span> <span class='ocrx_word' id='word_1_29' title='bbox 1389 638 1716 695; x_wconf 84' lang='lat' dir='ltr'><strong>considerem</strong></span> <span class='ocrx_word' id='word_1_30' title='bbox 1748 654 1905 708; x_wconf 90' lang='lat' dir='ltr'><strong>quam</strong></span> <span class='ocrx_word' id='word_1_31' title='bbox 1962 638 2235 709; x_wconf 65' lang='lat' dir='ltr'><strong>profunda:</strong></span> 
     </span>
    </p>
   </div>
   <div class='ocr_carea' id='block_1_7' title="bbox 713 718 2235 798">
    <p class='ocr_par' dir='ltr' id='par_1_7' title="bbox 713 718 2235 798">
     <span class='ocr_line' id='line_1_7' title="bbox 713 718 2235 798; baseline 0.001 -17"><span class='ocrx_word' id='word_1_32' title='bbox 713 718 865 783; x_wconf 69' lang='lat' dir='ltr'><strong>facta:</strong></span> <span class='ocrx_word' id='word_1_33' title='bbox 904 729 1009 781; x_wconf 91' lang='lat' dir='ltr'><strong>sint</strong></span> <span class='ocrx_word' id='word_1_34' title='bbox 1036 729 1385 798; x_wconf 75' lang='lat' dir='ltr'><strong>cogitationes</strong></span> <span class='ocrx_word' id='word_1_35' title='bbox 1431 727 1549 794; x_wconf 88' lang='lat' dir='ltr'><strong>Dei;</strong></span> <span class='ocrx_word' id='word_1_36' title='bbox 1600 729 1721 797; x_wconf 83' lang='lat' dir='ltr'><strong>jure</strong></span> <span class='ocrx_word' id='word_1_37' title='bbox 1766 729 1913 783; x_wconf 65' lang='lat' dir='ltr'><strong>lator</strong></span> <span class='ocrx_word' id='word_1_38' title='bbox 1942 736 1996 782; x_wconf 87' lang='lat' dir='ltr'><strong>et</strong></span> <span class='ocrx_word' id='word_1_39' title='bbox 2028 728 2235 782; x_wconf 77' lang='lat' dir='ltr'><strong>exsulto</strong></span> 
     </span>
    </p>
   </div>
   <div class='ocr_carea' id='block_1_8' title="bbox 712 817 2234 887">
    <p class='ocr_par' dir='ltr' id='par_1_8' title="bbox 712 817 2234 887">
     <span class='ocr_line' id='line_1_8' title="bbox 712 817 2234 887; baseline 0.001 -18"><span class='ocrx_word' id='word_1_40' title='bbox 712 818 777 870; x_wconf 90' lang='lat' dir='ltr'><strong>de</strong></span> <span class='ocrx_word' id='word_1_41' title='bbox 797 818 970 870; x_wconf 89' lang='lat' dir='ltr'><strong>divina</strong></span> <span class='ocrx_word' id='word_1_42' title='bbox 1000 817 1398 886; x_wconf 82' lang='lat' dir='ltr'><strong>dispensatione</strong></span> <span class='ocrx_word' id='word_1_43' title='bbox 1424 835 1436 869; x_wconf 89' lang='lat'>:</span> <span class='ocrx_word' id='word_1_44' title='bbox 1480 819 1757 887; x_wconf 75' lang='lat' dir='ltr'><strong>praesentia</strong></span> <span class='ocrx_word' id='word_1_45' title='bbox 1777 831 1904 870; x_wconf 88' lang='lat' dir='ltr'><strong>vero</strong></span> <span class='ocrx_word' id='word_1_46' title='bbox 1946 817 2082 869; x_wconf 88' lang='lat' dir='ltr'><strong>mala</strong></span> <span class='ocrx_word' id='word_1_47' title='bbox 2104 856 2119 879; x_wconf 91' lang='lat'><strong>,</strong></span> <span class='ocrx_word' id='word_1_48' title='bbox 2166 817 2234 871; x_wconf 88' lang='lat' dir='ltr'><strong>ob</strong></span> 
     </span>
    </p>
   </div>
   <div class='ocr_carea' id='block_1_9' title="bbox 713 906 2235 975">
    <p class='ocr_par' dir='ltr' id='par_1_9' title="bbox 713 906 2235 975">
     <span class='ocr_line' id='line_1_9' title="bbox 713 906 2235 975; baseline 0.001 -16"><span class='ocrx_word' id='word_1_49' title='bbox 713 922 856 975; x_wconf 88' lang='lat' dir='ltr'><strong>spem</strong></span> <span class='ocrx_word' id='word_1_50' title='bbox 886 906 1185 961; x_wconf 82' lang='lat' dir='ltr'><strong>futurorum</strong></span> <span class='ocrx_word' id='word_1_51' title='bbox 1218 914 1431 960; x_wconf 85' lang='lat' dir='ltr'><strong>strenue</strong></span> <span class='ocrx_word' id='word_1_52' title='bbox 1454 908 1638 961; x_wconf 85' lang='lat' dir='ltr'><strong>tolero.</strong></span> <span class='ocrx_word' id='word_1_53' title='bbox 1658 907 1771 972; x_wconf 86' lang='lat' dir='ltr'><strong>Qua</strong></span> <span class='ocrx_word' id='word_1_54' title='bbox 1801 907 1865 960; x_wconf 88' lang='lat' dir='ltr'><strong>de</strong></span> <span class='ocrx_word' id='word_1_55' title='bbox 1882 920 2043 959; x_wconf 87' lang='lat' dir='ltr'><strong>causa</strong></span> <span class='ocrx_word' id='word_1_56' title='bbox 2068 915 2235 960; x_wconf 92' lang='lat' dir='ltr'><strong>totum</strong></span> 
     </span>
    </p>
   </div>
   <div class='ocr_carea' id='block_1_10' title="bbox 712 992 2235 1053">
    <p class='ocr_par' dir='ltr' id='par_1_10' title="bbox 712 992 2235 1053">
     <span class='ocr_line' id='line_1_10' title="bbox 712 992 2235 1053; baseline 0.001 -2"><span class='ocrx_word' id='word_1_57' title='bbox 712 998 876 1051; x_wconf 86' lang='lat' dir='ltr'><strong>otium</strong></span> <span class='ocrx_word' id='word_1_58' title='bbox 910 1013 1085 1051; x_wconf 89' lang='lat' dir='ltr'><strong>meum</strong></span> <span class='ocrx_word' id='word_1_59' title='bbox 1127 1007 1179 1051; x_wconf 91' lang='lat' dir='ltr'><strong>et</strong></span> <span class='ocrx_word' id='word_1_60' title='bbox 1220 999 1570 1052; x_wconf 82' lang='lat' dir='ltr'><strong>cessationem</strong></span> <span class='ocrx_word' id='word_1_61' title='bbox 1618 992 1649 1049; x_wconf 85' lang='lat' dir='ltr'><strong>a</strong></span> <span class='ocrx_word' id='word_1_62' title='bbox 1688 999 1841 1052; x_wconf 85' lang='lat' dir='ltr'><strong>malis</strong></span> <span class='ocrx_word' id='word_1_63' title='bbox 1896 996 2003 1051; x_wconf 88' lang='lat' dir='ltr'><strong>Deo</strong></span> <span class='ocrx_word' id='word_1_64' title='bbox 2048 1013 2235 1053; x_wconf 81' lang='lat' dir='ltr'><strong>conse-</strong></span> 
     </span>
    </p>
   </div>
   <div class='ocr_carea' id='block_1_11' title="bbox 711 1084 2237 1162">
    <p class='ocr_par' dir='ltr' id='par_1_11' title="bbox 711 1084 2237 1162">
     <span class='ocr_line' id='line_1_11' title="bbox 711 1084 2237 1162; baseline 0.003 -25"><span class='ocrx_word' id='word_1_65' title='bbox 711 1100 887 1149; x_wconf 83' lang='lat' dir='ltr'><strong>crans,</strong></span> <span class='ocrx_word' id='word_1_66' title='bbox 918 1085 1247 1139; x_wconf 85' lang='lat' dir='ltr'><strong>delectabilia</strong></span> <span class='ocrx_word' id='word_1_67' title='bbox 1279 1088 1363 1140; x_wconf 89' lang='lat' dir='ltr'><strong>illa</strong></span> <span class='ocrx_word' id='word_1_68' title='bbox 1392 1095 1444 1140; x_wconf 90' lang='lat' dir='ltr'><strong>et</strong></span> <span class='ocrx_word' id='word_1_69' title='bbox 1469 1093 1651 1162; x_wconf 87' lang='lat' dir='ltr'><strong>sancta</strong></span> <span class='ocrx_word' id='word_1_70' title='bbox 1701 1084 1927 1141; x_wconf 80' lang='lat' dir='ltr'><strong>Sahbata</strong></span> <span class='ocrx_word' id='word_1_71' title='bbox 1960 1087 2237 1141; x_wconf 83' lang='lat' dir='ltr'><strong>observare</strong></span> 
     </span>
    </p>
   </div>
   <div class='ocr_carea' id='block_1_12' title="bbox 712 1174 2236 1246">
    <p class='ocr_par' dir='ltr' id='par_1_12' title="bbox 712 1174 2236 1246">
     <span class='ocr_line' id='line_1_12' title="bbox 712 1174 2236 1246; baseline 0.001 -17"><span class='ocrx_word' id='word_1_72' title='bbox 712 1181 916 1245; x_wconf 79' lang='lat' dir='ltr'><strong>sat-ago,</strong></span> <span class='ocrx_word' id='word_1_73' title='bbox 947 1174 1268 1239; x_wconf 80' lang='lat' dir='ltr'><strong>conﬁtendo,</strong></span> <span class='ocrx_word' id='word_1_74' title='bbox 1308 1178 1580 1246; x_wconf 87' lang='lat' dir='ltr'><strong>psallendo</strong></span> <span class='ocrx_word' id='word_1_75' title='bbox 1606 1186 1662 1232; x_wconf 91' lang='lat' dir='ltr'><strong>et</strong></span> <span class='ocrx_word' id='word_1_76' title='bbox 1691 1177 2054 1235; x_wconf 86' lang='lat' dir='ltr'><strong>annuntiando</strong></span> <span class='ocrx_word' id='word_1_77' title='bbox 2081 1192 2236 1232; x_wconf 90' lang='lat' dir='ltr'><strong>mane</strong></span> 
     </span>
    </p>
   </div>
   <div class='ocr_carea' id='block_1_13' title="bbox 710 1264 2233 1335">
    <p class='ocr_par' dir='ltr' id='par_1_13' title="bbox 710 1264 2233 1335">
     <span class='ocr_line' id='line_1_13' title="bbox 710 1264 2233 1335; baseline 0.004 -20"><span class='ocrx_word' id='word_1_78' title='bbox 710 1264 1128 1317; x_wconf 86' lang='lat' dir='ltr'><strong>misericordiam</strong></span> <span class='ocrx_word' id='word_1_79' title='bbox 1156 1264 1273 1327; x_wconf 87' lang='lat' dir='ltr'><strong>Dei,</strong></span> <span class='ocrx_word' id='word_1_80' title='bbox 1302 1274 1355 1319; x_wconf 90' lang='lat' dir='ltr'><strong>et</strong></span> <span class='ocrx_word' id='word_1_81' title='bbox 1383 1266 1657 1320; x_wconf 83' lang='lat' dir='ltr'><strong>veritatem</strong></span> <span class='ocrx_word' id='word_1_82' title='bbox 1701 1267 1817 1334; x_wconf 84' lang='lat' dir='ltr'><strong>ejus</strong></span> <span class='ocrx_word' id='word_1_83' title='bbox 1863 1282 1957 1335; x_wconf 88' lang='lat' dir='ltr'><strong>per</strong></span> <span class='ocrx_word' id='word_1_84' title='bbox 2004 1274 2233 1321; x_wconf 88' lang='lat' dir='ltr'><strong>noctem.</strong></span> 
     </span>
    </p>
   </div>
   <div class='ocr_carea' id='block_1_14' title="bbox 713 1352 2236 1425">
    <p class='ocr_par' dir='ltr' id='par_1_14' title="bbox 713 1352 2236 1425">
     <span class='ocr_line' id='line_1_14' title="bbox 713 1352 2236 1425; baseline 0.003 -19"><span class='ocrx_word' id='word_1_85' title='bbox 713 1352 866 1412; x_wconf 83' lang='lat' dir='ltr'><strong>Tunc</strong></span> <span class='ocrx_word' id='word_1_86' title='bbox 893 1354 1031 1407; x_wconf 90' lang='lat' dir='ltr'><strong>enim</strong></span> <span class='ocrx_word' id='word_1_87' title='bbox 1066 1355 1292 1408; x_wconf 81' lang='lat' dir='ltr'><strong>maxime</strong></span> <span class='ocrx_word' id='word_1_88' title='bbox 1317 1369 1345 1407; x_wconf 90' lang='lat' dir='ltr'><strong>a</strong></span> <span class='ocrx_word' id='word_1_89' title='bbox 1375 1357 1620 1425; x_wconf 87' lang='lat' dir='ltr'><strong>religiosa</strong></span> <span class='ocrx_word' id='word_1_90' title='bbox 1654 1358 1829 1409; x_wconf 88' lang='lat' dir='ltr'><strong>anima</strong></span> <span class='ocrx_word' id='word_1_91' title='bbox 1858 1358 2051 1413; x_wconf 88' lang='lat' dir='ltr'><strong>veritas</strong></span> <span class='ocrx_word' id='word_1_92' title='bbox 2086 1358 2236 1411; x_wconf 75' lang='lat' dir='ltr'><strong>exhi-</strong></span> 
     </span>
    </p>
   </div>
   <div class='ocr_carea' id='block_1_15' title="bbox 711 1441 2235 1517">
    <p class='ocr_par' dir='ltr' id='par_1_15' title="bbox 711 1441 2235 1517">
     <span class='ocr_line' id='line_1_15' title="bbox 711 1441 2235 1517; baseline 0.005 -24"><span class='ocrx_word' id='word_1_93' title='bbox 711 1441 882 1503; x_wconf 86' lang='lat' dir='ltr'><strong>betur,</strong></span> <span class='ocrx_word' id='word_1_94' title='bbox 908 1458 1027 1496; x_wconf 88' lang='lat' dir='ltr'><strong>cum</strong></span> <span class='ocrx_word' id='word_1_95' title='bbox 1054 1444 1107 1498; x_wconf 90' lang='lat' dir='ltr'><strong>in</strong></span> <span class='ocrx_word' id='word_1_96' title='bbox 1133 1445 1366 1497; x_wconf 86' lang='lat' dir='ltr'><strong>tenebris</strong></span> <span class='ocrx_word' id='word_1_97' title='bbox 1386 1454 1437 1499; x_wconf 89' lang='lat' dir='ltr'><strong>et</strong></span> <span class='ocrx_word' id='word_1_98' title='bbox 1462 1446 1787 1500; x_wconf 83' lang='lat' dir='ltr'><strong>obscuritate</strong></span> <span class='ocrx_word' id='word_1_99' title='bbox 1813 1447 2009 1517; x_wconf 90' lang='lat' dir='ltr'><strong>degens</strong></span> <span class='ocrx_word' id='word_1_100' title='bbox 2031 1487 2046 1509; x_wconf 87' lang='lat'><strong>,</strong></span> <span class='ocrx_word' id='word_1_101' title='bbox 2081 1447 2235 1515; x_wconf 87' lang='lat' dir='ltr'><strong>quasi</strong></span> 
     </span>
    </p>
   </div>
   <div class='ocr_carea' id='block_1_16' title="bbox 712 1531 2237 1599">
    <p class='ocr_par' dir='ltr' id='par_1_16' title="bbox 712 1531 2237 1599">
     <span class='ocr_line' id='line_1_16' title="bbox 712 1531 2237 1599; baseline 0.004 -16"><span class='ocrx_word' id='word_1_102' title='bbox 712 1531 767 1583; x_wconf 90' lang='lat' dir='ltr'><strong>in</strong></span> <span class='ocrx_word' id='word_1_103' title='bbox 796 1532 1221 1599; x_wconf 86' lang='lat' dir='ltr'><strong>splendidissima</strong></span> <span class='ocrx_word' id='word_1_104' title='bbox 1253 1535 1368 1588; x_wconf 91' lang='lat' dir='ltr'><strong>luce</strong></span> <span class='ocrx_word' id='word_1_105' title='bbox 1404 1543 1455 1589; x_wconf 90' lang='lat' dir='ltr'><strong>et</strong></span> <span class='ocrx_word' id='word_1_106' title='bbox 1484 1536 1781 1589; x_wconf 85' lang='lat' dir='ltr'><strong>clarissima</strong></span> <span class='ocrx_word' id='word_1_107' title='bbox 1822 1537 1929 1599; x_wconf 83' lang='lat' dir='ltr'><strong>die,</strong></span> <span class='ocrx_word' id='word_1_108' title='bbox 1960 1538 2237 1591; x_wconf 89' lang='lat' dir='ltr'><strong>conscien-</strong></span> 
     </span>
    </p>
   </div>
   <div class='ocr_carea' id='block_1_17' title="bbox 713 1614 2235 1697">
    <p class='ocr_par' dir='ltr' id='par_1_17' title="bbox 713 1614 2235 1697">
     <span class='ocr_line' id='line_1_17' title="bbox 713 1614 2235 1697; baseline 0.004 -23"><span class='ocrx_word' id='word_1_109' title='bbox 713 1623 798 1675; x_wconf 62' lang='lat' dir='ltr'><strong>tia:</strong></span> <span class='ocrx_word' id='word_1_110' title='bbox 825 1614 1101 1678; x_wconf 83' lang='lat' dir='ltr'><strong>sinceritas</strong></span> <span class='ocrx_word' id='word_1_111' title='bbox 1135 1626 1416 1693; x_wconf 74' lang='lat' dir='ltr'><strong>etpuritas</strong></span> <span class='ocrx_word' id='word_1_112' title='bbox 1442 1627 1761 1681; x_wconf 79' lang='lat' dir='ltr'><strong>ostenditur.</strong></span> <span class='ocrx_word' id='word_1_113' title='bbox 1800 1626 1944 1682; x_wconf 84' lang='lat' dir='ltr'><strong>Talis</strong></span> <span class='ocrx_word' id='word_1_114' title='bbox 1982 1636 2063 1682; x_wconf 88' lang='lat' dir='ltr'><strong>est</strong></span> <span class='ocrx_word' id='word_1_115' title='bbox 2092 1628 2235 1697; x_wconf 88' lang='lat' dir='ltr'><strong>psal—</strong></span> 
     </span>
    </p>
   </div>
   <div class='ocr_carea' id='block_1_18' title="bbox 711 1713 2237 1780">
    <p class='ocr_par' dir='ltr' id='par_1_18' title="bbox 711 1713 2237 1780">
     <span class='ocr_line' id='line_1_18' title="bbox 711 1713 2237 1780; baseline 0.005 -17"><span class='ocrx_word' id='word_1_116' title='bbox 711 1726 831 1766; x_wconf 89' lang='lat' dir='ltr'><strong>mus</strong></span> <span class='ocrx_word' id='word_1_117' title='bbox 849 1728 969 1766; x_wconf 89' lang='lat' dir='ltr'><strong>cum</strong></span> <span class='ocrx_word' id='word_1_118' title='bbox 997 1714 1205 1768; x_wconf 89' lang='lat' dir='ltr'><strong>cantico</strong></span> <span class='ocrx_word' id='word_1_119' title='bbox 1234 1716 1321 1769; x_wconf 85' lang='lat' dir='ltr'><strong>die</strong></span> <span class='ocrx_word' id='word_1_120' title='bbox 1350 1713 1568 1768; x_wconf 87' lang='lat' dir='ltr'><strong>Sabbati</strong></span> <span class='ocrx_word' id='word_1_121' title='bbox 1596 1716 1792 1780; x_wconf 89' lang='lat' dir='ltr'><strong>dictus,</strong></span> <span class='ocrx_word' id='word_1_122' title='bbox 1823 1717 1876 1771; x_wconf 91' lang='lat' dir='ltr'><strong>id</strong></span> <span class='ocrx_word' id='word_1_123' title='bbox 1906 1724 1988 1771; x_wconf 90' lang='lat' dir='ltr'><strong>est</strong></span> <span class='ocrx_word' id='word_1_124' title='bbox 2022 1717 2075 1769; x_wconf 91' lang='lat' dir='ltr'><strong>in</strong></span> <span class='ocrx_word' id='word_1_125' title='bbox 2103 1724 2237 1770; x_wconf 90' lang='lat' dir='ltr'><strong>tem-</strong></span> 
     </span>
    </p>
   </div>
   <div class='ocr_carea' id='block_1_19' title="bbox 713 1803 2233 1870">
    <p class='ocr_par' dir='ltr' id='par_1_19' title="bbox 713 1803 2233 1870">
     <span class='ocr_line' id='line_1_19' title="bbox 713 1803 2233 1870; baseline 0.004 -17"><span class='ocrx_word' id='word_1_126' title='bbox 713 1817 840 1870; x_wconf 88' lang='lat' dir='ltr'><strong>pore</strong></span> <span class='ocrx_word' id='word_1_127' title='bbox 871 1803 1032 1866; x_wconf 87' lang='lat' dir='ltr'><strong>illius,</strong></span> <span class='ocrx_word' id='word_1_128' title='bbox 1063 1803 1203 1870; x_wconf 90' lang='lat' dir='ltr'><strong>quod</strong></span> <span class='ocrx_word' id='word_1_129' title='bbox 1243 1805 1534 1858; x_wconf 86' lang='lat' dir='ltr'><strong>secundum</strong></span> <span class='ocrx_word' id='word_1_130' title='bbox 1567 1805 1731 1859; x_wconf 87' lang='lat' dir='ltr'><strong>Deum</strong></span> <span class='ocrx_word' id='word_1_131' title='bbox 1770 1815 1885 1868; x_wconf 90' lang='lat' dir='ltr'><strong>est,</strong></span> <span class='ocrx_word' id='word_1_132' title='bbox 1934 1806 2029 1860; x_wconf 88' lang='lat' dir='ltr'><strong>otii</strong></span> <span class='ocrx_word' id='word_1_133' title='bbox 2057 1820 2120 1859; x_wconf 89' lang='lat' dir='ltr'><strong>ac</strong></span> <span class='ocrx_word' id='word_1_134' title='bbox 2148 1820 2233 1859; x_wconf 89' lang='lat' dir='ltr'><strong>re-</strong></span> 
     </span>
    </p>
   </div>
   <div class='ocr_carea' id='block_1_20' title="bbox 2332 632 3822 711">
    <p class='ocr_par' dir='ltr' id='par_1_20' title="bbox 2332 632 3822 711">
     <span class='ocr_line' id='line_1_20' title="bbox 2332 632 3822 711; baseline -0.007 -17"><span class='ocrx_word' id='word_1_135' title='bbox 2332 642 2544 711; x_wconf 86' lang='grc' dir='ltr'>συνήσει</span> <span class='ocrx_word' id='word_1_136' title='bbox 2570 638 2758 704; x_wconf 84' lang='grc' dir='ltr'>ταῦτα,</span> <span class='ocrx_word' id='word_1_137' title='bbox 2785 637 2873 691; x_wconf 75' lang='grc' dir='ltr'><strong>διὰ</strong></span> <span class='ocrx_word' id='word_1_138' title='bbox 2901 637 2960 691; x_wconf 86' lang='grc' dir='ltr'><strong>τδ</strong></span> <span class='ocrx_word' id='word_1_139' title='bbox 3010 632 3336 699; x_wconf 76' lang='grc' dir='ltr'><strong>σκοτίζεσθαι</strong></span> <span class='ocrx_word' id='word_1_140' title='bbox 3383 634 3487 687; x_wconf 82' lang='grc' dir='ltr'><strong>ύπὺ</strong></span> <span class='ocrx_word' id='word_1_141' title='bbox 3520 633 3614 703; x_wconf 76' lang='grc' dir='ltr'><strong>τῆς</strong></span> <span class='ocrx_word' id='word_1_142' title='bbox 3653 635 3822 698; x_wconf 68' lang='lat' dir='ltr'><strong>cinia;</strong></span> 
     </span>
    </p>
   </div>
   <div class='ocr_carea' id='block_1_21' title="bbox 2332 724 3823 801">
    <p class='ocr_par' dir='ltr' id='par_1_21' title="bbox 2332 724 3823 801">
     <span class='ocr_line' id='line_1_21' title="bbox 2332 724 3823 801; baseline -0.003 -19"><span class='ocrx_word' id='word_1_143' title='bbox 2332 729 2634 801; x_wconf 82' lang='grc' dir='ltr'><strong>ἀφροσύνης</strong></span> <span class='ocrx_word' id='word_1_144' title='bbox 2653 745 2666 759; x_wconf 87' lang='grc'><strong>·</strong></span> <span class='ocrx_word' id='word_1_145' title='bbox 2694 726 2802 795; x_wconf 87' lang='grc' dir='ltr'>ἐγὼ</span> <span class='ocrx_word' id='word_1_146' title='bbox 2826 726 2880 779; x_wconf 79' lang='grc' dir='ltr'>δὲ</span> <span class='ocrx_word' id='word_1_147' title='bbox 2914 729 2941 781; x_wconf 89' lang='lat'><strong>6</strong></span> <span class='ocrx_word' id='word_1_148' title='bbox 2964 727 3123 795; x_wconf 67' lang='grc' dir='ltr'>γνοὺς</span> <span class='ocrx_word' id='word_1_149' title='bbox 3148 724 3283 779; x_wconf 79' lang='grc' dir='ltr'>αὐτὰ</span> <span class='ocrx_word' id='word_1_150' title='bbox 3312 728 3402 777; x_wconf 79' lang='grc' dir='ltr'>καὶ</span> <span class='ocrx_word' id='word_1_151' title='bbox 3441 725 3635 785; x_wconf 70' lang='grc' dir='ltr'>συνιεὶς</span> <span class='ocrx_word' id='word_1_152' title='bbox 3668 724 3747 777; x_wconf 82' lang='grc' dir='ltr'><strong>διὰ</strong></span> <span class='ocrx_word' id='word_1_153' title='bbox 3776 725 3823 778; x_wconf 79' lang='grc' dir='ltr'><strong>τδ</strong></span> 
     </span>
    </p>
   </div>
   <div class='ocr_carea' id='block_1_22' title="bbox 2333 814 3824 889">
    <p class='ocr_par' dir='ltr' id='par_1_22' title="bbox 2333 814 3824 889">
     <span class='ocr_line' id='line_1_22' title="bbox 2333 814 3824 889; baseline -0.005 -17"><span class='ocrx_word' id='word_1_154' title='bbox 2333 820 2435 874; x_wconf 72' lang='grc' dir='ltr'>ὑπὸ</span> <span class='ocrx_word' id='word_1_155' title='bbox 2457 821 2595 873; x_wconf 91' lang='grc' dir='ltr'>θείου</span> <span class='ocrx_word' id='word_1_156' title='bbox 2626 819 2930 889; x_wconf 86' lang='grc' dir='ltr'>Πνεύματος</span> <span class='ocrx_word' id='word_1_157' title='bbox 2950 816 3296 887; x_wconf 76' lang='grc' dir='ltr'>πεφιιπίσθαι,</span> <span class='ocrx_word' id='word_1_158' title='bbox 3325 817 3417 867; x_wconf 75' lang='grc' dir='ltr'><strong>καὶ</strong></span> <span class='ocrx_word' id='word_1_159' title='bbox 3441 815 3528 869; x_wconf 83' lang='grc' dir='ltr'>διὰ</span> <span class='ocrx_word' id='word_1_160' title='bbox 3551 815 3613 867; x_wconf 79' lang='grc' dir='ltr'>τὸ</span> <span class='ocrx_word' id='word_1_161' title='bbox 3635 814 3824 884; x_wconf 70' lang='grc' dir='ltr'>θεωρεῖν</span> 
     </span>
    </p>
   </div>
   <div class='ocr_carea' id='block_1_23' title="bbox 2332 905 3820 980">
    <p class='ocr_par' dir='ltr' id='par_1_23' title="bbox 2332 905 3820 980">
     <span class='ocr_line' id='line_1_23' title="bbox 2332 905 3820 980; baseline -0.003 -16"><span class='ocrx_word' id='word_1_162' title='bbox 2332 912 2474 974; x_wconf 82' lang='grc' dir='ltr'>ὅπως</span> <span class='ocrx_word' id='word_1_163' title='bbox 2520 909 2877 980; x_wconf 85' lang='grc' dir='ltr'>ἐϐαθύνθησαν</span> <span class='ocrx_word' id='word_1_164' title='bbox 2925 909 3118 979; x_wconf 77' lang='grc' dir='ltr'>σφόδρα</span> <span class='ocrx_word' id='word_1_165' title='bbox 3147 910 3195 961; x_wconf 90' lang='grc' dir='ltr'><strong>οί</strong></span> <span class='ocrx_word' id='word_1_166' title='bbox 3223 906 3551 976; x_wconf 57' lang='grc' dir='ltr'><strong>διαλογισμοὶ¹</strong></span> <span class='ocrx_word' id='word_1_167' title='bbox 3573 905 3663 958; x_wconf 89' lang='grc' dir='ltr'><strong>τοῦ</strong></span> <span class='ocrx_word' id='word_1_168' title='bbox 3685 905 3820 959; x_wconf 83' lang='grc' dir='ltr'>Θεοῦ·</span> 
     </span>
    </p>
   </div>
   <div class='ocr_carea' id='block_1_24' title="bbox 2332 994 3820 1069">
    <p class='ocr_par' dir='ltr' id='par_1_24' title="bbox 2332 994 3820 1069">
     <span class='ocr_line' id='line_1_24' title="bbox 2332 994 3820 1069; baseline -0.004 -17"><span class='ocrx_word' id='word_1_169' title='bbox 2332 1000 2545 1062; x_wconf 88' lang='grc' dir='ltr'>είκότως</span> <span class='ocrx_word' id='word_1_170' title='bbox 2570 999 2919 1069; x_wconf 82' lang='grc' dir='ltr'>εύιρραίνομαι</span> <span class='ocrx_word' id='word_1_171' title='bbox 2955 998 3045 1050; x_wconf 79' lang='grc' dir='ltr'>καὶ</span> <span class='ocrx_word' id='word_1_172' title='bbox 3068 997 3304 1065; x_wconf 88' lang='grc' dir='ltr'>ἀγαλλιῶ</span> <span class='ocrx_word' id='word_1_173' title='bbox 3344 996 3434 1049; x_wconf 74' lang='grc' dir='ltr'>ἐπὶ</span> <span class='ocrx_word' id='word_1_174' title='bbox 3474 997 3541 1065; x_wconf 78' lang='grc' dir='ltr'><strong>τῇ</strong></span> <span class='ocrx_word' id='word_1_175' title='bbox 3575 994 3687 1065; x_wconf 82' lang='grc' dir='ltr'>θείᾳ</span> <span class='ocrx_word' id='word_1_176' title='bbox 3719 995 3820 1047; x_wconf 64' lang='lat' dir='ltr'><strong>am.</strong></span> 
     </span>
    </p>
   </div>
   <div class='ocr_carea' id='block_1_25' title="bbox 2334 1076 3819 1160">
    <p class='ocr_par' dir='ltr' id='par_1_25' title="bbox 2334 1076 3819 1160">
     <span class='ocr_line' id='line_1_25' title="bbox 2334 1076 3819 1160; baseline -0.003 -18"><span class='ocrx_word' id='word_1_177' title='bbox 2334 1090 2505 1160; x_wconf 79' lang='grc' dir='ltr'>κήσει,</span> <span class='ocrx_word' id='word_1_178' title='bbox 2559 1088 2706 1159; x_wconf 80' lang='grc' dir='ltr'>φέρω</span> <span class='ocrx_word' id='word_1_179' title='bbox 2738 1104 2798 1139; x_wconf 90' lang='grc' dir='ltr'><strong>τε</strong></span> <span class='ocrx_word' id='word_1_180' title='bbox 2846 1076 2937 1139; x_wconf 67' lang='grc' dir='ltr'><strong>τά</strong></span> <span class='ocrx_word' id='word_1_181' title='bbox 2966 1086 3200 1157; x_wconf 80' lang='grc' dir='ltr'>παρόντα</span> <span class='ocrx_word' id='word_1_182' title='bbox 3225 1085 3478 1155; x_wconf 78' lang='grc' dir='ltr'><strong>γενναίως</strong></span> <span class='ocrx_word' id='word_1_183' title='bbox 3509 1084 3595 1138; x_wconf 78' lang='grc' dir='ltr'><strong>διὰ</strong></span> <span class='ocrx_word' id='word_1_184' title='bbox 3620 1084 3708 1155; x_wconf 82' lang='grc' dir='ltr'>τὴν</span> <span class='ocrx_word' id='word_1_185' title='bbox 3737 1085 3819 1137; x_wconf 80' lang='grc' dir='ltr'><strong>τῶι</strong></span> 
     </span>
    </p>
   </div>
   <div class='ocr_carea' id='block_1_26' title="bbox 2334 1169 3821 1248">
    <p class='ocr_par' dir='ltr' id='par_1_26' title="bbox 2334 1169 3821 1248">
     <span class='ocr_line' id='line_1_26' title="bbox 2334 1169 3821 1248; baseline -0.002 -18"><span class='ocrx_word' id='word_1_186' title='bbox 2334 1177 2626 1248; x_wconf 79' lang='grc' dir='ltr'><strong>μελλόντων</strong></span> <span class='ocrx_word' id='word_1_187' title='bbox 2672 1176 2876 1230; x_wconf 80' lang='grc' dir='ltr'>ἐλπίδα.</span> <span class='ocrx_word' id='word_1_188' title='bbox 2913 1169 3010 1230; x_wconf 73' lang='grc' dir='ltr'><strong>’Ὧν</strong></span> <span class='ocrx_word' id='word_1_189' title='bbox 3041 1177 3198 1229; x_wconf 74' lang='grc' dir='ltr'>ἕνεκα</span> <span class='ocrx_word' id='word_1_190' title='bbox 3244 1176 3340 1246; x_wconf 83' lang='grc' dir='ltr'>τὴν</span> <span class='ocrx_word' id='word_1_191' title='bbox 3394 1178 3569 1229; x_wconf 80' lang='grc' dir='ltr'>πᾶσαν</span> <span class='ocrx_word' id='word_1_192' title='bbox 3624 1174 3821 1245; x_wconf 80' lang='grc' dir='ltr'>ἐμαυτοῦ</span> 
     </span>
    </p>
   </div>
   <div class='ocr_carea' id='block_1_27' title="bbox 2334 1264 3821 1344">
    <p class='ocr_par' dir='ltr' id='par_1_27' title="bbox 2334 1264 3821 1344">
     <span class='ocr_line' id='line_1_27' title="bbox 2334 1264 3821 1344; baseline -0.002 -24"><span class='ocrx_word' id='word_1_193' title='bbox 2334 1267 2541 1337; x_wconf 74' lang='grc' dir='ltr'>σχολὴν,</span> <span class='ocrx_word' id='word_1_194' title='bbox 2577 1268 2667 1344; x_wconf 60' lang='grc' dir='ltr'><strong>καὶ</strong></span> <span class='ocrx_word' id='word_1_195' title='bbox 2698 1266 2794 1337; x_wconf 79' lang='grc' dir='ltr'>τὴν</span> <span class='ocrx_word' id='word_1_196' title='bbox 2820 1266 2926 1320; x_wconf 80' lang='grc' dir='ltr'>ἀπὸ</span> <span class='ocrx_word' id='word_1_197' title='bbox 2948 1264 3053 1318; x_wconf 82' lang='grc' dir='ltr'><strong>τῶν</strong></span> <span class='ocrx_word' id='word_1_198' title='bbox 3070 1266 3249 1319; x_wconf 85' lang='grc' dir='ltr'>κακῶν</span> <span class='ocrx_word' id='word_1_199' title='bbox 3270 1266 3462 1337; x_wconf 79' lang='grc' dir='ltr'>ἀργίαν</span> <span class='ocrx_word' id='word_1_200' title='bbox 3492 1265 3745 1328; x_wconf 81' lang='grc' dir='ltr'>ἀνατιθεὶς</span> <span class='ocrx_word' id='word_1_201' title='bbox 3765 1265 3821 1334; x_wconf 76' lang='grc' dir='ltr'><strong>τῷ</strong></span> 
     </span>
    </p>
   </div>
   <div class='ocr_carea' id='block_1_28' title="bbox 2316 1354 3822 1430">
    <p class='ocr_par' dir='ltr' id='par_1_28' title="bbox 2316 1354 3822 1430">
     <span class='ocr_line' id='line_1_28' title="bbox 2316 1354 3822 1430; baseline -0.002 -18"><span class='ocrx_word' id='word_1_202' title='bbox 2316 1354 2464 1430; x_wconf 79' lang='grc' dir='ltr'>Θεῷ,</span> <span class='ocrx_word' id='word_1_203' title='bbox 2493 1359 2560 1412; x_wconf 80' lang='grc' dir='ltr'>τὰ</span> <span class='ocrx_word' id='word_1_204' title='bbox 2579 1358 2817 1429; x_wconf 81' lang='grc' dir='ltr'>τρυφερὰ</span> <span class='ocrx_word' id='word_1_205' title='bbox 2856 1358 2947 1412; x_wconf 72' lang='grc' dir='ltr'>καὶ</span> <span class='ocrx_word' id='word_1_206' title='bbox 2992 1357 3118 1425; x_wconf 77' lang='grc' dir='ltr'>ἆγια</span> <span class='ocrx_word' id='word_1_207' title='bbox 3155 1356 3399 1411; x_wconf 85' lang='grc' dir='ltr'>Σάϐϐατα</span> <span class='ocrx_word' id='word_1_208' title='bbox 3434 1357 3686 1409; x_wconf 81' lang='grc' dir='ltr'>ἐπιτελεῖν</span> <span class='ocrx_word' id='word_1_209' title='bbox 3732 1373 3822 1409; x_wconf 80' lang='grc' dir='ltr'>πει·</span> 
     </span>
    </p>
   </div>
   <div class='ocr_carea' id='block_1_29' title="bbox 2336 1444 3828 1518">
    <p class='ocr_par' dir='ltr' id='par_1_29' title="bbox 2336 1444 3828 1518">
     <span class='ocr_line' id='line_1_29' title="bbox 2336 1444 3828 1518; baseline -0.003 -18"><span class='ocrx_word' id='word_1_210' title='bbox 2336 1448 2526 1518; x_wconf 84' lang='grc' dir='ltr'>ρῶμαι,</span> <span class='ocrx_word' id='word_1_211' title='bbox 2555 1447 2642 1500; x_wconf 83' lang='grc' dir='ltr'>διὰ</span> <span class='ocrx_word' id='word_1_212' title='bbox 2665 1447 2756 1500; x_wconf 86' lang='grc' dir='ltr'><strong>τοῦ</strong></span> <span class='ocrx_word' id='word_1_213' title='bbox 2788 1444 3209 1517; x_wconf 74' lang='grc' dir='ltr'><strong>ἐξομολογεῖσθαι</strong></span> <span class='ocrx_word' id='word_1_214' title='bbox 3230 1445 3322 1499; x_wconf 72' lang='grc' dir='ltr'><strong>καὶ</strong></span> <span class='ocrx_word' id='word_1_215' title='bbox 3346 1445 3557 1514; x_wconf 72' lang='grc' dir='ltr'>ψάλλειν</span> <span class='ocrx_word' id='word_1_216' title='bbox 3578 1445 3664 1497; x_wconf 80' lang='grc' dir='ltr'><strong>καὶ</strong></span> <span class='ocrx_word' id='word_1_217' title='bbox 3692 1445 3828 1512; x_wconf 81' lang='grc' dir='ltr'>ἀναγ-</span> 
     </span>
    </p>
   </div>
   <div class='ocr_carea' id='block_1_30' title="bbox 2331 1535 3829 1608">
    <p class='ocr_par' dir='ltr' id='par_1_30' title="bbox 2331 1535 3829 1608">
     <span class='ocr_line' id='line_1_30' title="bbox 2331 1535 3829 1608; baseline -0.001 -19"><span class='ocrx_word' id='word_1_218' title='bbox 2331 1537 2536 1605; x_wconf 75' lang='grc' dir='ltr'>γέλλειν</span> <span class='ocrx_word' id='word_1_219' title='bbox 2561 1537 2619 1589; x_wconf 83' lang='grc' dir='ltr'>τὸ</span> <span class='ocrx_word' id='word_1_220' title='bbox 2650 1535 2792 1608; x_wconf 70' lang='grc' dir='ltr'>πρωῒ</span> <span class='ocrx_word' id='word_1_221' title='bbox 2818 1537 2879 1590; x_wconf 76' lang='grc' dir='ltr'>τὸ</span> <span class='ocrx_word' id='word_1_222' title='bbox 2899 1537 3043 1599; x_wconf 83' lang='grc' dir='ltr'>ἕλεος</span> <span class='ocrx_word' id='word_1_223' title='bbox 3058 1535 3150 1589; x_wconf 87' lang='grc' dir='ltr'><strong>τοῦ</strong></span> <span class='ocrx_word' id='word_1_224' title='bbox 3182 1535 3336 1600; x_wconf 82' lang='grc' dir='ltr'>Θεοῦ,</span> <span class='ocrx_word' id='word_1_225' title='bbox 3372 1537 3463 1590; x_wconf 75' lang='grc' dir='ltr'>καὶ</span> <span class='ocrx_word' id='word_1_226' title='bbox 3493 1536 3588 1607; x_wconf 81' lang='grc' dir='ltr'>τὴν</span> <span class='ocrx_word' id='word_1_227' title='bbox 3606 1535 3829 1604; x_wconf 84' lang='grc' dir='ltr'>ἀλήθειαν</span> 
     </span>
    </p>
   </div>
   <div class='ocr_carea' id='block_1_31' title="bbox 2332 1624 3830 1696">
    <p class='ocr_par' dir='ltr' id='par_1_31' title="bbox 2332 1624 3830 1696">
     <span class='ocr_line' id='line_1_31' title="bbox 2332 1624 3830 1696; baseline -0.001 -17"><span class='ocrx_word' id='word_1_228' title='bbox 2332 1626 2492 1679; x_wconf 81' lang='grc' dir='ltr'>αὑτοῦ</span> <span class='ocrx_word' id='word_1_229' title='bbox 2524 1624 2661 1679; x_wconf 87' lang='grc' dir='ltr'><strong>κατά</strong></span> <span class='ocrx_word' id='word_1_230' title='bbox 2685 1628 2871 1682; x_wconf 87' lang='grc' dir='ltr'>νύκτα.</span> <span class='ocrx_word' id='word_1_231' title='bbox 2903 1627 3034 1679; x_wconf 84' lang='grc' dir='ltr'><strong>Τότε</strong></span> <span class='ocrx_word' id='word_1_232' title='bbox 3055 1626 3161 1696; x_wconf 82' lang='grc' dir='ltr'>γὰρ</span> <span class='ocrx_word' id='word_1_233' title='bbox 3192 1625 3416 1696; x_wconf 87' lang='grc' dir='ltr'>μάλιστα</span> <span class='ocrx_word' id='word_1_234' title='bbox 3450 1627 3484 1695; x_wconf 79' lang='grc' dir='ltr'><strong>ἡ</strong></span> <span class='ocrx_word' id='word_1_235' title='bbox 3519 1624 3729 1693; x_wconf 83' lang='grc' dir='ltr'>ἀλήθεια</span> <span class='ocrx_word' id='word_1_236' title='bbox 3748 1625 3830 1695; x_wconf 86' lang='grc' dir='ltr'><strong>τῆς</strong></span> 
     </span>
    </p>
   </div>
   <div class='ocr_carea' id='block_1_32' title="bbox 2334 1713 3829 1786">
    <p class='ocr_par' dir='ltr' id='par_1_32' title="bbox 2334 1713 3829 1786">
     <span class='ocr_line' id='line_1_32' title="bbox 2334 1713 3829 1786; baseline -0.001 -18"><span class='ocrx_word' id='word_1_237' title='bbox 2334 1714 2606 1779; x_wconf 89' lang='grc' dir='ltr'>θεοσεϐοῦς</span> <span class='ocrx_word' id='word_1_238' title='bbox 2629 1715 2891 1769; x_wconf 77' lang='grc' dir='ltr'>δείκνυται</span> <span class='ocrx_word' id='word_1_239' title='bbox 2919 1714 3112 1786; x_wconf 79' lang='grc' dir='ltr'>ψυχῆς,</span> <span class='ocrx_word' id='word_1_240' title='bbox 3133 1715 3330 1783; x_wconf 49' lang='grc' dir='ltr'>ὃτεῆἐν</span> <span class='ocrx_word' id='word_1_241' title='bbox 3359 1714 3543 1784; x_wconf 77' lang='grc' dir='ltr'>σκοτίᾳ</span> <span class='ocrx_word' id='word_1_242' title='bbox 3558 1714 3647 1766; x_wconf 70' lang='grc' dir='ltr'>καὶ</span> <span class='ocrx_word' id='word_1_243' title='bbox 3678 1713 3829 1767; x_wconf 73' lang='grc' dir='ltr'>σκότει</span> 
     </span>
    </p>
   </div>
   <div class='ocr_carea' id='block_1_33' title="bbox 2333 1803 3831 1875">
    <p class='ocr_par' dir='ltr' id='par_1_33' title="bbox 2333 1803 3831 1875">
     <span class='ocr_line' id='line_1_33' title="bbox 2333 1803 3831 1875; baseline -0.002 -17"><span class='ocrx_word' id='word_1_244' title='bbox 2333 1805 2681 1875; x_wconf 78' lang='grc' dir='ltr'><strong>τυγχάνουσα,</strong></span> <span class='ocrx_word' id='word_1_245' title='bbox 2713 1804 2787 1866; x_wconf 82' lang='grc' dir='ltr'>ὡς</span> <span class='ocrx_word' id='word_1_246' title='bbox 2821 1805 2878 1857; x_wconf 89' lang='grc' dir='ltr'><strong>ἐν</strong></span> <span class='ocrx_word' id='word_1_247' title='bbox 2913 1804 3269 1875; x_wconf 81' lang='grc' dir='ltr'><strong>λαμπροτάτῳ</strong></span> <span class='ocrx_word' id='word_1_248' title='bbox 3310 1803 3445 1874; x_wconf 73' lang='grc' dir='ltr'>φωτὶ</span> <span class='ocrx_word' id='word_1_249' title='bbox 3471 1804 3561 1856; x_wconf 81' lang='grc' dir='ltr'>καὶ</span> <span class='ocrx_word' id='word_1_250' title='bbox 3589 1803 3645 1856; x_wconf 82' lang='grc' dir='ltr'><strong>ἐν</strong></span> <span class='ocrx_word' id='word_1_251' title='bbox 3677 1804 3831 1874; x_wconf 72' lang='grc' dir='ltr'>ἡμέρᾳ</span> 
     </span>
    </p>
   </div>
   <div class='ocr_carea' id='block_1_34' title="bbox 712 1892 2239 1966">
    <p class='ocr_par' dir='ltr' id='par_1_34' title="bbox 712 1892 2235 1966">
     <span class='ocr_line' id='line_1_34' title="bbox 712 1892 2235 1966; baseline 0.003 -21"><span class='ocrx_word' id='word_1_252' title='bbox 712 1892 853 1961; x_wconf 89' lang='lat' dir='ltr'><strong>quiei</strong></span> <span class='ocrx_word' id='word_1_253' title='bbox 881 1912 894 1947; x_wconf 85' lang='lat'><strong>;</strong></span> <span class='ocrx_word' id='word_1_254' title='bbox 928 1908 1031 1961; x_wconf 91' lang='lat' dir='ltr'><strong>quo</strong></span> <span class='ocrx_word' id='word_1_255' title='bbox 1060 1908 1157 1948; x_wconf 89' lang='lat' dir='ltr'><strong>nos</strong></span> <span class='ocrx_word' id='word_1_256' title='bbox 1183 1895 1340 1947; x_wconf 90' lang='lat' dir='ltr'><strong>etiam</strong></span> <span class='ocrx_word' id='word_1_257' title='bbox 1368 1895 1667 1949; x_wconf 87' lang='lat' dir='ltr'><strong>divinarum</strong></span> <span class='ocrx_word' id='word_1_258' title='bbox 1693 1896 2095 1966; x_wconf 76' lang='lat' dir='ltr'><strong>disciplinarum</strong></span> <span class='ocrx_word' id='word_1_259' title='bbox 2124 1911 2235 1949; x_wconf 87' lang='lat' dir='ltr'><strong>me-</strong></span> 
     </span>
    </p>
   </div>
   <div class='ocr_carea' id='block_1_35' title="bbox 2337 1892 3831 1966">
    <p class='ocr_par' dir='ltr' id='par_1_35' title="bbox 2337 1894 3831 1966">
     <span class='ocr_line' id='line_1_35' title="bbox 2337 1894 3831 1966; baseline -0.002 -18"><span class='ocrx_word' id='word_1_260' title='bbox 2337 1895 2681 1965; x_wconf 80' lang='grc' dir='ltr'>διαυγεστάτῃ</span> <span class='ocrx_word' id='word_1_261' title='bbox 2711 1894 2771 1947; x_wconf 83' lang='grc' dir='ltr'>τὸ</span> <span class='ocrx_word' id='word_1_262' title='bbox 2799 1895 3013 1966; x_wconf 84' lang='grc' dir='ltr'>γνήσιον</span> <span class='ocrx_word' id='word_1_263' title='bbox 3051 1896 3144 1949; x_wconf 76' lang='grc' dir='ltr'>καὶ</span> <span class='ocrx_word' id='word_1_264' title='bbox 3174 1894 3455 1965; x_wconf 81' lang='grc' dir='ltr'>εἱλικρινὲς</span> <span class='ocrx_word' id='word_1_265' title='bbox 3492 1894 3587 1963; x_wconf 86' lang='grc' dir='ltr'><strong>τῆς</strong></span> <span class='ocrx_word' id='word_1_266' title='bbox 3620 1894 3831 1964; x_wconf 73' lang='grc' dir='ltr'>συνειδή-</span> 
     </span>
    </p>
   </div>
   <div class='ocr_carea' id='block_1_36' title="bbox 712 1980 2235 2051">
    <p class='ocr_par' dir='ltr' id='par_1_36' title="bbox 712 1980 2235 2051">
     <span class='ocr_line' id='line_1_36' title="bbox 712 1980 2235 2051; baseline 0.003 -18"><span class='ocrx_word' id='word_1_267' title='bbox 712 1980 958 2034; x_wconf 89' lang='lat' dir='ltr'><strong>ditationi</strong></span> <span class='ocrx_word' id='word_1_268' title='bbox 980 1988 1258 2045; x_wconf 84' lang='lat' dir='ltr'><strong>vacantes,</strong></span> <span class='ocrx_word' id='word_1_269' title='bbox 1298 1983 1587 2051; x_wconf 78' lang='lat' dir='ltr'><strong>gratiarum</strong></span> <span class='ocrx_word' id='word_1_270' title='bbox 1622 1985 1845 2038; x_wconf 88' lang='lat' dir='ltr'><strong>actionis</strong></span> <span class='ocrx_word' id='word_1_271' title='bbox 1873 1984 2033 2039; x_wconf 82' lang='lat' dir='ltr'><strong>verba</strong></span> <span class='ocrx_word' id='word_1_272' title='bbox 2060 1984 2159 2039; x_wconf 90' lang='lat' dir='ltr'><strong>hoc</strong></span> <span class='ocrx_word' id='word_1_273' title='bbox 2182 1985 2235 2038; x_wconf 94' lang='lat' dir='ltr'><strong>in</strong></span> 
     </span>
    </p>
   </div>
   <div class='ocr_carea' id='block_1_37' title="bbox 713 2068 1892 2141">
    <p class='ocr_par' dir='ltr' id='par_1_37' title="bbox 713 2068 1892 2141">
     <span class='ocr_line' id='line_1_37' title="bbox 713 2068 1892 2141; baseline 0.003 -19"><span class='ocrx_word' id='word_1_274' title='bbox 713 2068 926 2122; x_wconf 89' lang='lat' dir='ltr'><strong>cantico</strong></span> <span class='ocrx_word' id='word_1_275' title='bbox 954 2072 1226 2123; x_wconf 88' lang='lat' dir='ltr'><strong>enuntiata</strong></span> <span class='ocrx_word' id='word_1_276' title='bbox 1255 2069 1362 2125; x_wconf 92' lang='lat' dir='ltr'><strong>Deo</strong></span> <span class='ocrx_word' id='word_1_277' title='bbox 1388 2073 1629 2127; x_wconf 87' lang='lat' dir='ltr'><strong>emittere</strong></span> <span class='ocrx_word' id='word_1_278' title='bbox 1659 2088 1754 2141; x_wconf 89' lang='lat' dir='ltr'><strong>par</strong></span> <span class='ocrx_word' id='word_1_279' title='bbox 1788 2079 1892 2127; x_wconf 89' lang='lat' dir='ltr'><strong>est.</strong></span> 
     </span>
    </p>
   </div>
   <div class='ocr_carea' id='block_1_38' title="bbox 2340 1983 3831 2061">
    <p class='ocr_par' dir='ltr' id='par_1_38' title="bbox 2340 1983 3831 2061">
     <span class='ocr_line' id='line_1_38' title="bbox 2340 1983 3831 2061; baseline -0.001 -24"><span class='ocrx_word' id='word_1_280' title='bbox 2340 2002 2471 2049; x_wconf 85' lang='grc' dir='ltr'>σεως</span> <span class='ocrx_word' id='word_1_281' title='bbox 2491 1986 2862 2061; x_wconf 81' lang='grc' dir='ltr'>ἐπιδείκνυται.</span> <span class='ocrx_word' id='word_1_282' title='bbox 2892 1984 3135 2049; x_wconf 89' lang='grc' dir='ltr'>Τοιοῦτος</span> <span class='ocrx_word' id='word_1_283' title='bbox 3169 1988 3263 2040; x_wconf 71' lang='grc' dir='ltr'>καὶ</span> <span class='ocrx_word' id='word_1_284' title='bbox 3288 1987 3317 2039; x_wconf 88' lang='lat'><strong>6</strong></span> <span class='ocrx_word' id='word_1_285' title='bbox 3343 1985 3456 2052; x_wconf 84' lang='grc' dir='ltr'>μετ’</span> <span class='ocrx_word' id='word_1_286' title='bbox 3480 1983 3616 2054; x_wconf 78' lang='grc' dir='ltr'>ᾠδῆς</span> <span class='ocrx_word' id='word_1_287' title='bbox 3643 1983 3831 2055; x_wconf 75' lang='grc' dir='ltr'>εἰρημέ-</span> 
     </span>
    </p>
   </div>
   <div class='ocr_carea' id='block_1_39' title="bbox 2337 2074 3833 2147">
    <p class='ocr_par' dir='ltr' id='par_1_39' title="bbox 2337 2074 3833 2147">
     <span class='ocr_line' id='line_1_39' title="bbox 2337 2074 3833 2147; baseline -0.003 -19"><span class='ocrx_word' id='word_1_288' title='bbox 2337 2093 2425 2137; x_wconf 88' lang='grc' dir='ltr'>νος</span> <span class='ocrx_word' id='word_1_289' title='bbox 2459 2074 2666 2146; x_wconf 80' lang='grc' dir='ltr'>ψαλμὸς</span> <span class='ocrx_word' id='word_1_290' title='bbox 2711 2077 2789 2140; x_wconf 86' lang='grc' dir='ltr'><strong>είς</strong></span> <span class='ocrx_word' id='word_1_291' title='bbox 2814 2075 2909 2147; x_wconf 77' lang='grc' dir='ltr'>τὴν</span> <span class='ocrx_word' id='word_1_292' title='bbox 2934 2076 3139 2147; x_wconf 75' lang='grc' dir='ltr'>ἡμέραν</span> <span class='ocrx_word' id='word_1_293' title='bbox 3181 2074 3272 2129; x_wconf 87' lang='grc' dir='ltr'><strong>τοῦ</strong></span> <span class='ocrx_word' id='word_1_294' title='bbox 3297 2075 3591 2140; x_wconf 85' lang='grc' dir='ltr'>Σαϐϐάτου,</span> <span class='ocrx_word' id='word_1_295' title='bbox 3620 2074 3833 2127; x_wconf 77' lang='grc' dir='ltr'>τουτέστι</span> 
     </span>
    </p>
   </div>
   <div class='ocr_carea' id='block_1_40' title="bbox 712 2157 3831 2240">
    <p class='ocr_par' dir='ltr' id='par_1_40' title="bbox 712 2157 3831 2240">
     <span class='ocr_line' id='line_1_40' title="bbox 712 2157 3831 2240; baseline 0.004 -31"><span class='ocrx_word' id='word_1_296' title='bbox 712 2157 800 2209; x_wconf 80' lang='grc' dir='ltr'>τὸν</span> <span class='ocrx_word' id='word_1_297' title='bbox 825 2158 918 2226; x_wconf 86' lang='grc' dir='ltr'><strong>τῆς</strong></span> <span class='ocrx_word' id='word_1_298' title='bbox 941 2161 1077 2213; x_wconf 83' lang='grc' dir='ltr'><strong>κατά</strong></span> <span class='ocrx_word' id='word_1_299' title='bbox 1100 2161 1226 2215; x_wconf 79' lang='grc' dir='ltr'>Θεὸν</span> <span class='ocrx_word' id='word_1_300' title='bbox 1247 2163 1436 2232; x_wconf 84' lang='grc' dir='ltr'>σχολῆς</span> <span class='ocrx_word' id='word_1_301' title='bbox 1466 2181 1525 2216; x_wconf 91' lang='grc' dir='ltr'><strong>τε</strong></span> <span class='ocrx_word' id='word_1_302' title='bbox 1547 2167 1639 2217; x_wconf 75' lang='grc' dir='ltr'>καὶ</span> <span class='ocrx_word' id='word_1_303' title='bbox 1656 2164 2004 2228; x_wconf 87' lang='grc' dir='ltr'>ἀναπαύσεως</span> <span class='ocrx_word' id='word_1_304' title='bbox 2026 2166 2228 2237; x_wconf 80' lang='grc' dir='ltr'>καιρὸν,</span> <span class='ocrx_word' id='word_1_305' title='bbox 2258 2166 2314 2219; x_wconf 87' lang='grc' dir='ltr'><strong>ἐν</strong></span> <span class='ocrx_word' id='word_1_306' title='bbox 2336 2161 2380 2235; x_wconf 84' lang='grc' dir='ltr'>ᾧ</span> <span class='ocrx_word' id='word_1_307' title='bbox 2406 2169 2497 2221; x_wconf 76' lang='grc' dir='ltr'>καὶ</span> <span class='ocrx_word' id='word_1_308' title='bbox 2519 2169 2665 2239; x_wconf 75' lang='grc' dir='ltr'>ἡμᾶς</span> <span class='ocrx_word' id='word_1_309' title='bbox 2713 2171 2778 2240; x_wconf 75' lang='grc' dir='ltr'>τῇ</span> <span class='ocrx_word' id='word_1_310' title='bbox 2820 2168 3009 2240; x_wconf 77' lang='grc' dir='ltr'>μελέτη</span> <span class='ocrx_word' id='word_1_311' title='bbox 3050 2168 3153 2222; x_wconf 85' lang='grc' dir='ltr'><strong>τῶν</strong></span> <span class='ocrx_word' id='word_1_312' title='bbox 3174 2169 3329 2224; x_wconf 83' lang='grc' dir='ltr'>θείων</span> <span class='ocrx_word' id='word_1_313' title='bbox 3376 2168 3695 2240; x_wconf 79' lang='grc' dir='ltr'>μαθημάτων</span> <span class='ocrx_word' id='word_1_314' title='bbox 3728 2182 3831 2235; x_wconf 77' lang='grc' dir='ltr'>σχο-</span> 
     </span>
    </p>
   </div>
   <div class='ocr_carea' id='block_1_41' title="bbox 712 2246 3467 2336">
    <p class='ocr_par' dir='ltr' id='par_1_41' title="bbox 712 2246 3467 2336">
     <span class='ocr_line' id='line_1_41' title="bbox 712 2246 3467 2336; baseline 0.005 -34"><span class='ocrx_word' id='word_1_315' title='bbox 712 2246 983 2312; x_wconf 66' lang='grc' dir='ltr'>λάζοντας,</span> <span class='ocrx_word' id='word_1_316' title='bbox 1029 2252 1151 2314; x_wconf 80' lang='grc' dir='ltr'>τοὺς</span> <span class='ocrx_word' id='word_1_317' title='bbox 1194 2252 1647 2331; x_wconf 68' lang='grc' dir='ltr'><strong>εὐχαριστηρίουςἶ</strong></span> <span class='ocrx_word' id='word_1_318' title='bbox 1678 2256 1863 2324; x_wconf 87' lang='grc' dir='ltr'>λόγους</span> <span class='ocrx_word' id='word_1_319' title='bbox 1903 2259 2000 2329; x_wconf 87' lang='grc' dir='ltr'><strong>τῆς</strong></span> <span class='ocrx_word' id='word_1_320' title='bbox 2039 2262 2393 2334; x_wconf 78' lang='grc' dir='ltr'>προκειμένης</span> <span class='ocrx_word' id='word_1_321' title='bbox 2412 2262 2550 2333; x_wconf 82' lang='grc' dir='ltr'>ᾠδῆς</span> <span class='ocrx_word' id='word_1_322' title='bbox 2579 2263 2912 2334; x_wconf 78' lang='grc' dir='ltr'>ἀναπέμπειν</span> <span class='ocrx_word' id='word_1_323' title='bbox 2938 2254 3197 2336; x_wconf 82' lang='grc' dir='ltr'>προσήκει</span> <span class='ocrx_word' id='word_1_324' title='bbox 3226 2263 3303 2333; x_wconf 81' lang='grc' dir='ltr'>τῷ</span> <span class='ocrx_word' id='word_1_325' title='bbox 3329 2263 3467 2333; x_wconf 79' lang='grc' dir='ltr'>Θεῷ.</span> 
     </span>
    </p>
   </div>
   <div class='ocr_carea' id='block_1_42' title="bbox 882 2352 2122 2447">
    <p class='ocr_par' dir='ltr' id='par_1_42' title="bbox 882 2352 2122 2447">
     <span class='ocr_line' id='line_1_42' title="bbox 882 2352 2122 2447; baseline 0.013 -32"><span class='ocrx_word' id='word_1_326' title='bbox 882 2362 1061 2417; x_wconf 88' lang='lat' dir='ltr'><strong>LAUS</strong></span> <span class='ocrx_word' id='word_1_327' title='bbox 1100 2364 1366 2421; x_wconf 81' lang='lat' dir='ltr'><strong>CANTICI</strong></span> <span class='ocrx_word' id='word_1_328' title='bbox 1407 2352 1768 2423; x_wconf 68' lang='lat' dir='ltr'><strong>ipswavm</strong></span> <span class='ocrx_word' id='word_1_329' title='bbox 1799 2370 1897 2447; x_wconf 70' lang='grc' dir='ltr'>(ι).</span> <span class='ocrx_word' id='word_1_330' title='bbox 1970 2374 2122 2431; x_wconf 84' lang='lat' dir='ltr'><strong>xcu.</strong></span> 
     </span>
    </p>
   </div>
   <div class='ocr_carea' id='block_1_43' title="bbox 781 2453 2235 2529">
    <p class='ocr_par' dir='ltr' id='par_1_43' title="bbox 781 2453 2235 2529">
     <span class='ocr_line' id='line_1_43' title="bbox 781 2453 2235 2529; baseline 0.01 -22"><span class='ocrx_word' id='word_1_331' title='bbox 781 2453 947 2509; x_wconf 72' lang='lat' dir='ltr'><strong>Vens.</strong></span> <span class='ocrx_word' id='word_1_332' title='bbox 986 2456 1037 2507; x_wconf 81' lang='grc'>1.</span> <span class='ocrx_word' id='word_1_333' title='bbox 1072 2455 1324 2510; x_wconf 74' lang='lat' dir='ltr'><strong>Dominus</strong></span> <span class='ocrx_word' id='word_1_334' title='bbox 1363 2460 1625 2529; x_wconf 80' lang='lat' dir='ltr'><strong>regnavit,</strong></span> <span class='ocrx_word' id='word_1_335' title='bbox 1648 2461 1878 2516; x_wconf 82' lang='lat' dir='ltr'><strong>decorem</strong></span> <span class='ocrx_word' id='word_1_336' title='bbox 1907 2464 2114 2519; x_wconf 73' lang='lat' dir='ltr'><strong>indutus</strong></span> <span class='ocrx_word' id='word_1_337' title='bbox 2139 2477 2235 2521; x_wconf 73' lang='lat' dir='ltr'><strong>est.</strong></span> 
     </span>
    </p>
   </div>
   <div class='ocr_carea' id='block_1_44' title="bbox 2374 2375 3546 2445">
    <p class='ocr_par' dir='ltr' id='par_1_44' title="bbox 2374 2375 3546 2445">
     <span class='ocr_line' id='line_1_44' title="bbox 2374 2375 3546 2445; baseline -0.001 -15"><span class='ocrx_word' id='word_1_338' title='bbox 2374 2440 2377 2445; x_wconf 23' lang='lat' dir='ltr'><strong>I</strong></span> <span class='ocrx_word' id='word_1_339' title='bbox 2652 2378 2847 2431; x_wconf 77' lang='grc' dir='ltr'><strong>ΣιΝΟΣ</strong></span> <span class='ocrx_word' id='word_1_340' title='bbox 2872 2377 3040 2431; x_wconf 67' lang='lat' dir='ltr'><strong>nam</strong></span> <span class='ocrx_word' id='word_1_341' title='bbox 3066 2375 3151 2430; x_wconf 83' lang='grc' dir='ltr'><strong>το</strong></span> <span class='ocrx_word' id='word_1_342' title='bbox 3182 2376 3400 2430; x_wconf 65' lang='lat' dir='ltr'><strong>una.</strong></span> <span class='ocrx_word' id='word_1_343' title='bbox 3435 2375 3546 2442; x_wconf 64' lang='grc' dir='ltr'>ιον.</span> 
     </span>
    </p>
   </div>
   <div class='ocr_carea' id='block_1_45' title="bbox 2413 2466 3833 2535">
    <p class='ocr_par' dir='ltr' id='par_1_45' title="bbox 2413 2466 3833 2535">
     <span class='ocr_line' id='line_1_45' title="bbox 2413 2466 3833 2535; baseline -0.002 -12"><span class='ocrx_word' id='word_1_344' title='bbox 2413 2471 2475 2523; x_wconf 88' lang='lat'><strong>&#39;0</strong></span> <span class='ocrx_word' id='word_1_345' title='bbox 2531 2468 2742 2535; x_wconf 81' lang='grc' dir='ltr'>Κύριος</span> <span class='ocrx_word' id='word_1_346' title='bbox 2787 2468 3177 2522; x_wconf 71' lang='grc' dir='ltr'>ἐϐασίλευσεν</span> <span class='ocrx_word' id='word_1_347' title='bbox 3193 2504 3209 2530; x_wconf 93' lang='grc'><strong>,</strong></span> <span class='ocrx_word' id='word_1_348' title='bbox 3267 2466 3617 2532; x_wconf 74' lang='grc' dir='ltr'>εὐπρέπειαν</span> <span class='ocrx_word' id='word_1_349' title='bbox 3656 2466 3833 2520; x_wconf 70' lang='grc' dir='ltr'>ἐνεδύ-</span> 
     </span>
    </p>
   </div>
   <div class='ocr_carea' id='block_1_46' title="bbox 712 2542 2239 2621">
    <p class='ocr_par' dir='ltr' id='par_1_46' title="bbox 712 2542 2239 2621">
     <span class='ocr_line' id='line_1_46' title="bbox 712 2542 2239 2621; baseline 0.012 -27"><span class='ocrx_word' id='word_1_350' title='bbox 712 2542 873 2609; x_wconf 80' lang='lat' dir='ltr'><strong>Quia,</strong></span> <span class='ocrx_word' id='word_1_351' title='bbox 929 2545 1225 2619; x_wconf 82' lang='lat' dir='ltr'><strong>secundum</strong></span> <span class='ocrx_word' id='word_1_352' title='bbox 1272 2547 1627 2617; x_wconf 79' lang='lat' dir='ltr'><strong>Apostolum,</strong></span> <span class='ocrx_word' id='word_1_353' title='bbox 1680 2554 1920 2621; x_wconf 77' lang='lat' dir='ltr'><strong>regnavit</strong></span> <span class='ocrx_word' id='word_1_354' title='bbox 1977 2570 2122 2613; x_wconf 88' lang='lat' dir='ltr'><strong>mors</strong></span> <span class='ocrx_word' id='word_1_355' title='bbox 2171 2559 2239 2612; x_wconf 90' lang='lat' dir='ltr'><strong>ab</strong></span> 
     </span>
    </p>
   </div>
   <div class='ocr_carea' id='block_1_47' title="bbox 2337 2542 3834 2621">
    <p class='ocr_par' dir='ltr' id='par_1_47' title="bbox 2337 2548 3834 2616">
     <span class='ocr_line' id='line_1_47' title="bbox 2337 2548 3834 2616; baseline -0.001 -4"><span class='ocrx_word' id='word_1_356' title='bbox 2337 2575 2501 2613; x_wconf 86' lang='grc' dir='ltr'>σατο.</span> <span class='ocrx_word' id='word_1_357' title='bbox 2545 2559 2694 2612; x_wconf 72' lang='grc' dir='ltr'>Ἐπεὶ</span> <span class='ocrx_word' id='word_1_358' title='bbox 2720 2557 2859 2612; x_wconf 83' lang='grc' dir='ltr'>κατὰ</span> <span class='ocrx_word' id='word_1_359' title='bbox 2882 2558 2973 2612; x_wconf 75' lang='grc' dir='ltr'>τὸν</span> <span class='ocrx_word' id='word_1_360' title='bbox 3016 2556 3327 2610; x_wconf 85' lang='grc' dir='ltr'>Ἀπόστολον</span> <span class='ocrx_word' id='word_1_361' title='bbox 3354 2555 3687 2616; x_wconf 79' lang='grc' dir='ltr'>ἐϐασίλευσεν</span> <span class='ocrx_word' id='word_1_362' title='bbox 3707 2548 3732 2609; x_wconf 87' lang='lat'><strong>6</strong></span> <span class='ocrx_word' id='word_1_363' title='bbox 3756 2556 3834 2611; x_wconf 83' lang='grc' dir='ltr'>θά-</span> 
     </span>
    </p>
   </div>
   <div class='ocr_carea' id='block_1_48' title="bbox 714 2633 2239 2721">
    <p class='ocr_par' dir='ltr' id='par_1_48' title="bbox 714 2633 2239 2716">
     <span class='ocr_line' id='line_1_48' title="bbox 714 2633 2239 2716; baseline 0.01 -31"><span class='ocrx_word' id='word_1_364' title='bbox 714 2633 879 2687; x_wconf 82' lang='lat' dir='ltr'><strong>Adam</strong></span> <span class='ocrx_word' id='word_1_365' title='bbox 908 2650 1076 2705; x_wconf 83' lang='lat' dir='ltr'><strong>usque</strong></span> <span class='ocrx_word' id='word_1_366' title='bbox 1096 2638 1162 2690; x_wconf 88' lang='lat' dir='ltr'><strong>ad</strong></span> <span class='ocrx_word' id='word_1_367' title='bbox 1191 2636 1425 2716; x_wconf 84' lang='lat' dir='ltr'><strong>Moysem</strong></span> <span class='ocrx_word' id='word_1_368' title='bbox 1448 2639 1515 2703; x_wconf 81' lang='grc'><strong>’⁸,</strong></span> <span class='ocrx_word' id='word_1_369' title='bbox 1546 2640 1599 2694; x_wconf 92' lang='lat' dir='ltr'><strong>id</strong></span> <span class='ocrx_word' id='word_1_370' title='bbox 1617 2650 1699 2697; x_wconf 89' lang='lat' dir='ltr'><strong>est</strong></span> <span class='ocrx_word' id='word_1_371' title='bbox 1723 2658 1753 2695; x_wconf 89' lang='lat' dir='ltr'><strong>a</strong></span> <span class='ocrx_word' id='word_1_372' title='bbox 1781 2645 1950 2712; x_wconf 91' lang='lat' dir='ltr'><strong>prima</strong></span> <span class='ocrx_word' id='word_1_373' title='bbox 1964 2645 2239 2700; x_wconf 89' lang='lat' dir='ltr'><strong>hominum</strong></span> 
     </span>
    </p>
   </div>
   <div class='ocr_carea' id='block_1_49' title="bbox 2337 2633 3836 2721">
    <p class='ocr_par' dir='ltr' id='par_1_49' title="bbox 2338 2646 3836 2721">
     <span class='ocr_line' id='line_1_49' title="bbox 2338 2646 3836 2721; baseline -0.003 -18"><span class='ocrx_word' id='word_1_374' title='bbox 2338 2653 2489 2711; x_wconf 76' lang='grc' dir='ltr'>νατος</span> <span class='ocrx_word' id='word_1_375' title='bbox 2510 2649 2615 2702; x_wconf 83' lang='grc' dir='ltr'><strong>ἀπὺ</strong></span> <span class='ocrx_word' id='word_1_376' title='bbox 2653 2650 2817 2720; x_wconf 73' lang='grc' dir='ltr'>’Δδάμ</span> <span class='ocrx_word' id='word_1_377' title='bbox 2847 2649 3000 2721; x_wconf 69' lang='grc' dir='ltr'>μέχρι</span> <span class='ocrx_word' id='word_1_378' title='bbox 3018 2648 3308 2713; x_wconf 76' lang='grc' dir='ltr'>Μωῦσίως,</span> <span class='ocrx_word' id='word_1_379' title='bbox 3336 2647 3605 2703; x_wconf 79' lang='grc' dir='ltr'>τουτέστιν</span> <span class='ocrx_word' id='word_1_380' title='bbox 3633 2646 3730 2700; x_wconf 77' lang='grc' dir='ltr'>ἀπὸ</span> <span class='ocrx_word' id='word_1_381' title='bbox 3749 2646 3836 2715; x_wconf 81' lang='grc' dir='ltr'><strong>τῆς</strong></span> 
     </span>
    </p>
   </div>
   <div class='ocr_carea' id='block_1_50' title="bbox 715 2727 2239 2807">
    <p class='ocr_par' dir='ltr' id='par_1_50' title="bbox 715 2727 2238 2806">
     <span class='ocr_line' id='line_1_50' title="bbox 715 2727 2238 2806; baseline 0.01 -29"><span class='ocrx_word' id='word_1_382' title='bbox 715 2727 985 2782; x_wconf 84' lang='lat' dir='ltr'><strong>creatione</strong></span> <span class='ocrx_word' id='word_1_383' title='bbox 1033 2742 1202 2796; x_wconf 86' lang='lat' dir='ltr'><strong>usque</strong></span> <span class='ocrx_word' id='word_1_384' title='bbox 1233 2730 1299 2783; x_wconf 90' lang='lat' dir='ltr'><strong>ad</strong></span> <span class='ocrx_word' id='word_1_385' title='bbox 1328 2745 1641 2799; x_wconf 89' lang='lat' dir='ltr'><strong>corporeum</strong></span> <span class='ocrx_word' id='word_1_386' title='bbox 1676 2734 1966 2789; x_wconf 88' lang='lat' dir='ltr'><strong>secundum</strong></span> <span class='ocrx_word' id='word_1_387' title='bbox 2008 2735 2238 2806; x_wconf 79' lang='lat' dir='ltr'><strong>Moysem</strong></span> 
     </span>
    </p>
   </div>
   <div class='ocr_carea' id='block_1_51' title="bbox 2337 2727 3835 2807">
    <p class='ocr_par' dir='ltr' id='par_1_51' title="bbox 2341 2735 3835 2807">
     <span class='ocr_line' id='line_1_51' title="bbox 2341 2735 3835 2807; baseline 0.001 -19"><span class='ocrx_word' id='word_1_388' title='bbox 2341 2735 2555 2806; x_wconf 86' lang='grc' dir='ltr'>πρώτης</span> <span class='ocrx_word' id='word_1_389' title='bbox 2579 2737 2868 2807; x_wconf 83' lang='grc' dir='ltr'>ἀνθρώπων</span> <span class='ocrx_word' id='word_1_390' title='bbox 2889 2738 3146 2805; x_wconf 82' lang='grc' dir='ltr'>γενέσεως</span> <span class='ocrx_word' id='word_1_391' title='bbox 3174 2736 3328 2807; x_wconf 74' lang='grc' dir='ltr'>μέχρι</span> <span class='ocrx_word' id='word_1_392' title='bbox 3347 2737 3446 2806; x_wconf 82' lang='grc' dir='ltr'><strong>τῆς</strong></span> <span class='ocrx_word' id='word_1_393' title='bbox 3469 2736 3606 2789; x_wconf 86' lang='grc' dir='ltr'><strong>κατά</strong></span> <span class='ocrx_word' id='word_1_394' title='bbox 3629 2735 3835 2789; x_wconf 61' lang='lat' dir='ltr'><strong>nimbata</strong></span> 
     </span>
    </p>
   </div>
   <div class='ocr_carea' id='block_1_52' title="bbox 716 2817 2239 2896">
    <p class='ocr_par' dir='ltr' id='par_1_52' title="bbox 716 2817 2239 2895">
     <span class='ocr_line' id='line_1_52' title="bbox 716 2817 2239 2895; baseline 0.009 -26"><span class='ocrx_word' id='word_1_395' title='bbox 716 2817 947 2880; x_wconf 86' lang='lat' dir='ltr'><strong>cultum,</strong></span> <span class='ocrx_word' id='word_1_396' title='bbox 973 2817 1143 2885; x_wconf 89' lang='lat' dir='ltr'><strong>quiin</strong></span> <span class='ocrx_word' id='word_1_397' title='bbox 1183 2826 1394 2875; x_wconf 88' lang='lat' dir='ltr'><strong>terrena</strong></span> <span class='ocrx_word' id='word_1_398' title='bbox 1425 2821 1717 2878; x_wconf 81' lang='lat' dir='ltr'><strong>Jerusalem</strong></span> <span class='ocrx_word' id='word_1_399' title='bbox 1750 2825 2043 2893; x_wconf 86' lang='lat' dir='ltr'><strong>antiquitus</strong></span> <span class='ocrx_word' id='word_1_400' title='bbox 2074 2842 2239 2895; x_wconf 89' lang='lat' dir='ltr'><strong>usque</strong></span> 
     </span>
    </p>
   </div>
   <div class='ocr_carea' id='block_1_53' title="bbox 2337 2817 3834 2896">
    <p class='ocr_par' dir='ltr' id='par_1_53' title="bbox 2345 2823 3834 2896">
     <span class='ocr_line' id='line_1_53' title="bbox 2345 2823 3834 2896; baseline -0.003 -17"><span class='ocrx_word' id='word_1_401' title='bbox 2345 2828 2652 2896; x_wconf 77' lang='grc' dir='ltr'>σωματικῆς</span> <span class='ocrx_word' id='word_1_402' title='bbox 2684 2826 2950 2896; x_wconf 87' lang='grc' dir='ltr'>λατρείας,</span> <span class='ocrx_word' id='word_1_403' title='bbox 2984 2827 3101 2895; x_wconf 73' lang='grc' dir='ltr'>ἥτις</span> <span class='ocrx_word' id='word_1_404' title='bbox 3121 2825 3355 2892; x_wconf 72' lang='grc' dir='ltr'>ἐπιγείου</span> <span class='ocrx_word' id='word_1_405' title='bbox 3395 2824 3728 2894; x_wconf 81' lang='grc' dir='ltr'>Ἰερουσαλὴμ</span> <span class='ocrx_word' id='word_1_406' title='bbox 3752 2823 3834 2875; x_wconf 84' lang='grc' dir='ltr'>πά-</span> 
     </span>
    </p>
   </div>
   <div class='ocr_carea' id='block_1_54' title="bbox 720 2904 2239 2986">
    <p class='ocr_par' dir='ltr' id='par_1_54' title="bbox 720 2904 2239 2986">
     <span class='ocr_line' id='line_1_54' title="bbox 720 2904 2239 2986; baseline 0.009 -28"><span class='ocrx_word' id='word_1_407' title='bbox 720 2904 1111 2983; x_wconf 76' lang='lat' dir='ltr'><strong>adSalvatoris</strong></span> <span class='ocrx_word' id='word_1_408' title='bbox 1133 2911 1305 2965; x_wconf 87' lang='lat' dir='ltr'><strong>nostri</strong></span> <span class='ocrx_word' id='word_1_409' title='bbox 1331 2910 1454 2977; x_wconf 77' lang='lat' dir='ltr'><strong>Jesu</strong></span> <span class='ocrx_word' id='word_1_410' title='bbox 1488 2911 1684 2967; x_wconf 89' lang='lat' dir='ltr'><strong>Christi</strong></span> <span class='ocrx_word' id='word_1_411' title='bbox 1712 2916 1992 2969; x_wconf 82' lang='lat' dir='ltr'><strong>adventum</strong></span> <span class='ocrx_word' id='word_1_412' title='bbox 2010 2918 2239 2986; x_wconf 74' lang='lat' dir='ltr'><strong>perficie-</strong></span> 
     </span>
    </p>
   </div>
   <div class='ocr_carea' id='block_1_55' title="bbox 2337 2904 3833 2986">
    <p class='ocr_par' dir='ltr' id='par_1_55' title="bbox 2342 2909 3833 2984">
     <span class='ocr_line' id='line_1_55' title="bbox 2342 2909 3833 2984; baseline -0.001 -20"><span class='ocrx_word' id='word_1_413' title='bbox 2342 2913 2431 2964; x_wconf 90' lang='grc' dir='ltr'><strong>λαι</strong></span> <span class='ocrx_word' id='word_1_414' title='bbox 2469 2913 2726 2984; x_wconf 84' lang='grc' dir='ltr'>πρότερον</span> <span class='ocrx_word' id='word_1_415' title='bbox 2763 2913 2916 2984; x_wconf 73' lang='grc' dir='ltr'>μέχρι</span> <span class='ocrx_word' id='word_1_416' title='bbox 2961 2914 3059 2982; x_wconf 84' lang='grc' dir='ltr'><strong>τῆς</strong></span> <span class='ocrx_word' id='word_1_417' title='bbox 3082 2911 3175 2964; x_wconf 86' lang='grc' dir='ltr'><strong>τοῦ</strong></span> <span class='ocrx_word' id='word_1_418' title='bbox 3216 2910 3462 2981; x_wconf 82' lang='grc' dir='ltr'>Σωτῆρος</span> <span class='ocrx_word' id='word_1_419' title='bbox 3491 2910 3639 2981; x_wconf 85' lang='grc' dir='ltr'>ἡμῶν</span> <span class='ocrx_word' id='word_1_420' title='bbox 3685 2909 3833 2979; x_wconf 85' lang='grc' dir='ltr'>Ἰησοῦ</span> 
     </span>
    </p>
   </div>
   <div class='ocr_carea' id='block_1_56' title="bbox 718 2995 2239 3078">
    <p class='ocr_par' dir='ltr' id='par_1_56' title="bbox 718 2995 2239 3078">
     <span class='ocr_line' id='line_1_56' title="bbox 718 2995 2239 3078; baseline 0.008 -29"><span class='ocrx_word' id='word_1_421' title='bbox 718 2995 906 3062; x_wconf 85' lang='lat' dir='ltr'><strong>batur;</strong></span> <span class='ocrx_word' id='word_1_422' title='bbox 929 3012 1056 3051; x_wconf 89' lang='lat' dir='ltr'><strong>sane</strong></span> <span class='ocrx_word' id='word_1_423' title='bbox 1085 3014 1204 3051; x_wconf 93' lang='lat' dir='ltr'><strong>cum</strong></span> <span class='ocrx_word' id='word_1_424' title='bbox 1236 3015 1380 3055; x_wconf 90' lang='lat' dir='ltr'><strong>mors</strong></span> <span class='ocrx_word' id='word_1_425' title='bbox 1412 3009 1676 3070; x_wconf 81' lang='lat' dir='ltr'><strong>regnaret,</strong></span> <span class='ocrx_word' id='word_1_426' title='bbox 1704 3011 1755 3057; x_wconf 87' lang='lat' dir='ltr'><strong>et</strong></span> <span class='ocrx_word' id='word_1_427' title='bbox 1780 3006 1824 3058; x_wconf 90' lang='lat' dir='ltr'><strong>is</strong></span> <span class='ocrx_word' id='word_1_428' title='bbox 1846 3006 1936 3073; x_wconf 90' lang='lat' dir='ltr'><strong>qui</strong></span> <span class='ocrx_word' id='word_1_429' title='bbox 1966 3007 2239 3078; x_wconf 83' lang='lat' dir='ltr'><strong>imperium</strong></span> 
     </span>
    </p>
   </div>
   <div class='ocr_carea' id='block_1_57' title="bbox 2337 2995 3836 3078">
    <p class='ocr_par' dir='ltr' id='par_1_57' title="bbox 2343 2998 3836 3074">
     <span class='ocr_line' id='line_1_57' title="bbox 2343 2998 3836 3074; baseline -0.003 -18"><span class='ocrx_word' id='word_1_430' title='bbox 2343 3002 2571 3074; x_wconf 80' lang='grc' dir='ltr'>Χριστοῦ</span> <span class='ocrx_word' id='word_1_431' title='bbox 2603 3002 2895 3073; x_wconf 88' lang='grc' dir='ltr'>παρουσίας</span> <span class='ocrx_word' id='word_1_432' title='bbox 2924 3002 3245 3055; x_wconf 82' lang='grc' dir='ltr'>συνετελεῖτο</span> <span class='ocrx_word' id='word_1_433' title='bbox 3264 3018 3278 3031; x_wconf 72' lang='grc'><strong><em>⁸</em></strong></span> <span class='ocrx_word' id='word_1_434' title='bbox 3314 3001 3535 3063; x_wconf 88' lang='grc' dir='ltr'>είκότως</span> <span class='ocrx_word' id='word_1_435' title='bbox 3555 3002 3639 3052; x_wconf 81' lang='grc' dir='ltr'>ὅτε</span> <span class='ocrx_word' id='word_1_436' title='bbox 3661 3001 3688 3051; x_wconf 85' lang='lat'><strong>6</strong></span> <span class='ocrx_word' id='word_1_437' title='bbox 3704 2998 3836 3052; x_wconf 80' lang='grc' dir='ltr'>θάνα-</span> 
     </span>
    </p>
   </div>
   <div class='ocr_carea' id='block_1_58' title="bbox 720 3086 2239 3167">
    <p class='ocr_par' dir='ltr' id='par_1_58' title="bbox 720 3086 2239 3167">
     <span class='ocr_line' id='line_1_58' title="bbox 720 3086 2239 3167; baseline 0.009 -29"><span class='ocrx_word' id='word_1_438' title='bbox 720 3087 907 3141; x_wconf 88' lang='lat' dir='ltr'><strong>mortis</strong></span> <span class='ocrx_word' id='word_1_439' title='bbox 934 3086 1110 3152; x_wconf 81' lang='lat' dir='ltr'><strong>habet,</strong></span> <span class='ocrx_word' id='word_1_440' title='bbox 1141 3088 1392 3142; x_wconf 84' lang='lat' dir='ltr'><strong>nimirum</strong></span> <span class='ocrx_word' id='word_1_441' title='bbox 1415 3091 1677 3156; x_wconf 88' lang='lat' dir='ltr'><strong>diabolus,</strong></span> <span class='ocrx_word' id='word_1_442' title='bbox 1700 3092 2081 3158; x_wconf 86' lang='lat' dir='ltr'><strong>dominaretur,</strong></span> <span class='ocrx_word' id='word_1_443' title='bbox 2098 3104 2239 3167; x_wconf 84' lang='lat' dir='ltr'><strong>tunc,</strong></span> 
     </span>
    </p>
   </div>
   <div class='ocr_carea' id='block_1_59' title="bbox 2337 3086 3833 3167">
    <p class='ocr_par' dir='ltr' id='par_1_59' title="bbox 2341 3088 3833 3163">
     <span class='ocr_line' id='line_1_59' title="bbox 2341 3088 3833 3163; baseline -0.003 -17"><span class='ocrx_word' id='word_1_444' title='bbox 2341 3111 2429 3157; x_wconf 86' lang='grc' dir='ltr'><strong>τος</strong></span> <span class='ocrx_word' id='word_1_445' title='bbox 2456 3093 2749 3159; x_wconf 82' lang='grc' dir='ltr'>ἐϐασίλευε,</span> <span class='ocrx_word' id='word_1_446' title='bbox 2792 3094 2883 3146; x_wconf 76' lang='grc' dir='ltr'>καὶ</span> <span class='ocrx_word' id='word_1_447' title='bbox 2918 3095 2946 3145; x_wconf 91' lang='lat'><strong>6</strong></span> <span class='ocrx_word' id='word_1_448' title='bbox 2990 3092 3051 3145; x_wconf 86' lang='grc' dir='ltr'>τὸ</span> <span class='ocrx_word' id='word_1_449' title='bbox 3091 3092 3284 3163; x_wconf 88' lang='grc' dir='ltr'>κράτος</span> <span class='ocrx_word' id='word_1_450' title='bbox 3316 3090 3449 3161; x_wconf 74' lang='grc' dir='ltr'>ἔχων</span> <span class='ocrx_word' id='word_1_451' title='bbox 3492 3088 3586 3143; x_wconf 88' lang='grc' dir='ltr'><strong>τοῦ</strong></span> <span class='ocrx_word' id='word_1_452' title='bbox 3616 3088 3833 3161; x_wconf 83' lang='grc' dir='ltr'>θανάτου,</span> 
     </span>
    </p>
   </div>
   <div class='ocr_carea' id='block_1_60' title="bbox 720 3175 2239 3253">
    <p class='ocr_par' dir='ltr' id='par_1_60' title="bbox 720 3180 2239 3253">
     <span class='ocr_line' id='line_1_60' title="bbox 720 3180 2239 3253; baseline 0.007 -25"><span class='ocrx_word' id='word_1_453' title='bbox 720 3183 781 3229; x_wconf 89' lang='lat' dir='ltr'><strong>ut</strong></span> <span class='ocrx_word' id='word_1_454' title='bbox 814 3190 1150 3247; x_wconf 87' lang='lat' dir='ltr'><strong>consequens</strong></span> <span class='ocrx_word' id='word_1_455' title='bbox 1176 3188 1325 3243; x_wconf 84' lang='lat' dir='ltr'><strong>erat,</strong></span> <span class='ocrx_word' id='word_1_456' title='bbox 1350 3180 1606 3237; x_wconf 89' lang='lat' dir='ltr'><strong>Dominus</strong></span> <span class='ocrx_word' id='word_1_457' title='bbox 1640 3198 1745 3237; x_wconf 90' lang='lat' dir='ltr'><strong>non</strong></span> <span class='ocrx_word' id='word_1_458' title='bbox 1770 3186 2023 3253; x_wconf 77' lang='lat' dir='ltr'><strong>regnabat</strong></span> <span class='ocrx_word' id='word_1_459' title='bbox 2056 3186 2107 3239; x_wconf 92' lang='lat' dir='ltr'><strong>in</strong></span> <span class='ocrx_word' id='word_1_460' title='bbox 2146 3187 2239 3239; x_wconf 84' lang='lat' dir='ltr'><strong>ho-</strong></span> 
     </span>
    </p>
   </div>
   <div class='ocr_carea' id='block_1_61' title="bbox 2337 3175 3835 3253">
    <p class='ocr_par' dir='ltr' id='par_1_61' title="bbox 2338 3175 3835 3253">
     <span class='ocr_line' id='line_1_61' title="bbox 2338 3175 3835 3253; baseline -0.005 -14"><span class='ocrx_word' id='word_1_461' title='bbox 2338 3187 2603 3240; x_wconf 80' lang='grc' dir='ltr'>τουτέστιν</span> <span class='ocrx_word' id='word_1_462' title='bbox 2630 3189 2657 3238; x_wconf 90' lang='grc' dir='ltr'>ὁ</span> <span class='ocrx_word' id='word_1_463' title='bbox 2684 3183 2929 3248; x_wconf 65' lang='grc' dir='ltr'>διάϐολος,</span> <span class='ocrx_word' id='word_1_464' title='bbox 2945 3184 3283 3253; x_wconf 81' lang='grc' dir='ltr'>κατεκράτει,</span> <span class='ocrx_word' id='word_1_465' title='bbox 3307 3182 3406 3234; x_wconf 83' lang='grc' dir='ltr'><strong>οὐκ</strong></span> <span class='ocrx_word' id='word_1_466' title='bbox 3432 3175 3503 3250; x_wconf 77' lang='grc' dir='ltr'>ἦν</span> <span class='ocrx_word' id='word_1_467' title='bbox 3530 3180 3644 3233; x_wconf 85' lang='grc' dir='ltr'>τότε</span> 
     </span>
    </p>
   </div>
   <div class='ocr_carea' id='block_1_62' title="bbox 722 3265 2239 3344">
    <p class='ocr_par' dir='ltr' id='par_1_62' title="bbox 722 3265 2239 3341">
     <span class='ocr_line' id='line_1_62' title="bbox 722 3265 2239 3341; baseline 0.007 -23"><span class='ocrx_word' id='word_1_468' title='bbox 722 3265 977 3331; x_wconf 85' lang='lat' dir='ltr'><strong>minibus,</strong></span> <span class='ocrx_word' id='word_1_469' title='bbox 1009 3269 1103 3323; x_wconf 86' lang='lat' dir='ltr'><strong>sed</strong></span> <span class='ocrx_word' id='word_1_470' title='bbox 1126 3270 1340 3341; x_wconf 89' lang='lat' dir='ltr'><strong>quidam</strong></span> <span class='ocrx_word' id='word_1_471' title='bbox 1360 3273 1658 3341; x_wconf 86' lang='lat' dir='ltr'><strong>multorqu</strong></span> <span class='ocrx_word' id='word_1_472' title='bbox 1688 3273 1907 3327; x_wconf 80' lang='lat' dir='ltr'><strong>deorum</strong></span> <span class='ocrx_word' id='word_1_473' title='bbox 1939 3283 1992 3327; x_wconf 90' lang='lat' dir='ltr'><strong>et</strong></span> <span class='ocrx_word' id='word_1_474' title='bbox 2021 3275 2239 3329; x_wconf 85' lang='lat' dir='ltr'><strong>diaboli-</strong></span> 
     </span>
    </p>
   </div>
   <div class='ocr_carea' id='block_1_63' title="bbox 2337 3265 3836 3344">
    <p class='ocr_par' dir='ltr' id='par_1_63' title="bbox 2342 3269 3836 3344">
     <span class='ocr_line' id='line_1_63' title="bbox 2342 3269 3836 3344; baseline -0.003 -15"><span class='ocrx_word' id='word_1_475' title='bbox 2342 3293 2454 3329; x_wconf 89' lang='grc' dir='ltr'><strong>πων</strong></span> <span class='ocrx_word' id='word_1_476' title='bbox 2483 3274 2769 3344; x_wconf 82' lang='grc' dir='ltr'>βασιλεύων</span> <span class='ocrx_word' id='word_1_477' title='bbox 2800 3277 2828 3327; x_wconf 87' lang='lat'><strong>6</strong></span> <span class='ocrx_word' id='word_1_478' title='bbox 2858 3272 3077 3343; x_wconf 80' lang='grc' dir='ltr'>Κύριος,</span> <span class='ocrx_word' id='word_1_479' title='bbox 3109 3273 3239 3325; x_wconf 87' lang='grc' dir='ltr'>ἀλλά</span> <span class='ocrx_word' id='word_1_480' title='bbox 3259 3289 3343 3334; x_wconf 91' lang='grc' dir='ltr'><strong>τις</strong></span> <span class='ocrx_word' id='word_1_481' title='bbox 3371 3269 3620 3332; x_wconf 83' lang='grc' dir='ltr'>πολύθεος</span> <span class='ocrx_word' id='word_1_482' title='bbox 3642 3270 3728 3324; x_wconf 83' lang='grc' dir='ltr'>καὶ</span> <span class='ocrx_word' id='word_1_483' title='bbox 3745 3269 3836 3323; x_wconf 79' lang='grc' dir='ltr'>δαι-</span> 
     </span>
    </p>
   </div>
   <div class='ocr_carea' id='block_1_64' title="bbox 722 3358 2239 3439">
    <p class='ocr_par' dir='ltr' id='par_1_64' title="bbox 722 3358 2239 3430">
     <span class='ocr_line' id='line_1_64' title="bbox 722 3358 2239 3430; baseline 0.008 -24"><span class='ocrx_word' id='word_1_484' title='bbox 722 3368 821 3408; x_wconf 89' lang='lat' dir='ltr'><strong>eus</strong></span> <span class='ocrx_word' id='word_1_485' title='bbox 844 3370 1013 3412; x_wconf 89' lang='lat' dir='ltr'><strong>error.</strong></span> <span class='ocrx_word' id='word_1_486' title='bbox 1049 3358 1167 3427; x_wconf 88' lang='lat' dir='ltr'><strong>Ipse</strong></span> <span class='ocrx_word' id='word_1_487' title='bbox 1193 3368 1367 3413; x_wconf 90' lang='lat' dir='ltr'><strong>autem</strong></span> <span class='ocrx_word' id='word_1_488' title='bbox 1412 3361 1698 3430; x_wconf 83' lang='lat' dir='ltr'><strong>Apostolus</strong></span> <span class='ocrx_word' id='word_1_489' title='bbox 1727 3363 1837 3417; x_wconf 69' lang='lat' dir='ltr'><strong>haac</strong></span> <span class='ocrx_word' id='word_1_490' title='bbox 1883 3363 1948 3418; x_wconf 91' lang='lat' dir='ltr'><strong>de</strong></span> <span class='ocrx_word' id='word_1_491' title='bbox 1973 3363 2239 3419; x_wconf 87' lang='lat' dir='ltr'><strong>Salvatore</strong></span> 
     </span>
    </p>
   </div>
   <div class='ocr_carea' id='block_1_65' title="bbox 2337 3358 3835 3439">
    <p class='ocr_par' dir='ltr' id='par_1_65' title="bbox 2343 3361 3835 3439">
     <span class='ocr_line' id='line_1_65' title="bbox 2343 3361 3835 3439; baseline -0.005 -20"><span class='ocrx_word' id='word_1_492' title='bbox 2343 3366 2529 3436; x_wconf 83' lang='grc' dir='ltr'>μονικὴ</span> <span class='ocrx_word' id='word_1_493' title='bbox 2560 3365 2750 3439; x_wconf 86' lang='grc' dir='ltr'>πλάνη.</span> <span class='ocrx_word' id='word_1_494' title='bbox 2780 3363 3018 3417; x_wconf 84' lang='grc' dir='ltr'>Διδάσκει</span> <span class='ocrx_word' id='word_1_495' title='bbox 3054 3363 3108 3415; x_wconf 78' lang='grc' dir='ltr'>δὲ</span> <span class='ocrx_word' id='word_1_496' title='bbox 3133 3364 3160 3418; x_wconf 80' lang='grc' dir='ltr'><strong><em>ὁ</em></strong></span> <span class='ocrx_word' id='word_1_497' title='bbox 3200 3361 3356 3427; x_wconf 75' lang='grc' dir='ltr'>αὐτὸς</span> <span class='ocrx_word' id='word_1_498' title='bbox 3403 3361 3705 3424; x_wconf 53' lang='grc' dir='ltr'>’Δλπόστολος</span> <span class='ocrx_word' id='word_1_499' title='bbox 3731 3361 3835 3430; x_wconf 80' lang='grc' dir='ltr'>περὶ</span> 
     </span>
    </p>
   </div>
   <div class='ocr_carea' id='block_1_66' title="bbox 723 3442 2247 3517">
    <p class='ocr_par' dir='ltr' id='par_1_66' title="bbox 723 3442 2247 3517">
     <span class='ocr_line' id='line_1_66' title="bbox 723 3442 2247 3517; baseline 0.009 -22"><span class='ocrx_word' id='word_1_500' title='bbox 723 3452 910 3498; x_wconf 87' lang='lat' dir='ltr'><strong>nostro</strong></span> <span class='ocrx_word' id='word_1_501' title='bbox 930 3444 1083 3500; x_wconf 85' lang='lat' dir='ltr'><strong>docet</strong></span> <span class='ocrx_word' id='word_1_502' title='bbox 1108 3466 1118 3500; x_wconf 98' lang='lat'>:</span> <span class='ocrx_word' id='word_1_503' title='bbox 1141 3448 1276 3512; x_wconf 82' lang='lat' dir='ltr'><strong>Quia</strong></span> <span class='ocrx_word' id='word_1_504' title='bbox 1293 3465 1410 3517; x_wconf 87' lang='lat' dir='ltr'><strong>ergo</strong></span> <span class='ocrx_word' id='word_1_505' title='bbox 1421 3453 1563 3517; x_wconf 79' lang='lat' dir='ltr'><strong>pueri</strong></span> <span class='ocrx_word' id='word_1_506' title='bbox 1585 3454 2079 3506; x_wconf 77' lang='lat' dir='ltr'><strong>communicaverunt</strong></span> <span class='ocrx_word' id='word_1_507' title='bbox 2103 3442 2247 3508; x_wconf 69' lang='lat' dir='ltr'><strong>carni</strong></span> 
     </span>
    </p>
   </div>
   <div class='ocr_carea' id='block_1_67' title="bbox 723 3538 2247 3615">
    <p class='ocr_par' dir='ltr' id='par_1_67' title="bbox 723 3538 2247 3615">
     <span class='ocr_line' id='line_1_67' title="bbox 723 3538 2247 3615; baseline 0.009 -28"><span class='ocrx_word' id='word_1_508' title='bbox 723 3545 773 3587; x_wconf 72' lang='grc' dir='ltr'><strong>ω</strong></span> <span class='ocrx_word' id='word_1_509' title='bbox 798 3538 1058 3605; x_wconf 77' lang='lat' dir='ltr'><strong>sanguini,</strong></span> <span class='ocrx_word' id='word_1_510' title='bbox 1092 3546 1139 3590; x_wconf 84' lang='lat' dir='ltr'><strong>et</strong></span> <span class='ocrx_word' id='word_1_511' title='bbox 1171 3541 1275 3605; x_wconf 75' lang='lat' dir='ltr'><strong>ipse</strong></span> <span class='ocrx_word' id='word_1_512' title='bbox 1296 3541 1534 3595; x_wconf 71' lang='lat' dir='ltr'><strong>similiter</strong></span> <span class='ocrx_word' id='word_1_513' title='bbox 1558 3544 1889 3611; x_wconf 84' lang='lat' dir='ltr'><strong>participavit</strong></span> <span class='ocrx_word' id='word_1_514' title='bbox 1907 3546 2095 3600; x_wconf 81' lang='lat' dir='ltr'><strong>eisdem</strong></span> <span class='ocrx_word' id='word_1_515' title='bbox 2126 3564 2247 3615; x_wconf 80' lang='lat' dir='ltr'><strong>pas-</strong></span> 
     </span>
    </p>
   </div>
   <div class='ocr_carea' id='block_1_68' title="bbox 724 3621 2247 3701">
    <p class='ocr_par' dir='ltr' id='par_1_68' title="bbox 724 3621 2247 3701">
     <span class='ocr_line' id='line_1_68' title="bbox 724 3621 2247 3701; baseline 0.009 -29"><span class='ocrx_word' id='word_1_516' title='bbox 724 3621 956 3674; x_wconf 73' lang='lat' dir='ltr'><strong>sionibus</strong></span> <span class='ocrx_word' id='word_1_517' title='bbox 980 3638 998 3684; x_wconf 89' lang='lat'><strong>;</strong></span> <span class='ocrx_word' id='word_1_518' title='bbox 1022 3632 1076 3675; x_wconf 84' lang='lat' dir='ltr'><strong>ut</strong></span> <span class='ocrx_word' id='word_1_519' title='bbox 1098 3640 1186 3691; x_wconf 83' lang='lat' dir='ltr'><strong>per</strong></span> <span class='ocrx_word' id='word_1_520' title='bbox 1208 3636 1419 3679; x_wconf 84' lang='lat' dir='ltr'><strong>mortem</strong></span> <span class='ocrx_word' id='word_1_521' title='bbox 1455 3628 1740 3683; x_wconf 76' lang='lat' dir='ltr'><strong>destrueret</strong></span> <span class='ocrx_word' id='word_1_522' title='bbox 1764 3634 2001 3701; x_wconf 89' lang='lat' dir='ltr'><strong>eum,qui</strong></span> <span class='ocrx_word' id='word_1_523' title='bbox 2031 3633 2247 3687; x_wconf 82' lang='lat' dir='ltr'><strong>habebat</strong></span> 
     </span>
    </p>
   </div>
   <div class='ocr_carea' id='block_1_69' title="bbox 728 3710 2244 3790">
    <p class='ocr_par' dir='ltr' id='par_1_69' title="bbox 728 3710 2244 3790">
     <span class='ocr_line' id='line_1_69' title="bbox 728 3710 2244 3790; baseline 0.011 -31"><span class='ocrx_word' id='word_1_524' title='bbox 728 3710 909 3762; x_wconf 75' lang='lat' dir='ltr'><strong>mortis</strong></span> <span class='ocrx_word' id='word_1_525' title='bbox 938 3711 1227 3777; x_wconf 84' lang='lat' dir='ltr'><strong>imperium,</strong></span> <span class='ocrx_word' id='word_1_526' title='bbox 1248 3715 1299 3765; x_wconf 83' lang='lat' dir='ltr'><strong>id</strong></span> <span class='ocrx_word' id='word_1_527' title='bbox 1325 3726 1399 3767; x_wconf 84' lang='lat' dir='ltr'><strong>est</strong></span> <span class='ocrx_word' id='word_1_528' title='bbox 1423 3715 1686 3770; x_wconf 77' lang='lat' dir='ltr'><strong>diabolum</strong></span> <span class='ocrx_word' id='word_1_529' title='bbox 1715 3718 1777 3773; x_wconf 74' lang='lat'><strong>“.</strong></span> <span class='ocrx_word' id='word_1_530' title='bbox 1800 3718 1927 3775; x_wconf 80' lang='lat' dir='ltr'><strong>Jure</strong></span> <span class='ocrx_word' id='word_1_531' title='bbox 1959 3721 2133 3790; x_wconf 88' lang='lat' dir='ltr'><strong>itaque</strong></span> <span class='ocrx_word' id='word_1_532' title='bbox 2154 3720 2244 3775; x_wconf 80' lang='lat' dir='ltr'><strong>Dei</strong></span> 
     </span>
    </p>
   </div>
   <div class='ocr_carea' id='block_1_70' title="bbox 727 3796 2244 3878">
    <p class='ocr_par' dir='ltr' id='par_1_70' title="bbox 727 3796 2244 3878">
     <span class='ocr_line' id='line_1_70' title="bbox 727 3796 2244 3878; baseline 0.011 -28"><span class='ocrx_word' id='word_1_533' title='bbox 727 3796 980 3865; x_wconf 85' lang='lat' dir='ltr'><strong>Verbum,</strong></span> <span class='ocrx_word' id='word_1_534' title='bbox 1011 3801 1150 3869; x_wconf 86' lang='lat' dir='ltr'><strong>quod</strong></span> <span class='ocrx_word' id='word_1_535' title='bbox 1170 3804 1315 3871; x_wconf 88' lang='lat' dir='ltr'><strong>prius</strong></span> <span class='ocrx_word' id='word_1_536' title='bbox 1338 3806 1651 3871; x_wconf 82' lang='lat' dir='ltr'><strong>exsistebat,</strong></span> <span class='ocrx_word' id='word_1_537' title='bbox 1680 3822 1801 3860; x_wconf 90' lang='lat' dir='ltr'><strong>cum</strong></span> <span class='ocrx_word' id='word_1_538' title='bbox 1829 3809 1937 3863; x_wconf 87' lang='lat' dir='ltr'><strong>vita</strong></span> <span class='ocrx_word' id='word_1_539' title='bbox 1956 3811 2068 3878; x_wconf 90' lang='lat' dir='ltr'><strong>ipsa</strong></span> <span class='ocrx_word' id='word_1_540' title='bbox 2085 3823 2244 3876; x_wconf 81' lang='lat' dir='ltr'><strong>esset,</strong></span> 
     </span>
    </p>
   </div>
   <div class='ocr_carea' id='block_1_71' title="bbox 725 3887 2241 3966">
    <p class='ocr_par' dir='ltr' id='par_1_71' title="bbox 725 3887 2241 3966">
     <span class='ocr_line' id='line_1_71' title="bbox 725 3887 2241 3966; baseline 0.009 -25"><span class='ocrx_word' id='word_1_541' title='bbox 725 3887 796 3942; x_wconf 87' lang='lat' dir='ltr'><strong>ad</strong></span> <span class='ocrx_word' id='word_1_542' title='bbox 832 3891 1021 3945; x_wconf 89' lang='lat' dir='ltr'><strong>mortis</strong></span> <span class='ocrx_word' id='word_1_543' title='bbox 1069 3891 1501 3959; x_wconf 85' lang='lat' dir='ltr'><strong>destructionem,</strong></span> <span class='ocrx_word' id='word_1_544' title='bbox 1533 3898 1769 3952; x_wconf 89' lang='lat' dir='ltr'><strong>mortale</strong></span> <span class='ocrx_word' id='word_1_545' title='bbox 1812 3888 2241 3966; x_wconf 83' lang='lat' dir='ltr'><strong>instrumentum,</strong></span> 
     </span>
    </p>
   </div>
   <div class='ocr_carea' id='block_1_72' title="bbox 725 3980 2248 4058">
    <p class='ocr_par' dir='ltr' id='par_1_72' title="bbox 725 3980 2248 4058">
     <span class='ocr_line' id='line_1_72' title="bbox 725 3980 2248 4058; baseline 0.009 -29"><span class='ocrx_word' id='word_1_546' title='bbox 725 3990 925 4044; x_wconf 85' lang='lat' dir='ltr'><strong>corpus</strong></span> <span class='ocrx_word' id='word_1_547' title='bbox 985 3980 1189 4035; x_wconf 87' lang='lat' dir='ltr'><strong>scilicet</strong></span> <span class='ocrx_word' id='word_1_548' title='bbox 1235 3982 1525 4054; x_wconf 86' lang='lat' dir='ltr'><strong>humanum</strong></span> <span class='ocrx_word' id='word_1_549' title='bbox 1596 4000 1905 4051; x_wconf 85' lang='lat' dir='ltr'><strong>assumens,</strong></span> <span class='ocrx_word' id='word_1_550' title='bbox 1966 3989 2248 4058; x_wconf 89' lang='lat' dir='ltr'><strong>ipsumque</strong></span> 
     </span>
    </p>
   </div>
   <div class='ocr_carea' id='block_1_73' title="bbox 724 4064 2243 4143">
    <p class='ocr_par' dir='ltr' id='par_1_73' title="bbox 724 4064 2243 4143">
     <span class='ocr_line' id='line_1_73' title="bbox 724 4064 2243 4143; baseline 0.011 -27"><span class='ocrx_word' id='word_1_551' title='bbox 724 4064 887 4117; x_wconf 89' lang='lat' dir='ltr'><strong>morti</strong></span> <span class='ocrx_word' id='word_1_552' title='bbox 920 4065 1155 4129; x_wconf 87' lang='lat' dir='ltr'><strong>tradens,</strong></span> <span class='ocrx_word' id='word_1_553' title='bbox 1192 4067 1258 4120; x_wconf 85' lang='lat' dir='ltr'><strong>ad</strong></span> <span class='ocrx_word' id='word_1_554' title='bbox 1312 4078 1513 4125; x_wconf 76' lang='lat' dir='ltr'><strong>natura:</strong></span> <span class='ocrx_word' id='word_1_555' title='bbox 1560 4087 1675 4143; x_wconf 66' lang='lat' dir='ltr'><strong>sua:</strong></span> <span class='ocrx_word' id='word_1_556' title='bbox 1713 4074 2243 4143; x_wconf 84' lang='lat' dir='ltr'><strong>demonstrationem;</strong></span> 
     </span>
    </p>
   </div>
   <div class='ocr_carea' id='block_1_74' title="bbox 725 4152 2247 4225">
    <p class='ocr_par' dir='ltr' id='par_1_74' title="bbox 725 4152 2247 4225">
     <span class='ocr_line' id='line_1_74' title="bbox 725 4152 2247 4225; baseline 0.009 -18"><span class='ocrx_word' id='word_1_557' title='bbox 725 4152 970 4224; x_wconf 90' lang='lat' dir='ltr'><strong>idemque</strong></span> <span class='ocrx_word' id='word_1_558' title='bbox 988 4164 1174 4225; x_wconf 89' lang='lat' dir='ltr'><strong>postea</strong></span> <span class='ocrx_word' id='word_1_559' title='bbox 1203 4173 1232 4209; x_wconf 91' lang='lat' dir='ltr'><strong>a</strong></span> <span class='ocrx_word' id='word_1_560' title='bbox 1251 4166 1422 4214; x_wconf 86' lang='lat' dir='ltr'><strong>morte</strong></span> <span class='ocrx_word' id='word_1_561' title='bbox 1449 4176 1725 4217; x_wconf 89' lang='lat' dir='ltr'><strong>resumens</strong></span> <span class='ocrx_word' id='word_1_562' title='bbox 1746 4163 1813 4217; x_wconf 87' lang='lat' dir='ltr'><strong>ad</strong></span> <span class='ocrx_word' id='word_1_563' title='bbox 1842 4163 2073 4218; x_wconf 83' lang='lat' dir='ltr'><strong>divinam</strong></span> <span class='ocrx_word' id='word_1_564' title='bbox 2097 4181 2247 4221; x_wconf 87' lang='lat' dir='ltr'><strong>suam</strong></span> 
     </span>
    </p>
   </div>
   <div class='ocr_carea' id='block_1_75' title="bbox 722 4244 2248 4323">
    <p class='ocr_par' dir='ltr' id='par_1_75' title="bbox 722 4244 2248 4323">
     <span class='ocr_line' id='line_1_75' title="bbox 722 4244 2248 4323; baseline 0.008 -26"><span class='ocrx_word' id='word_1_565' title='bbox 722 4244 977 4299; x_wconf 88' lang='lat' dir='ltr'><strong>virtutem</strong></span> <span class='ocrx_word' id='word_1_566' title='bbox 1016 4245 1405 4313; x_wconf 80' lang='lat' dir='ltr'><strong>declarandam,</strong></span> <span class='ocrx_word' id='word_1_567' title='bbox 1437 4251 1560 4304; x_wconf 85' lang='lat' dir='ltr'><strong>dum</strong></span> <span class='ocrx_word' id='word_1_568' title='bbox 1615 4255 1802 4308; x_wconf 87' lang='lat' dir='ltr'><strong>mortis</strong></span> <span class='ocrx_word' id='word_1_569' title='bbox 1836 4253 2049 4323; x_wconf 91' lang='lat' dir='ltr'><strong>quidem</strong></span> <span class='ocrx_word' id='word_1_570' title='bbox 2084 4256 2248 4323; x_wconf 85' lang='lat' dir='ltr'><strong>impe-</strong></span> 
     </span>
    </p>
   </div>
   <div class='ocr_carea' id='block_1_76' title="bbox 722 4324 2246 4413">
    <p class='ocr_par' dir='ltr' id='par_1_76' title="bbox 722 4324 2246 4413">
     <span class='ocr_line' id='line_1_76' title="bbox 722 4324 2246 4413; baseline 0.009 -28"><span class='ocrx_word' id='word_1_571' title='bbox 722 4333 864 4385; x_wconf 89' lang='lat' dir='ltr'><strong>rium</strong></span> <span class='ocrx_word' id='word_1_572' title='bbox 906 4336 1084 4398; x_wconf 87' lang='lat' dir='ltr'><strong>solvit,</strong></span> <span class='ocrx_word' id='word_1_573' title='bbox 1108 4337 1301 4391; x_wconf 88' lang='lat' dir='ltr'><strong>diaboli</strong></span> <span class='ocrx_word' id='word_1_574' title='bbox 1344 4339 1524 4394; x_wconf 84' lang='lat' dir='ltr'><strong>itidem</strong></span> <span class='ocrx_word' id='word_1_575' title='bbox 1550 4341 1603 4394; x_wconf 90' lang='lat' dir='ltr'><strong>in</strong></span> <span class='ocrx_word' id='word_1_576' title='bbox 1635 4324 1874 4398; x_wconf 85' lang='lat' dir='ltr'><strong>homines</strong></span> <span class='ocrx_word' id='word_1_577' title='bbox 1914 4345 2246 4413; x_wconf 86' lang='lat' dir='ltr'><strong>tyrannidem</strong></span> 
     </span>
    </p>
   </div>
   <div class='ocr_carea' id='block_1_77' title="bbox 724 4420 2246 4505">
    <p class='ocr_par' dir='ltr' id='par_1_77' title="bbox 724 4420 2246 4505">
     <span class='ocr_line' id='line_1_77' title="bbox 724 4420 2246 4505; baseline 0.009 -32"><span class='ocrx_word' id='word_1_578' title='bbox 724 4420 983 4488; x_wconf 88' lang='lat' dir='ltr'><strong>destruit;</strong></span> <span class='ocrx_word' id='word_1_579' title='bbox 1014 4425 1119 4479; x_wconf 90' lang='lat' dir='ltr'><strong>imo</strong></span> <span class='ocrx_word' id='word_1_580' title='bbox 1149 4426 1306 4479; x_wconf 89' lang='lat' dir='ltr'><strong>etiam</strong></span> <span class='ocrx_word' id='word_1_581' title='bbox 1339 4426 1635 4481; x_wconf 69' lang='lat' dir='ltr'><strong>dmmonum</strong></span> <span class='ocrx_word' id='word_1_582' title='bbox 1677 4430 2027 4505; x_wconf 77' lang='lat' dir='ltr'><strong>malignorum</strong></span> <span class='ocrx_word' id='word_1_583' title='bbox 2057 4448 2119 4487; x_wconf 92' lang='lat' dir='ltr'><strong>ac</strong></span> <span class='ocrx_word' id='word_1_584' title='bbox 2138 4435 2246 4502; x_wconf 88' lang='lat' dir='ltr'><strong>spi-</strong></span> 
     </span>
    </p>
   </div>
   <div class='ocr_carea' id='block_1_78' title="bbox 2338 3448 3837 3528">
    <p class='ocr_par' dir='ltr' id='par_1_78' title="bbox 2338 3448 3837 3528">
     <span class='ocr_line' id='line_1_78' title="bbox 2338 3448 3837 3528; baseline -0.006 -17"><span class='ocrx_word' id='word_1_585' title='bbox 2338 3454 2430 3511; x_wconf 89' lang='grc' dir='ltr'><strong>τοῦ</strong></span> <span class='ocrx_word' id='word_1_586' title='bbox 2474 3455 2717 3528; x_wconf 85' lang='grc' dir='ltr'>Σωτῆρος</span> <span class='ocrx_word' id='word_1_587' title='bbox 2752 3456 2905 3527; x_wconf 79' lang='grc' dir='ltr'>ἡμῶν</span> <span class='ocrx_word' id='word_1_588' title='bbox 2946 3454 3115 3522; x_wconf 79' lang='grc' dir='ltr'>λέγων</span> <span class='ocrx_word' id='word_1_589' title='bbox 3139 3470 3152 3485; x_wconf 90' lang='grc'><strong>·</strong></span> <span class='ocrx_word' id='word_1_590' title='bbox 3213 3454 3364 3507; x_wconf 79' lang='grc' dir='ltr'>Ἐπεί</span> <span class='ocrx_word' id='word_1_591' title='bbox 3404 3448 3517 3508; x_wconf 80' lang='grc' dir='ltr'><strong>οὖν</strong></span> <span class='ocrx_word' id='word_1_592' title='bbox 3563 3450 3628 3505; x_wconf 79' lang='grc' dir='ltr'>τὰ</span> <span class='ocrx_word' id='word_1_593' title='bbox 3660 3450 3837 3503; x_wconf 74' lang='grc' dir='ltr'>παιδία</span> 
     </span>
    </p>
   </div>
   <div class='ocr_carea' id='block_1_79' title="bbox 2340 3540 3835 3615">
    <p class='ocr_par' dir='ltr' id='par_1_79' title="bbox 2340 3540 3835 3615">
     <span class='ocr_line' id='line_1_79' title="bbox 2340 3540 3835 3615; baseline -0.005 -14"><span class='ocrx_word' id='word_1_594' title='bbox 2340 3548 2759 3615; x_wconf 73' lang='grc' dir='ltr'>κεκοινώνηκεν</span> <span class='ocrx_word' id='word_1_595' title='bbox 2803 3546 3045 3615; x_wconf 74' lang='grc' dir='ltr'>αἵματος</span> <span class='ocrx_word' id='word_1_596' title='bbox 3095 3544 3194 3599; x_wconf 86' lang='grc' dir='ltr'><strong>καί</strong></span> <span class='ocrx_word' id='word_1_597' title='bbox 3244 3544 3486 3612; x_wconf 79' lang='grc' dir='ltr'>σαρκὸς,</span> <span class='ocrx_word' id='word_1_598' title='bbox 3544 3541 3638 3595; x_wconf 74' lang='grc' dir='ltr'><strong>καί</strong></span> <span class='ocrx_word' id='word_1_599' title='bbox 3682 3540 3835 3605; x_wconf 73' lang='grc' dir='ltr'>αὐτὸς</span> 
     </span>
    </p>
   </div>
   <div class='ocr_carea' id='block_1_80' title="bbox 2340 3629 3834 3706">
    <p class='ocr_par' dir='ltr' id='par_1_80' title="bbox 2340 3629 3834 3706">
     <span class='ocr_line' id='line_1_80' title="bbox 2340 3629 3834 3706; baseline 0 -15"><span class='ocrx_word' id='word_1_600' title='bbox 2340 3638 2762 3706; x_wconf 76' lang='grc' dir='ltr'>παραπλησίως</span> <span class='ocrx_word' id='word_1_601' title='bbox 2808 3636 3060 3705; x_wconf 79' lang='grc' dir='ltr'>μετέσχε</span> <span class='ocrx_word' id='word_1_602' title='bbox 3104 3634 3219 3688; x_wconf 78' lang='grc' dir='ltr'><strong>τῶν</strong></span> <span class='ocrx_word' id='word_1_603' title='bbox 3254 3633 3446 3688; x_wconf 76' lang='grc' dir='ltr'>αὐτῶν</span> <span class='ocrx_word' id='word_1_604' title='bbox 3494 3629 3834 3699; x_wconf 66' lang='grc' dir='ltr'>παθημάτων,</span> 
     </span>
    </p>
   </div>
   <div class='ocr_carea' id='block_1_81' title="bbox 2340 3717 3835 3799">
    <p class='ocr_par' dir='ltr' id='par_1_81' title="bbox 2340 3717 3835 3799">
     <span class='ocr_line' id='line_1_81' title="bbox 2340 3717 3835 3799; baseline -0.008 -18"><span class='ocrx_word' id='word_1_605' title='bbox 2340 3730 2437 3782; x_wconf 78' lang='grc' dir='ltr'><strong>ἵνα</strong></span> <span class='ocrx_word' id='word_1_606' title='bbox 2469 3728 2563 3781; x_wconf 78' lang='grc' dir='ltr'>διὰ</span> <span class='ocrx_word' id='word_1_607' title='bbox 2599 3727 2701 3779; x_wconf 85' lang='grc' dir='ltr'><strong>τοῦ</strong></span> <span class='ocrx_word' id='word_1_608' title='bbox 2732 3724 2983 3780; x_wconf 76' lang='grc' dir='ltr'>θανάτου</span> <span class='ocrx_word' id='word_1_609' title='bbox 3024 3723 3365 3792; x_wconf 69' lang='grc' dir='ltr'>καταργήσῃ</span> <span class='ocrx_word' id='word_1_610' title='bbox 3401 3723 3509 3777; x_wconf 76' lang='grc' dir='ltr'><strong>τὸν</strong></span> <span class='ocrx_word' id='word_1_611' title='bbox 3550 3722 3611 3775; x_wconf 85' lang='grc' dir='ltr'>τὸ</span> <span class='ocrx_word' id='word_1_612' title='bbox 3630 3792 3635 3799; x_wconf 25' lang='grc' dir='ltr'>ι</span> <span class='ocrx_word' id='word_1_613' title='bbox 3654 3717 3835 3786; x_wconf 75' lang='grc' dir='ltr'>κράτος</span> 
     </span>
    </p>
   </div>
   <div class='ocr_carea' id='block_1_82' title="bbox 2339 3808 3837 3884">
    <p class='ocr_par' dir='ltr' id='par_1_82' title="bbox 2339 3808 3837 3884">
     <span class='ocr_line' id='line_1_82' title="bbox 2339 3808 3837 3884; baseline -0.009 -11"><span class='ocrx_word' id='word_1_614' title='bbox 2339 3816 2554 3884; x_wconf 75' lang='grc' dir='ltr'>ἔχοντα</span> <span class='ocrx_word' id='word_1_615' title='bbox 2582 3816 2686 3870; x_wconf 82' lang='grc' dir='ltr'><strong>τοῦ</strong></span> <span class='ocrx_word' id='word_1_616' title='bbox 2718 3813 2991 3881; x_wconf 83' lang='grc' dir='ltr'>θανάτου,</span> <span class='ocrx_word' id='word_1_617' title='bbox 3029 3814 3297 3868; x_wconf 82' lang='grc' dir='ltr'>τουτέστι</span> <span class='ocrx_word' id='word_1_618' title='bbox 3326 3812 3429 3865; x_wconf 77' lang='grc' dir='ltr'>τὸν</span> <span class='ocrx_word' id='word_1_619' title='bbox 3456 3810 3740 3865; x_wconf 70' lang='grc' dir='ltr'>διάϐολον.</span> <span class='ocrx_word' id='word_1_620' title='bbox 3769 3808 3837 3859; x_wconf 81' lang='grc' dir='ltr'><strong>Εἰ-</strong></span> 
     </span>
    </p>
   </div>
   <div class='ocr_carea' id='block_1_83' title="bbox 2341 3897 3835 3978">
    <p class='ocr_par' dir='ltr' id='par_1_83' title="bbox 2341 3897 3835 3978">
     <span class='ocr_line' id='line_1_83' title="bbox 2341 3897 3835 3978; baseline -0.001 -20"><span class='ocrx_word' id='word_1_621' title='bbox 2341 3906 2508 3969; x_wconf 86' lang='grc' dir='ltr'>κότως</span> <span class='ocrx_word' id='word_1_622' title='bbox 2538 3901 2627 3959; x_wconf 85' lang='grc' dir='ltr'>οὖν</span> <span class='ocrx_word' id='word_1_623' title='bbox 2648 3909 2675 3960; x_wconf 91' lang='lat'><strong>6</strong></span> <span class='ocrx_word' id='word_1_624' title='bbox 2711 3904 2886 3978; x_wconf 88' lang='grc' dir='ltr'>προὼν</span> <span class='ocrx_word' id='word_1_625' title='bbox 2911 3903 3004 3957; x_wconf 88' lang='grc' dir='ltr'><strong>τοῦ</strong></span> <span class='ocrx_word' id='word_1_626' title='bbox 3026 3903 3158 3959; x_wconf 88' lang='grc' dir='ltr'>Θεοῦ</span> <span class='ocrx_word' id='word_1_627' title='bbox 3180 3903 3366 3971; x_wconf 84' lang='grc' dir='ltr'>Λόγος,</span> <span class='ocrx_word' id='word_1_628' title='bbox 3401 3900 3559 3963; x_wconf 75' lang='grc' dir='ltr'>αὐτὸς</span> <span class='ocrx_word' id='word_1_629' title='bbox 3582 3898 3701 3967; x_wconf 80' lang='grc' dir='ltr'><strong>ὣνὴ</strong></span> <span class='ocrx_word' id='word_1_630' title='bbox 3726 3897 3835 3965; x_wconf 64' lang='grc' dir='ltr'><strong>ζωὴ,</strong></span> 
     </span>
    </p>
   </div>
   <div class='ocr_carea' id='block_1_84' title="bbox 2341 3985 3837 4065">
    <p class='ocr_par' dir='ltr' id='par_1_84' title="bbox 2341 3985 3837 4065">
     <span class='ocr_line' id='line_1_84' title="bbox 2341 3985 3837 4065; baseline -0.005 -18"><span class='ocrx_word' id='word_1_631' title='bbox 2341 3996 2429 4048; x_wconf 78' lang='grc' dir='ltr'>ἐπὶ</span> <span class='ocrx_word' id='word_1_632' title='bbox 2462 3996 2771 4065; x_wconf 83' lang='grc' dir='ltr'>καθαιρέσει</span> <span class='ocrx_word' id='word_1_633' title='bbox 2796 3996 2886 4048; x_wconf 88' lang='grc' dir='ltr'><strong>τοῦ</strong></span> <span class='ocrx_word' id='word_1_634' title='bbox 2917 3995 3143 4049; x_wconf 88' lang='grc' dir='ltr'>θανάτου</span> <span class='ocrx_word' id='word_1_635' title='bbox 3172 3992 3355 4062; x_wconf 80' lang='grc' dir='ltr'>θνητὸν</span> <span class='ocrx_word' id='word_1_636' title='bbox 3384 3990 3608 4061; x_wconf 75' lang='grc' dir='ltr'>ϐργανον</span> <span class='ocrx_word' id='word_1_637' title='bbox 3627 3988 3683 4041; x_wconf 86' lang='grc' dir='ltr'>τὸ</span> <span class='ocrx_word' id='word_1_638' title='bbox 3702 3985 3837 4055; x_wconf 73' lang='grc' dir='ltr'>σῶμα</span> 
     </span>
    </p>
   </div>
   <div class='ocr_carea' id='block_1_85' title="bbox 2340 4077 3837 4156">
    <p class='ocr_par' dir='ltr' id='par_1_85' title="bbox 2340 4077 3837 4156">
     <span class='ocr_line' id='line_1_85' title="bbox 2340 4077 3837 4156; baseline -0.006 -18"><span class='ocrx_word' id='word_1_639' title='bbox 2340 4086 2398 4138; x_wconf 84' lang='grc' dir='ltr'>τὸ</span> <span class='ocrx_word' id='word_1_640' title='bbox 2425 4085 2749 4156; x_wconf 81' lang='grc' dir='ltr'>ἀνθρώπειον</span> <span class='ocrx_word' id='word_1_641' title='bbox 2782 4084 3079 4148; x_wconf 85' lang='grc' dir='ltr'>ἀναλαϐὼν,</span> <span class='ocrx_word' id='word_1_642' title='bbox 3120 4083 3214 4136; x_wconf 78' lang='grc' dir='ltr'><strong>καὶ</strong></span> <span class='ocrx_word' id='word_1_643' title='bbox 3244 4080 3399 4135; x_wconf 87' lang='grc' dir='ltr'>τοῦτο</span> <span class='ocrx_word' id='word_1_644' title='bbox 3430 4079 3506 4149; x_wconf 85' lang='grc' dir='ltr'>τῷ</span> <span class='ocrx_word' id='word_1_645' title='bbox 3534 4077 3731 4147; x_wconf 79' lang='grc' dir='ltr'>θανάτῳ</span> <span class='ocrx_word' id='word_1_646' title='bbox 3752 4092 3837 4129; x_wconf 71' lang='grc' dir='ltr'><strong>παν</strong></span> 
     </span>
    </p>
   </div>
   <div class='ocr_carea' id='block_1_86' title="bbox 2345 4167 3836 4247">
    <p class='ocr_par' dir='ltr' id='par_1_86' title="bbox 2345 4167 3836 4247">
     <span class='ocr_line' id='line_1_86' title="bbox 2345 4167 3836 4247; baseline -0.007 -19"><span class='ocrx_word' id='word_1_647' title='bbox 2345 4175 2529 4246; x_wconf 82' lang='grc' dir='ltr'>ραδοὺς</span> <span class='ocrx_word' id='word_1_648' title='bbox 2577 4176 2653 4238; x_wconf 86' lang='grc' dir='ltr'><strong>είς</strong></span> <span class='ocrx_word' id='word_1_649' title='bbox 2694 4174 2908 4247; x_wconf 82' lang='grc' dir='ltr'>ἔνδειξιν</span> <span class='ocrx_word' id='word_1_650' title='bbox 2963 4174 3061 4242; x_wconf 90' lang='grc' dir='ltr'><strong>τῆς</strong></span> <span class='ocrx_word' id='word_1_651' title='bbox 3107 4171 3305 4234; x_wconf 85' lang='grc' dir='ltr'>οίκείας</span> <span class='ocrx_word' id='word_1_652' title='bbox 3344 4169 3587 4239; x_wconf 76' lang='grc' dir='ltr'>φύσεως,</span> <span class='ocrx_word' id='word_1_653' title='bbox 3633 4167 3836 4221; x_wconf 72' lang='grc' dir='ltr'>κᾶπειτα</span> 
     </span>
    </p>
   </div>
   <div class='ocr_carea' id='block_1_87' title="bbox 2341 4253 3835 4331">
    <p class='ocr_par' dir='ltr' id='par_1_87' title="bbox 2341 4253 3835 4331">
     <span class='ocr_line' id='line_1_87' title="bbox 2341 4253 3835 4331; baseline -0.007 -14"><span class='ocrx_word' id='word_1_654' title='bbox 2341 4264 2465 4317; x_wconf 82' lang='grc' dir='ltr'>αὐτὸ</span> <span class='ocrx_word' id='word_1_655' title='bbox 2492 4263 2583 4316; x_wconf 89' lang='grc' dir='ltr'><strong>τοῦ</strong></span> <span class='ocrx_word' id='word_1_656' title='bbox 2609 4263 2827 4317; x_wconf 83' lang='grc' dir='ltr'>θανάτου</span> <span class='ocrx_word' id='word_1_657' title='bbox 2873 4260 3064 4327; x_wconf 84' lang='grc' dir='ltr'>ἐξελὼν</span> <span class='ocrx_word' id='word_1_658' title='bbox 3096 4262 3174 4324; x_wconf 89' lang='grc' dir='ltr'><strong>είς</strong></span> <span class='ocrx_word' id='word_1_659' title='bbox 3199 4258 3537 4331; x_wconf 85' lang='grc' dir='ltr'>παράστασιν</span> <span class='ocrx_word' id='word_1_660' title='bbox 3566 4257 3661 4326; x_wconf 87' lang='grc' dir='ltr'><strong>τῆς</strong></span> <span class='ocrx_word' id='word_1_661' title='bbox 3683 4253 3835 4307; x_wconf 79' lang='grc' dir='ltr'>ἐνθέου</span> 
     </span>
    </p>
   </div>
   <div class='ocr_carea' id='block_1_88' title="bbox 2340 4340 3834 4421">
    <p class='ocr_par' dir='ltr' id='par_1_88' title="bbox 2340 4340 3834 4421">
     <span class='ocr_line' id='line_1_88' title="bbox 2340 4340 3834 4421; baseline -0.007 -16"><span class='ocrx_word' id='word_1_662' title='bbox 2340 4352 2630 4420; x_wconf 83' lang='grc' dir='ltr'>δυνάμεως,</span> <span class='ocrx_word' id='word_1_663' title='bbox 2678 4351 2789 4404; x_wconf 87' lang='grc' dir='ltr'>λύει</span> <span class='ocrx_word' id='word_1_664' title='bbox 2826 4352 2921 4421; x_wconf 80' lang='grc' dir='ltr'>μὲν</span> <span class='ocrx_word' id='word_1_665' title='bbox 2950 4348 3041 4404; x_wconf 90' lang='grc' dir='ltr'><strong>τοῦ</strong></span> <span class='ocrx_word' id='word_1_666' title='bbox 3068 4340 3292 4403; x_wconf 79' lang='grc' dir='ltr'>θανάτου</span> <span class='ocrx_word' id='word_1_667' title='bbox 3323 4348 3383 4401; x_wconf 81' lang='grc' dir='ltr'>τὸ</span> <span class='ocrx_word' id='word_1_668' title='bbox 3420 4348 3630 4418; x_wconf 85' lang='grc' dir='ltr'>κράτος,</span> <span class='ocrx_word' id='word_1_669' title='bbox 3646 4344 3760 4415; x_wconf 46' lang='grc' dir='ltr'>,λύει</span> <span class='ocrx_word' id='word_1_670' title='bbox 3792 4342 3834 4394; x_wconf 80' lang='grc' dir='ltr'>δὲ</span> 
     </span>
    </p>
   </div>
   <div class='ocr_carea' id='block_1_89' title="bbox 2341 4435 3837 4512">
    <p class='ocr_par' dir='ltr' id='par_1_89' title="bbox 2341 4435 3837 4512">
     <span class='ocr_line' id='line_1_89' title="bbox 2341 4435 3837 4512; baseline -0.014 -8"><span class='ocrx_word' id='word_1_671' title='bbox 2341 4442 2435 4506; x_wconf 67' lang='grc' dir='ltr'><strong>καὶ</strong></span> <span class='ocrx_word' id='word_1_672' title='bbox 2480 4439 2572 4493; x_wconf 89' lang='grc' dir='ltr'><strong>τοῦ</strong></span> <span class='ocrx_word' id='word_1_673' title='bbox 2608 4440 2844 4494; x_wconf 81' lang='grc' dir='ltr'>διαϐόλου</span> <span class='ocrx_word' id='word_1_674' title='bbox 2886 4442 2982 4512; x_wconf 82' lang='grc' dir='ltr'>τὴν</span> <span class='ocrx_word' id='word_1_675' title='bbox 3022 4440 3159 4494; x_wconf 86' lang='grc' dir='ltr'>κατὰ</span> <span class='ocrx_word' id='word_1_676' title='bbox 3192 4439 3298 4492; x_wconf 84' lang='grc' dir='ltr'>τῶν</span> <span class='ocrx_word' id='word_1_677' title='bbox 3337 4435 3629 4507; x_wconf 79' lang='grc' dir='ltr'>ἀνθρώπιον</span> <span class='ocrx_word' id='word_1_678' title='bbox 3667 4450 3837 4502; x_wconf 62' lang='grc' dir='ltr'>τυραντ</span> 
     </span>
    </p>
   </div>
   <div class='ocr_carea' id='block_1_90' title="bbox 724 4508 2239 4597">
    <p class='ocr_par' dir='ltr' id='par_1_90' title="bbox 724 4508 2239 4587">
     <span class='ocr_line' id='line_1_90' title="bbox 724 4508 2239 4587; baseline 0.007 -26"><span class='ocrx_word' id='word_1_679' title='bbox 724 4508 920 4563; x_wconf 86' lang='lat' dir='ltr'><strong>rituum</strong></span> <span class='ocrx_word' id='word_1_680' title='bbox 970 4513 1319 4581; x_wconf 86' lang='lat' dir='ltr'><strong>impurorum,</strong></span> <span class='ocrx_word' id='word_1_681' title='bbox 1358 4517 1447 4584; x_wconf 87' lang='lat' dir='ltr'><strong>qui</strong></span> <span class='ocrx_word' id='word_1_682' title='bbox 1478 4517 1603 4569; x_wconf 92' lang='lat' dir='ltr'><strong>olim</strong></span> <span class='ocrx_word' id='word_1_683' title='bbox 1643 4516 1698 4568; x_wconf 89' lang='lat' dir='ltr'><strong>in</strong></span> <span class='ocrx_word' id='word_1_684' title='bbox 1757 4515 2040 4570; x_wconf 90' lang='lat' dir='ltr'><strong>humanum</strong></span> <span class='ocrx_word' id='word_1_685' title='bbox 2077 4533 2239 4587; x_wconf 85' lang='lat' dir='ltr'><strong>genus</strong></span> 
     </span>
    </p>
   </div>
   <div class='ocr_carea' id='block_1_91' title="bbox 2337 4508 3835 4597">
    <p class='ocr_par' dir='ltr' id='par_1_91' title="bbox 2340 4508 3835 4597">
     <span class='ocr_line' id='line_1_91' title="bbox 2340 4508 3835 4597; baseline -0.006 -14"><span class='ocrx_word' id='word_1_686' title='bbox 2340 4531 2469 4583; x_wconf 86' lang='grc' dir='ltr'>νίδα·</span> <span class='ocrx_word' id='word_1_687' title='bbox 2493 4530 2625 4584; x_wconf 83' lang='grc' dir='ltr'><strong>ἀλλά</strong></span> <span class='ocrx_word' id='word_1_688' title='bbox 2650 4532 2742 4582; x_wconf 70' lang='grc' dir='ltr'><strong>καὶ</strong></span> <span class='ocrx_word' id='word_1_689' title='bbox 2758 4530 2863 4583; x_wconf 83' lang='grc' dir='ltr'><strong>τῶν</strong></span> <span class='ocrx_word' id='word_1_690' title='bbox 2886 4508 3049 4585; x_wconf 83' lang='grc' dir='ltr'>πάλαι</span> <span class='ocrx_word' id='word_1_691' title='bbox 3070 4526 3547 4597; x_wconf 85' lang='grc' dir='ltr'>κατακρατούντων</span> <span class='ocrx_word' id='word_1_692' title='bbox 3562 4521 3651 4577; x_wconf 84' lang='grc' dir='ltr'><strong>τοῦ</strong></span> <span class='ocrx_word' id='word_1_693' title='bbox 3666 4522 3835 4590; x_wconf 84' lang='grc' dir='ltr'>ἀνθρω-</span> 
     </span>
    </p>
   </div>
   <div class='ocr_carea' id='block_1_92' title="bbox 725 4597 2234 4676">
    <p class='ocr_par' dir='ltr' id='par_1_92' title="bbox 725 4597 2234 4676">
     <span class='ocr_line' id='line_1_92' title="bbox 725 4597 2234 4676; baseline 0.008 -27"><span class='ocrx_word' id='word_1_694' title='bbox 725 4597 1002 4665; x_wconf 89' lang='lat' dir='ltr'><strong>imperium</strong></span> <span class='ocrx_word' id='word_1_695' title='bbox 1048 4602 1400 4666; x_wconf 67' lang='lat' dir='ltr'><strong>obtinebant.</strong></span> <span class='ocrx_word' id='word_1_696' title='bbox 1442 4606 1694 4674; x_wconf 82' lang='lat' dir='ltr'><strong>Operandi</strong></span> <span class='ocrx_word' id='word_1_697' title='bbox 1750 4605 1857 4658; x_wconf 90' lang='lat' dir='ltr'><strong>vim</strong></span> <span class='ocrx_word' id='word_1_698' title='bbox 1916 4607 2234 4676; x_wconf 74' lang='lat' dir='ltr'><strong>exstinguit,</strong></span> 
     </span>
    </p>
   </div>
   <div class='ocr_carea' id='block_1_93' title="bbox 725 4688 2241 4761">
    <p class='ocr_par' dir='ltr' id='par_1_93' title="bbox 725 4688 2241 4761">
     <span class='ocr_line' id='line_1_93' title="bbox 725 4688 2241 4761; baseline 0.004 -20"><span class='ocrx_word' id='word_1_699' title='bbox 725 4688 934 4742; x_wconf 85' lang='lat' dir='ltr'><strong>sublata</strong></span> <span class='ocrx_word' id='word_1_700' title='bbox 978 4704 1069 4756; x_wconf 90' lang='lat' dir='ltr'><strong>per</strong></span> <span class='ocrx_word' id='word_1_701' title='bbox 1096 4692 1448 4757; x_wconf 86' lang='lat' dir='ltr'><strong>evangelicam</strong></span> <span class='ocrx_word' id='word_1_702' title='bbox 1489 4695 1914 4761; x_wconf 81' lang='lat' dir='ltr'><strong>praedicationem</strong></span> <span class='ocrx_word' id='word_1_703' title='bbox 1954 4697 2098 4749; x_wconf 90' lang='lat' dir='ltr'><strong>omni</strong></span> <span class='ocrx_word' id='word_1_704' title='bbox 2148 4696 2241 4747; x_wconf 86' lang='lat' dir='ltr'><strong>ad-</strong></span> 
     </span>
    </p>
   </div>
   <div class='ocr_carea' id='block_1_94' title="bbox 722 4777 2239 4853">
    <p class='ocr_par' dir='ltr' id='par_1_94' title="bbox 722 4777 2239 4853">
     <span class='ocr_line' id='line_1_94' title="bbox 722 4777 2239 4853; baseline 0.007 -26"><span class='ocrx_word' id='word_1_705' title='bbox 722 4777 959 4830; x_wconf 86' lang='lat' dir='ltr'><strong>versaria</strong></span> <span class='ocrx_word' id='word_1_706' title='bbox 982 4786 1033 4829; x_wconf 91' lang='lat' dir='ltr'><strong>et</strong></span> <span class='ocrx_word' id='word_1_707' title='bbox 1055 4778 1265 4832; x_wconf 88' lang='lat' dir='ltr'><strong>inimica</strong></span> <span class='ocrx_word' id='word_1_708' title='bbox 1297 4781 1402 4834; x_wconf 89' lang='lat' dir='ltr'><strong>Deo</strong></span> <span class='ocrx_word' id='word_1_709' title='bbox 1425 4790 1706 4849; x_wconf 82' lang='lat' dir='ltr'><strong>potestate,</strong></span> <span class='ocrx_word' id='word_1_710' title='bbox 1741 4791 2019 4853; x_wconf 88' lang='lat' dir='ltr'><strong>paternum</strong></span> <span class='ocrx_word' id='word_1_711' title='bbox 2044 4784 2149 4837; x_wconf 93' lang='lat' dir='ltr'><strong>Deo</strong></span> <span class='ocrx_word' id='word_1_712' title='bbox 2187 4785 2239 4838; x_wconf 91' lang='lat' dir='ltr'><strong>in</strong></span> 
     </span>
    </p>
   </div>
   <div class='ocr_carea' id='block_1_95' title="bbox 724 4872 2240 4944">
    <p class='ocr_par' dir='ltr' id='par_1_95' title="bbox 724 4872 2240 4944">
     <span class='ocr_line' id='line_1_95' title="bbox 724 4872 2240 4944; baseline 0.009 -27"><span class='ocrx_word' id='word_1_713' title='bbox 724 4880 908 4920; x_wconf 88' lang='lat' dir='ltr'><strong>omnes</strong></span> <span class='ocrx_word' id='word_1_714' title='bbox 938 4876 1121 4936; x_wconf 82' lang='lat' dir='ltr'><strong>gentes</strong></span> <span class='ocrx_word' id='word_1_715' title='bbox 1158 4883 1377 4937; x_wconf 84' lang='lat' dir='ltr'><strong>regnum</strong></span> <span class='ocrx_word' id='word_1_716' title='bbox 1416 4880 1684 4938; x_wconf 86' lang='lat' dir='ltr'><strong>procurat.</strong></span> <span class='ocrx_word' id='word_1_717' title='bbox 1709 4872 2039 4944; x_wconf 85' lang='lat' dir='ltr'><strong>Quapropter</strong></span> <span class='ocrx_word' id='word_1_718' title='bbox 2066 4877 2240 4930; x_wconf 88' lang='lat' dir='ltr'><strong>soluta</strong></span> 
     </span>
    </p>
   </div>
   <div class='ocr_carea' id='block_1_96' title="bbox 726 4950 2237 5035">
    <p class='ocr_par' dir='ltr' id='par_1_96' title="bbox 726 4950 2237 5035">
     <span class='ocr_line' id='line_1_96' title="bbox 726 4950 2237 5035; baseline 0.008 -28"><span class='ocrx_word' id='word_1_719' title='bbox 726 4957 915 5011; x_wconf 83' lang='lat' dir='ltr'><strong>mortis</strong></span> <span class='ocrx_word' id='word_1_720' title='bbox 948 4965 1228 5025; x_wconf 89' lang='lat' dir='ltr'><strong>potestate,</strong></span> <span class='ocrx_word' id='word_1_721' title='bbox 1280 4974 1341 5013; x_wconf 90' lang='lat' dir='ltr'><strong>ac</strong></span> <span class='ocrx_word' id='word_1_722' title='bbox 1386 4960 1656 5015; x_wconf 88' lang='lat' dir='ltr'><strong>destructo</strong></span> <span class='ocrx_word' id='word_1_723' title='bbox 1699 4950 1900 5034; x_wconf 85' lang='lat' dir='ltr'><strong>eo,qui</strong></span> <span class='ocrx_word' id='word_1_724' title='bbox 1958 4966 2237 5035; x_wconf 86' lang='lat' dir='ltr'><strong>imperium</strong></span> 
     </span>
    </p>
   </div>
   <div class='ocr_carea' id='block_1_97' title="bbox 726 5044 2235 5124">
    <p class='ocr_par' dir='ltr' id='par_1_97' title="bbox 726 5044 2235 5124">
     <span class='ocr_line' id='line_1_97' title="bbox 726 5044 2235 5124; baseline 0.011 -29"><span class='ocrx_word' id='word_1_725' title='bbox 726 5044 912 5097; x_wconf 90' lang='lat' dir='ltr'><strong>mortis</strong></span> <span class='ocrx_word' id='word_1_726' title='bbox 946 5046 1194 5108; x_wconf 85' lang='lat' dir='ltr'><strong>habebat,</strong></span> <span class='ocrx_word' id='word_1_727' title='bbox 1228 5048 1281 5100; x_wconf 90' lang='lat' dir='ltr'><strong>id</strong></span> <span class='ocrx_word' id='word_1_728' title='bbox 1331 5050 1707 5123; x_wconf 12' lang='lat' dir='ltr'><strong>est,ldiabolo;</strong></span> <span class='ocrx_word' id='word_1_729' title='bbox 1734 5052 1843 5121; x_wconf 84' lang='lat' dir='ltr'><strong>jam</strong></span> <span class='ocrx_word' id='word_1_730' title='bbox 1889 5067 2139 5124; x_wconf 80' lang='lat' dir='ltr'><strong>regnante</strong></span> <span class='ocrx_word' id='word_1_731' title='bbox 2183 5059 2235 5111; x_wconf 90' lang='lat' dir='ltr'><strong>in</strong></span> 
     </span>
    </p>
   </div>
   <div class='ocr_carea' id='block_1_98' title="bbox 725 5133 2237 5209">
    <p class='ocr_par' dir='ltr' id='par_1_98' title="bbox 725 5133 2237 5209">
     <span class='ocr_line' id='line_1_98' title="bbox 725 5133 2237 5209; baseline 0.011 -25"><span class='ocrx_word' id='word_1_732' title='bbox 725 5133 972 5185; x_wconf 73' lang='lat' dir='ltr'><strong>omnibus</strong></span> <span class='ocrx_word' id='word_1_733' title='bbox 1002 5135 1247 5202; x_wconf 82' lang='lat' dir='ltr'><strong>gentibus</strong></span> <span class='ocrx_word' id='word_1_734' title='bbox 1278 5134 1529 5201; x_wconf 89' lang='lat' dir='ltr'><strong>Domino,</strong></span> <span class='ocrx_word' id='word_1_735' title='bbox 1562 5149 1815 5209; x_wconf 86' lang='lat' dir='ltr'><strong>regnante</strong></span> <span class='ocrx_word' id='word_1_736' title='bbox 1849 5142 1972 5197; x_wconf 87' lang='lat' dir='ltr'><strong>item</strong></span> <span class='ocrx_word' id='word_1_737' title='bbox 1996 5160 2115 5198; x_wconf 91' lang='lat' dir='ltr'><strong>cum</strong></span> <span class='ocrx_word' id='word_1_738' title='bbox 2148 5147 2237 5201; x_wconf 91' lang='lat' dir='ltr'><strong>illo</strong></span> 
     </span>
    </p>
   </div>
   <div class='ocr_carea' id='block_1_99' title="bbox 726 5221 2239 5302">
    <p class='ocr_par' dir='ltr' id='par_1_99' title="bbox 726 5221 2239 5302">
     <span class='ocr_line' id='line_1_99' title="bbox 726 5221 2239 5302; baseline 0.011 -29"><span class='ocrx_word' id='word_1_739' title='bbox 726 5238 776 5273; x_wconf 89' lang='grc' dir='ltr'><strong>ιιι</strong></span> <span class='ocrx_word' id='word_1_740' title='bbox 812 5221 1114 5278; x_wconf 88' lang='lat' dir='ltr'><strong>hominibus</strong></span> <span class='ocrx_word' id='word_1_741' title='bbox 1156 5226 1259 5279; x_wconf 89' lang='lat' dir='ltr'><strong>vita</strong></span> <span class='ocrx_word' id='word_1_742' title='bbox 1297 5226 1406 5291; x_wconf 86' lang='lat' dir='ltr'><strong>illa,</strong></span> <span class='ocrx_word' id='word_1_743' title='bbox 1435 5243 1551 5296; x_wconf 70' lang='lat' dir='ltr'><strong>qua:</strong></span> <span class='ocrx_word' id='word_1_744' title='bbox 1594 5232 1883 5286; x_wconf 84' lang='lat' dir='ltr'><strong>se‘eundum</strong></span> <span class='ocrx_word' id='word_1_745' title='bbox 1924 5232 2086 5288; x_wconf 87' lang='lat' dir='ltr'><strong>Deum</strong></span> <span class='ocrx_word' id='word_1_746' title='bbox 2120 5245 2239 5302; x_wconf 86' lang='lat' dir='ltr'><strong>est;</strong></span> 
     </span>
    </p>
   </div>
   <div class='ocr_carea' id='block_1_100' title="bbox 726 5304 2239 5389">
    <p class='ocr_par' dir='ltr' id='par_1_100' title="bbox 726 5304 2239 5389">
     <span class='ocr_line' id='line_1_100' title="bbox 726 5304 2239 5389; baseline 0.012 -25"><span class='ocrx_word' id='word_1_747' title='bbox 726 5312 913 5366; x_wconf 86' lang='lat' dir='ltr'><strong>merito</strong></span> <span class='ocrx_word' id='word_1_748' title='bbox 949 5310 1174 5379; x_wconf 87' lang='lat' dir='ltr'><strong>Spiritus</strong></span> <span class='ocrx_word' id='word_1_749' title='bbox 1196 5304 1415 5374; x_wconf 72' lang='lat' dir='ltr'><strong>sanctus</strong></span> <span class='ocrx_word' id='word_1_750' title='bbox 1441 5333 1537 5389; x_wconf 89' lang='lat' dir='ltr'><strong>pro</strong></span> <span class='ocrx_word' id='word_1_751' title='bbox 1566 5327 1711 5374; x_wconf 89' lang='lat' dir='ltr'><strong>tanto</strong></span> <span class='ocrx_word' id='word_1_752' title='bbox 1746 5320 1983 5378; x_wconf 77' lang='lat' dir='ltr'><strong>facinore</strong></span> <span class='ocrx_word' id='word_1_753' title='bbox 2019 5327 2239 5383; x_wconf 91' lang='lat' dir='ltr'><strong>choreas</strong></span> 
     </span>
    </p>
   </div>
   <div class='ocr_carea' id='block_1_101' title="bbox 727 5409 2239 5479">
    <p class='ocr_par' dir='ltr' id='par_1_101' title="bbox 727 5409 2239 5479">
     <span class='ocr_line' id='line_1_101' title="bbox 727 5409 2239 5479; baseline 0.013 -29"><span class='ocrx_word' id='word_1_754' title='bbox 727 5413 907 5471; x_wconf 84' lang='lat' dir='ltr'><strong>agens,</strong></span> <span class='ocrx_word' id='word_1_755' title='bbox 927 5416 1131 5469; x_wconf 86' lang='lat' dir='ltr'><strong>nosque</strong></span> <span class='ocrx_word' id='word_1_756' title='bbox 1164 5419 1362 5461; x_wconf 89' lang='lat' dir='ltr'><strong>.omnes</strong></span> <span class='ocrx_word' id='word_1_757' title='bbox 1408 5409 1475 5462; x_wconf 90' lang='lat' dir='ltr'><strong>ad</strong></span> <span class='ocrx_word' id='word_1_758' title='bbox 1513 5409 1736 5464; x_wconf 88' lang='lat' dir='ltr'><strong>choreas</strong></span> <span class='ocrx_word' id='word_1_759' title='bbox 1782 5418 2239 5479; x_wconf 61' lang='lat' dir='ltr'><strong>convocans;th</strong></span> 
     </span>
    </p>
   </div>
   <div class='ocr_carea' id='block_1_102' title="bbox 731 5481 2234 5587">
    <p class='ocr_par' dir='ltr' id='par_1_102' title="bbox 731 5481 2234 5587">
     <span class='ocr_line' id='line_1_102' title="bbox 731 5481 2234 5587; baseline 0.013 -47"><span class='ocrx_word' id='word_1_760' title='bbox 731 5481 1088 5545; x_wconf 71' lang='lat' dir='ltr'><strong>reciferatur:</strong></span> <span class='ocrx_word' id='word_1_761' title='bbox 1133 5491 1381 5551; x_wconf 76' lang='lat' dir='ltr'><strong>Dominus</strong></span> <span class='ocrx_word' id='word_1_762' title='bbox 1441 5486 1701 5573; x_wconf 66' lang='lat' dir='ltr'><strong>regnavit,</strong></span> <span class='ocrx_word' id='word_1_763' title='bbox 1762 5504 1992 5556; x_wconf 80' lang='lat' dir='ltr'><strong>decorem</strong></span> <span class='ocrx_word' id='word_1_764' title='bbox 2046 5507 2234 5587; x_wconf 61' lang='lat' dir='ltr'><strong>induit.</strong></span> 
     </span>
    </p>
   </div>
   <div class='ocr_carea' id='block_1_103' title="bbox 798 5606 1799 5713">
    <p class='ocr_par' dir='ltr' id='par_1_103' title="bbox 798 5606 1799 5713">
     <span class='ocr_line' id='line_1_103' title="bbox 798 5606 1799 5713; baseline 0.018 -26"><span class='ocrx_word' id='word_1_765' title='bbox 798 5637 843 5667; x_wconf 78' lang='grc'><strong><em>³³</em></strong></span> <span class='ocrx_word' id='word_1_766' title='bbox 879 5638 1031 5693; x_wconf 82' lang='lat' dir='ltr'><strong>Rom.</strong></span> <span class='ocrx_word' id='word_1_767' title='bbox 1067 5660 1118 5709; x_wconf 90' lang='lat' dir='ltr'><strong>v,</strong></span> <span class='ocrx_word' id='word_1_768' title='bbox 1170 5646 1253 5699; x_wconf 76' lang='grc' dir='ltr'>Η.</span> <span class='ocrx_word' id='word_1_769' title='bbox 1286 5638 1297 5646; x_wconf 72' lang='grc'><em>’</em></span> <span class='ocrx_word' id='word_1_770' title='bbox 1326 5648 1370 5679; x_wconf 76' lang='grc'>³⁸</span> <span class='ocrx_word' id='word_1_771' title='bbox 1408 5648 1565 5704; x_wconf 77' lang='lat' dir='ltr'><strong>Hebr.</strong></span> <span class='ocrx_word' id='word_1_772' title='bbox 1606 5665 1641 5704; x_wconf 86' lang='grc' dir='ltr'><strong>ιι</strong></span> <span class='ocrx_word' id='word_1_773' title='bbox 1662 5606 1691 5713; x_wconf 12' lang='grc' dir='ltr'>,ἢ</span> <span class='ocrx_word' id='word_1_774' title='bbox 1716 5652 1799 5706; x_wconf 75' lang='grc' dir='ltr'>Η.</span> 
     </span>
    </p>
   </div>
   <div class='ocr_carea' id='block_1_104' title="bbox 2342 4612 3835 4689">
    <p class='ocr_par' dir='ltr' id='par_1_104' title="bbox 2342 4612 3835 4689">
     <span class='ocr_line' id='line_1_104' title="bbox 2342 4612 3835 4689; baseline -0.007 -16"><span class='ocrx_word' id='word_1_775' title='bbox 2342 4621 2490 4673; x_wconf 75' lang='grc' dir='ltr'>πείου</span> <span class='ocrx_word' id='word_1_776' title='bbox 2540 4621 2725 4689; x_wconf 85' lang='grc' dir='ltr'>γένους</span> <span class='ocrx_word' id='word_1_777' title='bbox 2786 4620 3046 4689; x_wconf 84' lang='grc' dir='ltr'>δαιμόνων</span> <span class='ocrx_word' id='word_1_778' title='bbox 3109 4616 3350 4689; x_wconf 79' lang='grc' dir='ltr'>πονηρῶν</span> <span class='ocrx_word' id='word_1_779' title='bbox 3402 4614 3497 4669; x_wconf 81' lang='grc' dir='ltr'>καὶ</span> <span class='ocrx_word' id='word_1_780' title='bbox 3551 4612 3835 4682; x_wconf 81' lang='grc' dir='ltr'>πνευμάτων</span> 
     </span>
    </p>
   </div>
   <div class='ocr_carea' id='block_1_105' title="bbox 2342 4700 3835 4779">
    <p class='ocr_par' dir='ltr' id='par_1_105' title="bbox 2342 4700 3835 4779">
     <span class='ocr_line' id='line_1_105' title="bbox 2342 4700 3835 4779; baseline -0.006 -18"><span class='ocrx_word' id='word_1_781' title='bbox 2342 4709 2660 4779; x_wconf 81' lang='grc' dir='ltr'>ἀκαθάρτων</span> <span class='ocrx_word' id='word_1_782' title='bbox 2686 4706 2779 4777; x_wconf 76' lang='grc' dir='ltr'>τὴν</span> <span class='ocrx_word' id='word_1_783' title='bbox 2808 4707 3074 4777; x_wconf 84' lang='grc' dir='ltr'>ἐνέργειαν</span> <span class='ocrx_word' id='word_1_784' title='bbox 3110 4706 3368 4770; x_wconf 82' lang='grc' dir='ltr'>σϐέννυσι,</span> <span class='ocrx_word' id='word_1_785' title='bbox 3408 4704 3584 4759; x_wconf 75' lang='grc' dir='ltr'>πᾶσάν</span> <span class='ocrx_word' id='word_1_786' title='bbox 3612 4719 3669 4754; x_wconf 86' lang='grc' dir='ltr'><strong>τε</strong></span> <span class='ocrx_word' id='word_1_787' title='bbox 3706 4700 3835 4754; x_wconf 80' lang='grc' dir='ltr'>καθε-</span> 
     </span>
    </p>
   </div>
   <div class='ocr_carea' id='block_1_106' title="bbox 2341 4790 3833 4870">
    <p class='ocr_par' dir='ltr' id='par_1_106' title="bbox 2341 4790 3833 4870">
     <span class='ocr_line' id='line_1_106' title="bbox 2341 4790 3833 4870; baseline 0.001 -20"><span class='ocrx_word' id='word_1_788' title='bbox 2341 4797 2443 4851; x_wconf 87' lang='grc' dir='ltr'>λὼν</span> <span class='ocrx_word' id='word_1_789' title='bbox 2469 4800 2567 4870; x_wconf 86' lang='grc' dir='ltr'>τὴν</span> <span class='ocrx_word' id='word_1_790' title='bbox 2598 4798 2969 4868; x_wconf 80' lang='grc' dir='ltr'>ἀντικειμένην</span> <span class='ocrx_word' id='word_1_791' title='bbox 3008 4796 3325 4868; x_wconf 30' lang='grc' dir='ltr'>καὶ-ἐχθρὰν</span> <span class='ocrx_word' id='word_1_792' title='bbox 3358 4795 3434 4866; x_wconf 82' lang='grc' dir='ltr'><strong>τῷ</strong></span> <span class='ocrx_word' id='word_1_793' title='bbox 3470 4792 3587 4863; x_wconf 89' lang='grc' dir='ltr'>Θεῷ</span> <span class='ocrx_word' id='word_1_794' title='bbox 3622 4790 3833 4861; x_wconf 66' lang='grc' dir='ltr'>δύναμιν,</span> 
     </span>
    </p>
   </div>
   <div class='ocr_carea' id='block_1_107' title="bbox 2340 4877 3833 4959">
    <p class='ocr_par' dir='ltr' id='par_1_107' title="bbox 2340 4877 3833 4959">
     <span class='ocr_line' id='line_1_107' title="bbox 2340 4877 3833 4959; baseline -0.01 -15"><span class='ocrx_word' id='word_1_795' title='bbox 2340 4886 2433 4958; x_wconf 78' lang='grc' dir='ltr'><strong>τὴν</strong></span> <span class='ocrx_word' id='word_1_796' title='bbox 2458 4890 2719 4959; x_wconf 79' lang='grc' dir='ltr'>πατρικὴν</span> <span class='ocrx_word' id='word_1_797' title='bbox 2743 4885 2817 4956; x_wconf 80' lang='grc' dir='ltr'>τῷ</span> <span class='ocrx_word' id='word_1_798' title='bbox 2840 4886 2956 4958; x_wconf 84' lang='grc' dir='ltr'>Θεῷ</span> <span class='ocrx_word' id='word_1_799' title='bbox 2992 4886 3265 4958; x_wconf 86' lang='grc' dir='ltr'>βασιλείαν</span> <span class='ocrx_word' id='word_1_800' title='bbox 3286 4883 3372 4938; x_wconf 81' lang='grc' dir='ltr'>διὰ</span> <span class='ocrx_word' id='word_1_801' title='bbox 3400 4883 3493 4936; x_wconf 85' lang='grc' dir='ltr'><strong>τοῦ</strong></span> <span class='ocrx_word' id='word_1_802' title='bbox 3522 4877 3833 4947; x_wconf 78' lang='grc' dir='ltr'>εὐαγγελικοῦ</span> 
     </span>
    </p>
   </div>
   <div class='ocr_carea' id='block_1_108' title="bbox 2341 4969 3835 5048">
    <p class='ocr_par' dir='ltr' id='par_1_108' title="bbox 2341 4969 3835 5048">
     <span class='ocr_line' id='line_1_108' title="bbox 2341 4969 3835 5048; baseline -0.007 -18"><span class='ocrx_word' id='word_1_803' title='bbox 2341 4974 2682 5048; x_wconf 83' lang='grc' dir='ltr'>κηρύγματος</span> <span class='ocrx_word' id='word_1_804' title='bbox 2713 4978 2843 5030; x_wconf 79' lang='grc' dir='ltr'>πᾶσι</span> <span class='ocrx_word' id='word_1_805' title='bbox 2881 4981 2993 5041; x_wconf 86' lang='grc' dir='ltr'>τοῖς</span> <span class='ocrx_word' id='word_1_806' title='bbox 3029 4977 3202 5030; x_wconf 77' lang='grc' dir='ltr'>ἔθνεσι</span> <span class='ocrx_word' id='word_1_807' title='bbox 3235 4972 3498 5045; x_wconf 78' lang='grc' dir='ltr'>προξενεῖ.</span> <span class='ocrx_word' id='word_1_808' title='bbox 3521 4970 3627 5023; x_wconf 72' lang='grc' dir='ltr'><strong>Διὸ</strong></span> <span class='ocrx_word' id='word_1_809' title='bbox 3668 4969 3725 5039; x_wconf 81' lang='grc' dir='ltr'>δὴ</span> <span class='ocrx_word' id='word_1_810' title='bbox 3757 4984 3835 5021; x_wconf 82' lang='grc' dir='ltr'>κα-</span> 
     </span>
    </p>
   </div>
   <div class='ocr_carea' id='block_1_109' title="bbox 2338 5062 3833 5138">
    <p class='ocr_par' dir='ltr' id='par_1_109' title="bbox 2338 5062 3833 5138">
     <span class='ocr_line' id='line_1_109' title="bbox 2338 5062 3833 5138; baseline -0.005 -20"><span class='ocrx_word' id='word_1_811' title='bbox 2338 5066 2651 5138; x_wconf 81' lang='grc' dir='ltr'>ταλυθείσης</span> <span class='ocrx_word' id='word_1_812' title='bbox 2672 5066 2768 5136; x_wconf 83' lang='grc' dir='ltr'><strong>τῆς</strong></span> <span class='ocrx_word' id='word_1_813' title='bbox 2795 5066 2887 5121; x_wconf 87' lang='grc' dir='ltr'><strong>τοῦ</strong></span> <span class='ocrx_word' id='word_1_814' title='bbox 2919 5068 3143 5122; x_wconf 89' lang='grc' dir='ltr'>θανάτου</span> <span class='ocrx_word' id='word_1_815' title='bbox 3185 5063 3513 5125; x_wconf 86' lang='grc' dir='ltr'>δυναστείας,</span> <span class='ocrx_word' id='word_1_816' title='bbox 3546 5062 3635 5117; x_wconf 75' lang='grc' dir='ltr'><strong>καὶ</strong></span> <span class='ocrx_word' id='word_1_817' title='bbox 3662 5076 3833 5129; x_wconf 83' lang='grc' dir='ltr'>καταρ-</span> 
     </span>
    </p>
   </div>
   <div class='ocr_carea' id='block_1_110' title="bbox 2340 5142 3833 5228">
    <p class='ocr_par' dir='ltr' id='par_1_110' title="bbox 2340 5142 3833 5228">
     <span class='ocr_line' id='line_1_110' title="bbox 2340 5142 3833 5228; baseline -0.005 -18"><span class='ocrx_word' id='word_1_818' title='bbox 2340 5157 2589 5227; x_wconf 84' lang='grc' dir='ltr'>γηθέντος</span> <span class='ocrx_word' id='word_1_819' title='bbox 2628 5157 2723 5210; x_wconf 90' lang='grc' dir='ltr'><strong>τοῦ</strong></span> <span class='ocrx_word' id='word_1_820' title='bbox 2749 5157 2809 5209; x_wconf 83' lang='grc' dir='ltr'>τὸ</span> <span class='ocrx_word' id='word_1_821' title='bbox 2857 5156 3054 5228; x_wconf 85' lang='grc' dir='ltr'>κράτος</span> <span class='ocrx_word' id='word_1_822' title='bbox 3081 5142 3287 5224; x_wconf 75' lang='grc' dir='ltr'>ἔχοντος</span> <span class='ocrx_word' id='word_1_823' title='bbox 3315 5153 3408 5206; x_wconf 88' lang='grc' dir='ltr'><strong>τοῦ</strong></span> <span class='ocrx_word' id='word_1_824' title='bbox 3452 5152 3692 5213; x_wconf 83' lang='grc' dir='ltr'>θανάτου,</span> <span class='ocrx_word' id='word_1_825' title='bbox 3736 5165 3833 5201; x_wconf 78' lang='grc' dir='ltr'>τον-</span> 
     </span>
    </p>
   </div>
   <div class='ocr_carea' id='block_1_111' title="bbox 2336 5238 3833 5315">
    <p class='ocr_par' dir='ltr' id='par_1_111' title="bbox 2336 5238 3833 5315">
     <span class='ocr_line' id='line_1_111' title="bbox 2336 5238 3833 5315; baseline -0.006 -19"><span class='ocrx_word' id='word_1_826' title='bbox 2336 5245 2481 5299; x_wconf 84' lang='grc' dir='ltr'>τέστι</span> <span class='ocrx_word' id='word_1_827' title='bbox 2510 5247 2603 5299; x_wconf 85' lang='grc' dir='ltr'><strong>τοῦ</strong></span> <span class='ocrx_word' id='word_1_828' title='bbox 2631 5246 2891 5312; x_wconf 79' lang='grc' dir='ltr'>διαϐόλου,</span> <span class='ocrx_word' id='word_1_829' title='bbox 2925 5244 3285 5315; x_wconf 86' lang='grc' dir='ltr'>βασιλεύοντος</span> <span class='ocrx_word' id='word_1_830' title='bbox 3309 5244 3365 5297; x_wconf 80' lang='grc' dir='ltr'>δὲ</span> <span class='ocrx_word' id='word_1_831' title='bbox 3400 5244 3503 5314; x_wconf 79' lang='grc' dir='ltr'><strong>ῆδη</strong></span> <span class='ocrx_word' id='word_1_832' title='bbox 3552 5241 3725 5295; x_wconf 74' lang='grc' dir='ltr'>λοιπὸν</span> <span class='ocrx_word' id='word_1_833' title='bbox 3746 5238 3833 5290; x_wconf 77' lang='grc' dir='ltr'>τῶν</span> 
     </span>
    </p>
   </div>
   <div class='ocr_carea' id='block_1_112' title="bbox 2335 5326 3835 5405">
    <p class='ocr_par' dir='ltr' id='par_1_112' title="bbox 2335 5326 3835 5405">
     <span class='ocr_line' id='line_1_112' title="bbox 2335 5326 3835 5405; baseline -0.001 -22"><span class='ocrx_word' id='word_1_834' title='bbox 2335 5334 2425 5385; x_wconf 73' lang='grc' dir='ltr'><strong>ἐπὶ</strong></span> <span class='ocrx_word' id='word_1_835' title='bbox 2461 5335 2561 5405; x_wconf 79' lang='grc' dir='ltr'><strong>γῆς</strong></span> <span class='ocrx_word' id='word_1_836' title='bbox 2584 5336 2831 5388; x_wconf 83' lang='grc' dir='ltr'>ἁπάντων</span> <span class='ocrx_word' id='word_1_837' title='bbox 2862 5333 3028 5387; x_wconf 82' lang='grc' dir='ltr'>ἐθνῶν</span> <span class='ocrx_word' id='word_1_838' title='bbox 3057 5330 3150 5384; x_wconf 89' lang='grc' dir='ltr'><strong>τοῦ</strong></span> <span class='ocrx_word' id='word_1_839' title='bbox 3165 5332 3389 5402; x_wconf 83' lang='grc' dir='ltr'>Κυρίου,</span> <span class='ocrx_word' id='word_1_840' title='bbox 3417 5332 3513 5384; x_wconf 75' lang='grc' dir='ltr'><strong>σὺν</strong></span> <span class='ocrx_word' id='word_1_841' title='bbox 3542 5328 3681 5399; x_wconf 82' lang='grc' dir='ltr'>αὐτῷ</span> <span class='ocrx_word' id='word_1_842' title='bbox 3709 5326 3835 5396; x_wconf 68' lang='grc' dir='ltr'>βασιυ</span> 
     </span>
    </p>
   </div>
   <div class='ocr_carea' id='block_1_113' title="bbox 2336 5418 3833 5495">
    <p class='ocr_par' dir='ltr' id='par_1_113' title="bbox 2336 5418 3833 5495">
     <span class='ocr_line' id='line_1_113' title="bbox 2336 5418 3833 5495; baseline -0.001 -25"><span class='ocrx_word' id='word_1_843' title='bbox 2336 5418 2914 5495; x_wconf 47' lang='grc' dir='ltr'>λευούσηςτάνθρώπων</span> <span class='ocrx_word' id='word_1_844' title='bbox 2958 5422 3054 5490; x_wconf 82' lang='grc' dir='ltr'><strong>τῆς</strong></span> <span class='ocrx_word' id='word_1_845' title='bbox 3099 5421 3233 5474; x_wconf 83' lang='grc' dir='ltr'><strong>κατά</strong></span> <span class='ocrx_word' id='word_1_846' title='bbox 3261 5421 3390 5474; x_wconf 81' lang='grc' dir='ltr'>Θεὸν</span> <span class='ocrx_word' id='word_1_847' title='bbox 3438 5418 3610 5489; x_wconf 77' lang='grc' dir='ltr'>ζωῆς,</span> <span class='ocrx_word' id='word_1_848' title='bbox 3640 5418 3833 5469; x_wconf 59' lang='lat' dir='ltr'><strong>almus</strong></span> 
     </span>
    </p>
   </div>
   <div class='ocr_carea' id='block_1_114' title="bbox 2335 5499 3833 5582">
    <p class='ocr_par' dir='ltr' id='par_1_114' title="bbox 2335 5499 3833 5582">
     <span class='ocr_line' id='line_1_114' title="bbox 2335 5499 3833 5582; baseline -0.006 -21"><span class='ocrx_word' id='word_1_849' title='bbox 2335 5510 2394 5562; x_wconf 83' lang='grc' dir='ltr'>τὸ</span> <span class='ocrx_word' id='word_1_850' title='bbox 2425 5512 2561 5565; x_wconf 84' lang='grc' dir='ltr'>θεῖον</span> <span class='ocrx_word' id='word_1_851' title='bbox 2594 5512 2830 5582; x_wconf 85' lang='grc' dir='ltr'>Πνεῦμα,</span> <span class='ocrx_word' id='word_1_852' title='bbox 2863 5510 3082 5581; x_wconf 87' lang='grc' dir='ltr'>χορεῦον</span> <span class='ocrx_word' id='word_1_853' title='bbox 3124 5512 3215 5564; x_wconf 79' lang='grc' dir='ltr'>ἐπὶ</span> <span class='ocrx_word' id='word_1_854' title='bbox 3243 5509 3320 5580; x_wconf 84' lang='grc' dir='ltr'><strong>τῷ</strong></span> <span class='ocrx_word' id='word_1_855' title='bbox 3362 5508 3725 5580; x_wconf 76' lang='grc' dir='ltr'>κατορθώματι</span> <span class='ocrx_word' id='word_1_856' title='bbox 3760 5499 3833 5553; x_wconf 63' lang='grc' dir='ltr'>καὶ</span> 
     </span>
    </p>
   </div>
   <div class='ocr_carea' id='block_1_115' title="bbox 803 5750 2775 5835">
    <p class='ocr_par' dir='ltr' id='par_1_115' title="bbox 803 5750 2775 5835">
     <span class='ocr_line' id='line_1_115' title="bbox 803 5750 2775 5835; baseline 0.009 -33"><span class='ocrx_word' id='word_1_857' title='bbox 803 5752 875 5818; x_wconf 84' lang='grc'><strong>(1)</strong></span> <span class='ocrx_word' id='word_1_858' title='bbox 914 5750 1127 5822; x_wconf 84' lang='lat' dir='ltr'><strong>Vulgata</strong></span> <span class='ocrx_word' id='word_1_859' title='bbox 1166 5758 1345 5827; x_wconf 79' lang='lat' dir='ltr'><strong>adjicit</strong></span> <span class='ocrx_word' id='word_1_860' title='bbox 1373 5758 1437 5813; x_wconf 88' lang='lat' dir='ltr'><strong>In</strong></span> <span class='ocrx_word' id='word_1_861' title='bbox 1473 5760 1554 5815; x_wconf 74' lang='lat' dir='ltr'><strong>die</strong></span> <span class='ocrx_word' id='word_1_862' title='bbox 1582 5772 1696 5816; x_wconf 78' lang='lat' dir='ltr'><strong>ante</strong></span> <span class='ocrx_word' id='word_1_863' title='bbox 1717 5760 2017 5834; x_wconf 84' lang='lat' dir='ltr'><strong>Sabbatum,</strong></span> <span class='ocrx_word' id='word_1_864' title='bbox 2048 5766 2249 5835; x_wconf 79' lang='lat' dir='ltr'><strong>quando</strong></span> <span class='ocrx_word' id='word_1_865' title='bbox 2280 5766 2494 5833; x_wconf 77' lang='lat' dir='ltr'><strong>fundata</strong></span> <span class='ocrx_word' id='word_1_866' title='bbox 2518 5777 2590 5821; x_wconf 78' lang='lat' dir='ltr'><strong>est</strong></span> <span class='ocrx_word' id='word_1_867' title='bbox 2622 5777 2775 5819; x_wconf 80' lang='lat' dir='ltr'><strong>terra.</strong></span> 
     </span>
    </p>
   </div>
  </div>
