3960 6352
62 438 237 497 “35
1201 426 1685 484 COMMENTARIA
1729 427 1792 480 IN
1828 427 2157 483 PSALMOS.
2209 425 2213 429 '
2264 405 2271 410 ’
2818 494 2830 497 Α
3118 436 3248 490 nso

73 537 316 609 πάντας
344 546 487 621 ἡμᾶς
508 544 599 597 ἐπὶ
629 544 726 614 τὴν
752 542 964 614 χορείαν
984 543 1238 621 συνάγον,
1261 543 1525 611 ἀναφωνεῖ
1548 544 1636 595 καὶ

1757 542 1940 613 legunt
1970 558 2128 613 porro
2168 542 2441 607 Dominus,
2464 542 2555 613 qui
2594 542 2709 612 ipsa
2730 542 2835 599 vita
2868 540 3050 607 est,‘et
3078 545 3247 615 ipsum

72 634 285 699 λέγει·
326 619 388 687 ὀ
413 637 613 703 Κύριος
641 619 1045 697 ἐϐασίλευσεν,
1072 633 1421 699 εὐπρέπειαν
1444 632 1635 685 ἐνεδύ-

1757 634 1827 687 )ei
1864 631 2113 701 Verbum,
2165 634 2221 686 in
2262 638 2471 687 Omnem
2524 634 2776 696 animam,
2807 636 2893 688 cui
2953 650 3061 689 non
3118 636 3241 690 ines'

71 738 275 777 σατο.
306 723 584 781 Βασιλεύει
614 725 670 777 δὲ
701 727 730 778 6
763 724 979 794 Κύριος,
1020 723 1177 786 αὐτὸς
1205 722 1279 776 ὣν
1302 722 1345 793 ηὴ
1374 724 1503 794 ζωὴ,
1541 723 1634 777 καὶ

1757 725 1962 778 lmentia
1990 732 2042 778 et
2065 724 2312 785 stultitia.
2333 725 2388 777 in
2417 739 2576 793 quam
2600 738 2706 777 non
2735 731 2924 794 regnat
2952 734 3248 794 peccatum,

72 812 269 876 αὐτὸς
309 811 386 866 ὣν
428 816 456 867 6
499 802 591 866 τοῦ
628 814 760 868 Θεοῦ
790 813 976 881 Λόγος,
1018 814 1196 883 πάσης
1220 813 1423 883 ψυχῆς,
1467 810 1535 884 ἦς
1562 814 1634 884 μὴ

1757 815 1823 868 :ui
1852 829 1958 868 non
1993 815 2216 884 imperat
2239 814 2505 877 diabolus,
2534 815 2619 869 cui
2648 830 2753 868 non
2770 808 3072 882 dominatur
3087 830 3253 877 mors,

72 901 437 955 καθάπτεται
482 901 666 971 ἀλογία
704 902 795 956 καὶ
825 901 1118 973 ἀφροσύνη,
1161 903 1252 955 καὶ
1286 898 1352 973 ἧς
1387 902 1458 973 μὴ
1489 902 1633 971 βασι-

1757 905 1968 972 )ropriis
1995 904 2139 957 illam
2171 903 2403 959 stimulis
2432 901 2747 959 confodieris
2773 912 2825 960 et
2853 904 3120 960 occidens.
3149 903 3251 959 Sti-

74 989 251 1043 λεύει
287 991 544 1062 ἁμαρτία,
579 992 670 1043 καὶ
692 986 758 1062 ἦς
784 991 857 1061 μὴ
890 994 1076 1060 κρατεί
1101 991 1129 1043 6
1160 990 1416 1053 διάϐολος,
1447 989 1538 1043 καὶ
1569 986 1635 1061 ἦς

1757 994 1937 1046 nulum
1968 1008 2131 1063 porro
2179 993 2370 1049 mortis
2398 1002 2677 1065 peccatum
2709 1006 2827 1050 esse
2848 994 3000 1055 docet
3028 996 3273 1064 Apostos

74 1080 166 1150 μὴ
206 1078 661 1134 καταδυναστεύει
709 1079 957 1147 θάνατος,
988 1079 1296 1153 τιτρώσκων
1336 1080 1500 1151 αὐτὴν
1544 1078 1634 1132 καὶ

1759 1097 1820 1136 us
1849 1083 1893 1113 "
1930 1105 1941 1137 :
1985 1073 2092 1152 quo
2140 1084 2357 1139 stimulo
2404 1084 2665 1138 occiditur
2718 1084 2915 1146 anima,
2966 1085 3257 1138 secundum
3358 1154 3359 1157 η

72 1168 350 1242 ἀναιρῶν
378 1171 463 1225 διὰ
498 1169 603 1223 τῶν
651 1169 789 1224 ίδίων
827 1170 1079 1240 κέντρων.
1113 1170 1186 1222 Τὸ
1211 1170 1267 1223 δὲ
1300 1170 1516 1240 κέντρον
1541 1167 1632 1221 τοῦ

1757 1173 2067 1243 πορίιειίοηι
2096 1190 2214 1243 qua:
2242 1176 2315 1228 ait
2353 1192 2370 1230 :
2416 1174 2605 1228 Anima
2662 1191 2776 1245 qua
2820 1175 3117 1243 peccaverit,
3146 1174 3260 1242 ipsa
3304 1204 3307 1207 η

76 1259 341 1314 Θανάτου
372 1261 467 1331 τὴν
506 1259 773 1329 ἁμαρτίαν
805 1253 939 1311 εἶναι
970 1258 1202 1313 διδάσκει
1240 1260 1268 1311 6
1303 1257 1632 1334 Ἀπόστολος,

1757 1258 1986 1318 uarietur
2009 1265 2076 1318 “.
2106 1264 2281 1330 Quare
2309 1265 2648 1321 adnitendum
2677 1271 2779 1329 est,
2811 1274 2867 1318 ut
2890 1280 3061 1334 neque
3086 1279 3262 1319 amen-

76 1348 155 1400 δι’
189 1346 272 1422 ἦς
299 1351 594 1420 ἀναιρεῖται
622 1349 765 1420 ψυχὴ
798 1349 935 1404 κατά
970 1350 1068 1419 τὴν
1097 1349 1401 1416 φάσκουσαν
1430 1366 1636 1419 προφη-

78 1440 261 1494 τείαν
279 1457 293 1471 ·
336 1439 501 1508 Ψυχὴ
528 1440 565 1507 ἠ
593 1431 1029 1509 ἁμαρτάνουσα,
1066 1438 1213 1506 αὐτὴ
1242 1438 1633 1493 ἀποθανεῖται.

80 1531 192 1583 Διδ
228 1530 491 1599 ἀσκητέον
521 1530 579 1583 τὺ
600 1530 735 1600 μήτε
763 1528 1002 1597 ἀλογίαν,
1034 1530 1168 1599 μήτε
1189 1528 1471 1599 ἁμαρτίαν,
1503 1530 1636 1600 μήτε

1762 1538 2008 1591 ummodo
2036 1535 2264 1592 Verbum
2296 1537 2495 1598 etvita,
2525 1537 2578 1589 id
2607 1543 2709 1601 est,
2738 1535 3014 1598 Dominus,
3049 1538 3139 1605 qui
3171 1550 3263 1605 per

82 1620 189 1674 τὸν
210 1619 476 1681 διάϐολον,
512 1621 643 1690 μήτε
672 1620 761 1673 τὸν
783 1618 1005 1672 θάνατον
1037 1618 1189 1689 ἡμῶν
1222 1618 1306 1673 διὰ
1342 1619 1441 1688 τῆς
1468 1620 1638 1689 ἁμαρ-

1757 1643 1894 1681 )ηιηε
1917 1627 2172 1697 virtutum
2199 1641 2365 1697 genus
2388 1635 2573 1696 regnat
2595 1629 2649 1681 in
2676 1643 2791 1691 eos,
2821 1626 2912 1696 qui
2943 1626 3060 1695 ejus
3092 1628 3261 1695 impe-

81 1710 229 1773 τίας
264 1713 512 1782 κρατεῖν·
560 1709 714 1781 μόνον
746 1710 801 1763 δὲ
840 1708 1107 1779 κυριεύειν
1157 1707 1309 1779 ἡμῶν
1353 1708 1442 1761 τὸν
1472 1708 1637 1775 Λόγον

1757 1712 1819 1764 ·Ῑο
1839 1696 1983 1781 diglii
2008 1696 2287 1766 habentur.
2858 1724 2861 1727 '
2973 1734 2977 1738 λ

86 1803 195 1854 καὶι⁸
228 1804 332 1873 τὴν
364 1802 522 1873 ζωὴν,
554 1802 791 1855 τουτέστι
830 1803 921 1855 τὸν
962 1801 1177 1871 Κύριον,
1214 1800 1309 1867 ,διά
1343 1800 1519 1869 πάσης
1568 1801 1765 1870 ἀρετῆς
1827 1802 2172 1872 βασιλεύοντα
2222 1802 2329 1856 τῶν
2371 1802 2782 1873 κατηξιωμένων
2823 1803 2919 1873 τῆς
2951 1803 3041 1854 ὑπ’
3096 1800 3262 1855 αὑτοῦ

88 1892 406 1961 βασιλείας.

1738 1356 2024 1425 tia,neque
2073 1364 2368 1425 peccatum,
2397 1372 2568 1425 neque
2613 1356 2873 1417 diabolus,
2920 1369 3092 1433 neque
3118 1368 3262 1408 mors

1738 1460 1832 1514 per
1883 1446 2057 1515 ipsum
2103 1454 2379 1515 peccatum
2411 1447 2465 1499 in
2504 1446 2660 1500 nobis
2690 1446 3025 1513 dominetur;
3056 1446 3149 1501 sed
3174 1462 3261 1500 so-

187 2004 351 2057 Ἐπεὶ
390 2003 446 2056 δὲ
494 2003 693 2074 μέλλων
729 2002 1023 2073 βασιλεύειν
1047 2041 1061 2063 ,
1104 2002 1163 2054 οὐ
1218 2001 1373 2071 μόνον
1414 2000 1644 2066 ζώντων,

1815 1998 1947 2065 Quia
1978 2014 2105 2053 vero
2143 1998 2235 2051 Dei
2264 1998 2518 2063 Verbum,
2549 2000 2662 2070 ipse
2711 1998 2968 2056 Dominus
3010 2011 3265 2071 regnatu-

91 2095 248 2171 ἀλλὰ
278 2094 372 2147 καὶ
400 2095 603 2165 νεκρῶν
634 2096 661 2146 6
688 2095 777 2147 τοῦ
810 2094 941 2146 Θεοῦ
972 2093 1139 2161 Λόγος
1171 2092 1329 2155 αὐτὸς
1354 2090 1427 2144 ὢν
1463 2093 1491 2143 6
1530 2090 1643 2144 Κύ-

1757 2106 1836 2145 rus
1864 2098 2098 2144 eratnon
2128 2091 2297 2143 solum
2330 2089 2650 2153 viventibus,
2679 2090 2769 2143 sed
2801 2091 2963 2143 etiam
3000 2094 3263 2160 mortuis;

98 2202 249 2256 ριος,
299 2188 389 2239 καὶ
432 2186 492 2237 οὐ
530 2186 684 2255 μόνον
730 2187 832 2238 τῶν
865 2187 920 2237 ὲν
952 2186 1192 2256 οὐρανοῖς
1238 2183 1369 2237 ἀλλὰ
1420 2184 1511 2237 καί¹
1542 2183 1645 2236 τῶν

1757 2195 1840 2233 iec
1874 2182 2043 2233 solum
2088 2182 2416 2245 cmlestibus,
2442 2173 2536 2234 sed
2567 2181 2723 2234 etiam
2773 2184 3020 2244 terrenis,
3054 2190 3113 2237 ut
3152 2186 3266 2254 ipse

98 2276 205 2328 ἐπὶ
237 2276 363 2346 γῆς,
402 2275 581 2340 καθὼς
627 2276 784 2339 αὐτὸς
812 2276 1049 2328 διδάσκει
1074 2276 1263 2344 λέγων,
1313 2275 1515 2339 Ἐδόθη
1550 2290 1648 2342 μοι

1757 2271 1980 2325 leclarat
2012 2270 2095 2325 bis
2124 2272 2299 2326 verbis
2322 2270 2481 2324 :Data
2510 2279 2585 2324 est
2616 2270 2740 2323 mihi
2770 2273 2933 2326 omnis
2956 2284 3182 2341 potestas
3211 2277 3267 2328 in

101 2365 288 2419 πᾶσα
324 2366 565 2430 ἐξουσία
596 2368 665 2419 ἐν
700 2366 925 2437 οὐρανῷ
956 2367 1051 2419 καὶ
1090 2366 1184 2419 ἐπὶ
1214 2365 1321 2433 τῆς
1359 2365 1496 2434 γῆς·
1532 2362 1648 2416 ἐκέ-

1757 2362 1866 2418 :aelo
1898 2371 1945 2417 et
1969 2364 2022 2415 in
2045 2365 2273 2428 terra";
2304 2364 2421 2427 ideo
2456 2364 2686 2432 seipsum
2715 2366 3007 2419 exinanivit
3038 2365 3265 2420 formam

102 2468 289 2503 νωσεν
341 2453 546 2516 ἑαυτὸν,
597 2454 803 2524 μορφὴν
846 2453 1025 2505 δούλου
1072 2452 1264 2516 λαϐὼν,
1314 2453 1552 2505 τουτέστι
1591 2450 1650 2502 τὸ

1757 2454 1886 2507 servi
1924 2454 2211 2522 accipiens,
2234 2455 2286 2509 id
2309 2462 2411 2517 est,
2431 2455 2655 2510 mortale
2684 2469 2877 2524 corpus
2902 2466 2951 2510 et
2980 2456 3266 2511 humanum

102 2541 316 2613 θνητὸν
364 2542 517 2613 σῶμα
571 2544 663 2596 καὶ
710 2543 770 2594 τὸ
828 2541 1155 2611 ἀνθρώπειον
1192 2542 1445 2612 ὄργανον·
1496 2538 1651 2592 τοῦτο

1757 2545 2196 2610 instrumentum;
2246 2559 2370 2599 nam
2435 2545 2665 2614 idipsum
2720 2554 2833 2599 erat
2894 2545 3066 2600 forma
3106 2548 3266 2602 servi.

105 2634 228 2701 γὰρ
276 2628 345 2701 ἦν
376 2635 409 2702 ἡ
445 2631 620 2702 μορφὴ
667 2631 759 2684 τοῦ
812 2632 1025 2683 δούλουο
1056 2631 1173 2682 τότε
1218 2631 1332 2699 μὲν,
1375 2631 1461 2682 ὅτε
1503 2628 1650 2682 ταῦτ’

1757 2637 1879 2689 llum
1911 2644 2088 2688 autem
2111 2634 2221 2689 haec
2253 2643 2451 2705 ageret,
2475 2644 2603 2687 tunc
2630 2635 2870 2689 dedecus
2908 2636 3129 2692 indutus
3153 2644 3268 2704 est;

104 2721 407 2789 ἔπραττεν,
440 2721 736 2791 ἀπρέπειαν
760 2720 1147 2791 περιεϐάλλετο,
1175 2716 1466 2791 ὥστεπερὶ
1494 2718 1652 2772 αὐτοῦ

1757 2725 1821 2776 ita
1855 2731 1914 2776 ut
1952 2723 2017 2777 de
2050 2724 2164 2792 ipso
2192 2723 2437 2776 dicatur:
2472 2722 2701 2776 Vidimus
2744 2739 2880 2785 etim,
2914 2735 2963 2777 et
2992 2742 3092 2779 non
3120 2727 3274 2780 habe-

105 2810 318 2878 λέγειν,
340 2810 587 2879 Εἴδαμεν
612 2809 811 2871 αὐτὸν,
839 2811 934 2863 καί
972 2812 1080 2865 οὐκ
1106 2811 1265 2879 εἶχεν
1293 2808 1476 2875 εῖδος,
1517 2807 1656 2862 οὐδὲ

1757 2811 1836 2864 bat
1858 2812 2090 2879 speciem,
2122 2826 2277 2879 neque
2313 2809 2748 2878 pulchritudinem
2764 2825 2784 2873 ,°
2808 2811 2896 2863 sed
2924 2820 3037 2863 erat
3061 2815 3271 2881 species

109 2899 347 2966 κάλλος
365 2917 379 2931 ·
417 2902 551 2954 ἀλλ’
580 2897 657 2971 ἦν
674 2900 738 2954 τὸ
762 2897 917 2967 εἶδος
941 2900 1122 2954 αὐτοῦ
1141 2900 1345 2970 ἄτιμον
1363 2900 1456 2954 καί
1479 2899 1659 2953 ἐκλεῖ-

1757 2902 1859 2970 ejus
1907 2900 2233 2963 inhonorata,
2268 2910 2313 2953 et
2341 2899 2581 2968 deﬁciens
2609 2915 2716 2968 prae
2760 2900 2885 2969 ﬁliis
2914 2902 3177 2956 hominum
3202 2904 3249 2933 ³⁸

111 3005 239 3044 πον
268 2990 422 3058 ,παρὰ
447 2992 588 3057 τοὺς
620 2991 786 3058 υἱοὺς
813 2991 929 3044 τῶν
957 2990 1303 3059 ἀνθρώπων·
1335 2991 1421 3045 ὅτε
1444 2991 1499 3043 δὲ
1527 2991 1659 3044 ἀπο-

1757 2991 1885 3044 Cum
1910 3000 2103 3052 autem,
2125 2997 2336 3058 recepta
2350 3004 2435 3053 ea,
2458 3005 2615 3059 quam
2646 2991 2872 3060 primum
2896 2992 3035 3061 apud
3061 2980 3272 3047 Patrem

111 3078 303 3132 λαϐὼν
340 3078 434 3149 τὴν
475 3079 647 3143 δόξαν,
701 3082 765 3150 ἢν
815 3081 906 3132 καὶ¹
952 3080 1206 3151 πρότερον
1248 3074 1357 3148 εἷχε
1400 3078 1548 3147 παρὰ
1582 3078 1658 3149 τῷ

1757 3080 2027 3142 habuerat,
2056 3079 2243 3149 gloria,
2280 3078 2500 3139 formam
2532 3082 2670 3135 servi
2693 3083 2745 3135 in
2774 3082 2962 3136 melius
2978 3082 3271 3145 transtulit,

114 3168 320 3239 Πατρὶ,
376 3168 497 3243 τὴνή
531 3169 624 3223 τοῦ
668 3169 849 3221 δούλου
908 3169 1115 3241 μορφὴν
1168 3168 1257 3221 ἐπὶ
1314 3169 1373 3231 τὸ
1423 3160 1659 3237 κρεῖττον

1757 3168 2042 3225 secundum
2072 3169 2320 3239 1Apostoli
2365 3170 2732 3225 testimonium
2762 3171 2852 3227 sic
2888 3172 3135 3228 habens:
3170 3172 3277 3240 Qui

119 3258 578 3329 μετεσχημάτισε,
622 3258 759 3311 κατά
802 3258 896 3327 τὴν
941 3257 1295 3333 ἀποστολικὴν
1342 3255 1656 3327 μαρτυρίαν,

1758 3254 2147 3322 transformabit
2198 3271 2379 3323 corpus
2406 3256 2714 3331 humilitatis
2766 3269 2979 3327 nostrae,
3018 3250 3280 3331 conforme

109 3338 153 3417 ἦ
188 3365 377 3417 φησιν,
423 3350 519 3415 Ὃς
557 3344 1054 3418 μεταάχτυιατίσει
1093 3347 1160 3401 τὸ
1200 3346 1369 3417 σῶμα
1403 3346 1510 3415 τῆς
1555 3365 1655 3401 ταί

1757 3345 1955 3413 corPori
2004 3344 2184 3414 gloria:
2232 3344 2428 3399 Christi
2454 3347 2522 3409 ",
2581 3355 2709 3400 tunc
2755 3347 3003 3405 decorem
3057 3350 3272 3403 induit:

117 3437 457 3504 πεινώσεως
482 3437 667 3509 ήμῶν,
704 3439 1051 3508 σύμμορφον
1081 3438 1159 3504 τῷ
1187 3438 1404 3508 σώματι
1427 3438 1535 3506 τῆς
1561 3436 1681 3516 δότ

122 3524 237 3593 ξης
275 3528 380 3582 τοῦ
410 3528 694 3596 Χριστοῦ,
744 3528 802 3580 τὸ
846 3528 1140 3597 τηνικαῦτα
1176 3528 1503 3599 εὐπρέπειαν
1544 3529 1658 3581 ἑνε-

121 3617 323 3671 δύσατο
342 3634 357 3647 ·
397 3618 481 3671 ὅτε
511 3619 601 3670 καὶ
630 3618 727 3688 τὴν
767 3617 859 3670 τοῦ
907 3618 1113 3689 Πατρὸς
1144 3616 1432 3684 βασιλείαν,
1472 3618 1564 3672 καὶ
1590 3619 1658 3672 τά

122 3710 365 3771 πάντων,
412 3710 472 3761 ού
522 3708 675 3779 μόνον
717 3708 820 3771 τῶν
852 3711 909 3762 ὲν
947 3708 1207 3778 οὐρανοῖς,
1248 3708 1379 3763 ἀλλὰ
1416 3709 1506 3763 καὶ
1551 3709 1657 3763 τῶν

122 3799 248 3852 καθ’
282 3799 407 3870 ὅλης
450 3799 545 3869 τῆς
584 3799 900 3870 οἰκουμένης
943 3789 1106 3852 ὲθνῶν
1155 3800 1443 3871 ἐκράτυνε,
1484 3800 1659 3851 πᾶσαν

124 3891 225 3962 τὴν
266 3889 518 3943 πολύοεον
564 3887 801 3943 καθελὼν
838 3889 1059 3961 πλάνην.
1112 3890 1199 3943 Διὸ
1244 3890 1511 3942 λέλεκται·
1546 3891 1659 3943 Κύ-

119 3998 253 4048 ριος
308 3981 739 4043 ἐϐασίλευσεν,
790 3970 1139 4046 εὐπρέπειαν
1196 3979 1513 4031 ἐνεδύσατο
1532 3995 1546 4008 ·
1602 3978 1661 4029 τὸ

126 4070 261 4137 γοῦν
296 4069 633 4134 ἐνεδύσατο,
660 4069 734 4130 ὠς
762 4068 900 4121 κατά
922 4084 1039 4119 τινα
1060 4066 1243 4136 καιρὸν
1265 4065 1659 4133 ἀποδυσαμένου

128 4163 230 4231 τὴν
263 4161 606 4231 εὐπρέπειαν,
657 4158 929 4210 λέλεκται·
964 4157 1054 4209 καὶ
1081 4156 1167 4207 ὅτε
1213 4156 1307 4224 μὲν
1339 4154 1567 4221 ὑπέμενε
1595 4154 1661 4205 τὰ

130 4248 277 4301 κατὰ
316 4249 376 4301 τὸ
418 4248 603 4312 πάθος,
650 4243 982 4311 ἐσταυρώθη
1006 4282 1020 4306 ,
1061 4242 1220 4310 φησὶν
1261 4243 1290 4295 6
1332 4240 1658 4303 Ἀπόστολὸς,

131 4338 200 4401 ἐξ
237 4337 578 4401 ἀσθενείας⁶
612 4336 699 4387 ὅτε
734 4334 790 4387 δὲ
834 4330 1123 4403 νενικηκὼς
1148 4332 1239 4384 τὸν
1277 4330 1501 4393 ,θάνατον
1520 4369 1535 4395 ,
1565 4331 1661 4399 τὴν

132 4426 280 4481 κατά
312 4428 519 4480 πάντων
546 4424 884 4496 ἀπελάμὸανε
919 4422 1210 4493 βασιλείαν,
1246 4422 1403 4475 πάλιν
1432 4421 1660 4491 ἐπλήρου

134 4519 215 4584 τὸ,
264 4503 607 4573 Ἐνεδύσατο
636 4519 846 4585 Κύριος
874 4515 1120 4585 δύναμιν
1143 4516 1237 4568 καὶ
1266 4512 1660 4581 περιεζώσατο.

135 4610 367 4681 Χριστὸς
393 4609 498 4681 γὰρ
542 4608 673 4662 Θεοῦ
706 4608 925 4679 δύναμις
951 4592 1016 4678 ἧν
1057 4606 1147 4659 καὶ
1170 4602 1303 4657 Θεοῦ
1329 4604 1505 4673 σοφία.
1552 4599 1663 4657 Εἴθ’

138 4701 232 4754 ἆτε
284 4700 380 4772 τὴν
415 4701 616 4754 οἰκείαν
660 4700 882 4770 δύναμιν
924 4698 1269 4765 ἐνδυσάμενος
1292 4733 1306 4756 ,
1354 4694 1446 4748 καὶ
1493 4692 1662 4766 ταύτῃ

138 4790 591 4864 περιζωσάμενος,
634 4790 846 4862 μεγάλῳ
877 4788 1247 4859 κατορθώματι
1278 4784 1463 4840 ἑαυτὸν
1493 4785 1663 4837 ἐπιδί-

139 4882 289 4937 δωσι.
322 4884 384 4937 Τί
415 4884 471 4936 δὲ
486 4880 553 4955 ἦν
578 4873 751 4944 τοῦτο,
778 4881 905 4951 ἑξῆς
925 4883 952 4933 6
979 4880 1127 4946 λόγος
1150 4876 1380 4928 διδάσκει
1410 4876 1626 4943 φάσκων
1648 4891 1661 4904 ’

140 4972 248 5023 Kal
282 4972 387 5041 γὰρ
414 4970 733 5039 ἐστερέωσε
766 4968 877 5036 τὴν
900 4964 1273 5033 οἰκουμένην,
1308 4962 1436 5029 ἣτις
1458 4967 1527 5017 σὺ
1565 4980 1665 5021 σα-

140 5063 508 5128 λευθήσεται.
546 5059 751 5133 Μικροῦ
800 5058 906 5128 γὰρ
957 5058 1063 5129 δεῖν
1117 5054 1240 5124 ὃλην
1280 5053 1444 5123 αὐτὴν
1492 5054 1661 5108 διόλου

143 5153 283 5207 κστά
314 5154 595 5227 βαράθρων
622 5153 939 5224 ἐνεχθεῖσαν,
985 5149 1216 5220 ὁπηνίκα
1252 5147 1319 5201 τὰ
1354 5148 1453 5217 τῆς
1482 5149 1663 5219 δαιμο-

142 5239 296 5310 νικῆς
322 5236 591 5312 ἐνεργείας
620 5242 759 5294 κατά
798 5241 1006 5294 πάντων
1046 5239 1239 5308 ἴσχυεν,
1284 5237 1533 5308 ἀνήγειρε
1574 5241 1665 5292 καὶ

143 5325 502 5397 διωρθώσατο,
524 5331 698 5383 πᾶσαν
727 5330 823 5400 τὴν
855 5326 1048 5397 ὲχθράν
1074 5326 1167 5378 καὶ
1187 5324 1492 5395 δαιμονικὴν
1519 5325 1667 5379 δύναο

1752 3435 1963 3507 quando
1989 3436 2198 3505 penitus
2225 3436 2433 3490 sublato
2454 3437 2751 3505 multorum,
2768 3439 3048 3494 numinum
3074 3456 3274 3503 errore,

1752 3535 1804 3582 et
1857 3526 2031 3581 Patris
2074 3541 2317 3596 regnum,
2367 3533 2421 3581 et
2471 3541 2576 3580 non
2620 3526 2778 3583 modo
2822 3528 3142 3603 caelestium,
3184 3531 3279 3586 sed

1752 3620 1912 3673 etiam
1956 3619 2192 3671 omnium
2245 3632 2338 3685 per
2370 3617 2549 3671 orbem
2603 3617 2837 3686 gentium
2888 3633 2989 3673 res
3027 3620 3276 3676 ﬁrmavit.

1754 3708 1929 3773 Quare
1957 3708 2152 3763 dicitur
2185 3726 2199 3762 :
2230 3700 2480 3761 Dominus
2519 3708 2765 3777 regnavit,
2797 3706 3030 3761 decorem
3066 3709 3277 3764 indutus

1754 3807 1829 3852 est
1851 3815 1869 3851 :
1897 3798 2024 3853 illud
2055 3800 2215 3863 enim,
2248 3797 2457 3856 indutus
2499 3808 2595 3862 est,
2622 3800 2774 3867 quasi
2821 3800 3001 3873 aliquo
3043 3809 3280 3870 tempore

1754 3889 1999 3944 decorem
2042 3890 2268 3955 exuerit,
2300 3888 2588 3958 proiertur.
2623 3887 2890 3958 Siquidem
2918 3891 3131 3957 quando
3156 3906 3281 3959 pas-

1755 3979 1919 4033 sionis
1970 3968 2230 4032 tormenta
2284 3974 2559 4038 Sustinuit,
2616 3978 3043 4047 cruri/insecat,
3080 3980 3281 4050 ‘inquit

1756 4069 2060 4137 Apostolus,
2105 4082 2167 4120 ea:
2220 4067 2620 4134 inﬁrmitate”;
2673 4082 2793 4121 cum
2847 4075 3025 4123 autem
3071 4068 3281 4124 devicta

1756 4166 1946 4221 morte,
1974 4174 2194 4228 regnum
2224 4158 2277 4211 in
2300 4173 2486 4213 omnes
2506 4159 2937 4228 accepit,'rursus
2966 4161 3067 4214 hoc
3096 4160 3282 4228 impie.

1756 4239 1865 4313 tum
1899 4256 1980 4305 est
2017 4266 2031 4300 :
2067 4248 2247 4303 Induit
2274 4250 2526 4304 Dominus
2546 4250 2899 4317 fortitudinem
2940 4259 2989 4303 et
3010 4251 3282 4317 prtecinxit

1759 4358 1829 4396 se.
1859 4339 1989 4394 Nam
2019 4339 2377 4403 Christustei
2403 4342 2571 4394 virtus
2593 4345 2708 4394 erat
2734 4346 2786 4393 et
2815 4338 2905 4393 Dei
2940 4340 3196 4408 sapientia
3212 4338 3291 4392 ³¹.’

1759 4431 1982 4496 Deinde,
2019 4438 2200 4499 utpote
2230 4431 2442 4499 propria
2473 4430 2689 4483 indutus
2715 4429 3115 4511 virtute\eaque
3145 4442 3280 4496 prmo

1761 4523 1987 4584 cinctus,
2007 4537 2254 4592 magnum
2282 4521 2486 4575 facinus
2506 4518 2828 4587 aggreditur.
2847 4516 3120 4582 Quodnam
3137 4525 3281 4571 esset
3334 4580 3335 4583 η
3422 4542 3427 4548 -

1764 4612 1914 4675 illud,
1951 4610 2187 4666 declarat
2239 4617 2423 4678 postea
2464 4606 2739 4675 Scriptura
2790 4606 3021 4658 dicens:
3074 4602 3281 4657 Etenim

1763 4702 1987 4771 ﬁrmavit
2016 4701 2187 4753 orbem
2215 4708 2383 4759 terrm,
2411 4698 2497 4766 qui
2525 4713 2625 4749 non
2672 4696 3083 4749 commovebitur.
3133 4693 3281 4747 Illam

1762 4792 1976 4861 quippe,
2006 4804 2129 4843 cum
2148 4795 2350 4840 tantum
2382 4802 2487 4839 non
2519 4787 2573 4837 in
2612 4785 2861 4838 barathra
2909 4785 3115 4853 penitus
3149 4785 3273 4838 ruis-

1762 4890 1861 4939 set,
1900 4876 2115 4947 quando
2160 4874 2455 4929 daemonum
2505 4877 2586 4928 vis
2639 4881 2692 4927 et
2750 4876 2982 4929 elIicacia
3034 4874 3280 4929 omnibus

1762 4965 2093 5036 praevalebat,
2118 4964 2285 5018 erexit
2324 4978 2386 5017 ac
2417 4965 2671 5025 restituit,
2702 4978 2822 5017 cum
2857 4978 3063 5016 omnem
3113 4962 3265 5016 iuimi

1762 5072 1877 5110 cam
1901 5063 1953 5111 et
1983 5056 2359 5110 dtemoniacam
2390 5056 2659 5118 virtutem,
2684 5064 2736 5109 et
2774 5057 3059 5109 multorum
3104 5046 3280 5107 numi-
3364 5060 3367 5064 “

1763 5160 1890 5199 num
1917 5159 2153 5199 errorem
2193 5145 2490 5198 evertisset.
2540 5130 2618 5196 Ita
2646 5144 2787 5196 enim
2841 5141 3071 5195 ﬁrmavit
3099 5142 3285 5194 orbem
3329 5174 3333 5179 η

1765 5244 1937 5297 ιρι-ηε,
1970 5242 2028 5289 ut
2051 5249 2221 5305 neque
2257 5251 2285 5288 a
2313 5236 2505 5305 pietate
2531 5250 2656 5303 erga
2676 5233 2838 5287 Deum
2873 5230 3231 5284 dimoveretur
3267 5250 3281 5283 :

1765 5324 2053 5379 Eeclesiam
2086 5303 2213 5381 vero
2240 5303 2428 5395 ipsius,
2451 5303 2573 5393 qua:
2598 5332 2755 5391 supra
2800 5332 3004 5389 petram
3032 5320 3280 5372 fundatur

149 5434 261 5488 μιν,
295 5420 392 5487 τήν
416 5435 476 5470 τε
509 5418 757 5479 πολύθεον
787 5419 987 5489 πλάνην
1016 5415 1329 5486 ἀνατρέψας.
1362 5413 1515 5469 Οὕτω
1540 5416 1659 5483 γοῦν

1762 5424 1815 5470 et
1854 5414 2113 5473 adversus
2141 5433 2297 5487 quam
2336 5426 2501 5485 porta:
2546 5414 2699 5467 inferi
2750 5427 2857 5465 non
2904 5408 3281 5481 prmvaiebunt,

146 5508 447 5580 ἔστεριωσει
479 5508 577 5579 τὴν
624 5510 969 5581 οἰκουμένην,
1016 5509 1090 5571 ὡς
1142 5506 1324 5578 μηκέτ’
1370 5505 1535 5577 αὐτὴν
1573 5524 1670 5561 σα·-

1767 5506 1853 5561 hic
1896 5522 1990 5577 per
2041 5510 2221 5569 urbem
2249 5517 2404 5562 terra:
2431 5505 2735 5569 indicatam,
2768 5503 2841 5557 ita
2872 5502 3129 5555 ﬁrmatam
3166 5511 3279 5552 esse

218 5686 263 5717 "
291 5684 311 5739 1
343 5644 466 5739 Cor.
500 5698 588 5747 xv,
622 5682 708 5736 56.
779 5682 824 5714 “
863 5682 1051 5737 Ezecb.
1087 5696 1242 5745 xvm,
1274 5679 1363 5735 20.
1437 5679 1480 5712 "
1518 5676 1705 5737 Matth.
1771 5670 1971 5749 xxviii,
2031 5682 2111 5738 l8.
2207 5682 2248 5714 ’⁸
2288 5668 2387 5735 isa.
2422 5691 2545 5743 Lm,
2576 5677 2629 5731 2.
2718 5679 2760 5710 ”
2796 5676 3021 5745 Philipp.
3060 5686 3154 5739 ut,
3194 5671 3278 5725 ιιι.

152 5756 193 5787 ³⁸
234 5753 277 5809 ll
307 5753 431 5811 Car.
457 5750 580 5819 xm,
614 5752 666 5807 4.
739 5753 780 5784 ἰ
819 5750 838 5804 l
871 5754 994 5809 Cor.
1033 5768 1082 5818 ι,
1113 5751 1202 5805 24.
1294 5828 1315 5842 ἡ
