3976 6356
106 442 230 501 118$

1267 434 1771 494 'COMMEN'IAMA
1811 440 1874 486 ην
1914 408 2248 495 rsauuos.
2362 436 2365 439 '

3154 446 3291 502 Hi0

106 559 195 628 τῆς
230 575 292 627 γε
326 558 515 637 ’φωνῆς
543 527 719 613 αὐτῶν
744 557 925 610 ἐκεῖνα
952 550 1041 628 ἦν,
1070 557 1135 612 δι’
1158 550 1232 612 ῶν
1269 558 1436 612 ἐϐόων
1459 556 1637 627 λέγον-

1738 556 2062 625 οοηειὶιυιεε,
2094 558 2487 618 conﬂuentibus
2526 561 2599 617 ibi
2630 561 2870 621 ﬂuminis
2906 564 3079 621 instar
3111 567 3288 637 genti.

106 666 214 713 τεςο
249 634 460 721 ’Δρατε
497 651 708 714 πύλας,
738 652 789 702 οἱ
811 648 1094 717 ἄρχοντες
1123 647 1309 717 ὑμῶν,
1337 649 1435 703 καί
1465 648 1640 717 ἐπάρ-

107 746 235 808 θητε
260 743 445 795 πύλαι
471 739 710 802 αἰώνιοι,
736 739 830 791 καὶ
859 740 1261 793 εισελεύσεται
1290 742 1323 793 ὀ
1344 739 1639 804 βασιλεὺς

107 833 206 900 τῆς
228 831 431 901 δόξης.
474 833 569 897 Τίς
598 830 764 885 ἐστιν
796 826 971 896 οὗτος
997 834 1030 883 ό
1061 829 1358 895 βασιλεὺς
1384 828 1491 898 τῆς
1537 830 1637 883 δό-

108 923 243 989 Enr;
268 908 482 991 Κύριος
504 922 777 991 κραταιὸς
798 922 894 975 καὶ
922 920 1197 986 δυνατὸς,
1233 921 1442 988 Κύριος
1462 919 1659 991 avra-1

105 1018 199 1083 τὸς
219 1018 289 1071 ἐν
313 1017 577 1087 πολέμῳ·
606 1018 705 1071 καὶ
738 1016 924 1071 πάλιν’
959 1016 1171 1083 Κύριος
1192 1014 1309 1067 τῶν
1336 1013 1640 1083 δυνάμεων

105 1108 275 1173 αὑτός
304 1108 475 1161 ἐστιν
505 1110 537 1161 ὀ
561 1094 859 1172 ,ϐασιλεὺς
883 1104 992 1174 τῆς
1014 1105 1216 1173 δόξης.
1235 1105 1343 1159 Καὶ
1366 1102 1435 1157 τὰ
1460 1102 1635 1174 πλήθη

103 1197 153 1249 δέ
181 1198 286 1251 τῶν
323 1201 378 1252 ἐν
407 1197 704 1270 ἀνθρώποις
734 1196 826 1250 τοῦ
863 1198 1111 1268 Σωτῆρος
1142 1194 1297 1267 ἡμῶν
1338 1193 1637 1264 ἐκκλησιῶν

105 1290 411 1361 ποταμηδὸν-
429 1292 485 1343 ἐν
523 1289 713 1353 αὐταῖς
749 1288 857 1342 τῶν
894 1288 953 1355 ἐξ
999 1287 1165 1341 ἐθνῶν
1204 1284 1637 1339 πεπιστευκότων

1741 649 1843 704 bus
1873 665 1991 719 quae
2019 652 2383 716 crediderunt,
2407 654 2845 726 elevantibusque
2865 672 3049 712 vocem
3078 658 3135 712 in
3163 673 3287 713 ora-

1742 740 1978 796 tionibus
2007 742 2073 796 ad
2103 742 2269 797 Deum
2292 744 2524 809 emissis,
2548 746 2708 816 inque
2733 748 2982 804 laudibus
3005 764 3101 818 per
3131 750 3292 820 hymo

1740 845 1840 885 nos
1887 839 1941 886 et
1985 833 2221 901 psalmos
2259 832 2421 887 editis
2450 873 2465 899 ,
2521 844 2750 905 possunt
2795 835 3014 890 ﬂumina
3052 838 3284 893 vocari:

1741 920 1955 989 quando
2008 922 2123 992 ipse
2166 920 2427 977 Dominus
2474 932 2658 980 noster
2704 940 2822 1003 eos,
2848 941 2982 996 quos
3013 940 3077 981 ex
3104 942 3204 982 sua
3230 937 3287 983 et

1740 1008 1919 1062 divina
1940 1008 2187 1065 doctrina
2206 1010 2444 1078 haurire,
2475 1020 2528 1067 et
2548 1029 2613 1067 ex
2647 1010 2853 1083 Spiritu
2887 1024 3072 1069 sancto
3102 1015 3286 1071 bibere

1741 1097 1980 1153 futurum
2030 1110 2175 1167 erat,
2231 1100 2543 1158 ﬂuminibus
2578 1113 2866 1174 comparat
2914 1104 3097 1161 dicens
3131 1125 3143 1159 :
3179 1106 3289 1172 ραι

1740 1191 1924 1247 biberit
1954 1209 2018 1247 ea:
2049 1211 2204 1265 aqua,
2225 1212 2379 1266 quam
2397 1212 2487 1268 ego
2515 1194 2650 1251 dabo
2678 1198 2752 1263 ei,
2775 1198 2997 1267 ﬂumina
3032 1198 3093 1253 de
3115 1210 3287 1254 ventre

1739 1283 1852 1348 ejus
1879 1284 2040 1354 ﬂuent
2068 1302 2216 1357 aqua:
2249 1289 2394 1354 viva,
2425 1288 2662 1345 salientis
2681 1289 2736 1343 in
2766 1291 2924 1343 vitam
2951 1299 3197 1344 (uernam
3213 1290 3283 1344 ³⁸.

108 1384 423 1445 συρόεόντων
463 1383 568 1446 ἀεὶ,
594 1382 931 1454 ἐπαιρόντων
956 1398 1015 1433 τε
1050 1379 1229 1451 φωνὴν
1268 1380 1324 1432 ἐν
1354 1380 1474 1441 ταῖς
1539 1377 1673 1447 πρὸς
1708 1376 1798 1429 τὸν
1830 1377 1959 1432 Θεὸν
2006 1379 2209 1449 εὐχαῖς,
2233 1379 2297 1433 ἐν
2328 1397 2386 1433 τε
2412 1383 2529 1443 ταῖς
2574 1379 2640 1433 δι’
2698 1364 2878 1451 ὕμνων
2928 1381 3022 1434 καὶ
3062 1380 3287 1452 ψαλμῶν

104 1472 431 1540 δοξολογίαις,
473 1472 721 1527 δύνανται
770 1472 1020 1541 λέγεσθαι
1070 1471 1334 1541 ποταμοί·
1362 1470 1507 1537 ,ἐπεὶ
1549 1470 1642 1523 καὶ
1677 1470 1837 1535 αὐτὸς
1868 1473 1895 1524 6
1924 1469 2127 1541 Κύριος
2190 1470 2344 1540 ἡμῶν
2374 1471 2499 1534 τοὺς
2534 1470 2821 1541 μέλλοντας
2881 1475 2945 1525 ἐκ
2982 1472 3081 1543 τῆς
3120 1473 3285 1525 αὑτοῦ

105 1566 187 1617 καὶ
209 1564 354 1628 θείας
376 1565 719 1629 διδασκαλίας
745 1564 1026 1637 ἀρύεσθαι,
1061 1564 1269 1617 καὶτοῦ
1320 1564 1473 1632 ἁγίου
1511 1563 1823 1635 Πνεύματος
1878 1563 2073 1627 πίνειν,
2117 1566 2377 1633 ποταμοῖς
2422 1563 2754 1635 παραϐάλλει
2823 1565 3011 1633 λέγων·
3054 1568 3151 1631 Ὃς
3212 1565 3289 1618 ἂν

103 1656 196 1723 πίῃ
230 1657 297 1709 ἐκ
332 1656 436 1711 τοῦ
471 1657 685 1724 ὕδατος
716 1654 785 1714 οὖ
817 1656 929 1725 ἐγὼ
965 1656 1133 1711 δώσω
1172 1655 1348 1722 αὐτῷ,
1382 1656 1627 1727 ποταμοί
1652 1657 1719 1711 ἐκ
1752 1657 1861 1726 τῆς
1892 1656 2119 1723 κοιλίας
2153 1656 2337 1710 αὑτοῦ
2378 1657 2707 1724 ῥεύσουσιν
2769 1657 2984 1724 ὕδατος
3052 1656 3288 1728 ζῶντος,

100 1744 431 1816 ἁλλομένου
458 1750 545 1814 είς
573 1746 724 1817 ζωὴν
736 1747 990 1803 αἰώνιον.

173 1867 396 1936 Ἅροῦσι
428 1868 678 1937 ποταμοί
702 1868 1028 1935 ἐπιτρίψεις
1048 1867 1242 1921 αὐτῶν
1274 1868 1388 1923 ἀπὸ
1424 1866 1634 1937 φωνῶν

1802 1862 2044 1928 VsnsJ,
2077 1862 2129 1917 5.
2167 1863 2368 1918 Tollent
2400 1862 2623 1932 ﬂumina
2665 1863 2855 1931 ﬂuctus
2902 1880 3024 1919 suos
3062 1883 3099 1935 _a
3147 1868 3287 1921 voci-

101 1954 318 2011 ὐδάτων
353 1956 615 2012 πολλῶν.
651 1957 983 2027 Θαυμαστοί
1025 1960 1077 2011 οἱ
1106 1959 1487 2028 μετεωρισμοί
1528 1958 1636 2026 τῆς

101 2047 421 2116 θαλάσσης,
455 2048 792 2118 θαυμαστὸς
823 2050 893 2103 ὲν
927 2050 1207 2118 ὑψίστοις
1244 2054 1275 2105 ό
1310 2052 1537 2119 Κύριος.
1561 2044 1637 2105 Ἐί

100 2137 361 2208 νενόηνται
389 2139 439 2190 oi
468 2140 699 2210 ποταμοὶ
729 2139 779 2193 οί
806 2139 898 2208 ἐπὶ
929 2142 996 2211 τῇ
1026 2138 1148 2210 δόξῃ
1171 2141 1266 2212 τῆς
1302 2141 1394 2196 τοῦ
1434 2140 1635 2213 Κυρίου

104 2228 360 2297 βασιλείας
384 2230 484 2300 τὴν
514 2230 690 2283 αὐτῶν
714 2229 894 2300 φωνὴν
923 2229 1255 2302 ἐπαίροντες,
1276 2232 1340 2283 ἐκ
1361 2230 1454 2284 τοῦ
1482 2234 1635 2285 ἐναν-

100 2320 205 2372 τίου
244 2318 590 2392 νοηθήτωσαν
627 2320 802 2392 ἕτεροι
840 2321 1072 2391 ποταμοὶ
1111 2320 1505 2392 ἐπιτριϐόμενοι
1544 2322 1636 2373 κατ⁹

52 2446 55 2447 ν
101 2412 539 2483 κατεπαιρόμενοι
561 2412 660 2484 τῆς
683 2411 931 2480 γνώσεως
954 2411 1045 2465 τοῦ
1069 2411 1224 2478 Θεοῦ,
1240 2411 1489 2473 ἐναντίως
1508 2410 1565 2463 δέ
1577 2403 1635 2463 τε

100 2498 417 2571 διακείμενοι
471 2503 584 2565 τοῖς
635 2502 918 2573 ἐπαίρουσι
969 2501 1065 2571 τὴν
1117 2502 1298 2571 φωνὴν
1352 2500 1524 2553 αὐτῶν
1559 2498 1636 2570 τῷ

94 2589 224 2660 Θεῷ.
260 2583 415 2645 Οὗτοι
451 2591 514 2663 δὴ
533 2588 623 2646 οὖν
656 2594 703 2645 oi
735 2591 961 2646 ἐναντίοι
986 2591 1215 2661 ποταμοὶ
1234 2591 1459 2662 αἴρουσι,
1483 2590 1633 2661 φησὶ,

101 2679 187 2743 τὰς
229 2682 530 2750 ἐπιτρίψεις
573 2682 771 2749 αὐτῶν,
815 2680 1088 2734 τουτέστιν
1128 2679 1486 2749 ἀποθήσονται
1530 2680 1638 2731 πᾶν

100 2770 312 2844 ἔπαρμα
335 2774 425 2835 καὶ
451 2773 629 2826 πάντα
656 2772 844 2841 τῦφον,
880 2774 972 2827 καὶ
997 2774 1172 2826 πᾶσαν
1200 2769 1511 2841 ἐπιτριϐήν·
1545 2769 1637 2823 καὶ

100 2862 248 2916 τοῦτο
278 2867 592 2936 ποιήσουσιν
611 2853 722 2918 ’ἀπὸ
749 2865 846 2935 τῆς
874 2864 1051 2935 φωνῆς
1076 2862 1184 2915 τῶν
1208 2860 1379 2943 ’ἁγίων
1409 2858 1633 2913 ὑδάτων.

102 2954 317 3025 Νοήσεις
348 2957 403 3011 δὲ
441 2956 501 3011 τὺ
541 2956 822 3028 είρημένον
862 2954 1176 3027 ἐπιστήσας,
1211 2952 1286 3017 ὡς
1329 2952 1488 3006 πάλαι
1539 2950 1637 3022 μὲν

102 3047 153 3099 ἐν
189 3046 488 3119 ἀνθρώποις
543 3047 798 3112 πολλάκις
844 3042 911 3118 ἦν
954 3044 1246 3115 ἐπαγγελία
1308 3044 1494 3113 σοφίας
1542 3040 1635 3094 τοῦ

102 3138 281 3201 αἰῶνος
308 3138 518 3203 τούτου,
547 3140 639 3192 καὶ
664 3138 975 3208 φιλοσοφίας
994 3132 1631 3209 ἁνθρωπίνηςέπιτριϐή⁶

1736 1954 1831 2009 bus
1866 1971 2119 2025 aquarum
2150 1955 2455 2025 multarum.
2498 1953 2771 2007 Mirabile:
2798 1951 3047 2009 elationes
3098 1959 3284 2024 maris,

1735 2047 1990 2101 mirabilis
2016 2048 2069 2101 in
2100 2046 2373 2101 altissimis
2426 2045 2698 2101 Dominus.
2758 2044 2813 2101 Si
2861 2047 3078 2103 ﬂumina
3131 2050 3289 2106 intel-

1734 2137 1979 2201 leximus,
2042 2150 2162 2208 qua:
2214 2152 2378 2208 super
2424 2138 2592 2209 gloria
2637 2140 2787 2210 regni
2839 2139 3049 2194 Domini
3095 2156 3284 2195 vocem

1734 2242 1887 2281 suam
1949 2226 2325 2294 elevaverunt;
2395 2228 2697 2281 econtrario
2745 2228 3115 2299 intelligantur
3175 2230 3285 2285 alia

1732 2314 1953 2369 ﬂumina
1984 2330 2102 2385 quae
2138 2313 2334 2372 ﬂuctus
2354 2316 2590 2371 excitant
2610 2324 2665 2372 et
2696 2318 2946 2372 attollunt
2974 2329 3161 2374 contra
3184 2332 3281 2375 co-

1734 2406 2026 2477 gnitionem
2047 2406 2172 2472 'Dei,
2202 2415 2363 2478 atque
2402 2409 2470 2466 iis
2491 2409 2739 2482 opposita
2767 2426 2885 2480 quae
2918 2425 3103 2466 vocem
3126 2426 3283 2468 suam

1735 2496 1845 2553 Deo
1871 2498 2101 2553 elevant.
2138 2496 2263 2556 Haec
2284 2500 2465 2571 itaque
2492 2486 2763 2557 contraria
2792 2500 3034 2567 ﬂumina,
3061 2501 3289 2559 ﬂuctus:

1735 2586 1929 2657 inquit,
1975 2601 2106 2643 suos
2156 2588 2389 2657 tollunt;
2422 2590 2475 2645 id
2504 2598 2588 2647 est
2617 2605 2828 2646 omnem
2859 2591 3167 2656 elationem,
3201 2601 3289 2647 tu-

1734 2692 1939 2732 morem
1984 2683 2039 2731 et
2093 2677 2395 2734 allisionem
2446 2679 2761 2750 deponent:
2793 2681 2954 2751 idque
3006 2682 3205 2737 facient
3255 2699 3290 2738 ιι

1734 2782 1867 2823 voce
1896 2774 2207 2822 sanctarum
2240 2782 2522 2838 aquarum.
2554 2767 2667 2825 Hoc
2698 2772 2859 2841 porro
2897 2772 3100 2828 dictum
3125 2775 3288 2831 intel-

1735 2860 1893 2929 ligas,
1918 2859 1962 2914 si
1987 2858 2310 2951 perpendas,
2340 2860 2469 2915 olim
2507 2861 2649 2932 apud
2689 2862 2935 2919 homines
2972 2865 3290 2951 plerumque

1736 2952 2012 3007 exstitisse
2048 2950 2317 3023 specimen
2352 2953 2627 3024 sapientia:
2676 2954 2838 3025 hujus
2868 2956 3069 3019 sazculi,
3107 2966 3160 3013 et
3187 2957 3289 3012 bu-

1737 3057 1909 3097 manaa
1935 3043 2288 3114 philosOpbia:
2318 3044 2707 3115 arrogantiam,
2731 3061 2835 3116 qua
2873 3045 3041 3102 inﬂati
3067 3047 3289 3107 extolle-

1735 3132 1952 3198 bantur,
1985 3141 2039 3189 et
2080 3148 2112 3188 a
2164 3142 2343 3190 mente
2370 3137 2551 3192 carnis
2583 3151 2695 3192 suae
2736 3138 3099 3209 erigebantur,
3130 3138 3285 3208 quasi

103 3228 178 3295 ἐφ’
195 3222 225 3302 ᾖ
241 3232 336 3283 καὶ
355 3231 617 3303 ἐπήροντο
632 3230 820 3298 φυσιού
828 3247 974 3301 μενοι
994 3230 1086 3282 καὶ
1114 3226 1510 3298 ἐπιτριϐόμενοι
1528 3225 1631 3279 ὑπὸ

1736 3238 1957 3294 magnas
2007 3233 2062 3279 et
2114 3225 2384 3297 sapientes
2432 3226 2747 3297 disciplinas
2778 3228 2987 3283 adirent
3022 3230 3286 3300 sapientes

99 3318 183 3371 τοῦ
204 3321 320 3384 νοὸς
332 3322 427 3392 τῆς
445 3320 641 3391 σαρκὸς
656 3320 848 3374 αὐτῶν·
870 3319 943 3383 ὡς
963 3319 1026 3391 δὴ
1044 3320 1252 3391 μεγάλα
1265 3318 1382 3373 τινὰ
1397 3320 1488 3373 καὶ
1503 3319 1641 3387 σοφὰ

103 3408 384 3479 μαθήματα
414 3410 795 3482 μετερχόμενοι
824 3412 873 3463 οἱ
904 3412 1054 3479 σοφοὶ
1080 3410 1172 3463 τοῦ
1200 3410 1389 3473 αίῶνος
1430 3408 1635 3463 τούτου.

102 3497 217 3551 Ὅτε
245 3516 309 3568 γε
341 3501 444 3570 μὴν
477 3502 555 3563 είς
587 3501 764 3552 πᾶσαν
802 3500 901 3572 τὴν
934 3500 1036 3571 γῆν
1063 3501 1190 3570 παρ’
1213 3499 1433 3569 Ἕλλησί
1458 3515 1517 3551 τε
1547 3497 1641 3552 καὶ

101 3589 237 3659 παρὰ
259 3590 551 3662 βαρϐάροις
572 3576 995 3660 ἐκκλησίαιΘεοῦ
1028 3574 1373 3661 συνέστησαν,
1400 3589 1494 3658 τὴν
1511 3588 1639 3660 άλη-

100 3679 158 3751 θῆ
187 3681 369 3750 σοφίαν
400 3679 695 3752 μετιοῦσαι,
711 3681 916 3746 καὶτὰς
945 3680 1250 3752 πρεπούσας
1274 3679 1349 3751 τῷ
1362 3680 1478 3751 Θεῷ
1502 3677 1641 3746 δοξο-

98 3770 267 3842 λογίας
282 3790 342 3826 τε
356 3776 446 3827 καὶ
463 3773 779 3845 ὑμνολογίας
796 3774 1098 3845 ποταμηδόν
1110 3774 1202 3828 καὶ
1222 3773 1357 3844 μετὰ
1399 3772 1640 3844 μείζονος

100 3866 184 3918 καὶ
200 3866 752 3939 πεπαρρησιασμένης
767 3866 892 3937 βοῆς
906 3865 1337 3937 ἀναπέμπουσαι,
1354 3865 1601 3919 καιῶσπε
1609 3882 1639 3937 ρ

100 3953 295 4008 ὑδάτων
322 3955 527 4009 πολλῶν
575 3956 756 4028 φωνὴν
796 3954 886 4009 διὰ
908 3954 969 4009 τὸ
1006 3954 1208 4025 πλῆθος
1251 3954 1638 4008 θεοσεϐούντων

98 4045 345 4115 ἀφιεῖσαι,
375 4047 434 4101 τὸ
452 4045 748 4118 τηνικαῦτα
772 4044 1046 4117 καθῃρέθη
1079 4046 1107 4096 6
1136 4043 1301 4111 τῦφος
1338 4042 1447 4095 τῶν
1473 4042 1635 4096 πάλαι

98 4140 448 4211 νομιζομένων
475 4138 671 4209 σοφῶν,
698 4138 792 4191 καὶ
819 4138 968 4191 πᾶσα
995 4133 1170 4188 αὐτῶν
1204 4132 1453 4203 ἐπιτριϐὴ
1483 4149 1637 4185 τετα-

101 4230 365 4295 πείνωται,
409 4229 511 4299 τῆς
551 4228 742 4298 σοφίας
771 4225 947 4280 αὐτῶν
986 4226 1067 4289 είς
1094 4222 1245 4277 οὐδὲν
1276 4221 1632 4294 λογισθείσης.

98 4319 156 4372 ει
178 4319 234 4373 δέ
260 4338 343 4384 τις
377 4319 595 4375 πώποτε
620 4317 896 4389 ἐθαύμασε
934 4315 1027 4370 καὶ
1065 4314 1167 4385 τῆς
1214 4313 1485 4384 θαλάσσης
1509 4314 1634 4377 τοὺς

100 4412 511 4484 μετεωρισμοὺς,
533 4411 627 4465 τοῦ
659 4409 771 4480 βίου
801 4404 997 4480 δηλαδὴ
1035 4405 1128 4460 τοῦ
1162 4404 1355 4478 θνητοῦ
1391 4404 1488 4469 τὰς
1517 4422 1634 4474 τρι-

101 4503 290 4573 κυμίας
314 4502 407 4555 καὶ
436 4501 561 4565 τοὺς
589 4498 861 4562 κλύδωνας
897 4497 1024 4561 τοῦς
1065 4495 1457 4566 ἐπαιρομένους
1498 4493 1637 4548 κατὰ

1740 3314 1901 3385 hujus
1932 3316 2137 3371 saeculi.
2167 3316 2237 3370 At
2267 3317 2482 3387 quando
2509 3333 2605 3388 per
2627 3318 2811 3374 orbem
2835 3320 2973 3389 apud
3007 3318 3290 3376 Grazooset

1739 3406 1998 3462 barbaros
2025 3407 2269 3462 ecclesiae
2301 3407 2393 3462 Dei
2424 3409 2732 3463 constituta:
2774 3417 2920 3473 sunt,
2951 3424 3071 3479 quae
3108 3424 3285 3471 veram

1740 3499 2057 3568 sapientiam
2084 3497 2312 3562 adirent,
2339 3514 2402 3554 ac
2434 3498 2541 3553 Deo
2566 3498 2814 3554 decentes
2842 3499 3029 3555 laudes
3059 3509 3113 3556 et
3134 3502 3290 3573 bym-

1739 3603 1839 3643 nos
1888 3587 2037 3642 ﬂuxu
2078 3588 2309 3658 quodam
2341 3603 2405 3643 ac
2452 3603 2575 3643 cum
2629 3589 2833 3659 majore
2870 3597 2924 3644 et
2952 3589 3147 3645 ﬂducia
3175 3592 3289 3661 ple-

1738 3679 1892 3738 niore
1923 3693 2054 3734 voce
2077 3678 2405 3744 emitterent,
2433 3686 2505 3745 et,
2535 3679 2605 3734 ob
2632 3678 3025 3733 multitudinem
3064 3680 3289 3750 religio-

1740 3784 1923 3825 sorum
1967 3771 2266 3836 hominum,
2300 3771 2455 3841 quasi
2495 3784 2753 3840 aquarum
2784 3768 3074 3823 multarum
3103 3785 3289 3827 vocem

1736 3862 1989 3930 ederent;
2025 3870 2155 3918 tunc
2186 3863 2432 3918 sublatus
2459 3869 2545 3918 est
2568 3870 2753 3925 eorum
2789 3862 2881 3932 qui
2919 3862 3045 3915 olim
3074 3862 3291 3932 sapien-

1736 3960 1819 4006 tes
1860 3954 2269 4008 aestimabantur
2325 3960 2525 4017 tumor,
2569 3953 3103 4024 omnisqueillorum
3132 3967 3289 4013 arro—

1736 4043 1917 4112 gantia
1945 4043 2203 4113 depressa
2226 4052 2329 4108 est,
2361 4043 2505 4113 quod
2533 4029 2796 4115 sapientia
2843 4046 3030 4099 eorum
3064 4058 3163 4114 pro
3204 4043 3293 4100 nio

1731 4133 1845 4187 hilo
1896 4133 2202 4189 haberetur.
2248 4132 2404 4201 Quod
2454 4135 2501 4191 si
2557 4136 2680 4206 quis
2733 4152 2971 4207 unquam
3020 4137 3286 4196 elationes

1734 4224 1901 4279 maris
1952 4224 2252 4281 admiratus
2308 4226 2400 4292 sit,
2434 4225 2686 4282 videlicet
2730 4228 2976 4303 mortalis
3010 4214 3291 4301 vittepro-

1732 4315 1899 4371 cellas
1948 4322 2003 4371 et
2042 4314 2257 4384 ﬂuctus,
2297 4319 2390 4388 qui
2412 4326 2602 4373 contra
2621 4317 2715 4374 Dei
2734 4318 3094 4389 cognitionem
3116 4320 3291 4393 erige-

1733 4405 1965 4474 bantur;
2004 4407 2141 4462 sciat
2170 4407 2261 4463 ille
2294 4423 2406 4479 pra)
2446 4408 2700 4483 omnibus
2728 4408 3027 4462 mirabilem
3053 4408 3107 4462 in
3134 4407 3289 4463 altis-

1735 4498 1888 4555 simis
1916 4514 2037 4554 esse
2084 4496 2403 4567 Dominum;
2437 4500 2511 4555 ita
2538 4509 2598 4554 ut
2622 4490 2664 4554 ii
2690 4500 2783 4570 qui
2814 4500 2870 4553 in
2900 4498 3125 4553 Domino
3154 4514 3286 4554 eon-

100 4593 191 4663 εῆς
220 4592 468 4662 γνώσεως
497 4592 592 4647 τοῦ
621 4590 774 4645 Θεοῦο
810 4589 922 4644 ἀλλ’
953 4588 1111 4653 ῐστω,
1151 4587 1231 4642 ὅτι
1264 4587 1401 4659 ὑπὲρ
1431 4585 1636 4648 πάντας

1741 4589 1930 4653 ﬂdunt,
1961 4603 2068 4643 non
2098 4589 2240 4644 ultra
2276 4589 2537 4644 elationes
2565 4590 2731 4644 maris
2754 4589 2877 4658 jure
2906 4589 3287 4657 pertimescere

98 4672 399 4758 θαυμαστός
423 4688 570 4740 ἐστιν
606 4684 664 4738 ἐν
695 4683 915 4754 ὑψηλοῖς
940 4683 969 4735 ό
998 4679 1309 4752 Κύριος’ὡς
1336 4678 1524 4749 μηκέτ’
1551 4677 1638 4729 εὐ-

99 4780 259 4847 λόγως
297 4781 421 4843 τοὺς
471 4777 875 4851 μετεωρισμοὺς
913 4773 1013 4845 τῆς
1046 4771 1316 4841 θαλάσσης
1361 4768 1636 4837 φοϐεῖσθαι

100 4870 198 4924 δεῖν
222 4874 345 4935 τοὺς
371 4871 462 4925 ἐπὶ
492 4869 569 4941 τῷ
590 4868 780 4940 Κυρίῳ
808 4864 1147 4927 πεποιθότας.
1174 4861 1331 4924 Εἰκὸς
1356 4860 1416 4914 δέ
1441 4858 1639 4913 θαλάσ-

102 4977 190 5031 σης
216 4960 352 5017 εἶναι
383 4960 781 5033 μετεωρισμοὺς
799 4958 925 5021 τοὺς
946 4952 1402 5024 ἐπανισταμένους
1432 4955 1499 5022 τῇ
1529 4952 1641 5004 Ἐκ-

101 5052 289 5125 κλησίᾳ
344 5052 436 5107 τοῦ
482 5049 615 5105 Θεοῦ
665 5048 972 5119 διωγμούςο
1023 5045 1116 5110 οὒς
1159 5048 1187 5099 6
1227 5044 1325 5115 τὴν
1369 5042 1637 5097 θάλασσαν

102 5143 356 5197 κατοικῶν
384 5143 597 5215 δράκων
624 5142 859 5212 ἐνεργεῖν
890 5138 1093 5202 εἴωθεν,
1124 5139 1153 5189 6
1182 5133 1517 5207 μετεωρίζων
1541 5137 1638 5190 κύ-

104 5249 236 5302 ματα
257 5234 442 5303 αὐτῆς,
473 5232 685 5305 βομϐῶν
714 5250 773 5285 τε
795 5230 887 5284 καὶ
911 5228 1056 5300 ἠχῶν
1084 5227 1177 5280 καὶ
1213 5226 1512 5296 ταράττων,
1545 5226 1638 5279 καὶ

104 5325 371 5394 μονονουχὶ
393 5324 627 5378 ἀπειλῶν
657 5326 832 5379 πᾶσαν
861 5322 1026 5394 ἄρδην
1059 5317 1411 5373 κατακλύσειν
1444 5335 1503 5370 τε
1543 5320 1638 5374 καί⁵

102 5415 367 5483 ἀφανίσειν
387 5415 484 5485 τὴν
515 5416 833 5485 Ἐκκλησίαν
859 5415 951 5468 τοῦ
979 5412 1132 5466 Θεοῦ.
1165 5411 1348 5473 Είποις
1375 5409 1417 5462 δ’
1448 5409 1513 5463 ἂν
1544 5412 1638 5465 καὶ

107 5505 259 5571 ιλλως
276 5506 411 5577 πρὸς
423 5505 564 5570 λέξιν
577 5505 747 5559 ταῦτα
760 5507 1129 5578 διηγούμενος,
1143 5502 1386 5572 ἐπαίρειν
1401 5501 1527 5565 τοὺς
1543 5520 1636 5555 πο-

107 5600 259 5670 ιαμοὺ
269 5616 314 5663 ς,
336 5584 531 5661 αὐτοὺς
547 5596 610 5667 δὴ
623 5597 980 5663 τούτουςτοὺς
996 5595 1299 5666 αίσθητοὺς,
1330 5594 1426 5664 τὴν
1457 5594 1635 5664 φωνὴν

108 5687 265 5744 ιὺτῶν
293 5686 369 5759 τῷ
393 5686 531 5757 Θεῷ,
568 5687 660 5741 τοῦ
688 5687 750 5760 δη
761 5684 1129 5764 μιουργοῦποῦ
1145 5686 1207 5758 δὴ
1233 5685 1325 5739 καὶ
1356 5685 1567 5739 κτίσανῖ
1592 5734 1595 5735 ν
1619 5702 1635 5745 ς

164 5855 205 5882 ³⁸
238 5852 402 5906 Joan.
438 5861 531 5910 vn,
578 5847 643 5900 Ζιτέ

1736 4679 1985 4734 debeant.
2026 4677 2331 4748 Verisimile
2373 4685 2551 4732 autem
2581 4686 2664 4733 est
2690 4678 2951 4733 elationes
2979 4677 3146 4733 maris
3165 4690 3288 4733 esse

1737 4767 2140 4838 persecutiones
2191 4767 2246 4820 in
2278 4764 2579 4821 Ecclesiam
2621 4764 2727 4845 Dei.
2760 4764 3122 4838 insurgentes,
3148 4769 3287 4835 quas

1735 4858 1971 4912 excitare
2002 4857 2137 4911 solet
2165 4856 2329 4909 draco
2360 4855 2447 4909 ille
2499 4856 2553 4909 in
2586 4855 2725 4910 mari
2764 4856 3035 4920 habitans,
3066 4855 3155 4926 qui
3183 4851 3286 4909 ﬂu-

1735 4957 1857 5003 ctus
1886 4948 2006 5018 ejus
2054 4947 2110 5000 in
2137 4947 2366 5003 sublime
2398 4948 2558 5013 tollit,
2607 4948 2755 5013 boat,
2800 4956 2955 5004 sonat
2979 4957 3033 5004 et
3066 4955 3286 5020 conture

1736 5040 1847 5105 bat,
1894 5047 2101 5094 tantum
2154 5055 2263 5095 non
2315 5040 2674 5097 interminans
2723 5057 2781 5097 se
2836 5040 3134 5099 Ecclesiam
3187 5037 3285 5096 Dei

1736 5128 2122 5185 inundaturum
2178 5145 2242 5185 ac
2306 5129 2550 5185 funditus
2605 5118 2905 5185 deleturum
2961 5143 3102 5183 esse.
3162 5127 3285 5184 Alio

1734 5224 1860 5277 item
1911 5219 2070 5275 modo
2102 5220 2215 5276 haec
2246 5223 2312 5275 ad
2344 5221 2578 5275 litteram
2634 5232 2896 5275 enat-rans
2950 5217 3153 5273 dixeris
3190 5218 3284 5271 ﬂu-

1735 5315 1880 5369 mina
1911 5313 2023 5368 haec
2056 5314 2331 5369 sensibilia
2361 5314 2572 5368 elevare
2603 5326 2784 5367 vocem
2823 5321 2976 5363 suam
3005 5304 3135 5371 Deo,
3161 5307 3282 5375 api-

1737 5406 1820 5460 tici
1849 5420 2059 5475 nempe,
2084 5406 2175 5476 qui
2205 5421 2263 5461 se
2283 5404 2482 5459 creavit
2509 5414 2562 5459 et
2592 5404 2851 5457 exsistere
2888 5398 3034 5463 fecit,
3056 5395 3281 5467 gloriam

1734 5497 2038 5553 eﬂerentes.
2063 5494 2527 5563 Quemadmodum
2557 5490 2698 5546 enim
2723 5504 2789 5544 ex
2820 5486 3187 5558 magnitudine
3226 5489 3282 5538 et
3330 5500 3333 5505 '

1735 5590 2135 5662 pulchritudine
2185 5596 2551 5645 creaturarum
2589 5582 2768 5654 opifex
2810 5578 3172 5652 conspicitur;
3200 5573 3282 5630 sic

1735 5698 1798 5739 ex
1849 5678 2092 5755 partibus
2118 5682 2323 5747 mundi,
2356 5676 2677 5737 miraculum
2721 5674 2901 5765 magni
2948 5672 3042 5729 Dei
3080 5666 3283 5742 opiﬂcii
