3976 6356
723 431 847 487 1191

1374 431 1632 487 EUSEBII
1664 432 2132 489 CESABIENSIS
2163 435 2310 491 OPP.
2350 436 2527 494 PARS
2560 438 2646 499 Ill.
2680 469 2749 479 --
2784 438 3184 495 EXEGETICA.

3732 442 3842 500 me
3895 412 3901 423 ’

720 547 809 611 iis,
844 545 937 614 qui
966 546 1179 613 videndi
1210 547 1475 602 .lacultate
1515 549 1722 617 praediti
1750 560 1896 614 sunt,
1930 550 2248 607 declaratur.

2353 555 2547 619 αὐτοὺς
2582 556 2674 611 καὶ
2717 534 3153 627 ὑποστησαμένου
3179 557 3276 627 τὴν
3315 556 3470 624 δόξαν
3502 556 3839 628 ἐμφαίνοντας.

665 639 669 645 ’
719 635 776 690 Si
806 637 929 706 quis
958 642 1099 692 enim
1128 653 1310 693 secum
1360 648 1591 709 reputet.
1626 642 1771 697 unde
1807 643 1928 698 talis
1974 641 2251 698 ﬂuminum

716 728 895 782 ﬂuxus
945 727 1162 789 feratur,
1193 729 1334 785 unde
1388 737 1538 785 tanta
1571 731 1801 787 humida:
1836 733 2146 790 substantiae
2173 735 2252 789 vis

718 827 773 872 et
794 818 965 888 copia,
984 820 1124 875 unde
1168 818 1341 875 fontes
1370 821 1445 875 illi
1466 822 1557 891 qui
1578 838 1606 875 a
1629 824 1828 878 saeculo
1863 839 2137 893 nunquam
2168 823 2254 879 de-

719 902 985 973 fecerunt,
1023 910 1114 978 qui
1155 910 1409 1007 pe‘ennia
1439 922 1493 965 et
1524 912 1857 991 amplissima
1888 911 2111 967 ﬂumina
2138 928 2253 969 sca-

720 1001 944 1065 turiunt,
974 1018 1039 1056 ex
1073 1001 1271 1072 quibus
1319 1002 1531 1073 abyssis
1570 1004 1834 1066 oriantur,
1891 1018 1956 1059 ex
1988 1020 2091 1075 qua
2124 1004 2252 1059 sub-

712 1092 927 1145 stantiae
959 1093 1114 1161 copia
1143 1107 1238 1161 per
1294 1107 1453 1148 omne
1496 1094 1756 1148 saeculum
1798 1095 1994 1162 ﬂuant;
2032 1096 2078 1152 si
2106 1097 2249 1165 quis,

694 1184 957 1253 .inquam,
994 1183 1108 1237 haec
1145 1182 1469 1246 consideret,
1502 1183 1548 1239 is
1576 1200 1711 1240 sane
1752 1185 1955 1240 videbit
1987 1187 2100 1241 hac
2133 1195 2253 1241 tan-

688 1264 831 1335 'tum
880 1290 988 1329 non
1016 1287 1205 1327 vocem
1247 1273 1512 1340 emittere,
1546 1289 1693 1344 quae,
1737 1290 1830 1346 per
1860 1276 1973 1346 ipsa
2008 1274 2249 1340 ﬂumina,

711 1367 976 1422 creatoris
1022 1374 1075 1420 et
1114 1367 1325 1436 opiﬁcis
1375 1366 1752 1421 universorum
1800 1367 2249 1438 magniﬁcentiam

711 1459 969 1525 declaret,
1012 1465 1079 1533 et
1113 1459 1231 1527 ejus
1271 1458 1524 1512 deitatem
1579 1458 1916 1514 testiﬁcetur.
1964 1456 2051 1515 Sic
2092 1474 2249 1530 porro

713 1550 974 1605 elationes
1011 1564 1178 1605 mans
1228 1548 1594 1607 considerans_
1622 1548 1907 1619 quispiam,
1942 1564 2049 1619 quo
2095 1559 2251 1619 pacto

716 1642 921 1697 scilicet
966 1641 1159 1697 ﬂuctus
1203 1642 1320 1709 ejus
1362 1641 1558 1695 tumidi
1594 1641 1649 1694 in
1692 1640 1919 1695 sublime
1957 1641 2248 1710 erigantur,

716 1746 885 1800 usque
915 1746 1130 1785 rursum
1162 1729 1469 1785 decidmtes
1501 1730 1559 1783 in
1589 1728 1783 1798 seipsis
1814 1726 2151 1798 frangantur,
2196 1734 2251 1780 et

714 1822 982 1893 quomodo
1003 1838 1114 1905 .nec
1141 1822 1353 1891 possint
1380 1836 1480 1876 nec
1515 1820 1746 1874 audeant
1771 1819 2058 1873 terminum
2089 1824 2143 1872 et
2174 1818 2252 1871 le-

2362 646 2451 709 Ὠς
2486 648 2592 718 γὰρ
2618 649 2681 700 ὲκ
2708 646 2965 717 μεγέθους
2990 648 3083 700 καὶ
3113 646 3368 718 καλλονῆς
3410 648 3706 718 κτισμάτων
3726 650 3840 717 όγο-

2350 735 2653 806 νεσιουργδς
2667 734 2963 807 θεωρεῖται,
2978 735 3068 789 τὸν
3093 736 3252 808 αὑτὸν
3274 737 3472 805 τρόπον
3491 738 3555 789 ὲκ
3575 736 3677 802 τῶν
3696 739 3842 808 μερῶν

2353 824 2450 878 τοῦ
2482 826 2682 897 κόσμου
2727 826 2788 880 τὸ
2823 826 3005 899 θαῦμα
3040 807 3141 897 τῆξ
3181 826 3273 880 τοῦ
3321 825 3455 881 Θεοῦ
3492 807 3842 900 μεγάλωργιας

2348 918 2458 981 τοῖς
2492 918 2622 988 όρᾷν
2659 917 2972 988 δυναμένοις
3015 918 3353 989 παρίσταται.
3382 918 3445 971 Et
3472 900 3600 986 γοῦν
3627 933 3704 981 τις
3736 922 3840 989 παρ’

2349 1008 2523 1079 ἑαυτῷ
2541 1008 2826 1078 λογίσαιτο,
2845 1009 3003 1063 πόθεν
3024 1010 3131 1079 ἄρα
3147 1008 3363 1079 φέρεται
3378 1011 3411 1080 ἡ
3424 1010 3652 1079 τοσαύτη
3662 1010 3757 1062 τῶν
3768 1027 3841 1063 πο-

2348 1100 2535 1172 ταμῶν
2558 1099 2716 1171 φορὰ,
2738 1100 2896 1154 πόθεν
2920 1099 2990 1154 τὰ
3012 1101 3243 1155 τοσαῦτα
3266 1100 3465 1172 μεγέθη
3490 1100 3584 1154 καὶ
3610 1101 3677 1154 τά
3697 1101 3839 1175 πλήθη

2347 1192 2447 1260 τῆς
2466 1192 2634 1262 ὑγρᾶς
2649 1191 2851 1255 οὐσίας,
2874 1191 3034 1246 πόθεν
3054 1193 3109 1245 αἱ
3126 1191 3257 1263 μηδὲ
3273 1191 3484 1246 πώποτε
3499 1191 3561 1258 ἐξ
3574 1191 3844 1257 αἰῶνοςδιαο

2349 1281 2593 1351 λείψασαι
2628 1282 2823 1351 πηγαὶ,
2852 1282 2910 1335 al
2936 1281 3059 1344 τοὺς
3094 1282 3345 1346 ἀεννάους
3375 1282 3468 1337 καὶ
3508 1282 3843 1354 παμμεγέθεις

2351 1362 2602 1443 βρύουσαι
2646 1368 2946 1445 ποταμούς·
2984 1372 3091 1426 άπὺ
3130 1372 3294 1427 ποίων
3321 1369 3427 1445 ἆρα
3466 1373 3636 1444 βυθῶν
3659 1374 3840 1445 ὁρμῶν-

2348 1482 2456 1530 rat,
2490 1466 2668 1533 καὶέκ
2691 1467 2848 1528 ποίας
2873 1465 3212 1528 ὑποστάσεως
3235 1464 3325 1519 τδν
3356 1466 3639 1540 σύμπαντα
3665 1467 3845 1539 ῥέουσιν

2348 1557 2546 1614 αἰῶνα·
2590 1560 2643 1613 εί
2680 1575 2764 1622 τις
2805 1556 2974 1612 ταῦτα
3018 1558 3335 1627 ἐννοήσειεν,
3384 1558 3570 1628 ὄψεται
3596 1559 3669 1623 ὡς
3716 1577 3843 1629 μονο-

2344 1655 2494 1724 νουχὶ
2525 1653 2703 1723 φωνὴν
2733 1653 2941 1722 ἀφίησι,
2981 1651 3132 1721 καὶὴ
3163 1651 3249 1705 διὰ
3274 1649 3379 1704 τῶν
3408 1650 3658 1720 ποταμῶν
3698 1649 3843 1703 αὐτῶν

2347 1744 2410 1813 δὴ
2436 1743 2634 1796 τούτων
2676 1740 3043 1813 παρισταμένη
3074 1739 3167 1793 τοῦ
3200 1738 3410 1793 κτίστου
3441 1738 3534 1791 καὶ
3556 1737 3844 1807 δημιουργοῦ

2347 1829 2451 1883 τῶν
2497 1830 2629 1883 ὅλων
2673 1829 3055 1904 μεγαλουργία,
3088 1826 3431 1900 μαρτυροῦσα
3464 1830 3529 1898 τῇ
3574 1827 3728 1880 αὑτοῦ
3753 1827 3847 1879 θεό-

712 1928 832 1981 gem
861 1912 965 1966 sibi
994 1902 1267 1983 deﬁnitam
1289 1908 1662 1980 praztergredi;
1694 1908 1820 1961 hinc
1850 1922 1981 1963 sane
2006 1906 2099 1961 Dei
2132 1921 2245 1959 ma-

2346 1938 2479 1993 τητι.
2509 1920 2659 1974 Οὕτω
2699 1921 2754 1974 δὲ
2785 1922 2874 1974 καὶ
2904 1902 3026 1984 τοὺς
3058 1918 3457 1991 μετεωρισμοῦς
3486 1918 3585 1985 τῆς
3611 1919 3847 1987 θαλάσσης

723 2006 1042 2077 gniﬁcentia:
1073 2005 1179 2058 vim
1212 2002 1588 2073 deprehendet.
1623 2001 1753 2054 Nam
1796 2001 1870 2053 llli
1916 1998 2098 2062 edixit,
2143 1998 2250 2053 Hu-

711 2109 917 2163 cusque
946 2093 1150 2156 venies,
1199 2100 1251 2146 et
1292 2092 1346 2145 in
1377 2098 1429 2145 te
1473 2097 1822 2146 conterentur
1866 2086 2061 2142 ﬂuctus
2091 2089 2247 2153 tui”,

712 2184 1107 2253 terminumque
1139 2183 1241 2253 ipsi
1282 2183 1482 2250 posuit,
1518 2196 1675 2250 quem
1712 2195 1818 2233 non
1847 2179 2250 2250 praetergredie-

708 2284 820 2339 tur,
871 2289 1044 2343 neque
1087 2282 1433 2326 convertetur
1474 2271 1537 2325 ad
1580 2269 1922 2339 operiendam
1968 2267 2245 2324 terram“.

712 2366 909 2421 Praeter
948 2381 1009 2420 ea
1037 2356 1166 2419 vero
1213 2369 1331 2433 qua:
1382 2377 1542 2431 supra
1585 2360 2016 2424 memoravimus,
2056 2360 2249 2415 dixerit

703 2453 999 2530 quispiam,
1055 2464 1182 2508 tunc
1237 2453 1509 2507 mirabiles
1559 2451 1727 2504 fuisse
1778 2450 2037 2505 elationes
2085 2451 2248 2506 maris

706 2564 834 2604 cum
862 2546 1177 2601 accedentes
1198 2543 1447 2614 discipuli
1476 2542 1726 2596 dixerunt
1745 2542 1814 2602 ci,
1836 2540 2073 2606 Domine,
2104 2543 2250 2597 salva

710 2654 829 2701 nos,
850 2636 1076 2705 perimus
1100 2634 1141 2666 “
1171 2650 1185 2687 :
1215 2632 1430 2704 quando
1462 2632 1741 2701 imperavit
1770 2632 1891 2701 ipsi,
1929 2640 1981 2686 et
2001 2631 2140 2686 facta
2166 2639 2251 2687 est

710 2729 1075 2798 tranquillitas
1113 2740 1324 2797 magna.
1377 2722 1442 2778 Et
1472 2724 1603 2777 alias
1649 2723 1839 2777 iterum
1885 2737 2007 2777 cum
2039 2705 2249 2776 Domini

703 2822 862 2890 jussu
901 2818 1132 2873 divisum
1182 2817 1236 2871 in
1296 2828 1459 2885 seque
1506 2816 1623 2883 ipso
1655 2813 1909 2867 secedens
1952 2827 2015 2867 ac
2054 2813 2252 2867 distra-

712 2925 881 2977 ctum,
925 2912 1210 2967 transitum
1260 2909 1485 2981 praebuit
1529 2908 1651 2961 ﬁliis
1682 2906 1874 2970 Israel,
1900 2912 1960 2959 ut
1996 2920 2091 2976 per
2119 2903 2250 2959 illud

707 3010 864 3079 quasi
909 3022 1006 3077 per
1037 3006 1247 3061 aridam
1290 3012 1490 3057 terram
1522 3005 1857 3073 praeterirent
1890 3021 1902 3056 :
1935 3008 2065 3055 tunc
2105 3000 2250 3055 enim

704 3101 985 3156 mirabiles
1012 3099 1232 3152 fuerunt
1257 3095 1518 3149 elationes
1549 3095 1684 3163 ejus.
1720 3095 1829 3148 lmo
1849 3094 2005 3154 etiam
2030 3090 2250 3145 ﬂumina

705 3192 814 3244 alio
838 3189 998 3243 modo
1030 3200 1229 3253 vocem
1249 3185 1611 3244 elevaverunt,
1639 3183 1855 3253 quando
1878 3198 2001 3236 arca
2024 3197 2121 3252 per
2135 3179 2251 3235 Jor-

2346 2010 2484 2080 όρῶν
2508 2026 2609 2072 τις,
2652 2010 2727 2074 ὡς
2765 2011 3042 2079 ἐπαίρεται
3083 2009 3418 2081 κυρτούμενα
3443 2009 3612 2081 αὐτῆς
3637 2012 3710 2071 εις
3741 2008 3847 2079 ὕψος

2346 2101 2411 2153 τὰ
2444 2090 2677 2171 κύματα,
2701 2102 2792 2154 καὶ
2815 2101 2890 2166 ὡς
2917 2102 3074 2155 πάλιν
3096 2101 3275 2155 ταῦτα
3293 2100 3661 2173 συμπίπτοντα
3694 2103 3747 2153 έν
3768 2101 3847 2153 αὺ-

2345 2193 2455 2253 τοῖς
2487 2189 2773 2261 θραύεται,
2821 2192 2914 2245 καὶ
2966 2191 3041 2255 ὡς
3072 2192 3133 2245 οὐ
3178 2191 3392 2246 δύναται
3428 2192 3545 2245 οὐδὲ
3577 2192 3739 2261 τολμᾷ
3775 2191 3847 2243 τὸν

2344 2283 2466 2353 ὅρον
2502 2282 2594 2334 καὶ
2634 2282 2724 2333 τὸν
2775 2282 2933 2353 νόμον
2972 2283 3264 2355 ὑπερϐῆναι
3303 2283 3393 2337 τὸν
3422 2284 3601 2347 αὐτοῖς
3638 2283 3851 2335 διαπετα-

2345 2371 2563 2442 γμένον,
2589 2371 2772 2440 ὖψεται
2807 2373 2898 2425 καὶ
2922 2373 3013 2427 διὰ
3030 2373 3339 2444 τούτωνζτῆς
3374 2373 3466 2428 τοῦ
3486 2373 3617 2428 Θεοῦ
3648 2374 3848 2444 μεγαλο-

2346 2463 2604 2534 πρεπείας
2623 2464 2717 2535 τὴν
2745 2464 2985 2535 δύναμιν.
3013 2460 3146 2518 Εἶπε
3167 2463 3295 2533 γοῦν
3316 2465 3472 2537 αὐτῇ,
3496 2466 3670 2536 Μέχρι
3690 2466 3849 2519 τούτου

2344 2552 2557 2624 ὲλεύσῃ,
2604 2554 2697 2607 καὶ
2728 2554 2784 2605 ὲν
2818 2555 2899 2606 col
2933 2554 3374 2626 συντριϐήσονταί
3412 2572 3504 2608 σου
3545 2555 3614 2609 τά
3640 2555 3848 2626 κύματα.

2347 2643 2438 2695 καὶ
2481 2645 2624 2714 ὃριον
2668 2644 2802 2715 αὐτῇ
2853 2644 3019 2708 ἔθετο,
3072 2646 3163 2699 καὶ
3196 2646 3293 2717 οὐχ
3342 2646 3717 2717 ὑπερὸήσεται,
3752 2645 3851 2699 οὐδὲ

2348 2735 2657 2806 ἐπιστρέψει
2690 2736 3031 2808 καλῦψαιτὴν
3070 2734 3193 2807 γῆν.
3233 2737 3340 2791 Kal
3358 2737 3627 2809 ἐτέρωςᾶ
3650 2737 3851 2810 παρὰτὰ

2346 2826 2604 2897 εἰρημένα
2639 2826 2777 2880 εἴποι
2802 2828 2866 2881 ἄν
2885 2845 2968 2892 τις
2992 2828 3333 2900 θαυμαστοὺς
3363 2824 3641 2894 εἶναιτοὺς
3678 2847 3852 2901 μετεω-

2349 2919 2572 2989 ρισμοὺς
2584 2918 2680 2990 τῆς
2698 2918 2985 2989 Θαλάσσης,
3009 2919 3240 2990 ὁπηνίκα
3258 2920 3632 2991 προσελθόντες
3646 2924 3691 2975 οί
3709 2920 3853 2991 μαθη-

2346 3008 2435 3061 ταὶ
2453 3002 2610 3060 εἶπαν
2634 3007 2798 3078 αὐτῷ,
2818 3010 3013 3077 Κύριε,
3044 3009 3249 3063 σῶσον
3274 3008 3448 3078 ἡμᾶς,
3466 3012 3848 3080 ἀπολλύμεθα·

2346 3095 2434 3150 ὅτε
2456 3098 2546 3169 καὶ
2561 3097 2882 3168 ἐπετίμησεν
2901 3098 3057 3169 αὐτῇ,
3079 3098 3172 3151 καὶ
3215 3097 3402 3165 γέγονε
3422 3100 3623 3171 γαλήνη
3655 3099 3851 3169 μεγάλη.

2349 3187 2459 3240 Kal
2504 3186 2685 3241 ἄλλοτε
2724 3186 2902 3252 πάλιν,
2948 3189 3037 3242 ὅτε
3077 3188 3155 3259 τῷ
3194 3186 3286 3242 τοῦ
3324 3188 3529 3260 Κυρίου
3560 3188 3853 3259 κελεύσματι

704 3282 903 3334 donem
939 3252 1275 3340 transeunte,
1311 3260 1632 3331 secedebant
1660 3290 1811 3344 aqua?
1837 3282 1889 3329 et
1923 3246 2156 3336 stabant,
2180 3280 2246 3336 ,τε

2346 3278 2687 3351 διαιρεθεῖσα,
2731 3282 2823 3334 καὶ
2849 3246 2929 3345 είς
3179 3246 3435 3335 διαστᾶσα
3471 3280 3566 3334 καὶ
3600 3246 3853 3350 ἀναχωρήο

701 3371 825 3439 ipsa
853 3367 1076 3438 gloriam
1110 3366 1203 3421 Dei
1247 3367 1557 3428 clamantes,
1616 3375 1671 3420 et
1716 3367 1930 3435 quando
1970 3367 2089 3435 ipso
2121 3364 2245 3418 Ser-

704 3466 895 3513 vatore
928 3458 982 3511 in
1029 3456 1216 3513 eodem
1258 3454 1476 3509 ﬂumine
1521 3455 1814 3524 baptizato,
1865 3454 2101 3509 caelestis
2143 3470 2245 3509 vox

708 3552 885 3621 ipsum
922 3546 1118 3603 Filium
1146 3563 1267 3603 esse
1283 3546 1535 3601 dilectum
1567 3546 1635 3600 ad
1660 3547 1898 3600 omnium
1921 3559 2080 3599 aures
2105 3558 2245 3613 pra:-

705 3644 932 3696 dicarct.
974 3664 981 3671 ί

2351 3386 2519 3431 σασα,
2560 3369 2794 3440 παρέσχε
2823 3368 2987 3423 δίοδον
3017 3372 3127 3434 τοῖς
3156 3373 3287 3434 υἱοῖς
3318 3368 3531 3441 Ἰσραὴλ
3570 3368 3779 3423 διελθεῖν
3802 3369 3853 3419 δι’

2348 3460 2515 3530 αὐτῆς
2544 3460 2637 3529 ὡς(
2662 3461 2749 3515 διὰ
2781 3461 2947 3534 ξηρᾶς
2987 3462 3249 3532 γῆς..Καὶ
3289 3461 3409 3515 τότε
3435 3462 3541 3531 γὰρ
3592 3457 3857 3530 θαυμαστοὶ

2349 3552 2631 3620 γεγόνασιν
2661 3552 2824 3623 αὐτῆς
2857 3552 2906 3606 οἱ
2942 3551 3315 3624 μετεωρισμοί.
3342 3552 3433 3605 ’οὐ
3487 3552 3590 3622 μὴν
3620 3549 3748 3604 ἀλλὰ
3781 3560 3857 3603 και

2345 3642 2396 3694 οἱ
2442 3643 2673 3714 ποταμοὶ
2715 3643 2926 3716 ἐπῆραν
2966 3644 3144 3715 φωνὴν
3182 3644 3409 3717 ἑτέρως,
3450 3628 3539 3697 ὅτε
3578 3645 3612 3713 ὴ
3658 3639 3857 3698 κιῦωτδς

704 3733 839 3804 διῄει
890 3733 980 3785 τὸν
1046 3724 1332 3801 Ἰορδάνην,
1402 3728 1733 3798 ὑπανεχώρει
1781 3744 1841 3780 τε
1879 3729 1970 3781 καὶ
2014 3728 2193 3781 ἵστατο
2234 3727 2301 3781 τὰ
2339 3729 2501 3787 ὕδατα
2545 3733 2724 3805 ἔργοις
2773 3735 2869 3805 τὴν
2921 3734 3076 3800 δόξαν
3124 3735 3395 3789 ὲκῦοῶντα
3436 3734 3529 3789 τοῦ
3582 3732 3740 3787 Θεοῦ⁸
3781 3727 3855 3783 καὶ

696 3829 812 3890 ὅτε,
852 3824 1018 3891 αὑτοῦ
1054 3824 1148 3877 τοῦ
1180 3823 1425 3893 Σωτῆρος
1459 3820 1837 3891 βαπτισθέντος
1883 3823 1939 3875 ὲν
1979 3821 2059 3892 τῷ
2103 3821 2246 3890 αὐτῷ
2282 3826 2525 3897 ποταμῷ,
2556 3829 2589 3896 ἡ
2653 3828 2896 3899 οὐράνιος
2922 3829 3068 3900 φωνὴ
3100 3828 3227 3882 Υίὸν
3261 3828 3418 3882 αὑτὸν
3468 3825 3740 3897 ἀγαπητὸν
3792 3823 3855 3886 εἰς

705 3921 802 3981 τὰς
832 3917 1043 3997 πάντων
1069 3913 1236 3977 ἀκοὰς
1247 3915 1420 3985 ’ἀνεκή
1429 3930 1604 3985 ρυττε.
2080 3985 2087 3995 ι

775 4008 945 4065 Vrsas.
973 4008 1027 4063 5.
1069 4006 1389 4061 Testimonia
1420 4004 1688 4058 credibilia
1722 4004 1864 4074 facta
1899 4014 2019 4060 sunt
2052 4009 2198 4063 valde
2227 4022 2245 4062 :

615 4161 625 4173 _
699 4104 917 4155 domum
943 4108 1086 4151 tuam
1105 4096 1245 4151 decet
1274 4098 1589 4160 sanctitudo,
1618 4096 1857 4160 Domine,
1889 4098 1944 4151 in
1965 4099 2247 4170 longitudi-

2419 4002 2493 4059 Τὰ
2510 4003 2796 4073 μαρτύρια
2843 4000 3254 4069 ἐπιστώθησαν
3301 4000 3532 4071 σφόδρα
3548 4016 3564 4031 ο
3612 4000 3693 4066 τῷ
3738 4002 3853 4067 alae

2343 4110 2459 4147 σου
2490 4091 2693 4160 πρέπει
2717 4091 2996 4161 ἁγίασμα,
3024 4087 3221 4158 Κύριε,
3255 4090 3341 4155 εις
3371 4090 3707 4158 μακρότητα
3731 4091 3851 4159 mis.

704 4207 823 4245 nem
848 4186 1070 4243 dierum.
1100 4186 1399 4257 Prophetiae
1430 4188 1759 4253 futurorum,
1790 4191 1845 4244 in
1873 4191 2068 4259 quibus
2098 4193 2248 4247 testi-

2346 4182 2479 4251 ρῶν.
2530 4183 2595 4235 Al
2643 4182 2767 4253 περὶ
2807 4181 2911 4233 τῶν
2947 4179 3242 4251 μελλόντων
3288 4180 3630 4249 προφητεῖαι,
3671 4179 3854 4243 uti];

705 4282 889 4336 monia
937 4268 1003 4336 de
1043 4295 1210 4349 regno
1252 4278 1465 4333 Domini
1519 4278 1849 4342 ferebantur,
1898 4290 2021 4343 ante
2068 4298 2247 4347 rerum

2342 4273 2591 4345 ἐφέροντο
2615 4272 2705 4325 καὶ
2729 4272 2785 4324 al
2814 4271 2939 4341 περὶ
2963 4270 3059 4341 τῆς
3082 4268 3172 4323 τοῦ
3211 4268 3411 4338 Κυρίου
3444 4266 3712 4337 βασιλείας
3743 4283 3855 4337 μαρ-

706 4380 981 4436 eVentnm,
1022 4386 1327 4427 sermonum
1349 4369 1763 4425 Credibilitatem
1790 4372 2027 4427 nondum
2062 4374 2248 4435 videre

2346 4365 2541 4437 τυρίαι,
2588 4363 2693 4435 πρὸ
2734 4362 2832 4431 τῆς
2867 4361 2973 4414 τῶν
3004 4360 3337 4433 πραγμάτιον
3382 4358 3685 4422 ἐκϐάσεως,
3732 4355 3854 4409 οὕτω

707 4468 975 4524 sinebant.
1033 4463 1167 4518 Nam
1220 4470 1342 4533 post
1400 4469 1673 4523 eventum,
1737 4472 1789 4517 et
1843 4472 1965 4533 post
2015 4464 2247 4534 perfecta

2346 4452 2598 4519 παρεῖχον
2628 4449 2756 4519 όρᾷν
2797 4446 2858 4499 τδ
2893 4448 3079 4499 πιστὸν
3123 4447 3227 4501 τῶν
3274 4445 3465 4514 λόγων.
3501 4447 3653 4500 Μετὰ
3689 4446 3743 4499 δὲ
3776 4444 3853 4512 τὴν

706 4572 891 4627 opera,
937 4564 1065 4609 tunc
1122 4532 1251 4608 sane
1292 4552 1600 4608 testimonia
1636 4549 1729 4605 Dei
1774 4532 2048 4608 credibilia
2104 4552 2244 4608 facta

2346 4540 2581 4601 ἔκϐασιν,
2599 4534 2769 4591 καὶτὰ
2784 4536 2869 4590 διά
2889 4536 2995 4588 τῶν
3014 4536 3186 4609 ἔργων
3207 4535 3601 4605 ἑπιτελέσματα
3617 4532 3853 4602 ima-rdqu

705 4624 856 4703 sunt.
890 4646 1161 4716 Siquidem
1190 4645 1298 4715 jam
1329 4643 1457 4700 olim
1484 4643 1625 4697 dicta
1657 4650 1710 4697 et
1744 4643 2095 4712 praenuntiata
2130 4643 2243 4697 fue-

2348 4630 2413 4684 τὰ
2445 4628 2709 4701 μαρτύρια
2755 4625 2847 4680 τοῦ
2877 4626 3039 4709 θεοῦ.
3089 4626 3257 4706 Πάλαι
3308 4626 3404 4694 μὲν
3434 4624 3545 4694 γὰρ
3576 4627 3751 4695 εἴρητο
3782 4626 3855 4675 καὶ

711 4749 853 4801 rant,
885 4750 935 4794 et
956 4715 1161 4808 jamdiu
1194 4737 1642 4809 exspectabantur
1686 4750 1771 4798 ea,
1800 4750 1920 4805 quae
1953 4734 2019 4787 ad
2060 4733 2148 4788 Dei
2187 4736 2241 4789 in

2350 4722 2773 4793 προπεφήτευτο,
2804 4718 2866 4770 ὲκ
2904 4716 3109 4790 μακροῦ
3138 4734 3198 4769 τε
3239 4715 3604 4786 προσεδοκᾶτο
3647 4716 3715 4769 τὰ
3754 4717 3854 4785 περὶ

707 4845 897 4885 omnes
952 4838 1135 4897 gentes
1187 4843 1409 4898 regnum
1458 4827 1793 4896 spectabant.
1852 4824 2239 4879 Testimonium

712 4935 837 4974 vero
884 4918 1014 4973 illud
1059 4932 1201 4970 nunc
1242 4917 1504 4972 credibile
1559 4916 1758 4971 factum
1808 4923 1911 4977 est,
1945 4929 2067 4968 cum
2107 4914 2239 4983 ipsis

705 5012 961 5082 operibus
984 5009 1259 5077 impletum
1288 5010 1560 5062 oraculum
1586 5009 1846 5062 cernitur.
1880 5006 1945 5060 Et
1973 5006 2098 5059 olim
2122 5006 2243 5074 qui-

705 5103 829 5153 dem
873 5100 939 5154 de
971 5099 1195 5152 Domino
1219 5098 1528 5160 dicebatur,
1561 5098 1703 5166 quod
1748 5097 1993 5151 decorem
2036 5094 2242 5149 induis-

710 5197 822 5253 set;
858 5206 999 5242 nunc
1038 5196 1213 5243 autem
1252 5186 1568 5242 conﬁrmato
1590 5202 1655 5240 ex
1692 5186 1944 5255 operibus
1974 5174 2275 5249 sermone,“

709 5280 910 5335 veritas
940 5280 1303 5349 praedictionis
1332 5277 1599 5347 apnaruit,
1634 5292 1755 5331 cum
1802 5284 1963 5331 exuta
2003 5276 2117 5339 Dei,
2161 5276 2245 5329 in-

702 5372 840 5425 duta
874 5373 1012 5425 servi
1044 5371 1237 5435 forma,
1273 5385 1336 5424 ac
1362 5383 1545 5437 usque
1577 5368 1643 5420 ad
1672 5374 1883 5436 turpem
1924 5366 2244 5436 progressus

642 5500 645 5505 ‹
702 5469 958 5521 mortem,
1002 5469 1181 5528 postea
1215 5459 1447 5514 dedecus
1491 5455 1623 5510 illud
1667 5454 1915 5524 deposuit
1964 5455 2243 5523 induitque

704 5556 942 5616 paterna:
981 5547 1165 5616 gloria:
1211 5547 1480 5609 decorem,
1523 5557 1689 5613 regno
1722 5543 1925 5597 sciliCet
1960 5544 2015 5596 in
2064 5543 2242 5596 omnia

704 5651 832 5690 cum
872 5636 1112 5692 coelestia
1144 5642 1257 5689 tum
1296 5644 1510 5691 terrena
1537 5641 1852 5689 coronatus.
1897 5631 2244 5701 Rursumque

2328 4788 2439 4884 Χτης
2486 4788 2564 4875 είς
2588 4788 2807 4865 ’ἅπαντα
2835 4808 2904 4863 τὰ
2946 4788 3068 4879 ἔθνη
3118 4808 3209 4862 τοῦ
3248 4806 3380 4861 Θεοῦ
3421 4808 3728 4878 βασιλείας·
3760 4809 3855 4859 ἐπι-

2348 4903 2519 4975 στώθη
2548 4903 2601 4956 δὲ
2620 4902 2690 4956 τὸ
2723 4905 2899 4973 φῆσαν
2934 4898 3086 4952 τοῦτο
3110 4898 3399 4971 μαρτύριον
3420 4899 3556 4965 νῦν,
3581 4900 3671 4952 ὅτε
3701 4898 3851 4969 ἔργοις

2344 4996 2530 5065 ὁρᾶται
2570 4976 2986 5065 πεπληρωμένον
3004 4991 3064 5044 τὸ
3094 4989 3285 5060 λόγιον.
3314 4991 3424 5045 Kal
3453 4991 3622 5044 πάλαι
3652 4990 3744 5061 μὲν
3763 4988 3852 5043 ἑλέ-

2345 5102 2468 5154 γετο
2520 5086 2643 5156 περὶ
2672 5083 2764 5137 τοῦ
2812 5082 3037 5155 Κυρίου.
3079 5080 3152 5145 ὡς
3193 5081 3298 5152 ἄρα
3350 5080 3681 5151 εὐπρέπειαν
3710 5077 3855 5133 ἐνεδύ-

2348 5180 2503 5228 σατοί
2537 5174 2629 5229 νῦν
2669 5174 2743 5239 δὲ,
2768 5173 3117 5243 πιστουμένου
3158 5170 3248 5223 τοῦ
3281 5170 3438 5240 λόγου
3481 5172 3547 5225 δι’
3573 5171 3746 5225 αὐτῶν
3770 5170 3856 5223 τῶν

2348 5266 2517 5337 ἔργων
2536 5307 2550 5329 ,
2574 5267 2806 5337 πέφηνεν
2832 5267 2865 5335 ὴ
2882 5263 3104 5334 ἀλήθεια
3123 5265 3222 5334 τῆς
3247 5262 3603 5334 προρρήσεως
3619 5304 3633 5326 ,
3650 5263 3735 5317 ὅτε
3747 5264 3855 5315 ἁπο-

2346 5356 2633 5427 δυσάμενος
2654 5355 2751 5427 τὴν
2779 5354 2874 5436 τοῦ
2907 5353 3040 5407 Θεοῦ
3072 5350 3301 5423 μορφὴν,
3334 5355 3425 5406 καὶ
3454 5353 3554 5426 τὴν
3580 5354 3676 5411 τοῦ
3699 5352 3854 5407 δούλου

2346 5446 2709 5522 περιθέμενος,
2726 5447 2818 5498 καὶ
2843 5444 2997 5516 μέχρι
3011 5459 3073 5511 γε
3088 5442 3179 5495 τοῦ
3200 5441 3479 5516 ἀπρεποῦς
3497 5440 3722 5500 θανάτου
3744 5442 3854 5511 φθάν

2349 5554 2463 5602 σας,
2502 5537 2634 5609 μετὰ
2671 5536 2840 5591 ταῦτα
2880 5535 2977 5606 τὴν
3006 5534 3103 5605 μὲν
3133 5535 3433 5607 ἀπρέπειαν
3467 5538 3671 5609 ταύτην
3695 5532 3857 5591 ἀποτέ-

2346 5628 2535 5694 θειται,
2563 5628 2843 5684 ἐνεδύσατο
2867 5627 2924 5684 δὲ
2956 5628 3054 5700 τῆς
3093 5628 3359 5700 πατρικῆς
3390 5627 3556 5701 δόξης
3573 5632 3672 5703 τὴν
3700 5623 3856 5697 sim?!-

811 5789 855 5820 ⁸·
881 5786 979 5844 Job
1014 5804 1237 5853 xxxvm,
1274 5786 1360 5842 11.
1436 5787 1480 5819 ⁸⁸
1532 5786 1680 5843 Psal.
1714 5800 1828 5843 ειη.
1857 5786 1910 5842 9.
1984 5786 2027 5816 “
2103 5780 2287 5837 Matth.
2324 5748 2547 5853 vm,25.
