3976 6356
124 480 251 536 "95
290 512 294 514 ~

1174 466 1659 524 εθιιιιιῆκτλιιιι
1697 464 1763 519 IN
1801 464 2122 519 caunos.
2170 424 2172 427 ’

3127 464 3256 520 ιιθι

118 603 291 647 πειαν,
315 584 413 655 τὴν
442 584 579 637 κατὰ
619 585 825 637 πάντων
860 581 1274 652 βασιλείαν,ητῶν
1311 597 1367 632 τε
1395 581 1451 630 ὲν
1476 581 1639 646 ούρα-

1745 576 2047 644 prophetica
2090 573 2392 640 testimonia
2422 573 2791 633 enuntiabant,
2835 570 3111 625 Dominum
3148 573 3259 626 vir-

121 676 223 736 νοῖς
249 672 345 725 καὶ¹
372 672 475 725 τῶν
517 672 606 723 ἐπὶ
646 673 747 739 γῆς
772 669 1188 739 ἀναδησάμενος.
1233 669 1339 718 Καὶ
1383 666 1538 717 πάλιν
1577 664 1645 715 τὰ

123 764 214 833 μὲν
242 763 549 833 προφητικά
584 762 848 832 μαρτύρια
883 761 1169 830 περιεῖχεν,
1192 757 1267 820 ὡς
1299 756 1644 824 ἐνδυσάμενος

120 854 342 922 δύναμιν
382 854 410 904 ὁ
454 852 666 921 Κύριος,
696 849 988 919 ἑστερέωσε
1027 848 1123 917 τὴν
1164 844 1502 915 οἰκουμένην,
1527 845 1646 913 ἥτις

118 945 175 995 ού
203 942 605 1012 σαλευθήσεται.
652 938 947 1007 Ἐπιστιῦοη
979 936 1031 988 δὲ
1062 933 1364 995 καὶταῦτα,
1397 934 1482 986 ὅτε
1513 931 1647 1003 μετά

118 1034 173 1085 τὸ
196 1032 384 1095 πάθος,
409 1032 505 1101 τὴν
530 1029 726 1083 οἰκείαν
757 1028 1032 1080 ἀπολαϐὼν
1058 1026 1296 1094 δύναμιν,
1325 1027 1381 1083 ὲν
1412 1025 1553 1096 πάσῃ
1580 1027 1644 1093 τῇ

118 1124 221 1175 τῶν
280 1122 575 1193 ἀνθρώπων
631 1120 915 1188 οἰκουμένῃ
974 1118 1068 1187 τὴν
1126 1118 1444 1186 Ἐκκλησίαν
1486 1115 1646 1193 αὑτοῦ

122 1214 467 1283 ἐστερέωσεν,
499 1216 575 1275 εἰς
604 1211 664 1264 τὸ
708 1206 917 1281 μηκέτι
945 1208 1256 1260 σαλεύεσθαι
1304 1203 1403 1261 ὧδε
1429 1209 1647 1259 κάκεῖσε

116 1304 211 1365 τὰς
249 1304 358 1355 τῶν
388 1302 681 1373 ἀνθρώπων
718 1298 891 1369 ψυχὰς
923 1299 1048 1367 περὶ
1078 1298 1171 1368 τὴν
1217 1298 1369 1349 ἄθεον
1410 1295 1650 1349 δεισιδαι-

121 1394 305 1462 μονίαν
334 1393 697 1463 πλανωμένας.
725 1392 831 1443 Καὶ
860 1390 1014 1444 πάλιν
1041 1389 1108 1441 τὰ
1144 1376 1236 1458 μὲν
1267 1388 1353 1440 διὰ
1387 1388 1491 1439 τῶν
1521 1403 1651 1457 προ-

119 1483 299 1552 φητῶν
342 1483 608 1553 μαρτύρια
654 1471 1031 1551 προεφήτευον,
1062 1475 1136 1541 ὡς
1181 1479 1284 1547 ἄρα
1329 1478 1377 1528 οἰ
1423 1476 1649 1544 ποταμοὶ

118 1571 377 1644 ὲπαροῦσι
411 1573 586 1641 φωνὴν
628 1570 821 1635 αὐτῶν,
869 1571 960 1622 καὶ
1002 1569 1144 1622 ἄλλοι
1190 1566 1420 1637 ποταμοὶ
1463 1566 1648 1635 ἀρούσι

118 1663 209 1725 τὰς
260 1660 555 1728 ἐπιτρίψεις
585 1659 788 1726 αὐτῶν·
841 1657 1133 1713 καὶταῦτα
1171 1656 1227 1708 δὲ
1273 1656 1339 1707 τά
1386 1655 1649 1725 μαρτύρια

117 1748 407 1817 ὲπιστώθη,
447 1749 531 1800 ὅτε
550 1747 685 1802 κατὰ
710 1747 883 1810 πάσας
913 1746 1008 1809 τάς
1054 1745 1369 1815 Ἐκκλησίας
1399 1744 1489 1795 τοῦ
1517 1744 1648 1796 Θεοῦ

118 1844 207 1894 καὶ
244 1841 364 1893 καθ’
390 1841 513 1908 ὅλης
551 1839 646 1909 τῆς
690 1838 1000 1908 οἰκουμένης
1039 1838 1102 1889 τὰ
1149 1836 1320 1906 πλήθη
1354 1836 1457 1887 τῶν
1498 1837 1648 1888 εὐσε-

1742 674 1855 718 tute
1884 664 2126 718 indutum
2157 667 2397 717 ﬁrmasse
2437 648 2617 716 urbem
2650 673 2825 723 terrai,
2850 663 2942 732 qui
2984 678 3090 715 non
3121 663 3259 715 ultra

1742 755 2156 809 commovendus
2210 763 2371 807 esset.
2427 752 2626 806 Horum
2674 767 2830 822 porro
2880 753 3075 807 veritas
3112 768 3261 806 com-

1741 845 1962 912 probata
1986 853 2087 905 est,
2127 858 2247 896 cum
2286 853 2404 912 post
2443 843 2767 913 passionem,
2807 842 3016 911 prepria
3050 852 3263 912 recepta

1743 941 1957 995 virtute,
1990 949 2083 1003 per
2112 942 2279 987 totum
2305 935 2485 987 orbem
2520 934 2807 986 Ecclesiam
2843 932 3066 986 ﬁrmavit
3087 948 3263 995 suam,

1744 1035 1803 1079 ut
1835 1042 1938 1079 non
1965 1028 2101 1077 ultra
2128 1033 2591 1079 t-ouunoverentur
2612 1025 2854 1078 humana:
2876 1024 3080 1085 animas,
3104 1025 3264 1094 impia

1745 1114 2123 1183 superstitione
2156 1114 2261 1167 huc
2298 1114 2423 1166 illuc
2454 1114 2786 1166 errabundas.
2822 1112 3117 1181 lterumque
3142 1127 3263 1181 prov

1747 1206 2025 1274 phetarum
2072 1204 2387 1256 testimonia
2426 1204 2872 1273 prmnuntiabant,
2915 1200 3133 1255 ﬂumina
3174 1216 3266 1253 vo-

1745 1308 1860 1347 cem
1891 1295 2181 1355 elevatura,
2224 1294 2434 1362 aliaque
2475 1291 2692 1345 ﬂumina
2731 1291 2921 1346 ﬂuctus
2954 1306 3080 1345 suos
3118 1290 3266 1343 exal-

1745 1390 1921 1434 tatura
1952 1398 2085 1437 esse.
2140 1365 2262 1435 Ilaac
2312 1390 2488 1435 autem
2544 1381 2848 1434 testimonia
2894 1394 3020 1434 vera
3056 1384 3264 1447 reperta

1744 1458 1892 1533 sunt,
1921 1487 2040 1525 cum
2076 1472 2129 1524 in
2158 1472 2403 1523 omnibus
2444 1469 2537 1523 Dei
2582 1470 2833 1524 Ecclesiis
2876 1485 2937 1523 ac
2969 1484 3062 1538 per
3096 1476 3266 1522 totum

1745 1564 1947 1625 orbem,
1988 1562 2277 1616 secundum
2314 1559 2679 1628 Evangelium,
2722 1569 2892 1613 cretus
2927 1561 3132 1627 piorum
3173 1572 3268 1613 vo-

1738 1666 1835 1724 ces
1858 1653 2148 1720 gratiarum
2176 1652 2424 1713 actionis,
2456 1665 2549 1718 per
2582 1651 2851 1703 orationes
2879 1659 2930 1703 et
2953 1650 3178 1719 hymnos
3201 1650 3267 1702 ad

1746 1738 1910 1792 Deum
1939 1740 2187 1793 emittunt
2210 1758 2223 1792 :
2249 1739 2400 1807 queis
2432 1740 2505 1791 illi
2534 1740 2659 1791 olim
2688 1747 3020 1807 arrogantes,
3055 1740 3269 1808 sapien-

1749 1840 1830 1884 tes
1867 1830 2027 1897 hujus
2060 1830 2260 1893 sasculi,
2300 1830 2515 1893 sublati,
2550 1839 2604 1881 et
2638 1836 2813 1881 tumor
2841 1835 3025 1881 earnm
3056 1828 3271 1882 destru-

117 1930 353 1983 ϐούντων
396 1928 531 1981 κατά
576 1929 635 1979 τὸ
660 1927 977 1995 Εύαγγέλιον
1021 1926 1228 1997 ἐπαίρει
1273 1926 1449 1994 φωνὰς
1494 1926 1647 1995 εὐχα-

1749 1930 1867 1975 ctus
1895 1927 1977 1975 est
2001 1938 2014 1985 ;
2042 1921 2111 1973 ita
2143 1930 2200 1973 ut
2226 1935 2408 1973 eorum
2442 1920 2774 1990 philosophia
2807 1934 3027 1989 prorsus
3064 1921 3272 1973 exstin-

122 2020 447 2090 ριστηρίους,
479 2020 573 2081 τάς
599 2019 662 2070 δι’
700 2018 867 2088 εὐχῶν
896 2019 986 2071 καὶ
1027 2017 1352 2085 ὑμνολογιῶν
1390 2016 1493 2067 τῶν
1520 2016 1651 2087 πρὸς

117 2104 205 2177 τὸν
236 2104 369 2157 Θεὸν
400 2094 865 2174 ἀναπεμπομένας,
894 2105 979 2172 ὑφ’
998 2098 1071 2155 ὢν
1100 2104 1148 2155 οἱ
1180 2104 1341 2156 πάλαι
1388 2104 1654 2173 ἐπιτριϐό-

121 2212 269 2264 μενοι
302 2197 452 2263 σοφοὶ
480 2194 571 2247 τοῦ
608 2196 797 2257 αἰῶνος
825 2195 1011 2247 τούτου
1052 2195 1398 2264 κατῄρηνται,
1440 2192 1651 2257 καὶτὰς

113 2286 417 2355 ἐπιτρίψεις
476 2286 648 2338 αὐτῶν
690 2287 972 2357 περιεῖλον,
1006 2286 1079 2347 ὡς
1114 2287 1286 2339 πᾶσαν
1326 2284 1499 2336 αὐτῶν
1528 2284 1649 2335 σϐε-

114 2377 307 2445 σθῆναι
349 2377 441 2446 τὴν
492 2376 815 2444 φιλοσοφίαν.
847 2379 996 2429 Κατὰ
1024 2378 1091 2428 τὰ
1142 2374 1278 2428 αύτά
1316 2374 1371 2426 δὲ
1422 2372 1513 2425 καὶ
1556 2371 1652 2432 τὰς

112 2464 306 2527 λοιπὰς
356 2467 461 2517 τῶν
519 2464 855 2535 πωφητειῶν
915 2467 1236 2536 προρρήσεις
1286 2460 1509 2524 διεξιὼν,
1567 2458 1649 2527 ἐφ’

113 2555 330 2623 ἑκάστῳ
356 2554 607 2623 ἀρμόσεις
650 2556 727 2618 τὸ,
765 2557 835 2608 Tit
864 2553 1147 2623 μαρτύριὰ
1177 2568 1291 2606 σου
1329 2550 1649 2615 ἐπιστώθη-

112 2660 234 2698 σαν
273 2644 522 2711 σφόδρα.
557 2647 618 2696 Αἰ
670 2644 765 2714 μὲν
809 2640 899 2697 οὖν
941 2644 1045 2696 ἀπὸ
1087 2642 1191 2694 τῶν
1231 2641 1384 2717 θείων
1425 2639 1652 2710 Γραφῶν

116 2731 432 2802 μαρτυρίαι,
481 2730 678 2800 σφόδρα
726 2730 786 2782 τὸ
837 2721 1021 2781 πιστὸν
1074 2727 1318 2798 εἰλήφασι
1348 2726 1432 2779 διὰ
1476 2727 1569 2797 τῆς
1597 2728 1652 2778 ὲν

110 2825 233 2885 ταῖς
254 2820 537 2873 ὲκϐἀσεσιν
566 2820 840 2890 όρωμένης
870 2818 1119 2887 ἀληθείας
1138 2834 1151 2846 ·
1186 2816 1261 2886 τῷ
1285 2817 1340 2868 δὲ
1376 2816 1505 2886 οἴκῳ
1537 2833 1649 2877 σου,

110 2912 363 2965 τουτέστι
400 2913 464 2981 τῇ
520 2910 806 2979 Ἐκκλησία
834 2926 946 2969 σου,
994 2908 1146 2960 οὐδὲν.
1178 2906 1316 2959 οὓτω
1345 2906 1539 2977 πρέπει
1575 2908 1652 2968 είς

112 3001 172 3053 τὸ
217 2998 577 3071 φυλάττεσθαι
621 2999 783 3068 αὐτὴν
834 3001 911 3062 εἰς
963 3000 1270 3070 μακρότητα
1308 2996 1540 3067 ἡμερῶν,
1580 2995 1653 3058 ὡς

112 3090 412 3159 ἁγιωσύνῃ.
454 3090 539 3152 Ὠς
562 3089 667 3159 γάρ
696 3091 805 3151 τοῖς
844 3090 1153 3159 μαρτυρίοις
1180 3104 1272 3140 σου
1299 3086 1471 3138 οἰκεία
1509 3084 1651 3136 ἐστὶν

112 3184 146 3251 ἠ
179 3180 412 3251 ἀλήθεια
442 3181 533 3233 καὶ
560 3183 591 3249 ἡ
628 3181 822 3241 πίστις,
852 3180 991 3231 οὕτω
1021 3180 1111 3231 καὶ
1138 3177 1212 3248 τῷ
1239 3178 1371 3245 οἴκῳ
1401 3192 1491 3245 σου
1522 3174 1650 3244 πρέ-

1750 2014 1835 2059 cta
1868 2006 2043 2060 fuerit.
2089 2006 2143 2059 Si
2178 2014 2351 2059 autem
2392 2008 2502 2075 pari
2537 2007 2693 2059 modo
2725 2007 2928 2076 reliqua
2968 2008 3270 2075 prephetia-

1750 2111 1865 2149 rum
1891 2098 2137 2151 vaticinia
2171 2112 2470 2165 percurras.
2505 2098 2726 2166 singulis
2748 2099 2954 2166 aptabis
2987 2096 3139 2162 illud,
3172 2097 3269 2151 Te—

1749 2188 1991 2240 stimonia
2029 2196 2118 2240 tua
2172 2188 2435 2240 credibilia
2480 2190 2622 2256 facta
2673 2200 2793 2242 sunt
2856 2189 3019 2243 valde.
3084 2189 3270 2259 Itaque

1750 2278 2046 2330 divinarum
2104 2276 2501 2347 Scripturarum
2551 2280 2891 2345 testimonia,
2957 2296 2987 2341 a
3047 2281 3272 2335 veritate

1750 2375 2055 2437 eventuum,
2093 2369 2375 2423 admodum
2409 2368 2680 2424 credibilia
2707 2377 3009 2425 evaserunt.
3048 2369 3270 2424 Domum

1751 2474 1879 2513 vero
1918 2467 2085 2521 tuam,
2114 2459 2174 2512 id
2211 2466 2315 2520 est,
2346 2458 2635 2513 Eeclesiam
2673 2468 2839 2524 tuam,
2874 2448 3007 2514 nihil
3043 2468 3150 2513 tam
3181 2459 3273 2513 de-

1706 2554 1709 2559 '
1749 2554 1853 2611 cel,
1903 2557 1961 2598 ιιι
2010 2553 2062 2600 in
2116 2548 2501 2616 longitudinem
2552 2550 2757 2604 dierum
2800 2562 3059 2616 servetur,
3111 2568 3273 2622 quam

1751 2638 2070 2693 sanctitudo.
2097 2636 2419 2691 Sicut-enim
2452 2640 2770 2725 testimoniis
2797 2643 2903 2695 tuis
2936 2644 3149 2711 propria
3186 2658 3274 2697 ve-

1749 2732 1880 2783 ritas
1901 2737 2054 2783 estet
2079 2728 2240 2794 lidcs;
2266 2728 2337 2780 ita
2364 2728 2576 2782 domum
2600 2739 2739 2782 tuam
2762 2730 2911 2784 decet
2930 2733 3226 2786 sanctitudr

1702 2889 1718 2907 I
1751 2821 1850 2875 sub
1881 2819 2037 2888 cujus
2062 2820 2226 2872 tutela
2254 2826 2432 2872 manet
2462 2826 2852 2888 et'perseverat
2897 2822 2948 2874 in
2982 2823 3251 2892 longitudr

1750 2925 1871 2963 nem
1901 2909 2127 2963 dierum.
2162 2908 2292 2961 Nam
2324 2910 2367 2962 si
2403 2910 2614 2978 quando
2652 2911 2924 2980 contingat
2954 2911 3187 2966 dedecus
3217 2912 3274 2966 in

1749 2998 1910 3079 domo
1950 3006 2038 3050 tua
2075 2998 2318 3075 reperiri,
2354 3012 2417 3052 ac
2462 3002 2578 3053 loco
2609 3001 2930 3063 sanctitatis,
2960 3001 3269 3071 profanum,

1749 3089 2013 3158 impurum
2078 3103 2139 3140 ac
2213 3090 2597 3144 exsecrandum
2650 3090 2856 3147 facinus
2921 3092 3271 3162 deprehendi;

1750 3179 1864 3233 ﬁeri
1895 3189 2066 3233 tamen
2100 3181 2284 3249 nequit
2314 3189 2369 3233 ut
2397 3182 2524 3236 illud
2553 3183 2604 3234 in
2645 3182 3029 3252 longitudinem
3068 3184 3273 3245 dierum

112 3286 203 3325 πει
243 3271 551 3339 ἀγιωσύνη·
582 3271 669 3338 ὑφ’
698 3265 764 3339 ἦς
796 3269 1185 3338 φυλαττόμενος
1235 3267 1383 3337 μένει
1425 3266 1518 3318 καὶ
1555 3281 1647 3319 πα-

1756 3266 2077 3339 perseveret.
2112 3269 2318 3323 Etenim
2350 3271 2417 3332 si,
2447 3270 2587 3338 quod
2623 3272 2799 3325 absit!
2835 3273 3086 3328 indecens
3127 3275 3276 3344 quid-

111 3365 345 3433 ραμενεί
382 3363 459 3423 εἰς
493 3360 797 3430 μακρότητα
827 3359 1061 3430 ἡμερῶν.
1106 3360 1168 3411 Εἰ
1216 3358 1320 3427 γάρ
1352 3373 1479 3409 ποτε
1516 3373 1647 3425 συμ-

1756 3361 1897 3430 piam
1923 3369 1975 3414 et
2005 3361 2234 3415 alienum
2262 3361 2314 3413 in
2355 3363 2512 3413 domo
2541 3359 2634 3414 Dei
2666 3361 3117 3431 deprehendatur,
3146 3381 3276 3420 sane

107 3452 237 3522 ϐαίη
302 3452 599 3521 ἀπρέπειαν
640 3451 697 3501 ἐν
749 3450 823 3520 τῷ
881 3452 1015 3519 οἴκῳ
1072 3467 1159 3503 σου
1209 3448 1509 3519 εὑρεθῆναι,
1561 3449 1647 3500 καὶ

1757 3450 1896 3505 Deus
1920 3451 1973 3504 in
1998 3449 2110 3519 ipsa
2136 3449 2403 3515 habitans,
2436 3451 2525 3520 qui
2553 3459 2773 3506 sanctus
2802 3461 2885 3508 est
2915 3464 2966 3509 et
2990 3455 3044 3508 in
3075 3458 3277 3513 sanctis

107 3544 229 3595 ἀντὶ
262 3542 595 3610 ἀγιάσματος
630 3540 867 3610 βέϐηλον,
896 3542 986 3591 καί⁵
1015 3538 1335 3608 ἀκάθαρτον.
1358 3537 1450 3590 καὶ
1483 3553 1647 3605 μυσα-

1755 3542 2064 3610 requiescit,
2098 3540 2259 3604 dicet,
2304 3539 2433 3594 Ecce
2470 3541 2785 3611 relinquetur
2805 3542 2942 3596 vobis
2974 3544 3155 3599 domus
3193 3562 3279 3601 ve-

110 3633 209 3705 ράν
243 3630 462 3702 πρᾶξιν,
489 3630 663 3683 οὐκέθ’
682 3628 789 3683 οἷόν
814 3646 873 3682 τε
910 3628 1037 3682 αὐτὸ
1069 3630 1144 3690 εἰς
1186 3629 1495 3700 μακρότητα
1517 3631 1647 3698 ἠμε-

1754 3640 1867 3685 stra
1902 3631 2104 3685 deserta
2121 3633 2185 3687 δ’.
2220 3634 2574 3699 Quamobrem
2603 3649 2701 3688 nos
2722 3634 2788 3703 ,in
2820 3630 3032 3688 domum
3065 3635 3155 3691 Dei
3194 3639 3277 3692 in-

110 3720 220 3791 ρῶν
250 3720 539 3789 διαμένειν.
583 3720 726 3790 Ἐρεῖ
767 3719 873 3790 γάρ
910 3720 937 3771 ὁ
963 3719 1029 3793 ὲν*
1050 3717 1195 3787 αύτῷ
1226 3717 1490 3771 κατοικῶν
1520 3717 1647 3781 Θεὸς

1751 3736 1985 3791 gressos,
2013 3736 2119 3792 prae
2145 3724 2391 3779 omnibus
2430 3732 2481 3778 et
2519 3740 2679 3793 super
2715 3726 2891 3779 omnia
2922 3728 3193 3783 sanctitati
3219 3737 3276 3785 et

108 3812 267 3879 ἅγιος
296 3810 370 3863 ὢν
391 3812 481 3863 καὶ
500 3813 555 3863 ὲν
572 3811 741 3878 ἁγίοις
758 3806 1177 3878 ἀναπαυόμενος,
1206 3808 1258 3878 ἢ,
1288 3808 1315 3860 ὅ
1333 3809 1404 3878 μὴ
1420 3808 1642 3875 γένοιτο,

1750 3818 2111 3881 temperantiae
2136 3814 2352 3868 studere
2383 3821 2610 3884 oportet.

105 3904 360 3975 ἀπρεπές
390 3920 442 3957 τι
468 3905 561 3958 καὶ
590 3903 860 3973 ἀλλότριον
886 3903 1213 3973 ἀγιάσματος
1242 3904 1364 3974 περὶ
1394 3905 1484 3955 τὸν
1504 3900 1649 3956 οἷκον
1682 3905 1842 3957 αὑτοῦ
1876 3908 2123 3977 εὑρηθείη
2156 3909 2311 3971 ποτὲ,
2355 3908 2430 3970 τὸ,
2469 3909 2621 3975 Ἰδοὺ
2659 3912 2886 3978 ἀφίεται
2933 3912 3072 3980 ὑμῖν
3126 3917 3160 3967 ό
3193 3910 3277 3968 οἷ-

102 4017 211 4064 κος
246 3998 417 4067 ὑμῶν
449 3996 679 4069 ἔρημος.
710 3992 797 4050 Διὸ
823 3997 998 4067 δεήσει
1019 3998 1160 4083 ἡμᾶς
1189 3996 1292 4067 πρὸ
1317 3996 1527 4050 πάντων
1555 4000 1643 4050 καὶ
1670 3998 1804 4067 ὑπὲρ
1837 4000 2045 4051 πάντων
2091 3998 2408 4070 φροντίζειν,
2456 4003 2712 4066 εἰσιόντας
2745 4005 2820 4065 εἰς
2882 3993 2970 4058 τὸν
3009 4001 3152 4059 οἷκον
3189 4005 3273 4061 τοῦ

101 4092 267 4155 Θεοῦ,
303 4092 567 4163 ἀγιασμοῦ
593 4095 683 4145 καὶ
707 4092 1066 4162 σωφροσύνης.

153 4209 453 4263 ῪΔΔΜΟΣ
498 4210 588 4279 Τῼ
638 4208 848 4344 AA“:
862 4207 1178 4329 ΓῬῈΤΡΑΔΙ
1237 4207 1615 4262 ΣΑΒΒΑΤΩΝ,

174 4368 329 4459 θεόξ
380 4390 739 4458 ἐκδικήσεων
790 4392 998 4459 Κύριος
1021 4432 1036 4456 ,
1095 4392 1227 4458 Θεὸς
1288 4391 1651 4462 ἐκδικήσεων

1752 4206 2064 4263 PSALMUS
2136 4208 2392 4277 DAVIDI,
2432 4213 2735 4338 ΧίὲίέίῗΒΤΑ
2802 4215 3273 4278 SABBATORUM.

1820 4388 1981 4445 Vsus.
2016 4391 2065 4443 1.
2108 4390 2252 4445 Deus
2272 4392 2526 4448 ultionem
2557 4396 2828 4461 Dominus,
2859 4396 3003 4451 Deus
3018 4400 3275 4455 ultionum

96 4482 611 4553 ἐπαρῤησιάσατο.
700 4483 1080 4553 ’Λνεπίγραφος
1153 4482 1249 4553 μέν
1321 4485 1433 4536 ἐστι
1519 4485 1647 4553 παρ’

1750 4479 1905 4533 libere
1936 4482 2054 4549 egit.
2075 4480 2172 4535 Hic
2210 4484 2447 4551 psalmus
2477 4486 2615 4553 apud
2642 4484 2891 4539 Hebraeos
2929 4488 3275 4558 inscriptione

109 4574 393 4646 Ἑϐραίοις
439 4576 467 4626 ὁ
516 4573 742 4645 ψαλμὸς,
795 4575 1029 4645 περιέχει
1076 4575 1131 4628 δὲ
1177 4575 1510 4645 παράκλησιν
1554 4573 1647 4627 καὶ

100 4664 463 4736 παραμυθίαν
496 4665 601 4717 τῶν
638 4665 773 4718 κατὰ
803 4665 891 4717 τὸν
933 4666 1041 4735 βίον
1066 4666 1154 4718 τὸν
1182 4665 1443 4716 ἐνεστῶτα
1465 4664 1650 4716 διωκο-

104 4754 292 4822 μένων
323 4754 417 4805 καὶ
445 4755 915 4823 καταπονουμένων
946 4753 1219 4816 εὐσεϐείας
1246 4754 1421 4815 ἕνεκα,
1459 4746 1532 4805 ὧν
1560 4754 1650 4805 καὶ

102 4843 203 4911 τὴν
258 4843 426 4913 εὐχὴν
475 4843 811 4905 ὑποκαταϐὰς
873 4844 1067 4912 τίθησι.
1118 4842 1413 4912 Προτάττει
1450 4842 1504 4892 δὲ
1553 4843 1650 4911 τῆς

103 4930 280 4999 εύχῆς
316 4932 411 5001 τὴν
438 4930 769 5000 παράκλησιν
802 4928 891 4981 καὶ
915 4928 1008 4997 τὴν
1038 4927 1378 4997 παραμυθίαν
1408 4928 1645 5000 προλαμ-

102 5022 292 5074 ϐάνων
313 5020 410 5090 τὴν
428 5021 603 5090 δέησιν
626 5022 729 5074 τῶν
756 5021 1085 5089 διωκομένων
1114 5021 1203 5072 καὶ
1233 5019 1644 5090 προθεραπεύων

97 5109 291 5164 αὐτῶν
328 5112 453 5173 τοὺς
479 5111 887 5183 πόνους.”εργοις
916 5128 972 5162 τε
997 5109 1253 5182 παριστὰς
1281 5110 1644 5181 πληρούμενον

97 5204 187 5255 ἐπ’
229 5201 417 5261 αὐτοῖς
462 5201 543 5265 τὸ,
594 5205 719 5255 Ἐτι
764 5202 1091 5266 λαλοῦντός
1134 5216 1246 5253 σου
1285 5200 1394 5268 ἐρῶ
1417 5219 1429 5232 ο
1495 5203 1641 5256 Ἰδοὺ

98 5293 368 5360 πάρειμι.
400 5288 652 5361 Θαρσεῖτε
688 5293 984 5364 τοιγαροῦν,
1019 5288 1062 5346 ὦ
1105 5287 1262 5353 οὗτοι,
1304 5294 1462 5362 φησίν
1483 5310 1496 5323 ·
1531 5293 1643 5347 ἔστι

96 5387 212 5455 γὰρ
244 5384 277 5437 ὁ
312 5381 530 5452 Κύριος,
564 5383 645 5449 ἐφ’
667 5383 723 5434 δν
749 5385 1024 5452 ἠλπίσατε.
1055 5384 1236 5459 ὥσπερ
1267 5382 1393 5445 Θεὸς
1422 5386 1642 5455 ποιητὴς

98 5478 197 5530 καὶ
255 5472 394 5535 Θεὸς
442 5472 782 5543 δημιουργὸς,
832 5477 1098 5540 aulaeo;
1131 5474 1343 5547 σωτὴρ,
1393 5476 1483 5528 καὶ
1514 5476 1641 5539 Θεὸς

96 5564 434 5640 εὐεργέτης,
466 5563 557 5616 καὶ
600 5563 726 5625 Θεὸς
774 5566 979 5636 κριτὴς,
1034 5568 1126 5620 καὶ
1164 5567 1290 5630 Θεὸς
1332 5566 1506 5636 πατὴρ
1538 5566 1641 5618 τῶν

94 5655 427 5727 οἰκτιρμῶν,
457 5652 547 5707 καὶ
576 5653 703 5716 Θεὸς
731 5654 902 5718 πάσης
936 5658 1338 5726 παρακλήσεως,
1376 5656 1640 5730 μακρόου-

168 5818 218 5847 u
262 5812 399 5867 Luc.
437 5828 531 5866 χιιι
558 5853 571 5875 ,
607 5812 694 5868 55,
767 5813 810 5845 δ’
850 5813 949 5868 lsa.
986 5831 1148 5885 LVIII,
1187 5821 1239 5876 9.

397 5906 654 5966 ΡΑτιιοι.
688 5908 800 5970 Gn.
848 5911 1072 5973 XXIII.

1748 4580 1915 4634 caret,
1947 4572 2361 4647 consolationem
2408 4581 2583 4627 autem
2619 4582 2671 4628 et
2700 4576 2935 4637 levamen
2966 4581 3275 4648 complecti-
3318 4558 3321 4573 ζ

1745 4670 1838 4725 tur
1866 4677 1963 4731 pro
1981 4663 2046 4716 iis
2074 4665 2163 4732 qui
2187 4665 2239 4717 in
2256 4664 2496 4733 praesenti
2526 4670 2632 4719 vita
2653 4666 2865 4736 pietatis
2886 4683 3046 4724 causa
3072 4688 3273 4726 vexan-

1751 4763 1837 4804 tur
1867 4761 1920 4804 et
1950 4751 2272 4821 alliiguntur,
2302 4769 2528 4822 quorum
2564 4742 3015 4814 item'orationem
3048 4760 3271 4817 inferius

1750 4843 2049 4913 consignat.
2082 4842 2323 4905 Orationi
2353 4861 2478 4900 vero
2503 4848 2922 4905 consolationem
2950 4864 3003 4905 et
3035 4854 3271 4908 levamen

1749 4935 2042 5003 praemittit,
2100 4950 2127 4986 a
2160 4936 2551 5004 supplicatione
2593 4953 2775 4993 eorum
2800 4941 2888 5011 qui
2940 4945 3269 5010 persecutio-

1750 5040 1867 5093 nem
1886 5025 2161 5091 patiuntur
2176 5040 2353 5093 orsus,
2376 5043 2667 5097 eorumque
2696 5030 2849 5086 malis
2872 5032 3155 5084 remedium
3176 5034 3271 5088 ιιι-

1754 5129 1966 5166 movere
1990 5128 2280 5187 occupans,
2307 5116 2687 5189 declaransque
2711 5137 2868 5189 opere
2904 5122 3172 5190 impletum
3205 5128 3268 5177 il-

1748 5203 1836 5257 lud
1852 5218 1989 5266 esse,
2011 5204 2191 5258 Adhuc
2212 5217 2258 5261 te
2274 5210 2504 5276 loquente
2518 5212 2685 5264 dicam
2705 5210 2867 5264 :Ecce
2892 5210 3074 5264 adsum
3089 5214 3155 5267 ⁸³.
3178 5215 3266 5269 Ait

1748 5293 1945 5363 itaque,
1981 5292 2251 5361 Heusvos,
2282 5300 2562 5355 conﬁdite:
2592 5301 2742 5355 adest
2767 5301 2962 5371 quippe
2986 5301 3264 5368 Dominus,

1745 5386 1801 5438 in
1835 5399 1989 5455 quem
2037 5389 2313 5456 sperastis,
2346 5398 2525 5458 utpote
2557 5389 2694 5445 Deus
2723 5392 2919 5461 opifex,
2952 5392 3092 5449 Deus
3115 5410 3266 5449 crea.

1746 5484 1849 5539 tor,
1895 5474 2036 5531 Deus
2074 5491 2331 5544 servator,
2382 5479 2520 5534 Deus
2569 5481 2858 5548 beneﬁcus,
2904 5483 3044 5540 Deus
3079 5486 3264 5555 iudex.

1749 5566 1885 5622 Deus
1914 5577 2063 5636 pater
2096 5570 2607 5638 misericordiarum,
2634 5571 2773 5628 Deus
2806 5576 2971 5630 totius
3017 5581 3265 5633 consola-

1746 5656 1926 5725 tionis,
1977 5660 2208 5716 tolerans
2253 5670 2305 5719 et
2351 5664 2572 5718 multum
2619 5660 2953 5731 misericors;
2988 5668 3268 5737 placabilis

2881 5919 2957 5983 38
