3960 6352
672 414 836 470 ῑιιθο

1343 420 1601 477 EUSEBH
1624 424 2103 487 CESARIENSIS
2140 430 2286 486 OPP.
2328 433 2503 489 PARS
2537 433 2622 489 111.
2666 466 2732 474 ——
2758 434 3158 490 EXEGETICA.

3710 435 3820 489 ιτα

661 544 675 562 ³-
697 530 849 594 caeci,
883 537 1053 600 potest
1081 547 1186 586 non
1218 534 1395 590 videre
1420 546 1472 589 et
1504 554 1608 592 non
1643 540 1843 605 audire,
1867 544 1957 610 qui
1986 544 2095 598 haec
2115 560 2206 598 nor

2321 549 2495 612 κὸτας’
2513 552 2627 602 Οὐκ
2640 550 2838 617 ὄψεται
2855 553 2886 602 o'
2897 550 3118 617 Κύριος,
3136 548 3274 603 οὐδὲ
3289 548 3543 615 (rm-rice:
3556 553 3589 603 ὁ
3604 550 3737 616 Θεὸς
3748 554 3829 604 τοῦ

700 623 1015 678 habentibus
1052 625 1319 694 impertit?
1350 625 1477 679 Nam
1531 630 1578 682 is
1620 639 1763 697 certe
1801 633 1893 700 qui
1926 633 2047 687 aliis
2074 635 2224 704 quid-

697 712 836 780 piam
865 712 1157 780 elargitur,
1216 714 1361 782 prior
1408 716 1589 783 utique
1639 716 1798 771 habet
1841 734 1904 773 ea
1950 724 2220 789 quae-aliis

684 794 1070 856 communicat.
1112 801 1205 856 Est
1248 819 1414 872 porro
1455 822 1628 861 sermo
1654 808 1943 877 syllogismi
1979 813 2081 865 ritu
2108 828 2222 880 pio.

697 886 833 946 latns
887 899 940 945 et
994 894 1351 948 concinnatus
1408 897 1473 948 ad
1526 888 1873 965 providentia:
1919 901 2219 954 doctrinam

694 981 1159 1049 comprobandum.
1208 983 1308 1038 Par
1349 994 1521 1038 autem
1560 996 1672 1040 erat
1698 990 1763 1042 iis
1792 990 2020 1043 maxime
2073 992 2217 1044 Scri-

690 1079 857 1141 ptum
884 1071 1076 1126 divina:
1100 1074 1229 1127 locis
1250 1076 1480 1128 animum
1510 1078 1779 1141 adhibere,
1805 1086 1862 1132 ut
1886 1080 2215 1139 ostendatur,

686 1177 793 1217 non
826 1163 1032 1218 ratione
1078 1180 1294 1217 vacuam
1339 1166 1410 1219 ibi
1454 1166 1608 1220 fidem
1657 1170 1810 1224 nobis
1860 1169 2074 1233 oll‘erri,
2123 1172 2216 1225 sed

684 1254 848 1307 claris
875 1253 1169 1308 ratiociniis
1222 1263 1273 1309 et
1325 1257 1867 1315 dcmonstrationibus
1901 1262 2083 1330 logicis
2127 1262 2217 1316 do-

683 1342 869 1395 ctrinae
896 1343 1197 1397 testimonia
1226 1340 1485 1400 exhiberi.
1522 1347 1780 1400 Sescenta
1809 1357 1983 1403 autem
2015 1352 2212 1406 similia

682 1431 739 1483 in
759 1431 933 1485 sacris
956 1430 1139 1486 Bibliis
1167 1448 1459 1502 conspersa
1486 1444 1630 1489 sunt.
1658 1436 1997 1507 ‘Syllogismis
2035 1441 2212 1510 itaque

682 1518 874 1586 impios
901 1527 953 1573 et
989 1521 1175 1576 atheos
1216 1522 1587 1591 confutatyqui
1615 1524 1861 1578 dicebant
1908 1527 2069 1581 Deum
2118 1528 2213 1581 hu-

681 1621 837 1660 mana
860 1623 964 1661 non
993 1610 1273 1678 respicere.
1301 1610 1441 1667 Heus
1469 1628 1584 1675 vos,
1619 1615 1808 1683 inquit,
1834 1617 2213 1673 animaliumne

683 1704 871 1751 natura
908 1714 1003 1767 per
1032 1715 1099 1768 se
1127 1710 1313 1767 sponte
1341 1703 1599 1765 substitit,
1632 1718 1696 1755 an
1725 1718 1752 1755 a
1789 1704 2014 1773 quadam
2048 1722 2211 1762 causa

682 1788 893 1841 condita
921 1789 1036 1842 est?
1061 1790 1105 1843 si
1128 1790 1337 1843 dicatur
1372 1792 1512 1844 enim
1544 1778 1770 1854 temere,
1825 1807 1887 1845 ac
1916 1803 2056 1848 sorte
2077 1810 2211 1863 qua-

681 1878 823 1942 dam,
856 1880 970 1934 sine
996 1881 1203 1935 ratione
1245 1890 1298 1934 et
1339 1889 1526 1950 sponte
1574 1897 1670 1936 sua
1703 1883 1807 1935 vita
1855 1892 2119 1937 carentem
2157 1892 2209 1937 et

681 1967 1024 2023 inanimatam
1053 1972 1325 2025 materiam
1358 1978 1435 2025 tot
1465 1971 1745 2035 animalia,
1764 1979 1817 2025 et
1856 1973 2081 2041 singulis
2118 1988 2209 2043 ge-

679 2062 898 2117 neribus
920 2062 1140 2115 inditam
1172 2062 1471 2130 hujusmodi
1498 2062 1928 2116 constitutionem
1949 2102 1962 2125 ,
2007 2062 2207 2118 formas

679 2155 805 2208 item
849 2161 901 2207 et
934 2153 1159 2223 species,
1196 2168 1257 2204 ac
1285 2159 1481 2204 tantam
1511 2152 1741 2221 partium
1771 2160 1822 2206 et
1848 2154 2203 2207 membrorum

679 2243 1089 2297 concinnitatem
1115 2283 1130 2306 ,
1188 2240 1596 2310 pulchritudinis
1636 2242 1955 2305 varietatem
1980 2283 1995 2306 ,
2047 2251 2099 2297 et
2130 2251 2207 2297 tot

678 2334 985 2389 discrimina
1010 2332 1265 2401 producta
1300 2346 1450 2393 esse;
1486 2331 1703 2384 stultum
1753 2342 1899 2387 certe
1936 2334 2205 2388 insanum—

678 2441 783 2495 que
817 2424 971 2477 fuerit
991 2423 1140 2485 illud,
1162 2432 1215 2476 et
1247 2422 1518 2475 hominum
1550 2422 1638 2491 qui
1660 2436 1783 2476 vere
1811 2422 1985 2475 anima
2008 2423 2202 2477 mortui

680 2514 895 2579 fuerint,
924 2512 1294 2566 'ratiocinium.
1343 2509 1617 2575 Quomodo
1672 2509 1812 2563 enim
1856 2510 1995 2578 quod
2043 2511 2203 2564 vitam

678 2619 786 2658 non
815 2604 970 2657 habet
1003 2603 1154 2656 alteri
1201 2602 1501 2670 impertiat?
1528 2609 1617 2654 aut
1647 2602 1913 2668 quomodo
1939 2602 2204 2654 inanima-

678 2702 789 2749 tum
839 2695 1067 2747 animam
1121 2692 1494 2747 constituerit?
1527 2700 1617 2745 aut
1663 2692 2025 2747 irrationabile
2072 2708 2204 2761 quo-

677 2786 836 2841 modo
856 2785 1124 2855 quidpiam
1152 2784 1470 2838 rationabile
1511 2772 1862 2852 produxerit?
1891 2781 2008 2846 Quo
2052 2792 2206 2850 pacto

676 2879 907 2949 primum
938 2874 1253 2935 movebitur,
1277 2881 1369 2926 aut
1391 2874 1530 2925 aliud
1566 2863 1811 2937 movebit,
1843 2872 1985 2941 quod
2020 2885 2082 2926 ex
2112 2887 2205 2924 na-

676 2976 795 3021 tura
847 2982 943 3022 sua
977 2965 1245 3019 immobile
1290 2963 1397 3017 sit?
1445 2961 1755 3029 Huiusmodi
1786 2971 1866 3017 est
1895 2972 2050 3017 terra:
2096 2963 2203 3017 ele-

676 3069 932 3120 mentum,
951 3071 1013 3109 ex
1038 3069 1144 3123 quo
1164 3054 1339 3107 omnia
1373 3060 1426 3108 et
1444 3054 1588 3106 varia
1613 3044 1854 3120 prodiere
1891 3054 2198 3107 animalium

675 3160 866 3217 genera
888 3184 901 3207 ,
933 3160 1050 3213 quae
1090 3143 1260 3198 oculis
1282 3182 1298 3209 ,
1344 3143 1563 3197 auribus
1612 3144 1923 3213 ueterisque
1955 3144 2200 3223 sensibus
2227 3179 2272 3241 ϐ

676 3241 938 3294 instructa
958 3244 1100 3299 sunt,
1120 3236 1247 3298 vita,
1267 3244 1409 3291 motu
1429 3243 1482 3290 et
1505 3236 1736 3305 appetitu
1763 3236 2019 3305 praedita?
2044 3237 2200 3290 homo

674 3344 800 3384 vero
850 3329 915 3383 iis
942 3329 1095 3397 longe
1115 3333 1348 3395 praestat,
1371 3340 1491 3381 cum
1521 3326 1589 3381 sit
1610 3336 1812 3379 naturae
1842 3325 2197 3399 rationabilis,

669 3427 738 3473 'ac
767 3420 958 3483 mentis
983 3427 1035 3473 et
1070 3417 1307 3473 scientiae
1334 3430 1521 3485 capax.
1553 3415 1689 3470 Num
1717 3416 1877 3486 igitur
1897 3431 1963 3469 ex
1995 3413 2201 3467 ratione

673 3524 842 3563 vacuo
874 3517 928 3564 et
960 3508 1249 3562 inanimato
1279 3507 1539 3561 elemento
1584 3505 1694 3557 haec
1740 3505 1918 3557 omnia
1948 3498 2195 3555 substite-

674 3600 836 3656 runt?
864 3601 931 3653 At
955 3614 1074 3654 eum
1106 3599 1197 3666 qui
1230 3598 1339 3651 haec
1366 3595 1605 3650 conﬁteri
1632 3595 1783 3657 nolit,
1816 3595 1891 3647 rei
1925 3592 2095 3662 ipsius
2122 3594 2200 3646 vis

672 3698 727 3749 et
755 3690 986 3746 eﬂicacia
1017 3688 1209 3750 vincit,
1256 3701 1317 3741 ac
1355 3684 1527 3754 ipsum
1572 3684 1815 3738 naturale
1848 3681 2197 3736 ratiocinium

670 3798 797 3838 vera
819 3782 997 3836 dicere
1027 3780 1199 3849 cogit;
1237 3778 1489 3850 nimirum
1515 3792 1610 3831 nec
1638 3774 1985 3829 inanimatam
2030 3782 2197 3825 mate-

672 3877 849 3936 riam,
891 3887 1061 3942 neque
1096 3870 1296 3925 aridam
1340 3869 1649 3937 rationeque
1700 3880 1919 3919 vacuam
1952 3863 2200 3918 substan-

671 3968 823 4028 tiam,
864 3966 1054 4019 horum
1102 3976 1221 4016 esse
1266 3975 1523 4016 causam:
1575 3958 1667 4013 sed
1724 3955 1907 4010 mundi
1955 3953 2198 4023 opiﬁcem

672 4072 793 4111 esse
831 4064 1058 4108 mentem
1081 4054 1361 4123 quamdam
1397 4053 1630 4106 divinam
1669 4058 1722 4102 et
1749 4048 2081 4109 creatricem,
2110 4045 2199 4099 Dei

638 4150 639 4155 “
673 4157 863 4213 nempe
894 4144 1141 4204 Verbum,
1171 4158 1349 4196 rerum
1385 4142 1622 4195 omnium
1654 4139 1928 4209 factorem,
1963 4139 2051 4207 qui
2088 4148 2199 4190 tum

674 4236 895 4301 reliquis
922 4233 1191 4294 omnibus,
1220 4239 1329 4283 tum
1364 4230 1462 4298 ipsi
1494 4227 1695 4282 homini
1735 4242 1925 4282 sensus
1958 4230 2199 4295 corporis

674 4324 886 4387 indidit,
919 4331 970 4377 et
1002 4322 1191 4375 animat
1218 4321 1461 4374 humana:
1480 4317 2014 4385 ratiocimum,atque
2040 4318 2199 4369 etiam

674 4425 923 4477 mentem,
955 4429 1059 4483 qua
1084 4422 1329 4466 naturam
1360 4425 1537 4466 rerum
1566 4408 1905 4471 consideret;
1935 4421 1997 4460 ac
2029 4406 2200 4459 oculis

2333 638 2538 698 Ἰακὼϐ,
2566 640 2905 708 ἀποκρίνεται
2935 640 3118 706 λέγων·
3135 640 3241 692 Καὶ
3275 640 3410 704 πῶς,
3431 634 3474 691 ὦ
3496 640 3592 708 τὴν
3624 641 3830 691 διάνοιαν

2318 727 2526 796 ἀληθῶς
2557 729 2760 796 τυφλοὶ,
2800 730 2859 780 οὐ
2891 720 3103 782 δύναται
3138 730 3208 799 μὴ
3252 730 3572 800 ὁρᾷνγμζδὲ
3618 732 3829 793 ἀκούειν,

2308 818 2344 868 ’ὁ
2369 821 2476 880 τοῖς
2503 817 2575 888 μὴ
2608 819 2783 887 ἔχουσι
2822 819 2987 887 ταῦτα
3024 822 3458 891 παρασχόμενοςς
3502 820 3727 880 Πάντως
3746 821 3829 887 γάρ

2318 924 2414 959 που
2452 910 2479 959 6
2523 908 2822 976 μεταδιδοὺς
2872 910 3067 979 ἑτέροις
3122 910 3329 981 πρῶτος
3382 910 3543 984 αὐτὸς
3593 910 3828 978 κέκτῃτοι

2314 993 2500 1056 ταῦτα,
2531 988 2603 1045 ὧν
2641 995 2997 1063 μεταδίδωσιν.
3032 997 3179 1050 Ἐστι
3221 998 3276 1049 δὲ
3306 999 3333 1049 6
3361 996 3513 1063 λόγος
3545 997 3690 1050 κατὰ
3729 997 3827 1049 συλ-

2315 1081 2562 1151 λογισμὸν
2609 1083 2888 1154 εἰρημένος
2929 1086 3021 1138 καὶ
3058 1082 3689 1148 κατασκευαστικὸςτοῦ
3727 1090 3828 1155 περὶ

2314 1172 2559 1241 προνοίας
2600 1172 2874 1243 δόγματος.
2910 1177 3151 1246 Προσῆκε
3177 1177 3233 1229 δὲ
3270 1177 3493 1245 μάλιστα
3527 1181 3639 1238 tot;
3680 1181 3828 1229 τοιού-

2311 1277 2420 1323 τοις
2439 1263 2544 1314 τῶν
2566 1262 2719 1315 θείων
2744 1264 2783 1314 Γ
2788 1265 2967 1334 ραιρῶν
2993 1267 3268 1333 ἐφιστάναι
3294 1267 3377 1317 τὸν
3398 1266 3520 1318 νοῦν
3542 1267 3747 1328 τόποις,
3768 1270 3827 1328 εἰς

2311 1350 2577 1414 ἀπόδειξιν
2604 1350 2696 1402 τοῦ
2739 1352 2811 1420 μὴ
2859 1351 3045 1419 ἄλογον
3078 1354 3254 1405 πίστιν
3296 1353 3692 1422 προϐάλλεσθαι
3724 1355 3825 1422 ήμξιι

2311 1440 2400 1492 ὑπ’
2430 1439 2644 1504 αὐτῶν,.
2672 1444 2806 1509 μετὰ
2855 1440 3122 1510 λογισμῶν
3149 1444 3203 1493 οὲ
3235 1442 3471 1512 ἐναργῶν
3511 1445 3604 1495 καὶ
3638 1443 3828 1494 ἀποδεί-

2310 1529 2440 1593 ξεων
2462 1530 2688 1599 λογικῶν
2707 1530 2802 1593 τάς
2825 1531 2929 1583 τῶν
2951 1530 3224 1600 δογμάτων
3251 1534 3545 1602 μαρτυρίας
3566 1536 3824 1603 παρέχειν·

2308 1620 2488 1691 Μυρία
2523 1617 2566 1671 δ’
2597 1618 2661 1672 ἂν
2690 1620 2773 1692 εἴη
2815 1621 3031 1673 τοιαῦτα
3082 1625 3199 1683 ταῖς
3242 1623 3410 1690 ἱεραῖς
3470 1621 3675 1690 βίίλοις
3719 1639 3826 1674 κατ-

2308 1710 2633 1779 εσπαρμένα.
2669 1709 3030 1779 Συλλογίζεται
3058 1711 3335 1781 τοιγαροῦν
3361 1712 3485 1773 τοὺς
3522 1711 3736 1775 ἀσεϐεῖς
3755 1714 3827 1763 καὶ

2307 1797 2493 1861 ἀθέους
2513 1799 2602 1852 τοῦ
2630 1800 2702 1870 μὴ
2724 1802 2918 1871 ἐφορᾷν
2944 1809 3033 1854 τὸν
3052 1801 3181 1853 Θεὸν
3200 1800 3266 1852 τὰ
3288 1800 3598 1871 ἀνθρώπινα
3619 1803 3825 1868 φάσκεν-

2305 1905 2419 1949 τας.
2454 1890 2657 1961 Πότερα
2682 1890 2808 1960 γὰρ,
2839 1897 3018 1959 φησιν,
3047 1885 3090 1942 ὦ
3114 1883 3271 1953 οὗτοι,
3303 1891 3599 1959 αὐτόματος
3634 1891 3824 1955 ὑπέστη

2307 1975 2409 2027 τῶν
2442 1975 2590 2037 ζώων
2618 1979 2651 2046 ἠ
2682 1977 2856 2044 ῳύσις,
2889 1978 2921 2047 ἢ
2967 1977 3182 2045 γέγονεν
3227 1978 3288 2030 ἐκ
3328 1995 3471 2039 τινος
3521 1978 3736 2038 uittae;
3768 1978 3825 2026 τὸ

2309 2068 2403 2137 μὲν
2426 2062 2515 2119 οὖν
2539 2068 2761 2135 φάσκειν
2793 2071 2909 2139 εἰκῇ
2939 2070 3030 2122 καὶ
3054 2070 3127 2131 ὡς
3160 2069 3360 2139 ἔτυχεν,
3393 2070 3603 2136 ἀλόγως
3629 2070 3725 2120 καὶ
3741 2070 3825 2120 at}-

2303 2154 2551 2224 τομάτως
2569 2155 2665 2225 τὴν
2690 2154 2858 2218 ἄζωον
2888 2158 2979 2209 καὶ
3015 2157 3210 2225 ἄψυχον
3237 2157 3331 2210 καὶ
3362 2158 3586 2226 ἀνόητον
3623 2157 3751 2225 ῦλτεν
3769 2156 3826 2208 οὲ

2301 2243 2531 2296 τοσαῦτα
2580 2241 2692 2306 ζῶα
2733 2244 2823 2296 καὶ
2863 2244 2959 2314 τὴν
3003 2248 3082 2312 ἐφ’
3110 2247 3316 2315 ἑκάστῳ
3346 2248 3488 2313 γένει
3534 2247 3646 2298 τῶν
3694 2246 3825 2309 ζώων

2303 2331 2502 2384 τοιάνδε
2532 2333 2883 2409 κατασκευὴν,
2914 2335 3011 2396 τάς
3037 2350 3096 2385 τε
3128 2337 3182 2386 ἐν
3202 2336 3383 2397 αὐτοῖς
3406 2336 3619 2405 μορφὰς
3657 2337 3746 2387 καὶ
3768 2335 3823 2386 τὶ

2301 2423 2412 2492 εἴδη
2446 2424 2537 2476 καὶ
2562 2423 2657 2495 τὴν
2687 2424 2947 2494 τοσαύτην
2973 2423 3078 2477 τῶν
3111 2425 3300 2493 μερῶν.
3312 2441 3372 2476 τε
3402 2428 3495 2478 καὶ
3531 2424 3707 2494 μελῶν
3726 2425 3825 2476 διά-

2301 2511 2465 2577 θεσιν,
2494 2513 2589 2584 τήν
2615 2530 2674 2565 τε
2710 2513 2799 2565 τοῦ
2832 2512 3052 2575 κάλλους
3082 2513 3364 2576 ποικιλίαν,
3390 2515 3484 2566 καὶ
3523 2518 3625 2578 τάς
3654 2516 3826 2567 τοσαύ-

2300 2618 2395 2663 τας
2431 2602 2687 2672 διαφορὰς
2715 2602 3140 2673 προενηνοχέναι,
3176 2604 3373 2673 σφόδρα
3403 2606 3584 2675 μωρὸν
3610 2608 3701 2658 καὶ
3728 2606 3828 2674 tu-

2302 2691 2432 2754 θιον,
2458 2693 2547 2745 καὶ
2562 2693 2762 2761 ἀνδρῶν
2779 2694 2852 2757 ὼς
2874 2690 3081 2763 άληθῶς
3095 2693 3190 2756 τὰς
3203 2693 3379 2763 ψυχὰς
3402 2696 3823 2765 νενεκρωμένου-ν.

2301 2781 2422 2842 Πῶς
2455 2780 2561 2850 γὰρ
2590 2782 2650 2833 τὸ
2682 2782 2753 2852 μὴ
2786 2782 2925 2852 ζωῆς
2954 2784 3172 2853 μετέχον
3198 2782 3340 2854 ζωὴν
3361 2784 3528 2855 ἐτέρῳ
3565 2785 3631 2860 Et?
3668 2788 3827 2855 παρά-

2302 2888 2447 2941 σχοι;
2475 2872 2507 2942 ἦ
2544 2873 2602 2924 τὸ
2627 2872 2826 2941 ἄψυχον
2855 2874 2965 2935 πῶς
2994 2874 3057 2927 ἂν
3079 2874 3251 2943 ψυχὴν
3289 2875 3684 2943 ὑποστήσαιτος
3715 2876 3747 2943 ἦ
3776 2875 3829 2926 τὸ

2300 2963 2488 3030 ἄλογον
2516 2963 2629 3025 πῶς
2652 2962 2716 3015 ἂν
2732 2963 2945 3030 λογικόν
2972 2981 3024 3016 τι
3042 2966 3461 3017 κατασκευάσειε
3478 2966 3642 3030 ;·Πῶς
3659 2966 3717 3018 δὲ
3740 2966 3826 3033 τὴν

2299 3055 2468 3125 ἀρχὴν
2496 3055 2855 3126 κινηθήσεται,
2886 3054 2919 3124 ἦ
2948 3054 3062 3117 πῶς
3098 3055 3278 3124 ἕτερον
3307 3056 3516 3123 κινήσει
3541 3057 3603 3108 τὸ
3634 3057 3693 3122 ἐξ
3717 3057 3830 3107 ἐαυ-

2301 3147 2391 3197 τοῦ
2428 3146 2523 3217 τὴν
2552 3147 2707 3216 φύσιν
2726 3136 3005 3214 άκίνητονξ
3034 3145 3279 3197 Τοιοῦτον
3300 3144 3356 3197 δὲ
3379 3143 3441 3196 τὸ
3463 3144 3563 3213 τῆς
3584 3144 3686 3212 γῆς
3708 3159 3829 3195 στοι-

2305 3237 2463 3302 χεῖον,
2492 3234 2549 3300 ἐξ
2575 3227 2635 3286 οὗ
2678 3236 2895 3287 παντοῖα
2922 3232 3147 3303 προῆλθε
3182 3232 3330 3295 ζώων
3358 3232 3511 3301 γένη,
3534 3233 3827 3301 ὀφθαλμοὺς

2304 3322 2489 3391 ἔχοντα
2517 3316 2742 3374 καὶῶτα
2789 3321 2966 3374 καὶτὰ
2996 3321 3153 3373 λοιπά
3193 3320 3536 3392 αἰσθητήρια,
3572 3319 3717 3390 ζωῆς
3746 3322 3827 3371 καὶ

2305 3411 2561 3479 κινήσεως
2590 3409 2682 3462 καὶ
2707 3408 2895 3479 ’ὁρμῆς
2941 3398 3168 3477 μέτοχα;
3199 3408 3480 3478 ἄνθρωπος
3510 3409 3566 3461 δὲ
3598 3410 3690 3460 καὶ
3720 3410 3828 3461 τού-

2300 3515 2407 3551 των
2436 3501 2691 3567 ἐπάγεται
2716 3499 2893 3563 πλέον,
2926 3498 3141 3569 λογικῆς
3181 3496 3253 3550 ὢν
3281 3499 3513 3565 φύσεως,
3540 3498 3632 3550 νοῦ
3657 3515 3716 3550 τε
3743 3501 3828 3550 καὶ

2304 3590 2601 3661 ἐπιστήμης
2643 3590 2882 3653 δεκτικὸς
2924 3590 3216 3661 τυγχάνων.
3243 3586 3366 3660 'Ap'
3391 3584 3485 3641 οὖν
3511 3588 3593 3653 ,ἐξ
3640 3588 3823 3654 ἀλόγου

2303 3681 2392 3732 καὶ
2414 3681 2614 3749 ἀψύχου
2638 3682 2889 3751 στοιχείου
2908 3681 2975 3733 τὰ
2998 3681 3169 3735 τοιάδε
3199 3681 3370 3741 πάντα
3394 3680 3632 3748 ὑπέστη;

2303 3760 2395 3821 καὶ
2432 3770 2520 3822 τὸν
2560 3770 2633 3839 μὴ
2665 3770 2971 3839 βουλόμενον
3001 3769 3272 3838 ὁμολογεῖν
3303 3768 3435 3820 αὐτὰ
3476 3771 3663 3839 fuit;
3694 3769 3827 3835 ἐνέρ-

2302 3877 2442 3929 γεια,
2471 3860 2561 3912 καὶ
2590 3862 2617 3912 6
2639 3859 2775 3912 κατὰ
2812 3859 2967 3926 φύσιν
3009 3856 3489 3926 λογισμὸςτάληθῆ
3530 3857 3712 3923 λέγειν
3748 3859 3826 3907 ἐκ·

2303 3951 2559 4013 ϐιάζεται,
2584 3950 2644 4003 τὸ
2669 3951 2740 4021 μὴ
2760 3950 2854 4019 τὴν
2874 3950 3070 4017 ἄψυχον
3094 3940 3243 4015 ὓλην,
3274 3947 3402 4015 μηδὲ
3424 3946 3524 4015 τὴν
3553 3946 3725 4014 ξηρὰν
3744 3948 3825 3996 καὶ

2302 4042 2489 4111 ἄλογον
2515 4042 2694 4094 οὐσίαν
2720 4041 2916 4094 τούτων
2943 4039 3202 4111 ὑπάρχειν
3233 4036 3403 4089 αἰτίαν
3421 4053 3434 4065 ·
3467 4036 3591 4088 νοῦν
3621 4036 3681 4089 δὲ
3718 4052 3823 4087 τινα

2304 4134 2440 4187 θεῖον
2471 4134 2561 4187 καὶ
2581 4130 2957 4203 δημιουργικὸν
2984 4126 3117 4182 εἶναι
3145 4127 3310 4194 Λόγον
3340 4126 3472 4178 Θεοῦ
3504 4127 3593 4177 τὶν
3633 4143 3823 4193 κοσμο-

2304 4224 2471 4286 ποιὸν,
2500 4223 2590 4274 καὶ
2622 4224 2829 4274 πάντων
2874 4219 3097 4289 ποιητὴν
3137 4216 3313 4277 αὑτὸν,
3344 4215 3433 4268 καὶ
3473 4218 3583 4278 τοῖς
3630 4214 3824 4276 λοιποῖς

2304 4315 2468 4368 ἅπασι
2500 4314 2591 4371 καὶ
2617 4311 2761 4381 αὐτῷ
2782 4310 3046 4380 ἀνθρώπῳ
3078 4307 3345 4378 αἰσθήσεις
3364 4306 3630 4360 δεδωκότα
3655 4306 3824 4375 σώμα-

2301 4420 2410 4466 τος,
2442 4403 2536 4455 καὶ
2568 4401 2740 4471 ψυχῆς
2775 4401 3045 4470 λογισμὸν,
3072 4402 3166 4453 καὶ
3195 4399 3315 4453 νοῦν
3350 4398 3482 4469 πρὸς
3519 4397 3733 4460 τούτοις
3755 4398 3824 4457 εἰς

673 4506 904 4573 quidem,
930 4502 1159 4557 visibilia
1187 4500 1470 4569 respiciat;
1504 4498 1720 4550 auribus
1764 4510 1923 4574 vero,
1959 4495 2011 4548 in
2051 4495 2201 4547 audi-

2305 4496 2360 4548 τὸ
2387 4493 2685 4545 ἐπιϐάλλειν
2712 4494 2775 4561 τῇ
2799 4490 2951 4557 φύσει
2978 4490 3085 4543 τῶν
3108 4490 3430 4559 πραγμάτων
3448 4505 3462 4518 ³
3497 4488 3591 4539 καὶ
3613 4479 3824 4555 θεωρεῖν

676 4607 785 4649 tum
820 4597 1060 4647 cadentia
1090 4595 1307 4657 audiat;
1343 4590 1694 4659 cogitationes
1732 4588 1975 4651 demum,
2006 4585 2202 4640 intelli-

662 4687 851 4755 lgibilia
882 4685 1310 4753 cmnprchendat.
1338 4681 1437 4747 Qui
1462 4682 1621 4749 igitur
1650 4678 1758 4732 ﬁeri
1801 4684 1974 4746 potest
2003 4686 2078 4739 ut,
2109 4675 2200 4746 qui

673 4776 795 4829 aliis
821 4773 1121 4826 facultatem
1154 4771 1384 4831 videndi,
1416 4784 1573 4838 quam
1602 4785 1666 4822 ex
1697 4784 1753 4821 se
1780 4783 1885 4821 non
1911 4767 2198 4830 habebant,

680 4864 953 4932 impertiit,
981 4878 1087 4932 non
1140 4863 1251 4928 ipsc
1286 4861 1498 4914 videat?
1552 4859 1650 4923 Qui
1684 4858 1793 4911 ﬁeri
1827 4864 2000 4926 potest
2033 4864 2092 4909 ut
2119 4857 2163 4910 is
2186 4896 2199 4919 ,

678 4954 770 5023 qui
804 4954 857 5005 in
884 4960 1098 5004 terreno
1126 4958 1178 5003 et
1210 4950 1347 5003 luteo
1376 4964 1501 5003 vase
1528 4948 1764 5000 auditum
1798 4958 1847 5000 et
1872 4961 2051 5001 aurem
2085 4961 2203 5013 pcr—

682 5047 870 5098 ioravit
892 5081 907 5105 ,
958 5042 1120 5096 itaut
1164 5047 1308 5092 muta
1337 5048 1388 5092 et
1406 5039 1582 5093 .surda
1621 5039 1863 5099 materia,
1895 5053 1955 5091 ea
1988 5051 2106 5105 quae
2133 5036 2200 5090 ad

680 5150 858 5188 aurem
884 5133 1225 5202 proferuntur
1252 5129 1448 5195 audiat,
1489 5144 1592 5182 non
1633 5130 1744 5196 ipse
1775 5128 1963 5181 melius
1991 5134 2043 5182 et
2071 5142 2203 5195 prae-

678 5226 910 5281 stantius
936 5225 1053 5279 aliis
1082 5224 1327 5277 omnibus
1361 5222 1618 5275 humanas
1652 5219 1999 5289 cogitationes
2029 5220 2203 5288 perci-

684 5317 828 5387 piat?
888 5314 1036 5378 Quod
1069 5314 1113 5366 si
1154 5313 1413 5366 universa:
1448 5327 1540 5379 per
1581 5310 1761 5364 orbem
1812 5317 1989 5377 gentes
2015 5348 2029 5370 ,
2082 5322 2202 5361 cum

682 5410 920 5460 barbarae
940 5414 1048 5457 tum
1070 5404 1284 5464 Cratere,
1318 5402 1546 5456 naturali
1576 5399 1975 5469 cogitationum,
2015 5414 2145 5468 quas
2175 5414 2203 5450 a

682 5496 788 5550 Deo
821 5500 1157 5563 acceperunt,
1191 5494 1417 5561 impulsu
1446 5532 1459 5554 ,
1517 5490 1774 5560 quasdam
1828 5490 1927 5543 sibi
1978 5491 2121 5557 leges
2153 5496 2205 5541 ct

682 5587 1088 5640 constitutiones
1126 5583 1504 5647 ell‘ormarunt;
1538 5581 1803 5653 quomodo
1846 5581 1891 5633 is
1920 5580 2009 5648 qui
2044 5580 2205 5631 talem

684 5679 815 5747 ipsis
850 5677 1176 5745 prudentiam
1210 5673 1428 5729 indidit.
1459 5690 1565 5728 non
1606 5681 1792 5743 arguat
1823 5686 1916 5726 eos
1942 5669 2032 5739 qui
2076 5685 2207 5738 pra:-

683 5775 765 5821 ter
784 5775 1030 5820 naturam
1063 5779 1123 5818 ac
1164 5772 1351 5826 prater
1386 5778 1569 5818 sanam
1608 5769 1843 5818 «mentem
1886 5759 2013 5825 quid
2054 5773 2206 5821 agerc

2305 4580 2401 4654 μὲν
2432 4582 2720 4651 ὀφθαλμοῖς
2747 4581 2813 4632 τά
2832 4579 3018 4649 ὁρατὰ,
3041 4578 3141 4630 ὠσὶ
3166 4579 3221 4632 δέ
3245 4577 3310 4629 τὰ
3332 4575 3567 4629 ἀκουστὰ
3592 4576 3820 4631 ἀκούειν,

2301 4674 2535 4744 λογισμῷ
2564 4674 2620 4725 δέ
2654 4670 2882 4723 συνιέναι
2910 4668 2978 4721 τὰ
3012 4668 3188 4735 νοητά.
3234 4667 3351 4730 Πῶς
3380 4662 3468 4719 οὖν
3515 4659 3627 4717 οἷον
3662 4682 3719 4716 τε
3744 4665 3823 4714 etv

2300 4766 2499 4836 ἐτέροις
2521 4768 2627 4826 τοῖς
2662 4761 2734 4834 μὴ
2755 4761 2880 4832 παρ’
2907 4759 3108 4812 ἑαυτῶν
3135 4759 3309 4828 ἔχουσι
3334 4756 3719 4826 παρεσχηκότα
3737 4754 3825 4821 τὴν

2301 4855 2551 4925 ὁρατικὴν
2583 4854 2821 4921 δύναμιν,
2863 4849 3018 4903 αὐτὸν
3063 4848 3134 4919 μὴ
3162 4849 3320 4919 ὀρᾷν;
3355 4846 3475 4906 Πῶς
3520 4845 3577 4895 δὲ
3611 4843 3823 4896 δυνατεῖ

2299 4944 2387 4997 τὸν
2427 4946 2483 4996 ἐν
2513 4943 2589 5013 τῷ
2635 4942 2820 5011 γεώδει
2866 4940 2954 4993 καὶ
2992 4938 3193 5010 πηλίνῳ
3243 4936 3419 4990 σκεύει
3469 4932 3827 5003 διατρήσαντα

2300 5036 2465 5106 ἀκοὴν
2495 5036 2586 5089 καὶ
2612 5029 2722 5094 οῦς,
2753 5030 2897 5085 ἐνθεν
2928 5030 2998 5083 τὰ
3026 5032 3103 5091 εἰς
3133 5023 3246 5081 ὦτα
3275 5024 3488 5079 ἀκούειν
3532 5026 3634 5093 τὴν
3676 5028 3827 5079 ἀναν·

2301 5127 2386 5179 δον
2428 5125 2520 5178 κα)⁸
2555 5122 2740 5193 κωφὴν
2772 5120 2898 5190 ὓλην
2932 5119 3037 5171 τῶν
3074 5116 3263 5181 ἔξωθεν
3305 5115 3492 5183 φωνῶν
3526 5116 3729 5177 αὐτῶν,
3765 5115 3828 5182 μὴ

2301 5217 2417 5287 οὐχὶ
2448 5216 2552 5286 πρὸ
2583 5214 2791 5267 πάντων
2823 5209 2951 5261 πολὺ
2983 5207 3293 5277 κρειττόνως
3318 5208 3409 5259 καὶ
3438 5206 3705 5276 μειζόνως
3733 5208 3829 5261 τοῖς

2302 5309 2406 5360 τῶν
2450 5304 2743 5376 ἀνθρώπιον
2775 5298 3042 5353 ἐπιϐάλλει
3077 5298 3376 5368 λογισμοῖςς
3408 5300 3469 5351 Εἰ
3511 5299 3566 5350 δὲ
3606 5298 3706 5349 καὶ
3747 5296 3829 5347 El:

2303 5395 2425 5465 ἐθνη
2454 5396 2519 5449 τὰ
2540 5395 2628 5446 ἐπὶ
2646 5393 2748 5461 γῆς
2771 5390 3011 5462 βάρϐαρά
3037 5405 3094 5441 τε
3124 5388 3216 5442 καὶ
3252 5388 3554 5458 Ἑλληνικὰ,
3582 5384 3829 5455 φυσικαξ

2303 5486 2527 5547 ἐννοίαις
2564 5483 2868 5551 κινούμενα,
2905 5479 2970 5542 ἃς
3000 5478 3100 5531 ὑπὸ
3144 5479 3274 5532 Θεοῦ
3322 5479 3597 5556 εἱλῄφασι,
3646 5476 3830 5541 νόμως

2304 5575 2448 5637 τινάς
2481 5576 2571 5627 καὶ
2594 5569 2855 5634 διατάξεις
2880 5571 3085 5633 ἐαυτοίς
3120 5568 3510 5622 διετυπώσαντο
3526 5583 3541 5596 ·
3576 5565 3703 5624 πῶς
3726 5558 3831 5620 εἰνὶ

2305 5668 2331 5717 6
2363 5667 2559 5735 ταύτην
2591 5666 2774 5725 αὐτοῖς
2793 5661 2888 5735 τὴν
2924 5661 3126 5714 σύνεσιν
3150 5660 3507 5730 δεδωρημένος
3534 5656 3675 5714 θεὸς
3702 5652 3832 5715 ἐλέγ-

2308 5757 2385 5820 ﬁat
2413 5757 2533 5819 τοὺς
2558 5752 2825 5811 παοάτὴν
2856 5750 3010 5811 φύσιν
3040 5753 3132 5805 καὶ
3158 5754 3302 5804 παοᾶ
3328 5750 3420 5809 τὰς
3440 5745 3607 5807 ὀρθὰς
3639 5744 3831 5801 two“;
