  <div class='ocr_page' id='page_1' title='image "/cluster/home/n/w/nwhite01/storage/ocr_20150623/23/pst.000005712076/608.png"; bbox 0 0 3976 6356; ppageno 0'>
   <div class='ocr_carea' id='block_1_1' title="bbox 147 475 274 532">
    <p class='ocr_par' dir='ltr' id='par_1_1' title="bbox 147 475 274 532">
     <span class='ocr_line' id='line_1_1' title="bbox 147 475 274 532; baseline -0.024 0"><span class='ocrx_word' id='word_1_1' title='bbox 147 475 274 532; x_wconf 59' lang='grc'><strong>1101</strong></span> 
     </span>
    </p>
   </div>
   <div class='ocr_carea' id='block_1_2' title="bbox 1234 470 2206 545">
    <p class='ocr_par' dir='ltr' id='par_1_2' title="bbox 1234 470 2206 545">
     <span class='ocr_line' id='line_1_2' title="bbox 1234 470 2206 545; baseline 0 -15"><span class='ocrx_word' id='word_1_2' title='bbox 1234 475 1730 531; x_wconf 63' lang='lat' dir='ltr'><strong>concursum</strong></span> <span class='ocrx_word' id='word_1_3' title='bbox 1766 474 1835 545; x_wconf 68' lang='grc' dir='ltr'><strong>ιιι</strong></span> <span class='ocrx_word' id='word_1_4' title='bbox 1872 470 2206 530; x_wconf 75' lang='lat' dir='ltr'><strong>PSALuos.</strong></span> 
     </span>
    </p>
   </div>
   <div class='ocr_carea' id='block_1_3' title="bbox 3149 450 3305 509">
    <p class='ocr_par' dir='ltr' id='par_1_3' title="bbox 3149 450 3305 509">
     <span class='ocr_line' id='line_1_3' title="bbox 3149 450 3305 509; baseline 0 0"><span class='ocrx_word' id='word_1_5' title='bbox 3149 450 3305 509; x_wconf 63' lang='grc' dir='ltr'>ηοε-</span> 
     </span>
    </p>
   </div>
   <div class='ocr_carea' id='block_1_4' title="bbox 149 569 1700 659">
    <p class='ocr_par' dir='ltr' id='par_1_4' title="bbox 149 574 1700 659">
     <span class='ocr_line' id='line_1_4' title="bbox 149 574 1700 659; baseline -0.002 -18"><span class='ocrx_word' id='word_1_6' title='bbox 149 589 397 659; x_wconf 79' lang='grc' dir='ltr'>πράττειν</span> <span class='ocrx_word' id='word_1_7' title='bbox 418 605 470 641; x_wconf 91' lang='grc' dir='ltr'><strong>τι</strong></span> <span class='ocrx_word' id='word_1_8' title='bbox 498 588 801 658; x_wconf 81' lang='grc' dir='ltr'><strong>τολμῶντας</strong></span> <span class='ocrx_word' id='word_1_9' title='bbox 826 605 840 653; x_wconf 89' lang='grc'>;</span> <span class='ocrx_word' id='word_1_10' title='bbox 877 587 1039 640; x_wconf 80' lang='grc' dir='ltr'><strong>Πόθεν</strong></span> <span class='ocrx_word' id='word_1_11' title='bbox 1068 574 1124 639; x_wconf 73' lang='grc' dir='ltr'>δὲ</span> <span class='ocrx_word' id='word_1_12' title='bbox 1153 586 1447 657; x_wconf 79' lang='grc' dir='ltr'>ἀνθρώποις</span> <span class='ocrx_word' id='word_1_13' title='bbox 1482 588 1514 657; x_wconf 79' lang='grc' dir='ltr'><strong>η</strong></span> <span class='ocrx_word' id='word_1_14' title='bbox 1548 587 1669 655; x_wconf 74' lang='grc' dir='ltr'>περὶ</span> <span class='ocrx_word' id='word_1_15' title='bbox 1697 638 1700 646; x_wconf 40' lang='grc' dir='ltr'><strong>ε</strong></span> 
     </span>
    </p>
   </div>
   <div class='ocr_carea' id='block_1_5' title="bbox 1795 569 3289 659">
    <p class='ocr_par' dir='ltr' id='par_1_5' title="bbox 1795 569 3289 646">
     <span class='ocr_line' id='line_1_5' title="bbox 1795 569 3289 646; baseline -0.013 -7"><span class='ocrx_word' id='word_1_16' title='bbox 1795 589 1885 643; x_wconf 54' lang='grc' dir='ltr'>ιιιεί</span> <span class='ocrx_word' id='word_1_17' title='bbox 1911 588 2140 643; x_wconf 75' lang='lat' dir='ltr'><strong>fuerint?</strong></span> <span class='ocrx_word' id='word_1_18' title='bbox 2173 584 2322 639; x_wconf 83' lang='lat' dir='ltr'><strong>Unde</strong></span> <span class='ocrx_word' id='word_1_19' title='bbox 2349 581 2650 637; x_wconf 89' lang='lat' dir='ltr'><strong>hominibus</strong></span> <span class='ocrx_word' id='word_1_20' title='bbox 2679 570 2876 646; x_wconf 88' lang='lat' dir='ltr'><strong>prodiit</strong></span> <span class='ocrx_word' id='word_1_21' title='bbox 2914 569 3088 637; x_wconf 84' lang='lat' dir='ltr'><strong>omnis</strong></span> <span class='ocrx_word' id='word_1_22' title='bbox 3114 577 3166 623; x_wconf 88' lang='lat' dir='ltr'><strong>et</strong></span> <span class='ocrx_word' id='word_1_23' title='bbox 3194 583 3289 621; x_wconf 88' lang='lat' dir='ltr'><strong>cu-</strong></span> 
     </span>
    </p>
   </div>
   <div class='ocr_carea' id='block_1_6' title="bbox 150 676 1673 749">
    <p class='ocr_par' dir='ltr' id='par_1_6' title="bbox 150 676 1673 749">
     <span class='ocr_line' id='line_1_6' title="bbox 150 676 1673 749; baseline -0.001 -17"><span class='ocrx_word' id='word_1_24' title='bbox 150 679 345 742; x_wconf 74' lang='grc' dir='ltr'>παντδς</span> <span class='ocrx_word' id='word_1_25' title='bbox 373 679 671 732; x_wconf 74' lang='grc' dir='ltr'><strong>οὑτινοσοῦν</strong></span> <span class='ocrx_word' id='word_1_26' title='bbox 710 679 1021 749; x_wconf 80' lang='grc' dir='ltr'>πράγματος</span> <span class='ocrx_word' id='word_1_27' title='bbox 1049 676 1276 744; x_wconf 90' lang='grc' dir='ltr'>γνῶσις;</span> <span class='ocrx_word' id='word_1_28' title='bbox 1317 678 1472 733; x_wconf 87' lang='grc' dir='ltr'>πόθεν</span> <span class='ocrx_word' id='word_1_29' title='bbox 1504 679 1559 732; x_wconf 79' lang='lat' dir='ltr'><strong>al</strong></span> <span class='ocrx_word' id='word_1_30' title='bbox 1588 678 1673 730; x_wconf 80' lang='grc' dir='ltr'><strong>τέ-</strong></span> 
     </span>
    </p>
   </div>
   <div class='ocr_carea' id='block_1_7' title="bbox 149 767 1674 839">
    <p class='ocr_par' dir='ltr' id='par_1_7' title="bbox 149 767 1674 839">
     <span class='ocr_line' id='line_1_7' title="bbox 149 767 1674 839; baseline 0.001 -17"><span class='ocrx_word' id='word_1_31' title='bbox 149 786 301 839; x_wconf 74' lang='grc' dir='ltr'>χναις</span> <span class='ocrx_word' id='word_1_32' title='bbox 332 770 491 822; x_wconf 84' lang='grc' dir='ltr'>πόθεν</span> <span class='ocrx_word' id='word_1_33' title='bbox 516 769 619 822; x_wconf 88' lang='grc' dir='ltr'><strong>τῶν</strong></span> <span class='ocrx_word' id='word_1_34' title='bbox 640 767 948 838; x_wconf 72' lang='grc' dir='ltr'>ἐπιστημῶν</span> <span class='ocrx_word' id='word_1_35' title='bbox 973 770 1028 820; x_wconf 79' lang='grc' dir='ltr'><strong>αἱ</strong></span> <span class='ocrx_word' id='word_1_36' title='bbox 1050 768 1263 839; x_wconf 82' lang='grc' dir='ltr'><strong>θεωρία.</strong></span> <span class='ocrx_word' id='word_1_37' title='bbox 1286 792 1300 832; x_wconf 86' lang='grc'><strong>,</strong></span> <span class='ocrx_word' id='word_1_38' title='bbox 1324 769 1481 822; x_wconf 87' lang='grc' dir='ltr'>πόθεν</span> <span class='ocrx_word' id='word_1_39' title='bbox 1500 771 1545 822; x_wconf 80' lang='grc' dir='ltr'>οἱ</span> <span class='ocrx_word' id='word_1_40' title='bbox 1569 770 1674 823; x_wconf 90' lang='grc' dir='ltr'><strong>τῶν</strong></span> 
     </span>
    </p>
   </div>
   <div class='ocr_carea' id='block_1_8' title="bbox 154 842 1676 929">
    <p class='ocr_par' dir='ltr' id='par_1_8' title="bbox 154 842 1676 929">
     <span class='ocr_line' id='line_1_8' title="bbox 154 842 1676 929; baseline 0.001 -21"><span class='ocrx_word' id='word_1_41' title='bbox 154 856 482 926; x_wconf 78' lang='grc' dir='ltr'>μαθημάτων</span> <span class='ocrx_word' id='word_1_42' title='bbox 522 856 699 923; x_wconf 70' lang='grc' dir='ltr'>λόγοις</span> <span class='ocrx_word' id='word_1_43' title='bbox 734 852 818 925; x_wconf 82' lang='grc' dir='ltr'><strong>ἆρ’</strong></span> <span class='ocrx_word' id='word_1_44' title='bbox 847 857 943 908; x_wconf 83' lang='grc' dir='ltr'>οὐκ</span> <span class='ocrx_word' id='word_1_45' title='bbox 964 855 1070 909; x_wconf 81' lang='grc' dir='ltr'>άπὸ</span> <span class='ocrx_word' id='word_1_46' title='bbox 1095 842 1185 909; x_wconf 74' lang='grc' dir='ltr'>τοῦ</span> <span class='ocrx_word' id='word_1_47' title='bbox 1224 857 1676 929; x_wconf 79' lang='grc' dir='ltr'>κατασπείραντος</span> 
     </span>
    </p>
   </div>
   <div class='ocr_carea' id='block_1_9' title="bbox 152 945 1676 1016">
    <p class='ocr_par' dir='ltr' id='par_1_9' title="bbox 152 945 1676 1016">
     <span class='ocr_line' id='line_1_9' title="bbox 152 945 1676 1016; baseline 0 -19"><span class='ocrx_word' id='word_1_48' title='bbox 152 948 208 997; x_wconf 77' lang='grc' dir='ltr'>ὲν</span> <span class='ocrx_word' id='word_1_49' title='bbox 236 946 414 1008; x_wconf 81' lang='grc' dir='ltr'>αὐτοῖς</span> <span class='ocrx_word' id='word_1_50' title='bbox 458 946 552 1015; x_wconf 85' lang='grc' dir='ltr'>τὴν</span> <span class='ocrx_word' id='word_1_51' title='bbox 582 946 805 1013; x_wconf 88' lang='grc' dir='ltr'>δύναμιν</span> <span class='ocrx_word' id='word_1_52' title='bbox 840 946 936 1016; x_wconf 81' lang='grc' dir='ltr'>τῆς</span> <span class='ocrx_word' id='word_1_53' title='bbox 964 945 1162 1000; x_wconf 82' lang='grc' dir='ltr'>τούτων</span> <span class='ocrx_word' id='word_1_54' title='bbox 1204 945 1574 1015; x_wconf 55' lang='grc' dir='ltr'>καταλήψεως</span> <span class='ocrx_word' id='word_1_55' title='bbox 1614 946 1676 999; x_wconf 87' lang='grc' dir='ltr'>Τί</span> 
     </span>
    </p>
   </div>
   <div class='ocr_carea' id='block_1_10' title="bbox 149 1031 1680 1111">
    <p class='ocr_par' dir='ltr' id='par_1_10' title="bbox 149 1031 1680 1111">
     <span class='ocr_line' id='line_1_10' title="bbox 149 1031 1680 1111; baseline 0.001 -24"><span class='ocrx_word' id='word_1_56' title='bbox 149 1031 274 1099; x_wconf 79' lang='grc' dir='ltr'>οὗν;</span> <span class='ocrx_word' id='word_1_57' title='bbox 305 1036 333 1086; x_wconf 84' lang='grc' dir='ltr'>ὁ</span> <span class='ocrx_word' id='word_1_58' title='bbox 363 1034 611 1111; x_wconf 79' lang='grc' dir='ltr'>τοιαύτην</span> <span class='ocrx_word' id='word_1_59' title='bbox 647 1034 913 1106; x_wconf 77' lang='grc' dir='ltr'><strong>ἀνθρώπῳ</strong></span> <span class='ocrx_word' id='word_1_60' title='bbox 947 1036 1101 1105; x_wconf 82' lang='grc' dir='ltr'>φύσιν</span> <span class='ocrx_word' id='word_1_61' title='bbox 1123 1037 1496 1107; x_wconf 80' lang='grc' dir='ltr'><strong>χαρισάμενος,</strong></span> <span class='ocrx_word' id='word_1_62' title='bbox 1521 1038 1680 1100; x_wconf 76' lang='grc' dir='ltr'>αὐτὸς</span> 
     </span>
    </p>
   </div>
   <div class='ocr_carea' id='block_1_11' title="bbox 150 1124 1679 1197">
    <p class='ocr_par' dir='ltr' id='par_1_11' title="bbox 150 1124 1679 1197">
     <span class='ocr_line' id='line_1_11' title="bbox 150 1124 1679 1197; baseline 0.003 -21"><span class='ocrx_word' id='word_1_63' title='bbox 150 1126 430 1196; x_wconf 73' lang='grc' dir='ltr'>ἐστέρηται</span> <span class='ocrx_word' id='word_1_64' title='bbox 473 1124 856 1195; x_wconf 83' lang='grc' dir='ltr'>τῆςγνώσεως,</span> <span class='ocrx_word' id='word_1_65' title='bbox 901 1127 975 1188; x_wconf 84' lang='grc' dir='ltr'>ὡς</span> <span class='ocrx_word' id='word_1_66' title='bbox 1019 1127 1151 1197; x_wconf 84' lang='grc' dir='ltr'>μηδὲ</span> <span class='ocrx_word' id='word_1_67' title='bbox 1186 1128 1465 1195; x_wconf 82' lang='grc' dir='ltr'>γινώσκειν</span> <span class='ocrx_word' id='word_1_68' title='bbox 1494 1129 1679 1192; x_wconf 76' lang='grc' dir='ltr'>ταῦτα,</span> 
     </span>
    </p>
   </div>
   <div class='ocr_carea' id='block_1_12' title="bbox 152 1207 1683 1289">
    <p class='ocr_par' dir='ltr' id='par_1_12' title="bbox 152 1207 1683 1289">
     <span class='ocr_line' id='line_1_12' title="bbox 152 1207 1683 1289; baseline 0.003 -22"><span class='ocrx_word' id='word_1_69' title='bbox 152 1207 225 1267; x_wconf 82' lang='grc' dir='ltr'>ὧν</span> <span class='ocrx_word' id='word_1_70' title='bbox 256 1216 412 1278; x_wconf 78' lang='grc' dir='ltr'>αὐτὸς</span> <span class='ocrx_word' id='word_1_71' title='bbox 439 1217 682 1284; x_wconf 81' lang='grc' dir='ltr'><strong>τυγχάνει</strong></span> <span class='ocrx_word' id='word_1_72' title='bbox 702 1217 862 1287; x_wconf 75' lang='grc' dir='ltr'>δοτὴρ</span> <span class='ocrx_word' id='word_1_73' title='bbox 885 1233 900 1281; x_wconf 92' lang='grc'>;</span> <span class='ocrx_word' id='word_1_74' title='bbox 939 1218 1093 1271; x_wconf 73' lang='grc' dir='ltr'>Ἀλλὰ</span> <span class='ocrx_word' id='word_1_75' title='bbox 1122 1218 1226 1289; x_wconf 87' lang='lat'><strong>7&amp;9</strong></span> <span class='ocrx_word' id='word_1_76' title='bbox 1254 1219 1527 1275; x_wconf 77' lang='grc' dir='ltr'><strong>παύσασθε</strong></span> <span class='ocrx_word' id='word_1_77' title='bbox 1565 1222 1683 1272; x_wconf 75' lang='grc' dir='ltr'>ἀσεο</span> 
     </span>
    </p>
   </div>
   <div class='ocr_carea' id='block_1_13' title="bbox 151 1298 1682 1379">
    <p class='ocr_par' dir='ltr' id='par_1_13' title="bbox 151 1298 1682 1379">
     <span class='ocr_line' id='line_1_13' title="bbox 151 1298 1682 1379; baseline 0.004 -24"><span class='ocrx_word' id='word_1_78' title='bbox 151 1303 388 1368; x_wconf 77' lang='grc' dir='ltr'>σοῦντες,</span> <span class='ocrx_word' id='word_1_79' title='bbox 443 1298 487 1357; x_wconf 82' lang='grc' dir='ltr'><strong>ὦ</strong></span> <span class='ocrx_word' id='word_1_80' title='bbox 537 1305 785 1374; x_wconf 85' lang='grc' dir='ltr'>μάταιοι·</span> <span class='ocrx_word' id='word_1_81' title='bbox 834 1306 1018 1376; x_wconf 81' lang='grc' dir='ltr'>ἀληθεῖ</span> <span class='ocrx_word' id='word_1_82' title='bbox 1065 1308 1119 1360; x_wconf 79' lang='grc' dir='ltr'>δὲ</span> <span class='ocrx_word' id='word_1_83' title='bbox 1172 1309 1308 1376; x_wconf 87' lang='grc' dir='ltr'>λόγῳ</span> <span class='ocrx_word' id='word_1_84' title='bbox 1362 1308 1682 1379; x_wconf 81' lang='grc' dir='ltr'><strong>πειθόμενοι,</strong></span> 
     </span>
    </p>
   </div>
   <div class='ocr_carea' id='block_1_14' title="bbox 154 1391 1684 1465">
    <p class='ocr_par' dir='ltr' id='par_1_14' title="bbox 154 1391 1684 1465">
     <span class='ocr_line' id='line_1_14' title="bbox 154 1391 1684 1465; baseline 0.005 -23"><span class='ocrx_word' id='word_1_85' title='bbox 154 1391 347 1457; x_wconf 80' lang='grc' dir='ltr'><strong>γνῶτε,</strong></span> <span class='ocrx_word' id='word_1_86' title='bbox 380 1393 459 1445; x_wconf 81' lang='grc' dir='ltr'>ὅτι</span> <span class='ocrx_word' id='word_1_87' title='bbox 506 1395 534 1445; x_wconf 91' lang='grc' dir='ltr'><strong>ό</strong></span> <span class='ocrx_word' id='word_1_88' title='bbox 573 1394 835 1462; x_wconf 82' lang='grc' dir='ltr'><strong>φυτεύσας</strong></span> <span class='ocrx_word' id='word_1_89' title='bbox 880 1395 936 1447; x_wconf 81' lang='grc' dir='ltr'>ὲν</span> <span class='ocrx_word' id='word_1_90' title='bbox 972 1395 1267 1465; x_wconf 83' lang='grc' dir='ltr'>ἀνθρώποις</span> <span class='ocrx_word' id='word_1_91' title='bbox 1302 1397 1359 1449; x_wconf 86' lang='grc' dir='ltr'>τὸ</span> <span class='ocrx_word' id='word_1_92' title='bbox 1404 1392 1514 1460; x_wconf 82' lang='grc' dir='ltr'>οὖς,</span> <span class='ocrx_word' id='word_1_93' title='bbox 1553 1397 1684 1450; x_wconf 81' lang='grc' dir='ltr'>πολὺ</span> 
     </span>
    </p>
   </div>
   <div class='ocr_carea' id='block_1_15' title="bbox 154 1480 1686 1551">
    <p class='ocr_par' dir='ltr' id='par_1_15' title="bbox 154 1480 1686 1551">
     <span class='ocr_line' id='line_1_15' title="bbox 154 1480 1686 1551; baseline 0.003 -22"><span class='ocrx_word' id='word_1_94' title='bbox 154 1480 414 1550; x_wconf 84' lang='grc' dir='ltr'>πρότερος</span> <span class='ocrx_word' id='word_1_95' title='bbox 460 1480 617 1544; x_wconf 80' lang='grc' dir='ltr'>αὐτὸς</span> <span class='ocrx_word' id='word_1_96' title='bbox 660 1482 765 1533; x_wconf 88' lang='grc' dir='ltr'><strong>τῶν</strong></span> <span class='ocrx_word' id='word_1_97' title='bbox 810 1480 956 1551; x_wconf 84' lang='grc' dir='ltr'><strong>παρὰ</strong></span> <span class='ocrx_word' id='word_1_98' title='bbox 1005 1482 1303 1551; x_wconf 81' lang='grc' dir='ltr'>ἀνθρώποις</span> <span class='ocrx_word' id='word_1_99' title='bbox 1350 1481 1686 1551; x_wconf 81' lang='grc' dir='ltr'><strong>λαλουμένων</strong></span> 
     </span>
    </p>
   </div>
   <div class='ocr_carea' id='block_1_16' title="bbox 156 1564 1688 1639">
    <p class='ocr_par' dir='ltr' id='par_1_16' title="bbox 156 1564 1688 1639">
     <span class='ocr_line' id='line_1_16' title="bbox 156 1564 1688 1639; baseline 0.005 -24"><span class='ocrx_word' id='word_1_100' title='bbox 156 1564 444 1635; x_wconf 79' lang='grc' dir='ltr'>ἀκούσεται</span> <span class='ocrx_word' id='word_1_101' title='bbox 464 1582 478 1597; x_wconf 87' lang='grc'><strong>·</strong></span> <span class='ocrx_word' id='word_1_102' title='bbox 513 1568 605 1620; x_wconf 77' lang='grc' dir='ltr'>καὶ</span> <span class='ocrx_word' id='word_1_103' title='bbox 638 1568 699 1619; x_wconf 81' lang='grc' dir='ltr'>οὐ</span> <span class='ocrx_word' id='word_1_104' title='bbox 734 1568 888 1637; x_wconf 89' lang='grc' dir='ltr'>μόνον</span> <span class='ocrx_word' id='word_1_105' title='bbox 914 1568 1098 1637; x_wconf 76' lang='grc' dir='ltr'>ὄψεται</span> <span class='ocrx_word' id='word_1_106' title='bbox 1138 1572 1229 1622; x_wconf 80' lang='grc' dir='ltr'><strong>καὶ</strong></span> <span class='ocrx_word' id='word_1_107' title='bbox 1257 1569 1322 1622; x_wconf 82' lang='grc' dir='ltr'>τὰ</span> <span class='ocrx_word' id='word_1_108' title='bbox 1350 1571 1688 1639; x_wconf 88' lang='grc' dir='ltr'>πραττόμενα</span> 
     </span>
    </p>
   </div>
   <div class='ocr_carea' id='block_1_17' title="bbox 159 1654 1689 1730">
    <p class='ocr_par' dir='ltr' id='par_1_17' title="bbox 159 1654 1689 1730">
     <span class='ocr_line' id='line_1_17' title="bbox 159 1654 1689 1730; baseline 0.004 -24"><span class='ocrx_word' id='word_1_109' title='bbox 159 1654 477 1708; x_wconf 69' lang='grc' dir='ltr'>ἐποπτεύσει</span> <span class='ocrx_word' id='word_1_110' title='bbox 507 1658 620 1709; x_wconf 31' lang='grc' dir='ltr'>όνὲν</span> <span class='ocrx_word' id='word_1_111' title='bbox 664 1658 963 1730; x_wconf 86' lang='grc' dir='ltr'>ἀνθρώποις</span> <span class='ocrx_word' id='word_1_112' title='bbox 995 1659 1199 1722; x_wconf 82' lang='grc' dir='ltr'>πλάσας</span> <span class='ocrx_word' id='word_1_113' title='bbox 1241 1658 1529 1728; x_wconf 78' lang='grc' dir='ltr'>ὀφθαλμὸν,</span> <span class='ocrx_word' id='word_1_114' title='bbox 1558 1660 1689 1712; x_wconf 76' lang='grc' dir='ltr'>ἀλλὰ</span> 
     </span>
    </p>
   </div>
   <div class='ocr_carea' id='block_1_18' title="bbox 160 1745 1691 1821">
    <p class='ocr_par' dir='ltr' id='par_1_18' title="bbox 160 1745 1691 1821">
     <span class='ocr_line' id='line_1_18' title="bbox 160 1745 1691 1821; baseline 0.002 -24"><span class='ocrx_word' id='word_1_115' title='bbox 160 1745 252 1797; x_wconf 76' lang='grc' dir='ltr'>καὶ</span> <span class='ocrx_word' id='word_1_116' title='bbox 281 1746 379 1808; x_wconf 76' lang='grc' dir='ltr'><strong>τὰς</strong></span> <span class='ocrx_word' id='word_1_117' title='bbox 417 1746 751 1818; x_wconf 76' lang='grc' dir='ltr'>ἐνθυμήσεις,</span> <span class='ocrx_word' id='word_1_118' title='bbox 781 1748 878 1813; x_wconf 84' lang='grc' dir='ltr'><strong>τὰς</strong></span> <span class='ocrx_word' id='word_1_119' title='bbox 909 1750 987 1802; x_wconf 76' lang='grc' dir='ltr'>ἔτι</span> <span class='ocrx_word' id='word_1_120' title='bbox 1019 1749 1155 1803; x_wconf 86' lang='grc' dir='ltr'>κατὰ</span> <span class='ocrx_word' id='word_1_121' title='bbox 1197 1748 1426 1803; x_wconf 84' lang='grc' dir='ltr'>διάνοιαν</span> <span class='ocrx_word' id='word_1_122' title='bbox 1462 1765 1691 1821; x_wconf 69' lang='grc' dir='ltr'>κρυπτοτ-</span> 
     </span>
    </p>
   </div>
   <div class='ocr_carea' id='block_1_19' title="bbox 163 1835 1691 1911">
    <p class='ocr_par' dir='ltr' id='par_1_19' title="bbox 163 1835 1691 1911">
     <span class='ocr_line' id='line_1_19' title="bbox 163 1835 1691 1911; baseline 0.004 -24"><span class='ocrx_word' id='word_1_123' title='bbox 163 1835 327 1905; x_wconf 67' lang='grc' dir='ltr'>μένας</span> <span class='ocrx_word' id='word_1_124' title='bbox 352 1838 583 1907; x_wconf 82' lang='grc' dir='ltr'>συνήσει.</span> <span class='ocrx_word' id='word_1_125' title='bbox 616 1838 760 1909; x_wconf 79' lang='grc' dir='ltr'>Αὕτη</span> <span class='ocrx_word' id='word_1_126' title='bbox 787 1840 893 1910; x_wconf 91' lang='lat'><strong>7&amp;9</strong></span> <span class='ocrx_word' id='word_1_127' title='bbox 923 1840 1053 1893; x_wconf 87' lang='grc' dir='ltr'><strong>Θεοῦ</strong></span> <span class='ocrx_word' id='word_1_128' title='bbox 1085 1840 1304 1911; x_wconf 90' lang='grc' dir='ltr'>δύναμις</span> <span class='ocrx_word' id='word_1_129' title='bbox 1346 1840 1691 1908; x_wconf 85' lang='grc' dir='ltr'>γινώσκοντος</span> 
     </span>
    </p>
   </div>
   <div class='ocr_carea' id='block_1_20' title="bbox 161 1922 1689 1998">
    <p class='ocr_par' dir='ltr' id='par_1_20' title="bbox 161 1922 1689 1998">
     <span class='ocr_line' id='line_1_20' title="bbox 161 1922 1689 1998; baseline 0.003 -23"><span class='ocrx_word' id='word_1_130' title='bbox 161 1924 255 1975; x_wconf 73' lang='grc' dir='ltr'>καὶ</span> <span class='ocrx_word' id='word_1_131' title='bbox 294 1922 653 1995; x_wconf 74' lang='grc' dir='ltr'>διακρίνοντος</span> <span class='ocrx_word' id='word_1_132' title='bbox 676 1927 798 1989; x_wconf 81' lang='grc' dir='ltr'>τοὺς</span> <span class='ocrx_word' id='word_1_133' title='bbox 831 1927 1203 1998; x_wconf 84' lang='grc' dir='ltr'>διαλογισμοὺς</span> <span class='ocrx_word' id='word_1_134' title='bbox 1227 1926 1333 1980; x_wconf 89' lang='grc' dir='ltr'><strong>τῶν</strong></span> <span class='ocrx_word' id='word_1_135' title='bbox 1365 1925 1689 1997; x_wconf 84' lang='grc' dir='ltr'>ἀνθρώπων,</span> 
     </span>
    </p>
   </div>
   <div class='ocr_carea' id='block_1_21' title="bbox 159 2014 1691 2090">
    <p class='ocr_par' dir='ltr' id='par_1_21' title="bbox 159 2014 1691 2090">
     <span class='ocr_line' id='line_1_21' title="bbox 159 2014 1691 2090; baseline 0.002 -24"><span class='ocrx_word' id='word_1_136' title='bbox 159 2014 241 2067; x_wconf 69' lang='grc' dir='ltr'>ὅτι</span> <span class='ocrx_word' id='word_1_137' title='bbox 266 2016 373 2067; x_wconf 60' lang='grc' dir='ltr'><strong>είσι⁵</strong></span> <span class='ocrx_word' id='word_1_138' title='bbox 404 2018 637 2084; x_wconf 80' lang='grc' dir='ltr'><strong>μάταιοι.</strong></span> <span class='ocrx_word' id='word_1_139' title='bbox 684 2019 916 2089; x_wconf 83' lang='grc' dir='ltr'>Ἀληθῶς</span> <span class='ocrx_word' id='word_1_140' title='bbox 945 2020 1048 2090; x_wconf 91' lang='lat'><strong>7&amp;9</strong></span> <span class='ocrx_word' id='word_1_141' title='bbox 1081 2021 1225 2071; x_wconf 79' lang='grc' dir='ltr'>πᾶσα</span> <span class='ocrx_word' id='word_1_142' title='bbox 1251 2021 1283 2088; x_wconf 83' lang='grc' dir='ltr'><strong>ἡ</strong></span> <span class='ocrx_word' id='word_1_143' title='bbox 1312 2018 1461 2089; x_wconf 83' lang='grc' dir='ltr'>παρὰ</span> <span class='ocrx_word' id='word_1_144' title='bbox 1486 2018 1691 2089; x_wconf 79' lang='grc' dir='ltr'>ἀνθρώ-</span> 
     </span>
    </p>
   </div>
   <div class='ocr_carea' id='block_1_22' title="bbox 163 2107 1695 2180">
    <p class='ocr_par' dir='ltr' id='par_1_22' title="bbox 163 2107 1695 2180">
     <span class='ocr_line' id='line_1_22' title="bbox 163 2107 1695 2180; baseline 0.003 -23"><span class='ocrx_word' id='word_1_145' title='bbox 163 2121 285 2168; x_wconf 82' lang='grc' dir='ltr'>ποις</span> <span class='ocrx_word' id='word_1_146' title='bbox 330 2107 645 2177; x_wconf 78' lang='grc' dir='ltr'>νομιζομένη</span> <span class='ocrx_word' id='word_1_147' title='bbox 683 2108 922 2177; x_wconf 79' lang='grc' dir='ltr'>ἀλήθεια,</span> <span class='ocrx_word' id='word_1_148' title='bbox 968 2110 1243 2177; x_wconf 26' lang='grc' dir='ltr'>καὶνπᾶσα</span> <span class='ocrx_word' id='word_1_149' title='bbox 1286 2110 1319 2179; x_wconf 81' lang='grc' dir='ltr'>ἡ</span> <span class='ocrx_word' id='word_1_150' title='bbox 1358 2110 1484 2180; x_wconf 85' lang='grc' dir='ltr'>παρ’</span> <span class='ocrx_word' id='word_1_151' title='bbox 1517 2111 1695 2172; x_wconf 83' lang='grc' dir='ltr'>αὐτοῖς</span> 
     </span>
    </p>
   </div>
   <div class='ocr_carea' id='block_1_23' title="bbox 162 2196 1696 2270">
    <p class='ocr_par' dir='ltr' id='par_1_23' title="bbox 162 2196 1696 2270">
     <span class='ocr_line' id='line_1_23' title="bbox 162 2196 1696 2270; baseline -0.008 -5"><span class='ocrx_word' id='word_1_152' title='bbox 162 2197 342 2264; x_wconf 60' lang='grc' dir='ltr'>σοφίαν</span> <span class='ocrx_word' id='word_1_153' title='bbox 376 2198 441 2266; x_wconf 68' lang='grc' dir='ltr'><strong>ἣν</strong></span> <span class='ocrx_word' id='word_1_154' title='bbox 471 2198 528 2263; x_wconf 54' lang='grc' dir='ltr'><strong>ἒξ</strong></span> <span class='ocrx_word' id='word_1_155' title='bbox 560 2198 767 2251; x_wconf 71' lang='grc' dir='ltr'>οἶκείων</span> <span class='ocrx_word' id='word_1_156' title='bbox 795 2199 1059 2270; x_wconf 82' lang='grc' dir='ltr'>λογισμῶν</span> <span class='ocrx_word' id='word_1_157' title='bbox 1104 2200 1195 2254; x_wconf 79' lang='grc' dir='ltr'><strong>καὶ</strong></span> <span class='ocrx_word' id='word_1_158' title='bbox 1225 2200 1427 2270; x_wconf 81' lang='grc' dir='ltr'>θνητῶν</span> <span class='ocrx_word' id='word_1_159' title='bbox 1453 2196 1696 2270; x_wconf 68' lang='grc' dir='ltr'>»ἐνθυμή-</span> 
     </span>
    </p>
   </div>
   <div class='ocr_carea' id='block_1_24' title="bbox 166 2277 1696 2367">
    <p class='ocr_par' dir='ltr' id='par_1_24' title="bbox 166 2277 1696 2367">
     <span class='ocr_line' id='line_1_24' title="bbox 166 2277 1696 2367; baseline 0.003 -30"><span class='ocrx_word' id='word_1_160' title='bbox 166 2300 300 2337; x_wconf 77' lang='grc' dir='ltr'>σεων</span> <span class='ocrx_word' id='word_1_161' title='bbox 344 2286 747 2355; x_wconf 84' lang='grc' dir='ltr'>προϐάλλονται,</span> <span class='ocrx_word' id='word_1_162' title='bbox 784 2288 1009 2367; x_wconf 84' lang='grc' dir='ltr'>μάταιος</span> <span class='ocrx_word' id='word_1_163' title='bbox 1036 2289 1099 2343; x_wconf 86' lang='grc' dir='ltr'>ἂν</span> <span class='ocrx_word' id='word_1_164' title='bbox 1132 2290 1237 2362; x_wconf 87' lang='grc' dir='ltr'>είη.</span> <span class='ocrx_word' id='word_1_165' title='bbox 1268 2292 1380 2344; x_wconf 74' lang='grc' dir='ltr'><strong>Πᾶν</strong></span> <span class='ocrx_word' id='word_1_166' title='bbox 1406 2292 1511 2362; x_wconf 89' lang='lat'><strong>7&amp;9</strong></span> <span class='ocrx_word' id='word_1_167' title='bbox 1540 2277 1696 2359; x_wconf 74' lang='lat' dir='ltr'><strong>cocpr</strong></span> 
     </span>
    </p>
   </div>
   <div class='ocr_carea' id='block_1_25' title="bbox 164 2376 1733 2457">
    <p class='ocr_par' dir='ltr' id='par_1_25' title="bbox 164 2376 1733 2457">
     <span class='ocr_line' id='line_1_25' title="bbox 164 2376 1733 2457; baseline -0.004 -16"><span class='ocrx_word' id='word_1_168' title='bbox 164 2378 257 2428; x_wconf 70' lang='grc' dir='ltr'><strong>καὶ</strong></span> <span class='ocrx_word' id='word_1_169' title='bbox 297 2376 491 2447; x_wconf 76' lang='grc' dir='ltr'>ἀληθὲς</span> <span class='ocrx_word' id='word_1_170' title='bbox 530 2379 657 2448; x_wconf 85' lang='grc' dir='ltr'>παρ’</span> <span class='ocrx_word' id='word_1_171' title='bbox 688 2378 830 2449; x_wconf 79' lang='grc' dir='ltr'><strong>αὖτῷ</strong></span> <span class='ocrx_word' id='word_1_172' title='bbox 866 2379 1007 2450; x_wconf 83' lang='grc' dir='ltr'>μόνῳ</span> <span class='ocrx_word' id='word_1_173' title='bbox 1040 2381 1307 2457; x_wconf 75' lang='grc' dir='ltr'>τυγχάνει,</span> <span class='ocrx_word' id='word_1_174' title='bbox 1331 2382 1424 2435; x_wconf 74' lang='grc' dir='ltr'>καὶ</span> <span class='ocrx_word' id='word_1_175' title='bbox 1452 2382 1576 2451; x_wconf 80' lang='grc' dir='ltr'>παρ’</span> <span class='ocrx_word' id='word_1_176' title='bbox 1599 2382 1695 2434; x_wconf 88' lang='grc' dir='ltr'><strong>αὐ-</strong></span> <span class='ocrx_word' id='word_1_177' title='bbox 1730 2398 1733 2399; x_wconf 58' lang='grc'><strong><em>⁷</em></strong></span> 
     </span>
    </p>
   </div>
   <div class='ocr_carea' id='block_1_26' title="bbox 164 2463 1105 2535">
    <p class='ocr_par' dir='ltr' id='par_1_26' title="bbox 164 2463 1105 2535">
     <span class='ocr_line' id='line_1_26' title="bbox 164 2463 1105 2535; baseline 0.007 -20"><span class='ocrx_word' id='word_1_178' title='bbox 164 2463 254 2515; x_wconf 63' lang='grc' dir='ltr'><strong>τού</strong></span> <span class='ocrx_word' id='word_1_179' title='bbox 282 2465 461 2535; x_wconf 83' lang='grc' dir='ltr'>μόνοις</span> <span class='ocrx_word' id='word_1_180' title='bbox 488 2468 594 2528; x_wconf 90' lang='grc' dir='ltr'>τοῖς</span> <span class='ocrx_word' id='word_1_181' title='bbox 621 2466 787 2531; x_wconf 77' lang='grc' dir='ltr'>ἀξίοις</span> <span class='ocrx_word' id='word_1_182' title='bbox 808 2467 1023 2521; x_wconf 79' lang='grc' dir='ltr'>δίδοται.</span> <span class='ocrx_word' id='word_1_183' title='bbox 1102 2470 1105 2475; x_wconf 76' lang='grc'><em>’</em></span> 
     </span>
    </p>
   </div>
   <div class='ocr_carea' id='block_1_27' title="bbox 234 2556 1697 2632">
    <p class='ocr_par' dir='ltr' id='par_1_27' title="bbox 234 2556 1697 2632">
     <span class='ocr_line' id='line_1_27' title="bbox 234 2556 1697 2632; baseline 0.005 -22"><span class='ocrx_word' id='word_1_184' title='bbox 234 2556 530 2624; x_wconf 74' lang='grc' dir='ltr'>Μακάριος</span> <span class='ocrx_word' id='word_1_185' title='bbox 569 2559 888 2627; x_wconf 75' lang='grc' dir='ltr'>ἅνθρωπος,</span> <span class='ocrx_word' id='word_1_186' title='bbox 928 2561 998 2614; x_wconf 79' lang='grc' dir='ltr'>ὃν</span> <span class='ocrx_word' id='word_1_187' title='bbox 1029 2562 1104 2614; x_wconf 83' lang='grc' dir='ltr'><strong>ἂν</strong></span> <span class='ocrx_word' id='word_1_188' title='bbox 1136 2562 1476 2630; x_wconf 81' lang='grc' dir='ltr'>παιδεύσῃς,</span> <span class='ocrx_word' id='word_1_189' title='bbox 1506 2565 1697 2632; x_wconf 75' lang='grc' dir='ltr'>Κύριε,</span> 
     </span>
    </p>
   </div>
   <div class='ocr_carea' id='block_1_28' title="bbox 165 2646 1699 2721">
    <p class='ocr_par' dir='ltr' id='par_1_28' title="bbox 165 2646 1699 2721">
     <span class='ocr_line' id='line_1_28' title="bbox 165 2646 1699 2721; baseline 0.005 -22"><span class='ocrx_word' id='word_1_190' title='bbox 165 2646 261 2699; x_wconf 73' lang='grc' dir='ltr'>καὶ</span> <span class='ocrx_word' id='word_1_191' title='bbox 286 2649 356 2700; x_wconf 84' lang='grc' dir='ltr'>ἐκ</span> <span class='ocrx_word' id='word_1_192' title='bbox 386 2648 489 2701; x_wconf 83' lang='grc' dir='ltr'>τοῦ</span> <span class='ocrx_word' id='word_1_193' title='bbox 520 2650 701 2717; x_wconf 81' lang='grc' dir='ltr'>νόμου</span> <span class='ocrx_word' id='word_1_194' title='bbox 731 2667 843 2703; x_wconf 89' lang='grc' dir='ltr'><strong>σου</strong></span> <span class='ocrx_word' id='word_1_195' title='bbox 871 2650 1113 2717; x_wconf 77' lang='grc' dir='ltr'>διδάξῃς</span> <span class='ocrx_word' id='word_1_196' title='bbox 1147 2654 1347 2717; x_wconf 79' lang='grc' dir='ltr'>αὐτὸν,</span> <span class='ocrx_word' id='word_1_197' title='bbox 1380 2653 1485 2707; x_wconf 83' lang='grc' dir='ltr'>τοῦ</span> <span class='ocrx_word' id='word_1_198' title='bbox 1513 2654 1699 2721; x_wconf 75' lang='grc' dir='ltr'>πραῧ-</span> 
     </span>
    </p>
   </div>
   <div class='ocr_carea' id='block_1_29' title="bbox 166 2734 1701 2811">
    <p class='ocr_par' dir='ltr' id='par_1_29' title="bbox 166 2734 1701 2811">
     <span class='ocr_line' id='line_1_29' title="bbox 166 2734 1701 2811; baseline 0.005 -23"><span class='ocrx_word' id='word_1_199' title='bbox 166 2749 261 2788; x_wconf 81' lang='grc' dir='ltr'>ναι</span> <span class='ocrx_word' id='word_1_200' title='bbox 284 2734 444 2799; x_wconf 85' lang='grc' dir='ltr'>αὐτῷ</span> <span class='ocrx_word' id='word_1_201' title='bbox 476 2736 574 2803; x_wconf 68' lang='grc' dir='ltr'><strong>ἀφ’</strong></span> <span class='ocrx_word' id='word_1_202' title='bbox 600 2736 828 2805; x_wconf 80' lang='grc' dir='ltr'>ἡμερῶν</span> <span class='ocrx_word' id='word_1_203' title='bbox 851 2737 1141 2811; x_wconf 78' lang='grc' dir='ltr'>πονηρῶν,</span> <span class='ocrx_word' id='word_1_204' title='bbox 1164 2738 1272 2805; x_wconf 75' lang='grc' dir='ltr'>ἕως</span> <span class='ocrx_word' id='word_1_205' title='bbox 1300 2737 1371 2796; x_wconf 87' lang='grc' dir='ltr'>οὗ</span> <span class='ocrx_word' id='word_1_206' title='bbox 1395 2742 1578 2811; x_wconf 71' lang='grc' dir='ltr'><strong>ὀρυτῇ</strong></span> <span class='ocrx_word' id='word_1_207' title='bbox 1622 2742 1701 2808; x_wconf 78' lang='grc' dir='ltr'>τῷ</span> 
     </span>
    </p>
   </div>
   <div class='ocr_carea' id='block_1_30' title="bbox 166 2825 1701 2897">
    <p class='ocr_par' dir='ltr' id='par_1_30' title="bbox 166 2825 1701 2897">
     <span class='ocr_line' id='line_1_30' title="bbox 166 2825 1701 2897; baseline 0.007 -20"><span class='ocrx_word' id='word_1_208' title='bbox 166 2825 488 2894; x_wconf 76' lang='grc' dir='ltr'>ἁμαρτωλῷ</span> <span class='ocrx_word' id='word_1_209' title='bbox 503 2827 735 2895; x_wconf 78' lang='grc' dir='ltr'>βόθρος.</span> <span class='ocrx_word' id='word_1_210' title='bbox 766 2828 1006 2891; x_wconf 75' lang='grc' dir='ltr'>Πεισθεὶς</span> <span class='ocrx_word' id='word_1_211' title='bbox 1031 2829 1138 2897; x_wconf 77' lang='grc' dir='ltr'><strong>ἐγὼ</strong></span> <span class='ocrx_word' id='word_1_212' title='bbox 1168 2831 1259 2884; x_wconf 78' lang='grc' dir='ltr'>καὶ</span> <span class='ocrx_word' id='word_1_213' title='bbox 1284 2833 1570 2896; x_wconf 82' lang='grc' dir='ltr'>πιστεύσας</span> <span class='ocrx_word' id='word_1_214' title='bbox 1591 2837 1701 2897; x_wconf 87' lang='grc' dir='ltr'>τοῖς</span> 
     </span>
    </p>
   </div>
   <div class='ocr_carea' id='block_1_31' title="bbox 80 2916 1702 2993">
    <p class='ocr_par' dir='ltr' id='par_1_31' title="bbox 80 2916 1702 2993">
     <span class='ocr_line' id='line_1_31' title="bbox 80 2916 1702 2993; baseline 0.005 -26"><span class='ocrx_word' id='word_1_215' title='bbox 80 2972 83 2973; x_wconf 24' lang='grc' dir='ltr'><strong>ν</strong></span> <span class='ocrx_word' id='word_1_216' title='bbox 168 2916 614 2986; x_wconf 71' lang='grc' dir='ltr'>είρημὲνοις,”καὶ</span> <span class='ocrx_word' id='word_1_217' title='bbox 638 2918 718 2970; x_wconf 85' lang='grc' dir='ltr'>ὅτι</span> <span class='ocrx_word' id='word_1_218' title='bbox 741 2920 787 2970; x_wconf 87' lang='grc' dir='ltr'>οἱ</span> <span class='ocrx_word' id='word_1_219' title='bbox 805 2918 1132 2990; x_wconf 73' lang='grc' dir='ltr'>διαλογισμοὶ</span> <span class='ocrx_word' id='word_1_220' title='bbox 1148 2920 1255 2974; x_wconf 91' lang='grc' dir='ltr'><strong>τῶν</strong></span> <span class='ocrx_word' id='word_1_221' title='bbox 1275 2921 1568 2993; x_wconf 82' lang='grc' dir='ltr'>ἀνθρώπων</span> <span class='ocrx_word' id='word_1_222' title='bbox 1598 2924 1702 2975; x_wconf 76' lang='grc' dir='ltr'>εἰσὶ</span> 
     </span>
    </p>
   </div>
   <div class='ocr_carea' id='block_1_32' title="bbox 171 3007 1702 3081">
    <p class='ocr_par' dir='ltr' id='par_1_32' title="bbox 171 3007 1702 3081">
     <span class='ocr_line' id='line_1_32' title="bbox 171 3007 1702 3081; baseline 0.005 -23"><span class='ocrx_word' id='word_1_223' title='bbox 171 3007 407 3073; x_wconf 76' lang='grc' dir='ltr'>μάταιοι,</span> <span class='ocrx_word' id='word_1_224' title='bbox 438 3007 658 3071; x_wconf 74' lang='grc' dir='ltr'>εἰκότως</span> <span class='ocrx_word' id='word_1_225' title='bbox 687 3010 886 3062; x_wconf 72' lang='grc' dir='ltr'>ἐκεῖνον</span> <span class='ocrx_word' id='word_1_226' title='bbox 912 3009 1066 3078; x_wconf 87' lang='grc' dir='ltr'>μόνον</span> <span class='ocrx_word' id='word_1_227' title='bbox 1101 3011 1360 3081; x_wconf 86' lang='grc' dir='ltr'>μακάριον</span> <span class='ocrx_word' id='word_1_228' title='bbox 1384 3008 1518 3065; x_wconf 80' lang='grc' dir='ltr'>εἶναι</span> <span class='ocrx_word' id='word_1_229' title='bbox 1541 3012 1702 3081; x_wconf 79' lang='grc' dir='ltr'>ἡγοῦ-</span> 
     </span>
    </p>
   </div>
   <div class='ocr_carea' id='block_1_33' title="bbox 172 3087 1699 3167">
    <p class='ocr_par' dir='ltr' id='par_1_33' title="bbox 172 3087 1699 3167">
     <span class='ocr_line' id='line_1_33' title="bbox 172 3087 1699 3167; baseline 0.008 -26"><span class='ocrx_word' id='word_1_230' title='bbox 172 3108 289 3159; x_wconf 89' lang='grc' dir='ltr'>μαι,</span> <span class='ocrx_word' id='word_1_231' title='bbox 320 3087 366 3145; x_wconf 76' lang='grc' dir='ltr'>ὦ</span> <span class='ocrx_word' id='word_1_232' title='bbox 400 3094 589 3166; x_wconf 83' lang='grc' dir='ltr'>Κύριε,</span> <span class='ocrx_word' id='word_1_233' title='bbox 610 3096 698 3150; x_wconf 79' lang='grc' dir='ltr'>τὸν</span> <span class='ocrx_word' id='word_1_234' title='bbox 727 3096 831 3149; x_wconf 85' lang='grc' dir='ltr'><strong>ἀπὸ</strong></span> <span class='ocrx_word' id='word_1_235' title='bbox 856 3098 952 3167; x_wconf 82' lang='grc' dir='ltr'>τῆς</span> <span class='ocrx_word' id='word_1_236' title='bbox 982 3098 1079 3165; x_wconf 86' lang='grc' dir='ltr'>σῆς</span> <span class='ocrx_word' id='word_1_237' title='bbox 1109 3100 1293 3166; x_wconf 83' lang='grc' dir='ltr'>σοφίας</span> <span class='ocrx_word' id='word_1_238' title='bbox 1330 3102 1421 3152; x_wconf 77' lang='grc' dir='ltr'>καὶ</span> <span class='ocrx_word' id='word_1_239' title='bbox 1442 3100 1699 3165; x_wconf 80' lang='grc' dir='ltr'>παιδείας,</span> 
     </span>
    </p>
   </div>
   <div class='ocr_carea' id='block_1_34' title="bbox 1766 658 3289 742">
    <p class='ocr_par' dir='ltr' id='par_1_34' title="bbox 1766 658 3289 742">
     <span class='ocr_line' id='line_1_34' title="bbox 1766 658 3289 742; baseline -0.015 -14"><span class='ocrx_word' id='word_1_240' title='bbox 1766 674 1984 742; x_wconf 85' lang='lat' dir='ltr'><strong>juslibet</strong></span> <span class='ocrx_word' id='word_1_241' title='bbox 2016 674 2092 728; x_wconf 85' lang='lat' dir='ltr'><strong>rei</strong></span> <span class='ocrx_word' id='word_1_242' title='bbox 2130 664 2356 726; x_wconf 85' lang='lat' dir='ltr'><strong>notitia?</strong></span> <span class='ocrx_word' id='word_1_243' title='bbox 2389 669 2527 722; x_wconf 84' lang='lat' dir='ltr'><strong>unde</strong></span> <span class='ocrx_word' id='word_1_244' title='bbox 2550 664 2725 721; x_wconf 81' lang='lat' dir='ltr'><strong>artes?</strong></span> <span class='ocrx_word' id='word_1_245' title='bbox 2751 662 2891 716; x_wconf 90' lang='lat' dir='ltr'><strong>unde</strong></span> <span class='ocrx_word' id='word_1_246' title='bbox 2920 658 3289 714; x_wconf 85' lang='lat' dir='ltr'><strong>scientiarum</strong></span> 
     </span>
    </p>
   </div>
   <div class='ocr_carea' id='block_1_35' title="bbox 1773 746 3295 836">
    <p class='ocr_par' dir='ltr' id='par_1_35' title="bbox 1773 746 3295 836">
     <span class='ocr_line' id='line_1_35' title="bbox 1773 746 3295 836; baseline -0.016 -15"><span class='ocrx_word' id='word_1_247' title='bbox 1773 763 2199 836; x_wconf 78' lang='lat' dir='ltr'><strong>speculationes?</strong></span> <span class='ocrx_word' id='word_1_248' title='bbox 2234 761 2373 815; x_wconf 90' lang='lat' dir='ltr'><strong>unde</strong></span> <span class='ocrx_word' id='word_1_249' title='bbox 2417 757 2814 825; x_wconf 82' lang='lat' dir='ltr'><strong>disciplinarum</strong></span> <span class='ocrx_word' id='word_1_250' title='bbox 2845 746 3160 807; x_wconf 64' lang='lat' dir='ltr'><strong>sermones“!</strong></span> <span class='ocrx_word' id='word_1_251' title='bbox 3202 760 3295 797; x_wconf 49' lang='lat' dir='ltr'><strong>ana</strong></span> 
     </span>
    </p>
   </div>
   <div class='ocr_carea' id='block_1_36' title="bbox 1774 835 3296 921">
    <p class='ocr_par' dir='ltr' id='par_1_36' title="bbox 1774 835 3296 921">
     <span class='ocr_line' id='line_1_36' title="bbox 1774 835 3296 921; baseline -0.015 -10"><span class='ocrx_word' id='word_1_252' title='bbox 1774 835 1879 911; x_wconf 84' lang='lat' dir='ltr'><strong>non</strong></span> <span class='ocrx_word' id='word_1_253' title='bbox 1919 855 1985 909; x_wconf 88' lang='lat' dir='ltr'><strong>ab</strong></span> <span class='ocrx_word' id='word_1_254' title='bbox 2031 869 2098 919; x_wconf 84' lang='lat' dir='ltr'><strong>eo</strong></span> <span class='ocrx_word' id='word_1_255' title='bbox 2146 852 2237 921; x_wconf 87' lang='lat' dir='ltr'><strong>qui</strong></span> <span class='ocrx_word' id='word_1_256' title='bbox 2286 851 2541 905; x_wconf 83' lang='lat' dir='ltr'><strong>harumce</strong></span> <span class='ocrx_word' id='word_1_257' title='bbox 2586 858 2762 898; x_wconf 88' lang='lat' dir='ltr'><strong>rerum</strong></span> <span class='ocrx_word' id='word_1_258' title='bbox 2805 835 3296 906; x_wconf 83' lang='lat' dir='ltr'><strong>comprehensionis</strong></span> 
     </span>
    </p>
   </div>
   <div class='ocr_carea' id='block_1_37' title="bbox 1777 923 3298 1002">
    <p class='ocr_par' dir='ltr' id='par_1_37' title="bbox 1777 923 3298 1002">
     <span class='ocr_line' id='line_1_37' title="bbox 1777 923 3298 1002; baseline -0.017 -2"><span class='ocrx_word' id='word_1_259' title='bbox 1777 947 2077 1001; x_wconf 77' lang='lat' dir='ltr'><strong>facultatem</strong></span> <span class='ocrx_word' id='word_1_260' title='bbox 2111 942 2166 996; x_wconf 90' lang='lat' dir='ltr'><strong>in</strong></span> <span class='ocrx_word' id='word_1_261' title='bbox 2194 941 2299 995; x_wconf 86' lang='lat' dir='ltr'><strong>illis</strong></span> <span class='ocrx_word' id='word_1_262' title='bbox 2332 937 2559 993; x_wconf 73' lang='lat' dir='ltr'><strong>inserit?</strong></span> <span class='ocrx_word' id='word_1_263' title='bbox 2586 936 2720 1001; x_wconf 85' lang='lat' dir='ltr'><strong>Quid</strong></span> <span class='ocrx_word' id='word_1_264' title='bbox 2750 930 2941 1002; x_wconf 81' lang='lat' dir='ltr'><strong>igitur?</strong></span> <span class='ocrx_word' id='word_1_265' title='bbox 2966 942 3092 981; x_wconf 90' lang='lat' dir='ltr'><strong>num</strong></span> <span class='ocrx_word' id='word_1_266' title='bbox 3131 926 3176 979; x_wconf 91' lang='lat' dir='ltr'><strong>is</strong></span> <span class='ocrx_word' id='word_1_267' title='bbox 3205 923 3298 992; x_wconf 75' lang='lat' dir='ltr'><strong>qui</strong></span> 
     </span>
    </p>
   </div>
   <div class='ocr_carea' id='block_1_38' title="bbox 1776 1016 3299 1091">
    <p class='ocr_par' dir='ltr' id='par_1_38' title="bbox 1776 1016 3299 1091">
     <span class='ocr_line' id='line_1_38' title="bbox 1776 1016 3299 1091; baseline -0.016 -4"><span class='ocrx_word' id='word_1_268' title='bbox 1776 1034 1869 1087; x_wconf 82' lang='lat' dir='ltr'><strong>tali</strong></span> <span class='ocrx_word' id='word_1_269' title='bbox 1889 1032 2151 1085; x_wconf 88' lang='lat' dir='ltr'><strong>hominem</strong></span> <span class='ocrx_word' id='word_1_270' title='bbox 2168 1035 2357 1082; x_wconf 89' lang='lat' dir='ltr'><strong>natura</strong></span> <span class='ocrx_word' id='word_1_271' title='bbox 2376 1025 2609 1087; x_wconf 86' lang='lat' dir='ltr'><strong>donavit,</strong></span> <span class='ocrx_word' id='word_1_272' title='bbox 2629 1024 2742 1091; x_wconf 89' lang='lat' dir='ltr'><strong>ipse</strong></span> <span class='ocrx_word' id='word_1_273' title='bbox 2757 1016 3076 1088; x_wconf 77' lang='lat' dir='ltr'><strong>cognitionis</strong></span> <span class='ocrx_word' id='word_1_274' title='bbox 3102 1026 3299 1079; x_wconf 75' lang='lat' dir='ltr'><strong>expers</strong></span> 
     </span>
    </p>
   </div>
   <div class='ocr_carea' id='block_1_39' title="bbox 1776 1103 3302 1188">
    <p class='ocr_par' dir='ltr' id='par_1_39' title="bbox 1776 1103 3302 1188">
     <span class='ocr_line' id='line_1_39' title="bbox 1776 1103 3302 1188; baseline -0.017 -9"><span class='ocrx_word' id='word_1_275' title='bbox 1776 1124 1900 1184; x_wconf 87' lang='lat' dir='ltr'><strong>erit,</strong></span> <span class='ocrx_word' id='word_1_276' title='bbox 1933 1123 2007 1175; x_wconf 88' lang='lat' dir='ltr'><strong>ita</strong></span> <span class='ocrx_word' id='word_1_277' title='bbox 2033 1122 2090 1176; x_wconf 82' lang='lat' dir='ltr'><strong>ut</strong></span> <span class='ocrx_word' id='word_1_278' title='bbox 2124 1134 2190 1173; x_wconf 88' lang='lat' dir='ltr'><strong>ne</strong></span> <span class='ocrx_word' id='word_1_279' title='bbox 2218 1120 2331 1188; x_wconf 84' lang='lat' dir='ltr'><strong>ipsa</strong></span> <span class='ocrx_word' id='word_1_280' title='bbox 2374 1115 2609 1183; x_wconf 87' lang='lat' dir='ltr'><strong>quidem,</strong></span> <span class='ocrx_word' id='word_1_281' title='bbox 2642 1126 2870 1181; x_wconf 89' lang='lat' dir='ltr'><strong>quorum</strong></span> <span class='ocrx_word' id='word_1_282' title='bbox 2915 1109 3026 1177; x_wconf 88' lang='lat' dir='ltr'><strong>ipse</strong></span> <span class='ocrx_word' id='word_1_283' title='bbox 3077 1103 3302 1169; x_wconf 80' lang='lat' dir='ltr'><strong>largitor</strong></span> 
     </span>
    </p>
   </div>
   <div class='ocr_carea' id='block_1_40' title="bbox 1779 1194 3306 1281">
    <p class='ocr_par' dir='ltr' id='par_1_40' title="bbox 1779 1194 3306 1281">
     <span class='ocr_line' id='line_1_40' title="bbox 1779 1194 3306 1281; baseline -0.017 -14"><span class='ocrx_word' id='word_1_284' title='bbox 1779 1221 1881 1275; x_wconf 90' lang='lat' dir='ltr'><strong>est,</strong></span> <span class='ocrx_word' id='word_1_285' title='bbox 1909 1208 2231 1281; x_wconf 75' lang='lat' dir='ltr'><strong>cognoscat?</strong></span> <span class='ocrx_word' id='word_1_286' title='bbox 2265 1205 2457 1260; x_wconf 87' lang='lat' dir='ltr'><strong>Verum</strong></span> <span class='ocrx_word' id='word_1_287' title='bbox 2490 1203 2649 1270; x_wconf 87' lang='lat' dir='ltr'><strong>impie</strong></span> <span class='ocrx_word' id='word_1_288' title='bbox 2698 1197 2964 1269; x_wconf 89' lang='lat' dir='ltr'><strong>cogitandi</strong></span> <span class='ocrx_word' id='word_1_289' title='bbox 2995 1207 3054 1247; x_wconf 85' lang='lat' dir='ltr'><strong>ac</strong></span> <span class='ocrx_word' id='word_1_290' title='bbox 3082 1194 3306 1260; x_wconf 84' lang='lat' dir='ltr'><strong>loquen-</strong></span> 
     </span>
    </p>
   </div>
   <div class='ocr_carea' id='block_1_41' title="bbox 1782 1280 3305 1365">
    <p class='ocr_par' dir='ltr' id='par_1_41' title="bbox 1782 1280 3305 1365">
     <span class='ocr_line' id='line_1_41' title="bbox 1782 1280 3305 1365; baseline -0.016 -9"><span class='ocrx_word' id='word_1_291' title='bbox 1782 1301 1835 1356; x_wconf 90' lang='lat' dir='ltr'><strong>di</strong></span> <span class='ocrx_word' id='word_1_292' title='bbox 1867 1280 2021 1355; x_wconf 81' lang='lat' dir='ltr'><strong>linem</strong></span> <span class='ocrx_word' id='word_1_293' title='bbox 2051 1299 2226 1361; x_wconf 79' lang='lat' dir='ltr'><strong>facile,</strong></span> <span class='ocrx_word' id='word_1_294' title='bbox 2256 1313 2287 1351; x_wconf 93' lang='grc' dir='ltr'><strong>ο</strong></span> <span class='ocrx_word' id='word_1_295' title='bbox 2317 1294 2439 1350; x_wconf 79' lang='lat' dir='ltr'><strong>vani</strong></span> <span class='ocrx_word' id='word_1_296' title='bbox 2496 1292 2775 1346; x_wconf 77' lang='lat' dir='ltr'><strong>homines:</strong></span> <span class='ocrx_word' id='word_1_297' title='bbox 2819 1302 2883 1341; x_wconf 89' lang='lat' dir='ltr'><strong>ac</strong></span> <span class='ocrx_word' id='word_1_298' title='bbox 2911 1300 3037 1340; x_wconf 81' lang='lat' dir='ltr'><strong>vero</strong></span> <span class='ocrx_word' id='word_1_299' title='bbox 3072 1280 3305 1365; x_wconf 78' lang='lat' dir='ltr'><strong>sermoni</strong></span> 
     </span>
    </p>
   </div>
   <div class='ocr_carea' id='block_1_42' title="bbox 1782 1370 3306 1459">
    <p class='ocr_par' dir='ltr' id='par_1_42' title="bbox 1782 1370 3306 1459">
     <span class='ocr_line' id='line_1_42' title="bbox 1782 1370 3306 1459; baseline -0.016 -12"><span class='ocrx_word' id='word_1_300' title='bbox 1782 1393 2211 1459; x_wconf 88' lang='lat' dir='ltr'><strong>obtemperantes</strong></span> <span class='ocrx_word' id='word_1_301' title='bbox 2241 1388 2451 1448; x_wconf 85' lang='lat' dir='ltr'><strong>scitote,</strong></span> <span class='ocrx_word' id='word_1_302' title='bbox 2482 1397 2603 1439; x_wconf 91' lang='lat' dir='ltr'><strong>eum</strong></span> <span class='ocrx_word' id='word_1_303' title='bbox 2635 1380 2724 1450; x_wconf 88' lang='lat' dir='ltr'><strong>qui</strong></span> <span class='ocrx_word' id='word_1_304' title='bbox 2755 1376 3009 1447; x_wconf 80' lang='lat' dir='ltr'><strong>plantavit</strong></span> <span class='ocrx_word' id='word_1_305' title='bbox 3037 1386 3221 1427; x_wconf 85' lang='lat' dir='ltr'><strong>aurem</strong></span> <span class='ocrx_word' id='word_1_306' title='bbox 3250 1370 3306 1423; x_wconf 93' lang='lat' dir='ltr'><strong>in</strong></span> 
     </span>
    </p>
   </div>
   <div class='ocr_carea' id='block_1_43' title="bbox 1782 1462 3305 1544">
    <p class='ocr_par' dir='ltr' id='par_1_43' title="bbox 1782 1462 3305 1544">
     <span class='ocr_line' id='line_1_43' title="bbox 1782 1462 3305 1544; baseline -0.015 -11"><span class='ocrx_word' id='word_1_307' title='bbox 1782 1466 2106 1541; x_wconf 83' lang='lat' dir='ltr'><strong>hominibus,</strong></span> <span class='ocrx_word' id='word_1_308' title='bbox 2134 1478 2289 1544; x_wconf 89' lang='lat' dir='ltr'><strong>longe</strong></span> <span class='ocrx_word' id='word_1_309' title='bbox 2346 1473 2494 1543; x_wconf 90' lang='lat' dir='ltr'><strong>prius</strong></span> <span class='ocrx_word' id='word_1_310' title='bbox 2541 1485 2660 1540; x_wconf 64' lang='lat' dir='ltr'><strong>quae</strong></span> <span class='ocrx_word' id='word_1_311' title='bbox 2703 1469 2956 1522; x_wconf 88' lang='lat' dir='ltr'><strong>dicuntur</strong></span> <span class='ocrx_word' id='word_1_312' title='bbox 3001 1462 3305 1517; x_wconf 86' lang='lat' dir='ltr'><strong>auditurum</strong></span> 
     </span>
    </p>
   </div>
   <div class='ocr_carea' id='block_1_44' title="bbox 1784 1550 3304 1637">
    <p class='ocr_par' dir='ltr' id='par_1_44' title="bbox 1784 1550 3304 1637">
     <span class='ocr_line' id='line_1_44' title="bbox 1784 1550 3304 1637; baseline -0.016 -10"><span class='ocrx_word' id='word_1_313' title='bbox 1784 1588 1935 1637; x_wconf 84' lang='lat' dir='ltr'><strong>esse;</strong></span> <span class='ocrx_word' id='word_1_314' title='bbox 1984 1585 2048 1623; x_wconf 84' lang='lat' dir='ltr'><strong>ac</strong></span> <span class='ocrx_word' id='word_1_315' title='bbox 2089 1582 2211 1622; x_wconf 86' lang='lat' dir='ltr'><strong>eum</strong></span> <span class='ocrx_word' id='word_1_316' title='bbox 2238 1566 2327 1635; x_wconf 91' lang='lat' dir='ltr'><strong>qui</strong></span> <span class='ocrx_word' id='word_1_317' title='bbox 2360 1564 2572 1618; x_wconf 88' lang='lat' dir='ltr'><strong>oculum</strong></span> <span class='ocrx_word' id='word_1_318' title='bbox 2609 1560 2757 1614; x_wconf 80' lang='lat' dir='ltr'><strong>tinxit</strong></span> <span class='ocrx_word' id='word_1_319' title='bbox 2802 1550 3143 1616; x_wconf 85' lang='lat' dir='ltr'><strong>hominibus,</strong></span> <span class='ocrx_word' id='word_1_320' title='bbox 3174 1563 3304 1617; x_wconf 38' lang='lat' dir='ltr'><strong>,non</strong></span> 
     </span>
    </p>
   </div>
   <div class='ocr_carea' id='block_1_45' title="bbox 1786 1641 3309 1721">
    <p class='ocr_par' dir='ltr' id='par_1_45' title="bbox 1786 1641 3309 1721">
     <span class='ocr_line' id='line_1_45' title="bbox 1786 1641 3309 1721; baseline -0.017 -6"><span class='ocrx_word' id='word_1_321' title='bbox 1786 1659 1943 1714; x_wconf 90' lang='lat' dir='ltr'><strong>modo</strong></span> <span class='ocrx_word' id='word_1_322' title='bbox 1969 1658 2212 1711; x_wconf 81' lang='lat' dir='ltr'><strong>visurum</strong></span> <span class='ocrx_word' id='word_1_323' title='bbox 2250 1668 2312 1706; x_wconf 90' lang='lat' dir='ltr'><strong>ac</strong></span> <span class='ocrx_word' id='word_1_324' title='bbox 2349 1658 2496 1721; x_wconf 79' lang='lat' dir='ltr'><strong>gesta</strong></span> <span class='ocrx_word' id='word_1_325' title='bbox 2531 1654 2972 1715; x_wconf 82' lang='lat' dir='ltr'><strong>conspecturum;</strong></span> <span class='ocrx_word' id='word_1_326' title='bbox 3017 1641 3111 1695; x_wconf 86' lang='lat' dir='ltr'><strong>sed</strong></span> <span class='ocrx_word' id='word_1_327' title='bbox 3138 1649 3190 1693; x_wconf 88' lang='lat' dir='ltr'><strong>et</strong></span> <span class='ocrx_word' id='word_1_328' title='bbox 3215 1652 3309 1691; x_wconf 78' lang='lat' dir='ltr'><strong>co-</strong></span> 
     </span>
    </p>
   </div>
   <div class='ocr_carea' id='block_1_46' title="bbox 1786 1722 3307 1819">
    <p class='ocr_par' dir='ltr' id='par_1_46' title="bbox 1786 1722 3307 1819">
     <span class='ocr_line' id='line_1_46' title="bbox 1786 1722 3307 1819; baseline -0.016 -17"><span class='ocrx_word' id='word_1_329' title='bbox 1786 1748 2067 1819; x_wconf 86' lang='lat' dir='ltr'><strong>gitationes</strong></span> <span class='ocrx_word' id='word_1_330' title='bbox 2110 1743 2282 1797; x_wconf 87' lang='lat' dir='ltr'><strong>adhuc</strong></span> <span class='ocrx_word' id='word_1_331' title='bbox 2324 1741 2399 1793; x_wconf 83' lang='lat' dir='ltr'><strong>in&#39;</strong></span> <span class='ocrx_word' id='word_1_332' title='bbox 2425 1745 2601 1813; x_wconf 84' lang='lat' dir='ltr'><strong>mente</strong></span> <span class='ocrx_word' id='word_1_333' title='bbox 2648 1736 2870 1787; x_wconf 81' lang='lat' dir='ltr'><strong>latentes</strong></span> <span class='ocrx_word' id='word_1_334' title='bbox 2914 1722 3307 1783; x_wconf 80' lang='lat' dir='ltr'><strong>intellecturum</strong></span> 
     </span>
    </p>
   </div>
   <div class='ocr_carea' id='block_1_47' title="bbox 1788 1818 3312 1894">
    <p class='ocr_par' dir='ltr' id='par_1_47' title="bbox 1788 1818 3312 1894">
     <span class='ocr_line' id='line_1_47' title="bbox 1788 1818 3312 1894; baseline -0.018 0"><span class='ocrx_word' id='word_1_335' title='bbox 1788 1818 1926 1894; x_wconf 86' lang='lat' dir='ltr'><strong>esse.</strong></span> <span class='ocrx_word' id='word_1_336' title='bbox 1967 1836 2089 1890; x_wconf 64' lang='lat' dir='ltr'><strong>Haec</strong></span> <span class='ocrx_word' id='word_1_337' title='bbox 2137 1830 2481 1890; x_wconf 73' lang='lat' dir='ltr'><strong>enim&#39;virtus</strong></span> <span class='ocrx_word' id='word_1_338' title='bbox 2530 1833 2611 1882; x_wconf 84' lang='lat' dir='ltr'><strong>est</strong></span> <span class='ocrx_word' id='word_1_339' title='bbox 2647 1823 2737 1879; x_wconf 86' lang='lat' dir='ltr'><strong>Dei</strong></span> <span class='ocrx_word' id='word_1_340' title='bbox 2765 1863 2780 1886; x_wconf 87' lang='lat'><strong><em>.</em></strong></span> <span class='ocrx_word' id='word_1_341' title='bbox 2829 1818 3198 1891; x_wconf 78' lang='lat' dir='ltr'><strong>cognoscentis</strong></span> <span class='ocrx_word' id='word_1_342' title='bbox 3249 1829 3312 1868; x_wconf 90' lang='lat' dir='ltr'><strong>ac</strong></span> 
     </span>
    </p>
   </div>
   <div class='ocr_carea' id='block_1_48' title="bbox 1724 1903 3337 1993">
    <p class='ocr_par' dir='ltr' id='par_1_48' title="bbox 1724 1903 3337 1993">
     <span class='ocr_line' id='line_1_48' title="bbox 1724 1903 3337 1993; baseline -0.018 -6"><span class='ocrx_word' id='word_1_343' title='bbox 1724 1903 1763 1957; x_wconf 75' lang='grc' dir='ltr'>Β</span> <span class='ocrx_word' id='word_1_344' title='bbox 1790 1926 2141 1986; x_wconf 88' lang='lat' dir='ltr'><strong>discernentis</strong></span> <span class='ocrx_word' id='word_1_345' title='bbox 2190 1922 2539 1993; x_wconf 84' lang='lat' dir='ltr'><strong>cogitationes</strong></span> <span class='ocrx_word' id='word_1_346' title='bbox 2570 1918 2843 1973; x_wconf 86' lang='lat' dir='ltr'><strong>hominum</strong></span> <span class='ocrx_word' id='word_1_347' title='bbox 2877 1913 3124 1983; x_wconf 87' lang='lat' dir='ltr'><strong>quoniam</strong></span> <span class='ocrx_word' id='word_1_348' title='bbox 3161 1920 3337 1960; x_wconf 52' lang='lat' dir='ltr'><strong>vana}</strong></span> 
     </span>
    </p>
   </div>
   <div class='ocr_carea' id='block_1_49' title="bbox 1791 2000 3310 2083">
    <p class='ocr_par' dir='ltr' id='par_1_49' title="bbox 1791 2000 3310 2083">
     <span class='ocr_line' id='line_1_49' title="bbox 1791 2000 3310 2083; baseline -0.018 -6"><span class='ocrx_word' id='word_1_349' title='bbox 1791 2033 1938 2077; x_wconf 87' lang='lat' dir='ltr'><strong>sunt.</strong></span> <span class='ocrx_word' id='word_1_350' title='bbox 1962 2020 2163 2073; x_wconf 77' lang='lat' dir='ltr'><strong>Revera</strong></span> <span class='ocrx_word' id='word_1_351' title='bbox 2195 2015 2390 2083; x_wconf 84' lang='lat' dir='ltr'><strong>omnis.</strong></span> <span class='ocrx_word' id='word_1_352' title='bbox 2420 2022 2475 2067; x_wconf 87' lang='lat' dir='ltr'><strong>ut</strong></span> <span class='ocrx_word' id='word_1_353' title='bbox 2508 2011 2645 2080; x_wconf 87' lang='lat' dir='ltr'><strong>apud</strong></span> <span class='ocrx_word' id='word_1_354' title='bbox 2674 2009 2916 2062; x_wconf 80' lang='lat' dir='ltr'><strong>homines</strong></span> <span class='ocrx_word' id='word_1_355' title='bbox 2955 2000 3310 2064; x_wconf 81' lang='lat' dir='ltr'><strong>existimatur,</strong></span> 
     </span>
    </p>
   </div>
   <div class='ocr_carea' id='block_1_50' title="bbox 1789 2097 3315 2174">
    <p class='ocr_par' dir='ltr' id='par_1_50' title="bbox 1789 2097 3315 2174">
     <span class='ocr_line' id='line_1_50' title="bbox 1789 2097 3315 2174; baseline -0.017 -8"><span class='ocrx_word' id='word_1_356' title='bbox 1789 2112 2006 2172; x_wconf 73' lang='lat' dir='ltr'><strong>veritas,</strong></span> <span class='ocrx_word' id='word_1_357' title='bbox 2041 2107 2323 2174; x_wconf 87' lang='lat' dir='ltr'><strong>omnisque</strong></span> <span class='ocrx_word' id='word_1_358' title='bbox 2343 2104 2556 2156; x_wconf 90' lang='lat' dir='ltr'><strong>illorum</strong></span> <span class='ocrx_word' id='word_1_359' title='bbox 2588 2097 2865 2168; x_wconf 84' lang='lat' dir='ltr'><strong>sapientia,</strong></span> <span class='ocrx_word' id='word_1_360' title='bbox 2896 2108 3056 2162; x_wconf 87' lang='lat' dir='ltr'><strong>quam</strong></span> <span class='ocrx_word' id='word_1_361' title='bbox 3088 2105 3152 2146; x_wconf 79' lang='lat' dir='ltr'><strong>ex</strong></span> <span class='ocrx_word' id='word_1_362' title='bbox 3186 2102 3315 2158; x_wconf 85' lang='lat' dir='ltr'><strong>pro-</strong></span> 
     </span>
    </p>
   </div>
   <div class='ocr_carea' id='block_1_51' title="bbox 1791 2180 3317 2266">
    <p class='ocr_par' dir='ltr' id='par_1_51' title="bbox 1791 2180 3317 2266">
     <span class='ocr_line' id='line_1_51' title="bbox 1791 2180 3317 2266; baseline -0.014 -15"><span class='ocrx_word' id='word_1_363' title='bbox 1791 2197 1923 2266; x_wconf 89' lang='lat' dir='ltr'><strong>priis</strong></span> <span class='ocrx_word' id='word_1_364' title='bbox 1952 2192 2243 2248; x_wconf 85' lang='lat' dir='ltr'><strong>ratiociniis</strong></span> <span class='ocrx_word' id='word_1_365' title='bbox 2284 2198 2337 2244; x_wconf 92' lang='lat' dir='ltr'><strong>et</strong></span> <span class='ocrx_word' id='word_1_366' title='bbox 2374 2187 2688 2242; x_wconf 81' lang='lat' dir='ltr'><strong>mortalibus</strong></span> <span class='ocrx_word' id='word_1_367' title='bbox 2740 2180 3150 2252; x_wconf 85' lang='lat' dir='ltr'><strong>cogitationibus</strong></span> <span class='ocrx_word' id='word_1_368' title='bbox 3182 2191 3317 2247; x_wconf 71' lang='lat' dir='ltr'><strong>pra:-</strong></span> 
     </span>
    </p>
   </div>
   <div class='ocr_carea' id='block_1_52' title="bbox 1793 2266 3317 2349">
    <p class='ocr_par' dir='ltr' id='par_1_52' title="bbox 1793 2266 3317 2349">
     <span class='ocr_line' id='line_1_52' title="bbox 1793 2266 3317 2349; baseline -0.015 -8"><span class='ocrx_word' id='word_1_369' title='bbox 1793 2288 2003 2349; x_wconf 83' lang='lat' dir='ltr'><strong>ferunt,</strong></span> <span class='ocrx_word' id='word_1_370' title='bbox 2040 2298 2179 2338; x_wconf 81' lang='lat' dir='ltr'><strong>vana</strong></span> <span class='ocrx_word' id='word_1_371' title='bbox 2214 2288 2359 2336; x_wconf 88' lang='lat' dir='ltr'><strong>certe</strong></span> <span class='ocrx_word' id='word_1_372' title='bbox 2396 2278 2574 2334; x_wconf 82' lang='lat' dir='ltr'><strong>fuerit.</strong></span> <span class='ocrx_word' id='word_1_373' title='bbox 2605 2274 2788 2331; x_wconf 86' lang='lat' dir='ltr'><strong>Omnis</strong></span> <span class='ocrx_word' id='word_1_374' title='bbox 2818 2273 3011 2342; x_wconf 87' lang='lat' dir='ltr'><strong>quippe</strong></span> <span class='ocrx_word' id='word_1_375' title='bbox 3056 2266 3317 2337; x_wconf 84' lang='lat' dir='ltr'><strong>sapientia</strong></span> 
     </span>
    </p>
   </div>
   <div class='ocr_carea' id='block_1_53' title="bbox 1793 2358 3320 2447">
    <p class='ocr_par' dir='ltr' id='par_1_53' title="bbox 1793 2358 3320 2447">
     <span class='ocr_line' id='line_1_53' title="bbox 1793 2358 3320 2447; baseline -0.016 -11"><span class='ocrx_word' id='word_1_376' title='bbox 1793 2389 1846 2436; x_wconf 90' lang='lat' dir='ltr'><strong>et</strong></span> <span class='ocrx_word' id='word_1_377' title='bbox 1866 2380 2062 2435; x_wconf 82' lang='lat' dir='ltr'><strong>veritas</strong></span> <span class='ocrx_word' id='word_1_378' title='bbox 2085 2390 2246 2447; x_wconf 83' lang='lat' dir='ltr'><strong>penes</strong></span> <span class='ocrx_word' id='word_1_379' title='bbox 2272 2374 2444 2442; x_wconf 87' lang='lat' dir='ltr'><strong>ipsum</strong></span> <span class='ocrx_word' id='word_1_380' title='bbox 2476 2369 2647 2425; x_wconf 83' lang='lat' dir='ltr'><strong>solum</strong></span> <span class='ocrx_word' id='word_1_381' title='bbox 2679 2364 2906 2429; x_wconf 68' lang='lat' dir='ltr'><strong>exsistit,</strong></span> <span class='ocrx_word' id='word_1_382' title='bbox 2935 2368 2988 2417; x_wconf 91' lang='lat' dir='ltr'><strong>et</strong></span> <span class='ocrx_word' id='word_1_383' title='bbox 3014 2359 3080 2414; x_wconf 89' lang='lat' dir='ltr'><strong>ab</strong></span> <span class='ocrx_word' id='word_1_384' title='bbox 3106 2361 3223 2429; x_wconf 85' lang='lat' dir='ltr'><strong>ipso</strong></span> <span class='ocrx_word' id='word_1_385' title='bbox 3252 2358 3320 2412; x_wconf 69' lang='lat' dir='ltr'><strong>iis</strong></span> 
     </span>
    </p>
   </div>
   <div class='ocr_carea' id='block_1_54' title="bbox 1795 2460 3023 2538">
    <p class='ocr_par' dir='ltr' id='par_1_54' title="bbox 1795 2460 3023 2538">
     <span class='ocr_line' id='line_1_54' title="bbox 1795 2460 3023 2538; baseline -0.02 -13"><span class='ocrx_word' id='word_1_386' title='bbox 1795 2481 2000 2524; x_wconf 83' lang='lat' dir='ltr'><strong>tantum</strong></span> <span class='ocrx_word' id='word_1_387' title='bbox 2030 2468 2123 2538; x_wconf 89' lang='lat' dir='ltr'><strong>qui</strong></span> <span class='ocrx_word' id='word_1_388' title='bbox 2149 2466 2295 2537; x_wconf 83' lang='lat' dir='ltr'><strong>digni</strong></span> <span class='ocrx_word' id='word_1_389' title='bbox 2327 2471 2452 2519; x_wconf 87' lang='lat' dir='ltr'><strong>sunt</strong></span> <span class='ocrx_word' id='word_1_390' title='bbox 2485 2460 2704 2517; x_wconf 83' lang='lat' dir='ltr'><strong>inditur.</strong></span> <span class='ocrx_word' id='word_1_391' title='bbox 3022 2498 3023 2501; x_wconf 45' lang='grc' dir='ltr'><strong>η</strong></span> 
     </span>
    </p>
   </div>
   <div class='ocr_carea' id='block_1_55' title="bbox 1868 2536 3317 2619">
    <p class='ocr_par' dir='ltr' id='par_1_55' title="bbox 1868 2536 3317 2619">
     <span class='ocr_line' id='line_1_55' title="bbox 1868 2536 3317 2619; baseline -0.014 -11"><span class='ocrx_word' id='word_1_392' title='bbox 1868 2558 2027 2611; x_wconf 72' lang='lat' dir='ltr'><strong>Vsus.</strong></span> <span class='ocrx_word' id='word_1_393' title='bbox 2048 2536 2153 2619; x_wconf 65' lang='grc'><strong>⁷12,</strong></span> <span class='ocrx_word' id='word_1_394' title='bbox 2196 2536 2279 2609; x_wconf 68' lang='lat' dir='ltr'><strong>i3.</strong></span> <span class='ocrx_word' id='word_1_395' title='bbox 2324 2553 2513 2606; x_wconf 76' lang='lat' dir='ltr'><strong>Beatus</strong></span> <span class='ocrx_word' id='word_1_396' title='bbox 2562 2548 2708 2602; x_wconf 84' lang='lat' dir='ltr'><strong>homo</strong></span> <span class='ocrx_word' id='word_1_397' title='bbox 2746 2559 2892 2615; x_wconf 86' lang='lat' dir='ltr'><strong>quem</strong></span> <span class='ocrx_word' id='word_1_398' title='bbox 2937 2552 2991 2595; x_wconf 83' lang='lat' dir='ltr'><strong>tu</strong></span> <span class='ocrx_word' id='word_1_399' title='bbox 3030 2536 3317 2598; x_wconf 77' lang='lat' dir='ltr'><strong>erudieris,</strong></span> 
     </span>
    </p>
   </div>
   <div class='ocr_carea' id='block_1_56' title="bbox 1797 2626 3323 2713">
    <p class='ocr_par' dir='ltr' id='par_1_56' title="bbox 1797 2626 3323 2713">
     <span class='ocr_line' id='line_1_56' title="bbox 1797 2626 3323 2713; baseline -0.015 -10"><span class='ocrx_word' id='word_1_400' title='bbox 1797 2648 2029 2708; x_wconf 79' lang='lat' dir='ltr'><strong>Domine,</strong></span> <span class='ocrx_word' id='word_1_401' title='bbox 2061 2654 2110 2698; x_wconf 87' lang='lat' dir='ltr'><strong>et</strong></span> <span class='ocrx_word' id='word_1_402' title='bbox 2130 2644 2191 2698; x_wconf 84' lang='lat' dir='ltr'><strong>de</strong></span> <span class='ocrx_word' id='word_1_403' title='bbox 2220 2644 2324 2713; x_wconf 86' lang='lat' dir='ltr'><strong>lege</strong></span> <span class='ocrx_word' id='word_1_404' title='bbox 2357 2652 2445 2694; x_wconf 86' lang='lat' dir='ltr'><strong>tua</strong></span> <span class='ocrx_word' id='word_1_405' title='bbox 2475 2636 2706 2691; x_wconf 76' lang='lat' dir='ltr'><strong>docueris</strong></span> <span class='ocrx_word' id='word_1_406' title='bbox 2743 2651 2882 2701; x_wconf 67' lang='lat' dir='ltr'><strong>eum,</strong></span> <span class='ocrx_word' id='word_1_407' title='bbox 2911 2630 3194 2698; x_wconf 70' lang='lat' dir='ltr'><strong>utmitiges</strong></span> <span class='ocrx_word' id='word_1_408' title='bbox 3217 2626 3263 2682; x_wconf 83' lang='lat' dir='ltr'><strong>ei</strong></span> <span class='ocrx_word' id='word_1_409' title='bbox 3288 2642 3323 2680; x_wconf 81' lang='grc' dir='ltr'><strong>α</strong></span> 
     </span>
    </p>
   </div>
   <div class='ocr_carea' id='block_1_57' title="bbox 1797 2717 3325 2801">
    <p class='ocr_par' dir='ltr' id='par_1_57' title="bbox 1797 2717 3325 2801">
     <span class='ocr_line' id='line_1_57' title="bbox 1797 2717 3325 2801; baseline -0.014 -7"><span class='ocrx_word' id='word_1_410' title='bbox 1797 2740 1971 2794; x_wconf 77' lang='lat' dir='ltr'><strong>diebus</strong></span> <span class='ocrx_word' id='word_1_411' title='bbox 2010 2734 2184 2797; x_wconf 77' lang='lat' dir='ltr'><strong>malit,</strong></span> <span class='ocrx_word' id='word_1_412' title='bbox 2213 2735 2370 2787; x_wconf 80' lang='lat' dir='ltr'><strong>donec</strong></span> <span class='ocrx_word' id='word_1_413' title='bbox 2424 2731 2655 2801; x_wconf 76' lang='lat' dir='ltr'><strong>fodiatur</strong></span> <span class='ocrx_word' id='word_1_414' title='bbox 2713 2722 2970 2794; x_wconf 83' lang='lat' dir='ltr'><strong>peccatori</strong></span> <span class='ocrx_word' id='word_1_415' title='bbox 3012 2721 3175 2788; x_wconf 83' lang='lat' dir='ltr'><strong>fouea.</strong></span> <span class='ocrx_word' id='word_1_416' title='bbox 3212 2717 3325 2788; x_wconf 87' lang='lat' dir='ltr'><strong>Ego</strong></span> 
     </span>
    </p>
   </div>
   <div class='ocr_carea' id='block_1_58' title="bbox 1798 2812 3325 2902">
    <p class='ocr_par' dir='ltr' id='par_1_58' title="bbox 1798 2812 3325 2902">
     <span class='ocr_line' id='line_1_58' title="bbox 1798 2812 3325 2902; baseline -0.016 -15"><span class='ocrx_word' id='word_1_417' title='bbox 1798 2847 1960 2902; x_wconf 86' lang='lat' dir='ltr'><strong>supra</strong></span> <span class='ocrx_word' id='word_1_418' title='bbox 1989 2828 2147 2882; x_wconf 89' lang='lat' dir='ltr'><strong>dictis</strong></span> <span class='ocrx_word' id='word_1_419' title='bbox 2171 2818 2543 2893; x_wconf 78' lang='lat' dir='ltr'><strong>obtemperans</strong></span> <span class='ocrx_word' id='word_1_420' title='bbox 2572 2828 2625 2873; x_wconf 82' lang='lat' dir='ltr'><strong>et</strong></span> <span class='ocrx_word' id='word_1_421' title='bbox 2667 2816 2913 2880; x_wconf 86' lang='lat' dir='ltr'><strong>credens,</strong></span> <span class='ocrx_word' id='word_1_422' title='bbox 2945 2812 3195 2867; x_wconf 90' lang='lat' dir='ltr'><strong>nimirum</strong></span> <span class='ocrx_word' id='word_1_423' title='bbox 3231 2823 3325 2863; x_wconf 83' lang='lat' dir='ltr'><strong>co-</strong></span> 
     </span>
    </p>
   </div>
   <div class='ocr_carea' id='block_1_59' title="bbox 1800 2901 3326 2994">
    <p class='ocr_par' dir='ltr' id='par_1_59' title="bbox 1800 2901 3326 2994">
     <span class='ocr_line' id='line_1_59' title="bbox 1800 2901 3326 2994; baseline -0.015 -17"><span class='ocrx_word' id='word_1_424' title='bbox 1800 2901 2081 2994; x_wconf 84' lang='lat' dir='ltr'><strong>gitationes</strong></span> <span class='ocrx_word' id='word_1_425' title='bbox 2121 2917 2392 2972; x_wconf 85' lang='lat' dir='ltr'><strong>hominum</strong></span> <span class='ocrx_word' id='word_1_426' title='bbox 2432 2926 2598 2966; x_wconf 82' lang='lat' dir='ltr'><strong>vanas</strong></span> <span class='ocrx_word' id='word_1_427' title='bbox 2646 2923 2767 2964; x_wconf 88' lang='lat' dir='ltr'><strong>esse</strong></span> <span class='ocrx_word' id='word_1_428' title='bbox 2818 2906 2967 2961; x_wconf 91' lang='lat' dir='ltr'><strong>illum</strong></span> <span class='ocrx_word' id='word_1_429' title='bbox 2997 2904 3168 2959; x_wconf 90' lang='lat' dir='ltr'><strong>solum</strong></span> <span class='ocrx_word' id='word_1_430' title='bbox 3199 2901 3326 2955; x_wconf 81' lang='lat' dir='ltr'><strong>bea-</strong></span> 
     </span>
    </p>
   </div>
   <div class='ocr_carea' id='block_1_60' title="bbox 1801 2992 3331 3079">
    <p class='ocr_par' dir='ltr' id='par_1_60' title="bbox 1801 2992 3331 3079">
     <span class='ocr_line' id='line_1_60' title="bbox 1801 2992 3331 3079; baseline -0.015 -12"><span class='ocrx_word' id='word_1_431' title='bbox 1801 2992 1911 3067; x_wconf 82' lang='lat' dir='ltr'><strong>tum</strong></span> <span class='ocrx_word' id='word_1_432' title='bbox 1931 3013 2052 3079; x_wconf 88' lang='lat' dir='ltr'><strong>jure</strong></span> <span class='ocrx_word' id='word_1_433' title='bbox 2084 3010 2334 3071; x_wconf 88' lang='lat' dir='ltr'><strong>arbitror,</strong></span> <span class='ocrx_word' id='word_1_434' title='bbox 2368 3005 2616 3063; x_wconf 90' lang='lat' dir='ltr'><strong>Domine,</strong></span> <span class='ocrx_word' id='word_1_435' title='bbox 2664 2998 2753 3069; x_wconf 85' lang='lat' dir='ltr'><strong>qui</strong></span> <span class='ocrx_word' id='word_1_436' title='bbox 2779 3012 2845 3053; x_wconf 84' lang='lat' dir='ltr'><strong>ex</strong></span> <span class='ocrx_word' id='word_1_437' title='bbox 2874 3005 2964 3049; x_wconf 87' lang='lat' dir='ltr'><strong>tua</strong></span> <span class='ocrx_word' id='word_1_438' title='bbox 2992 2992 3247 3064; x_wconf 85' lang='lat' dir='ltr'><strong>sapientia</strong></span> <span class='ocrx_word' id='word_1_439' title='bbox 3273 3002 3331 3046; x_wconf 80' lang='lat' dir='ltr'><strong>et</strong></span> 
     </span>
    </p>
   </div>
   <div class='ocr_carea' id='block_1_61' title="bbox 1799 3085 3325 3157">
    <p class='ocr_par' dir='ltr' id='par_1_61' title="bbox 1799 3085 3325 3157">
     <span class='ocr_line' id='line_1_61' title="bbox 1799 3085 3325 3157; baseline -0.016 -1"><span class='ocrx_word' id='word_1_440' title='bbox 1799 3100 2099 3157; x_wconf 89' lang='lat' dir='ltr'><strong>eruditione</strong></span> <span class='ocrx_word' id='word_1_441' title='bbox 2128 3100 2265 3154; x_wconf 83' lang='lat' dir='ltr'><strong>velut</strong></span> <span class='ocrx_word' id='word_1_442' title='bbox 2297 3113 2360 3151; x_wconf 79' lang='lat' dir='ltr'><strong>ex</strong></span> <span class='ocrx_word' id='word_1_443' title='bbox 2398 3094 2541 3148; x_wconf 81' lang='lat' dir='ltr'><strong>fonte</strong></span> <span class='ocrx_word' id='word_1_444' title='bbox 2573 3092 2769 3146; x_wconf 91' lang='lat' dir='ltr'><strong>hausit.</strong></span> <span class='ocrx_word' id='word_1_445' title='bbox 2830 3085 3106 3153; x_wconf 86' lang='lat' dir='ltr'><strong>Quomodo</strong></span> <span class='ocrx_word' id='word_1_446' title='bbox 3147 3090 3325 3136; x_wconf 85' lang='lat' dir='ltr'><strong>autem</strong></span> 
     </span>
    </p>
   </div>
   <div class='ocr_carea' id='block_1_62' title="bbox 169 3174 1700 3284">
    <p class='ocr_par' dir='ltr' id='par_1_62' title="bbox 169 3180 1700 3284">
     <span class='ocr_line' id='line_1_62' title="bbox 169 3180 1700 3284; baseline 0.007 -51"><span class='ocrx_word' id='word_1_447' title='bbox 169 3180 364 3284; x_wconf 63' lang='grc' dir='ltr'>ῶσπερ</span> <span class='ocrx_word' id='word_1_448' title='bbox 386 3184 491 3236; x_wconf 72' lang='grc' dir='ltr'><strong>ἀπὸ</strong></span> <span class='ocrx_word' id='word_1_449' title='bbox 511 3184 702 3284; x_wconf 38' lang='grc' dir='ltr'>’πηγῇς</span> <span class='ocrx_word' id='word_1_450' title='bbox 736 3186 1220 3284; x_wconf 61' lang='grc' dir='ltr'>μεταλαμϐάνοντα.</span> <span class='ocrx_word' id='word_1_451' title='bbox 1247 3186 1373 3250; x_wconf 81' lang='grc' dir='ltr'>Πῶς</span> <span class='ocrx_word' id='word_1_452' title='bbox 1393 3188 1451 3241; x_wconf 79' lang='grc' dir='ltr'>δὲ</span> <span class='ocrx_word' id='word_1_453' title='bbox 1483 3188 1700 3258; x_wconf 86' lang='grc' dir='ltr'>μεταλά-</span> 
     </span>
    </p>
   </div>
   <div class='ocr_carea' id='block_1_63' title="bbox 1795 3174 3341 3284">
    <p class='ocr_par' dir='ltr' id='par_1_63' title="bbox 1801 3174 3341 3262">
     <span class='ocr_line' id='line_1_63' title="bbox 1801 3174 3341 3262; baseline -0.014 -16"><span class='ocrx_word' id='word_1_454' title='bbox 1801 3192 1924 3262; x_wconf 81' lang='lat' dir='ltr'><strong>quis</strong></span> <span class='ocrx_word' id='word_1_455' title='bbox 1954 3190 2269 3244; x_wconf 85' lang='lat' dir='ltr'><strong>eruditionis</strong></span> <span class='ocrx_word' id='word_1_456' title='bbox 2318 3198 2421 3241; x_wconf 76' lang='lat' dir='ltr'><strong>tua:</strong></span> <span class='ocrx_word' id='word_1_457' title='bbox 2445 3185 2708 3255; x_wconf 87' lang='lat' dir='ltr'><strong>particeps</strong></span> <span class='ocrx_word' id='word_1_458' title='bbox 2745 3180 2935 3244; x_wconf 78' lang='lat' dir='ltr'><strong>fuerit,</strong></span> <span class='ocrx_word' id='word_1_459' title='bbox 2982 3177 3088 3234; x_wconf 90' lang='lat' dir='ltr'><strong>nisi</strong></span> <span class='ocrx_word' id='word_1_460' title='bbox 3136 3174 3341 3228; x_wconf 63' lang='lat' dir='ltr'><strong>divina»</strong></span> 
     </span>
    </p>
   </div>
   <div class='ocr_carea' id='block_1_64' title="bbox 169 3256 1700 3352">
    <p class='ocr_par' dir='ltr' id='par_1_64' title="bbox 169 3256 1700 3348">
     <span class='ocr_line' id='line_1_64' title="bbox 169 3256 1700 3348; baseline 0.005 -27"><span class='ocrx_word' id='word_1_461' title='bbox 169 3268 252 3322; x_wconf 89' lang='grc' dir='ltr'><strong>ϐοι</strong></span> <span class='ocrx_word' id='word_1_462' title='bbox 276 3270 341 3322; x_wconf 78' lang='grc' dir='ltr'>ἄν</span> <span class='ocrx_word' id='word_1_463' title='bbox 369 3287 453 3334; x_wconf 86' lang='grc' dir='ltr'><strong>τις</strong></span> <span class='ocrx_word' id='word_1_464' title='bbox 477 3273 573 3342; x_wconf 79' lang='grc' dir='ltr'>τῆς</span> <span class='ocrx_word' id='word_1_465' title='bbox 601 3256 695 3341; x_wconf 62' lang='grc' dir='ltr'><strong>σῆξ</strong></span> <span class='ocrx_word' id='word_1_466' title='bbox 725 3273 963 3336; x_wconf 88' lang='grc' dir='ltr'>παιδείας</span> <span class='ocrx_word' id='word_1_467' title='bbox 992 3274 1024 3343; x_wconf 78' lang='grc' dir='ltr'>ἦ</span> <span class='ocrx_word' id='word_1_468' title='bbox 1062 3273 1139 3344; x_wconf 85' lang='grc' dir='ltr'>τῷ</span> <span class='ocrx_word' id='word_1_469' title='bbox 1170 3275 1427 3345; x_wconf 75' lang='grc' dir='ltr'>νόμῳσου</span> <span class='ocrx_word' id='word_1_470' title='bbox 1562 3277 1700 3348; x_wconf 49' lang='grc' dir='ltr'>’θείῳ</span> 
     </span>
    </p>
   </div>
   <div class='ocr_carea' id='block_1_65' title="bbox 1795 3256 3327 3352">
    <p class='ocr_par' dir='ltr' id='par_1_65' title="bbox 1802 3256 3327 3352">
     <span class='ocr_line' id='line_1_65' title="bbox 1802 3256 3327 3352; baseline -0.012 -16"><span class='ocrx_word' id='word_1_471' title='bbox 1802 3256 1934 3352; x_wconf 78' lang='lat' dir='ltr'><strong>legis</strong></span> <span class='ocrx_word' id='word_1_472' title='bbox 1961 3288 2065 3334; x_wconf 68' lang='lat' dir='ltr'><strong>tua:</strong></span> <span class='ocrx_word' id='word_1_473' title='bbox 2102 3279 2384 3349; x_wconf 84' lang='lat' dir='ltr'><strong>disciplina</strong></span> <span class='ocrx_word' id='word_1_474' title='bbox 2418 3273 2729 3347; x_wconf 85' lang='lat' dir='ltr'><strong>institutus?</strong></span> <span class='ocrx_word' id='word_1_475' title='bbox 2777 3269 2908 3325; x_wconf 84' lang='lat' dir='ltr'><strong>Nam</strong></span> <span class='ocrx_word' id='word_1_476' title='bbox 2958 3269 3078 3324; x_wconf 89' lang='lat' dir='ltr'><strong>ideo</strong></span> <span class='ocrx_word' id='word_1_477' title='bbox 3117 3264 3327 3336; x_wconf 83' lang='lat' dir='ltr'><strong>pietatis</strong></span> 
     </span>
    </p>
   </div>
   <div class='ocr_carea' id='block_1_66' title="bbox 173 3357 1705 3437">
    <p class='ocr_par' dir='ltr' id='par_1_66' title="bbox 173 3357 1705 3437">
     <span class='ocr_line' id='line_1_66' title="bbox 173 3357 1705 3437; baseline 0.008 -31"><span class='ocrx_word' id='word_1_478' title='bbox 173 3357 554 3425; x_wconf 83' lang='grc' dir='ltr'>μαθητευθείς;</span> <span class='ocrx_word' id='word_1_479' title='bbox 591 3359 685 3411; x_wconf 85' lang='grc' dir='ltr'>Διὰ</span> <span class='ocrx_word' id='word_1_480' title='bbox 712 3358 863 3412; x_wconf 81' lang='grc' dir='ltr'>τοῦτο</span> <span class='ocrx_word' id='word_1_481' title='bbox 887 3361 992 3430; x_wconf 88' lang='lat'><strong>7&amp;9</strong></span> <span class='ocrx_word' id='word_1_482' title='bbox 1020 3361 1109 3413; x_wconf 78' lang='grc' dir='ltr'><strong>καὶ</strong></span> <span class='ocrx_word' id='word_1_483' title='bbox 1146 3363 1445 3433; x_wconf 78' lang='grc' dir='ltr'>ἐγγράφους</span> <span class='ocrx_word' id='word_1_484' title='bbox 1469 3366 1705 3437; x_wconf 82' lang='grc' dir='ltr'>παρέδω-</span> 
     </span>
    </p>
   </div>
   <div class='ocr_carea' id='block_1_67' title="bbox 170 3448 1704 3525">
    <p class='ocr_par' dir='ltr' id='par_1_67' title="bbox 170 3448 1704 3525">
     <span class='ocr_line' id='line_1_67' title="bbox 170 3448 1704 3525; baseline 0.006 -27"><span class='ocrx_word' id='word_1_485' title='bbox 170 3461 272 3509; x_wconf 82' lang='grc' dir='ltr'><strong>κας</strong></span> <span class='ocrx_word' id='word_1_486' title='bbox 302 3448 579 3511; x_wconf 82' lang='grc' dir='ltr'>εὐσεϐείας</span> <span class='ocrx_word' id='word_1_487' title='bbox 608 3449 817 3519; x_wconf 86' lang='grc' dir='ltr'>νόμους,</span> <span class='ocrx_word' id='word_1_488' title='bbox 846 3454 923 3513; x_wconf 85' lang='grc' dir='ltr'><strong>είς</strong></span> <span class='ocrx_word' id='word_1_489' title='bbox 948 3451 1007 3503; x_wconf 83' lang='grc' dir='ltr'>τὸ</span> <span class='ocrx_word' id='word_1_490' title='bbox 1036 3452 1457 3521; x_wconf 85' lang='grc' dir='ltr'>μεταλαμϐάνειν</span> <span class='ocrx_word' id='word_1_491' title='bbox 1479 3453 1578 3522; x_wconf 85' lang='grc' dir='ltr'>τῆς</span> <span class='ocrx_word' id='word_1_492' title='bbox 1610 3456 1704 3525; x_wconf 83' lang='grc' dir='ltr'>σῆς</span> 
     </span>
    </p>
   </div>
   <div class='ocr_carea' id='block_1_68' title="bbox 171 3536 1705 3611">
    <p class='ocr_par' dir='ltr' id='par_1_68' title="bbox 171 3536 1705 3611">
     <span class='ocr_line' id='line_1_68' title="bbox 171 3536 1705 3611; baseline 0.007 -24"><span class='ocrx_word' id='word_1_493' title='bbox 171 3536 502 3601; x_wconf 82' lang='grc' dir='ltr'>παιδεύσεως</span> <span class='ocrx_word' id='word_1_494' title='bbox 540 3540 661 3602; x_wconf 83' lang='grc' dir='ltr'>τοὺς</span> <span class='ocrx_word' id='word_1_495' title='bbox 714 3541 1168 3611; x_wconf 83' lang='grc' dir='ltr'>μαθητευομὲνους</span> <span class='ocrx_word' id='word_1_496' title='bbox 1207 3544 1401 3606; x_wconf 84' lang='grc' dir='ltr'>αὐτοῖς.</span> <span class='ocrx_word' id='word_1_497' title='bbox 1458 3544 1705 3598; x_wconf 82' lang='grc' dir='ltr'>Διδασκό·</span> 
     </span>
    </p>
   </div>
   <div class='ocr_carea' id='block_1_69' title="bbox 174 3626 1708 3701">
    <p class='ocr_par' dir='ltr' id='par_1_69' title="bbox 174 3626 1708 3701">
     <span class='ocr_line' id='line_1_69' title="bbox 174 3626 1708 3701; baseline 0.007 -23"><span class='ocrx_word' id='word_1_498' title='bbox 174 3626 316 3695; x_wconf 86' lang='grc' dir='ltr'>μεθα</span> <span class='ocrx_word' id='word_1_499' title='bbox 339 3628 397 3679; x_wconf 80' lang='grc' dir='ltr'>δὲ</span> <span class='ocrx_word' id='word_1_500' title='bbox 416 3628 501 3681; x_wconf 77' lang='grc' dir='ltr'><strong>διά</strong></span> <span class='ocrx_word' id='word_1_501' title='bbox 526 3629 742 3692; x_wconf 79' lang='grc' dir='ltr'>τούτων,</span> <span class='ocrx_word' id='word_1_502' title='bbox 774 3632 852 3682; x_wconf 83' lang='grc' dir='ltr'>ὅτι</span> <span class='ocrx_word' id='word_1_503' title='bbox 875 3632 937 3683; x_wconf 67' lang='grc' dir='ltr'><strong>τὰ</strong></span> <span class='ocrx_word' id='word_1_504' title='bbox 964 3632 1317 3701; x_wconf 81' lang='grc' dir='ltr'>συμϐαίνοντα</span> <span class='ocrx_word' id='word_1_505' title='bbox 1343 3637 1453 3696; x_wconf 89' lang='grc' dir='ltr'>τοῖς</span> <span class='ocrx_word' id='word_1_506' title='bbox 1485 3635 1708 3699; x_wconf 88' lang='grc' dir='ltr'>δικαίοις</span> 
     </span>
    </p>
   </div>
   <div class='ocr_carea' id='block_1_70' title="bbox 171 3714 1707 3804">
    <p class='ocr_par' dir='ltr' id='par_1_70' title="bbox 171 3714 1707 3804">
     <span class='ocr_line' id='line_1_70' title="bbox 171 3714 1707 3804; baseline 0.008 -37"><span class='ocrx_word' id='word_1_507' title='bbox 171 3714 392 3804; x_wconf 62' lang='grc' dir='ltr'>λυπηρά</span> <span class='ocrx_word' id='word_1_508' title='bbox 418 3720 503 3769; x_wconf 74' lang='grc' dir='ltr'><strong>ἐπ’</strong></span> <span class='ocrx_word' id='word_1_509' title='bbox 546 3719 773 3791; x_wconf 60' lang='grc' dir='ltr'>ὠφελείᾳ</span> <span class='ocrx_word' id='word_1_510' title='bbox 823 3722 993 3774; x_wconf 82' lang='grc' dir='ltr'>αὐτῶν</span> <span class='ocrx_word' id='word_1_511' title='bbox 1034 3722 1253 3790; x_wconf 83' lang='grc' dir='ltr'>γίνεται,</span> <span class='ocrx_word' id='word_1_512' title='bbox 1295 3724 1707 3796; x_wconf 81' lang='grc' dir='ltr'>γυμναζομένων</span> 
     </span>
    </p>
   </div>
   <div class='ocr_carea' id='block_1_71' title="bbox 173 3805 1707 3884">
    <p class='ocr_par' dir='ltr' id='par_1_71' title="bbox 173 3805 1707 3884">
     <span class='ocr_line' id='line_1_71' title="bbox 173 3805 1707 3884; baseline 0.007 -25"><span class='ocrx_word' id='word_1_513' title='bbox 173 3810 268 3861; x_wconf 77' lang='grc' dir='ltr'><strong>καὶ</strong></span> <span class='ocrx_word' id='word_1_514' title='bbox 298 3805 693 3880; x_wconf 81' lang='grc' dir='ltr'>πειραζομένων</span> <span class='ocrx_word' id='word_1_515' title='bbox 715 3812 864 3884; x_wconf 87' lang='grc' dir='ltr'>δίκην</span> <span class='ocrx_word' id='word_1_516' title='bbox 885 3814 1122 3884; x_wconf 86' lang='grc' dir='ltr'>ἀθλητῶν</span> <span class='ocrx_word' id='word_1_517' title='bbox 1150 3815 1280 3868; x_wconf 87' lang='grc' dir='ltr'>Θεοῦ</span> <span class='ocrx_word' id='word_1_518' title='bbox 1311 3816 1397 3870; x_wconf 77' lang='grc' dir='ltr'><strong>διὰ</strong></span> <span class='ocrx_word' id='word_1_519' title='bbox 1417 3819 1587 3872; x_wconf 89' lang='grc' dir='ltr'>πόνων</span> <span class='ocrx_word' id='word_1_520' title='bbox 1616 3820 1707 3873; x_wconf 76' lang='grc' dir='ltr'><strong>καὶ</strong></span> 
     </span>
    </p>
   </div>
   <div class='ocr_carea' id='block_1_72' title="bbox 176 3898 1707 3979">
    <p class='ocr_par' dir='ltr' id='par_1_72' title="bbox 176 3898 1707 3979">
     <span class='ocr_line' id='line_1_72' title="bbox 176 3898 1707 3979; baseline 0.008 -28"><span class='ocrx_word' id='word_1_521' title='bbox 176 3899 264 3951; x_wconf 60' lang='grc' dir='ltr'><strong>διὰ</strong></span> <span class='ocrx_word' id='word_1_522' title='bbox 296 3898 514 3968; x_wconf 86' lang='grc' dir='ltr'>πληγῶν</span> <span class='ocrx_word' id='word_1_523' title='bbox 542 3903 597 3953; x_wconf 86' lang='grc' dir='ltr'>ὲν</span> <span class='ocrx_word' id='word_1_524' title='bbox 634 3903 870 3974; x_wconf 82' lang='grc' dir='ltr'>ὑπομονῇ</span> <span class='ocrx_word' id='word_1_525' title='bbox 913 3903 1357 3975; x_wconf 79' lang='grc' dir='ltr'>δοκιμαζομένων.</span> <span class='ocrx_word' id='word_1_526' title='bbox 1397 3907 1485 3961; x_wconf 88' lang='grc' dir='ltr'><strong>Διὸ</strong></span> <span class='ocrx_word' id='word_1_527' title='bbox 1513 3910 1572 3960; x_wconf 83' lang='grc' dir='ltr'>οὐ</span> <span class='ocrx_word' id='word_1_528' title='bbox 1606 3909 1707 3979; x_wconf 84' lang='grc' dir='ltr'><strong>χρὴ</strong></span> 
     </span>
    </p>
   </div>
   <div class='ocr_carea' id='block_1_73' title="bbox 173 3989 1709 4079">
    <p class='ocr_par' dir='ltr' id='par_1_73' title="bbox 173 3989 1709 4079">
     <span class='ocr_line' id='line_1_73' title="bbox 173 3989 1709 4079; baseline 0.007 -37"><span class='ocrx_word' id='word_1_529' title='bbox 173 3989 481 4079; x_wconf 82' lang='grc' dir='ltr'>λυπεῖσθαι,</span> <span class='ocrx_word' id='word_1_530' title='bbox 510 3993 626 4045; x_wconf 81' lang='grc' dir='ltr'>οὐδὲ</span> <span class='ocrx_word' id='word_1_531' title='bbox 646 3993 923 4064; x_wconf 81' lang='grc' dir='ltr'>ἀδημονεῖν</span> <span class='ocrx_word' id='word_1_532' title='bbox 946 3996 1039 4062; x_wconf 72' lang='grc' dir='ltr'><strong>επὶ</strong></span> <span class='ocrx_word' id='word_1_533' title='bbox 1066 3998 1174 4057; x_wconf 79' lang='grc' dir='ltr'>τοῖς</span> <span class='ocrx_word' id='word_1_534' title='bbox 1197 3999 1549 4066; x_wconf 82' lang='grc' dir='ltr'>κακουμένοις</span> <span class='ocrx_word' id='word_1_535' title='bbox 1572 4003 1709 4053; x_wconf 81' lang='grc' dir='ltr'>κατὰ</span> 
     </span>
    </p>
   </div>
   <div class='ocr_carea' id='block_1_74' title="bbox 174 4082 1709 4154">
    <p class='ocr_par' dir='ltr' id='par_1_74' title="bbox 174 4082 1709 4154">
     <span class='ocr_line' id='line_1_74' title="bbox 174 4082 1709 4154; baseline 0.007 -22"><span class='ocrx_word' id='word_1_536' title='bbox 174 4084 267 4133; x_wconf 72' lang='grc' dir='ltr'><strong>τὸν</strong></span> <span class='ocrx_word' id='word_1_537' title='bbox 301 4083 543 4151; x_wconf 87' lang='grc' dir='ltr'>παρόντα</span> <span class='ocrx_word' id='word_1_538' title='bbox 580 4082 711 4152; x_wconf 84' lang='grc' dir='ltr'>βίον,</span> <span class='ocrx_word' id='word_1_539' title='bbox 744 4085 1055 4153; x_wconf 80' lang='grc' dir='ltr'>μακαρίζειν</span> <span class='ocrx_word' id='word_1_540' title='bbox 1088 4085 1142 4135; x_wconf 86' lang='grc' dir='ltr'>δὲ</span> <span class='ocrx_word' id='word_1_541' title='bbox 1174 4084 1365 4153; x_wconf 78' lang='grc' dir='ltr'>μᾶλλον</span> <span class='ocrx_word' id='word_1_542' title='bbox 1394 4088 1603 4152; x_wconf 80' lang='grc' dir='ltr'>αὐτοὺς,</span> <span class='ocrx_word' id='word_1_543' title='bbox 1638 4091 1709 4154; x_wconf 81' lang='grc' dir='ltr'>ὡς</span> 
     </span>
    </p>
   </div>
   <div class='ocr_carea' id='block_1_75' title="bbox 175 4169 1710 4245">
    <p class='ocr_par' dir='ltr' id='par_1_75' title="bbox 175 4169 1710 4245">
     <span class='ocr_line' id='line_1_75' title="bbox 175 4169 1710 4245; baseline 0.005 -22"><span class='ocrx_word' id='word_1_544' title='bbox 175 4169 284 4223; x_wconf 70' lang='grc' dir='ltr'><strong>ὑπὸ</strong></span> <span class='ocrx_word' id='word_1_545' title='bbox 312 4169 408 4222; x_wconf 78' lang='grc' dir='ltr'><strong>τοῦ</strong></span> <span class='ocrx_word' id='word_1_546' title='bbox 429 4170 557 4222; x_wconf 87' lang='grc' dir='ltr'>Θεοῦ</span> <span class='ocrx_word' id='word_1_547' title='bbox 582 4172 984 4241; x_wconf 86' lang='grc' dir='ltr'>παιδευομένους</span> <span class='ocrx_word' id='word_1_548' title='bbox 1003 4189 1016 4202; x_wconf 89' lang='grc'>·</span> <span class='ocrx_word' id='word_1_549' title='bbox 1048 4171 1343 4239; x_wconf 80' lang='grc' dir='ltr'>Μακάριος</span> <span class='ocrx_word' id='word_1_550' title='bbox 1368 4174 1477 4245; x_wconf 84' lang='grc' dir='ltr'>γὰρ</span> <span class='ocrx_word' id='word_1_551' title='bbox 1498 4176 1710 4244; x_wconf 82' lang='grc' dir='ltr'>ἅνθρω-</span> 
     </span>
    </p>
   </div>
   <div class='ocr_carea' id='block_1_76' title="bbox 174 4260 1709 4335">
    <p class='ocr_par' dir='ltr' id='par_1_76' title="bbox 174 4260 1709 4335">
     <span class='ocr_line' id='line_1_76' title="bbox 174 4260 1709 4335; baseline 0.005 -23"><span class='ocrx_word' id='word_1_552' title='bbox 174 4275 313 4325; x_wconf 71' lang='grc' dir='ltr'>πος,</span> <span class='ocrx_word' id='word_1_553' title='bbox 346 4260 423 4312; x_wconf 74' lang='grc' dir='ltr'><strong>ὃν</strong></span> <span class='ocrx_word' id='word_1_554' title='bbox 459 4261 533 4313; x_wconf 82' lang='grc' dir='ltr'><strong>ἂν</strong></span> <span class='ocrx_word' id='word_1_555' title='bbox 561 4261 900 4329; x_wconf 72' lang='grc' dir='ltr'>παιδεύσῃς,</span> <span class='ocrx_word' id='word_1_556' title='bbox 921 4264 1120 4330; x_wconf 84' lang='grc' dir='ltr'>Κύριε;</span> <span class='ocrx_word' id='word_1_557' title='bbox 1150 4264 1246 4317; x_wconf 82' lang='grc' dir='ltr'>καὶ</span> <span class='ocrx_word' id='word_1_558' title='bbox 1289 4266 1351 4318; x_wconf 81' lang='grc' dir='ltr'>ἐκ</span> <span class='ocrx_word' id='word_1_559' title='bbox 1383 4266 1487 4318; x_wconf 81' lang='grc' dir='ltr'>τοῦ</span> <span class='ocrx_word' id='word_1_560' title='bbox 1528 4267 1709 4335; x_wconf 83' lang='grc' dir='ltr'>νόμου</span> 
     </span>
    </p>
   </div>
   <div class='ocr_carea' id='block_1_77' title="bbox 174 4340 1741 4425">
    <p class='ocr_par' dir='ltr' id='par_1_77' title="bbox 174 4340 1741 4425">
     <span class='ocr_line' id='line_1_77' title="bbox 174 4340 1741 4425; baseline 0.006 -24"><span class='ocrx_word' id='word_1_561' title='bbox 174 4364 293 4403; x_wconf 85' lang='grc' dir='ltr'><strong>σου</strong></span> <span class='ocrx_word' id='word_1_562' title='bbox 336 4348 584 4417; x_wconf 80' lang='grc' dir='ltr'>διδάξῃς</span> <span class='ocrx_word' id='word_1_563' title='bbox 618 4353 814 4405; x_wconf 81' lang='grc' dir='ltr'>αὐτόν.</span> <span class='ocrx_word' id='word_1_564' title='bbox 852 4354 909 4404; x_wconf 92' lang='lat'><strong>&#39;0</strong></span> <span class='ocrx_word' id='word_1_565' title='bbox 936 4353 1041 4422; x_wconf 87' lang='lat'><strong>7&amp;9</strong></span> <span class='ocrx_word' id='word_1_566' title='bbox 1072 4354 1445 4425; x_wconf 87' lang='grc' dir='ltr'>παιδευόμενος</span> <span class='ocrx_word' id='word_1_567' title='bbox 1476 4358 1577 4409; x_wconf 80' lang='grc' dir='ltr'><strong>ὑπὸ</strong></span> <span class='ocrx_word' id='word_1_568' title='bbox 1617 4340 1741 4418; x_wconf 8' lang='grc' dir='ltr'><strong>σοῦγς</strong></span> 
     </span>
    </p>
   </div>
   <div class='ocr_carea' id='block_1_78' title="bbox 176 4439 1708 4518">
    <p class='ocr_par' dir='ltr' id='par_1_78' title="bbox 176 4439 1708 4518">
     <span class='ocr_line' id='line_1_78' title="bbox 176 4439 1708 4518; baseline 0.005 -25"><span class='ocrx_word' id='word_1_569' title='bbox 176 4441 273 4493; x_wconf 76' lang='grc' dir='ltr'><strong>καὶ</strong></span> <span class='ocrx_word' id='word_1_570' title='bbox 298 4439 694 4511; x_wconf 88' lang='grc' dir='ltr'>διδασκόμενος,</span> <span class='ocrx_word' id='word_1_571' title='bbox 731 4443 1019 4512; x_wconf 78' lang='grc' dir='ltr'>πραΰνεται</span> <span class='ocrx_word' id='word_1_572' title='bbox 1056 4444 1111 4497; x_wconf 82' lang='grc' dir='ltr'>ὲν</span> <span class='ocrx_word' id='word_1_573' title='bbox 1141 4449 1255 4509; x_wconf 75' lang='grc' dir='ltr'>ταῖς</span> <span class='ocrx_word' id='word_1_574' title='bbox 1286 4451 1539 4518; x_wconf 83' lang='grc' dir='ltr'>πονηραῖς</span> <span class='ocrx_word' id='word_1_575' title='bbox 1574 4449 1708 4518; x_wconf 79' lang='grc' dir='ltr'><strong>ἡμέ-</strong></span> 
     </span>
    </p>
   </div>
   <div class='ocr_carea' id='block_1_79' title="bbox 1804 3358 3327 3443">
    <p class='ocr_par' dir='ltr' id='par_1_79' title="bbox 1804 3358 3327 3443">
     <span class='ocr_line' id='line_1_79' title="bbox 1804 3358 3327 3443; baseline -0.014 -14"><span class='ocrx_word' id='word_1_576' title='bbox 1804 3374 1949 3443; x_wconf 82' lang='lat' dir='ltr'><strong>leges</strong></span> <span class='ocrx_word' id='word_1_577' title='bbox 1993 3370 2191 3441; x_wconf 82' lang='lat' dir='ltr'><strong>scripto</strong></span> <span class='ocrx_word' id='word_1_578' title='bbox 2240 3367 2543 3428; x_wconf 87' lang='lat' dir='ltr'><strong>tradidisti,</strong></span> <span class='ocrx_word' id='word_1_579' title='bbox 2602 3372 2658 3418; x_wconf 93' lang='lat' dir='ltr'><strong>ut</strong></span> <span class='ocrx_word' id='word_1_580' title='bbox 2712 3364 2815 3433; x_wconf 86' lang='lat' dir='ltr'><strong>qui</strong></span> <span class='ocrx_word' id='word_1_581' title='bbox 2879 3363 2986 3416; x_wconf 91' lang='lat' dir='ltr'><strong>illis</strong></span> <span class='ocrx_word' id='word_1_582' title='bbox 3040 3358 3327 3435; x_wconf 85' lang='lat' dir='ltr'><strong>instituun-</strong></span> 
     </span>
    </p>
   </div>
   <div class='ocr_carea' id='block_1_80' title="bbox 1772 3449 3323 3531">
    <p class='ocr_par' dir='ltr' id='par_1_80' title="bbox 1772 3449 3323 3531">
     <span class='ocr_line' id='line_1_80' title="bbox 1772 3449 3323 3531; baseline -0.012 -12"><span class='ocrx_word' id='word_1_583' title='bbox 1772 3526 1775 3531; x_wconf 91' lang='lat'>_</span> <span class='ocrx_word' id='word_1_584' title='bbox 1806 3474 1914 3528; x_wconf 86' lang='lat' dir='ltr'><strong>tur,</strong></span> <span class='ocrx_word' id='word_1_585' title='bbox 1945 3461 2257 3518; x_wconf 83' lang='lat' dir='ltr'><strong>eruditionis</strong></span> <span class='ocrx_word' id='word_1_586' title='bbox 2297 3469 2399 3513; x_wconf 72' lang='lat' dir='ltr'><strong>tua:</strong></span> <span class='ocrx_word' id='word_1_587' title='bbox 2435 3456 2722 3527; x_wconf 87' lang='lat' dir='ltr'><strong>participes</strong></span> <span class='ocrx_word' id='word_1_588' title='bbox 2751 3457 2879 3509; x_wconf 89' lang='lat' dir='ltr'><strong>sint.</strong></span> <span class='ocrx_word' id='word_1_589' title='bbox 2912 3452 3007 3506; x_wconf 85' lang='lat' dir='ltr'><strong>His</strong></span> <span class='ocrx_word' id='word_1_590' title='bbox 3054 3465 3181 3505; x_wconf 86' lang='lat' dir='ltr'><strong>vero</strong></span> <span class='ocrx_word' id='word_1_591' title='bbox 3224 3449 3323 3502; x_wconf 85' lang='lat' dir='ltr'><strong>do-</strong></span> 
     </span>
    </p>
   </div>
   <div class='ocr_carea' id='block_1_81' title="bbox 1808 3541 3325 3617">
    <p class='ocr_par' dir='ltr' id='par_1_81' title="bbox 1808 3541 3325 3617">
     <span class='ocr_line' id='line_1_81' title="bbox 1808 3541 3325 3617; baseline -0.013 -8"><span class='ocrx_word' id='word_1_592' title='bbox 1808 3569 1990 3609; x_wconf 84' lang='lat' dir='ltr'><strong>cemur</strong></span> <span class='ocrx_word' id='word_1_593' title='bbox 2012 3550 2185 3607; x_wconf 87' lang='lat' dir='ltr'><strong>tristia</strong></span> <span class='ocrx_word' id='word_1_594' title='bbox 2236 3548 2347 3612; x_wconf 87' lang='lat' dir='ltr'><strong>illa,</strong></span> <span class='ocrx_word' id='word_1_595' title='bbox 2379 3562 2497 3617; x_wconf 72' lang='lat' dir='ltr'><strong>quae</strong></span> <span class='ocrx_word' id='word_1_596' title='bbox 2531 3545 2692 3614; x_wconf 80' lang='lat' dir='ltr'><strong>justis</strong></span> <span class='ocrx_word' id='word_1_597' title='bbox 2740 3544 3010 3605; x_wconf 88' lang='lat' dir='ltr'><strong>accidunt,</strong></span> <span class='ocrx_word' id='word_1_598' title='bbox 3035 3541 3101 3595; x_wconf 90' lang='lat' dir='ltr'><strong>ad</strong></span> <span class='ocrx_word' id='word_1_599' title='bbox 3145 3552 3325 3594; x_wconf 88' lang='lat' dir='ltr'><strong>eorum</strong></span> 
     </span>
    </p>
   </div>
   <div class='ocr_carea' id='block_1_82' title="bbox 1808 3630 3326 3705">
    <p class='ocr_par' dir='ltr' id='par_1_82' title="bbox 1808 3630 3326 3705">
     <span class='ocr_line' id='line_1_82' title="bbox 1808 3630 3326 3705; baseline -0.011 -8"><span class='ocrx_word' id='word_1_600' title='bbox 1808 3643 2087 3701; x_wconf 85' lang='lat' dir='ltr'><strong>utilitatem</strong></span> <span class='ocrx_word' id='word_1_601' title='bbox 2106 3630 2233 3695; x_wconf 89' lang='lat' dir='ltr'><strong>esse</strong></span> <span class='ocrx_word' id='word_1_602' title='bbox 2264 3657 2277 3705; x_wconf 92' lang='lat'><strong>;</strong></span> <span class='ocrx_word' id='word_1_603' title='bbox 2315 3640 2481 3692; x_wconf 89' lang='lat' dir='ltr'><strong>instar</strong></span> <span class='ocrx_word' id='word_1_604' title='bbox 2507 3638 2647 3691; x_wconf 87' lang='lat' dir='ltr'><strong>enim</strong></span> <span class='ocrx_word' id='word_1_605' title='bbox 2679 3635 3004 3688; x_wconf 83' lang='lat' dir='ltr'><strong>athletarum</strong></span> <span class='ocrx_word' id='word_1_606' title='bbox 3035 3631 3151 3693; x_wconf 88' lang='lat' dir='ltr'><strong>Dei,</strong></span> <span class='ocrx_word' id='word_1_607' title='bbox 3177 3630 3326 3682; x_wconf 81' lang='lat' dir='ltr'><strong>labo-</strong></span> 
     </span>
    </p>
   </div>
   <div class='ocr_carea' id='block_1_83' title="bbox 1808 3719 3329 3793">
    <p class='ocr_par' dir='ltr' id='par_1_83' title="bbox 1808 3719 3329 3793">
     <span class='ocr_line' id='line_1_83' title="bbox 1808 3719 3329 3793; baseline -0.014 -2"><span class='ocrx_word' id='word_1_608' title='bbox 1808 3734 1958 3791; x_wconf 80' lang='lat' dir='ltr'><strong>ribus</strong></span> <span class='ocrx_word' id='word_1_609' title='bbox 2008 3733 2371 3785; x_wconf 82' lang='lat' dir='ltr'><strong>exercitantur</strong></span> <span class='ocrx_word' id='word_1_610' title='bbox 2397 3743 2462 3782; x_wconf 88' lang='lat' dir='ltr'><strong>ac</strong></span> <span class='ocrx_word' id='word_1_611' title='bbox 2507 3733 2804 3789; x_wconf 86' lang='lat' dir='ltr'><strong>tentantur,</strong></span> <span class='ocrx_word' id='word_1_612' title='bbox 2838 3722 3113 3793; x_wconf 80' lang='lat' dir='ltr'><strong>plagisque</strong></span> <span class='ocrx_word' id='word_1_613' title='bbox 3145 3719 3199 3771; x_wconf 90' lang='lat' dir='ltr'><strong>in</strong></span> <span class='ocrx_word' id='word_1_614' title='bbox 3232 3733 3329 3786; x_wconf 90' lang='lat' dir='ltr'><strong>pa-</strong></span> 
     </span>
    </p>
   </div>
   <div class='ocr_carea' id='block_1_84' title="bbox 1808 3810 3332 3890">
    <p class='ocr_par' dir='ltr' id='par_1_84' title="bbox 1808 3810 3332 3890">
     <span class='ocr_line' id='line_1_84' title="bbox 1808 3810 3332 3890; baseline -0.009 -14"><span class='ocrx_word' id='word_1_615' title='bbox 1808 3822 2002 3884; x_wconf 78' lang='lat' dir='ltr'><strong>tientia</strong></span> <span class='ocrx_word' id='word_1_616' title='bbox 2018 3822 2328 3890; x_wconf 80' lang='lat' dir='ltr'><strong>probantur.</strong></span> <span class='ocrx_word' id='word_1_617' title='bbox 2366 3818 2696 3888; x_wconf 84' lang='lat' dir='ltr'><strong>Quapropter</strong></span> <span class='ocrx_word' id='word_1_618' title='bbox 2728 3812 3094 3885; x_wconf 85' lang='lat' dir='ltr'><strong>iugrucntibus</strong></span> <span class='ocrx_word' id='word_1_619' title='bbox 3123 3810 3178 3862; x_wconf 92' lang='lat' dir='ltr'><strong>in</strong></span> <span class='ocrx_word' id='word_1_620' title='bbox 3202 3823 3332 3879; x_wconf 59' lang='lat' dir='ltr'><strong>prato</strong></span> 
     </span>
    </p>
   </div>
   <div class='ocr_carea' id='block_1_85' title="bbox 1810 3898 3332 3976">
    <p class='ocr_par' dir='ltr' id='par_1_85' title="bbox 1810 3898 3332 3976">
     <span class='ocr_line' id='line_1_85' title="bbox 1810 3898 3332 3976; baseline -0.011 -8"><span class='ocrx_word' id='word_1_621' title='bbox 1810 3912 1947 3968; x_wconf 86' lang='lat' dir='ltr'><strong>senti</strong></span> <span class='ocrx_word' id='word_1_622' title='bbox 1977 3913 2083 3976; x_wconf 71' lang='lat' dir='ltr'><strong>vita</strong></span> <span class='ocrx_word' id='word_1_623' title='bbox 2112 3911 2528 3972; x_wconf 85' lang='lat' dir='ltr'><strong>calamitatibus,</strong></span> <span class='ocrx_word' id='word_1_624' title='bbox 2563 3922 2669 3960; x_wconf 90' lang='lat' dir='ltr'><strong>non</strong></span> <span class='ocrx_word' id='word_1_625' title='bbox 2699 3903 2982 3958; x_wconf 88' lang='lat' dir='ltr'><strong>dolendum</strong></span> <span class='ocrx_word' id='word_1_626' title='bbox 3011 3914 3110 3955; x_wconf 91' lang='lat' dir='ltr'><strong>nec</strong></span> <span class='ocrx_word' id='word_1_627' title='bbox 3140 3898 3332 3968; x_wconf 85' lang='lat' dir='ltr'><strong>despe-</strong></span> 
     </span>
    </p>
   </div>
   <div class='ocr_carea' id='block_1_86' title="bbox 1810 3978 3334 4070">
    <p class='ocr_par' dir='ltr' id='par_1_86' title="bbox 1810 3978 3334 4070">
     <span class='ocr_line' id='line_1_86' title="bbox 1810 3978 3334 4070; baseline -0.01 -13"><span class='ocrx_word' id='word_1_628' title='bbox 1810 4003 2036 4059; x_wconf 87' lang='lat' dir='ltr'><strong>randum</strong></span> <span class='ocrx_word' id='word_1_629' title='bbox 2064 4010 2176 4067; x_wconf 86' lang='lat' dir='ltr'><strong>est;</strong></span> <span class='ocrx_word' id='word_1_630' title='bbox 2215 4002 2321 4054; x_wconf 89' lang='lat' dir='ltr'><strong>imo</strong></span> <span class='ocrx_word' id='word_1_631' title='bbox 2343 4001 2521 4070; x_wconf 87' lang='lat' dir='ltr'><strong>potius</strong></span> <span class='ocrx_word' id='word_1_632' title='bbox 2552 3998 2671 4051; x_wconf 90' lang='lat' dir='ltr'><strong>illos</strong></span> <span class='ocrx_word' id='word_1_633' title='bbox 2700 3978 2884 4051; x_wconf 83' lang='lat' dir='ltr'><strong>beatos</strong></span> <span class='ocrx_word' id='word_1_634' title='bbox 2910 3993 3175 4048; x_wconf 66' lang='lat' dir='ltr'><strong>aestimare</strong></span> <span class='ocrx_word' id='word_1_635' title='bbox 3203 4005 3334 4043; x_wconf 89' lang='lat' dir='ltr'><strong>con-</strong></span> 
     </span>
    </p>
   </div>
   <div class='ocr_carea' id='block_1_87' title="bbox 1812 4083 3331 4162">
    <p class='ocr_par' dir='ltr' id='par_1_87' title="bbox 1812 4083 3331 4162">
     <span class='ocr_line' id='line_1_87' title="bbox 1812 4083 3331 4162; baseline -0.01 -13"><span class='ocrx_word' id='word_1_636' title='bbox 1812 4095 1977 4157; x_wconf 81' lang='lat' dir='ltr'><strong>venit,</strong></span> <span class='ocrx_word' id='word_1_637' title='bbox 2020 4092 2213 4162; x_wconf 85' lang='lat' dir='ltr'><strong>quoda</strong></span> <span class='ocrx_word' id='word_1_638' title='bbox 2253 4089 2359 4144; x_wconf 89' lang='lat' dir='ltr'><strong>Deo</strong></span> <span class='ocrx_word' id='word_1_639' title='bbox 2398 4089 2713 4143; x_wconf 87' lang='lat' dir='ltr'><strong>erudiantur</strong></span> <span class='ocrx_word' id='word_1_640' title='bbox 2746 4104 2761 4141; x_wconf 88' lang='lat'><strong>:</strong></span> <span class='ocrx_word' id='word_1_641' title='bbox 2792 4099 2916 4139; x_wconf 91' lang='lat' dir='ltr'><strong>nam</strong></span> <span class='ocrx_word' id='word_1_642' title='bbox 2964 4084 3141 4137; x_wconf 76' lang='lat' dir='ltr'><strong>beatus</strong></span> <span class='ocrx_word' id='word_1_643' title='bbox 3180 4083 3331 4134; x_wconf 86' lang='lat' dir='ltr'><strong>homo</strong></span> 
     </span>
    </p>
   </div>
   <div class='ocr_carea' id='block_1_88' title="bbox 1810 4162 3331 4253">
    <p class='ocr_par' dir='ltr' id='par_1_88' title="bbox 1810 4162 3331 4253">
     <span class='ocr_line' id='line_1_88' title="bbox 1810 4162 3331 4253; baseline -0.009 -16"><span class='ocrx_word' id='word_1_644' title='bbox 1810 4198 1960 4253; x_wconf 82' lang='lat' dir='ltr'><strong>quem</strong></span> <span class='ocrx_word' id='word_1_645' title='bbox 2004 4192 2059 4235; x_wconf 85' lang='lat' dir='ltr'><strong>tu</strong></span> <span class='ocrx_word' id='word_1_646' title='bbox 2094 4182 2342 4235; x_wconf 69' lang='lat' dir='ltr'><strong>erudierit</strong></span> <span class='ocrx_word' id='word_1_647' title='bbox 2392 4178 2630 4244; x_wconf 78' lang='lat' dir='ltr'><strong>Domine,</strong></span> <span class='ocrx_word' id='word_1_648' title='bbox 2657 4162 2705 4231; x_wconf 71' lang='lat' dir='ltr'><strong>et</strong></span> <span class='ocrx_word' id='word_1_649' title='bbox 2751 4175 2814 4229; x_wconf 87' lang='lat' dir='ltr'><strong>de</strong></span> <span class='ocrx_word' id='word_1_650' title='bbox 2850 4176 2956 4236; x_wconf 77' lang='lat' dir='ltr'><strong>leae</strong></span> <span class='ocrx_word' id='word_1_651' title='bbox 2984 4185 3072 4226; x_wconf 80' lang='lat' dir='ltr'><strong>tua</strong></span> <span class='ocrx_word' id='word_1_652' title='bbox 3099 4172 3331 4225; x_wconf 75' lang='lat' dir='ltr'><strong>docueris</strong></span> 
     </span>
    </p>
   </div>
   <div class='ocr_carea' id='block_1_89' title="bbox 1811 4264 3333 4339">
    <p class='ocr_par' dir='ltr' id='par_1_89' title="bbox 1811 4264 3333 4339">
     <span class='ocr_line' id='line_1_89' title="bbox 1811 4264 3333 4339; baseline -0.009 -12"><span class='ocrx_word' id='word_1_653' title='bbox 1811 4289 1946 4327; x_wconf 75' lang='lat' dir='ltr'><strong>eum.</strong></span> <span class='ocrx_word' id='word_1_654' title='bbox 1982 4271 2185 4325; x_wconf 86' lang='lat' dir='ltr'><strong>Etenim</strong></span> <span class='ocrx_word' id='word_1_655' title='bbox 2217 4272 2309 4339; x_wconf 91' lang='lat' dir='ltr'><strong>qui</strong></span> <span class='ocrx_word' id='word_1_656' title='bbox 2358 4270 2454 4325; x_wconf 87' lang='lat' dir='ltr'><strong>abs</strong></span> <span class='ocrx_word' id='word_1_657' title='bbox 2516 4271 2567 4323; x_wconf 81' lang='lat' dir='ltr'><strong>t&#39;e</strong></span> <span class='ocrx_word' id='word_1_658' title='bbox 2613 4267 2855 4321; x_wconf 86' lang='lat' dir='ltr'><strong>eruditur</strong></span> <span class='ocrx_word' id='word_1_659' title='bbox 2897 4276 2949 4320; x_wconf 91' lang='lat' dir='ltr'><strong>et</strong></span> <span class='ocrx_word' id='word_1_660' title='bbox 3000 4264 3241 4326; x_wconf 80' lang='lat' dir='ltr'><strong>daretur,</strong></span> <span class='ocrx_word' id='word_1_661' title='bbox 3277 4264 3333 4315; x_wconf 88' lang='lat' dir='ltr'><strong>in</strong></span> 
     </span>
    </p>
   </div>
   <div class='ocr_carea' id='block_1_90' title="bbox 1813 4351 3335 4427">
    <p class='ocr_par' dir='ltr' id='par_1_90' title="bbox 1813 4351 3335 4427">
     <span class='ocr_line' id='line_1_90' title="bbox 1813 4351 3335 4427; baseline -0.008 -12"><span class='ocrx_word' id='word_1_662' title='bbox 1813 4361 2000 4415; x_wconf 80' lang='lat' dir='ltr'><strong>diebus</strong></span> <span class='ocrx_word' id='word_1_663' title='bbox 2029 4359 2183 4412; x_wconf 90' lang='lat' dir='ltr'><strong>malis</strong></span> <span class='ocrx_word' id='word_1_664' title='bbox 2213 4359 2503 4427; x_wconf 83' lang='lat' dir='ltr'><strong>mitigatur.</strong></span> <span class='ocrx_word' id='word_1_665' title='bbox 2534 4355 2591 4409; x_wconf 84' lang='lat' dir='ltr'><strong>In</strong></span> <span class='ocrx_word' id='word_1_666' title='bbox 2616 4356 2748 4426; x_wconf 87' lang='lat' dir='ltr'><strong>ipsis</strong></span> <span class='ocrx_word' id='word_1_667' title='bbox 2797 4354 2991 4423; x_wconf 87' lang='lat' dir='ltr'><strong>quippe</strong></span> <span class='ocrx_word' id='word_1_668' title='bbox 3036 4351 3335 4405; x_wconf 83' lang='lat' dir='ltr'><strong>alllictioui-</strong></span> 
     </span>
    </p>
   </div>
   <div class='ocr_carea' id='block_1_91' title="bbox 1814 4440 3336 4514">
    <p class='ocr_par' dir='ltr' id='par_1_91' title="bbox 1814 4440 3336 4514">
     <span class='ocr_line' id='line_1_91' title="bbox 1814 4440 3336 4514; baseline -0.007 -12"><span class='ocrx_word' id='word_1_669' title='bbox 1814 4449 1917 4502; x_wconf 84' lang='lat' dir='ltr'><strong>bus</strong></span> <span class='ocrx_word' id='word_1_670' title='bbox 1942 4455 1998 4501; x_wconf 89' lang='lat' dir='ltr'><strong>et</strong></span> <span class='ocrx_word' id='word_1_671' title='bbox 2020 4446 2404 4501; x_wconf 89' lang='lat' dir='ltr'><strong>tentationibus</strong></span> <span class='ocrx_word' id='word_1_672' title='bbox 2437 4460 2465 4498; x_wconf 86' lang='lat' dir='ltr'><strong>a</strong></span> <span class='ocrx_word' id='word_1_673' title='bbox 2492 4446 2607 4514; x_wconf 89' lang='lat' dir='ltr'><strong>lege</strong></span> <span class='ocrx_word' id='word_1_674' title='bbox 2648 4455 2744 4498; x_wconf 84' lang='lat' dir='ltr'><strong>tua</strong></span> <span class='ocrx_word' id='word_1_675' title='bbox 2788 4440 3208 4495; x_wconf 79' lang='lat' dir='ltr'><strong>consolationem</strong></span> <span class='ocrx_word' id='word_1_676' title='bbox 3242 4455 3336 4493; x_wconf 81' lang='lat' dir='ltr'><strong>na—</strong></span> 
     </span>
    </p>
   </div>
   <div class='ocr_carea' id='block_1_92' title="bbox 176 4529 1700 4603">
    <p class='ocr_par' dir='ltr' id='par_1_92' title="bbox 176 4531 1700 4602">
     <span class='ocr_line' id='line_1_92' title="bbox 176 4531 1700 4602; baseline 0.005 -19"><span class='ocrx_word' id='word_1_677' title='bbox 176 4548 321 4602; x_wconf 85' lang='grc' dir='ltr'>ραις.</span> <span class='ocrx_word' id='word_1_678' title='bbox 366 4531 453 4584; x_wconf 83' lang='grc' dir='ltr'>Ἐν</span> <span class='ocrx_word' id='word_1_679' title='bbox 476 4532 661 4595; x_wconf 79' lang='grc' dir='ltr'>αὐταῖς</span> <span class='ocrx_word' id='word_1_680' title='bbox 696 4533 822 4601; x_wconf 84' lang='grc' dir='ltr'>γοῦν</span> <span class='ocrx_word' id='word_1_681' title='bbox 845 4537 963 4598; x_wconf 86' lang='grc' dir='ltr'>ταῖς</span> <span class='ocrx_word' id='word_1_682' title='bbox 1007 4537 1386 4601; x_wconf 85' lang='grc' dir='ltr'>κακοπαθείαις</span> <span class='ocrx_word' id='word_1_683' title='bbox 1417 4540 1508 4591; x_wconf 82' lang='grc' dir='ltr'>καὶ</span> <span class='ocrx_word' id='word_1_684' title='bbox 1536 4543 1591 4592; x_wconf 84' lang='grc' dir='ltr'>ἐν</span> <span class='ocrx_word' id='word_1_685' title='bbox 1621 4540 1700 4591; x_wconf 87' lang='grc' dir='ltr'><strong>αὐ-</strong></span> 
     </span>
    </p>
   </div>
   <div class='ocr_carea' id='block_1_93' title="bbox 1795 4529 3405 4603">
    <p class='ocr_par' dir='ltr' id='par_1_93' title="bbox 1815 4530 3405 4603">
     <span class='ocr_line' id='line_1_93' title="bbox 1815 4530 3405 4603; baseline -0.006 -13"><span class='ocrx_word' id='word_1_686' title='bbox 1815 4546 1953 4598; x_wconf 86' lang='lat' dir='ltr'><strong>ctus,</strong></span> <span class='ocrx_word' id='word_1_687' title='bbox 1984 4536 2106 4589; x_wconf 85' lang='lat' dir='ltr'><strong>hinc</strong></span> <span class='ocrx_word' id='word_1_688' title='bbox 2131 4535 2390 4589; x_wconf 87' lang='lat' dir='ltr'><strong>medelam</strong></span> <span class='ocrx_word' id='word_1_689' title='bbox 2420 4535 2632 4603; x_wconf 87' lang='lat' dir='ltr'><strong>accipit,</strong></span> <span class='ocrx_word' id='word_1_690' title='bbox 2661 4534 2726 4586; x_wconf 90' lang='lat' dir='ltr'><strong>ad</strong></span> <span class='ocrx_word' id='word_1_691' title='bbox 2774 4531 3075 4601; x_wconf 68' lang='lat' dir='ltr'><strong>patientiam</strong></span> <span class='ocrx_word' id='word_1_692' title='bbox 3119 4540 3172 4582; x_wconf 91' lang='lat' dir='ltr'><strong>et</strong></span> <span class='ocrx_word' id='word_1_693' title='bbox 3210 4530 3336 4582; x_wconf 84' lang='lat' dir='ltr'><strong>tole-</strong></span> <span class='ocrx_word' id='word_1_694' title='bbox 3404 4598 3405 4601; x_wconf 16' lang='grc' dir='ltr'><strong>η</strong></span> 
     </span>
    </p>
   </div>
   <div class='ocr_carea' id='block_1_94' title="bbox 174 4624 1710 4699">
    <p class='ocr_par' dir='ltr' id='par_1_94' title="bbox 174 4624 1710 4699">
     <span class='ocr_line' id='line_1_94' title="bbox 174 4624 1710 4699; baseline 0.005 -26"><span class='ocrx_word' id='word_1_695' title='bbox 174 4624 291 4684; x_wconf 81' lang='grc' dir='ltr'>τοῖς</span> <span class='ocrx_word' id='word_1_696' title='bbox 321 4624 435 4685; x_wconf 81' lang='grc' dir='ltr'>τοῖς</span> <span class='ocrx_word' id='word_1_697' title='bbox 479 4627 795 4694; x_wconf 75' lang='grc' dir='ltr'>πειρασμοῖς</span> <span class='ocrx_word' id='word_1_698' title='bbox 824 4625 920 4687; x_wconf 82' lang='grc' dir='ltr'><strong>τὰς</strong></span> <span class='ocrx_word' id='word_1_699' title='bbox 962 4627 1066 4677; x_wconf 78' lang='grc' dir='ltr'><strong>ἀπὸ</strong></span> <span class='ocrx_word' id='word_1_700' title='bbox 1091 4626 1182 4678; x_wconf 79' lang='grc' dir='ltr'>τοῦ</span> <span class='ocrx_word' id='word_1_701' title='bbox 1218 4627 1379 4696; x_wconf 87' lang='grc' dir='ltr'>νόμου</span> <span class='ocrx_word' id='word_1_702' title='bbox 1418 4645 1508 4680; x_wconf 87' lang='grc' dir='ltr'><strong>σου</strong></span> <span class='ocrx_word' id='word_1_703' title='bbox 1541 4646 1710 4699; x_wconf 85' lang='grc' dir='ltr'>παρα-</span> 
     </span>
    </p>
   </div>
   <div class='ocr_carea' id='block_1_95' title="bbox 180 4704 1712 4784">
    <p class='ocr_par' dir='ltr' id='par_1_95' title="bbox 180 4704 1712 4784">
     <span class='ocr_line' id='line_1_95' title="bbox 180 4704 1712 4784; baseline 0.005 -21"><span class='ocrx_word' id='word_1_704' title='bbox 180 4711 384 4779; x_wconf 75' lang='grc' dir='ltr'>μυθίας</span> <span class='ocrx_word' id='word_1_705' title='bbox 429 4711 708 4780; x_wconf 85' lang='grc' dir='ltr'>λαμϐάνων</span> <span class='ocrx_word' id='word_1_706' title='bbox 751 4704 1118 4783; x_wconf 86' lang='grc' dir='ltr'>θεραπεύεται,</span> <span class='ocrx_word' id='word_1_707' title='bbox 1161 4717 1441 4784; x_wconf 83' lang='grc' dir='ltr'>ὑπομένειν</span> <span class='ocrx_word' id='word_1_708' title='bbox 1478 4718 1712 4772; x_wconf 84' lang='grc' dir='ltr'>διδασκό-</span> 
     </span>
    </p>
   </div>
   <div class='ocr_carea' id='block_1_96' title="bbox 179 4802 1711 4875">
    <p class='ocr_par' dir='ltr' id='par_1_96' title="bbox 179 4802 1711 4875">
     <span class='ocr_line' id='line_1_96' title="bbox 179 4802 1711 4875; baseline 0.008 -25"><span class='ocrx_word' id='word_1_709' title='bbox 179 4817 344 4870; x_wconf 81' lang='grc' dir='ltr'>μενος</span> <span class='ocrx_word' id='word_1_710' title='bbox 368 4802 460 4852; x_wconf 77' lang='grc' dir='ltr'><strong>καὶ</strong></span> <span class='ocrx_word' id='word_1_711' title='bbox 480 4803 857 4872; x_wconf 76' lang='grc' dir='ltr'>μακροθυμεῖν,</span> <span class='ocrx_word' id='word_1_712' title='bbox 880 4805 986 4871; x_wconf 83' lang='grc' dir='ltr'>ἓως</span> <span class='ocrx_word' id='word_1_713' title='bbox 1008 4802 1081 4861; x_wconf 86' lang='grc' dir='ltr'>οὗ</span> <span class='ocrx_word' id='word_1_714' title='bbox 1105 4805 1285 4873; x_wconf 77' lang='grc' dir='ltr'>ὀρυγῇ</span> <span class='ocrx_word' id='word_1_715' title='bbox 1306 4805 1383 4869; x_wconf 81' lang='grc' dir='ltr'>τῷ</span> <span class='ocrx_word' id='word_1_716' title='bbox 1398 4806 1711 4875; x_wconf 70' lang='grc' dir='ltr'>ἁμαρτωλῷ</span> 
     </span>
    </p>
   </div>
   <div class='ocr_carea' id='block_1_97' title="bbox 168 4887 1710 4963">
    <p class='ocr_par' dir='ltr' id='par_1_97' title="bbox 168 4887 1710 4963">
     <span class='ocr_line' id='line_1_97' title="bbox 168 4887 1710 4963; baseline 0.005 -20"><span class='ocrx_word' id='word_1_717' title='bbox 168 4889 428 4956; x_wconf 66' lang='grc' dir='ltr'>βόθροςη</span> <span class='ocrx_word' id='word_1_718' title='bbox 462 4887 614 4941; x_wconf 79' lang='grc' dir='ltr'>τοῦτο</span> <span class='ocrx_word' id='word_1_719' title='bbox 643 4890 748 4959; x_wconf 90' lang='lat'><strong>7&amp;9</strong></span> <span class='ocrx_word' id='word_1_720' title='bbox 772 4892 929 4943; x_wconf 81' lang='grc' dir='ltr'>αὑτὸν</span> <span class='ocrx_word' id='word_1_721' title='bbox 957 4894 1230 4963; x_wconf 81' lang='grc' dir='ltr'>περιμένει</span> <span class='ocrx_word' id='word_1_722' title='bbox 1256 4892 1315 4945; x_wconf 81' lang='grc' dir='ltr'>τὸ</span> <span class='ocrx_word' id='word_1_723' title='bbox 1343 4892 1507 4957; x_wconf 85' lang='grc' dir='ltr'>τέλος,</span> <span class='ocrx_word' id='word_1_724' title='bbox 1547 4896 1710 4949; x_wconf 86' lang='grc' dir='ltr'>καθά-</span> 
     </span>
    </p>
   </div>
   <div class='ocr_carea' id='block_1_98' title="bbox 166 4978 1712 5052">
    <p class='ocr_par' dir='ltr' id='par_1_98' title="bbox 166 4978 1712 5052">
     <span class='ocr_line' id='line_1_98' title="bbox 166 4978 1712 5052; baseline 0.005 -22"><span class='ocrx_word' id='word_1_725' title='bbox 166 4992 287 5049; x_wconf 66' lang='grc' dir='ltr'><strong>περ</strong></span> <span class='ocrx_word' id='word_1_726' title='bbox 311 4982 343 5032; x_wconf 86' lang='grc' dir='ltr'><strong>ό</strong></span> <span class='ocrx_word' id='word_1_727' title='bbox 367 4978 457 5042; x_wconf 78' lang='grc' dir='ltr'>σὸς</span> <span class='ocrx_word' id='word_1_728' title='bbox 478 4979 635 5048; x_wconf 87' lang='grc' dir='ltr'>νόμος</span> <span class='ocrx_word' id='word_1_729' title='bbox 657 4980 904 5033; x_wconf 86' lang='grc' dir='ltr'>διδάσκει.</span> <span class='ocrx_word' id='word_1_730' title='bbox 933 4982 1020 5032; x_wconf 77' lang='grc' dir='ltr'><strong>Διὸ</strong></span> <span class='ocrx_word' id='word_1_731' title='bbox 1038 4983 1201 5034; x_wconf 83' lang='grc' dir='ltr'>ταῦτα</span> <span class='ocrx_word' id='word_1_732' title='bbox 1228 4982 1502 5052; x_wconf 74' lang='grc' dir='ltr'>μανθάνων</span> <span class='ocrx_word' id='word_1_733' title='bbox 1527 4984 1583 5037; x_wconf 82' lang='grc' dir='ltr'>ἐν</span> <span class='ocrx_word' id='word_1_734' title='bbox 1604 4988 1712 5049; x_wconf 84' lang='grc' dir='ltr'>τοῖς</span> 
     </span>
    </p>
   </div>
   <div class='ocr_carea' id='block_1_99' title="bbox 176 5066 1710 5141">
    <p class='ocr_par' dir='ltr' id='par_1_99' title="bbox 176 5066 1710 5141">
     <span class='ocr_line' id='line_1_99' title="bbox 176 5066 1710 5141; baseline 0.005 -21"><span class='ocrx_word' id='word_1_735' title='bbox 176 5069 632 5139; x_wconf 81' lang='grc' dir='ltr'>τῶνπειρασμῶν</span> <span class='ocrx_word' id='word_1_736' title='bbox 663 5066 865 5139; x_wconf 85' lang='grc' dir='ltr'>καιροῖς</span> <span class='ocrx_word' id='word_1_737' title='bbox 891 5070 918 5119; x_wconf 84' lang='grc' dir='ltr'>ὁ</span> <span class='ocrx_word' id='word_1_738' title='bbox 943 5070 1161 5133; x_wconf 77' lang='grc' dir='ltr'>δίκαιος,</span> <span class='ocrx_word' id='word_1_739' title='bbox 1196 5071 1487 5141; x_wconf 81' lang='grc' dir='ltr'>πραΰνεται</span> <span class='ocrx_word' id='word_1_740' title='bbox 1515 5075 1605 5125; x_wconf 73' lang='grc' dir='ltr'>καὶ</span> <span class='ocrx_word' id='word_1_741' title='bbox 1627 5073 1710 5126; x_wconf 88' lang='grc' dir='ltr'>θε-</span> 
     </span>
    </p>
   </div>
   <div class='ocr_carea' id='block_1_100' title="bbox 177 5142 1706 5229">
    <p class='ocr_par' dir='ltr' id='par_1_100' title="bbox 177 5142 1706 5229">
     <span class='ocr_line' id='line_1_100' title="bbox 177 5142 1706 5229; baseline 0.005 -21"><span class='ocrx_word' id='word_1_742' title='bbox 177 5158 499 5229; x_wconf 80' lang='grc' dir='ltr'>ραπεύεται,</span> <span class='ocrx_word' id='word_1_743' title='bbox 540 5159 636 5221; x_wconf 79' lang='grc' dir='ltr'><strong>τὰς</strong></span> <span class='ocrx_word' id='word_1_744' title='bbox 684 5160 927 5223; x_wconf 74' lang='grc' dir='ltr'>ἐκϐάσεις</span> <span class='ocrx_word' id='word_1_745' title='bbox 966 5160 1071 5212; x_wconf 89' lang='grc' dir='ltr'><strong>τῶν</strong></span> <span class='ocrx_word' id='word_1_746' title='bbox 1113 5160 1441 5229; x_wconf 83' lang='grc' dir='ltr'>πραγμάτων</span> <span class='ocrx_word' id='word_1_747' title='bbox 1477 5142 1706 5227; x_wconf 86' lang='grc' dir='ltr'>σκοπῶν,</span> 
     </span>
    </p>
   </div>
   <div class='ocr_carea' id='block_1_101' title="bbox 1814 4607 3333 4692">
    <p class='ocr_par' dir='ltr' id='par_1_101' title="bbox 1814 4607 3333 4692">
     <span class='ocr_line' id='line_1_101' title="bbox 1814 4607 3333 4692; baseline -0.005 -13"><span class='ocrx_word' id='word_1_748' title='bbox 1814 4628 2039 4679; x_wconf 87' lang='lat' dir='ltr'><strong>rautiam</strong></span> <span class='ocrx_word' id='word_1_749' title='bbox 2070 4607 2365 4688; x_wconf 83' lang='lat' dir='ltr'><strong>institutus,</strong></span> <span class='ocrx_word' id='word_1_750' title='bbox 2398 4625 2557 4678; x_wconf 78' lang='lat' dir='ltr'><strong>donec</strong></span> <span class='ocrx_word' id='word_1_751' title='bbox 2596 4625 2825 4692; x_wconf 81' lang='lat' dir='ltr'><strong>fodiatur</strong></span> <span class='ocrx_word' id='word_1_752' title='bbox 2866 4622 3121 4690; x_wconf 67' lang='lat' dir='ltr'><strong>peceatori</strong></span> <span class='ocrx_word' id='word_1_753' title='bbox 3160 4621 3333 4681; x_wconf 65' lang='lat' dir='ltr'><strong>fovea;</strong></span> 
     </span>
    </p>
   </div>
   <div class='ocr_carea' id='block_1_102' title="bbox 1814 4712 3325 4785">
    <p class='ocr_par' dir='ltr' id='par_1_102' title="bbox 1814 4712 3325 4785">
     <span class='ocr_line' id='line_1_102' title="bbox 1814 4712 3325 4785; baseline -0.003 -16"><span class='ocrx_word' id='word_1_754' title='bbox 1814 4715 1901 4769; x_wconf 84' lang='lat' dir='ltr'><strong>hic</strong></span> <span class='ocrx_word' id='word_1_755' title='bbox 1933 4718 2073 4770; x_wconf 92' lang='lat' dir='ltr'><strong>enim</strong></span> <span class='ocrx_word' id='word_1_756' title='bbox 2097 4716 2243 4768; x_wconf 92' lang='lat' dir='ltr'><strong>illum</strong></span> <span class='ocrx_word' id='word_1_757' title='bbox 2273 4715 2393 4781; x_wconf 79' lang='lat' dir='ltr'><strong>ﬁnis</strong></span> <span class='ocrx_word' id='word_1_758' title='bbox 2418 4721 2712 4785; x_wconf 80' lang='lat' dir='ltr'><strong>exspectat,</strong></span> <span class='ocrx_word' id='word_1_759' title='bbox 2754 4722 2811 4767; x_wconf 89' lang='lat' dir='ltr'><strong>ut</strong></span> <span class='ocrx_word' id='word_1_760' title='bbox 2833 4715 2917 4768; x_wconf 76' lang='lat' dir='ltr'><strong>lex</strong></span> <span class='ocrx_word' id='word_1_761' title='bbox 2955 4723 3045 4767; x_wconf 89' lang='lat' dir='ltr'><strong>tua</strong></span> <span class='ocrx_word' id='word_1_762' title='bbox 3076 4712 3325 4768; x_wconf 81' lang='lat' dir='ltr'><strong>declarat.</strong></span> 
     </span>
    </p>
   </div>
   <div class='ocr_carea' id='block_1_103' title="bbox 1812 4794 3332 4891">
    <p class='ocr_par' dir='ltr' id='par_1_103' title="bbox 1812 4794 3332 4891">
     <span class='ocr_line' id='line_1_103' title="bbox 1812 4794 3332 4891; baseline 0 -34"><span class='ocrx_word' id='word_1_763' title='bbox 1812 4794 2170 4891; x_wconf 74' lang='lat' dir='ltr'><strong>Quamobrem</strong></span> <span class='ocrx_word' id='word_1_764' title='bbox 2200 4805 2387 4877; x_wconf 80' lang='lat' dir='ltr'><strong>justus</strong></span> <span class='ocrx_word' id='word_1_765' title='bbox 2435 4807 2555 4887; x_wconf 64' lang='lat' dir='ltr'><strong>haec</strong></span> <span class='ocrx_word' id='word_1_766' title='bbox 2606 4809 2659 4859; x_wconf 90' lang='lat' dir='ltr'><strong>in</strong></span> <span class='ocrx_word' id='word_1_767' title='bbox 2724 4805 3035 4859; x_wconf 85' lang='lat' dir='ltr'><strong>tenlationis</strong></span> <span class='ocrx_word' id='word_1_768' title='bbox 3097 4811 3332 4870; x_wconf 77' lang='lat' dir='ltr'><strong>tempore</strong></span> 
     </span>
    </p>
   </div>
   <div class='ocr_carea' id='block_1_104' title="bbox 1814 4884 3327 4967">
    <p class='ocr_par' dir='ltr' id='par_1_104' title="bbox 1814 4884 3327 4967">
     <span class='ocr_line' id='line_1_104' title="bbox 1814 4884 3327 4967; baseline -0.002 -17"><span class='ocrx_word' id='word_1_769' title='bbox 1814 4884 2075 4957; x_wconf 44' lang='lat' dir='ltr'><strong>edoctus;</strong></span> <span class='ocrx_word' id='word_1_770' title='bbox 2105 4896 2381 4967; x_wconf 88' lang='lat' dir='ltr'><strong>mitigatur</strong></span> <span class='ocrx_word' id='word_1_771' title='bbox 2442 4912 2509 4950; x_wconf 86' lang='lat' dir='ltr'><strong>ac</strong></span> <span class='ocrx_word' id='word_1_772' title='bbox 2552 4884 2817 4951; x_wconf 83' lang='lat' dir='ltr'><strong>medelam</strong></span> <span class='ocrx_word' id='word_1_773' title='bbox 2892 4895 3104 4964; x_wconf 84' lang='lat' dir='ltr'><strong>accipit,</strong></span> <span class='ocrx_word' id='word_1_774' title='bbox 3154 4907 3327 4947; x_wconf 82' lang='lat' dir='ltr'><strong>rerum</strong></span> 
     </span>
    </p>
   </div>
   <div class='ocr_carea' id='block_1_105' title="bbox 1813 4982 3340 5055">
    <p class='ocr_par' dir='ltr' id='par_1_105' title="bbox 1813 4982 3340 5055">
     <span class='ocr_line' id='line_1_105' title="bbox 1813 4982 3340 5055; baseline -0.002 -17"><span class='ocrx_word' id='word_1_775' title='bbox 1813 4994 2057 5046; x_wconf 79' lang='lat' dir='ltr'><strong>eventus,</strong></span> <span class='ocrx_word' id='word_1_776' title='bbox 2088 4994 2249 5053; x_wconf 85' lang='lat' dir='ltr'><strong>atque</strong></span> <span class='ocrx_word' id='word_1_777' title='bbox 2303 4984 2549 5041; x_wconf 75' lang='lat' dir='ltr'><strong>vexantia</strong></span> <span class='ocrx_word' id='word_1_778' title='bbox 2598 5000 2658 5039; x_wconf 85' lang='lat' dir='ltr'><strong>se</strong></span> <span class='ocrx_word' id='word_1_779' title='bbox 2703 4985 3001 5055; x_wconf 80' lang='lat' dir='ltr'><strong>peccatoris</strong></span> <span class='ocrx_word' id='word_1_780' title='bbox 3030 4982 3340 5043; x_wconf 75' lang='lat' dir='ltr'><strong>foveam,ir.</strong></span> 
     </span>
    </p>
   </div>
   <div class='ocr_carea' id='block_1_106' title="bbox 1812 5072 3336 5159">
    <p class='ocr_par' dir='ltr' id='par_1_106' title="bbox 1812 5072 3336 5159">
     <span class='ocr_line' id='line_1_106' title="bbox 1812 5072 3336 5159; baseline -0.001 -33"><span class='ocrx_word' id='word_1_781' title='bbox 1812 5088 1971 5143; x_wconf 91' lang='lat' dir='ltr'><strong>quam</strong></span> <span class='ocrx_word' id='word_1_782' title='bbox 2020 5076 2192 5141; x_wconf 89' lang='lat' dir='ltr'><strong>cadet,</strong></span> <span class='ocrx_word' id='word_1_783' title='bbox 2246 5076 2615 5159; x_wconf 81' lang='lat' dir='ltr'><strong>considerans,</strong></span> <span class='ocrx_word' id='word_1_784' title='bbox 2644 5076 2942 5145; x_wconf 85' lang='lat' dir='ltr'><strong>bonamque</strong></span> <span class='ocrx_word' id='word_1_785' title='bbox 2983 5088 3134 5132; x_wconf 86' lang='lat' dir='ltr'><strong>suam</strong></span> <span class='ocrx_word' id='word_1_786' title='bbox 3197 5072 3336 5142; x_wconf 87' lang='lat' dir='ltr'><strong>apud</strong></span> 
     </span>
    </p>
   </div>
   <div class='ocr_carea' id='block_1_107' title="bbox 1814 5164 2741 5234">
    <p class='ocr_par' dir='ltr' id='par_1_107' title="bbox 1814 5164 2741 5234">
     <span class='ocr_line' id='line_1_107' title="bbox 1814 5164 2741 5234; baseline 0.004 -19"><span class='ocrx_word' id='word_1_787' title='bbox 1814 5164 1975 5219; x_wconf 84' lang='lat' dir='ltr'><strong>Deum</strong></span> <span class='ocrx_word' id='word_1_788' title='bbox 2003 5180 2150 5234; x_wconf 88' lang='lat' dir='ltr'><strong>spem</strong></span> <span class='ocrx_word' id='word_1_789' title='bbox 2180 5182 2289 5234; x_wconf 80' lang='lat' dir='ltr'><strong>prae</strong></span> <span class='ocrx_word' id='word_1_790' title='bbox 2313 5166 2482 5219; x_wconf 88' lang='lat' dir='ltr'><strong>oculis</strong></span> <span class='ocrx_word' id='word_1_791' title='bbox 2520 5165 2741 5220; x_wconf 87' lang='lat' dir='ltr'><strong>habens.</strong></span> 
     </span>
    </p>
   </div>
   <div class='ocr_carea' id='block_1_108' title="bbox 177 5249 3340 5326">
    <p class='ocr_par' dir='ltr' id='par_1_108' title="bbox 177 5249 3340 5326">
     <span class='ocr_line' id='line_1_108' title="bbox 177 5249 3340 5326; baseline 0 -22"><span class='ocrx_word' id='word_1_792' title='bbox 177 5253 273 5304; x_wconf 74' lang='grc' dir='ltr'><strong>καὶ</strong></span> <span class='ocrx_word' id='word_1_793' title='bbox 313 5249 410 5302; x_wconf 84' lang='grc' dir='ltr'>τοῦ</span> <span class='ocrx_word' id='word_1_794' title='bbox 460 5251 555 5319; x_wconf 76' lang='grc' dir='ltr'>μὲν</span> <span class='ocrx_word' id='word_1_795' title='bbox 601 5254 1019 5315; x_wconf 82' lang='grc' dir='ltr'>καταπονοῦντος</span> <span class='ocrx_word' id='word_1_796' title='bbox 1054 5251 1208 5304; x_wconf 78' lang='grc' dir='ltr'>αὐτὸν</span> <span class='ocrx_word' id='word_1_797' title='bbox 1261 5250 1572 5320; x_wconf 84' lang='grc' dir='ltr'>ἁμαρτωλοῦ</span> <span class='ocrx_word' id='word_1_798' title='bbox 1615 5255 1707 5307; x_wconf 80' lang='grc' dir='ltr'>τὸν</span> <span class='ocrx_word' id='word_1_799' title='bbox 1734 5253 1919 5324; x_wconf 87' lang='grc' dir='ltr'>βόθρον</span> <span class='ocrx_word' id='word_1_800' title='bbox 1937 5256 2015 5317; x_wconf 82' lang='grc' dir='ltr'><strong>είς</strong></span> <span class='ocrx_word' id='word_1_801' title='bbox 2037 5256 2095 5308; x_wconf 85' lang='grc' dir='ltr'><strong>δν</strong></span> <span class='ocrx_word' id='word_1_802' title='bbox 2120 5257 2448 5326; x_wconf 75' lang='grc' dir='ltr'>ἐμπεσεῖται,</span> <span class='ocrx_word' id='word_1_803' title='bbox 2474 5255 2734 5313; x_wconf 75' lang='grc' dir='ltr'>ἑαυτοῦδὲ</span> <span class='ocrx_word' id='word_1_804' title='bbox 2756 5253 2851 5315; x_wconf 79' lang='grc' dir='ltr'>τὰς</span> <span class='ocrx_word' id='word_1_805' title='bbox 2896 5251 3054 5322; x_wconf 71' lang='grc' dir='ltr'>ιπαρὰ</span> <span class='ocrx_word' id='word_1_806' title='bbox 3104 5249 3181 5320; x_wconf 84' lang='grc' dir='ltr'>τῷ</span> <span class='ocrx_word' id='word_1_807' title='bbox 3220 5251 3340 5319; x_wconf 82' lang='grc' dir='ltr'>Θεῷ</span> 
     </span>
    </p>
   </div>
   <div class='ocr_carea' id='block_1_109' title="bbox 175 5340 1377 5413">
    <p class='ocr_par' dir='ltr' id='par_1_109' title="bbox 175 5340 1377 5413">
     <span class='ocr_line' id='line_1_109' title="bbox 175 5340 1377 5413; baseline -0.002 -18"><span class='ocrx_word' id='word_1_808' title='bbox 175 5340 392 5412; x_wconf 75' lang='grc' dir='ltr'>ἀγαθὰς</span> <span class='ocrx_word' id='word_1_809' title='bbox 422 5340 633 5402; x_wconf 74' lang='grc' dir='ltr'>ἐλπίδας</span> <span class='ocrx_word' id='word_1_810' title='bbox 659 5343 761 5411; x_wconf 85' lang='grc' dir='ltr'>πρὸ</span> <span class='ocrx_word' id='word_1_811' title='bbox 784 5342 1064 5413; x_wconf 82' lang='grc' dir='ltr'>ὀφθαλμῶν</span> <span class='ocrx_word' id='word_1_812' title='bbox 1086 5342 1377 5410; x_wconf 80' lang='grc' dir='ltr'>τιθέμενος.</span> 
     </span>
    </p>
   </div>
   <div class='ocr_carea' id='block_1_110' title="bbox 250 5417 1717 5507">
    <p class='ocr_par' dir='ltr' id='par_1_110' title="bbox 250 5417 1717 5507">
     <span class='ocr_line' id='line_1_110' title="bbox 250 5417 1717 5507; baseline -0.003 -22"><span class='ocrx_word' id='word_1_813' title='bbox 250 5436 387 5485; x_wconf 86' lang='grc' dir='ltr'>Ὅτι</span> <span class='ocrx_word' id='word_1_814' title='bbox 418 5432 528 5484; x_wconf 85' lang='grc' dir='ltr'>οὐκ</span> <span class='ocrx_word' id='word_1_815' title='bbox 556 5428 848 5507; x_wconf 72' lang='grc' dir='ltr'>ἀπώσεται</span> <span class='ocrx_word' id='word_1_816' title='bbox 877 5437 1080 5499; x_wconf 81' lang='grc' dir='ltr'>Κύριος</span> <span class='ocrx_word' id='word_1_817' title='bbox 1104 5417 1205 5485; x_wconf 71' lang='grc' dir='ltr'><strong>τόν</strong></span> <span class='ocrx_word' id='word_1_818' title='bbox 1229 5427 1378 5483; x_wconf 78' lang='grc' dir='ltr'>λαὸν</span> <span class='ocrx_word' id='word_1_819' title='bbox 1400 5428 1599 5491; x_wconf 85' lang='grc' dir='ltr'>αὐτοῦ,</span> <span class='ocrx_word' id='word_1_820' title='bbox 1620 5430 1717 5483; x_wconf 73' lang='grc' dir='ltr'>καὶ</span> 
     </span>
    </p>
   </div>
   <div class='ocr_carea' id='block_1_111' title="bbox 179 5520 1711 5592">
    <p class='ocr_par' dir='ltr' id='par_1_111' title="bbox 179 5520 1711 5592">
     <span class='ocr_line' id='line_1_111' title="bbox 179 5520 1711 5592; baseline -0.003 -15"><span class='ocrx_word' id='word_1_821' title='bbox 179 5525 294 5591; x_wconf 73' lang='grc' dir='ltr'><strong>τὴν</strong></span> <span class='ocrx_word' id='word_1_822' title='bbox 354 5520 751 5589; x_wconf 66' lang='grc' dir='ltr'>κληρονομίαν</span> <span class='ocrx_word' id='word_1_823' title='bbox 779 5523 1095 5577; x_wconf 69' lang='grc' dir='ltr'>αὑτοῦούκ</span> <span class='ocrx_word' id='word_1_824' title='bbox 1142 5520 1569 5592; x_wconf 69' lang='grc' dir='ltr'>ἐγκαταλείψει,</span> <span class='ocrx_word' id='word_1_825' title='bbox 1602 5520 1711 5586; x_wconf 78' lang='grc' dir='ltr'>ἕως</span> 
     </span>
    </p>
   </div>
   <div class='ocr_carea' id='block_1_112' title="bbox 176 5609 1712 5681">
    <p class='ocr_par' dir='ltr' id='par_1_112' title="bbox 176 5609 1712 5681">
     <span class='ocr_line' id='line_1_112' title="bbox 176 5609 1712 5681; baseline -0.008 -10"><span class='ocrx_word' id='word_1_826' title='bbox 176 5612 248 5671; x_wconf 71' lang='grc' dir='ltr'>οἱ</span> <span class='ocrx_word' id='word_1_827' title='bbox 279 5613 632 5677; x_wconf 68' lang='grc' dir='ltr'>δικαιοσύνη</span> <span class='ocrx_word' id='word_1_828' title='bbox 659 5610 977 5681; x_wconf 68' lang='grc' dir='ltr'>ἐπιστρέψῃ</span> <span class='ocrx_word' id='word_1_829' title='bbox 1012 5616 1096 5678; x_wconf 75' lang='grc' dir='ltr'>εἰς</span> <span class='ocrx_word' id='word_1_830' title='bbox 1128 5614 1340 5681; x_wconf 77' lang='grc' dir='ltr'>κρίσιν,</span> <span class='ocrx_word' id='word_1_831' title='bbox 1382 5609 1712 5678; x_wconf 61' lang='grc' dir='ltr'>καῑὲχόμε-</span> 
     </span>
    </p>
   </div>
   <div class='ocr_carea' id='block_1_113' title="bbox 153 5699 1709 5771">
    <p class='ocr_par' dir='ltr' id='par_1_113' title="bbox 153 5699 1709 5771">
     <span class='ocr_line' id='line_1_113' title="bbox 153 5699 1709 5771; baseline -0.006 -10"><span class='ocrx_word' id='word_1_832' title='bbox 153 5702 271 5765; x_wconf 73' lang='grc' dir='ltr'>’νοι</span> <span class='ocrx_word' id='word_1_833' title='bbox 293 5701 491 5770; x_wconf 78' lang='grc' dir='ltr'>αὐτῆς</span> <span class='ocrx_word' id='word_1_834' title='bbox 510 5700 724 5765; x_wconf 76' lang='grc' dir='ltr'>πάντες</span> <span class='ocrx_word' id='word_1_835' title='bbox 747 5704 801 5754; x_wconf 87' lang='lat' dir='ltr'><strong>ol</strong></span> <span class='ocrx_word' id='word_1_836' title='bbox 819 5704 1007 5768; x_wconf 71' lang='grc' dir='ltr'>εὐθεῖς</span> <span class='ocrx_word' id='word_1_837' title='bbox 1034 5702 1107 5771; x_wconf 79' lang='grc' dir='ltr'>τῇ</span> <span class='ocrx_word' id='word_1_838' title='bbox 1133 5702 1358 5771; x_wconf 76' lang='grc' dir='ltr'>καρδίῃ.</span> <span class='ocrx_word' id='word_1_839' title='bbox 1387 5699 1709 5768; x_wconf 64' lang='grc' dir='ltr'>Διάψαλμα.</span> 
     </span>
    </p>
   </div>
   <div class='ocr_carea' id='block_1_114' title="bbox 194 5788 1712 5856">
    <p class='ocr_par' dir='ltr' id='par_1_114' title="bbox 194 5788 1712 5856">
     <span class='ocr_line' id='line_1_114' title="bbox 194 5788 1712 5856; baseline -0.004 -8"><span class='ocrx_word' id='word_1_840' title='bbox 194 5791 529 5856; x_wconf 74' lang='grc' dir='ltr'>Ἀκολούθως</span> <span class='ocrx_word' id='word_1_841' title='bbox 563 5788 694 5842; x_wconf 70' lang='grc' dir='ltr'>μετὰ</span> <span class='ocrx_word' id='word_1_842' title='bbox 728 5790 788 5843; x_wconf 81' lang='grc' dir='ltr'>τὸ</span> <span class='ocrx_word' id='word_1_843' title='bbox 815 5789 1099 5853; x_wconf 51' lang='grc' dir='ltr'>δψιιιᾶψαι</span> <span class='ocrx_word' id='word_1_844' title='bbox 1132 5792 1218 5855; x_wconf 62' lang='grc' dir='ltr'>τρν</span> <span class='ocrx_word' id='word_1_845' title='bbox 1259 5790 1603 5845; x_wconf 74' lang='grc' dir='ltr'>ἀποκείμενον</span> <span class='ocrx_word' id='word_1_846' title='bbox 1638 5788 1712 5843; x_wconf 88' lang='grc' dir='ltr'>τῶ</span> 
     </span>
    </p>
   </div>
   <div class='ocr_carea' id='block_1_115' title="bbox 2177 5366 2180 5373">
    <p class='ocr_par' dir='ltr' id='par_1_115' title="bbox 2177 5366 2180 5373">
     <span class='ocr_line' id='line_1_115' title="bbox 2177 5366 2180 5373; baseline 0 0"><span class='ocrx_word' id='word_1_847' title='bbox 2177 5366 2180 5373; x_wconf 66' lang='grc' dir='ltr'><strong>ν</strong></span> 
     </span>
    </p>
   </div>
   <div class='ocr_carea' id='block_1_116' title="bbox 1886 5410 3344 5494">
    <p class='ocr_par' dir='ltr' id='par_1_116' title="bbox 1886 5410 3344 5494">
     <span class='ocr_line' id='line_1_116' title="bbox 1886 5410 3344 5494; baseline 0.003 -16"><span class='ocrx_word' id='word_1_848' title='bbox 1886 5428 2050 5484; x_wconf 73' lang='lat' dir='ltr'><strong>Vsus.</strong></span> <span class='ocrx_word' id='word_1_849' title='bbox 2077 5430 2163 5492; x_wconf 68' lang='lat' dir='ltr'><strong>l4,</strong></span> <span class='ocrx_word' id='word_1_850' title='bbox 2195 5410 2280 5483; x_wconf 76' lang='lat' dir='ltr'><strong>l5.</strong></span> <span class='ocrx_word' id='word_1_851' title='bbox 2323 5427 2465 5494; x_wconf 76' lang='lat' dir='ltr'><strong>Quid</strong></span> <span class='ocrx_word' id='word_1_852' title='bbox 2493 5444 2593 5481; x_wconf 83' lang='lat' dir='ltr'><strong>non</strong></span> <span class='ocrx_word' id='word_1_853' title='bbox 2628 5425 2830 5494; x_wconf 79' lang='lat' dir='ltr'><strong>repellet</strong></span> <span class='ocrx_word' id='word_1_854' title='bbox 2863 5425 3115 5479; x_wconf 77' lang='lat' dir='ltr'><strong>Dominae</strong></span> <span class='ocrx_word' id='word_1_855' title='bbox 3140 5427 3344 5494; x_wconf 74' lang='lat' dir='ltr'><strong>plebem</strong></span> 
     </span>
    </p>
   </div>
   <div class='ocr_carea' id='block_1_117' title="bbox 1811 5516 3445 5586">
    <p class='ocr_par' dir='ltr' id='par_1_117' title="bbox 1811 5516 3445 5586">
     <span class='ocr_line' id='line_1_117' title="bbox 1811 5516 3445 5586; baseline -0.001 -13"><span class='ocrx_word' id='word_1_856' title='bbox 1811 5536 1977 5580; x_wconf 79' lang='lat' dir='ltr'><strong>suam,</strong></span> <span class='ocrx_word' id='word_1_857' title='bbox 2016 5528 2065 5575; x_wconf 81' lang='lat' dir='ltr'><strong>et</strong></span> <span class='ocrx_word' id='word_1_858' title='bbox 2093 5518 2441 5573; x_wconf 64' lang='lat' dir='ltr'><strong>ha’reditatem</strong></span> <span class='ocrx_word' id='word_1_859' title='bbox 2474 5534 2623 5570; x_wconf 75' lang='lat' dir='ltr'><strong>suam</strong></span> <span class='ocrx_word' id='word_1_860' title='bbox 2654 5533 2753 5570; x_wconf 85' lang='lat' dir='ltr'><strong>non</strong></span> <span class='ocrx_word' id='word_1_861' title='bbox 2775 5516 3106 5586; x_wconf 68' lang='lat' dir='ltr'><strong>derelinquat,</strong></span> <span class='ocrx_word' id='word_1_862' title='bbox 3130 5521 3333 5586; x_wconf 77' lang='lat' dir='ltr'><strong>quoad-</strong></span> <span class='ocrx_word' id='word_1_863' title='bbox 3442 5527 3445 5535; x_wconf 85' lang='lat'>’</span> 
     </span>
    </p>
   </div>
   <div class='ocr_carea' id='block_1_118' title="bbox 1813 5605 3307 5674">
    <p class='ocr_par' dir='ltr' id='par_1_118' title="bbox 1813 5605 3307 5674">
     <span class='ocr_line' id='line_1_118' title="bbox 1813 5605 3307 5674; baseline -0.001 -16"><span class='ocrx_word' id='word_1_864' title='bbox 1813 5622 1970 5671; x_wconf 76' lang='lat' dir='ltr'><strong>usque</strong></span> <span class='ocrx_word' id='word_1_865' title='bbox 1982 5609 2191 5674; x_wconf 73' lang='lat' dir='ltr'><strong>justitia</strong></span> <span class='ocrx_word' id='word_1_866' title='bbox 2220 5614 2545 5667; x_wconf 77' lang='lat' dir='ltr'><strong>convertatur</strong></span> <span class='ocrx_word' id='word_1_867' title='bbox 2572 5606 2625 5661; x_wconf 78' lang='lat' dir='ltr'><strong>in</strong></span> <span class='ocrx_word' id='word_1_868' title='bbox 2649 5605 2931 5672; x_wconf 71' lang='lat' dir='ltr'><strong>judicium,</strong></span> <span class='ocrx_word' id='word_1_869' title='bbox 2970 5618 3019 5657; x_wconf 80' lang='lat' dir='ltr'><strong>et</strong></span> <span class='ocrx_word' id='word_1_870' title='bbox 3051 5608 3139 5674; x_wconf 69' lang='lat' dir='ltr'><strong>qui</strong></span> <span class='ocrx_word' id='word_1_871' title='bbox 3157 5606 3307 5661; x_wconf 64' lang='lat' dir='ltr'><strong>adhc»</strong></span> 
     </span>
    </p>
   </div>
   <div class='ocr_carea' id='block_1_119' title="bbox 1784 5693 3326 5765">
    <p class='ocr_par' dir='ltr' id='par_1_119' title="bbox 1784 5693 3326 5765">
     <span class='ocr_line' id='line_1_119' title="bbox 1784 5693 3326 5765; baseline -0.001 -13"><span class='ocrx_word' id='word_1_872' title='bbox 1784 5707 1921 5753; x_wconf 50' lang='lat' dir='ltr'><strong>.rent</strong></span> <span class='ocrx_word' id='word_1_873' title='bbox 1953 5697 2051 5763; x_wconf 74' lang='lat' dir='ltr'><strong>ipsi</strong></span> <span class='ocrx_word' id='word_1_874' title='bbox 2089 5712 2261 5749; x_wconf 75' lang='lat' dir='ltr'><strong>omnes</strong></span> <span class='ocrx_word' id='word_1_875' title='bbox 2300 5697 2424 5747; x_wconf 83' lang='lat' dir='ltr'><strong>recti</strong></span> <span class='ocrx_word' id='word_1_876' title='bbox 2467 5694 2636 5750; x_wconf 71' lang='lat' dir='ltr'><strong>corde.</strong></span> <span class='ocrx_word' id='word_1_877' title='bbox 2670 5693 2995 5763; x_wconf 70' lang='lat' dir='ltr'><strong>Diapsalma.</strong></span> <span class='ocrx_word' id='word_1_878' title='bbox 3039 5693 3326 5765; x_wconf 74' lang='lat' dir='ltr'><strong>Postquam</strong></span> 
     </span>
    </p>
   </div>
   <div class='ocr_carea' id='block_1_120' title="bbox 1815 5780 3325 5851">
    <p class='ocr_par' dir='ltr' id='par_1_120' title="bbox 1815 5780 3325 5851">
     <span class='ocr_line' id='line_1_120' title="bbox 1815 5780 3325 5851; baseline -0.003 -12"><span class='ocrx_word' id='word_1_879' title='bbox 1815 5797 2051 5851; x_wconf 81' lang='lat' dir='ltr'><strong>paratam</strong></span> <span class='ocrx_word' id='word_1_880' title='bbox 2104 5785 2367 5851; x_wconf 79' lang='lat' dir='ltr'><strong>peccaturi</strong></span> <span class='ocrx_word' id='word_1_881' title='bbox 2419 5783 2629 5840; x_wconf 74' lang='lat' dir='ltr'><strong>loream</strong></span> <span class='ocrx_word' id='word_1_882' title='bbox 2671 5780 3046 5850; x_wconf 77' lang='lat' dir='ltr'><strong>descripserat,</strong></span> <span class='ocrx_word' id='word_1_883' title='bbox 3095 5782 3325 5837; x_wconf 71' lang='lat' dir='ltr'><strong>faustum</strong></span> 
     </span>
    </p>
   </div>
  </div>
