3976 6356
705 420 833 477 1207
1390 432 1646 488 EUSEBII
1684 434 2149 492 C/ESARIENSIS
2185 437 2330 492 OPP.
2373 439 2547 494 PARS
2586 439 2673 494 lll.
2715 471 2780 523 ατ
2819 440 3216 495 EXEGETICA.
3382 451 3386 455 '
3701 443 3812 500 nos

696 542 820 609 quia
867 544 963 597 libi
1004 543 1127 605 Deo.
1170 554 1350 615 utpotc
1391 550 1538 618 justo
1587 560 1642 605 et
1702 554 1861 615 bono,
1901 569 2005 607 non
2070 554 2194 609 ades

2283 595 2289 611 .
2316 555 2375 606 οὐ
2407 556 2658 625 πρόσεστί
2695 572 2775 608 σοι
2805 555 2919 625 Θεῷ
2943 556 3051 609 ὄντι
3091 555 3276 624 δικαίῳ
3318 555 3409 607 καὶ
3433 554 3615 623 ἀγαθῷ
3654 555 3810 625 θρόνος

695 634 918 687 thronus
953 637 1278 705 iniquitatis;
1305 642 1481 693 omnia
1507 643 1700 711 quippe
1748 644 1894 710 justo
1931 644 2132 711 judicio
2162 659 2190 696 e

2312 644 2564 714 ἀνομίας·
2593 647 2769 699 πάντα
2810 647 2914 715 γὰρ
2956 645 3126 714 κρίσει
3162 645 3340 714 δικαία
3374 646 3467 696 καὶ⁵
3505 644 3641 714 ὀρθῷ
3687 648 3809 717 νόμῳ

693 718 838 775 recta
873 724 988 793 lege,
1011 726 1356 783 administras
1384 748 1397 783 :
1426 731 1543 783 ideo
1577 734 1727 800 ﬁngis
1756 732 1980 786 laborem
2006 736 2055 786 in
2078 750 2212 801 pra!-

691 820 867 879 cepto;
900 813 949 867 id
987 825 1087 879 est,
1128 827 1448 887 praeceptum
1484 830 1629 873 tuum
1666 823 1873 878 labores
1905 833 1958 878 et
1991 824 2212 880 sudores

696 904 835 971 parit
874 906 943 959 ob
968 909 1203 975 praemia.
1244 925 1360 978 quae
1398 920 1515 979 post
1559 913 1788 967 laborem
1845 926 2057 970 strenue
2118 918 2208 970 de-

694 1003 973 1057 certantes,
1004 999 1248 1051 alacriter
1285 1010 1335 1054 et
1380 1015 1775 1069 perseveranter
1804 1022 2008 1073 passos,
2055 1022 2209 1060 exec-

693 1091 843 1149 ptura
870 1096 1080 1139 suntne
1108 1088 1266 1145 Vens.
1300 1091 1359 1143 21
1388 1120 1411 1132 -
1430 1094 1515 1147 23.
1560 1093 1885 1147 Venabuntur
1909 1096 1961 1147 in
1982 1096 2208 1147 animant

680 1173 831 1240 justi,
871 1187 920 1229 et
960 1180 1254 1247 sanguinem
1310 1183 2089 1240 innocentemcondemnabunt.
2140 1185 2207 1239 Et

687 1263 854 1330 Iactus
886 1276 960 1319 est
1006 1270 1126 1322 milti
1157 1271 1404 1325 Dominus
1436 1274 1487 1323 in
1515 1274 1786 1341 refugium,
1815 1284 1861 1326 et
1890 1274 2028 1328 Deus
2068 1293 2205 1329 mens

686 1353 739 1403 in
767 1352 1080 1421 adjutorium
1109 1360 1215 1425 spei
1253 1375 1394 1412 metr.
1429 1360 1490 1411 Et
1520 1361 1694 1413 reddet
1734 1363 1840 1414 illis
1885 1363 2205 1431 iniquitatem

686 1442 932 1507 ipsorum,
963 1456 1009 1497 et
1044 1446 1317 1499 secundum
1350 1449 1604 1501 malitiam
1634 1466 1808 1501 eorum
1839 1451 2094 1519 disperdet
2118 1469 2203 1506 eos

690 1528 932 1584 Dominus
982 1534 1120 1587 Deus
1149 1546 1337 1589 noster.
1389 1537 1557 1606 impii,
1592 1540 1687 1601 ait,
1735 1540 1917 1593 laudiu
1971 1542 2201 1595 animam

678 1616 810 1686 justi
837 1623 1192 1687 venabantur,
1232 1626 1434 1693 laqueis
1471 1626 1612 1679 illam
1658 1632 1711 1679 et
1743 1626 1942 1681 retibus
1972 1629 2199 1682 circum-

682 1706 886 1771 dantes,
904 1710 1068 1763 donec
1095 1714 1401 1781 sanguinem
1425 1714 1751 1769 innocentem
1770 1715 2197 1778 condemnantes,

2309 734 2519 796 διοικεῖς
2538 750 2551 764 ο
2584 733 2662 787 διὸ
2686 733 2981 800 πλάσσεις
3011 738 3193 789 κόπον
3212 734 3305 787 ἐπὶ
3328 736 3684 801 πρόσταγμα,
3711 753 3809 788 του·

2308 822 2473 885 τὲστι⁹
2499 822 2558 874 τὸ
2597 823 2916 893 πρόσταγμά
2964 840 3053 875 σου
3097 823 3275 875 κόπων
3302 822 3394 874 καὶ
3431 824 3682 890 καμάτων
3714 824 3807 875 ἐστὶ

2308 913 2582 981 ποιητικὸν
2629 913 2715 965 διὰ
2754 914 2848 974 τάς
2902 912 3035 982 μετά
3073 914 3194 975 τοὺς
3233 914 3420 974 πόνους
3465 912 3807 981 διαδεξομένας

2306 1002 2529 1070 ἀμοιϐὰς
2544 1004 2667 1065 τοὺς
2684 1003 2855 1065 καλῶς
2875 1004 3301 1072 ἀγωνισαμένους
3318 1003 3407 1055 καὶ
3426 1004 3512 1055 τὸν
3528 1002 3685 1054 κόπον
3702 1021 3807 1072 προ-

2308 1089 2488 1158 θύμως
2516 1092 2605 1143 καὶ
2630 1093 2854 1155 εὐτόνως
2879 1092 3280 1161 ὑπομείναντας.
3310 1092 3705 1158 Θηρεύσουσιν
3726 1090 3804 1142 ἐπὶ

2306 1178 2510 1244 ψυχὴν
2535 1178 2784 1245 δικαίου,
2815 1181 2908 1232 ubi
2945 1177 3082 1247 αίμα
3110 1180 3298 1233 ἀθῶον
3323 1179 3804 1232 καταδικάσογται.

2306 1268 2410 1337 Καὶ
2452 1268 2681 1335 ἐγένετό
2717 1286 2816 1335 μοι
2854 1272 3064 1335 Κύριος
3106 1269 3193 1332 εἰς’
3233 1267 3603 1335 καταφυγὴν,
3650 1266 3734 1318 καὶ
3777 1270 3804 1319 ό

2306 1357 2443 1420 Θεός
2474 1376 2590 1424 μου
2610 1361 2693 1422 είς
2725 1358 2950 1424 ,βοηθὸν
2972 1358 3211 1423 ἐλπίδος
3235 1376 3368 1425 μου.
3401 1356 3508 1409 Kal
3539 1354 3801 1408 ἀποδώσει

2301 1449 2617 1515 αι’ντυῖςτὴν
2631 1449 2878 1515 ἀνομίαν
2900 1447 3109 1511 αὐτῶν,
3130 1450 3222 1502 καὶ
3239 1449 3385 1502 κατὰ
3410 1447 3521 1514 τὴν
3541 1447 3802 1513 πονηρίαν

2298 1535 2490 1589 αὐτῶν
2527 1538 2758 1605 dear-tsi
2790 1537 3009 1601 αὐτοὺς
3050 1538 3257 1603 Κύριος
3296 1539 3329 1589 ό
3374 1535 3514 1600 θεὸς
3552 1533 3726 1602 ἡμῶν.
3752 1536 3802 1587 0i

2301 1629 2398 1697 μὲν
2422 1628 2651 1689 ἀσεϐεῖς,
2680 1629 2858 1697 φησὶν,
2882 1626 2971 1680 ἐπὶ
2990 1627 3234 1679 τοσοῦτον
3255 1625 3357 1696 τὴν.
3373 1625 3465 1678 τοῦ
3506 1625 3699 1677 δικαίου
3721 1624 3803 1691 ψυ-

2298 1719 2396 1787 χὴν
2420 1716 2733 1787 θηρεύσουσι
2757 1716 2971 1784 παγίσιν
3001 1715 3164 1784 αὐτὴν
3196 1716 3287 1768 καὶ⁴
3315 1715 3546 1776 δικτύοις
3571 1713 3801 1782 περιϐάλ-

681 1812 797 1850 eam
830 1798 895 1852 ad
944 1809 1168 1854 mortem
1208 1818 1375 1871 usque
1408 1804 1741 1861 deduxerint.
1788 1806 1900 1859 Non
1934 1808 2073 1860 enim
2118 1817 2194 1861 sat

2298 1806 2490 1870 λοντες,
2517 1806 2617 1865 ἕως
2647 1807 2733 1857 ὅτε
2775 1806 2869 1858 καὶ
2896 1806 3051 1876 μέχρι
3068 1805 3288 1858 θανάτου
3323 1804 3701 1875 περιελάσωσιν
3723 1804 3802 1855 αύ-

668 1880 783 1939 itlis
814 1896 938 1941 sunt
979 1890 1185 1941 inuicta:
1224 1892 1583 1959 pecuniarum.
1620 1911 1789 1962 neque
1832 1896 1995 1964 plagae
2024 1897 2201 1949 vulne-

678 1992 842 2046 raque
866 1981 1076 2047 corpori
1108 1980 1372 2047 justorum
1407 1983 1636 2047 inﬂicta;
1684 1986 1774 2038 sed
1808 1988 1965 2038 etiam
2013 1986 2199 2038 mortis

679 2070 991 2121 sententiam
1039 2078 1089 2121 et
1130 2070 1390 2123 calculum
1428 2082 1609 2125 contra
1646 2076 1761 2129 illos
1796 2076 1989 2130 ferunt.
2019 2077 2092 2130 Ac
2124 2077 2197 2130 illi

678 2156 890 2223 quidem
918 2160 992 2211 ita‘
1017 2175 1073 2213 se
1099 2161 1291 2215 habent
1321 2178 1332 2211 :
1361 2178 1457 2231 ego
1493 2180 1621 2217 vero
1646 2181 1758 2226 eos.
1785 2166 1906 2220 licet
1936 2167 2197 2233 ejusmodi

678 2248 805 2309 sint,
832 2259 1167 2307 cootemnere
1194 2255 1412 2308 edoctus
1460 2272 1599 2319 sum,
1640 2264 1691 2309 et
1740 2272 1905 2325 usque
1940 2256 2005 2309 ad
2054 2273 2195 2310 mor-

676 2344 781 2391 tem
807 2354 924 2392 cum
956 2342 1147 2395 ﬁducia
1177 2346 1486 2407 consistere.
1517 2362 1715 2414 gnarus
1742 2362 1827 2400 me
1868 2362 1965 2415 pro
1993 2347 2199 2415 refugio

675 2426 957 2482 Dominum
998 2430 1213 2493 habere,
1253 2442 1303 2486 et
1325 2450 1421 2502 pro
1444 2435 1706 2503 adjutorio
1735 2438 1843 2504 spei
1879 2452 2005 2490 mea:
2034 2436 2194 2491 Deum

675 2530 871 2571 meum.
909 2518 1009 2584 Qui
1051 2520 1310 2590 refugium
1350 2540 1522 2577 meum
1569 2524 1807 2587 ell‘eCtus,
1859 2527 2197 2580 auxiliabitur

676 2606 845 2671 mihi;
898 2607 951 2660 in
1001 2618 1157 2677 caput
1196 2625 1316 2664 vero
1345 2626 1526 2665 eorum
1571 2614 1661 2681 qui
1709 2622 1924 2682 captant
1964 2614 2194 2667 animam

672 2695 825 2761 justi,
860 2705 912 2750 et
958 2701 1263 2767 sanguinem
1297 2703 1624 2757 innocentem
1670 2704 2043 2762 condemnant.
2093 2704 2195 2756 ini-

676 2786 931 2853 quitatem
974 2789 1211 2858 ipsorum
1252 2795 1597 2861 retorquebit,
1629 2802 1681 2847 et
1724 2794 1977 2847 malitiam
2011 2808 2191 2846 eorum

674 2876 929 2931 adversus
944 2893 1036 2932 eos
1061 2878 1187 2947 justi
1204 2880 1391 2948 judicii
1412 2891 1645 2950 tempore
1668 2891 1960 2943 convertet,
1985 2882 2195 2950 quando

672 2964 941 3033 disperdet
982 2983 1075 3023 eos
1119 2968 1373 3024 Dominus
1418 2969 1557 3025 Deus
1601 2980 2012 3040 noster:quare
2054 2969 2193 3024 Deus

674 3056 936 3110 ultionum
964 3058 1116 3112 initio
1137 3059 1327 3127 psalmi
1358 3059 1534 3114 dictus
1565 3068 1665 3114 est.

1089 3230 1161 3298 (ι)
1204 3228 1518 3285 ρδΑωιυε
1551 3229 1729 3285 xcrv.

753 3315 912 3371 Vens.
945 3317 992 3370 i.
1046 3317 1214 3371 Venite
1271 3320 1579 3371 exsultemns
1632 3317 1873 3378 Domino,
1912 3317 2189 3386 jnbilemus

676 3408 781 3462 Deo
816 3407 1075 3462 Saluatori
1123 3418 1316 3462 nostra.
1356 3409 1505 3477 Apud
1551 3407 1798 3463 llebrmos
1836 3409 1979 3462 nulla
2024 3406 2192 3461 fertur

673 3498 953 3566 inscriptio
984 3518 995 3551 :
1032 3507 1085 3550 et
1114 3499 1305 3551 merito
1336 3513 1495 3564 sane;
1543 3514 1716 3566 neque
1745 3499 1883 3551 enim
1912 3504 2193 3550 constents-

672 3602 830 3640 neum
867 3596 999 3645 erat.
1032 3596 1089 3639 ut
1118 3589 1197 3641 vel
1222 3588 1478 3656 psalmus.
1502 3588 1584 3640 vel
1619 3588 1867 3656 hymnus,
1905 3586 1985 3640 vel
2025 3585 2192 3638 canti-

671 3692 792 3729 cum
823 3677 1222 3737 inscriberetur,
1256 3692 1377 3730 cum
1406 3675 1707 3730 Judteorum
1738 3677 1950 3744 quidem
1981 3684 2189 3745 gentem

672 3768 738 3819 ad
766 3767 1173 3821 exsultationem
1204 3774 1407 3824 evocet.
1443 3766 1573 3835 ipsis
1600 3778 1776 3819 tamen
1823 3768 2190 3820 interminetur

671 3856 827 3915 iram,
856 3866 905 3908 et
928 3863 1307 3924 prmeeptorum
1338 3858 1487 3909 linem
1508 3856 1748 3909 tristibus
1766 3854 2183 3908 circumscribat.

674 3944 936 3997 Observes
966 3960 1119 4011 porro
1141 3944 1495 4003 velim.sicuhi
1515 3945 1643 3997 alias
1667 3945 1719 3998 in
1745 3943 2017 4013 Scriptura
2037 3944 2185 4007 illud,

672 4033 853 4088 renite.
884 4032 1081 4085 dictum
1112 4035 1198 4095 sit,
1227 4034 1489 4101 quomodo
1514 4049 1605 4088 eos
1625 4034 1776 4103 quasi
1808 4035 1903 4087 abs
1921 4048 1977 4087 se
2005 4034 2190 4102 procul

673 4128 906 4174 remotos
942 4121 1005 4173 ad
1041 4122 1391 4186 accedendum
1426 4131 1690 4190 provocet.
1725 4120 1856 4174 Nota
1902 4122 2022 4174 item
2071 4135 2188 4174 eam

671 4206 1004 4263 vocationem
1034 4225 1242 4278 semper
1268 4210 1331 4263 ad
1361 4210 1553 4284 bonum
1588 4210 1799 4280 aliquod
1829 4210 2057 4279 dirigere
2089 4229 2101 4264 :
2135 4216 2190 4261 ut

672 4298 728 4351 in
758 4298 848 4353 illo
882 4317 894 4351 :
943 4298 1134 4360 Venite,
1175 4300 1293 4367 ﬁlii,
1323 4299 1593 4352 auditeme
1620 4301 1697 4365 ⁸¹;
1729 4309 1781 4356 et.
1824 4319 1838 4355 :
1873 4299 2070 4362 Venite,
2104 4317 2190 4353 as-

673 4387 944 4440 rendamus
968 4388 1041 4451 ad
1070 4398 1286 4440 montem
1319 4387 1525 4441 Domini
1545 4389 1620 4450 ";
1660 4397 1712 4442 et
1752 4407 1765 4444 :
1810 4389 1980 4442 Venite
2016 4391 2082 4442 ad
2113 4406 2190 4443 me

2297 1896 2411 1967 τὴν,
2443 1890 2577 1965 αἷμα
2601 1894 2769 1947 ἀθῶον
2792 1892 3246 1957 καταδικάζοντες.
3276 1896 3387 1946 Οὐκ
3408 1893 3692 1963 ἀρκοῦνται
3709 1893 3803 1961 γὰρ

2297 1991 2410 2048 ταῖς
2433 1990 2517 2042 διὰ
2535 1988 2822 2059 χρημάτων
2844 1988 3077 2057 ζημίαις,
3100 1987 3214 2039 οὐδὲ
3240 1989 3355 2047 ταῖς
3373 1986 3512 2038 κατὰ
3533 1986 3623 2037 τοῦ
3649 1984 3802 2053 σῶμα·

2294 2094 2383 2139 τος
2407 2076 2511 2127 τῶν
2552 2079 2768 2130 δικαίων
2814 2078 3042 2147 πληγαῖς
3070 2093 3128 2129 τε
3176 2077 3263 2128 καὶ
3308 2074 3530 2137 αἰκίαις,
3566 2074 3690 2127 ἀλλά
3724 2075 3803 2126 καὶ

2296 2168 2389 2235 τὴν
2417 2166 2506 2217 ἐπὶ
2546 2166 2750 2234 θανάτῳ
2795 2167 2966 2237 ψῆφον
2998 2167 3113 2219 κατ’
3153 2164 3325 2217 αὐτῶν
3368 2166 3667 2233 ἐκφέρουσι.
3701 2166 3780 2215 Κά

2295 2256 2455 2305 κεῖνοι
2483 2252 2577 2321 μὶν
2605 2241 2824 2320 τοζοῦτοι
2841 2270 2853 2281 ο
2880 2252 2988 2319 ἐγὼ
3009 2254 3065 2305 δὲ
3088 2255 3179 2306 καὶ
3207 2252 3453 2305 τοιούτων
3478 2255 3802 2323 καταφρονεῖν

2298 2340 2640 2412 μεμαθηκὼς,
2671 2342 2760 2394 καὶ
2795 2341 2949 2411 μέχρι
2989 2341 3212 2394 Θανάτου
3246 2342 3520 2411 εὐθαρσῶς
3559 2342 3800 2403 ἵστασθαι,

2294 2432 2443 2496 εἰδὼς
2476 2434 2613 2502 ἔχειν
2638 2432 2851 2501 ἐμαυτῷ
2876 2434 3187 2501 καταφυγὴν
3217 2434 3305 2484 τὸν
3329 2433 3551 2502 Κύριον,
3578 2435 3665 2485 καὶ
3690 2434 3799 2504 βοη-

2294 2524 2381 2576 θὸν
2413 2524 2617 2585 ἐλπίδος
2653 2540 2751 2591 μου
2778 2522 2863 2576 τὸν
2896 2521 3022 2573 Θεόν
3061 2538 3185 2591 μουο
3212 2522 3268 2584 ὃς
3303 2522 3425 2591 ἐμοὶ
3455 2523 3552 2591 μὲν
3578 2522 3801 2591 βοηθήσει

2294 2614 2570 2679 καταφυγή
2606 2629 2700 2681 μου
2730 2612 3032 2680 γινόμενος·
3068 2613 3175 2673 τοῖς
3198 2611 3252 2663 δὲ
3277 2610 3559 2680 θηρεύουσι
3598 2612 3687 2682 τὴν
3713 2611 3803 2679 ψυ-

2292 2703 2389 2771 χὴν
2404 2701 2495 2753 τοῦ
2519 2702 2740 2766 δικαίου,
2767 2702 2856 2754 καὶ
2880 2694 3012 2770 αἷμα
3034 2700 3201 2753 ἀθῶον
3216 2701 3671 2763 καταδικάζουσιν,
3693 2702 3803 2751 ἀπο

2292 2789 2447 2841 δώσει
2479 2789 2571 2858 τὴν
2594 2789 2817 2857 ἀνομίαν
2842 2788 3013 2841 αὐτῶν
3037 2791 3113 2851 είς
3134 2789 3365 2857 κεφαλὴν
3386 2790 3583 2853 αὐτῶν,
3612 2790 3695 2841 καὶ
3718 2788 3803 2857 τὴν

2293 2879 2549 2948 πονηρίαν
2582 2877 2753 2931 αὐτῶν
2802 2879 3013 2948 στρέψει
3045 2879 3159 2931 κατ’
3198 2878 3371 2930 αὐτῶν
3413 2881 3471 2930 ὲν
3500 2878 3576 2947 τῷ
3618 2878 3705 2946 τῆς
3736 2878 3802 2929 διο

2291 2968 2621 3037 καιοκρισίας
2663 2966 2853 3036 καιρῷ,
2892 2969 2975 3019 ὅτε
3007 2968 3098 3019 καὶ
3143 2968 3355 3035 ἀφανιεῖ
3394 2967 3584 3028 αὐτοὺς
3624 2967 3801 3035 Κύριος

2290 3056 2318 3107 ὀ
2337 3056 2461 3118 Θεὸς
2495 3056 2666 3125 ἡμῶν
2696 3056 2774 3109 διὸ
2798 3057 2889 3109 καὶ
2912 3056 3038 3120 Θεὸς
3058 3056 3376 3126 ὲκδικήσεων
3410 3056 3528 3108 κατ’
3553 3055 3713 3127 ἀρχὰς
3737 3054 3803 3104 εῖ-

2216 3172 2257 3229 C
2293 3163 2449 3216 ρηται
2477 3146 2565 3199 τοῦ
2593 3146 2818 3216 ψαλμοῦ.

2836 3237 3117 3290 ΨΛΛΜΟΣ
3153 3238 3259 3303 ι,Δ’.

2354 3325 2523 3377 Δεῦτε
2553 3324 3033 3394 ἀγαλλιασώμεθα
3066 3326 3145 3390 τῷ
3176 3325 3383 3391 Κυρίῳ,
3430 3321 3802 3391 ἁλαλάξωμιν

2284 3407 2362 3477 ’έῷ
2386 3412 2500 3476 Θεῷ
2516 3413 2591 3477 τῷ
2616 3414 2832 3481 Σωτῆρι
2849 3414 3026 3481 ἡμῶν.
3052 3415 3123 3466 Οὐ
3151 3414 3366 3483 φέρεται
3396 3414 3521 3483 παρ’
3552 3412 3766 3481 Ἐὅραίοι

2284 3505 2317 3573 ή
2349 3505 2663 3574 προγραφή⁶
2708 3504 2797 3555 καὶ
2842 3504 3088 3566 εἰκότωςο
3126 3502 3243 3555 οὕτε
3275 3503 3382 3573 γὰρ
3421 3502 3645 3570 ψαλμὸν,
3691 3500 3795 3553 οὔτ’

2287 3591 2468 3661 ὕμνον,
2502 3591 2620 3644 οὔτε
2674 3592 2809 3663 ᾠδὴν
2853 3591 3061 3660 εὔλογον
3096 3587 3161 3661 ἦν
3210 3592 3546 3661 ἐπιγράφειν,
3586 3591 3670 3641 τὸν
3708 3607 3792 3641 και

2284 3681 2471 3734 λοῦντα
2504 3683 2598 3751 μὲν
2618 3683 2704 3733 τὸν
2747 3683 3004 3735 Ἰουδαίων
3034 3682 3155 3734 λαὸν
3186 3682 3275 3733 ἐπὶ
3300 3681 3627 3749 ἀγαλλίασιν,
3654 3682 3793 3731 ἀπει-

2285 3768 2474 3821 λοῦντα
2508 3762 2563 3821 δὲ
2595 3771 2770 3831 αὐτοῖς
2801 3770 2962 3839 ὀργὴν
2994 3769 3083 3822 καὶ
3120 3769 3185 3820 τὰ
3218 3769 3355 3837 τέλη
3375 3768 3480 3820 τῶν
3512 3765 3800 3836 παραγγελ-

2289 3858 2469 3927 μάτων
2496 3859 2584 3909 ὲπὶ
2628 3857 2958 3927 σκυθρωποῖς
2989 3858 3405 3926 περιγράφοντα.
3440 3856 3719 3924 Σημειώσῃ
3750 3851 3799 3904 δὲ

2285 3946 2460 3997 εἵπου
2494 3947 2583 3998 καὶ
2622 3944 2846 4014 ἀλλαχοῦ
2880 3946 2975 4014 τῆς
3002 3945 3219 4014 Γραφῆς
3245 3944 3321 4005 τὸ,
3355 3942 3543 4004 δεῦτε,
3582 3944 3796 4011 simul,

2287 4034 2376 4085 καὶ
2401 4032 2516 4083 τίνα
2546 4032 2735 4102 τρόπον
2758 4031 2831 4094 ὡς
2855 4032 3162 4098 ἀφεστῶτας
3186 4032 3276 4082 καὶ
3302 4029 3512 4100 μακρὰν
3532 4028 3800 4096 γεγονότας

2286 4120 2594 4192 πλησιάζειν
2619 4122 2762 4190 αὑτῷ
2782 4122 2929 4173 καλεῖ
2950 4138 2959 4149 '
2985 4123 3235 4193 τηρήσεις
3253 4121 3343 4173 καὶ
3367 4104 3447 4172 ὃτί
3468 4121 3688 4174 πάντοτε
3712 4116 3799 4188 τὴν

2286 4212 2469 4281 κλῆσιν
2496 4212 2578 4262 ἐπ’
2610 4210 2791 4279 ἀγαθῷ
2819 4213 3062 4273 ποιεῖται,
3104 4212 3176 4273 ὡς
3209 4213 3263 4262 ὲν
3289 4209 3384 4278 τῷ,
3413 4210 3585 4261 Δεῦτε
3613 4206 3797 4273 τέχνη,

2284 4299 2572 4354 ἀκούσατέ
2607 4317 2741 4367 μου,
2766 4301 2877 4361 καὶ,
2905 4300 3074 4352 Δεῦτε
3114 4299 3408 4367 tit-a663er
3447 4301 3533 4363 εἰς
3567 4298 3631 4350 τὸ
3677 4297 3800 4362 ὄρος

2286 4389 2518 4455 Κυρίου,
2546 4388 2654 4448 καὶ,
2685 4388 2857 4440 Δεῦτε
2888 4388 3034 4455 πρὸς
3055 4389 3130 4456 με
3157 4387 3371 4452 πάντες
3392 4390 3445 4440 οἱ
3471 4385 3795 4447 κοπιῶντες,

674 4492 844 4528 omnes
872 4476 958 4544 qui
983 4475 1230 4529 laboratis
1261 4478 1338 4542 ";
1381 4486 1432 4531 et
1460 4494 1474 4528 τ
1516 4477 1707 4541 Venite,
1739 4478 1983 4530 benedicti
2016 4478 2187 4531 Patris

2290 4478 2398 4535 καὶ,
2433 4475 2603 4527 Δεῦτε
2643 4477 2694 4527 οι
2737 4474 3112 4543 εὐλογημένοι
3152 4476 3520 4539 τοῦ,11ατρός
3549 4488 3679 4538 μου.
3720 4472 3799 4521 Ἐν

677 4566 775 4617 mei
804 4565 869 4617 ".
911 4565 966 4617 lu
1002 4566 1100 4618 hoc
1139 4574 1310 4619 autem
1346 4567 1546 4632 psalmo
1573 4568 1716 4620 clare
1766 4565 1829 4618 ad
1878 4565 2187 4619 exsultatio-

671 4667 794 4706 nem
828 4652 1004 4705 venire
1033 4662 1298 4720 provocat.
1323 4654 1496 4718 Quare
1525 4655 1773 4709 observes
1801 4654 1944 4716 item,
1975 4668 2081 4707 non
2106 4670 2188 4707 re-

673 4751 755 4794 cte
783 4740 1043 4794 aestimare
1079 4757 1189 4803 eos,
1247 4743 1337 4811 qui
1371 4743 1555 4811 jugum
1592 4744 1865 4812 religionis
1922 4744 2071 4797 triste
2123 4758 2186 4796 ac

672 4830 951 4884 molestum
976 4845 1094 4883 esse
1120 4832 1445 4885 arbitrantur
1493 4851 1504 4883 :
1552 4834 1613 4883 ad
1647 4834 1781 4886 bona
1819 4834 2012 4905 quippe
2038 4843 2091 4887 et
2119 4833 2183 4889 ad

673 4919 789 4971 laxta
819 4919 1146 4971 vocationem
1187 4919 1312 4974 edit.
1342 4919 1435 4973 His
1475 4935 1752 4989 compares
1778 4922 1905 4974 illud
1949 4940 1962 4975 :
2008 4921 2185 4976 Disce-

670 5006 775 5058 dite
825 5008 878 5059 in
925 5009 1088 5076 ignem
1116 5018 1358 5059 aeternum
1402 5010 1468 5071 ",
1506 5019 1559 5063 et
1588 5008 1801 5070 similia,
1834 5024 1949 5076 quae
1982 5011 2185 5064 ratione

674 5096 831 5161 longe
860 5096 1121 5147 contraria
1158 5104 1208 5147 et
1231 5095 1437 5149 diversa
1468 5098 1535 5150 ab
1582 5098 1693 5157 illo,
1730 5100 1909 5158 venite,
1951 5106 2186 5165 peccato-

674 5183 824 5235 ribus
840 5181 1107 5235 dicuntur.
1140 5183 1397 5246 Quoniam
1425 5184 1678 5235 bellorum
1703 5191 1939 5251 tempore
1961 5188 2187 5238 victores

671 5271 896 5339 jubilare
940 5272 1127 5327 solent.
1163 5279 1320 5338 atque
1358 5271 1520 5322 altum
1561 5272 1893 5325 conclamare
1934 5273 2187 5327 adversus

675 5363 946 5423 inimiCos;
980 5373 1271 5428 opportune
1312 5356 1415 5413 non
1459 5361 1615 5412 modo
1648 5360 1875 5427 gaudere
1915 5369 1966 5414 et
2014 5363 2190 5415 exsol-

673 5458 805 5511 tare,
840 5450 932 5503 sed
971 5451 1127 5501 etiam
1158 5450 1223 5502 de
1254 5458 1400 5516 parta
1450 5449 1667 5500 salutari
1701 5450 1920 5501 victoria
1962 5451 2187 5518 jubilare

675 5540 927 5609 pracipit.
952 5538 1083 5605 Quis
1106 5548 1275 5592 autem
1305 5539 1461 5592 fuerit
1488 5537 1728 5590 Salvator
1753 5548 1801 5591 et
1830 5538 1964 5593 Deus
1986 5550 2185 5604 noster,

740 5655 783 5684 "
820 5652 957 5713 Psal.
993 5665 1188 5707 xxxiii.
1224 5650 1306 5702 l2.
1382 5650 1426 5681 ⁸⁸
1469 5649 1567 5703 Isa.
1602 5666 1671 5710 ιι,
1706 5650 1755 5702 3.

744 5742 813 5809 tl)
857 5742 1006 5811 Vulg.
1039 5744 1212 5806 habet,
1250 5740 1381 5795 Laus
1407 5743 1588 5793 cantici
1624 5744 1713 5807 ipsi
1740 5741 1920 5796 David.

2287 4566 2343 4618 δὲ
2383 4564 2457 4633 τῷ
2510 4564 2642 4632 μετά
2674 4567 2855 4633 χεῖρας
2897 4564 3091 4634 ψαλμῷ
3142 4564 3322 4630 σαφῶς
3362 4563 3453 4614 ἐπὶ
3499 4560 3798 4627 ἀγαλλίασιν

2283 4655 2436 4722 ἥκειν
2466 4653 2780 4723 παρακαλεῖ.
2800 4652 2885 4703 Διὸ
2910 4649 3203 4721 σημειώσῃ.
3224 4651 3301 4711 ὅτι
3333 4650 3403 4720 μὴ
3426 4649 3601 4709 καλῶς
3625 4645 3799 4716 ἡγοῦ*

2285 4760 2373 4795 ται
2399 4746 2442 4795 οἱ
2476 4743 2785 4811 σκυθρωπὸν
2814 4743 2902 4795 καὶ
2940 4742 3191 4812 ᾲπὶλυπον
3222 4740 3524 4809 νομίζοντες
3562 4736 3694 4791 εἶναι
3717 4737 3798 4789 τὸν

2284 4833 2382 4901 τῆς
2411 4833 2705 4897 θεοσεὸείας
2739 4834 2921 4901 ζυγόν·
2955 4836 3036 4885 ἐπ’
3065 4834 3278 4900 ἀγαθοῖς
3304 4832 3408 4901 γὰρ
3444 4832 3535 4884 καὶ
3575 4829 3809 4899 φαιδροῖς

2288 4926 2509 4976 ποιεῖται
2532 4925 2627 4994 τὴν
2650 4924 2852 4991 κλῆσιν.
2877 4923 3087 4985 Τούτοις
3118 4923 3350 4989 παράθες
3377 4920 3454 4984 τὸ,
3486 4920 3800 4986 Πορεύεσθε

2285 5017 2369 5076 εὶς
2402 5015 2465 5066 τὸ
2490 5016 2603 5081 πῦρ
2644 5014 2705 5066 τὸ
2732 5016 2979 5075 αἰώνιον,
3010 5014 3100 5068 καὶ
3128 5014 3195 5065 τά
3228 5014 3401 5080 ὃμοια,
3442 5011 3693 5072 ἐναντίως
3728 5010 3798 5070 τὸ,

2287 5102 2470 5163 δεῦτε,
2511 5108 2617 5166 τοῖς
2659 5105 3014 5174 ἁμαρτάνουσι
3052 5103 3326 5170 λεγόμενα.
3372 5100 3580 5171 Ἐπειδὴ
3610 5102 3667 5152 ὲν
3702 5104 3801 5160 τοῖς

2287 5198 2489 5261 καιροῖς
2527 5194 2627 5245 τῶν
2654 5195 2777 5246 πολέ
2786 5212 2895 5262 μων
2927 5196 2973 5244 οἱ
2998 5192 3247 5251 νικῶντες
3264 5188 3543 5254 ἀλαλάζειν
3568 5190 3797 5249 εἰώθασι,

2288 5284 2377 5333 καὶ
2406 5286 2542 5353 μέγα
2574 5284 2695 5353 βοᾷν
2719 5283 2854 5335 κατά
2884 5282 2988 5332 τῶν
3016 5280 3295 5349 πολεμίων,
3320 5281 3537 5343 εἰκότως
3560 5282 3616 5332 οὺ
3655 5279 3800 5349 μόνον

2289 5370 2485 5439 χαίρειν
2513 5373 2602 5423 καὶ
2640 5370 2908 5437 ἁγαλλιᾷν,
2943 5366 3073 5418 ἀλλά
3101 5368 3188 5418 καὶ
3213 5365 3488 5430 ἀλαλάζειν
3518 5367 3686 5436 ὲπὶτῇ
3714 5382 3803 5417 σω-

2287 5458 2453 5525 τηρίῳ
2482 5458 2603 5528 νίκῃ
2631 5458 2962 5527 προστάττει.
3000 5453 3092 5515 Τίς
3114 5454 3157 5506 δ’
3187 5455 3249 5507 ἂν
3277 5456 3359 5523 εἵη
3392 5456 3419 5505 ὁ
3447 5453 3629 5524 Σωτὴρ
3656 5454 3800 5523 ἡμῶν

2290 5544 2379 5594 καὶ
2408 5543 2537 5606 Θεὸς
2573 5545 2742 5613 ἡμῶν,
2779 5543 2811 5612 ἢ
2842 5546 2868 5595 ὁ
2897 5541 2989 5594 τοῦ
3028 5540 3157 5593 Θεοῦ
3187 5541 3352 5608 Λόγος
3390 5543 3418 5593 ὁ
3450 5540 3632 5605 είπὼν,
3664 5542 3797 5604 Θαρ-

1845 5650 1887 5679 “
1930 5649 2110 5704 Matth.
2146 5667 2217 5717 ιι,
2248 5651 2332 5704 ‘28.
2408 5655 2450 5685 "
2492 5654 2671 5707 Matth.
2709 5671 2830 5714 xxv,
2867 5652 2952 5705 56.
3028 5652 3071 5685 ⁵⁸
3109 5653 3235 5707 ibid.
3271 5652 3358 5706 Μ.
