3960 6352
35 464 149 519 ΙΞΟΘ

1049 493 1055 501 ι
1100 457 1589 513 COMMENTARIA
1617 458 1683 512 IN
1723 456 2050 514 PSALMOS.

3020 462 3156 517 121⁸)

36 578 191 637 reice,
224 577 338 645 erit)
362 577 641 643 νενίκηκα
668 576 767 628 τίθη
792 578 1043 644 κόσμοη
1071 579 1099 629 ὁ
1129 576 1220 628 καὶ
1248 576 1540 645 ῥυσάμενος

1655 575 1740 629 iisi
1800 575 1889 628 Dei
1936 574 2160 629 Verbum
2191 576 2330 644 quod
2372 575 2549 632 dixit:
2590 578 2876 645 Con/Edita,
2928 596 3018 651 ego
3064 580 3159 633 vici

35 670 158 736 ἡμᾶς
185 669 294 719 ἀπὸ
319 669 415 735 τῆς
456 668 615 719 πάλαι
655 666 1089 734 κατακρατούσης
1114 665 1267 734 ἡμῶν
1305 666 1541 733 δαιμονι-

36 758 115 825 ei};
156 758 448 826 ἐνεργείας,
493 751 551 809 οὗ
599 758 689 809 καὶ
727 755 785 808 τὸ
831 754 1030 824 Ἰησοῦς
1075 755 1239 825 ὄνομα
1258 770 1545 822 σωτηριον

37 846 284 915 Ἐδραῖκῇ
337 849 480 915 φωνῇ
526 846 789 915 σημαίνει.
838 844 995 905 Τίνας
1031 844 1086 897 δὲ
1134 843 1545 914 προηγουμένως

36 939 49 986 5
71 936 218 1001 λόγος
252 937 342 988 ἑπὶ
365 936 460 1005 τῆν
482 934 783 1001 άγαλλίασιν
804 933 1118 1003 παρακαλεῖ,
1151 932 1325 1005 εὕροις
1348 933 1412 986 ἂν
1432 936 1545 985 ὲπιο

36 1027 217 1095 στήσας
238 1029 348 1085 τοῖς
371 1025 511 1094 ἑξῆς,
545 1026 601 1075 ἑν
630 1018 707 1085 οἷς
734 1021 958 1093 εἴρηται,
993 1024 1148 1076 Κατὰ
1180 1024 1290 1089 τὴν
1328 1023 1548 1091 ἡμέραν

35 1116 122 1169 τοῦ
156 1115 479 1182 πειρασμοῦ
504 1114 569 1166 ἐν
598 1110 670 1180 τῇ
703 1112 910 1180 ἐρήμῳ,
940 1108 1009 1167 οὗ
1047 1112 1365 1179 exeipde
1397 1130 1473 1180 με
1496 1115 1548 1164 οἱ

36 1206 268 1273 πατέρες
316 1202 495 1271 ὑμῶν.
536 1202 723 1270 Σαφῶς
750 1204 855 1272 γὰρ
882 1202 967 1255 διὰ
1015 1202 1208 1255 τούτων
1252 1203 1398 1274 δηλοῖ
1427 1204 1547 1263 τοὺς

36 1298 166 1358 υἱοὺς
194 1296 301 1347 τῶν
340 1296 395 1346 ὲν
430 1296 492 1363 τῇ
534 1296 718 1363 ἐρήμῳ
752 1293 1284 1361 παραπικρανάντων.
1328 1291 1479 1359 δῆλον
1505 1291 1548 1342 δ’

36 1390 98 1437 Ξτι
118 1385 236 1446 τοὺς
257 1385 320 1436 ἑκ
344 1383 652 1452 περιτομῆς.
675 1384 899 1444 Τούτους
918 1382 1194 1451 τοιγαροῦν
1214 1382 1549 1433 ἀνακαλεῖται

36 1477 216 1538 λέγων·
254 1473 427 1525 Δεῦτε
446 1472 924 1540 ἀγαλλίασὼμεθα
955 1471 1032 1535 τῷ
1064 1472 1269 1537 Κιιρίῳ.
1297 1469 1547 1531 Θεσπίςει

36 1565 65 1615 5‘
94 1566 171 1615 ὅτι
207 1564 280 1633 μὴ
319 1562 698 1615 ὑπακούσονται
730 1565 793 1631 τῇ
829 1562 1045 1631 κλήσει·
1078 1561 1219 1628 λέγει
1251 1561 1292 1613 δ’
1319 1556 1411 1613 οὖν
1457 1560 1547 1611 ἐπὶ⁸

36 1657 183 1707 τέλει·
227 1654 341 1707 Ἀεὶ
385 1651 715 1707 πλανῶνται
744 1651 815 1719 τῇ
861 1651 1087 1719 καρδίᾳ.
1130 1652 1303 1704 Αὐτοὶ
1340 1650 1406 1702 δὲ
1442 1652 1549 1703 οὐκ

36 1748 290 1813 ἔγνωσαν
314 1746 421 1809 τὰς
467 1742 641 1808 ὁδούς
671 1761 806 1811 μου,
859 1743 937 1807 ὡς
965 1741 1167 1810 ὤμοσα
1192 1742 1258 1795 ὲν
1292 1740 1367 1809 τῇ
1406 1736 1548 1808 ὀργῇ

35 1852 153 1901 μου,
192 1837 245 1886 ει
279 1834 716 1887 εἰσελεύσονται
750 1835 834 1897 είς
869 1833 982 1901 τὴν
1012 1831 1381 1883 κατάπαυσίν
1411 1818 1545 1898 μου.

1642 664 1885 716 mundum
1901 666 1965 725 ⁵⁷,
1996 672 2263 731 atquenos
2290 666 2356 720 ab
2389 666 2582 722 eﬂicaci
2626 671 2710 723 illa
2734 671 3031 725 damonum
3053 670 3161 721 vir-

1641 765 1751 811 tute
1771 796 1784 820 ,
1845 772 1962 826 qua:
1995 758 2147 810 nobis
2166 757 2287 810 olim
2310 756 2986 824 dominabatur,liberavit;
3009 760 3164 827 cujus

1643 862 1832 900 nomen
1864 845 2035 910 Jesus,
2086 846 2314 899 salutare
2366 846 2621 900 Hebraice
2661 848 2957 917 signiﬁcat?
2985 847 3165 913 Quos-

1646 952 1764 988 nam
1797 952 1924 990 vero
1955 938 2215 1005 przecipue
2249 937 2310 990 ad
2345 937 2749 993 exsultationem
2792 946 3036 1009 provocet
3073 936 3166 989 (Ιο-

1645 1024 1960 1095 prehendes,
2005 1026 2048 1079 si
2076 1026 2381 1081 consideres
2421 1042 2482 1081 ea
2512 1042 2630 1093 qua:
2660 1037 2972 1096 sequuntur,
3002 1034 3053 1081 et
3085 1024 3163 1080 sic

1647 1117 1858 1180 habent,
1899 1116 2185 1195 Secundum
2238 1118 2371 1171 diem
2402 1120 2699 1172 tentationis
2733 1121 2787 1172 in
2822 1120 3035 1181 deserto,
3076 1116 3167 1170 ubi

1648 1217 1967 1261 tentaverunt
1998 1223 2076 1259 me
2102 1216 2272 1276 patres
2302 1209 2470 1261 vestri.
2501 1207 2596 1263 His
2615 1210 2755 1262 enim
2787 1208 3065 1262 manifeste
3092 1207 3169 1260 si-

1646 1296 1861 1365 gnificat
1887 1296 2019 1349 filios
2046 1310 2227 1349 eorum
2254 1295 2343 1364 qui
2368 1297 2419 1348 in
2452 1296 2664 1350 deserto
2708 1296 3167 1351 exacerbaverunt

1645 1401 1788 1446 eum,
1820 1385 1933 1437 sive
1981 1386 2233 1453 pepulum
2285 1398 2348 1437 ex
2397 1384 2823 1438 circumcisione.
2874 1383 2981 1437 Hos
3009 1385 3168 1452 igitur

1644 1483 1827 1526 evocat
1852 1473 2055 1535 (licens,
2084 1472 2271 1531 Venite,
2297 1473 2609 1526 exsullemus
2638 1473 2876 1526 Domino.
2902 1472 3171 1527 Vaticina-

1645 1568 1731 1612 tur
1761 1573 1938 1627 porro,
1964 1574 2057 1611 eos
2084 1557 2347 1611 vocationi
2380 1573 2483 1611 non
2517 1560 2972 1628 obtemperaturos
3003 1576 3123 1616 esse
3153 1604 3168 1617 .

1645 1648 1718 1701 :iit
1746 1648 1887 1703 enim
1917 1650 2015 1701 sub
2045 1648 2198 1701 finem
2227 1665 2239 1701 :
2274 1650 2480 1715 Semper
2502 1661 2675 1701 errant
2704 1649 2872 1704 corde.
2907 1649 3015 1717 Ipsi
3055 1668 3172 1705 vero

1646 1755 1749 1791 non
1782 1747 2117 1807 cognoverunt
2144 1737 2251 1790 rias
2292 1754 2449 1801 meas,
2475 1740 2605 1791 sicut
2629 1739 2804 1806 juravi
2830 1737 2985 1793 in'ira
3015 1756 3129 1793 mea
3152 1779 3168 1800 ,
3229 1734 3234 1739 ’
3284 1734 3289 1741 ’

1649 1830 1694 1882 si
1742 1829 2020 1881 introibant
2058 1830 2111 1881 in
2136 1830 2356 1897 requiem
2387 1846 2572 1883 meam.
2601 1828 2861 1894 Quoniam
2910 1830 3070 1899 igitur
3095 1830 3170 1883 illi

44 1926 183 1977 Ἐπεὶ
210 1921 301 1978 οὖν
331 1927 522 1979 ἑκεῖνοι
551 1924 635 1977 ἀεὶ
666 1924 961 1977 πλανῶνται
991 1926 1054 1992 τῇ
1096 1922 1305 1992 καρδίᾳ,
1334 1918 1550 1983 εἰκότως

1655 1934 1854 1987 semper
1882 1925 2065 1972 errant
2115 1918 2305 1979 corde;
2343 1922 2529 1973 merito
2581 1922 2914 1988 subsequens
2940 1922 3174 1989 psalmus

36 2015 455 2083 δὲπιφερόμενος
507 2014 629 2083 ἑξῆς
660 2013 862 2082 ψαλμὸς
905 2011 971 2064 τὰ
1024 2011 1147 2079 ἔθνη
1194 2012 1362 2063 πάντα
1404 2009 1552 2061 καλεῖ

36 2104 115 2153 ἐπὶ
142 2103 200 2153 τὸ
250 2100 431 2155 καινὸν
460 2097 626 2172 ᾆσμα,
676 2100 767 2152 καὶ
797 2099 885 2151 ἑπὶ
926 2099 1019 2168 τὴν
1048 2100 1102 2149 ἑν
1152 2097 1267 2167 Θεῷ
1304 2098 1552 2165 ἀγαλλία-

40 2208 131 2242 σιν.

100 2280 525 2349 Προφθάσωμεν
545 2281 607 2334 τὸ
635 2281 950 2347 πρόσωπον
971 2277 1153 2331 αὐτοῦ
1176 2279 1243 2331 ἐν
1281 2279 1554 2346 ἐξομολο-

40 2373 215 2439 γήσει,
256 2372 354 2424 καὶ
396 2371 463 2423 ἐν
509 2369 761 2439 Ψαλμοῖς
804 2368 1190 2439 ἀλαλᾴξωμεν
1219 2368 1388 2431 αὐτῷ.
1432 2366 1553 2418 Ἐπὶ

42 2463 128 2530 μὲν
154 2463 247 2530 τῆς
273 2461 489 2532 πρώτης
509 2459 668 2514 αύτοῦ
685 2458 1062 2532 παρουσίαςτὸ
1093 2459 1371 2528 πρόσωπον
1392 2454 1551 2508 αὑτοῦ

40 2552 93 2604 τὺ
120 2552 291 2605 ἔνθεον
321 2554 633 2623 ἀποκρύψας
652 2556 679 2606 ὁ
714 2552 803 2604 τοῦ
836 2551 968 2605 Θεοῦ
995 2550 1179 2617 Λόγος,
1202 2548 1303 2617 τὴν
1321 2545 1411 2598 τοῦ
1433 2546 1550 2598 δού-

42 2640 122 2692 λου
157 2643 361 2711 μορφὴν
388 2642 746 2712 περιεϐάλετο·
773 2640 849 2692 διὸ
863 2640 1089 2710 εἴρηται·
1133 2640 1461 2703 Ἀνθρωπος
1486 2636 1555 2687 ἐν

45 2731 232 2799 πληηῖ
258 2732 361 2792 ὢν,
390 2732 484 2783 καὶ
510 2731 675 2795 εἰδὼς
703 2731 897 2797 φέρειν
944 2729 1274 2798 μαλακίαν·
1313 2727 1401 2781 ὅτι
1440 2728 1551 2781 ἀπ-

44 2820 279 2887 έστρεψε
310 2820 376 2873 τὸ
405 2823 719 2887 πρόσωπον
744 2819 944 2883 αὐτοῦ,
980 2819 1289 2887 ἡτιμάσθη,
1315 2820 1417 2887 καὶ,
1439 2820 1546 2872 οὐκ

46 2911 331 2979 ἐλογίσθη.
354 2909 491 2962 ηἘπὶ
522 2910 577 2963 δὲ
610 2911 706 2979 τῆς
745 2908 997 2981 δευτέρας
1045 2909 1203 2961 αὐτοῦ
1259 2908 1554 2978 παρουσίας

47 2999 519 3069 ἀνακεκαλυμμένῳ
550 2999 816 3069 προσώπῳ
848 3001 947 3075 καὶ,
981 2999 1115 3069 μετὰ
1154 2998 1424 3067 δυνάμεως
1464 2998 1555 3049 καὶ

46 3082 187 3149 δόξης
221 3083 415 3151 πολλῆς
440 3085 799 3153 ἐπιστήσεται·
834 3084 1015 3153 διόπερ
1040 3086 1067 3135 ὁ
1092 3083 1259 3148 λόγος,
1291 3082 1555 3151 προτάξας

49 3172 106 3222 τὰ
142 3172 397 3243 εἰρημένα
425 3173 509 3225 διὰ
549 3174 656 3225 τῶν
695 3172 941 3241 πρώτων,
973 3172 1112 3240 άπερ
1149 3171 1311 3241 ἐχρῆν
1341 3172 1430 3221 ἐπὶ
1458 3171 1554 3238 τῆς

51 3264 297 3334 προτέρας
324 3264 485 3317 αὑτοῦ
513 3264 804 3333 παρουσίας
833 3264 1105 3333 πράττειν,
1124 3262 1244 3331 ἑξῆς
1260 3260 1556 3331 ἀκολούθως

50 3351 138 3417 τῆς
170 3352 421 3421 δευτέρας
476 3351 633 3405 αὑτοῦ
675 3351 767 3405 κατ⁹
809 3351 1013 3415 ἐνδόξου
1060 3351 1374 3420 ἐπιφανείας
1425 3350 1555 3401 ὑπο-

53 3442 345 3510 μιμνήσκει,
372 3440 857 3512 παρακελευόμενος
877 3440 1158 3513 προδαλεῖν
1172 3441 1231 3492 τὸ
1252 3429 1454 3509 μέλλον,
1468 3438 1560 3492 καὶ

57 3532 347 3598 προφθάσαι
371 3534 430 3585 τὸ
452 3535 734 3605 πρόσωπον
768 3532 928 3586 αὑτοῦ
954 3536 1008 3585 ἑν
1032 3532 1419 3669 ἑξοξωὲογήσει.
1450 3532 1560 3581 Κα-

57 3616 129 3667 λὸν
149 3618 250 3669 γὰο
273 3620 573 3669 ποοωθάσαι
607 3620 697 3669 καὶ
722 3619 1021 3669 προλαϐεῖν.
1061 3621 1151 3669 καὶ
1202 3619 1303 3669 ,οὶν
1336 3618 1559 3669 φανῆναι

52 3615 129 3667 λὸν
149 3618 250 3688 γὰρ
273 3620 573 3689 προφθάσαι
607 3620 697 3671 καὶ
722 3619 1021 3689 προλαϐεῖν,
1061 3621 1151 3671 καὶ
1177 3615 1303 3690 πρὶν
1336 3618 1559 3687 φανῆναι

53 3705 105 3755 τὸ
134 3707 404 3775 πρόσωπον
434 3707 593 3760 αὐτοῦ
626 3707 847 3771 ἔνδοξον,
878 3709 959 3775 ἐφ’
985 3704 1062 3770 οἷς
1091 3708 1399 3778 ἡμάρτομεν
1426 3710 1559 3761 ἀπο-

54 3794 297 3864 κάθαρσιν
324 3797 529 3859 ἑαυτοῖς
554 3797 869 3866 πορίσασθαι
887 3798 972 3852 διὰ
991 3799 1088 3868 τῆς
1116 3798 1558 3871 ἑξομολογήσεως.

54 3884 246 3937 Γένοιτο
268 3886 311 3939 δ’
347 3886 410 3939 ἂν
438 3888 469 3956 ἡ
508 3886 883 3956 ἐξομολόγησις
909 3890 1119 3959 γνησία,
1158 3892 1204 3942 εί
1234 3893 1300 3963 ¹ἑν
1336 3891 1563 3959 ψαλμοῖς

54 3973 385 4045 ἐλαλάξώμεν
427 3976 588 4045 αὐτῷ,
632 3978 870 4031 τουτέστι
908 3978 997 4031 διὰ
1045 3979 1149 4029 τῶν
1195 3980 1436 4049 ὀργάνων
1467 3983 1562 4051 τῆς

55 4062 239 4132 ψυχῆς,
266 4067 402 4137 ἆπερ
440 4068 554 4119 ἑστὶ
583 4068 649 4119 τὰ
682 4067 932 4137 σώματα·
966 4067 1029 4118 δι’
1058 4061 1130 4118 ὧν
1179 4058 1433 4137 προσήκει
1475 4071 1564 4122 τὸν

57 4152 362 4221 καλούμενον
400 4153 703 4221 ἀλαλαγμὸν
741 4153 1018 4214 ἐπιτελεῖν,
1063 4153 1160 4222 βίῳ
1197 4153 1427 4224 σώφρονι
1472 4157 1565 4208 καὶ

60 4242 278 4311 πολιτεία
303 4243 535 4312 ἑναρέτῳ
579 4243 674 4312 τὴν
697 4242 788 4296 τοῦ
814 4243 955 4295 Θείου
984 4243 1118 4295 Πνεύ
1127 4261 1289 4312 ματος
1313 4246 1566 4314 ἁρμονίαν

58 4331 139 4381 καὶ
181 4332 265 4383 τὸν
311 4330 460 4398 ἆγιον
513 4332 710 4401 ῥυθμὸν
766 4333 1245 4401 ἐπιδεικνυμένους,
1288 4335 1470 4387 Ταῦτα
1512 4335 1566 4386 δὲ

62 4422 455 4490 προηγουμένως
493 4425 628 4491 πρὸς
668 4422 756 4473 τὸν
813 4421 1074 4474 Ἰουδαίων
1128 4423 1369 4476 λέλεκται
1420 4423 1563 4483 λαὸν,

1646 2022 1834 2060 onmes
1864 2015 2047 2075 gentes
2071 2008 2134 2060 ad
2157 2008 2422 2059 canticum
2451 2022 2667 2073 norum,
2694 2019 2745 2063 et
2774 2011 2839 2065 ad
2861 2012 3174 2065 exsultatio-

1646 2109 1767 2148 nem
1801 2095 1851 2146 in
1884 2094 1989 2147 Deo
2023 2104 2292 2162 provocat.
3081 2088 3084 2095 ’

1718 2284 1875 2337 Vens.
1896 2285 1948 2337 EE.
1987 2281 2403 2351 Pra'orrnpemus
2427 2283 2609 2350 faciem
2625 2282 2734 2350 ejus
2759 2282 2809 2333 in
2835 2280 3175 2348 confessione,

1646 2381 1692 2422 et
1718 2372 1768 2423 in
1800 2370 2013 2438 psalmis
2036 2371 2314 2438 jubilemus
2345 2372 2409 2425 ei.
2441 2370 2494 2424 In
2526 2372 2694 2439 primo
2722 2368 2929 2437 quidem
2948 2370 3177 2421 adventu

1648 2459 2000 2522 suo,diviuam
2019 2450 2167 2513 suam
2183 2460 2456 2514 occultans
2475 2458 2778 2521 faciem,Dei
2800 2455 3023 2510 Verbum
3042 2456 3179 2511 servi
3226 2498 3235 2513 .

1650 2551 1869 2604 formam
1889 2549 2059 2601 induit
2079 2567 2091 2601 :
2115 2564 2276 2617 quare
2295 2549 2492 2603 dictum
2516 2558 2616 2611 est,
2646 2545 2809 2598 Homo
2829 2548 2879 2597 in
2897 2547 3049 2615 plaga
3068 2562 3183 2597 con-

1650 2642 1883 2701 stitutus,
1911 2649 1958 2690 et
1981 2640 2143 2691 sciens
2164 2637 2294 2705 ferre
2312 2639 2697 2705 infirmitatem;
2727 2638 2966 2703 quoniam
2998 2635 3185 2687 avertit

1651 2729 1843 2781 uultum
1872 2744 2052 2789 suum,
2089 2727 2423 2780 inhonoratus
2456 2734 2551 2787 est,
2582 2740 2672 2776 nec
2734 2732 2997 2790 reputatus
3011 2724 3075 2775 ⁸⁸.
3121 2721 3181 2775 In

1652 2819 1887 2871 secundo
1936 2827 2108 2869 autem
2168 2815 2396 2868 adventu
2454 2829 2572 2877 suo,
2610 2814 2837 2867 revelata
2871 2811 3024 2875 facie,
3058 2826 3182 2866 cum

1652 2914 1909 2976 potestate
1940 2914 1989 2959 et
2010 2904 2173 2973 gloria
2198 2919 2387 2973 magna
2417 2904 2586 2957 aderit
2617 2923 2628 2956 ε
2655 2901 2996 2979 quamobrem
3038 2901 3185 2956 Scri-

1652 3006 1830 3065 ptura,
1872 2996 2160 3064 praemissis
2202 2994 2267 3047 iis
2304 3008 2421 3062 qua?
2462 2984 2604 3047 dicta
2656 3001 2778 3046 sunt
2812 2992 2863 3045 in
2896 2981 3179 3061 principio,
3218 3060 3225 3069 γ’

1652 3102 1769 3155 qua!
1795 3087 1845 3138 in
1866 3086 2036 3153 primo
2065 3083 2289 3137 adventu
2316 3085 2432 3154 ejus
2454 3082 2656 3137 edenda
2690 3090 2862 3146 erant,
2898 3083 3020 3136 hinc
3048 3097 3179 3135 con-

1654 3181 1934 3243 sequenter
1990 3172 2277 3227 secundum
2328 3181 2379 3227 et
2433 3173 2719 3241 gloriosum
2747 3174 2861 3241 ejus
2900 3173 3181 3227 adventum

1656 3270 2055 3327 cmnmemorat,
2078 3264 2329 3332 jubetque
2357 3261 2534 3315 futura
2560 3272 2890 3331 przevertere,
2909 3271 2963 3319 et
2995 3264 3179 3318 faciem

1656 3358 1773 3424 ejus
1795 3356 1846 3409 in
1875 3354 2206 3409 confessione
2234 3352 2680 3422 praaoccupare.E
2704 3370 2758 3407 re
2779 3370 3005 3431 namque
3029 3354 3183 3409 fuerit

1658 3452 2005 3508 autevertere,
2028 3451 2185 3512 atque
2204 3445 2489 3512 gloriosum
2508 3444 2625 3510 ejus
2651 3444 2847 3497 vultum
2875 3446 3181 3513 praevenire.

1656 3542 1710 3587 et
1742 3544 2021 3601 antequam
2067 3533 2297 3601 gloriosa
2345 3533 2461 3600 ejus
2502 3533 2665 3587 facies
2693 3543 2960 3603 appareat,
2992 3551 3184 3607 purga-

1658 3623 1853 3676 tionem
1888 3622 2199 3675 delictorum
2235 3638 2327 3690 per
2363 3622 2753 3677 confessionem
2797 3624 2951 3677 nobis
2996 3640 3184 3692 procu-

1657 3729 1794 3766 rare.
1823 3712 2101 3767 Confessio
2134 3722 2308 3767 autem
2340 3715 2547 3768 sincera
2578 3723 2628 3767 et
2660 3730 2909 3782 germana
2944 3715 3115 3775 fuerit,
3139 3717 3185 3769 si

1660 3805 1713 3858 in
1758 3804 1974 3871 psalmis
2018 3804 2303 3872 jubilemus
2329 3805 2399 3867 ei,
2431 3804 2482 3859 id
2512 3812 2612 3870 est,
2645 3820 2736 3874 per
2764 3808 2951 3859 animm
2989 3806 3187 3859 instru-

1659 3900 1861 3955 menta,
1906 3906 2023 3959 quae
2077 3901 2203 3944 sunt
2232 3908 2456 3960 corpora
2482 3902 2667 3947 nostra
2710 3894 2902 3961 :queis
2942 3895 3187 3949 convenit

1661 3983 1822 4043 illam,
1852 3990 1909 4034 ut
1938 3990 2111 4042 vocat,
2130 3982 2488 4047 jubilationem
2520 3998 2612 4050 per
2634 3984 2792 4034 vitam
2820 3983 3092 4037 honestam
3123 4000 3188 4040 ac

1660 4070 1873 4124 virtutis
1896 4069 2194 4122 institutum
2218 4069 2535 4136 persolvere,
2550 4084 2613 4122 ac
2628 4070 2792 4123 divini
2814 4070 3043 4139 Spiritus
3064 4074 3186 4125 har-

1661 4146 1905 4212 moniam’
1925 4173 2240 4227 sacrumque
2268 4168 2584 4212 concentum
2618 4162 2885 4215 exhibere.
2921 4160 3041 4215 Haec
3071 4178 3189 4230 por-

1662 4263 1723 4301 ro
1746 4247 2045 4301 Judzeorum
2079 4251 2369 4316 praesertim
2403 4250 2597 4317 populo
2628 4250 2898 4315 dicuntur,
2941 4268 3187 4317 sermone

1664 4338 1809 4404 ipsos
1837 4339 1901 4391 ad
1929 4337 2217 4392 Salvatoris
2261 4340 2427 4392 nostri
2458 4341 2810 4408 cognitionem
2846 4352 3182 4409 provocante.

1664 4424 1907 4478 Attamen
1932 4426 2086 4479 nobis
2107 4427 2265 4478 etiam
2290 4426 2536 4479 omnibus
2554 4428 2663 4480 ha'c
2692 4437 2986 4495 Opportune
3018 4432 3188 4497 appli-

62 4512 472 4579 προκαλουμένου
502 4513 691 4574 αὐτοὺς
718 4512 807 4564 τοῦ
840 4513 991 4578 λόγου
1024 4513 1113 4563 ἐπὶ
1145 4512 1239 4583 τὴν
1266 4513 1355 4565 τοῦ
1385 4512 1556 4577 Σωτῆ-

1667 4524 1854 4567 centur
1878 4532 1890 4566 :
1918 4513 2167 4569 -—V£ns.
2221 4516 2270 4568 3.
2303 4515 2558 4580 Quoniam
2597 4515 2729 4568 Deus
2756 4532 2971 4584 niagnus
3011 4518 3186 4572 Domi-

65 4616 141 4668 ρος
185 4601 335 4670 ἡμῶν
372 4601 596 4668 γνῶσιν·
629 4603 773 4670 ὅμως
804 4601 859 4653 δὲ
893 4602 982 4653 καὶ
1016 4601 1147 4671 πρὸς
1193 4602 1392 4663 πάντας
1422 4604 1563 4671 ἡμᾶς

62 4693 318 4760 χρησίμως
349 4691 411 4744 ἂν
434 4692 820 4762 ἑφαρμοσθείη.
852 4694 965 4744 Ὅτι
991 4694 1128 4757 Θεὸς
1156 4691 1335 4760 μέγας
1360 4694 1565 4757 Κύριος

65 4778 149 4827 καὶ
184 4780 470 4845 ,ϐασιλεὺς
491 4781 674 4849 μέγας
699 4784 797 4834 ἐπὶ
823 4781 1047 4847 πάντας
1086 4782 1223 4845 τοὺς
1260 4782 1445 4844 θεούς.
1486 4781 1564 4834 Τὰ

67 4869 463 4937 παρηγγελμένα
494 4869 577 4943 διὰ
604 4869 709 4921 τῶν
743 4871 1037 4941 ἔμπροσθεν
1065 4871 1120 4922 ἑν
1146 4870 1222 4939 τῷ
1253 4870 1435 4938 Κυρίῳ
1471 4870 1563 4922 καὶ

68 4954 255 5027 Σωτῆρι
290 4962 321 5027 ἡ
332 4958 465 5027 μῶν,
509 4957 701 5026 δηλαδὴ
730 4958 804 5025 τῷ
834 4958 923 5008 τοῦ
953 4959 1084 5010 Θεοῦ
1129 4960 1301 5027 Λόγῳ,
1332 4957 1565 5009 ἐπιτελε-

70 5044 219 5107 στέον,
245 5047 329 5099 διά
344 5065 402 5099 τε
432 5048 497 5100 τὰ
524 5047 673 5111 ἄλλα,
701 5048 790 5099 καὶ
820 5047 946 5098 διότι
968 5047 1120 5113 φύσει
1149 5050 1314 5117 μέγας
1344 5048 1416 5099 ὢν
1440 5048 1567 5110 Θεὸς

70 5135 148 5184 καὶ
181 5136 343 5201 μέγας
370 5138 618 5206 τυγχάνει
654 5139 912 5208 βασιλεὺς,
949 5138 1039 5189 ἅτε
1074 5137 1355 5205 μονογενὴς
1382 5135 1454 5188 ὣν
1475 5138 1566 5189 τοῦ

69 5223 183 5275 Θεοῦ
215 5226 394 5292 Λόγος.
439 5228 693 5291 Βασιλεὺς
738 5231 795 5281 δὲ
847 5229 1011 5299 μέγας
1061 5228 1203 5279 ἐστὶν
1248 5229 1337 5279 ἐπὶ
1368 5229 1568 5289 πάντας

68 5314 176 5375 τοὺς
204 5315 373 5376 θεοὺς,
419 5314 449 5383 ἢ
478 5318 614 5368 κατὰ
641 5316 733 5369 τὸν
780 5318 1083 5386 Σύμμαχον,
1112 5316 1304 5367 ἐπάνω
1335 5314 1568 5367 πάντων

72 5385 172 5453 τῶν
191 5402 328 5455 θεῶν
346 5421 359 5434 ·
392 5405 507 5473 ἦτοι
528 5404 632 5455 τῶν
670 5407 1085 5476 πεπλανημένως
1110 5405 1252 5475 παρὰ
1266 5408 1374 5467 τοῖς
1399 5405 1565 5458 ἔθνεσι

70 5493 458 5562 νενομισμένων·
495 5495 525 5564 ἢ
552 5494 654 5546 τῶν
687 5496 903 5549 Μωῡσεῖ
944 5493 1341 5565 παραπλησίων,
1366 5488 1566 5563 ᾧεῖρη-

71 5598 164 5638 ται.
200 5582 423 5638 Τέθεικά
454 5600 524 5637 σε
554 5572 688 5636 θεὸν
707 5584 925 5638 Φαραώ·
961 5586 994 5647 ἢ
1025 5584 1158 5640 θεῶν
1180 5584 1302 5653 περὶ
1321 5578 1392 5639 ὧν
1423 5582 1566 5655 εἴρη-

1667 4620 1783 4667 nus,
1826 4615 1873 4658 et
1928 4622 2017 4660 rex
2059 4609 2269 4677 magnus
2302 4622 2452 4674 super
2493 4623 2662 4659 omnes
2701 4607 2840 4660 deos.
2873 4607 3000 4672 Qua:
3034 4612 3188 4677 prius
3254 4656 3258 4661 .

1665 4705 1923 4764 praecepta
1959 4706 2011 4750 et
2057 4698 2305 4749 mandata
2347 4695 2512 4756 fuere,
2550 4698 2601 4749 in
2645 4696 2866 4750 Domino
2902 4706 2954 4752 et
2997 4697 3187 4751 Serva-

1667 4792 1781 4838 tore
1811 4794 2012 4849 nostro,
2037 4776 2252 4840 εοὶιὶοει
2268 4787 2318 4838 in
2361 4784 2452 4839 Dei
2485 4784 2655 4839 Verbo
2688 4789 2998 4856 complenda
3031 4798 3183 4852 sunt;

1665 4878 1777 4922 tum
1827 4872 1955 4927 aliis‘
1994 4872 2059 4926 de
2102 4873 2300 4937 causis,
2332 4880 2443 4930 tum
2492 4874 2615 4941 quia
2663 4889 2784 4928 cum
2830 4886 3016 4928 natura
3045 4874 3183 4931 Deus

1668 4976 1892 5030 magnus
1923 4965 2009 5023 sit,
2042 4978 2263 5031 magnus
2301 4963 2424 5016 item
2456 4978 2549 5017 rex
2578 4963 2756 5030 fuerit,
2796 4973 2976 5034 utpote
3004 4967 3186 5035 unige-

1667 5051 1836 5102 nitum
1878 5050 1967 5101 Dei
1998 5048 2245 5104 V’erbum.
2275 5051 2369 5107 Est
2397 5061 2570 5106 autem
2624 5068 2715 5105 rex
2767 5068 2990 5120 magnus
3027 5070 3189 5122 super

1666 5154 1845 5192 omnes
1874 5139 2035 5202 deos;
2076 5141 2205 5201 sive,
2246 5142 2534 5195 secundum
2588 5142 2981 5210 Symmachum,
3017 5142 3185 5211 Supra

1668 5241 1835 5277 omnes
1865 5224 2021 5285 deos;
2055 5227 2298 5280 videlicet
2344 5244 2436 5281 eos
2472 5229 2561 5295 qui
2598 5228 2830 5294 gentium
2883 5217 3063 5280 errore
3113 5226 3183 5277 dii

1667 5333 1785 5370 esse
1818 5324 2096 5383 putantur;
2134 5318 2245 5369 sive
2297 5330 2408 5376 eos,
2440 5316 2528 5383 qui
2581 5314 2746 5382 Moysi
2791 5316 2990 5371 similes
3041 5326 3182 5377 sunt,

1670 5407 1753 5459 cui
1777 5406 1971 5458 dictum
1994 5414 2074 5458 est
2094 5405 2275 5458 :Posui
2292 5415 2337 5458 te
2354 5406 2515 5457 Deum
2530 5402 2819 5457 Pharaonis
2839 5406 2903 5469 ⁵⁹;
2925 5408 3034 5460 sive
3056 5405 3185 5458 deos

1670 5495 1733 5547 de
1764 5495 1955 5562 quibus
1985 5493 2095 5547 luec
2125 5495 2393 5555 dicuntur,
2426 5493 2561 5546 Deus
2598 5493 2807 5546 deorum
2838 5495 3087 5547 Dominus
3110 5493 3187 5547 lo-

1669 5595 1815 5639 cutus
1841 5583 2111 5651 (νέμομαι,
2151 5585 2278 5638 Deus
2311 5586 2449 5639 stetit
2489 5586 2537 5637 in
2576 5602 2833 5654 synagoga
2870 5572 3133 5639 deorum“
3168 5604 3183 5640 ι

133 5738 169 5787 λῖ
204 5739 350 5795 Jnan.
389 5755 506 5795 1m.
542 5739 624 5792 55.
702 5740 743 5772 ⁵⁸
784 5738 880 5793 lsa.
920 5756 1042 5795 Lm.
1080 5740 1130 5794 5.
1206 5740 1247 5770 ”
1284 5738 1447 5793 Exod.
1482 5754 1553 5791 vn
1582 5778 1593 5798 ,
1634 5740 1683 5791 i:
1754 5740 1794 5769 ⁸ο
1834 5736 1970 5792 Psal.
2011 5752 2160 5793 nix,
2202 5738 2278 5791 i.’
2322 5739 2357 5768 “
2401 5737 2538 5792 Psal.
2575 5730 2764 5796 usui,
2803 5738 2848 5793 ι.
