3976 6356
754 454 889 509 1215

1402 459 1664 514 Ειιεεοιι
1702 424 2165 518 οιεειιιιιέΝειε
2202 464 2297 518 or:

2395 463 2560 517 PARS
2597 463 2682 519 Ill.
2724 460 2789 505 3—9
2821 461 3219 521 EXEGETICK.

3761 466 3861 526 tm

750 566 957 620 visione
986 566 1037 620 in
1071 567 1302 634 deserto,
1333 572 1646 629 audita'Dei
1678 591 1825 637 voce,
1858 577 2019 631 corde
2052 577 2283 630 obdura-

2395 577 2642 645 σήμερον
2662 579 2990 648 καλουμένης
3017 578 3223 651 ἡμέρας
3253 580 3344 632 καὶ
3363 580 3468 633 ἀπὸ
3494 582 3762 648 ἐνεστῶτος
3773 603 3864 637 και-

749 668 838 710 tns
886 664 967 709 est
998 657 1051 709 in
1102 666 1340 728 tempore
1393 665 1842 728 exacerbationis,
1877 680 1998 719 cum
2048 665 2283 735 ipsorum

751 748 989 819 omnium
1043 751 1280 803 membra
1334 752 1388 804 in
1437 753 1649 808 deserto
1683 763 1946 823 prostrata
1978 764 2122 820 sunt,
2162 758 2284 823 quia

751 836 865 887 voci
898 834 987 891 Dei
1008 854 1114 891 non
1132 840 1647 911 obtemperaverant.
1666 844 1977 899 Necessario
1998 847 2174 915 itaque
2199 847 2283 899 illa

752 938 1155 993 commemorat,
1189 948 1255 985 ne
1288 948 1385 987 nos
1434 950 1644 1003 quoque
1689 948 1953 1007 praecepta
1987 938 2079 993 Dei
2130 940 2285 995 hodie

754 1017 1051 1079 audientes.
1086 1037 1146 1075 ac
1197 1039 1298 1076 non
1353 1027 1797 1094 obtemperantes,
1848 1031 2022 1097 ipsum
2069 1045 2287 1085 exacer-

754 1108 965 1173 bemus,
1001 1113 1247 1165 obdurati
1275 1114 1454 1177 corde,
1483 1124 1534 1169 et
1576 1133 1676 1170 non
1716 1121 2063 1192 exaudientes
2090 1121 2287 1174 saluta-

754 1202 829 1253 ria
857 1215 1115 1270 prazcepta
1139 1204 1286 1271 ejus;
1311 1217 1467 1274 atque
1496 1207 1615 1260 ideo
1649 1210 1819 1277 ipsum
1852 1209 2103 1263 acerbum
2132 1210 2286 1264 nobis

754 1306 817 1344 ac
841 1307 1084 1346 severum
1126 1294 1357 1363 judicent
1394 1308 1658 1365 parantes.
1687 1297 1846 1361 Sane,
1874 1306 1931 1351 ut
1959 1299 2089 1362 dixi,
2132 1300 2289 1354 nobis

754 1381 1003 1435 omnibus
1030 1393 1347 1453 pmceptum
1372 1386 1649 1451 convenit;
1680 1386 1770 1441 sed
1806 1389 2100 1443 secundum
2138 1391 2287 1459 prius

757 1472 968 1525 allatam
1003 1459 1280 1536 rationem,
1311 1479 1505 1545 popqu
1536 1494 1599 1531 ex
1640 1479 2049 1533 circumcisione
2082 1480 2169 1532 illa
2202 1480 2287 1533 di-

758 1569 972 1624 cuntur,
998 1580 1225 1632 quorum
1274 1566 1386 1619 haec
1417 1568 1682 1621 sententia
1733 1568 1890 1621 fuerit
1916 1587 1929 1623 :
1960 1567 2091 1622 Cum
2122 1570 2283 1623 semel

758 1653 883 1705 olim
914 1669 1097 1708 vocem
1132 1654 1220 1708 Dei
1253 1657 1304 1709 in
1332 1657 1542 1711 deserto
1583 1660 1891 1723 audissetis,
1928 1659 2288 1713 exacerbastis

755 1752 898 1807 eum,
917 1745 1179 1798 obdurato
1206 1754 1443 1816 tempore
1469 1749 1663 1819 Moysis
1694 1750 1852 1803 corde
1873 1757 2049 1803 vestro
2069 1768 2082 1814 ;
2100 1764 2285 1803 verum

757 1833 885 1900 quia
910 1834 1083 1902 ipsum
1120 1833 1208 1888 Dei
1234 1833 1464 1889 Verbum
1503 1837 1555 1889 in
1579 1838 1776 1890 mundo
1810 1853 2091 1906 apparens,
2115 1837 2285 1891 homi-

758 2008 1083 2064 Testamenti
1142 2016 1389 2083 mysteria
1442 2014 1832 2069 declaraturum
1880 2024 1993 2081 est;
2025 2026 2203 2071 cavete
2228 2034 2293 2072 ne

764 2101 960 2154 iterum
991 2102 1150 2156 corda
1181 2105 1452 2159 obduretis
1489 2114 1545 2158 nt
1580 2107 1754 2175 prisce
1800 2106 2123 2170 obdurastis,
2163 2122 2293 2162 neve

762 2205 974 2244 rursum
1011 2208 1128 2247 cum
1160 2195 1511 2257 exacerbetis,
1542 2196 1588 2250 si
1624 2196 1799 2250 denuo
1836 2211 2017 2249 vocem
2046 2198 2161 2264 ejus
2194 2211 2291 2249 au-

762 2279 987 2343 dieritis,
1022 2298 1192 2351 neque
1223 2283 1320 2336 ltac
1364 2285 1417 2337 in
1460 2300 1517 2339 re
1548 2295 1725 2355 patres
1750 2296 1954 2340 vestros
1993 2286 2291 2351 imitemini,

760 2386 828 2427 tte
860 2387 957 2425 vos
979 2387 1105 2425 vero
1150 2372 1382 2426 Sabbato
1410 2382 1464 2428 et
1506 2377 1687 2442 requie
1719 2377 1834 2443 ejus
1857 2378 2057 2430 orbetis
2088 2396 2099 2428 :
2131 2392 2287 2447 quam

760 2462 999 2529 requiem
1066 2462 1212 2515 dabit
1270 2464 1442 2532 ipsum
1519 2464 1608 2519 Dei
1668 2464 1934 2529 Verbum,
2009 2477 2289 2536 postquam

762 2567 984 2621 regnum
1011 2568 1163 2607 suum
1200 2555 1484 2622 acceperit,
1506 2555 1557 2607 in
1593 2556 1815 2624 ipsoque
1837 2556 2151 2625 requiescet,
2178 2571 2292 2607 unt-

762 2658 960 2711 ncsque
1004 2652 1263 2713 quotquot
1311 2646 1483 2713 ipsum
1528 2647 1825 2713 receperint
1857 2646 1921 2699 ad
1980 2662 2094 2700 eam
2129 2648 2293 2714 ipsam

762 2734 994 2802 quietem
1025 2720 1264 2803 admittet
1293 2754 1305 2787 :
1336 2750 1395 2787 ac
1418 2744 1660 2789 sanctum
1681 2751 1973 2804 verumque
2005 2733 2294 2787 Sabbatum

763 2822 831 2877 iis
888 2824 1157 2892 impertiet
1199 2824 1290 2893 qui
1341 2840 1523 2879 secum
1571 2834 1625 2881 et
1672 2842 1835 2895 penes
1888 2843 1966 2889 se,
2019 2816 2109 2880 illo
2150 2825 2272 2893 dign

762 2919 941 2965 erunt.

2385 668 2477 736 ροῦ
2511 667 2888 739 σπουδάσωμεν
2918 670 3201 740 προσέχειν
3229 674 3338 732 τοῖς
3365 671 3679 741 εἰρημένοις*
3710 674 3784 725 καὶ
3814 678 3864 746 μὴ

2383 753 2701 826 ζηλώσωμεν
2718 759 2805 810 τὸν
2819 759 2942 812 λαον
2968 761 3187 823 ἐκεῖνον,
3213 761 3291 822 ὃς,
3319 760 3553 822 ἀκούσας
3579 763 3743 830 φωνῆς
3766 766 3863 818 Θεοῦ
3916 792 3917 801 ξ

2382 845 2471 895 ἐπὶ
2502 845 2598 913 τῆς
2626 846 2761 898 κατὰ
2791 846 2883 916 τὴν
2908 846 3104 916 ἔρημον
3126 846 3403 918 ὀπτασίας,
3434 845 3754 917 ὲσκληρύνθη
3795 852 3865 918 τὴν

2382 933 2600 1003 καρδίαν
2641 936 2698 985 ἐν
2734 936 3001 1008 τῷκαιρῴ
3032 935 3121 988 τοῦ
3170 934 3645 1005 παραπικρασμοῦ,
3684 938 3866 1005 ὁπηνίκα

2382 1026 2592 1077 πάντων
2626 1025 2797 1078 αὑτῶν
2822 1029 2889 1079 τὰ
2918 1026 3063 1080 κῶλα
3108 1026 3450 1098 κατεστρώθη
3498 1028 3554 1078 ἐν
3598 1029 3662 1095 τῇ
3705 1028 3865 1097 ἐρήμῳ,

2381 1114 2467 1165 διὰ
2496 1114 2555 1165 τὸ
2580 1116 2916 1184 παρακοῦσαι
2947 1116 3046 1184 τῆς
3074 1117 3252 1184 φωνῆς
3280 1115 3373 1168 τοῦ
3401 1115 3565 1169 Θεοῦ,
3592 1116 3868 1183 Ἀναγκαίιιλς

2388 1200 2479 1255 οὖν
2510 1205 2729 1256 ἐκείνων
2762 1207 3174 1274 ὑπομιμνήσκει,
3204 1208 3285 1258 ἵνα
3326 1206 3396 1277 μὴ
3426 1207 3518 1259 καὶ
3548 1209 3705 1275 ἡμεῖς
3726 1212 3779 1276 τῇ
3799 1211 3868 1277 σή-

2386 1310 2545 1363 μερον
2576 1294 2751 1365 ἡμέρα
2788 1294 2894 1347 τῶν
2924 1294 3013 1346 τοῦ
3049 1294 3177 1346 Θεοῦ
3204 1296 3665 1365 παραγγελμάτων
3697 1296 3871 1348 ἀκούον-

2383 1400 2470 1445 τες
2485 1382 2575 1435 καὶ
2586 1383 2971 1454 παρακούοντες
2985 1384 3487 1455 παραπικραίνωμεν
3510 1385 3664 1438 αὑτὸν
3686 1386 3870 1455 σκληρυ-

2383 1474 2589 1542 νόμενοι
2621 1474 2717 1537 τὰς
2766 1474 3001 1546 καρδίας,
3032 1475 3121 1525 καὶ
3155 1474 3226 1544 μὴ
3257 1474 3606 1537 ὑπακούοντες
3623 1478 3727 1536 τοῖς
3741 1492 3872 1543 σωιιηο
3938 1480 3939 1497 ³

2389 1561 2520 1631 ρίοις
2552 1562 2980 1632 παραγγέλμασι,
3015 1563 3107 1615 καὶ
3127 1562 3213 1615 διὰ
3239 1562 3391 1615 τοῦτο
3424 1564 3613 1631 πικρὸν
3643 1564 3783 1615 αὑτὸν
3803 1566 3873 1614 καὶ

2385 1651 2650 1720 ἀπότομον
2678 1654 2863 1723 κριτὴν
2891 1653 3094 1716 ἑαυτοῖς
3119 1651 3620 1715 κατασκευάζοντες.
3648 1654 3747 1705 Καὶ
3770 1656 3873 1722 πρὸς
3938 1698 3939 1707 η

2388 1736 2589 1810 πάντας
2620 1749 2713 1817 μὲν
2750 1744 2839 1801 οὖν
2877 1751 3038 1817 ἡμᾶς,
3070 1750 3144 1811 ὡς
3175 1750 3330 1817 ἐφην,
3358 1747 3578 1816 ἁρμόζει
3606 1749 3663 1799 τὸ
3705 1750 3876 1816 παραγ·
3940 1778 3941 1827 γ

2386 1837 2574 1906 γελμα·
2611 1836 2749 1889 κατὰ
2780 1837 2833 1889 δὲ
2858 1837 2945 1889 τὸν
2974 1836 3371 1906 προηγούμενον
3404 1835 3557 1901 λόγον
3584 1834 3712 1905 πρδς
3732 1838 3807 1888 τον
3831 1841 3877 1888 ἐκ

760 1924 918 1977 nibus
972 1924 1163 1976 iterum
1213 1925 1547 1987 locuturum,
1598 1935 1755 1995 atque
1826 1928 1962 1996 apud
2015 1942 2109 1982 vos
2161 1925 2288 1980 Novi

2395 1926 2680 1997 περιτομῆς
2704 1926 2827 1978 λαὸν
2854 1927 3024 1979 ταῦτα
3049 1926 3281 1993 λέγεται,
3305 1927 3553 1995 τοιαύτην
3583 1926 3756 1994 ἔχοντα
3788 1926 3876 1978 διά-

2387 2035 2529 2069 νοιαν
2550 2035 2562 2047 ·
2597 2016 2775 2081 Ἂπαξ
2799 2017 2924 2070 ποτὲ
2951 2016 3049 2087 ἤδη
3078 2017 3333 2087 πρότερον
3366 2018 3458 2069 ἐπὶ
3482 2018 3580 2086 τῆς
3604 2017 3789 2087 ἐρήμου
3806 2017 3880 2084 τῆς

2388 2108 2564 2176 φωνῆς
2605 2107 2926 2170 ἀκούσαντες
2968 2108 3062 2160 τοῦ
3104 2106 3256 2169 Θεοῦ,
3287 2108 3715 2178 παρεπικράνατε
3757 2106 3882 2159 αὑτὸν
3942 2126 3943 2169 ι

2390 2195 2521 2263 σκλη
2531 2196 2779 2264 ρύναντες
2793 2198 2995 2250 ἑαυτῶν
3014 2198 3107 2259 τὰς
3131 2198 3349 2266 καρδίας
3375 2198 3465 2250 ἐπὶ
3498 2198 3774 2259 Μωῦσέως
3796 2195 3880 2249 ἀλλ’

2388 2286 2676 2356 ἐπειδήπερ
2707 2289 2734 2338 ό
2777 2288 2932 2349 αὑτὸς
2959 2287 3051 2339 τοῦ
3101 2288 3228 2339 Θεοῦ
3256 2289 3423 2355 Λόγος
3466 2287 3641 2357 μέλλει
3678 2286 3883 2352 δεύτερον

2393 2376 2691 2445 ἀνθρώποις
2722 2376 2897 2428 λαλεῖν
2945 2379 3219 2444 ἐπιφανεὶς
3247 2378 3323 2446 τῷ
3354 2378 3470 2445 βίῳ,
3504 2379 3597 2428 καὶ
3642 2377 3759 2445 παρ’
3784 2376 3885 2443 ὑμῖν

2397 2466 2573 2527 αὑτοῖς
2606 2464 2869 2516 διδάσκειν
2896 2464 2962 2516 τὰ
2990 2462 3082 2534 τῆς
3112 2464 3311 2531 Καινῆς
3338 2464 3604 2531 Διαθήκης
3637 2464 3883 2531 μυστήρια.
3944 2476 3945 2529 1

2389 2557 2548 2627 ὁρᾶτε
2606 2555 2677 2625 μὴ
2729 2555 2884 2608 πάλιν
2941 2552 3269 2625 σκληρύνητε
3305 2555 3525 2615 ἑαυτοὺς
3576 2553 3649 2613 ὼς
3694 2552 3749 2604 τὺ
3785 2552 3884 2621 πρὶν

2395 2644 2768 2714 ἐσκληρύνατε,
2804 2645 2931 2715 μηδὲ
2962 2641 3113 2707 αὖθις
3135 2643 3291 2696 αὑτὸν
3316 2643 3782 2713 παραπικράνητε.
3814 2640 3885 2691 ἐὰν

2396 2730 2545 2797 αὖθις
2576 2735 2672 2802 τῆς
2698 2735 2875 2804 φωνῆς
2900 2732 3059 2786 αὑτοῦ
3080 2732 3363 2801 ἀκούσητε,
3385 2732 3516 2801 μηδὲ
3540 2732 3661 2793 τοὺς
3687 2730 3885 2798 πατέρας

2397 2822 2544 2891 ὑμῶν
2565 2822 2700 2874 κατα
2731 2822 2885 2873 τοῦτο
2902 2822 3225 2893 μιμήσησθε,
3247 2822 3389 2883 ὅπως
3411 2822 3482 2890 μὴ
3516 2821 3790 2890 στερήσητε
3812 2818 3885 2870 αὖ·

2396 2912 2520 2974 τοὺς
2544 2911 2634 2963 τοῦ
2665 2911 2910 2981 ἀληθινοῦ
2962 2910 3321 2982 σαῦὗατισμοῦ
3364 2912 3455 2963 καὶ
3506 2910 3605 2979 τῆς
3656 2906 3888 2962 καταπαύ-

766 3014 898 3062 σεως
928 3000 1082 3053 αὑτοῦ
1103 3041 1117 3064 ,
1140 3002 1206 3072 ἢν
1230 3002 1561 3056 καταπαύσει
1595 3006 1750 3067 αὑτὸς
1785 3006 1814 3057 ό
1846 3005 1933 3058 τοῦ
1964 3004 2092 3057 Θεοῦ
2124 3003 2309 3071 Λόγος,
2335 3002 2432 3071 τὴν
2474 3002 2673 3055 οἰκείαν
2738 3000 3019 3054 ἀπολαϐὼν
3053 3000 3349 3070 βασιλείαν,
3383 3001 3472 3052 καὶ
3512 3001 3569 3051 ἐν
3624 3000 3751 3068 αὐτῇ
3786 3000 3887 3049 ἀνευ

765 3091 1111 3160 παυσόμενος,
1143 3092 1343 3155 πάντας
1358 3110 1416 3145 τε
1439 3094 1564 3156 τοὺς
1595 3095 2047 3166 παραδεχομένους
2065 3094 2222 3146 αὑτὸν
2246 3095 2323 3154 είς
2346 3093 2443 3163 τὴν
2463 3091 2623 3160 αὑτὴν
2654 3090 2960 3144 ἀνάπαυλαν
2983 3088 3376 3159 ὑποδεξάμενος,
3402 3088 3569 3141 καὶτὸ
3587 3088 3730 3154 ἅγιον
3750 3088 3831 3137 καὶ
3846 3086 3890 3137 τὸ

766 3182 958 3251 ἀληθὲς
985 3182 1146 3236 αὑτοῦ
1178 3186 1449 3240 Σάϐϐατόν
1486 3187 1727 3258 παρέξων
1745 3192 1855 3251 τοῖς
1878 3190 2041 3255 ἀξίοις
2066 3188 2163 3257 τῆς
2202 3178 2499 3257 παρ”αὑτῷ
2537 3187 2628 3239 καὶ
2662 3186 2755 3238 σὺν
2781 3184 2921 3254 αὐτῷ
2950 3183 3317 3247 ἀναπαύσεως.

835 3296 1000 3354 Vens.
1025 3300 1177 3356 9-H.
1208 3302 1497 3359 Secundum
1525 3307 1660 3360 diem
1680 3310 1978 3363 tentationis
2002 3312 2055 3363 in
2074 3311 2296 3374 deserto,

2466 3311 2624 3363 Κατὰ
2655 3308 2767 3373 τὴν
2788 3307 3010 3375 ἡμέραν
3036 3307 3138 3360 τοῦ
3171 3304 3493 3376 πειρασμοῦ
3520 3304 3589 3356 ἐν
3614 3301 3687 3370 τῇ
3709 3304 3895 3371 ἐρήμῳ,

768 3385 858 3438 ubi
899 3395 1217 3459 tentaverunt
1248 3408 1325 3445 me
1360 3404 1530 3460 patres
1575 3396 1749 3455 restri,
1772 3397 2111 3464 probaverunt
2148 3416 2225 3452 me
2251 3408 2298 3452 et

768 3476 1003 3529 viderunt
1031 3494 1183 3546 opera
1222 3498 1352 3536 mea.
1387 3483 1747 3554 Quadraginta
1783 3490 1931 3540 annis
1971 3490 2194 3557 oﬂ'ensus
2226 3490 2302 3562 [ui

769 3568 1089 3633 generationi
1118 3569 1235 3622 huic
1263 3586 1281 3623 :
1306 3581 1353 3624 et
1383 3572 1495 3625 dixi
1522 3588 1539 3625 :
1570 3573 1776 3641 Semper
1793 3588 1971 3629 errant
1990 3579 2159 3632 corde.
2192 3578 2302 3648 Ipsi

774 3673 887 3707 uero
923 3675 1021 3709 non
1050 3671 1387 3726 cognoverunt
1427 3663 1535 3715 vias
1570 3681 1728 3727 nicas,
1761 3668 1892 3719 sicut
1924 3669 2098 3737 jurari
2128 3669 2180 3722 in
2222 3672 2303 3724 ira

775 3762 907 3809 mea,
930 3749 975 3798 si
995 3749 1277 3802 introibant
1302 3753 1355 3803 in
1390 3754 1612 3819 requiem
1642 3773 1826 3810 meam.
1850 3758 2124 3823 Quomodo
2143 3762 2303 3817 Deum

773 3839 1122 3901 tentaverint,
1181 3855 1285 3893 non
1326 3842 1536 3896 illorum
1592 3846 1714 3899 olim
1766 3845 2071 3904 Judaeorum
2126 3862 2305 3917 patres

774 3933 1073 3990 tantum,ut
1091 3930 1353 3999 quispiam
1381 3934 1745 4002 testimaverit,
1776 3938 1869 3992 sed
1901 3938 2060 3993 etiam
2092 3942 2307 4015 Ιιοάἰετέ

777 4032 988 4080 norum,
1013 4022 1102 4088 qui
1129 4023 1306 4076 audita
1334 4040 1463 4080 voce
1486 4025 1575 4081 Dei
1600 4028 1932 4085 obdurantnr
1951 4070 1964 4093 ,
1997 4034 2132 4101 apud
2164 4034 2307 4104 Moy-

782 4120 895 4160 sem
920 4108 1179 4177 habetur;
1202 4122 1255 4165 et
1283 4115 1334 4166 in
1353 4130 1528 4169 Lxxvn
1553 4120 1757 4187 psalmo
1776 4120 2083 4190 plerumque
2108 4124 2306 4177 dictum

784 4207 887 4260 cst,
920 4214 980 4252 ac
1021 4201 1267 4256 similiter
1297 4203 1350 4255 in
1383 4203 1446 4256 ev
1476 4215 1533 4257 ut
1562 4214 1671 4272 tute
1700 4209 1744 4262 si
1802 4212 2080 4279 perquiras
2122 4214 2303 4283 depre-

786 4289 1006 4344 hendes.
1057 4290 1317 4356 Quoniam
1360 4283 1522 4362 igitur
1559 4296 1640 4351 his
1668 4299 1869 4365 jurayit
1904 4302 2060 4365 Dens,
2093 4318 2303 4357 exat-er-

783 4380 968 4433 bantes
994 4382 1111 4441 illos
1140 4398 1243 4435 non
1270 4384 1609 4453 ingressuros
1633 4402 1749 4442 esse
1770 4386 1821 4443 in
1845 4392 2085 4460 requiem
2121 4392 2307 4460 ipsius,

782 4484 939 4535 quam
979 4472 1161 4539 paucis
1194 4488 1370 4528 sermo
1400 4476 1718 4545 descripsit;
1756 4480 1982 4534 sollicite
2026 4481 2179 4537 nobis
2220 4500 2313 4538 cu-

786 4557 1011 4610 randum
1044 4568 1125 4613 est
1176 4577 1241 4615 ne
1283 4562 1333 4615 in
1382 4568 1527 4635 paria
1581 4567 1895 4622 incidamus.
1958 4568 2089 4623 Nam
2126 4573 2309 4627 eadem

2397 3398 2467 3456 οὗ
2510 3397 2829 3465 ἐπείρασάν
2867 3416 2941 3466 με
2983 3401 3036 3449 οἱ
3071 3396 3315 3462 πατέρες
3344 3394 3523 3464 ὑμῶν,
3566 3391 3891 3463 ἐδοκίμασαν

2394 3505 2473 3558 με
2487 3488 2579 3541 καὶ
2606 3485 2764 3541 εἶδον
2778 3487 2846 3539 τὰ
2861 3487 2998 3554 ἔργα
3006 3503 3143 3555 μου.
3168 3482 3609 3551 Τεσσαρὰκοντα
3625 3484 3723 3548 ἐτη
3742 3498 3891 3550 προσ-

2397 3580 2616 3646 ώχθισα
2649 3577 2719 3646 τῇ
2748 3576 2917 3647 γενεᾷ
2948 3578 3127 3644 ταύτῃ
3147 3593 3159 3606 ·
3196 3576 3293 3629 καὶ
3323 3570 3485 3628 εἶπαι
3532 3574 3635 3627 Ἀεὶ
3662 3571 3894 3627 πλανῶν·

2399 3684 2491 3719 ται
2517 3666 2587 3735 τῇ
2620 3666 2849 3734 καρδίᾳ.
2875 3666 3047 3721 Αὐτοὶ
3077 3663 3143 3719 δὲ
3175 3666 3282 3718 οὐκ
3311 3663 3579 3732 ἔγνωσαν
3619 3662 3718 3727 τὰς
3751 3659 3893 3719 ὁδούς

2396 3774 2533 3825 μου,
2562 3759 2640 3822 ὡς
2665 3756 2869 3827 ὤμοσαν
2900 3756 2967 3808 ὲν
3000 3754 3074 3822 τῇ
3099 3752 3241 3822 ὀργῆ
3256 3772 3394 3821 μου,
3422 3756 3472 3815 ει
3490 3755 3896 3806 εἰσελεύσονται

2401 3851 2485 3911 εἰς
2538 3845 2648 3912 τὴν
2700 3843 3073 3897 κατάπαυσίν
3112 3860 3257 3911 μου,
3286 3843 3470 3904 Ὅπως
3516 3842 3798 3911 ἐπείρασαν
3828 3840 3894 3888 τὸν

2402 3937 2530 3989 Θεὸν
2559 3938 2615 3987 ἐν
2662 3938 2726 4005 τῇ
2766 3935 2953 4005 ἐρήμῳ
2979 3935 3025 3985 οἱ
3076 3932 3303 4001 πατέρες
3328 3931 3445 4000 οὑχὶ
3473 3931 3577 3983 τῶν
3610 3930 3767 3983 πάλαι
3797 3929 3895 3979 ’1ου-

2403 4026 2558 4078 δαίων
2594 4026 2766 4095 μόνον,
2797 4024 2868 4086 ὼς
2897 4023 2960 4076 ἂν
2982 4022 3229 4075 ὑπολάϐοι
3252 4037 3353 4083 τις,
3375 4022 3505 4073 ἀλλὰ
3518 4019 3623 4073 τῶν
3648 4019 3739 4073 καὶ
3771 4021 3897 4087 σήμε-

2407 4134 2495 4187 ρον
2546 4108 2839 4169 ἀκουόντων
2876 4112 2969 4183 μὲν
2993 4113 3087 4183 τῆς
3120 4111 3299 4181 φωνῆς
3346 4109 3438 4162 τοῦ
3462 4108 3613 4171 Θεοῦ,
3647 4109 3897 4179 σκληρυιιτρ

2409 4206 2578 4276 μένων
2626 4205 2697 4267 δὲ,
2743 4206 2910 4255 κεῖται
2940 4203 3086 4273 παρὰ
3117 4203 3352 4264 Metauri,
3388 4200 3485 4253 καὶ·
3524 4200 3579 4251 ἐν
3601 4197 3641 4251 o'
3672 4198 3726 4250 δέ
3762 4198 3840 4250 καί
3867 4192 3895 4255 ζ’

2404 4296 2598 4365 ψαλμῷ
2624 4295 2872 4356 πολλάκις
2907 4294 3134 4363 εἴρηται,
3166 4292 3257 4343 καὶ
3286 4294 3342 4343 ἐν
3370 4288 3470 4361 pe"
3501 4290 3640 4359 ἅπερ
3668 4288 3780 4365 καθ’
3804 4289 3897 4337 ἐαυ-

2406 4391 2494 4442 τὸν
2522 4390 2845 4457 ἐπιζητήσας
2890 4389 3155 4458 εὑρήσεις.
3210 4384 3360 4437 Ἐπεὶ
3406 4382 3583 4436 τοίνυν
3626 4381 3711 4433 διὰ
3761 4378 3898 4432 ταῦτα

2409 4480 2612 4549 ὤμοσεν
2631 4479 2799 4542 ὁΘεὸς
2832 4478 2903 4548 μὴ
2928 4475 3317 4529 εἰσελεύσεσθαι
3343 4474 3466 4534 τοὺς
3494 4468 3898 4539 παραπικράναν·

2412 4589 2508 4632 τας
2535 4572 2611 4631 είς
2642 4569 2737 4638 τὴν
2762 4569 3095 4621 κατάπαυσιν
3122 4562 3302 4623 αὐτοῦ,
3338 4562 3403 4631 ἢν
3438 4563 3466 4613 ό
3499 4561 3652 4628 λόγος
3679 4559 3762 4610 διὰ
3796 4556 3898 4625 βρα-

786 4646 901 4714 ipsa
926 4661 1023 4701 nos
1067 4650 1350 4717 excipient,
1388 4654 1432 4705 si
1463 4670 1641 4709 vocem
1670 4656 1759 4710 Dei
1806 4673 1948 4711 nunc
1980 4669 2027 4712 et
2060 4660 2111 4713 in
2163 4677 2297 4730 prte-

2412 4630 2547 4730 χέων
2579 4630 2883 4729 παρέστησε
2907 4694 2921 4718 ,
2970 4652 3287 4723 προνοητέον
3322 4630 3415 4703 καὶ
3455 4651 3586 4719 ἡμῖν
3636 4648 3726 4700 καὶ
3779 4662 3897 4714 prpt-

785 4739 922 4791 senti
974 4738 1145 4793 adhuc
1197 4751 1433 4810 tempore
1484 4752 1580 4799 nos
1642 4759 1949 4801 evocantem
2011 4751 2309 4817 audientes,

786 4827 949 4879 corda
993 4829 1357 4887 obduremus:
1416 4850 1513 4888 nos
1568 4836 1761 4906 quippe
1802 4839 1875 4891 ira
1930 4838 2021 4894 Dei
2074 4841 2308 4906 invadet,

786 4933 851 4971 ac
888 4918 1065 4987 quiete
1126 4920 1214 4972 illa
1261 4923 1400 4989 apud
1449 4925 1621 4991 ipsum
1666 4934 1717 4979 et
1760 4943 1880 4981 cum
1934 4930 2049 4998 ipso
2093 4947 2327 4986 sutncnr

786 5006 851 5059 da
886 5008 1228 5074 privabimur.
1263 5009 1388 5074 Quae
1428 5028 1587 5081 porro
1634 5018 1711 5066 ira
1756 5018 1843 5069 illa
1880 5018 2056 5071 futura
2103 5021 2192 5080 sit,
2230 5022 2311 5075 his

789 5094 1023 5147 declarat
1042 5097 1323 5163 Apostolus
1346 5116 1359 5152 :
1382 5097 1669 5154 Secundum
1694 5113 1861 5156 autem
1881 5105 2127 5159 duritiam
2149 5116 2310 5171 tuam,

790 5195 836 5233 et
866 5185 1177 5250 impwnitens
1208 5205 1313 5253 cor,
1351 5192 1667 5246 thesaurizas
1713 5196 1804 5246 tibi
1833 5197 1964 5262 iram
2008 5199 2058 5249 in
2085 5198 2167 5251 die
2198 5200 2308 5262 irw,

790 5281 836 5322 et
886 5274 1202 5330 reuelationis
1237 5282 1369 5345 justi
1389 5281 1576 5347 judim
1629 5265 1802 5336 Dei".
1846 5284 1971 5349 Quae
2014 5295 2188 5340 autem
2231 5303 2313 5341 re-

792 5361 947 5425 quies
974 5362 1088 5427 ejus
1112 5375 1210 5427 est,
1243 5368 1343 5421 nisi
1372 5368 1458 5421 illa
1482 5378 1599 5438 post
1627 5374 1827 5425 exitum
1857 5374 2013 5442 bujus
2046 5377 2163 5429 vita:
2191 5391 2309 5429 cum

794 5450 883 5502 illo
914 5456 1280 5518 commoratio,
1310 5474 1415 5526 qua
1460 5460 1855 5529 requiescemus
1897 5464 1949 5516 in
1985 5481 2143 5536 regno
2172 5467 2308 5535 ejus,

796 5546 936 5599 omni
981 5560 1200 5615 prorsus
1248 5564 1404 5614 opere
1450 5568 1511 5607 ac
1556 5556 1765 5623 negatio
1810 5558 2058 5624 exempti,
2108 5560 2311 5627 solique

802 5634 1093 5689 divinorum
1140 5646 1193 5691 et
1234 5640 1525 5701 cmlestium
1560 5635 1985 5714 contemplationi
2014 5649 2311 5712 jvacantes'

911 5783 947 5817 ⁸³
991 5785 1136 5842 Rom.
1174 5809 1239 5847 II.

2414 4750 2635 4820 μνητέον
2676 4749 2748 4818 μὴ
2794 4749 2902 4808 τοῖς
2937 4744 3137 4813 ὁμοίοις
3186 4742 3513 4812 περιπεσεῖν.
3542 4739 3625 4791 Τά
3653 4736 3780 4789 αὑτὰ
3819 4735 3899 4803 γάρ

2410 4840 2501 4893 καὶ
2532 4841 2674 4909 ἡμᾶς
2697 4835 3005 4900 διαδέξεται,
3043 4834 3090 4885 εἰ
3117 4832 3214 4901 τῆς
3255 4828 3347 4883 τοῦ
3381 4829 3515 4884 Θεοῦ
3542 4827 3719 4896 φωνῆς
3748 4823 3892 4887 εἱςὲτι

2406 4931 2498 4983 καὶ
2541 4930 2633 4981 νῦν
2691 4925 2827 4981 κατὰ
2876 4924 2971 4995 τὴν
3026 4924 3258 4994 σήμερον
3302 4918 3517 4991 ἡμέραν
3571 4912 3899 4982 ἀνακαλουμέ-

2409 5037 2502 5088 νης
2533 5021 2676 5089 ἡμᾶς
2705 5011 3391 5083 ἁκούοντες,σκλῆρύνωμεν
3422 5008 3516 5069 τὰς
3558 5004 3758 5058 ἑαυτῶν
3797 5020 3901 5071 καρ-

2415 5108 2527 5170 δίας
2552 5126 2563 5137 ·
2626 5106 2932 5175 διαλήψεται
2994 5102 3101 5173 γὰρ
3138 5102 3230 5154 καὶ
3256 5152 3257 5155 η
3284 5099 3427 5167 ἡμᾶς
3477 5095 3614 5167 ὀργὴ
3672 5094 3800 5149 Θεοῦ
3828 5090 3898 5144 κεῖ

2414 5196 2818 5268 ἀποπεσούμεθα
2868 5197 2964 5263 τῆς
3016 5192 3140 5260 παρ’
3189 5186 3336 5256 αὐτῷ
3392 5186 3485 5239 καὶ
3511 5187 3605 5239 σὺν
3632 5182 3774 5253 αὐτῷ
3799 5185 3899 5268 ἅναξ

2413 5265 2901 5350 παύσεωςξὉποία
2952 5281 3009 5334 δέ
3049 5282 3190 5332 ἐστιν
3232 5278 3265 5346 ἡ
3322 5275 3478 5346 ὀργὴ,
3552 5265 3903 5345 παρίστησινὸ

2428 5379 2731 5441 Ἀπόστολος
2757 5376 2943 5443 λέγων·
2973 5372 3125 5426 Κατὰ
3155 5368 3221 5420 δὲ
3250 5366 3361 5433 τὴν
3392 5361 3764 5432 σκληρότητά
3792 5374 3901 5450 cev:

2414 5470 2505 5522 καὶ
2552 5468 2944 5538 ἀμετανόητον
2988 5459 3260 5526 καρδίαν,
3306 5455 3667 5522 θησαυρίζεις
3708 5462 3905 5505 σεαυτφ

2414 5560 2594 5627 ὀργὴν
2622 5558 2689 5609 ἐν
2718 5554 2900 5622 ἡμέρᾳ
2926 5548 3101 5618 ὀργῆς
3124 5549 3219 5641 καὶ
3265 5548 3692 5641 exaudi-su;
3722 5539 3904 5641 duram:

2414 5649 2638 5716 κρισίας
2670 5645 2771 5707 τοῦ
2800 5640 2964 5697 Θεοῦ.
3001 5640 3093 5701 Τίς
3123 5638 3176 5692 δέ
3208 5639 3298 5691 καὶ
3338 5640 3370 5707 ἡ
3412 5638 3746 5694 κατάπαυσις
3774 5638 3904 5681 αὐτου
