3950 6350
25 435 183 490 I211
991 482 995 487 .
1110 441 1558 498 ΟΟΜΜΕΝΤΑΒΙ.

1655 442 1697 497 Ν
1738 442 2064 499 PSALMOS.
2101 470 2107 476 -
3069 448 3206 502 1218

26 548 158 600 ἀλλ’
196 551 239 619 ὴ
278 550 412 617 μετά
433 549 528 617 τὴν
558 549 728 616 ἔξοδον
750 550 839 603 τοῦ
868 552 1120 621 παρόντος
1158 553 1269 622 βίου
1309 556 1401 607 σὺν
1436 556 1558 623 αὐτᾷ

1677 557 1887 632 quando
1928 556 2175 610 abscedet
2221 556 2434 625 quidem
2486 556 2657 619 dolor,
2693 557 2908 612 tristitia
2943 565 2997 612 et
3038 562 3203 627 gemi-

25 637 329 708 διατριϐὴ,
355 638 473 692 καθ’
501 640 567 709 ῆν
604 641 1014 709 ἀναπαυσόμεθα
1054 644 1110 693 ἐν
1135 646 1200 711 τῇ
1234 644 1393 695 αὑτοῦ
1439 644 1558 713 βασι

1682 654 1803 708 tus;
1832 642 1985 712 quies
2008 652 2205 704 autem,
2235 644 2437 713 ereptio
2458 658 2488 696 a
2513 645 2687 706 malis,
2717 646 2965 706 cessatio,
2992 649 3202 714 requies

26 729 192 797 λείᾳ,
239 732 416 798 πάσης
450 731 544 799 τῆς
588 730 670 784 διά
708 732 946 801 πράξεως
982 732 1198 801 ἀγωγῆς
1242 732 1554 802 ἀπηλλαγμέ

1682 748 1745 786 ac
1809 749 1985 788 verum
2035 735 2309 789 sabbatum
2365 750 2463 790 nos
2508 736 2731 804 excipiet
2765 754 2777 789 :
2812 736 2865 788 in
2919 752 3026 805 quo
3070 738 3196 793 item

26 836 140 879 vet,
212 819 352 888 μόνῃ
404 819 458 872 δὲ
520 824 586 889 τῇ
647 820 752 872 τῶν
796 820 948 873 θείων
988 823 1080 874 καὶ
1127 824 1464 894 ἐπουρανίων,
1491 824 1558 874 θέ‹

1681 838 1805 876 vero
1840 823 2061 876 sabbato
2094 824 2264 891 ipsum
2297 822 2386 878 Dei
2419 823 2647 877 Verbum
2688 825 2997 893 requiescet.
3045 827 3197 890 Quod

26 910 497 979 προσανέχοντες;
532 912 617 963 ὅτε
647 911 996 982 ἀποδράσεται
1022 913 1116 982 μὲν
1147 913 1296 984 ὀδύνη
1323 913 1416 967 καὶ
1442 899 1558 965 λῦπι

1680 929 1807 968 vero
1831 922 2028 984 spectat
2065 914 2124 970 Id
2156 914 2298 969 hunc
2341 915 2643 969 sensibilem
2675 917 2949 976 mundum,
2983 916 3197 973 Judaeos

26 1001 127 1053 καὶ
198 1002 519 1068 στεναγμός·
580 1001 740 1070 ἀργία
796 1002 850 1053 δὲ
901 1003 992 1055 καὶ
1055 1002 1330 1074 ἀπαλλαγὴ
1381 1008 1558 1059 κακῶν

1680 1015 1865 1060 evocat
1891 1014 1943 1059 et
1969 1005 2232 1070 hortatur,
2279 1016 2339 1059 ut.
2385 1008 2429 1059 si
2453 1006 2563 1074 jam
2596 1005 2850 1068 secundo,
2895 1014 2951 1059 ut
2982 1009 3105 1061 olim
3140 1009 3193 1061 in

26 1090 206 1159 σχολὴ
255 1108 313 1142 τε
346 1092 433 1143 καὶ
482 1091 760 1143 ἀνάπαυλα
804 1092 894 1143 καὶ
934 1092 995 1144 τὸ
1040 1094 1284 1162 ἀληθινὸν
1318 1097 1554 1150 Σάϐϐατο

1680 1097 1909 1161 deserto,
1942 1096 2032 1149 Dei
2067 1095 2224 1151 Verbi
2251 1111 2379 1150 voce
2401 1097 2704 1166 dignentur,
2733 1113 2850 1166 quae
2877 1098 3023 1163 ipsos
3059 1106 3196 1153 tem-

25 1178 181 1246 ἡμᾶς
225 1179 547 1245 διαδέξεται’
573 1181 628 1231 ὲν
660 1173 703 1246 ᾧ
726 1173 978 1249 Σαϐϐάτῳ
1003 1182 1230 1253 ἀληθινῷ
1260 1185 1349 1238 καὶ
1377 1187 1530 1250 αὐτὸς
1557 1217 1558 1228 ι

1679 1198 1805 1251 pore
1838 1185 2219 1238 incarnationis
2244 1186 2360 1253 ejus
2390 1187 2577 1239 iterum
2626 1186 2919 1239 allocutura
2945 1197 3072 1249 erat,
3129 1204 3194 1241 ne

26 1268 115 1319 τοῦ
166 1269 315 1322 Θεοῦ
367 1271 533 1337 Λόγος
585 1269 976 1323 ἀναπαύσεται·
1044 1274 1103 1325 τὸ
1161 1273 1256 1342 μὲν
1318 1278 1442 1345 περὶ
1494 1279 1558 1329 τὸ·

1680 1286 1859 1346 patres
1911 1292 2038 1332 suos
2095 1279 2386 1343 imitentur,
2446 1294 2616 1348 neque
2667 1294 2880 1333 rursum
2933 1286 2991 1333 ut
3041 1289 3191 1333 antea

26 1356 297 1426 αἰσθητὸν
338 1358 572 1428 κόσμον,
617 1358 695 1427 τῷ
731 1359 1006 1437 ,Ἰουδαίων
1056 1360 1165 1430 λαῷ
1216 1362 1282 1415 τά
1339 1366 1395 1415 ὲν
1439 1365 1558 1435 αὐτᾷ

1679 1365 1841 1422 Deum
1894 1368 2227 1421 exacerbent.
2257 1366 2388 1422 Cum
2426 1375 2600 1422 autem
2643 1367 2720 1421 sic
2752 1368 3012 1430 hortatur,
3046 1366 3190 1420 vide-

26 1445 400 1514 προσφωνῶν,
438 1448 531 1499 καὶ
564 1448 887 1518 παρακαλῶν
912 1449 1121 1512 αὐτοὺς,
1152 1452 1198 1503 εἰ
1220 1451 1465 1522 δεύτερον
1489 1472 1555 1505 κα

1677 1464 1762 1509 tur
1804 1455 1930 1508 mihi
1972 1457 2325 1524 praenuntiam
2366 1471 2426 1509 ac
2455 1457 2795 1511 subindicare
2831 1456 3060 1510 futuram
3111 1472 3196 1512 eo-

25 1535 370 1599 ταξιωθεῖεν,
410 1537 483 1600 ὠς
521 1537 580 1590 τὸ
619 1538 824 1608 πρῶτον
866 1540 955 1593 ἐπὶ
984 1541 1079 1610 τῆς
1105 1542 1327 1612 ἐρήμου,
1359 1542 1558 1596 ἀκοῦσα

1677 1558 1792 1595 rum
1831 1558 1953 1612 erga
1990 1543 2258 1597 Christum
2294 1536 2739 1609 incredulitatem,
2778 1555 2957 1614 utpote
2995 1545 3182 1599 future-

25 1628 124 1696 τῆς
156 1627 264 1679 τοῦ
296 1628 427 1681 Θεοῦ
451 1630 617 1695 Λόγου
648 1631 845 1700 φωνῆς.
871 1633 989 1701 ἥτις
1016 1633 1240 1702 ῆμελλεν
1260 1634 1439 1699 ,αὐτοῖς
1467 1639 1558 1689 πά-

1677 1648 1792 1685 rum
1844 1648 1947 1686 non
1993 1635 2203 1687 nescius
2236 1648 2390 1686 :nam
2448 1635 2548 1688 sub
2578 1635 2686 1687 haec
2738 1650 2799 1688 ex
2834 1649 3059 1703 persona
3097 1633 3189 1689 Dei

25 1720 104 1772 λιν
141 1720 295 1772 κατά
352 1722 446 1792 τὴν
488 1723 885 1794 ἐνανθρὼπησιν
928 1725 1085 1777 αὑτοῦ
1131 1725 1323 1789 λαλεῖν,
1361 1728 1433 1797 μὴ
1460 1730 1558 1781 τοὺι

1651 1722 1857 1790 -adjicit
1889 1730 1940 1775 et
1972 1723 2045 1774 ait
2071 1740 2084 1773 :
2108 1721 2175 1774 Et
2197 1722 2325 1786 dixi,
2358 1721 2563 1790 Semper
2584 1733 2755 1777 errant
2772 1724 2955 1787 corde;
2988 1738 3051 1777 ac
3079 1739 3193 1777 rur-

26 1808 283 1877 πατέρας
314 1809 485 1862 αὐτῶν
508 1810 758 1879 ζηλῶσαι,
793 1813 910 1884 μηδ’
936 1810 1090 1877 αὖθις
1124 1814 1213 1867 τὸν
1245 1816 1373 1869 Θεὸν
1400 1836 1558 1888 παρα·

1677 1827 1815 1870 sum,
1850 1808 1991 1864 Sicut
2022 1812 2197 1879 juravi
2241 1815 2292 1864 in
2334 1813 2416 1874 ira
2464 1830 2594 1875 mea,
2640 1815 2684 1866 si
2716 1814 2991 1869 introibant
3022 1813 3073 1866 in
3115 1829 3190 1867 re-

26 1896 299 1963 πικράναι
328 1896 401 1959 ὡς
434 1898 524 1949 καὶ
558 1899 833 1969 πρότερον.
878 1901 1106 1955 Τοιαῦτα
1136 1901 1191 1954 δὲ
1224 1903 1558 1972 παρακαλῶν,

1671 1901 1836 1969 quiem
1874 1915 2056 1954 meam.
2088 1900 2291 1955 Etenim
2325 1902 2371 1957 si
2412 1903 2464 1955 in
2506 1918 2566 1957 os
2607 1904 2733 1957 illud
2766 1903 3023 1957 divinum.
3046 1918 3189 1972 meu-

26 1986 320 2055 προλέγειν
359 2004 446 2056 μοι
466 1967 613 2041 δοκεῖί
632 1967 733 2041 καί
747 1990 1167 2059 προαινίττεσθαι
1192 1993 1289 2060 τὴν
1306 1967 1558 2063 ἰὲσομένηι

1673 1967 1880 2037 daeium
1920 2000 2027 2038 nou
2063 1987 2225 2048 cadit,
2265 2001 2327 2040 ac
2374 1987 2729 2044 deﬁnitionem
2761 1967 3185 2059 sententiamque

26 2075 210 2127 αὐτῶν
237 2078 317 2140 εἰς
359 2077 448 2129 τὸν
487 2076 710 2147 Χριστὸν
743 2080 1013 2142 ἀπιστίαν,
1049 2081 1140 2134 ἆτε
1173 2081 1232 2133 τὸ
1273 2082 1459 2151 μέλλον
1495 2084 1558 2153 μὴ

1675 2072 1814 2139 illam
1866 2074 2100 2141 protulit,
2144 2075 2283 2143 quod
2325 2077 2525 2130 scili‘cet
2574 2092 2780 2146 semper
2815 2087 3012 2140 errent,
3039 2078 3186 2147 jura-

26 2164 263 2231 ἀγνοῶν·
299 2167 485 2233 ἐπάγει
521 2166 563 2219 δ’
600 2164 689 2219 οὖν
739 2168 863 2238 ἑξῆς
894 2171 956 2221 ἐκ
996 2169 1277 2240 προσώπου
1316 2170 1407 2227 τοῦ
1441 2170 1558 2223 Θεοῐ

1672 2169 1954 2230 mentoque
1979 2158 2256 2217 aﬂirmavit
2280 2179 2373 2219 eos
2404 2166 2457 2218 in
2483 2167 2717 2235 requiem
2743 2169 2911 2238 ipsius
2938 2184 3044 2222 non
3065 2184 3187 2224 esse

26 2256 122 2306 καὶ
156 2256 328 2324 φησίν
355 2272 371 2289 ’
409 2258 515 2309 Καὶ
551 2254 703 2311 εἴπω
757 2259 861 2312 Ἀεὶ
893 2258 1222 2314 πλανῶνται
1250 2260 1322 2329 τῇ
1345 2261 1558 2330 καρδία

1672 2251 2038 2319 ingressuros;
2070 2261 2247 2321 aperte
2292 2252 2465 2308 futura
2495 2257 2808 2310 vaticinatus
2854 2266 2955 2311 est.
2985 2260 3181 2323 Quare,

26 2348 123 2397 καὶ
156 2347 344 2400 πάλιν
382 2348 471 2414 Ὧς
498 2348 695 2417 ὤμοσα
723 2349 791 2403 ἐν
818 2348 891 2419 τῇ
918 2350 1059 2419 ὀργῆ
1082 2370 1215 2421 μου,
1241 2355 1292 2406 εἰ
1315 2353 1558 2417 εἰσελεύ-

1673 2348 1730 2393 ut
1753 2341 1881 2427 olim
1903 2352 2141 2415 tempore
2167 2342 2383 2414 Moysis,
2410 2346 2488 2399 sic
2508 2345 2696 2400 iterum
2718 2344 2922 2400 Domini
2950 2356 3185 2416 tempore

27 2454 254 2490 σονται
286 2440 370 2503 εἰς
400 2439 512 2505 τὴν
541 2439 908 2493 κατάπαυσίν
947 2459 1079 2509 μου.
1117 2442 1176 2494 Εἰ
1210 2442 1313 2510 γὰρ
1353 2440 1558 2508 ἀψευδὲς

1668 2433 1875 2487 videtur
1899 2434 2109 2491 Judzeos
2138 2436 2296 2491 corde
2323 2452 2552 2501 errasse,
2585 2438 2805 2506 ideoque
2835 2439 3183 2507 promissione

32 2528 302 2595 τυγχάνει
329 2529 389 2580 τὸ
417 2529 553 2582 θεῖον
583 2531 769 2600 στόμα,
797 2532 920 2602 ὅρον
934 2548 990 2582 τε
1024 2531 1302 2600 ἐξήνεγκεν
1324 2532 1414 2583 καὶ
1437 2531 1558 2584 ἀπεε

1672 2527 1759 2579 illa
1783 2525 2066 2582 frustratos
2086 2542 2226 2585 esse.
2245 2528 2576 2599 Quapropter
2593 2536 2711 2598 post
2737 2530 2877 2582 hunc
2903 2530 3185 2599 psalmum,

29 2618 263 2685 φήνατο,
292 2620 369 2670 ὄτι
408 2620 493 2671 ἀεὶ
546 2619 875 2684 πλανῶνται,
915 2618 1058 2690 ὅρκῳ
1094 2637 1151 2673 τε
1195 2620 1479 2673 ἐϐεϐαίωσε
1514 2619 1558 2672 τί

1671 2618 1760 2687 qui
1808 2619 2045 2691 sequitur
2076 2634 2262 2673 omnes
2302 2628 2486 2689 gentes
2539 2618 2604 2671 ad
2646 2619 3048 2687 promissionem
3091 2619 3182 2674 Dei

26 2706 102 2775 μὴ
136 2706 398 2781 εἰσελθεῖν
424 2708 615 2772 αὐτοὺς
646 2711 723 2777 εἰς
758 2708 851 2781 τὴν
882 2712 1212 2781 κατάπαυσιν
1251 2710 1409 2764 αὐτοῦ
1429 2727 1442 2741 ο
1483 2728 1558 2764 σα-

1672 2715 1843 2770 vocat,
1873 2721 1935 2761 ac
1962 2706 2006 2761 si
2034 2707 2179 2776 prior
2212 2708 2300 2761 ille
2330 2708 2553 2775 pepulus
2574 2720 2682 2758 non
2715 2706 3110 2775 obtemperarit.

29 2798 140 2861 φῶς
163 2798 229 2849 τὸ
266 2799 450 2867 μέλλον
474 2800 768 2871 ἐθέσπισεν.
800 2802 955 2855 Ὅθεν
989 2803 1257 2871 φαίνονται
1285 2803 1467 2875 ὥσπερ
1500 2804 1558 2857 τὸ
1581 2804 1787 2874 πρῶτον
1824 2803 1911 2854 ἐπὶ
1931 2801 2219 2864 Μωῦσὲως,
2244 2801 2380 2853 οὕτω
2429 2800 2521 2852 καὶ
2562 2798 2620 2851 τὸ
2672 2797 2912 2869 δεύτερον
2951 2800 3039 2851 ἐπὶ
3087 2797 3183 2853 τοῦ

27 2888 234 2955 Κυρίου
273 2888 625 2959 πλανηθέντες
657 2893 721 2961 τῇ
757 2891 964 2962 καρδίᾳ,
1007 2893 1226 2957 καιδιά
1268 2893 1422 2946 τοῦτο
1462 2894 1556 2963 τῆς
1588 2892 1907 2960 ἐπαγγελίας
1949 2889 2308 2960 στερηθέντες.
2344 2889 2537 2957 Διόπερ
2584 2888 2879 2951 ἀκολούθως
2928 2887 3059 2957 μετά
3091 2890 3178 2942 τὸν

31 2979 273 3048 παρόντα
294 2979 502 3050 ψαλμὸν
525 2982 553 3033 ὸ
571 2981 693 3051 ἑξῆς
715 2981 887 3035 πάντα
920 2981 988 3035 τά
1013 2982 1135 3054 ἔθνη
1169 2985 1246 3047 εἰς
1265 2985 1360 3055 τὴν
1389 2981 1710 3051 ἐπαγγελίαν
1735 2980 1827 3034 τοῦ
1859 2982 1989 3034 Θεοῦ
2012 2981 2182 3042 καλεῖ,
2224 2979 2298 3041 ὼς
2348 2979 2412 3033 ἂν
2459 2977 2552 3030 τοῦ
2611 2979 2865 3049 προτέρου
2908 2977 3033 3031 λαοῦ
3104 2980 3177 3050 μὴ

33 3068 460 3133 ὑπακούσαντος.

29 3166 163 3248 om
218 3174 761 3254 “resurgere
811 3188 853 3237 υ
898 3184 1097 3237 omo:
1143 3183 1565 3254 oKOAOMEITo
1591 3188 1632 3244 c

290 3251 478 3303 ΜΕΤΑ
513 3252 650 3311 ΤΗΝ
689 3251 1168 3306 ΔΙΧΜᾹΛΩΣΙΑΝζ
1202 3254 1319 3319 ιιεν.

101 3422 323 3500 ’ᾼσατε
357 3422 437 3487 τῷ
475 3425 660 3503 tarpio)
688 3418 849 3494 ᾆσμα
878 3427 1102 3479 καινόν·
1136 3425 1318 3492 ᾆσατε
1346 3425 1424 3489 τῷ
1453 3428 1563 3477 Κυ-

31 3508 151 3574 ρίῳ,
183 3508 355 3563 πᾶσα
378 3512 417 3579 ἠ
442 3510 536 3579 γῆ.
574 3514 791 3580 ’ᾼσατε
825 3513 903 3578 τῷ
945 3516 1153 3580 Κυρίῳ,
1200 3515 1563 3581 εὐλογήσατε

36 3597 97 3649 τὸ
130 3598 316 3667 ὄνομα
346 3600 543 3654 αὑτοῦ.
584 3603 759 3671 Φήσας
797 3604 824 3655 ὁ
853 3604 1001 3670 λόγος
1035 3606 1091 3655 ὲν
1130 3604 1206 3673 τῷ
1234 3604 1337 3675 πρὸ
1378 3603 1560 3657 τούτου

36 3685 225 3757 ψαλμῷ
253 3691 380 3759 περί
394 3689 487 3742 τοῦ
527 3692 785 3745 Ἰουδαίων
811 3693 935 3746 λαοῦ
964 3694 1041 3757 τὸ,
1088 3694 1191 3748 Ἀεὶ
1230 3694 1561 3747 πλανῶνται

38 3773 107 3841 τῇ
134 3777 364 3846 καρδίᾳ·
390 3779 581 3842 καὶτὸ,
623 3779 714 3845 Ὠς
744 3780 943 3849 ὤμοσα
972 3782 1040 3833 ὲν
1060 3779 1133 3848 τῇ
1163 3778 1305 3849 ὀργῇ
1342 3798 1479 3849 μου.
1512 3784 1563 3833 εἰ

39 3867 474 3921 εἰσελεύσονται
515 3872 600 3935 εἰς
628 3870 749 3936 τὴν
793 3870 1162 3923 κατάπαυσίν
1198 3887 1335 3937 μου’
1381 3871 1559 3941 ἐπειδὴ

40 3956 277 4025 πρώτους
299 3959 489 4023 αὐτοὺς
513 3960 603 4011 ἐπὶ
647 3960 749 4031 τὴν
776 3962 912 4015 κατά
930 3962 1068 4016 Θεὸν
1094 3961 1403 4028 ἁγαλλίασιν
1425 3977 1560 4031 προ-

38 4044 395 4116 καλεσάμενος
441 4051 677 4114 ἀπειθεῖς
730 4046 913 4121 εὗρεν,
974 4052 1065 4105 ἐπὶ
1107 4051 1202 4120 τὴν
1248 4050 1353 4103 τῶν
1393 4050 1559 4109 ἐθνῶν

42 4131 219 4201 κλῆσιν
252 4137 573 4205 μεταϐαίνει·
608 4142 909 4209 προσφωνεί
937 4138 991 4190 δὲ
1009 4138 1174 4190 ταῦτα
1197 4140 1303 4201 τοῖς
1329 4139 1555 4191 ἀποστόο

38 4222 138 4286 λοις
160 4226 249 4277 καὶ
283 4227 545 4296 μαθηταῖς
569 4229 660 4282 τοῦ
690 4229 955 4300 Σωτῆρος,
984 4231 1120 4298 ὅπερ
1147 4227 1297 4299 δῆλόν
1317 4230 1428 4281 ἐστι
1448 4229 1555 4281 ἀπὸ

40 4313 143 4373 τοῦ.
172 4315 626 4385 Eiram-311652708
655 4316 875 4386 ἡμέραν
905 4316 972 4380 ἐξ
1007 4317 1225 4385 ἡμέρας
1261 4316 1325 4370 τὸ
1366 4316 1555 4383 σωτή-

37 4419 156 4469 ριον
176 4405 380 4468 αὐτοῦ,
412 4407 535 4475 ἑξῆς
576 4406 874 4478 εἰρημένου,
904 4406 1013 4469 καὶ,
1069 4406 1462 4475 Ἀπαγγείλατε
1487 4407 1554 4460 ὲν

1670 3182 1719 3235 l.
1789 3174 2169 3235 CANTICUM,
2211 3170 2334 3230 lPSl
2375 3170 2595 3228 DAVID.
2626 3168 2896 3235 QUANDO
2952 3167 3176 3225 DOMUS

1701 3245 2109 3312 IEDIFICABA'I
2127 3242 2217 3297 UR
2246 3241 2414 3297 POST
2430 3238 2955 3301 CAPTIVITA'IEM,’
2969 3240 3120 3307 XCV.

1622 3426 1623 3429 ‘
1731 3405 1889 3460 Vens.
1914 3405 1968 3458 2.
2007 3402 2226 3458 Cantate
2258 3399 2476 3453 Domino
2513 3399 2771 3451 canticum
2804 3412 3007 3460 novum,
3051 3413 3178 3449 ean-

1662 3507 1762 3551 tate
1793 3496 2030 3557 Domino,
2062 3493 2224 3547 omnis
2267 3500 2420 3545 terra.
2454 3489 2671 3544 Caritate
2692 3487 2932 3549 Domino,
2973 3488 3177 3541 benedi-

1656 3590 1756 3641 cite
1784 3586 1974 3640 nomini
2000 3586 2131 3654 ejus.
2161 3582 2291 3636 Cum
2325 3582 2379 3634 in
2408 3578 2719 3648 praecedenti
2761 3577 3056 3652 psalmo‘de
3085 3578 3176 3631 Ju-

1658 3679 1811 3731 daico
1842 3677 2036 3746 populo
2068 3676 2267 3728 dictum
2304 3673 2510 3732 luisset,
2531 3668 2736 3737 Semper
2772 3675 2948 3721 errant
2981 3669 3167 3731 corde.

1656 3777 1730 3830 et,
1757 3765 1901 3819 Sicut
1918 3764 2095 3832 juravi
2122 3763 2173 3815 in
2210 3762 2289 3814 ira
2322 3776 2452 3826 mea,
2478 3760 2521 3813 si
2550 3756 2829 3810 introibant
2863 3757 2917 3809 in
2948 3758 3171 3825 requiem

1657 3871 1821 3909 meam
1845 3868 1863 3906 :
1886 3855 2013 3923 quia
2052 3854 2170 3906 illos
2200 3852 2426 3920 primum
2454 3851 2518 3903 ad
2545 3864 2661 3903 eam
2692 3847 2980 3902 secundum
3007 3845 3170 3900 Deum

1654 3945 2060 4003 exsultationem
2108 3943 2393 4018 advocqans,
2441 3940 2804 4009 immorigeros
2859 3938 3166 4002 invenisset,

1656 4037 1720 4090 ad
1744 4037 2069 4089 vocationem
2090 4032 2327 4102 gentium
2349 4030 2559 4085 transit.
2592 4028 2683 4084 His
2702 4018 2859 4098 porro
2897 4035 3168 4096 apostoios

1653 4130 1707 4179 et
1752 4122 2099 4192 evangelistas
2137 4120 2427 4175 Salvatoris
2461 4120 2759 4189 compellat,
2795 4127 2850 4172 ut
2880 4121 3049 4187 palam
3083 4129 3167 4173 est

1652 4227 1716 4267 ex
1748 4211 1943 4273 verbis,
1974 4209 2289 4262 Annuntiate
2321 4217 2384 4263 ae
2418 4208 2500 4262 die
2524 4214 2575 4261 in
2608 4209 2741 4261 diem
2770 4208 2998 4261 salutare
3029 4209 3166 4276 ejus,

1652 4316 1769 4373 quae
1795 4302 2045 4370 deinceps
2072 4310 2386 4377 sequuntur,
2426 4308 2478 4355 et
2507 4315 2570 4354 ex
2604 4300 2706 4363 his,
2748 4298 3061 4351 Annuntiate
3080 4299 3171 4355 in—

1652 4404 1727 4448 ter
1749 4401 1914 4467 gentes
1934 4392 2153 4462 gloriam
2184 4392 2316 4459 ejus,
2349 4392 2401 4443 in
2422 4392 2652 4444 omnibus
2679 4388 2876 4459 populi:
2904 4390 3165 4442 mirabilia
3216 4458 3217 4461 η

43 4494 153 4560 τοῖς
180 4498 379 4552 ἔθνεσι
404 4496 515 4565 τὴν
534 4496 716 4561 δόξαν
740 4497 939 4559 αὑτοῦ,
971 4498 1039 4551 ἑν
1072 4496 1215 4551 πᾶσι
1244 4497 1363 4563 τοῖς
1388 4497 1553 4563 λαοῖς

1651 4485 1801 4553 ejus:
1832 4496 1938 4536 non
1985 4481 2206 4535 aliorum
2249 4481 2409 4543 enim,
2445 4494 2601 4549 quam
2660 4478 2945 4530 Salvatoris
2992 4478 3161 4529 nostri

42 4583 105 4635 τὰ
119 4586 410 4657 θαυμάσια
432 4587 630 4641 αὐτοῦ’
649 4588 769 4641 ἐπεὶ
793 4588 864 4659 μὴ
894 4590 957 4641 δι’
986 4588 1155 4653 ἄλλων
1169 4589 1200 4659 ἢ
1216 4588 1300 4641 διά
1330 4588 1434 4641 τῶν
1455 4587 1547 4640 τοῦ

1653 4572 2009 4643 apostolorum
2043 4586 2224 4640 Opera,
2269 4570 2320 4622 hi
2367 4583 2636 4623 sermones
2682 4568 2744 4620 ad
2794 4581 2903 4620 rem
2950 4566 3177 4641 deducti

45 4674 272 4748 Σωτῆρος
295 4677 449 4749 ἡμῶν
468 4678 769 4731 ἀποστόλων
785 4682 863 4743 εἰς
890 4680 1045 4750 ἔργον
1075 4679 1546 4750 προκεχωρήκασιν

46 4762 85 4810 οἱ
106 4762 263 4831 λόγοι.
288 4767 504 4819 Δι’ὸκαί
533 4768 706 4837 μόνοις
738 4769 956 4838 ἁρμόζει
980 4769 1049 4822 τὰ
1074 4769 1393 4838 προκείμενα
1415 4784 1548 4839 προ-
1604 4757 1607 4760 ⁴

48 4856 346 4917 σφωνεῖσθαι
358 4856 442 4908 διά
451 4858 546 4927 τὴν
558 4856 756 4926 Καινὴν
768 4858 1029 4927 Διαθήκην
1045 4857 1200 4911 καὶτὸ
1211 4856 1389 4909 καινὸν
1401 4853 1547 4927 ᾆσμα

45 4940 97 4991 τὸ
112 4942 461 5013 εὐαγγελικὸν,
478 4946 538 4999 τὸ
552 4948 678 4999 πᾶσι
695 4948 802 5008 τοίς
817 4946 987 4998 ἔθνεσι
1000 4948 1065 4999 δι’
1100 4946 1272 4998 αὐτῶν
1316 4964 1446 5015 κεκη
1456 4964 1557 5019 ρυι

47 5032 237 5098 γμένον.
273 5029 428 5089 Οὗτοι
466 5036 528 5105 δὴ
556 5031 644 5088 οὖν
666 5036 1072 5105 προστάττονται
1102 5035 1242 5104 ᾅδειν
1266 5034 1341 5103 τῷ
1366 5035 1547 5105 Κυρίῳ

49 5117 178 5188 ᾆσμα
201 5125 377 5177 καινὸν
409 5126 465 5177 ἐν
493 5126 634 5196 πάσῃ
662 5128 726 5195 τῇ
751 5128 842 5195 γῇ·
875 5126 1005 5193 ὅπερ
1033 5124 1123 5176 καὶ
1151 5123 1324 5193 ἔργοις
1343 5124 1545 5190 πεπλη-

54 5208 281 5277 ρώκασιν,
314 5214 401 5265 ὅτε
423 5216 507 5279 εἰς
538 5214 737 5268 πᾶσαν
759 5213 871 5280 τὴν
900 5212 1013 5283 γῆν
1040 5211 1287 5279 ἐξῆλθεν
1318 5214 1349 5264 ό
1375 5214 1545 5280 φθόγ-

52 5315 138 5362 τος
167 5299 373 5362 αὐτῶν,
393 5301 492 5353 καί
513 5306 597 5365 εἰς
624 5304 692 5356 τὰ
714 5303 929 5372 πέρατα
958 5302 1064 5371 τῆς
1080 5300 1447 5369 “οίκουμένης
1472 5302 1543 5353 τὰ

49 5387 255 5454 ῥήματα
277 5389 488 5442 αὐτῶν.
520 5386 625 5442 Ἦν
650 5391 706 5443 δὲ
735 5394 793 5445 τὸ
821 5390 965 5464 ᾆσμα
994 5394 1053 5445 τὸ
1078 5392 1274 5453 καινὸν,
1296 5391 1355 5442 τὸ
1385 5392 1545 5459 σωτή-

58 5491 150 5543 ριον
173 5477 497 5546 Εὐαγγέλιον,
529 5480 588 5531 οὐ
607 5479 674 5532 τὰ
704 5482 851 5551 παρά
874 5481 1088 5535 Μωῡσεῖ
1115 5478 1311 5532 παλαιά
1346 5478 1542 5545 νόμιμα

58 5570 294 5648 περιέχον,
319 5569 451 5623 ἀλλά
483 5570 547 5624 τά
576 5571 666 5625 τοῦ
705 5573 930 5643 Χριστοῦ
964 5575 1122 5627 πᾶσιν
1154 5570 1395 5639 Ἕλλησιν
1443 5569 1539 5638 ἀρ-

116 5720 154 5755 “
192 5721 329 5779 Psal.
366 5737 523 5784 "In,
561 5718 607 5773 ς.

1652 4669 1794 4717 sunt.
1823 4662 1996 4727 Quare
2019 4661 2087 4713 ob
2111 4658 2311 4713 Novum
2349 4656 2761 4721 Testamentum,
2807 4665 2858 4710 et
2891 4656 2960 4709 ob
3002 4671 3163 4710 evan-

1650 4754 1871 4821 gelicum
1901 4764 2092 4803 novum
2131 4738 2414 4808 canticum,
2454 4747 2718 4816 peripsos
2748 4748 2995 4800 omnibus
3042 4763 3165 4816 gen-

1655 4845 1797 4898 tibus
1823 4841 2187 4910 praedicatum,
2221 4840 2364 4907 ipsos
2393 4840 2536 4892 solos
2572 4838 2647 4890 sic
2680 4839 2998 4905 compellare
3026 4852 3159 4889 cou-

1652 4932 1912 4986 veniebat.
1951 4928 2013 4981 Hi
2043 4929 2220 4996 itaque
2246 4928 2500 4995 jubentur
2538 4936 2755 4982 cantare
2787 4927 3005 4979 Domino
3033 4942 3155 4979 can-

1650 5027 1813 5079 ticum
1846 5010 2035 5077 noVum
2070 5019 2124 5073 in
2165 5020 2409 5071 universa
2437 5028 2576 5071 terra
2604 5036 2615 5069 :
2643 5018 2781 5086 quod
2820 5016 2975 5069 etiam
3001 5029 3162 5082 opere

1647 5113 2001 5184 perfecerunt,
2028 5109 2241 5181 quando
2286 5109 2340 5161 in
2376 5124 2571 5161 omnem
2601 5117 2787 5160 terram
2824 5106 2977 5158 exivit
3005 5121 3160 5158 sonus

1646 5223 1842 5267 eorum,
1869 5214 1914 5258 et
1937 5206 1991 5257 in
2014 5206 2139 5273 ﬁnes
2164 5203 2299 5256 orbis
2327 5211 2474 5255 terrae
2538 5200 2685 5254 verba
2717 5215 2890 5252 eorum
2912 5199 2979 5251 ".
3035 5197 3161 5263 Erat

1645 5312 1803 5367 porro
1834 5296 2098 5349 canticum
2130 5292 2257 5363 illud
2294 5308 2504 5354 novum,
2529 5291 2761 5344 salutare
2797 5288 3159 5357 Evangelium,

1647 5386 1785 5457 quod
1828 5400 1934 5439 non
1968 5392 2142 5439 vetera
2192 5376 2293 5437 illa
2333 5380 2526 5450 Moysis
2556 5378 2739 5446 legalia
2780 5376 3159 5443 complecteba-

1646 5486 1752 5541 tur,
1797 5474 1888 5529 sed
1946 5474 2142 5530 Christi
2189 5480 2447 5544 prmcepta
2496 5468 2744 5522 omnibus
2797 5465 2994 5520 Graecus
3036 5477 3158 5516 con-

1643 5567 1880 5639 gruentia
1901 5584 1912 5619 :
1934 5566 2021 5621 illa
2047 5568 2239 5637 quippe
2267 5563 2494 5619 Mosaica
2520 5573 2625 5617 neu
2656 5553 3181 5631 ὺυ]υειηοι1ἱοταιιι.’
