3976 6356
1238 421 1729 478 COMMENTARIA
1763 422 1829 477 IN
1867 421 2192 478 PSALMOS.
2219 445 2226 450 ·

3165 428 3294 488 liii;

142 528 635 602 εὐφρανθήτωσαν
669 533 844 602 νῆσοι
872 537 1112 588 πολλαί.
1139 537 1366 608 Ἐπειδὴ
1397 539 1452 590 ἐν
1477 540 1542 608 τῇ
1573 537 1680 590 τῶν

1784 547 1954 591 tentur
1978 538 2164 590 insula
2205 537 2398 590 multa.
2435 534 2694 600 Quoniam
2734 534 2787 587 in
2834 533 3177 607 Septuaginta
3206 536 3294 594 ln-

151 622 540 694 Ἐϐδομήκσντα
571 625 829 696 ἑρμηνείᾳ
865 626 1081 694 φέρεται
1115 629 1148 696 ή
1183 629 1490 698 προγραφὴ,
1524 627 1675 698 ἐροῦ-

144 732 261 785 μεν,
299 715 394 779 ὡς,
427 715 679 778 πολλάκις
699 717 997 792 συμφοραῖς
1029 716 1452 786 περιπεπτωκὼς
1472 719 1499 769 ό
1519 716 1677 769 Δαυῒδ

141 805 259 857 τότε
294 806 391 876 μὲν
418 806 504 860 ὅτε
550 807 651 859 ὑπὸ
681 807 848 860 Σαοὺλ
875 801 1151 876 ἠλαύνετο,
1185 811 1278 862 καὶ
1316 808 1414 873 τὰς
1443 810 1676 879 ἐρήμους

144 897 452 965 μετεδίωκε,
484 899 580 960 τάς
619 898 680 950 τε
710 898 857 969 παρά
885 901 996 962 τοῖς
1032 897 1341 967 ἀλλοφύλοις
1369 899 1640 971 διατριϐάς
1659 917 1672 932 ·

136 985 258 1037 τότε
305 985 361 1038 δὲ
409 988 497 1039 ὅτε
547 987 795 1057 πολέμοις
842 984 1125 1055 ἐσχόλαζε,
1163 986 1254 1040 τὸν
1295 987 1643 1058 προκείμενον
1658 1026 1681 1052 ,λ

138 1069 289 1142 οἶμαι
309 1114 324 1139 ,
357 1075 564 1145 ψαλμὸν
606 1078 723 1130 κατ’
761 1079 963 1130 ἐκεῖνον
1000 1073 1101 1148 ᾖσε
1138 1076 1256 1129 καθ’
1285 1077 1341 1130 ὃν
1383 1077 1672 1147 κατέστηή

137 1166 207 1233 γῆ
236 1165 419 1231 αὐτοῦ,
448 1167 581 1237 ὁμοῦ
609 1169 698 1220 καὶ
724 1169 819 1238 τῆς
850 1167 1083 1232 διανοίας
1106 1167 1268 1222 αὐτοῦ
1300 1168 1506 1237 καὶτῆς
1530 1168 1677 1236 βασι-

136 1255 286 1320 λείας
335 1257 390 1308 ἐν
432 1257 690 1328 ἀταραξίᾳ
737 1260 830 1311 καὶ
857 1259 1062 1329 εἰρήνῃ
1111 1259 1203 1310 καὶ
1255 1257 1456 1328 γαλήνῃ
1512 1274 1674 1310 καταοη

140 1343 344 1413 στάσης
370 1345 501 1414 μετά
524 1346 620 1416 τὴν
650 1346 860 1400 πάντων
882 1346 988 1400 τῶν
1010 1346 1214 1417 ἐχθρῶν
1233 1347 1524 1416 ἀναίρεσιν.
1545 1345 1675 1398 Τότε

137 1428 231 1487 οὖν
251 1435 282 1486 ό
313 1436 606 1506 προφήτης,
636 1437 693 1489 ἐν
737 1436 992 1507 εἰρηναίῳ
1025 1438 1392 1507 καταστήματι
1423 1436 1672 1504 γεγονὼς,

139 1524 246 1578 ὑπὸ
271 1524 366 1578 τοῦ
399 1525 538 1579 θείου
567 1526 875 1597 Πνεύματος
915 1527 1007 1579 ἐπὶ
1039 1527 1134 1596 τὴν
1168 1526 1272 1578 τῶν
1308 1511 1674 1597 προκειμένων

137 1615 478 1675 διδασκαλίαν
516 1617 860 1672 ἀνακινεῖται.
887 1617 1100 1688 Ἐπειδὴ
1123 1617 1177 1670 δὲ
1207 1619 1340 1688 μήτε
1383 1618 1508 1689 ᾠδὴ,
1539 1619 1674 1689 μήτε

137 1705 348 1776 ψαλμδς
391 1708 782 1780 ἐπιγέγραπται
809 1710 936 1777 παρ’
972 1707 1265 1778 Ἑϐραίοις,
1300 1710 1468 1772 εἴποις
1512 1709 1576 1762 ἂν
1607 1709 1674 1763 τά

142 1798 470 1869 προκείμενα
502 1799 829 1870 προφητείαν
851 1793 986 1850 εῖναι
1017 1799 1108 1851 καὶ
1136 1799 1474 1852 διδασκαλίαν
1500 1799 1674 1869 ἁπλῆν

1775 635 2060 696 terpretnm
2093 627 2342 681 versione
2396 625 2485 678 hic
2532 624 2718 677 titulus
2749 623 2987 688 affertur,
3032 627 3298 696 dicamus,

1775 717 2024 774 Davidem
2073 719 2127 771 in
2173 717 2368 771 multas
2417 716 2690 783 delapsum
2745 715 3074 772 calamitates
3122 733 3299 781 cuma

1775 806 1933 862 Saule
1959 808 2262 877 pelleretur,
2295 806 2507 862 deserta
2531 807 2653 861 low
2685 806 3039 863 ireuuentaret
3072 818 3124 865 et
3155 810 3296 881 apud

1776 897 2069 968 allophylos
2109 906 2444 964 moraretur;
2483 900 2805 957 tuam-meum
2855 899 3056 954 scilicet
3081 915 3111 953 a
3143 902 3287 959 bellis

1775 995 2003 1051 vacaret,
2054 987 2199 1042 hunc
2260 987 2548 1056 psalmum,
2593 994 2652 1040 ut
2714 987 2965 1050 arbitror,
3013 990 3294 1058 cecinisse,

1773 1093 1893 1131 cum
1918 1077 2028 1144 jam
2057 1085 2199 1132 terra
2217 1078 2334 1147 ejus
2362 1079 2609 1133 restituta
2650 1087 2814 1143 esset,
2845 1077 3076 1148 quando,
3116 1081 3298 1134 subla-

1775 1168 1845 1224 tis
1870 1167 2105 1224 inimicis
2127 1169 2396 1231 omnibus,
2423 1179 2476 1223 et
2509 1169 2718 1223 animus
2754 1175 2808 1223 et
2848 1184 3067 1238 regnum
3099 1171 3215 1238 ejus
3239 1171 3297 1225 in

1774 1260 2083 1322 securitate,
2118 1258 2170 1313 in
2210 1273 2343 1328 pace
2370 1267 2423 1312 et
2451 1259 2838 1328 tranquillitate
2864 1259 3112 1330 degebat.
3146 1258 3298 1315 Tunc

1773 1362 1901 1417 ergo
1935 1349 2216 1417 propheta,
2246 1348 2451 1416 pacatis
2473 1350 2634 1402 rebus
2660 1349 2796 1415 suis,
2824 1346 2892 1401 ad
2917 1347 3056 1404 hanc
3075 1348 3300 1404 ederen-

1772 1439 1895 1493 dam
1916 1439 2213 1492 doctrinam
2237 1453 2267 1491 a
2291 1436 2474 1490 divino
2489 1436 2691 1514 Spiritu
2725 1447 2986 1513 movetur.
3017 1439 3152 1506 Quia
3176 1455 3300 1494 vero

1773 1541 1946 1597 neque
1994 1528 2288 1590 canticum,
2350 1541 2519 1595 neque
2580 1529 2818 1597 psalmus
2877 1530 3166 1598 inscriptus
3216 1536 3301 1584 est

1774 1617 1912 1686 apud
1941 1615 2217 1679 Hebraeos.
2239 1616 2438 1671 dixeris
2480 1616 2593 1671 haec
2625 1619 2957 1688 prophetiam
3007 1629 3061 1673 et
3097 1619 3300 1674 doctri-

1773 1723 1895 1763 nam
1929 1709 2224 1779 simplicem
2259 1725 2401 1776 esse,
2426 1725 2542 1780 quae
2565 1710 2631 1764 ad
2661 1709 2956 1764 secundum
3003 1717 3057 1764 et
3102 1709 3302 1786 glorio-

1774 1815 1893 1854 sum
1919 1799 2212 1857 Salvatoris
2232 1803 2406 1857 nostri
2446 1803 2728 1857 adventum
2767 1808 3030 1870 spectant,
3068 1801 3301 1870 comple-

138 1887 207 1940 τὰ
253 1888 380 1956 περὶ
418 1888 512 1959 τῆς
557 1889 806 1960 δευτέρας
844 1890 936 1942 καὶ
987 1889 1192 1954 ἐνδόξου
1243 1890 1536 1961 παρουσίας
1581 1889 1670 1943 τοῦ

1776 1898 2050 1946 ctentem:
2094 1906 2251 1962 quem
2304 1891 2487 1946 Daniel
2529 1893 2612 1947 his
2659 1892 2834 1947 verbis
2879 1899 3296 1947 commemorat:

138 1978 388 2048 Σωτῆρος
414 1978 567 2049 ήμῶν
595 1980 972 2049 περιέχουσαν·
999 1974 1067 2052 ἦς
1089 1980 1178 2033 καὶ
1205 1980 1234 2032 ὁ
1254 1981 1446 2051 Δανιὴλ
1474 1998 1679 2052 μνημο-

137 2065 305 2120 νεύων
337 2067 529 2136 φησίνο
574 2064 907 2132 Ἐθεώρουν,
940 2066 1037 2120 καὶ
1090 2066 1216 2119 ἰδοὺ
1247 2065 1343 2119 ἐπὶ
1371 2065 1486 2120 τῶν
1513 2082 1679 2135 νεφε-

135 2156 260 2211 λῶν·
282 2156 390 2211 τοῦ
418 2156 670 2225 οὐρανοῦ
708 2157 840 2222 Υἱός
874 2156 1181 2225 ἀνθρώπου
1209 2157 1424 2225 παρῆν,
1452 2159 1548 2210 καὶ
1574 2157 1677 2225 μέ-

136 2264 234 2316 χρι
273 2247 379 2302 τοῦ
418 2246 677 2301 Πωαιοῦ
707 2246 824 2300 τῶν
852 2248 1080 2316 ἡμερῶν
1116 2248 1356 2316 ἔφθασε.
1386 2249 1493 2319 Kal
1524 2246 1678 2311 αὐτῷ

86 2324 89 2330 ἓ
133 2338 312 2407 ἐδόθη
343 2340 382 2407 ἠ
420 2336 573 2407 ἀρχὴ
602 2337 698 2392 καὶ
745 2339 788 2407 ἢ
819 2338 952 2406 τιμὴ
1001 2338 1098 2393 καὶ
1147 2340 1185 2406 ἡ
1229 2339 1548 2404 ,ϐασιλείω
1579 2339 1676 2408 καὶ

135 2429 354 2497 πάντες
397 2432 448 2484 oi
489 2429 644 2493 λαοὶ,
693 2429 896 2498 φυλαὶ,
927 2428 1197 2500 γλῶσσαι
1241 2429 1398 2494 αὐτῷ
1431 2429 1677 2485 δουλεύ-

136 2522 379 2573 σουσιν.
425 2518 484 2575 Ἠ
497 2519 780 2583 ,ϐασιλεία
803 2518 985 2576 αὐτοῦ
1007 2519 1288 2590 ,βασιλεία
1309 2516 1555 2584 αἰώνιος,
1580 2518 1680 2572 καὶ

135 2609 173 2674 ὴ
196 2606 449 2672 ἐξουσία
487 2607 668 2661 αὐτοῦ
713 2609 783 2661 οὐ
822 2607 909 2683 μὴ
948 2607 1247 2682 ἀφαιρεθῇ.
1302 2607 1462 2672 Τότε,
1493 2609 1676 2678 φησιν.

135 2697 515 2766 ἀγαλλιάσεται
560 2699 704 2750 πᾶσα
740 2697 772 2766 ἡ
801 2681 890 2765 γῆ,
923 2681 1039 2766 ἤτοι
1091 2699 1125 2768 ή
1167 2697 1323 2768 καινὴ
1362 2698 1553 2762 κτίσις,
1586 2699 1680 2752 καὶ

137 2789 334 2852 πάντες
367 2789 415 2840 ol
459 2787 517 2853 ἐξ
560 2788 749 2852 αἰῶνος
779 2790 874 2860 τὴν
903 2789 1002 2860 γῆν
1046 2790 1362 2858 οἰκήσαντες
1407 2788 1677 2860 ἄνθρωποι

135 2878 228 2933 τοῦ
257 2878 392 2932 Θεοῦ
411 2894 425 2908 ο
456 2878 604 2950 ἢκαὶ
633 2877 681 2932 σι
716 2880 991 2951 μέλλοντες
1023 2879 1370 2957 κληρονομεῖν
1389 2878 1484 2951 τὴν
1517 2881 1678 2933 ἐπου-

140 2969 320 3039 ράνιον
344 2969 466 3040 γῆν,
485 2968 622 3022 κατὰ
645 2969 702 3023 τό
720 2985 733 2998 ·
765 2969 1048 3037 Μακάριοι
1073 2972 1126 3023 οι
1154 2969 1375 3038 πραεῖς,
1397 2968 1487 3030 ,ὅτι
1512 2971 1678 3024 αὐτοὶ

139 3058 668 3127 κληρονομήσουσι
715 3059 828 3128 τὴν
875 3059 1005 3131 γῆν,
1059 3061 1169 3131 Τῆς
1209 3059 1315 3131 γὰρ
1369 3059 1678 3131 σωματικῆς

136 3149 323 3211 οὐσίας
352 3151 430 3212 είς
457 3149 754 3220 ἀφθαρσίαν
791 3140 1222 3219 μεταϐαλλούσης
1261 3148 1399 3202 κατὰ
1429 3151 1553 3212 τοὺς
1577 3148 1675 3220 τῆς

138 3211 486 3299 ἀναστάσεως
498 3211 702 3303 λόγους,
723 3211 1101 3304 ἀγαλλιάσεται
1133 3211 1278 3307 ήτγῆ,
1307 3238 1400 3291 ἅτε
1427 3237 1524 3308 τῆς
1698 3211 1744 3270 c

135 3323 378 3396 οὐρανῶν
405 3325 673 3397 βασιλείας
707 3327 800 3380 καὶ
836 3327 970 3399 αὐτή
995 3327 1520 3398 καταξιωθήσομένη.

201 3396 721 3482 εὐφρανθήτωσαν
750 3412 928 3482 νῆσοι
958 3396 1193 3469 ’πολλαί
1211 3431 1226 3444 ο
1255 3396 1444 3469 πολλαὶ
1469 3396 1544 3478 δὲ,
1582 3415 1676 3470 καὶ
1705 3396 1729 3421 ”

135 3502 197 3555 οὐ
232 3502 422 3566 πᾶσαι,
448 3499 536 3553 διὰ
570 3501 675 3554 τῶν
713 3502 1009 3565 κακοδόξων
1031 3520 1044 3532 '
1078 3503 1138 3555 ού
1188 3504 1290 3572 χρὴ
1322 3504 1430 3574 γὰρ
1468 3504 1698 3572 χαίρειν-

135 3593 249 3653 τοῖς
275 3588 512 3643 ἀσεϐέσι.
558 3589 769 3658 Νήσους
798 3588 904 3659 γὰρ
948 3588 1058 3641 ἐσθ’
1102 3591 1189 3642 ὅτε
1226 3589 1286 3641 τὸ
1333 3590 1566 3660 Γράμμα
1614 3590 1673 3644 τὸ

137 3680 284 3754 ἱερὸν
303 3679 402 3742 τὰς
438 3679 752 3748 Ἐκκλησίας
780 3679 1066 3733 ἀποκαλεῖ·
1084 3674 1191 3732 οἷον
1219 3681 1275 3733 ἐν
1297 3678 1528 3750 θαλάσσῃ
1561 3696 1672 3733 κει-

140 3773 306 3842 μένας
336 3773 396 3824 ἐν
423 3771 554 3841 τῷδε
585 3771 663 3842 τῷ
693 3772 860 3842 τόπῳ,
887 3771 980 3824 καὶ
1009 3775 1220 3843 πικροῖς
1251 3770 1403 3824 ὕδασι
1431 3787 1675 3841 περιεχο-

141 3865 308 3934 μένας
334 3866 452 3927 ταῖς
484 3866 537 3918 ἐν
568 3863 713 3934 αύτῷ
741 3863 1116 3934 περιστάσεσι,
1149 3863 1242 3916 καὶ
1268 3862 1341 3926 ὡς
1363 3861 1674 3933 ῥαγδαιοτά-

137 3973 252 4020 τοις
300 3955 505 4025 κύμασι
562 3955 995 4026 καταπαιομὲνας
1051 3957 1160 4016 τοῖς
1207 3954 1490 4023 διωγμοῖς·
1535 3951 1673 4023 πλὴν

137 4045 488 4109 ἀδιαπίεάηως
512 4029 915 4115 ἐρηρεισμένας,
947 4044 1040 4096 καὶ
1072 4042 1360 4111 ἀνεχούσας
1395 4041 1549 4110 ὑψοῦ,
1580 4044 1674 4095 καὶ

135 4139 256 4200 ταις
283 4135 522 4204 θλίψεσιν
549 4137 608 4186 ού
643 4132 1049 4204 βαπτιζομένας.
1092 4133 1392 4204 Ἀκλόνητοι
1435 4134 1541 4205 γὰρ
1587 4133 1673 4186 διά

137 4220 370 4293 Χριστὸν
399 4221 456 4271 αι
494 4219 820 4287 Ἐκκλησίαι,
853 4220 945 4272 καὶ
975 4219 1135 4275 πύλαι
1176 4220 1296 4290 ᾅδου
1333 4221 1392 4274 οὑ
1425 4221 1674 4293 κατισχύ-

135 4325 320 4364 σουσιν
373 4308 567 4362 αὐτῶν.
617 4307 818 4363 Οὐκοῦν
873 4310 918 4362 εἰ
972 4309 1034 4380 δὴ
1073 4309 1306 4379 βούλοιτό
1352 4328 1434 4374 τις
1481 4313 1673 4384 νήσους

131 4403 336 4456 ἐννοεῖν
367 4395 462 4462 τὰς
493 4399 550 4464 ἐξ
581 4399 745 4453 ἐθνῶν
784 4400 1117 4471 Ἐκκλησίας,
1156 4401 1253 4454 οὑκ
1286 4401 1391 4478 ἀπὸ
1417 4401 1508 4456 τοῦ
1546 4404 1675 4475 πρέ-

131 4509 329 4556 ποντος
368 4491 621 4562 βαδιεῖται
666 4491 886 4560 σκοποῦ.
930 4492 1345 4562 Ἐγκαινίζονται
1378 4494 1505 4562 γοῦν
1537 4495 1668 4565 πρὸς

129 4583 266 4637 Θεὸν
280 4583 431 4652 νῆσοι
461 4581 536 4651 τῷ
573 4579 782 4653 Ἡσαΐᾳ,
805 4584 859 4652 al
889 4582 994 4636 ἀπὸ
1012 4583 1119 4635 τῶν
1137 4582 1300 4636 ἐθνῶν
1340 4584 1665 4655 Ἐκκλησίαι,

120 4675 258 4744 ἀρτι
287 4671 704 4743 καθιστάμεναι,
734 4675 826 4728 κα)⁸
861 4674 957 4745 τῆς
992 4673 1232 4744 ἁλμυρᾶς
1262 4674 1511 4737 ἀπιστίας
1541 4676 1666 4728 ἀνα-

127 4763 457 4828 κύπτουσαι,
483 4764 575 4816 καὶ
612 4763 770 4834 πῆξιν
803 4763 1129 4836 λαμϐάνουσι
1157 4763 1241 4833 ,τῷ
1271 4762 1385 4833 Θεῷ
1418 4763 1660 4834 βάσιμον.

124 4851 331 4917 Καλῶς
355 4853 528 4906 τοίνυν
567 4852 839 4908 κάνταῦθα
866 4852 964 4915 τὰς
1000 4852 1171 4923 ψυχὰς
1193 4852 1297 4904 τῶν
1329 4853 1385 4904 ἐν
1412 4855 1522 4918 τοῖς
1551 4869 1666 4905 πει-

128 4946 363 5017 ρασμοῖς
392 4943 448 4998 τὸ
487 4944 693 5014 ἐδραῖόν
716 4961 774 4998 τε
814 4944 907 4998 καὶ
947 4941 1268 5012 ἀμετάθετον
1303 4941 1666 5012 ἐπιδεικνυμέ-

125 5046 258 5090 νων,
284 5030 474 5098 νήσους
507 5029 803 5101 ὠνόμασεν,
822 5029 887 5093 ἃς
911 5029 1167 5082 πάντοθεν
1200 5028 1294 5098 μὲν
1319 5028 1666 5099 διαλαμϐάνει

125 5124 163 5190 ή
188 5119 290 5186 τῆς
315 5120 510 5186 κακίας
536 5119 702 5194 ἅλμη,
726 5122 788 5174 ού
823 5120 926 5192 μὴν
961 5117 1204 5172 τοσοῦτον
1242 5118 1407 5188 ἰσχύει
1437 5121 1665 5191 προσπί-

129 5225 372 5274 πτουσα,
415 5210 490 5274 ὡς
518 5212 612 5280 καὶ
641 5212 796 5266 σάλον
825 5211 945 5267 τινὰ
991 5210 1066 5281 τῷ
1114 5208 1291 5280 παγίῳ
1333 5208 1426 5279 τῆς
1474 5210 1670 5280 ἀρετῆς

129 5302 448 5373 ἐμποιῆσαι.

199 5501 438 5573 Νεφιιη
485 5502 581 5557 καὶ
605 5518 823 5572 γνοφος
853 5500 1063 5569 Δπῠκλφ
1091 5501 1293 5565 αὑτοῦ,
1321 5498 1664 5563 ducatva

1782 1985 2052 2051 Videbam,
2077 1994 2126 2040 et
2145 2002 2257 2039 ecce
2279 1986 2332 2038 in
2352 1984 2567 2038 nubibus
2597 1985 2708 2038 cwli
2730 1983 2901 2037 Filius
2929 1981 3149 2038 hominis
3182 1983 3302 2038 ade-

1775 2087 1880 2138 rat,
1912 2083 1962 2129 et
2006 2074 2256 2143 usquead
2287 2073 2567 2142 Antiquam
2596 2072 2795 2126 dierum
2820 2071 3081 2143 pervenit.
3099 2068 3167 2124 Et
3194 2071 3298 2140 ipsi

1775 2167 1955 2219 datum
1982 2173 2057 2219 est
2089 2165 2358 2233 imperium
2384 2172 2433 2217 et
2474 2164 2636 2216 honor
2672 2174 2715 2216 et
2768 2179 2976 2232 regnum
3001 2176 3018 2213 :
3043 2170 3092 2214 et
3127 2177 3298 2216 omnes

1773 2256 1948 2324 populi
1979 2295 1994 2320 ,
2034 2255 2200 2307 tribus
2229 2262 2276 2307 et
2306 2255 2495 2323 lingua:
2537 2253 2634 2321 ipsi
2660 2254 2896 2306 servient.
2926 2249 3150 2321 Regnum
3184 2251 3299 2321 ejus

1774 2363 1984 2418 regnum
2009 2345 2421 2414 sempiternum,
2465 2352 2514 2397 et
2555 2351 2782 2411 potestas
2829 2341 2941 2410 ejus
2969 2357 3073 2396 non
3098 2340 3302 2409 aufere-

1776 2441 1861 2488 tur
1899 2432 1965 2489 3‘.
2001 2432 2171 2496 Tunc,
2206 2432 2399 2502 inquit,
2429 2430 2715 2486 exsultabit
2735 2430 2911 2484 omnis
2935 2436 3098 2492 terra,
3122 2426 3173 2483 id
3199 2439 3300 2491 est,

1775 2538 1912 2579 nova
1943 2532 2209 2586 creatura,
2234 2529 2289 2577 et
2326 2536 2514 2576 omnes
2546 2520 2635 2576 Dei
2660 2520 2906 2574 homines
2929 2519 3020 2589 qui
3051 2534 3083 2577 a
3108 2521 3303 2575 saculo

1774 2623 1975 2672 terram
2038 2612 2312 2676 incolunt;
2347 2610 2460 2666 sive
2517 2594 2678 2664 etiam
2720 2608 2812 2677 qui
2841 2608 3110 2664 caelestem
3158 2610 3303 2662 illam

1775 2714 1971 2761 terram
2027 2701 2331 2772 possessuri
2391 2703 2538 2761 sunt,
2594 2698 2887 2750 secundum
2941 2694 3074 2750 illud
3110 2694 3303 2751 :Beati

1775 2797 1956 2857 mites,
1992 2793 2232 2862 quoniam
2287 2789 2385 2857 ipsi
2443 2785 2772 2856 possidebunt
2846 2794 3037 2839 terram
3057 2785 3121 2840 ⁸⁸.
3167 2783 3303 2840 Nam

1774 2900 1899 2941 cum
1944 2895 2203 2952 corporea
2246 2877 2547 2935 substantia
2600 2876 2654 2930 in
2704 2875 3178 2944 incorruptionem,
3207 2887 3303 2944 per

1774 2965 2187 3028 resurrectionis
2244 2965 2449 3036 legem,
2503 2969 2708 3016 mutata
2775 2960 2970 3023 fuerit.
3017 2959 3304 3014 exsultabit

1774 3065 1938 3120 terra,
1972 3061 2155 3124 utpote
2185 3067 2302 3123 qua:
2326 3046 2491 3122 regno
2517 3050 2782 3111 ,cmlorum
2828 3055 2880 3104 et
2918 3050 3033 3120 ipsa
3055 3049 3301 3103 donanda

1775 3147 1866 3204 sit.

1841 3409 2106 3463 Lwtentur
2126 3404 2312 3459 insula:
2336 3403 2533 3465 multis,
2557 3399 2736 3453 multae
2777 3397 3047 3460 videlicet,
3078 3397 3171 3451 scd
3199 3412 3303 3449 non

1772 3511 1981 3562 omnes,
2008 3510 2192 3552 eorum
2245 3507 2408 3548 causa
2465 3491 2557 3562 qui
2611 3503 2778 3559 prave
2820 3489 3098 3542 sentiunt:
3129 3502 3305 3557 neque

1771 3586 1914 3640 enim
1964 3597 2061 3654 par
2081 3591 2164 3638 est
2197 3589 2251 3636 ut
2283 3580 2430 3650 impii
2462 3579 2746 3650 gaudeant.
2801 3575 3010 3630 Insulas
3038 3566 3305 3645 siquidem

1772 3672 2048 3743 Scriptura
2092 3687 2245 3728 sacra
2284 3669 2552 3726 Ecclesias
2613 3666 2839 3723 subinde
2889 3666 3079 3731 vocat,
3118 3672 3304 3736 utpote

1770 3778 1890 3834 qua:
1918 3762 2004 3818 his
2032 3762 2086 3817 in
2119 3761 2252 3816 locis
2274 3762 2418 3814 velut
2452 3759 2506 3814 in
2529 3757 2664 3814 mari
2703 3755 2935 3824 iaceant,
2975 3756 3302 3825 immanique

1774 3867 2037 3925 aquarum
2062 3851 2229 3914 ﬂuxu,
2248 3849 2646 3904 calamitatibus
2675 3846 2939 3909 videlicet,
2965 3847 3303 3901 circumdan-

1769 3952 1879 4007 tur,
1909 3956 1972 3997 ac
2012 3939 2495 4012 persecutionibus,
2540 3953 2636 3992 seu
2691 3936 3004 3993 decumanis
3051 3934 3302 3991 ﬂuctibus

1765 4033 2070 4102 jactentur;
2121 4043 2304 4084 verum
2361 4027 2477 4081 sine
2553 4019 2896 4088 detrimento,
2951 4031 3134 4093 utpote
3184 4040 3303 4094 qua!

1770 4120 1918 4176 fulta
1949 4127 2001 4175 et
2027 4119 2080 4172 in
2115 4117 2340 4173 sublime
2374 4124 2564 4171 erectae
2611 4117 2740 4179 sint,
2774 4125 2934 4186 atque
2963 4118 3016 4169 in
3049 4117 3301 4193 an'umnis

1762 4226 1879 4279 non
1904 4211 2300 4279 demergantur.
2322 4204 2453 4260 Nam
2483 4206 2686 4261 Christi
2715 4222 2877 4276 opera
2931 4205 3181 4262 Ecclesiae
3203 4207 3303 4259 im-

1771 4302 1997 4357 mobiles
2019 4307 2258 4361 manent,
2288 4307 2343 4353 et
2365 4306 2534 4368 portas
2587 4296 2747 4351 inferi
2796 4311 2921 4357 non.
2937 4297 3328 4369 praevalebunb

1771 4394 2030 4450 adversus
2055 4406 2169 4446 eas.
2196 4389 2252 4443 Si
2277 4391 2398 4461 quis
2426 4405 2551 4459 ergo
2604 4403 2695 4458 per
2757 4388 2983 4450 insulas,
3030 4384 3299 4443 Ecclesias

1771 4501 1837 4541 ex
1865 4484 2114 4557 gentibus
2160 4479 2386 4550 intelligi
2432 4481 2681 4543 voluerit,
2723 4494 2752 4531 a
2781 4491 2905 4532 vero
2935 4490 3101 4545 scopo
3125 4478 3300 4530 neuti-

1770 4591 1932 4648 quam
1961 4573 2253 4630 aberrabit.
2288 4569 2617 4624 Innovantur
2656 4568 2796 4633 enim
2835 4581 2960 4635 erga
3007 4564 3170 4621 Deum
3216 4568 3300 4619 in-

1772 4669 1902 4723 sula:
1927 4664 2064 4736 apud
2123 4663 2314 4718 Isaiam
2336 4661 2400 4727 ",
2435 4660 2685 4714 Ecclesiae
2725 4672 2916 4728 nempe
2941 4672 3006 4711 ex
3027 4657 3296 4727 gentibus,

1769 4774 1896 4829 quae
1924 4771 2093 4826 nuper
2141 4755 2444 4808 constituta:
2491 4760 2634 4812 sunt,
2671 4759 2827 4819 atque
2871 4749 2938 4804 ab
2965 4750 3053 4804 illa
3086 4749 3218 4802 falsa
3244 4746 3300 4802 et
3325 4748 3336 4754 ”

1766 4848 1972 4902 marina
2033 4844 2408 4900 incredulitate
2451 4837 2804 4907 emerserunt,
2866 4855 2923 4894 ac
2979 4840 3297 4895 soliditatem

1766 4934 2057 5002 accipiunt,
2106 4943 2166 4985 ut
2187 4930 2275 4984 Dei
2342 4929 2566 4996 vestigia
2607 4929 2747 4983 ferre
2789 4931 3016 4999 possint.
3069 4925 3296 4980 Pulchre

1765 5024 1891 5078 item
1915 5023 2121 5076 animas
2146 5036 2353 5084 eorum,
2384 5021 2476 5090 qui
2508 5021 2562 5075 in
2591 5020 2981 5075 tentationibus
3018 5024 3296 5071 versantes

1766 5114 2070 5170 ﬁrmitatem
2095 5120 2146 5166 et
2193 5111 2617 5167 immobilitatem
2661 5111 2932 5174 exhibent,
2965 5106 3052 5160 hic
3088 5105 3296 5160 insulas

1765 5203 2057 5265 vocaverit,
2089 5217 2225 5274 quas
2281 5201 2515 5272 undique
2569 5200 2787 5259 malitia
2843 5196 3085 5268 procella
3126 5195 3296 5263 impe-

1763 5300 1917 5353 tunt;
1951 5306 2124 5361 neque
2167 5303 2345 5348 tamen
2364 5292 2724 5360 irrumpentes
2767 5288 2820 5341 id
2860 5285 3064 5341 elIlcere
3097 5285 3295 5349 valent,

1763 5393 1822 5437 ut
1844 5383 2060 5438 virtutis
2082 5381 2323 5439 ﬁrmitati
2352 5384 2753 5440 succussionem
2782 5377 3033 5460 inferant.

1830 5489 1991 5550 Yns.
2024 5494 2058 5548 2
2118 5494 2288 5552 Nubes
2323 5504 2370 5548 et
2403 5495 2569 5562 caligo
2597 5493 2651 5546 in
2676 5490 2896 5544 circuitu
2924 5489 3057 5558 ejus,
3079 5488 3297 5558 justitia

125 5599 230 5657 καὶ
264 5594 438 5665 κρῖμα
470 5594 824 5660 κατόρθωσις
845 5593 949 5646 τοῦ
980 5594 1189 5661 θρόνου
1217 5590 1418 5645 αὐτοῦ.
1453 5586 1663 5658 Νεφέλη

1771 5596 1809 5641 ει
1832 5586 2089 5657 judicium
2116 5590 2362 5644 correctio
2394 5585 2562 5640 throni
2589 5582 2721 5653 eius.
2752 5579 2932 5637 Nubes
2972 5579 3185 5649 quidem
3210 5586 3298 5638 est

198 5751 252 5787 ⁸⁸
289 5727 426 5804 Dan.
460 5763 567 5810 vn,
607 5746 705 5809 13,
746 5745 830 5800 η.
903 5749 946 5779 ⁸⁸
987 5735 1173 5808 Matth.
1208 5765 1262 5805 v.
1291 5749 1347 5806 4.
1419 5746 1464 5779 ⁸⁸
1501 5741 1603 5802 Isa.
1641 5756 1759 5807 su,
1800 5743 1846 5798 I.

415 5841 677 5903 Pauor.
700 5838 813 5902 Gn.
848 5841 1056 5906 XXIII

2911 5829 2987 5888 39
