3976 6356
692 398 828 458 1227

1346 407 2104 468 EUSEBIICAL‘SARIENSIS
2140 400 2507 470 OPP..PARS
2544 415 2632 470 ill.
2667 448 2735 458 --
2766 416 3172 474 EXEGETICA.

3727 416 3855 470 £228

688 531 753 570 ex
778 518 1087 587 splendente
1122 538 1244 577 aere
1267 524 1493 580 radians
1532 534 1587 581 et
1618 527 1936 581 tenuissima
1960 526 2227 595 composi-

2332 530 2429 599 μέν
2453 532 2598 599 ἐστιν
2626 532 2689 585 ὲκ
2708 530 3023 601 φωτοειδοῦς
3050 530 3205 599 ἀέρος
3227 527 3549 597 φεηοὸόλον
3572 528 3658 593 καὶ
3676 528 3843 579 λεπτό-

688 610 997 680 tio;caligo
1033 622 1234 679 autem,
1261 617 1471 671 turbida
1503 627 1554 672 et
1604 619 1837 673 obscura
1885 618 2228 673 tenebrarum

689 694 901 755 oﬂusio.
929 698 1033 757 Per
1060 712 1350 775 utrumque
1380 722 1507 762 vero
1537 708 1733 763 divinae
1786 715 1995 763 natura:
2044 707 2232 761 invisi-

689 785 945 845 bilitatem
1021 808 1198 848 sermo
1265 796 1519 874 declarat.
1575 798 2040 866 Quemadmodum
2088 798 2230 852 enim

687 892 828 944 eum,
853 884 943 951 qui
972 886 1113 941 nube
1143 878 1372 957 quadam
1397 899 1449 945 et
1487 892 1715 962 caligine
1743 892 2068 954 obvolvitur,
2100 906 2232 945 con-

688 973 892 1038 Spicere
920 975 1077 1044 plane
1103 993 1208 1032 non
1244 980 1401 1047 licet;
1456 984 1537 1037 sic
1590 990 1645 1037 et
1696 982 1987 1038 invisibilis
2037 988 2231 1035 natura

684 1062 850 1118 videri
877 1080 1099 1133 prorsus
1127 1071 1333 1139 nequit.
1369 1072 1647 1143 Significat
1673 1074 1801 1128 item
1850 1068 2102 1127 latentem
2127 1070 2233 1125 Do-

684 1151 816 1206 mini
840 1154 903 1207 ad
939 1155 1184 1214 homines
1219 1161 1530 1230 adventum,
1566 1162 1783 1234 quando
1813 1163 1869 1218 in
1894 1164 2036 1219 servi
2060 1161 2230 1217 forma

684 1252 846 1298 natus
876 1253 991 1309 est;
1024 1247 1097 1300 ita
1125 1259 1182 1302 ut
1210 1250 1381 1304 nubes
1422 1258 1477 1306 et
1531 1253 1703 1325 caligo
1733 1268 1862 1308 caro
1892 1269 2035 1316 esse,
2067 1247 2229 1322 quem

682 1334 998 1401 assumpsit,
1050 1336 1417 1408 intelligatur;
1450 1349 1634 1411 utpote
1666 1358 1786 1412 quae
1817 1343 2071 1397 deitatem
2100 1356 2230 1411 ope-

684 1424 811 1490 riat,
845 1430 1140 1485 secundum
1203 1434 1330 1488 illud
1368 1452 1382 1487 :
1415 1435 1602 1491 Posuit
1662 1440 1897 1493 tenebras
1952 1433 2229 1493 latibulum

682 1531 834 1569 suum
863 1535 881 1571 :
910 1520 963 1573 in
1003 1523 1224 1597 cirquilu
1252 1527 1364 1593 ejus
1390 1528 1782 1583 tabernaculum
1824 1531 1939 1599 ejus
1957 1531 2024 1585 ⁸⁷.
2052 1516 2245 1585 Monet

682 1604 843 1659 etiam
874 1607 1043 1677 ipsum
1074 1627 1197 1668 esse
1226 1616 1319 1685 qui
1350 1616 1399 1670 in
1432 1628 1616 1673 monte
1646 1618 1775 1674 Sina
1808 1621 1863 1674 in
1886 1622 2029 1676 nube
2053 1628 2106 1675 et
2135 1635 2227 1675 ca-

683 1690 844 1763 ligine
863 1711 921 1751 se
943 1699 1188 1756 exhibuit
1216 1721 1229 1755 :
1258 1719 1321 1758 ac
1344 1707 1522 1772 docet,
1555 1710 1770 1763 etiamsi
1814 1711 1994 1765 divina
2036 1720 2227 1765 natura

682 1783 848 1838 videri
880 1798 1132 1857 nequeat,
1160 1808 1320 1860 posse
1346 1802 1524 1851 tamen
1546 1812 1611 1851 ex
1640 1800 1952 1869 operatione
1980 1801 2099 1869 ejus
2121 1800 2229 1853 vir-

2330 635 2488 673 τατον
2518 620 2766 691 ὕφασμαο
2800 621 2991 689 γνόφος
3042 619 3099 672 δὲ
3126 617 3401 687 ἀχλυώδης
3448 618 3540 668 καὶ
3577 614 3857 684 ὁμιχλώδης

2333 712 2653 783 σκοτασμός.
2687 713 2761 763 Δι’
2806 702 3124 783 ἀμφοτέρων
3145 711 3219 783 ,τὸ
3256 708 3559 778 ἀθεώρητον
3598 707 3685 776 τῆς
3712 706 3858 786 θείας

2331 802 2546 871 φύσεως
2576 802 2936 873 ἀποσεμνύνει
2961 805 2989 855 ὁ
3010 802 3181 869 λόγος.
3203 801 3408 871 Ὥσπερ
3429 799 3537 869 γὰρ
3563 798 3649 851 τὸν
3671 796 3857 869 νεφέλῃ

2329 897 2437 948 τινὶ
2470 888 2562 947 καὶ
2592 895 2773 964 γνόφῳ
2807 893 3308 962 συγκαλυπτόμενον
3336 890 3589 944 ἀδύνατον
3618 889 3858 949 κατιδεῖν,

2329 985 2469 1038 οὕτω
2498 986 2726 1054 πάμπαν
2775 984 3029 1038 ἀδύνατον
3065 982 3354 1037 θεάσασθαι
3392 980 3489 1051 τὴν
3520 980 3731 1053 ἀόρατον
3762 978 3859 1045 φύ-

2331 1089 2434 1126 σιν.
2462 1074 2721 1144 Σημαίνει
2744 1072 2801 1125 δὲ
2832 1072 2925 1126 καὶ
2951 1073 3046 1141 τὴν
3078 1072 3355 1142 λεληθυῖαν
3381 1072 3438 1123 ὲν
3462 1068 3745 1149 ἀνθρώποις
3766 1066 3856 1147 τοῦ

2329 1163 2532 1234 Κυρίου
2581 1163 2835 1226 κάθοδον,
2883 1164 2970 1217 ὅτε
3026 1165 3264 1232 πέφυκεν
3309 1163 3367 1214 ὲν
3412 1163 3477 1231 τῇ
3538 1159 3629 1212 τοῦ
3680 1150 3889 1223 δοῦλοι»,

2333 1258 2535 1325 μορφῇ,
2582 1255 2658 1318 ὡς
2686 1254 2917 1309 νοεῖσθαι
2966 1254 3190 1325 νεφέλην
3217 1254 3309 1308 καὶ
3344 1252 3540 1321 γνόφον
3575 1250 3667 1321 τὴν
3701 1265 3861 1320 προςο

2329 1344 2621 1417 ληφθεῖσαν
2656 1346 2854 1417 σάρκα,
2888 1346 2983 1399 ἅτε
3014 1346 3111 1417 τὴν
3148 1345 3371 1416 θεότητα
3408 1343 3863 1413 ὑποκρρπτουσαν,

2306 1434 2471 1507 ⁴κατὰ
2489 1435 2569 1487 τό*
2593 1436 2791 1515 "Beato
2820 1436 3038 1501 σκότος
3070 1433 3645 1502 ἁποκρυφὴνοαύτοῦ,
3672 1432 3867 1492 κύκλῳ

2328 1520 2512 1579 αὑτοῦ
2558 1526 2596 1592 ἠ
2642 1526 2844 1594 σκηνὴ
2875 1526 3079 1581 αὑτοῦ.
3123 1526 3543 1595 Ἀναμιμνήᾳκει
3577 1522 3632 1576 δὲ
3680 1522 3866 1585 καλῶς

2329 1617 2491 1679 αὐτός
2521 1618 2637 1671 ἐστι
2682 1620 2774 1671 καὶ
2804 1620 2832 1670 ὁ
2863 1620 2921 1671 ὲν
2967 1616 3045 1687 τῷ
3084 1618 3211 1688 Σινᾷ
3260 1616 3374 1687 δρει
3404 1616 3489 1669 διὰ
3520 1614 3737 1685 νετρέλης
3777 1614 3866 1667 καὶ

2329 1709 2525 1779 γνόφου
2582 1709 2681 1779 τὴν
2730 1710 2933 1777 οἰκείαν
2976 1710 3336 1779 ποιησάμενος
3381 1707 3746 1775 ἐπιφάνειανμ
3774 1706 3866 1773 καὶ

2328 1798 2587 1861 διδάσκει,
2620 1800 2723 1861 ὃτι,
2758 1803 2805 1851 εὶ
2834 1801 2928 1852 καὶ
2956 1799 3053 1873 τὴν
3086 1798 3232 1851 θείαν
3272 1796 3430 1866 φύσιν
3464 1796 3712 1849 ἀδύνατον

681 1882 849 1931 tutem
901 1882 1159 1951 conspici.
1200 1884 1474 1955 Siquidem
1518 1863 1787 1958 justitiam
1831 1863 2077 1945 homines
2129 1890 2227 1944 do-

2335 1878 2493 1951 ιδὲἰν,
2543 1888 2653 1941 ἀλλ’
2693 1884 2784 1941 οὖν
2832 1889 2919 1942 διὰ
3097 1863 3371 1971 ἐνεργείας
3414 1887 3514 1958 τὴν
3558 1884 3752 1955 ταύτης
3783 1884 3867 1936 δύο

680 1970 825 2037 euit;
854 1985 917 2025 ac
938 1986 1031 2027 eos
1052 1975 1146 2044 qui
1174 1979 1355 2032 omnia
1389 1980 1508 2034 sine
1547 1981 1759 2036 delectu
1808 1991 1862 2037 et
1908 1982 2231 2038 discretione

681 2062 1027 2143 peragebant,
1064 2074 1122 2118 ut
1179 2082 1301 2121 cum
1348 2078 1496 2124 recto
1516 2070 1723 2140 judicio
1764 2072 1931 2127 vitam
1990 2082 2228 2142 agerent,

680 2150 932 2207 instituit.
986 2154 1098 2209 lloc
1154 2158 1325 2226 ipsius
1365 2160 1593 2217 thronus
1649 2177 1713 2218 ac
1764 2178 1987 2234 regnum
2037 2162 2227 2228 ellicit;

680 2254 847 2309 quare
890 2243 1077 2297 addit:
1107 2245 1330 2301 Iustitia
1378 2260 1425 2304 et
1450 2244 1713 2319 judicium
1766 2255 2011 2307 correctio
2059 2254 2230 2307 throni

677 2334 811 2402 ejus.
833 2333 954 2390 llaec
976 2335 1092 2402 luit,
1120 2340 1314 2408 inquit,
1342 2341 1603 2397 adventus
1632 2343 1776 2398 illius
1798 2358 1983 2407 causa,
2016 2352 2073 2397 ut
2092 2344 2233 2413 judi-

678 2431 827 2477 caret
845 2425 991 2492 juste
1021 2441 1242 2482 causam
1267 2441 1528 2493 insuam,
1564 2448 1725 2502 quam
1750 2436 2230 2505 contra-malignas

679 2522 733 2567 et
762 2511 1101 2570 adversarias
1130 2526 1425 2588 potestates
1470 2522 1753 2579 habemus.
1809 2524 1869 2580 In
1896 2541 1994 2581 nos
2031 2529 2231 2597 quippe

682 2609 925 2676 regnavit
943 2607 1215 2677 Christus,
1262 2624 1319 2669 ut
1375 2615 1479 2673 ﬁde
1538 2619 1865 2687 justificaret
1912 2637 2008 2677 eos
2054 2624 2143 2692 qui
2174 2623 2231 2677 in

680 2708 898 2769 peccato
919 2710 1092 2783 erant.
1132 2703 1345 2761 Judicio
1366 2716 1543 2762 autem
1566 2716 1649 2765 est
1680 2726 1810 2765 usus
1834 2712 1991 2789 plane
2019 2712 2227 2778 divino,

677 2804 740 2845 ac
770 2791 1163 2849 humanissimo
1191 2810 1205 2846 :
1234 2796 1497 2866 judicavit
1524 2800 1691 2864 enim,
1724 2816 1834 2855 non
1878 2816 1944 2856 ex
1974 2803 2231 2873 operibus

672 2882 921 2950 justitia,
952 2883 1046 2940 sed
1092 2886 1389 2941 secundum
1448 2889 1874 2944 misericordiam
1920 2906 2079 2948 suam
2114 2907 2230 2947 ma-

674 2987 879 3043 gnam:
920 2989 1126 3045 nosque
1174 2991 1268 3045 per
1305 2990 1501 3046 aquam
1549 2990 1793 3035 sanctam
1844 2983 2228 3054 etmysticam

676 3065 853 3119 salvos
884 3064 1080 3129 elfecit,
1113 3065 1169 3119 in
1197 3080 1305 3135 qua
1334 3068 1602 3125 contritus
1633 3080 1680 3123 et
1705 3074 2058 3128 conculcatus
2102 3072 2224 3137 fuit,

677 3151 785 3205 imo
813 3152 993 3220 potius
1041 3155 1200 3222 periit
1259 3154 1423 3209 draco
1478 3158 1569 3212 ille
1598 3152 1785 3217 multis
1842 3162 2111 3231 capitibus
2142 3162 2226 3215 in-

675 3247 938 3306 structus,
997 3255 1061 3297 ac
1112 3256 1237 3297 cum
1277 3259 1343 3299 eo
1370 3246 1600 3302 virtutes
1630 3248 1748 3317 ejus
1789 3241 2053 3321 malignae.
2098 3232 2226 3306 llaec

672 3330 909 3383 correxit
950 3329 1152 3386 Christi
1176 3347 1425 3403 regnum.
1471 3334 1528 3390 ld
1576 3351 1715 3404 sane.
1757 3337 1883 3392 hinc
1914 3340 2088 3408 palam
2118 3347 2222 3403 est,

671 3419 816 3491 quod
843 3436 941 3477 nos
961 3421 1177 3492 quidem
1207 3423 1275 3477 ab
1305 3424 1371 3480 iis
1392 3428 1485 3494 qui
1516 3442 1616 3482 nos
1650 3428 1849 3496 injuste
1890 3429 1946 3481 in
1992 3428 2226 3482 servitu-

672 3521 779 3569 tem
808 3514 1124 3584 redegerant
1146 3515 1355 3571 liberati
1400 3517 1569 3571 simus
1588 3557 1603 3580 ,
1637 3517 1714 3571 illi
1736 3532 1863 3571 vero
1883 3518 2222 3591 condemnati

672 3606 801 3660 sint.
835 3604 959 3660 Haec
983 3607 1181 3677 quippe
1210 3622 1335 3661 vera
1359 3606 1571 3677 justitia
1609 3616 1712 3673 est,
1745 3618 1803 3662 ut
1837 3610 1883 3664 is
1913 3610 2005 3679 qui
2040 3618 2223 3679 tyran-

670 3696 851 3752 nidem
909 3698 1197 3752 exercebat
1262 3697 1509 3753 diabolus
1577 3699 2224 3769 destruatur,-homines

667 3803 797 3844 vero
826 3786 919 3858 qui
973 3787 1076 3842 sub
1108 3787 1392 3859 tyrannide
1446 3787 1711 3859 degebant
1761 3790 2077 3847 liberentur.
2107 3791 2224 3847 Cte-

668 3888 843 3934 terum
886 3879 941 3934 id
972 3895 1187 3951 quoque
1219 3895 1249 3933 a
1281 3880 1439 3935 nobis
1488 3882 1714 3953 expetit,
1746 3892 1803 3937 ut
1852 3882 2119 3953 justitiam
2169 3892 2223 3939 et

661 3972 927 4041 judicium
952 3979 1099 4027 recte
1128 3985 1499 4027 exerceamus.

737 4063 902 4119 Vsus.
934 4058 1053 4118 3-7.
1094 4062 1239 4133 Ignis
1264 4065 1317 4117 in
1349 4076 1623 4135 conspectu
1652 4068 1763 4135 ejus
1806 4067 2105 4121 exardescet
2125 4107 2140 4130 ,
2172 4076 2222 4121 et
2298 4064 2301 4069 “

664 4155 1013 4232 inﬂammabit
1059 4156 1113 4209 in
1161 4158 1382 4210 circuitu
1433 4160 1670 4226 inimicos
1728 4158 1861 4227 ejus.
1924 4158 2222 4214 “luxerunt

665 4248 878 4319 fulgura
904 4247 1014 4316 ejus
1048 4246 1160 4300 orbi
1196 4257 1349 4313 terra:
1372 4263 1391 4301 .'
1421 4249 1548 4302 vidit
1578 4259 1627 4302 et
1663 4259 1923 4304 commota
1950 4259 2027 4303 est
2059 4260 2217 4306 terra.

664 4335 869 4396 Montes
892 4340 1031 4392 sicut
1065 4354 1185 4393 cera
1215 4339 1480 4409 liq'uefacti
1508 4350 1629 4394 sunt
1668 4358 1701 4394 a
1742 4341 1875 4409 facie
1898 4340 2149 4411 Domini,
2189 4361 2221 4397 a

608 4426 611 4427 ν
663 4432 798 4501 {acie
851 4431 1065 4496 Domini
1125 4433 1319 4491 omnis.
1360 4442 1531 4486 terra.
1594 4434 2050 4490 Annuutiaverunt
2108 4438 2223 4490 cmi

2322 1994 2490 2048 ναμιν
2541 1979 2711 2033 ἔνεστι
2747 1980 3037 2051 θεωρῆσαι.
3085 1979 3434 2050 Δικαιοσύνην
3460 1977 3566 2049 γὰρ
3620 1979 3739 2040 τοὺς
3776 1978 3869 2029 ἁν-

2330 2068 2575 2139 θρώπους
2617 2071 2934 2137 ἐπαίδευσε,
2970 2074 3061 2125 καὶ
3115 2074 3239 2134 τοὺς
3290 2068 3612 2142 ἀδιακρίτως
3665 2069 3872 2122 ᾶπαντα

2328 2160 2565 2229 δρῶντας
2604 2162 2738 2232 μετὰ
2781 2164 3011 2232 κρίσεως
3046 2163 3207 2234 ὀρθῆς
3242 2161 3443 2226 ἐδίδαξε
3486 2158 3867 2213 πολιτεύεσθαι.

2329 2250 2510 2306 Ταῦτα
2547 2252 2709 2305 αὑτοῦ
2749 2256 2777 2306 ὁ
2816 2254 2999 2324 θρόνος
3037 2255 3129 2307 καὶ
3160 2254 3192 2323 ὴ
3242 2242 3483 2322 βασιλεία
3521 2251 3871 2322 κατώρθωπ⁶

2326 2344 2404 2397 διὸ
2428 2344 2647 2411 ἐπάγει·
2676 2346 3027 2420 Δικαιοσύνη
3058 2344 3156 2397 καὶ
3189 2342 3363 2412 κρῖμα
3389 2344 3743 2415 κατόρθωσις
3770 2339 3876 2393 τοῦ

2328 2435 2540 2503 θρόνου
2563 2435 2781 2489 ἀὺτοῦ.
2826 2433 2994 2503 Αὕτη,
3026 2434 3186 2503 φησὶ,
3222 2434 3409 2501 γέγονε
3452 2433 3551 2502 τῆς
3584 2432 3876 2502 παρουσίας

2328 2526 2361 2596 ἡ
2386 2526 2550 2590 αίτία,
2580 2526 2642 2578 τὸ
2669 2529 2847 2597 κρῖναι
2877 2526 3099 2588 δικαίως
3128 2524 3223 2595 τὴν
3256 2526 3434 2596 κρίσιν
3465 2524 3637 2595 ἡμῶν,
3676 2527 3740 2593 ἥν
3763 2524 3878 2593 ἔχο-

2333 2617 2657 2688 μενδηλαδὴ
2691 2618 2823 2688 πρὸς
2854 2616 2951 2680 τὰς
2994 2616 3234 2687 πονηρὰς
3263 2616 3357 2669 καὶ
3393 2604 3766 2686 ἀντικειμένας
3791 2615 3877 2666 δυ-

2329 2708 2537 2778 νάμεις.
2586 2694 2940 2761 Βεϐασίλευκε
2991 2708 3099 2777 γὰρ
3142 2701 3347 2776 ἡμῶνό
3386 2705 3640 2781 Χριστὸς,
3672 2706 3759 2762 ἵνα
3800 2707 3877 2758 δι-

2330 2797 2539 2875 καεώσῃ
2561 2800 2625 2869 τῇ
2656 2798 2830 2851 πίστει
2861 2800 2983 2862 τοὺς
2998 2801 3055 2851 ὲν
3084 2800 3343 2870 ἁμαρτίᾳ.
3381 2790 3748 2869 Ἐχρήσατοδὲ
3787 2799 3880 2850 καὶ

2330 2876 2620 2959 θεοπρεπεῖ
2662 2888 2757 2940 καὶ
2807 2889 3087 2959 φιλαγάθῳ
3122 2890 3375 2963 κρίματυ
3430 2888 3739 2953 δεδικαίωκε
3774 2890 3878 2957 γὰρ

2329 2976 2428 3029 οὑκ
2456 2975 2515 3039 ἐξ
2541 2974 2715 3045 ἔργων
2739 2974 3103 3044 δικαιοσύνης,
3131 2976 3433 3035 ἁλλὰοιατὰ
3463 2969 3531 3028 τὸ
3556 2977 3685 3029 πολὺ
3713 2977 3875 3029 αὑτοῦ

2329 3065 2493 3128 ἐλεοςο
2525 3064 2728 3117 σέσωκε
2758 3063 2814 3116 δὲ
2848 3064 2995 3135 ἡμᾶς
3016 3062 3107 3116 καὶ
3138 3064 3204 3117 δι’
3234 3056 3422 3129 ὓδατος
3459 3067 3553 3119 τοῦ
3592 3066 3748 3134 ἁγίου
3788 3069 3879 3119 καὶ

2330 3156 2610 3227 μυστικοῦ,
2636 3156 2691 3207 ὲν
2719 3147 2763 3221 ᾦ
2786 3145 3069 3226 συνετρίϐη
3103 3156 3193 3208 καὶ
3222 3156 3548 3225 πεπάτηοαι,
3588 3155 3787 3225 μᾶλλον
3824 3156 3881 3208 δὲ

2326 3248 2419 3301 καὶ
2457 3244 2731 3299 ἀπόλωλεν
2774 3246 2802 3298 ὁ
2849 3246 3212 3324 πολυκέφαλος
3258 3237 3506 3318 δράκων,
3536 3248 3628 3301 καὶ
3672 3248 3730 3300 αί
3786 3249 3879 3300 σὺν

2325 3340 2470 3410 αὐτῷ
2489 3339 3026 3411 δυνάμειςοπονηραί.
3054 3340 3234 3393 Ταῦτα
3267 3342 3299 3411 ἡ
3333 3339 3426 3394 τοῦ
3457 3340 3687 3412 Χριστοῦ
3726 3341 3879 3411 βασι-

2324 3430 2441 3483 λεία
2474 3429 2815 3503 κατώρθωσε.
2852 3430 3112 3501 Δῆλον·δὲ
3156 3432 3258 3500 ,ἀφ’
3300 3426 3374 3486 ὧν
3414 3434 3573 3504 ἡμεῖς
3628 3434 3742 3504 μὲν·
3766 3419 3882 3489 ’τῶν

2326 3512 2837 3573 καταδουλωσάντων
2865 3520 3062 3583 ἀδίκως
3092 3521 3433 3593 ἠλευθερώθη
3443 3540 3564 3593 μεν,
3598 3525 3795 3576 ἐκεῖνοι
3822 3524 3882 3577 δὲ

2326 3594 2741 3684 κατεκρίθησαν.
2774 3612 2942 3677 Τοῦτο
2974 3613 3080 3683 γὰρ
3120 3615 3299 3685 κρίσις
3334 3615 3545 3679 δικαία,
3574 3612 3759 3691 vorbi

2324 3696 2683 3773 τυραννοῦντα
2721 3701 2962 3775 διάϐολον
2987 3702 3251 3767 καθελεῖν,
3274 3705 3486 3779 mimo-63
3522 3698 3879 3775 τυραννουμέ-

2324 3807 2447 3853 νους
2481 3789 2794 3863 ἀνθρώπους
2838 3789 3389 3863 ἐλευθερῶσαινΠλὴν
3422 3793 3560 3846 ἀλλὰ
3607 3795 3697 3847 καὶ
3730 3792 3881 3863 ἡμᾶς

2324 3882 2544 3935 ἀπαιτεῖ
2574 3878 2919 3950 δικαιοσύνην
2953 3869 3047 3933 καὶ
3073 3880 3250 3952 κρίσιν
3283 3882 3595 3953 κατορθοῦν.

2394 4064 2517 4132 Πῦρ
2540 4065 2803 4118 ἐνώπιον
2837 4065 3023 4117 αὐτοῦ
3067 4061 3465 4130 καυθήσεται,
3513 4065 3610 4129 καὶ
3646 4066 3875 4131 φλογιεε

2322 4157 2527 4220 κύκλῳ
2553 4156 2695 4221 τοὺς
2720 4155 2970 4225 ἐχθροὺς
2990 4153 3469 4226 αὐτοῦ.Ἕςρὰναν
3495 4148 3556 4209 al
3581 4156 3875 4224 ἀστραπαί

2322 4247 2504 4301 αὐτοῦ
2528 4246 2603 4314 τῇ
2630 4244 2944 4315 οίκουμέηι
2967 4262 2981 4277 ·
3013 4242 3133 4299 εἶδε
3161 4246 3258 4299 καί
3287 4242 3587 4315 ἐσαζλεύθη
3613 4248 3653 4315 ὴ
3802 4249 3879 4301 Τὰ

2322 4340 2430 4408 ὄρη
2453 4337 2595 4393 ὡσεί
2617 4324 2802 4407 κηρὸς
2823 4337 3125 4406 ἐτὰκησαν
3144 4337 3261 4393 ἀπὸ
3283 4328 3606 4406 μέροσώπου
3633 4340 3873 4407 Κυρίου,

2322 4428 2437 4483 ἀπὸ
2472 4427 2803 4499 upwon
2829 4429 3047 4496 Κυρίου
3074 4428 3273 4499 πᾴσης
3303 4427 3414 4496 τῆς
3446 4428 3579 4497 τῆς.
3598 4428 3877 4499 Ἁνὴττει·
3902 4442 3907 4447 ’

628 4566 631 4567 ν
664 4523 920 4577 iustitiam
935 4522 1139 4592 ejus,et
1168 4523 1405 4577 viderunt
1424 4540 1599 4579 omnes
1625 4526 1805 4595 populi
1832 4526 2050 4596 gloriam
2083 4530 2215 4595 ejus.

2325 4523 2436 4573 λαν
2464 4522 2516 4573 ol
2553 4519 2791 4587 οὐρανοὶ
2814 4518 2929 4593 ζὴν
2950 4519 3337 4588 ὃωιοιιοσύνινυ⁹
3365 4521 3577 4583 αὐτοῦ,
3606 4520 3701 4573 καί
3725 4503 3875 4574 ἔιδο-

665 4608 1067 4680 Confundantur
1095 4628 1266 4665 omnes
1289 4614 1378 4681 qui
1405 4614 1633 4668 adorant
1676 4615 1963 4693 sculptilia,
1986 4618 2075 4687 qui
2106 4616 2219 4687 glo-

664 4702 871 4755 riantur
894 4702 948 4754 in
982 4703 1137 4757 idolis
1164 4705 1295 4759 suis.
1344 4703 1445 4760 Hic
1499 4707 1763 4763 terribilia
1811 4690 2023 4763 ultricis
2072 4690 2236 4764 illius.

666 4794 879 4849 virtutis
894 4808 989 4863 per
1003 4794 1179 4863 ignem
1199 4804 1252 4850 et
1272 4796 1503 4868 fulguris
1526 4800 1887 4869 splendorem,
1904 4816 2023 4871 qua:
2050 4802 2103 4855 in
2133 4817 2221 4857 se-

680 4885 843 4941 :undo
868 4885 1072 4942 Christi
1104 4885 1334 4942 adventu
1376 4886 1759 4946 videnda-sunt
1779 4894 2116 4961 subindicat;
2156 4911 2220 4949 ac

664 4971 1029 5041 evangelicam
1059 4972 1506 5031 illuminationem
1558 4981 1796 5047 revelat,
1847 4982 2042 5039 divina:
2083 5000 2220 5056 prie-

664 5061 955 5119 dicationis
987 5078 1286 5129 sermones,
1315 5068 1410 5136 qui
1436 5084 1531 5139 per
1559 5077 1732 5133 totum
1761 5075 1947 5130 orbem
1975 5077 2220 5145 resplen-

658 5152 813 5219 dent,
846 5153 1057 5224 fulgura
1089 5169 1429 5225 nuncupans.
1490 5157 1674 5229 Neque
1723 5163 1865 5219 enim
1921 5163 2218 5219 dixerimus

664 5258 787 5297 eum
814 5242 1061 5319 fulguris,
1096 5245 1290 5315 pluviae
1341 5246 1573 5312 indicis,
1615 5250 1941 5307 mentionem
1994 5252 2215 5319 facere;

665 5334 759 5389 scil
797 5333 963 5387 divini
990 5314 1043 5388 et
1074 5314 1373 5405 spiritualis
1415 5337 1638 5393 luminis
1671 5337 1955 5410 fulgorem,
1987 5314 2217 5413 fulguris

664 5422 885 5480 nomine
916 5425 1215 5494 significat;
1249 5437 1341 5482 aut
1365 5428 1602 5485 fortasse
1632 5430 1842 5502 fulgura
1883 5434 2088 5491 Christi
2125 5450 2219 5490 vo—

667 5525 753 5569 cat
782 5532 894 5581 eos,
920 5517 1013 5587 qui
1047 5532 1259 5573 sacrum
1292 5520 1485 5578 divinae
1514 5534 1567 5579 et
1596 5526 1916 5595 evangelicae
1956 5529 2218 5599 praedica—

667 5609 829 5664 tionis
858 5626 1054 5666 munus
1086 5611 1369 5682 obierunt,
1400 5616 1453 5670 id
1490 5624 1575 5675 est
1600 5610 1875 5688 apostolos
1896 5628 1949 5677 et
1983 5636 2217 5693 evange-

732 5789 775 5822 ⁸⁷
818 5790 957 5846 l’sal.
996 5806 1142 5859 xvii,
1185 5792 1266 5848 l2.

2319 4625 2439 4663 σαν
2464 4609 2682 4676 πάντες
2705 4612 2758 4663 ol
2780 4610 2914 4664 λαοί
2941 4610 3055 4677 τὴν
3082 4610 3268 4673 δόξαν
3295 4610 3501 4665 αὑτοῦ.
3538 4597 3875 4681 Αίσχυνὶὶήο

2318 4718 2516 4755 τωσαν
2545 4701 2763 4768 πάντες
2797 4704 2863 4755 ol'
2890 4694 3369 4769 προσκυνοῦντες
3409 4701 3532 4768 τοῖς
3574 4704 3871 4777 γλυπτοῖς,

2319 4794 2373 4845 ol
2402 4792 2833 4863 ἐγκαυχώμενοι
2870 4793 2940 4846 ἐν
2978 4792 3101 4860 τοῖς
3125 4792 3391 4861 είδώλοις
3412 4794 3624 4849 αὐτῶν.
3643 4792 3874 4862 Ἐντοῶ

2317 4902 2429 4948 τοις
2450 4886 2517 4939 τὰ
2541 4886 2745 4957 φοὸερὰ
2761 4886 2864 4957 τῆς
2883 4886 3305 4957 ἀνταποδοτικῆς
3322 4877 3871 4959 δυνάμεωςιὶποδιίκο

2319 4993 2457 5038 νυσι,
2490 4976 2576 5030 διὰ
2602 4976 2699 5031 τοῦ.
2727 4978 2895 5059 πυρὸς
2925 4980 3019 5032 καὶ
3041 4981 3140 5050 τῆς
3171 4966 3489 5048 διαστούσης
3814 4984 3875 5057 ἐν

2318 5066 2381 5135 τῇ
2409 5065 2631 5135 δευτέρᾳ
2654 5058 2888 5137 Χριστοῦ
2911 5066 3211 5137 παρουσίᾳ·
3239 5058 3561 5120 ἐκκαλύπτει
3588 5062 3649 5131 δὲΔ
3668 5071 3761 5128 καὶ
3778 5070 3875 5139 τὴν

2318 5155 2670 5225 εὐαγγελικὴν
2702 5148 3078 5226 (ριιγταγωγίαν,
3106 5156 3389 5227 ἀστραπὰς
3423 5157 3591 5225 Αέγων
3626 5160 3751 5223 τὸὺς
3781 5163 3871 5213 τοῦ

2318 5242 2458 5295 θείου
2489 5244 2838 5316 ’κηρύγματος
2864 5247 3075 5314 λόγους,
3107 5248 3155 5299 οἳ
3186 5246 3324 5299 κατὰ
3357 5247 3536 5319 πάσης
3571 5250 3665 5320 τῆς
3694 5242 3871 5305 οἰκον-

2321 5337 2486 5406 μένης
2512 5334 2896 5408 ὲκλάμπουσιν.
2923 5340 2997 5391 Οὐ
3021 5338 3127 5409 γὰρ
3150 5338 3320 5409 δήπου
3349 5342 3547 5412 φαμὲν,
3570 5344 3647 5397 ὅτι
3675 5345 3775 5414 τῆς
3796 5348 3873 5406 είς

2320 5429 2503 5491 ὑετοὺς
2529 5431 2895 5500 γεγενημένης
2918 5430 3202 5501 ἀστραπῆς
3226 5434 3459 5487 ἐποιεῖτο
3484 5425 3722 5505 μνήμην,
3746 5436 3871 5489 am

2318 5518 2415 5587 τὴν
2446 5517 2537 5570 τοῦ
2576 5519 2718 5572 θείου
2752 5524 2846 5579 καὶ
2895 5520 3085 5589 νοητοῦ
3119 5524 3311 5591 φωτὸς,
3335 5524 3751 5597 ἀναλαμψιιιτῷ
3778 5527 3872 5601 τῆς

2319 5610 2599 5681 ἀστραπῆς
2624 5612 3015 5703 κατασημαίνει
3045 5614 3291 5684 ὀνόματι·
3318 5611 3659 5689 ἢὰστρατὰς
3686 5619 3870 5687 ὀνομάν
