3976 6356
102 415 212 463 112:!

1163 405 1660 461 COMMENTARIA
1699 405 1764 460 IN
1802 403 2135 460 PSALMOS.

3117 403 3247 458 1250

101 519 184 584 ζων
204 518 448 590 Χριστοῦ,
481 520 604 582 τοὺς
630 519 688 570 τὸ
719 519 856 572 θεῖον
897 520 989 572 καὶ
1025 521 1368 590 εὐαγγελικδν
1409 523 1615 593 ἱερουρ-

1716 520 1887 582 listas,
1920 519 2010 588 qui
2035 519 2202 572 instar
2228 516 2444 572 luminis
2480 519 2666 573 orbem
2693 526 2957 574 terrarum
3004 519 3242 573 illustra—

100 611 292 678 γοῦντας
319 610 593 680 κήρυγμα,
622 611 890 663 τουτέστιν
922 612 1243 675 ἀποστόλους
1268 614 1361 665 καὶ
1391 613 1613 680 εὐαγγε-

100 701 269 763 λιστὰς,
297 701 345 753 οἳ
365 701 540 768 φωτὸς
569 700 720 771 δίκην
756 701 852 772 τὴν
883 703 1203 773 οἰκουμένην
1241 703 1608 774 κατέλαμψαν·

98 787 162 855 οἷς
185 792 266 844 καὶ
290 792 447 854 αὐτὸς
467 791 566 863 ἔφη
590 793 818 865 Χριστός
840 809 853 824 °
898 794 1078 862 Ὑμεῖς
1107 794 1244 846 ἐστε
1267 793 1331 847 τὸ
1361 793 1483 862 φῶς
1511 792 1613 846 τοῦ

98 882 311 949 κόσμου.
336 880 453 944 Φῶς
476 881 571 952 μὲν
602 884 708 952 γὰρ
733 883 792 935 τὸ
817 883 1062 952 ἀληθινὸν
1089 883 1246 946 αὐτός
1277 886 1420 936 ἐστιν
1443 887 1470 936 6
1493 883 1614 945 Υἱὸς

98 971 452 1038 καταφωτίζων
487 973 698 1026 ἃπασαν
733 973 904 1025 κτίσιν
935 974 1172 1044 λογικήν.
1192 974 1404 1045 Ἐπειδὴ
1435 974 1488 1026 δὲ
1521 991 1614 1041 γε-

98 1059 256 1126 γόνασι
286 1059 494 1130 μέτοχοι
519 1062 612 1114 τοῦ
646 1064 774 1132 παρ’
797 1061 958 1114 αὐτοῦ
984 1063 1156 1131 φωτὸς
1185 1064 1276 1115 καὶ
1303 1063 1453 1116 αὐτοὶ
1479 1063 1616 1115 κατά

97 1149 171 1200 τόο
197 1150 498 1216 Ἀνθρακες
520 1149 875 1219 ἀνήφθησαν
901 1153 998 1206 ἀπ’
1022 1154 1226 1214 αὐτοῦ,
1255 1152 1615 1224 χρηματίζουο

99 1255 141 1291 σι
165 1237 268 1305 φῶς
294 1238 386 1291 τοῦ
425 1239 646 1310 κόσμου.
677 1236 832 1294 Οὗτοι
862 1243 1037 1296 τοίνυν
1071 1241 1317 1313 καθάπερ
1345 1244 1617 1313 ἀστραπαὶ⁸

98 1329 320 1395 γεγόνασι
351 1331 413 1398 τῇ
445 1330 533 1382 ὑπ’
565 1330 786 1400 οὐρανὸν
816 1330 1178 1404 διατρέχοντες
1210 1331 1502 1400 πανταχοῦ,
1526 1332 1618 1384 καὶ

97 1420 147 1471 τὸ
171 1417 300 1471 θεῖον
320 1420 410 1471 καὶ
434 1419 617 1490 νοητὸν
640 1423 757 1483 ταῖς
789 1421 894 1476 τῶν
921 1421 1450 1492 μυσταγωγουμένων
1467 1430 1616 1492 ’καρ-

96 1506 212 1571 δίαις
238 1511 618 1580 εἰσπέμπονται
648 1511 779 1580 φῶς.
801 1512 908 1565 Καὶ
929 1512 1037 1582 πῦρ
1064 1511 1118 1564 δέ
1141 1528 1301 1581 φησιν
1328 1515 1356 1564 6
1381 1512 1615 1580 ψάλλων,

95 1601 146 1653 οὐ
173 1601 373 1663 πάντως
408 1601 562 1654 τοῦτο
588 1603 646 1654 τὸ
673 1601 942 1671 αίσθητὸν,
977 1601 1097 1653 οὔτε
1140 1603 1244 1672 μὴν
1283 1603 1378 1673 τὴν
1413 1601 1637 1672 ὁρωμέο·

95 1709 176 1760 νην
204 1691 384 1760 φλόγα,
409 1693 540 1746 ἀλλά
568 1693 714 1748 θείαν
741 1693 860 1747 τινὰ
886 1692 1110 1762 δύναμιν
1137 1693 1342 1763 ἄμαχον
1373 1695 1465 1744 καὶ
1495 1692 1618 1744 δυσ·

92 1784 292 1852 ἀντητον
314 1785 405 1837 καὶ
431 1784 835 1853 δυσδιάφυκτον,
869 1784 1033 1855 πυρὸς
1060 1783 1213 1853 δίκην
1240 1784 1619 1836 κατεσθίουσαν

91 1875 198 1937 τοὺς
225 1875 594 1946 ὲχθραίνοντας
638 1875 802 1945 αὐτῷ.
836 1871 991 1929 Οὗτοι
1038 1875 1094 1927 δὲ
1134 1871 1271 1945 ἦσαν
1304 1876 1396 1927 καὶ
1429 1873 1531 1943 πρό
1554 1891 1615 1941 γε
1651 1864 1690 1917 Β

91 1961 182 2015 τῶν
203 1962 366 2016 ἀλλων
384 1965 432 2015 οἱ
458 1963 720 2034 ἀλιτήριοι
742 1963 990 2033 δαίμονες
1016 1963 1108 2016 καὶ
1136 1965 1163 2014 6
1187 1967 1285 2033 τῆς
1306 1962 1504 2032 ἀγέλης
1525 1963 1618 2015 αὑ-

91 2052 184 2106 τῶν
214 2054 497 2122 ἐπιστάτης
518 2071 530 2084 ’
564 2054 748 2108 τοῦτον
777 2055 1097 2122 κατέφλεξεν
1127 2056 1154 2106 6
1183 2055 1369 2125 Σωτὴρ
1395 2058 1503 2116 τοῖς
1534 2053 1618 2106 ἀλ-

91 2143 186 2207 λοις
215 2145 359 2212 ὁμοῦ.
394 2146 466 2198 Οὐ
496 2146 602 2216 γὰρ
629 2143 696 2215 ἦν
722 2147 915 2216 ἑτέρως
951 2145 1217 2209 ἐξελέσθαι
1248 2147 1371 2207 τοὺς
1402 2147 1492 2198 ἐπὶ
1523 2146 1617 2214 τῆς

90 2233 180 2302 τῆς
207 2233 291 2286 ὑπ’
312 2233 457 2304 αὑτῷ
494 2224 828 2305 γενομένους,
854 2237 900 2286 εί
932 2235 1005 2306 μὴ
1041 2236 1284 2306 καθάπερ
1313 2252 1365 2289 τι
1392 2234 1499 2303 πῦρ
1518 2236 1617 2302 έπ-

90 2326 278 2393 αφῆκεν
305 2324 556 2396 αὐτῷτὴν
577 2325 896 2379 δαπανῶσάν
922 2343 978 2378 τε
1012 2327 1101 2378 καὶ
1134 2327 1490 2396 ἀφανίζουσαν
1516 2325 1614 2375 αὐ-

90 2415 168 2466 τὸν
187 2416 364 2486 ὀργήν.
385 2415 567 2479 Οὕτως
588 2417 818 2480 ἐξείλετο
843 2418 966 2480 τοὺς
990 2419 1079 2470 ὑπ’
1095 2417 1255 2471 αὐτοῦ
1280 2416 1612 2486 γενομένους,

92 2505 274 2558 σέσωκε
300 2507 422 2569 τοὺς
449 2510 506 2560 ὲν
533 2509 888 2579 αίχμαλωσία,
912 2510 1174 2580 ἐρρύσατο
1195 2510 1317 2570 τοὺς
1343 2508 1615 2579 πεπλανη-

93 2595 283 2662 μένους,
316 2597 408 2649 καὶ
438 2599 517 2660 είς
547 2597 606 2650 1:6
632 2599 730 2666 τῆς
753 2599 1007 2669 ἀληθείας
1040 2599 1260 2651 ὲκάλεσε
1305 2599 1436 2666 φῶς.
1467 2599 1615 2668 Τάχα

88 2685 136 2735 δὲ
164 2686 320 2754 πυρὸς
351 2687 442 2738 καὶ
471 2689 748 2758 ἀστραπῆς
779 2689 1172 2759 ἐμνημόνευσεν
1195 2693 1223 2743 ὀ
1244 2689 1422 2753 Δαυῒδ,
1453 2691 1616 2762 ἤγουν

89 2772 264 2846 φλογέας
294 2775 384 2827 καὶ
428 2777 597 2844 φωτός
623 2796 636 2807 ·
671 2778 852 2847 ἐπειδὴ
883 2779 1041 2849 διπλῆ
1075 2780 1164 2846 τοῦ
1196 2781 1363 2852 πυρὸς
1403 2783 1435 2851 ἡ
1465 2782 1611 2851 ἐνέρ-

88 2881 225 2931 γεια’
265 2865 322 2917 οὐ
353 2867 459 2938 γὰρ
493 2869 647 2938 μόνον
678 2870 737 2923 τὸ
760 2872 950 2934 καίειν,
982 2871 1113 2924 ἀλλά
1147 2869 1246 2924 καὶ
1279 2873 1338 2925 τὸ
1367 2873 1614 2942 φωτίζειν

87 2956 214 3024 ἔχει’
247 2958 334 3012 καὶ
381 2959 440 3011 τὸ
487 2961 583 3029 μὲν
615 2961 726 3028 φῶς
754 2965 864 3026 τοῖς
896 2964 1118 3027 δικαίοις
1144 2964 1545 3034 ἀποχαρίζεται,
1580 2968 1612 3035 ἡ

87 3045 136 3098 δὲ
165 3047 344 3113 καῦσις
367 3053 479 3114 τοῖς
509 3053 836 3122 παρανόμοις
855 3054 1170 3125 ἀφώρισται.
1198 3054 1379 3108 Ταῦτα
1403 3055 1612 3124 καὶτῆς

86 3136 319 3211 δευτέρας
352 3143 664 3212 ἐπιφανείας
693 3143 760 3196 τὰ
789 3143 1125 3199 θεσπίσματα
1144 3163 1158 3176 ο
1187 3146 1356 3198 ταῦτα
1390 3147 1480 3200 καὶ
1511 3148 1612 3200 Δαε-

87 3227 192 3297 νιὴλ
227 3230 481 3286 ἐθεάσατο
501 3251 514 3263 ·
544 3235 827 3302 Ποταμὸς,
861 3236 968 3305 γάρ
1015 3253 1165 3308 φησι,
1199 3237 1386 3305 πυρὸς
1418 3234 1617 3291 εἷλκεν

85 3321 398 3391 ἔμπροσθεν
427 3324 610 3379 αὑτοῦ
631 3342 644 3354 °
676 3325 767 3378 καὶ
788 3329 815 3378 6
842 3326 1040 3397 Κύριος
1059 3324 1227 3390 εἶπεν,
1254 3329 1328 3390 ὡς
1354 3330 1386 3399 ἡ
1414 3345 1615 3398 παρου-

89 3414 168 3465 σία
209 3415 366 3467 αὐτοῦ
406 3416 554 3467 ἔσται
586 3416 660 3478 ὡς
687 3418 720 3486 ἡ
747 3417 853 3470 ἀπὸ
898 3418 1166 3472 ἀνατολῶν
1212 3420 1368 3490 μέχρι
1403 3418 1617 3488 δυσμῶν

86 3503 339 3571 φθάνουσα
367 3507 637 3577 ἀστραπή.
669 3506 741 3559 T6
781 3508 879 3577 μὲν
920 3507 1027 3579 πῦρ
1053 3508 1215 3561 αὐτοῦ
1255 3507 1618 3579 προπορεύσε-

83 3614 162 3651 ται
183 3598 336 3652 ἕνεκα
353 3598 458 3650 τῶν
477 3598 569 3668 ὲχθ
579 3598 682 3670 ρῶν
698 3598 859 3652 αὐτοῦ
877 3616 891 3629 ·
921 3597 1028 3652 τῶν
1054 3599 1110 3653 δὲ
1137 3598 1369 3652 εὐσεϐῶν
1391 3600 1483 3652 καὶ
1503 3599 1618 3652 θεο-

83 3689 240 3756 φιλῶν
282 3690 486 3763 ἀνδρῶν
532 3692 687 3762 χάριν
732 3691 1002 3763 ἀστραπαὶ
1031 3690 1191 3746 αὐτοῦ
1222 3694 1284 3745 ὲκ
1311 3691 1406 3744 τοῦ
1451 3689 1613 3744 αὐτοῦ

84 3781 246 3847 φωτὸς
291 3783 699 3852 ὲκπεμπόμεναι
744 3783 864 3836 ἀντὶ
910 3783 1057 3855 ἡλίου
1090 3783 1492 3854 καταλάμψουσι
1518 3780 1613 3851 τὴν

80 3873 401 3944 οἰκουμένην.
449 3875 510 3926 El
538 3874 646 3944 γὰρ
687 3875 804 3927 τότε
848 3878 879 3928 ὀ
919 3875 1087 3942 ἥλιος
1133 3875 1610 3944 σκοτισθήσεται,

1712 621 1872 664 runt:
1905 611 2100 680 quibus
2155 611 2312 664 etiam
2358 609 2605 666 Christus
2649 611 2819 677 dixit,
2869 609 2969 665 Vos
3000 611 3123 664 estis
3155 609 3247 662 lux

1711 702 1892 754 "mundi
1921 701 1985 756 ⁸⁸.
2039 700 2170 755 Nam
2219 716 2344 756 vera
2376 703 2466 756 lux
2521 703 2745 770 est'lpse
2775 699 2961 764 Filius,
3002 703 3095 770 qui
3125 717 3245 755 om~

1712 808 1834 848 nem
1853 801 2154 847 creaturam
2197 788 2896 849 rationabilemilluminat.
2939 791 3074 858 Quia
3123 808 3248 847 vero

1713 885 1847 938 lucis
1874 885 2018 939 illius
2049 886 2334 955 participes
2359 885 2577 942 fuerunt
2605 885 2901 940 secundum
2938 885 3089 948 illud,
3113 885 3248 938 Car-

1713 972 1864 1027 bones
1892 974 2123 1026 succensi
2147 983 2268 1026 sunt
2307 975 2368 1027 ab
2398 991 2456 1028 eo
2488 975 2550 1038 ",
2586 975 2704 1028 ideo
2766 975 2856 1028 lux
2911 985 3034 1029 sunt
3086 976 3247 1044 hujus

1713 1061 1920 1116 mundi.
1953 1061 2019 1116 Hi
2049 1064 2229 1133 itaque
2259 1065 2421 1119 veluti
2450 1064 2658 1135 fulgura
2697 1063 2816 1117 facti
2861 1074 2984 1118 sunt
3012 1106 3024 1128 ,
3079 1074 3246 1120 totam

1715 1153 1911 1223 ubique
1942 1162 2136 1208 terram
2183 1162 2583 1226 percurrentes,
2633 1171 2693 1209 ac
2721 1156 2954 1209 divinam
2994 1158 3246 1226 spiritua-

1714 1243 1926 1313 lcmque
1979 1245 2152 1300 lucem
2211 1245 2541 1300 initiatorum
2612 1245 2862 1300 cordibus
2931 1246 3241 1301 immittunt.

1714 1334 1892 1405 Ignem
1919 1351 2080 1406 porro
2107 1336 2390 1392 Psalmista
2419 1335 2566 1400 dicit,
2594 1353 2700 1391 non
2720 1337 2861 1391 hunc
2891 1339 3195 1392 sensibilem
3226 1379 3242 1400 ,

1715 1442 1892 1496 neque
1910 1426 2176 1480 ﬂammam
2201 1427 2342 1480 illam
2362 1442 2479 1495 quae
2517 1427 2618 1482 sub
2642 1438 2911 1496 aspectum
2942 1429 3118 1494 cadit;
3155 1430 3245 1482 sed

1716 1513 1948 1568 divinam
1995 1514 2279 1583 quamdam
2325 1515 2574 1568 virtutem
2624 1515 3120 1586 inexpugnabilem,
3162 1518 3249 1570 cui

1718 1621 1822 1659 non
1854 1606 2064 1671 obsisti,
2094 1621 2210 1675 qua:
2241 1620 2348 1660 non
2390 1605 2548 1676 eﬂ‘ugi
2579 1615 2788 1678 potest,
2835 1623 2954 1677 quae
2983 1608 3122 1677 ignis
3161 1609 3245 1661 in-

1718 1705 1832 1752 star
1854 1698 2034 1751 hostes
2078 1712 2205 1751 suos
2238 1696 2476 1752 devorat.
2509 1697 2574 1751 Hi
2604 1709 2777 1754 autem
2801 1705 2970 1764 erant,
2993 1713 3102 1768 prae
3129 1700 3250 1756 aliis

1719 1788 2007 1857 perniciosi
2034 1787 2302 1843 daemones
2326 1827 2342 1852 ,
2384 1796 2436 1843 et
2484 1790 2661 1859 gregis
2707 1804 2891 1844 eorum
2919 1788 3206 1859 praefectus
3230 1829 3247 1856 ,

1719 1893 1876 1947 quem
1908 1878 2151 1931 Salvator
2193 1883 2310 1932 cum
2355 1880 2474 1935 aliis
2515 1881 2824 1936 combussit.
2879 1879 3061 1950 Neque
3117 1883 3250 1939 alias

1719 1977 1964 2038 poterant
1986 1970 2075 2038 qui
2103 1969 2155 2022 in
2185 1978 2325 2022 terra
2353 1971 2670 2041 illisubjecti
2692 1979 2844 2026 erant
2876 1973 3114 2034 liberari,
3141 1974 3246 2028 nisi

1718 2076 1813 2114 ceu
1851 2060 2023 2130 ignem
2047 2062 2346 2130 quempiam
2375 2064 2825 2133 consumptricem
2856 2065 2922 2117 ad
2957 2065 3247 2134 perniciem

1720 2159 1773 2204 et
1802 2137 2242 2217 destructionem,
2279 2155 2409 2207 iram
2442 2171 2593 2209 suam
2641 2157 2950 2212 immisisset
2989 2161 3042 2213 in
3076 2161 3247 2212 illum.

1719 2241 1806 2296 Sic
1829 2243 1917 2296 ille
1942 2244 2186 2297 liberavit
2235 2260 2326 2298 eos
2362 2246 2452 2313 qui
2484 2247 2682 2300 subditi
2739 2247 2984 2310 fuerant,
3014 2251 3252 2318 captivos

1717 2331 1934 2401 eripuit,
1999 2318 2244 2389 errantes
2290 2334 2533 2398 reduxit,
2579 2343 2633 2390 et
2679 2338 2734 2392 in
2790 2338 3028 2394 veritatis
3077 2341 3249 2394 lucem

1690 2424 1976 2480 revocavit.
2016 2422 2265 2480 Fortasse
2311 2442 2437 2480 vero
2472 2426 2610 2496 ignis
2639 2435 2693 2481 et
2737 2428 2963 2500 fulguris
3013 2432 3252 2486 meminit

1717 2511 1904 2576 David,
1934 2515 2178 2571 videlicet
2197 2517 2421 2573 flamma
2445 2529 2497 2574 et
2537 2519 2702 2585 lucis;
2763 2522 2886 2591 quia
2916 2523 3108 2592 duplex
3144 2525 3251 2594 igni

1717 2606 1948 2660 eﬂicacia
1977 2609 2116 2663 Inest
2144 2628 2156 2662 :
2189 2625 2296 2663 non
2325 2611 2465 2664 enim
2495 2612 2680 2665 urendi
2728 2611 2921 2676 solum,
2952 2614 3045 2666 sed
3088 2616 3246 2668 etiam

1716 2691 2052 2747 illuminandi
2089 2695 2190 2748 vim
2241 2695 2432 2761 habet;
2482 2712 2544 2749 ac
2594 2698 2763 2751 lucem
2815 2697 3027 2768 quidem
3079 2701 3246 2768 justis

1719 2783 1977 2853 impertit,
2001 2785 2299 2840 combustio
2323 2792 2496 2840 autem
2536 2787 2733 2857 iniquis
2758 2796 3082 2845 reservatur.
3125 2789 3247 2845 Haec

1718 2881 1842 2926 sunt
1867 2874 2086 2929 secundi
2116 2876 2376 2930 adventus
2408 2878 2652 2932 vaticinia
2680 2897 2691 2932 :
2725 2879 2836 2932 haec
2868 2878 3052 2934 Daniel
3071 2880 3204 2936 vidit
3228 2920 3246 2944 ,

1718 2979 1838 3017 nam
1856 2966 1947 3028 ait,
1967 2963 2181 3041 Flavius
2199 2967 2375 3037 igneus
2398 2968 2628 3022 trahebat
2660 2972 2711 3024 in
2740 2983 3008 3040 conspectu
3030 2971 3138 3041 ejus
3165 2973 3244 3038 νος

1716 3063 1768 3109 et
1795 3054 2050 3110 Dominus
2081 3039 2244 3121 dicit,
2297 3059 2580 3114 adventum
2617 3076 2768 3114 suum
2789 3079 2812 3127 λ,
2863 3039 2920 3115 ut
2977 3039 3152 3133 fulgur
3182 3065 3250 3119 ab

1716 3148 1919 3204 oriente
1943 3149 2009 3204 ad
2030 3149 2361 3206 occidentem
2402 3153 2728 3224 pertingens,
2757 3153 2994 3208 futurum
3037 3170 3158 3212 esse
3179 3156 3248 3213 “.

1715 3238 1857 3309 Ignis
1902 3241 2114 3311 quidem
2169 3241 2286 3312 ejus
2334 3243 2596 3312 praecedet
2653 3245 2992 3301 inimicorum
3047 3262 3248 3314 causa;

1717 3333 2010 3387 amicorum
2039 3348 2166 3387 vero
2193 3348 2257 3386 ac
2285 3333 2655 3404 religiosorum
2710 3336 2981 3391 hominum
3037 3338 3206 3406 gratia
3233 3379 3250 3402 ,

1666 3461 1670 3466 -
1714 3422 1923 3494 fulgura
1946 3439 1974 3476 a
1997 3424 2115 3478 luce
2139 3423 2256 3492 ejus
2274 3425 2471 3479 emissa
2493 3426 2610 3480 loco
2641 3427 2768 3481 solis
2794 3427 2990 3497 orbem.
3010 3429 3250 3483 illustra-

1715 3517 1867 3572 bunt.
1902 3514 1957 3568 Si
1980 3515 2122 3571 enim
2155 3524 2284 3570 tunc
2321 3516 2400 3569 sol
2429 3515 2816 3580 obscurabitur,
2869 3527 2918 3569 et
2978 3518 3103 3572 luna
3147 3537 3250 3574 non

1716 3603 1859 3657 dabit
1886 3603 2055 3656 lumen
2086 3619 2268 3664 suum,
2319 3611 2368 3656 et
2399 3603 2562 3657 stella:
2592 3603 2777 3657 cadent
2819 3604 2878 3656 de
2906 3604 3029 3658 caelo
3063 3605 3128 3669 ",
3167 3622 3250 3662 se-

1717 3693 1951 3748 cundum
1982 3691 2275 3747 Salvatoris
2303 3692 2636 3760 doctrinam;
2668 3693 2808 3746 unde
2848 3693 2982 3749 alias
3014 3694 3248 3749 mundus

1719 3783 2125 3845 illuminabitur,
2157 3782 2257 3836 nisi
2282 3796 2345 3834 ex
2375 3783 2531 3851 ipso?
2562 3782 2990 3852 quandoquidem
3022 3790 3104 3839 est
3135 3784 3250 3853 ipse

1721 3873 1975 3927 Dominus
2010 3872 2098 3926 lux
2122 3877 2340 3926 aeterna.

79 3964 167 4016 καὶ
190 3965 241 4033 ιή
276 3963 506 4031 σελήνη
534 3967 604 4019 οὐ
636 3956 811 4020 δώσει
854 3966 918 4018 τὸ
949 3965 1169 4034 ’φέγγος
1195 3967 1403 4033 αὐτῆς,
1434 3967 1529 4020 καὶ
1559 3969 1612 4018 οἱ
1644 3959 1891 4032 ἀστέρες
1919 3953 2237 4017 πεσοῦνται
2268 3964 2329 4016 ἐκ
2385 3963 2487 4017 τοῦ
2526 3965 2800 4031 οὐρανοῦ,
2835 3965 2974 4018 κατὰ
3003 3965 3098 4037 τὴν
3148 3983 3253 4020 σω-

79 4060 250 4128 τήριον
293 4057 662 4112 διδασκαλίαν·
699 4060 858 4114 πόθεν
906 4059 1122 4113 ἄλλοθεν
1173 4049 1561 4128 φωτισθήσέται
1587 4063 1615 4112 6
1652 4061 1848 4129 κόσμος
1873 4061 1919 4112 εί
1943 4058 2016 4130 μὴ
2040 4058 2095 4123 ἐξ
2123 4057 2280 4110 αὑτοῦ
2303 4075 2314 4084 ’
2355 4057 2670 4128 Ἐπειδήπεο
2694 4059 2835 4112 ἐστὶν
2855 4059 3010 4122 αὐτὸς
3049 4058 3076 4109 6
3141 4056 3253 4111 Κύ-

79 4166 184 4218 ριος
213 4148 326 4217 φῶς
355 4149 586 4205 αἰώνιον.

138 4263 599 4330 Προσκυνήσατε
647 4262 804 4329 αὐτῷ
849 4264 1066 4332 πάντες
1110 4265 1345 4337 ἄγγελοι
1392 4267 1574 4322 αὐτοῦ
1594 4282 1606 4294 ·

1783 4261 1946 4318 Vens.
1978 4260 2128 4316 8-19..
2161 4260 2389 4314 Adorate
2413 4277 2530 4314 eum
2552 4277 2724 4316 omnes
2747 4247 2937 4332 ἀηθείί
2968 4264 3079 4332 ejus
3107 4280 3125 4317 :
3153 4283 3251 4319 au-

76 4351 294 4421 ἤκουσε
325 4354 424 4407 ναὶ
444 4355 744 4436 εὐφράνθη
776 4356 815 4424 ή
854 4357 1020 4421 Σιὼν,
1045 4359 1142 4412 καὶ
1171 4357 1610 4428 ήτιιλλιάσαντο

1715 4355 1840 4409 divit
1873 4363 1921 4407 et
1955 4353 2133 4407 lanata
2149 4360 2226 4405 est
2245 4351 2390 4412 Sion,
2409 4361 2456 4404 et
2479 4353 2863 4407 “saltauerunt
2891 4355 3021 4422 ﬁlia:
3050 4354 3253 4411 Judaei:

75 4447 128 4498 al
149 4443 458 4514 θυγατέρες
497 4444 606 4530 τῆς
644 4447 921 4513 Ἰουδαίας
962 4449 1166 4503 ἕνεκεν
1188 4448 1305 4503 τῶν
1329 4449 1615 4533 χριμάτων

1717 4455 1923 4516 propter
1944 4445 2148 4514 judicia
2200 4452 2321 4508 tua,
2373 4442 2609 4497 Domine.
2664 4441 2793 4497 Sion
2822 4446 3035 4513 quidem
3069 4446 3254 4505 Eccle~

75 4553 201 4600 σου,
223 4537 417 4604 Κύριε.
440 4534 576 4590 Σιὼν
604 4536 699 4606 μὲν
725 4536 820 4609 τὴν
848 4539 1163 4608 Ἐκκλησίαν
1186 4539 1415 4610 Χριστοῦ
1443 4539 1614 4610 ὑπάρ-

74 4646 178 4697 χειν
208 4629 400 4695 ίστέον,
428 4628 724 4701 θυγατέρας
761 4629 816 4682 δὲ
860 4630 955 4701 τῆς
993 4629 1240 4694 Ἰουδαίας
1262 4630 1360 4693 τὰς
1385 4631 1610 4684 ἀποστο-

73 4717 219 4782 λικάς
264 4718 440 4789 ψυχὰς
487 4720 593 4774 ἀπὸ
637 4720 730 4773 τοῦ
776 4719 1032 4773 Ἰουδαίων
1063 4719 1244 4784 ἔθνους
1274 4719 1607 4783 διελθούσαςο

72 4809 122 4861 αἶ
149 4809 214 4880 δὴ
246 4812 341 4866 καὶ
371 4811 729 4882 ἐμπίπλανται
755 4812 1085 4883 εὐφροσύνης
1115 4813 1206 4864 καὶ⁸
1229 4811 1608 4879 ἀγαλλιάσεως,

76 4899 434 4968 μανθάνουσαι
465 4901 590 4972 περὶ
612 4899 718 4953 τῶν
743 4900 1020 4970 κριμάτων
1050 4900 1142 4952 τοῦ
1169 4899 1390 4972 Κυρίου,
1421 4899 1528 4950 τῶν
1553 4915 1610 4950 τε

72 4993 174 5054 τοῖς
203 4991 608 5065 είδωλολάτραις
638 4991 1006 5061 ἀποκειμένων
1033 4981 1337 5061 τιμωριῶν,
1367 4989 1461 5042 καὶ
1505 4989 1611 5042 τῶν

71 5083 172 5143 τοῖς
195 5080 372 5135 ἔθνεσι
390 5083 766 5154 τετηρημένων
791 5081 1144 5151 ἐπαγγελιῶν.
1161 5082 1394 5144 Εἰκότως
1419 5082 1474 5134 δὲ
1493 5082 1610 5151 χαί-

75 5188 243 5243 ρουσιν
267 5171 364 5224 ἅτε
387 5173 530 5245 αὐτῷ
558 5174 923 5244 ἀνακείμεναι,
951 5175 1040 5226 καὶ
1069 5173 1374 5237 ἐλπίζουσαι
1404 5172 1502 5243 τῆς
1525 5174 1610 5224 έν-

70 5265 212 5328 δόξου
241 5262 406 5315 αὑτοῦ
435 5267 730 5336 παρουσίας
775 5265 1414 5338 καταξιωθήσεσθαι.”οτι
1449 5265 1528 5317 σὺ
1559 5261 1620 5318 ετ

71 5357 276 5422 Κύριος
317 5355 349 5405 d
387 5353 663 5422 Ὗψιστος
695 5357 793 5411 ἐπὶ
828 5355 1030 5413 πᾶσαν
1061 5356 1172 5424 τὴν
1210 5356 1342 5426 γῆν,
1381 5356 1611 5425 σφόδρα

69 5442 461 5513 ὑπερυψώθης
483 5443 631 5510 ὑπὲρ
653 5434 877 5511 πάντας
896 5446 1035 5512 τοὺς
1057 5447 1244 5512 θεούς.
1265 5449 1327 5499 Ol
1346 5430 1611 5514 ἀγαπῶν-

69 5555 155 5602 τες
189 5533 302 5590 τὸν
325 5533 559 5600 Κύριον,
577 5533 800 5602 μισεῖτε
839 5539 1125 5604 πονηρόν·
1167 5535 1466 5605 φυλάσσει
1506 5537 1611 5588 Κύ-

68 5647 181 5696 ριος
204 5625 317 5693 τὰς
333 5624 532 5696 ψυχὰς
554 5625 668 5679 τῶν
689 5627 870 5683 ὁσίων
889 5629 1092 5693 αὐτοῦ,
1125 5630 1192 5683 ἐκ
1212 5628 1405 5698 χειρὸς
1435 5627 1613 5697 ἀμαρ-

1718 4541 1851 4594 siam
1873 4538 2070 4593 Christi
2106 4550 2225 4590 esse
2262 4535 2535 4589 sciendum
2560 4540 2674 4600 est;
2717 4535 2852 4589 tilias
2879 4551 3004 4606 vero
3033 4537 3248 4604 Judm,

1717 4629 2040 4699 apostolicas
2069 4628 2276 4680 animas
2307 4640 2372 4678 ex
2399 4623 2704 4680 Iudaeorum
2747 4638 2905 4696 gente
2950 4617 3208 4686 oriundas
3234 4651 3248 4687 :

1716 4736 1836 4790 quae
1861 4733 1990 4775 sane
2012 4718 2241 4786 impleta:
2261 4723 2384 4770 sunt
2407 4716 2603 4786 gaudio
2625 4724 2680 4771 et
2700 4718 3094 4787 exsultatione;
3124 4736 3248 4776 cum

1717 4811 1783 4864 de
1804 4809 2023 4878 iudiciis
2050 4807 2258 4861 Domini
2293 4805 2599 4871 audierunt,
2619 4806 2793 4877 deque
2818 4811 3114 4880 suppliciis,
3134 4827 3252 4880 qua

1717 4899 1978 4953 idolorum
2008 4895 2304 4950 cultoribus
2338 4899 2572 4966 reposita
2603 4907 2750 4962 sunt,
2795 4916 2999 4956 necnon
3029 4901 3096 4956 de
3125 4917 3253 4971 pro-

1715 4989 1916 5051 missis,
1939 5001 2059 5057 qute
2078 4987 2325 5056 gentibus
2346 4997 2711 5045 reservantur.
2739 4993 2804 5046 Et
2830 4995 3018 5046 merito
3036 4991 3251 5062 quidem

1713 5080 1963 5150 gaudent,
1984 5085 2166 5147 utpote
2187 5079 2285 5148 ipsi
2311 5081 2552 5144 addictze,
2587 5095 2649 5136 ac
2674 5089 2947 5152 sperantes
2975 5096 3033 5135 se
3054 5081 3252 5151 glorio-

1716 5185 1775 5222 so
1815 5167 1932 5235 eius
1985 5169 2215 5222 adventu
2254 5167 2552 5240 dignandos
2593 5184 2731 5222 esse.
2785 5166 3042 5232 Quoniam
3088 5175 3143 5218 tu
3197 5183 3251 5220 es

1716 5260 1967 5314 Dominus
2021 5259 2310 5313 altissimus
2359 5275 2506 5327 super
2560 5274 2755 5312 omnem
2807 5266 3034 5319 terram,
3096 5255 3250 5309 nimis

1713 5351 1976 5404 exaltatus
2006 5367 2058 5404 es
2081 5365 2232 5418 super
2259 5366 2430 5404 omnes
2473 5348 2613 5401 deos.
2665 5346 2768 5412 Qui
2799 5347 3015 5417 diligitis
3068 5346 3251 5400 Domi-

1717 5456 1872 5506 num,
1902 5440 2036 5493 adite
2063 5440 2257 5493 malum
2283 5456 2300 5492 :
2335 5437 2558 5490 custodit
2587 5435 2841 5490 Dominus
2888 5437 3090 5490 animas
3123 5452 3248 5490 san-

1717 5542 1916 5586 ctorum
1950 5547 2161 5584 suorum
2181 5569 2196 5594 ,
2251 5529 2311 5583 de
2339 5545 2496 5582 manu
2516 5537 2844 5596 peccatorum
2883 5516 3118 5581 liberabit
3142 5543 3244 5583 eos.

1722 5626 1774 5680 Si
1803 5626 2020 5684 malum.
2054 5625 2243 5695 inquit,
2277 5622 2526 5684 aversati,
2560 5621 2730 5676 sancti
2751 5619 3052 5675 efﬁciamini
3074 5637 3088 5686 ;
3112 5629 3248 5692 tunc

128 5786 171 5820 “
209 5782 403 5840 Ilatth.
437 5797 524 5846 VI.
562 5781 647 5837 Η.
721 5784 763 5818 ε’
801 5783 944 5841 Psal.
979 5802 1123 5854 xvn,
1158 5787 1212 5842 9.
1285 5787 1330 5821 ’°
1363 5784 1496 5840 Dan.
1534 5799 1605 5836 vn

1715 5782 1770 5838 0.
1843 5782 1884 5811 ⁹¹
1927 5779 2109 5835 Matth.
2145 5794 2292 5845 uiv,
2332 5777 2420 5831 27.
2495 5779 2539 5809 ”
2574 5774 2709 5846 ibid.
2746 5774 2836 5831 39.
