3976 6356
639 415 767 472 res:

1293 400 1549 460 EUSEBH
1589 401 2054 458 CIESARIENSIS
2092 399 2235 455 OPP.
2272 397 2444 453 PARS
2488 396 2574 452 111.
2608 427 2677 438 -
2703 394 3102 450 EXEGETICA.

3656 393 3794 445 {252

636 526 785 579 vobis
807 522 1074 590 continget
1105 518 1193 573 Dei
1218 516 1467 588 praesidio
1515 517 1732 582 muniri,
1758 524 1916 585 atque
1946 531 1973 568 a
2005 529 2164 567 manu

2281 513 2463 566 τωλῶν
2496 514 2741 580 ῥύσεται
2783 512 3019 575 αὐτούς.
3072 511 3131 562 Εἰ
3163 508 3608 580 ἁποστρᾳφέντες,
3643 523 3794 575 φησι,

637 614 829 667 diaboli
861 609 1072 665 liberari
1101 630 1114 662 :
1147 609 1194 663 is
1220 609 1360 663 enim
1393 607 1608 675 proprie
1657 613 1908 690 peccator
1947 606 2161 658 dicitur.

641 701 826 754 Modus
855 700 1029 767 itaque
1057 698 1358 751 dilectionis
1391 711 1514 764 erga
1545 694 1824 748 Dominum
1872 701 1954 748 est
1989 692 2165 747 odisse

641 793 815 853 mala;
847 803 1051 842 merces
1076 795 1252 840 autem
1270 785 1424 840 .illius
1455 791 1555 846 est,
1589 783 1760 852 ipsum
1793 783 1847 837 in
1881 783 2001 836 vitae
2033 796 2168 852 prae-

645 883 831 934 sidium
863 879 1134 939 obtinere,
1173 884 1328 944 atque
1367 875 1762 943 insurgentibus
1794 873 2026 928 inimicis
2082 889 2170 927 su-

643 973 901 1040 periorem
937 969 1181 1021 evadere.
1206 964 1390 1017 Viden‘
1418 971 1613 1032 quanta
1642 959 1736 1032 pro
1765 961 1857 1017 Dei
1883 963 2166 1016 dilectione

638 1064 963 1135 accipimus?
996 1061 1173 1115 Sancti
1206 1075 1328 1114 vero
1375 1059 1653 1121 cﬂicimur,
1702 1071 1823 1110 cum
1849 1053 1948 1122 ipsi
1971 1051 2164 1104 addicti

637 1173 842 1220 sumus,
873 1165 1030 1223 atque
1063 1152 1226 1206 Deum
1264 1150 1542 1204 custodem
1575 1147 1751 1217 magni
1787 1147 1929 1200 illius
1960 1142 2163 1213 pnedii,

635 1248 826 1302 anima:
861 1244 1065 1300 scilicet
1096 1249 1324 1303 nostrae,
1377 1238 1769 1300 nanciscimur;
1823 1237 1896 1288 ita
1945 1239 2004 1286 ut
2056 1245 2164 1284 non

636 1341 773 1393 ultra
823 1337 923 1392 sub
955 1350 1116 1388 manu
1164 1341 1216 1387 et
1260 1337 1521 1402 potestate
1561 1329 1765 1384 inimici
1808 1340 2121 1380 maneamus
2148 1365 2164 1388 ,

635 1445 757 1484 nam
787 1427 898 1481 Lua:
921 1435 1036 1480 orta
1055 1435 1131 1478 est
1154 1425 1319 1492 justo,
1348 1433 1397 1474 et
1413 1421 1562 1474 rectis
1580 1418 1730 1473 corde
1773 1417 1975 1471 latitia.
2027 1413 2168 1467 ιωε-

631 1519 819 1584 nmini,
840 1518 994 1587 justi,
1013 1517 1065 1569 in
1087 1515 1323 1578 Domino,
1342 1521 1389 1566 et
1410 1510 1723 1580 conﬁtemini
1742 1508 1998 1562 memoria:
2015 1520 2167 1559 sanc-

640 1611 932 1680 tiﬁcationis
959 1608 1090 1676 ejus.

2267 603 2325 654 τὸ
2361 603 2587 673 πονηρὸν
2618 603 2750 654 ὅσιοι
2787 602 3032 681 γένησθε,
3071 602 3187 653 τότε
3215 599 3276 670 δὴ
3312 597 3636 668 συμϐήσεται
3669 597 3796 663 ὑμῖν

2269 694 2360 744 καὶ
2387 691 2484 761 τῆς
2515 691 2750 761 φυλακῆς
2777 692 2873 760 τῆς
2908 691 3054 762 παρὰ
3081 690 3172 743 τοῦ
3195 689 3322 741 Θεοῦ
3350 691 3543 757 τυχεῖν,
3578 686 3670 738 καὶ
3699 685 3797 752 τῆς

2270 782 2361 834 τοῦ
2402 781 2636 834 διαϐόλου
2679 781 2932 852 ρυσθῆναι
2977 780 3182 852 χειρός·
3218 773 3366 841 οὗτος
3409 777 3515 846 γὰρ
3540 777 3568 827 ὁ
3602 774 3798 844 κυρίως

2274 871 2602 944 ἁμαρτωλός.
2622 872 2676 924 Ὀ
2713 873 2805 940 μὲν
2831 868 2918 924 οὖν
2943 872 3139 941 τρόπος
3179 869 3276 938 τῆς
3309 868 3442 937 πρὸς
3482 866 3568 918 τὸν
3603 865 3797 932 Κύριον

2270 962 2482 1031 ἀγάπης
2505 961 2564 1014 τὸ
2598 964 2767 1030 μισεῖν
2803 962 3008 1032 πονηρά
3026 979 3038 991 ·
3071 959 3252 1030 μισθὸς
3276 958 3332 1011 δὲ
3362 957 3544 1008 τούτου
3570 955 3630 1006 τὸ
3659 955 3798 1023 ἔχειν

2270 1053 2426 1106 αὑτὸν
2448 1052 2685 1124 φυλακὴν
2714 1053 2810 1120 τῆς
2834 1053 2991 1121 ζωῆς,
3021 1052 3112 1104 καὶ
3141 1050 3366 1119 κρείττω
3395 1047 3500 1098 τῶν
3527 1048 3798 1098 ἐπανιστα-

2271 1145 2440 1214 μένων
2463 1144 2732 1214 δυσμενῶν
2760 1142 3013 1211 γίνεσθαι.
3039 1137 3185 1201 Εἶδες
3215 1138 3369 1209 ἡλίκα
3395 1138 3489 1206 τῆς
3520 1135 3652 1206 πρὸς
3670 1134 3800 1186 Θεὸν

2267 1235 2482 1307 ἀγάπης
2520 1234 2892 1304 ἀπολάϐομεν;
2935 1230 3190 1299 Γινόμεθα
3216 1231 3271 1283 δὲ
3302 1230 3434 1280 ὅσιοι
3466 1225 3798 1294 ἀνακείμενοι

2269 1325 2435 1396 αὐτῷ,
2470 1326 2559 1379 καὶ
2600 1325 2807 1394 φύλακα
2847 1323 2934 1376 τὸν
2975 1323 3101 1375 Θεὸν
3127 1320 3219 1373 τοῦ
3250 1319 3495 1390 μεγίστου
3532 1319 3799 1384 κτήματος

2269 1417 2367 1487 τῆς
2392 1417 2660 1488 ἡμετέρας
2684 1416 2858 1486 ψυχῆς
2889 1415 3078 1485 ἔχομεν
3097 1431 3109 1443 ·
3141 1413 3276 1466 ὥστε
3305 1412 3377 1482 μὴ
3406 1411 3506 1462 ὑπὸ
3527 1409 3624 1479 τὴν
3647 1409 3800 1477 χεῖρα

2271 1505 2363 1558 καὶ
2408 1506 2504 1575 τὴν
2553 1505 2790 1572 ἐξουσίαν
2837 1504 3082 1574 γενέσθαι
3136 1502 3227 1557 τοῦ
3273 1501 3493 1573 ἐχθροῦ·
3534 1500 3660 1562 Φῶς
3695 1498 3801 1566 γὰρ

2204 1606 2207 1607 ⁷
2270 1596 2534 1651 ἀνέτειλε
2577 1597 2656 1662 τῷ
2695 1598 2916 1663 δικαίῳ,
2947 1597 3041 1649 καὶ
3084 1594 3207 1659 τοῖς
3241 1593 3438 1648 εὺθέσι
3482 1586 3553 1658 τῇ
3593 1587 3803 1656 καρδίᾳ

636 1705 992 1774 εὐφροσύνη.
1037 1698 1436 1768 Εὐφράνθητε,
1483 1696 1714 1759 δίκαιοι,
1763 1693 1832 1746 ἐν
1867 1691 1945 1756 τῷ
1986 1690 2195 1756 Κιιρίῳ,
2225 1691 2316 1743 καί
2342 1691 2785 1762 ἐξομολογεῖσθε
2821 1691 2894 1759 τῇ
2924 1691 3125 1761 μνήμῃ
3165 1689 3273 1758 τῆς
3326 1688 3658 1757 ἁγιωσύνης
3702 1683 3804 1734 αὑ-

637 1813 740 1850 του
747 1835 758 1847 .
1176 1822 1178 1825 ·

936 1907 1252 1965 PSALMUS
1277 1903 1402 1958 lPSl
1431 1889 1631 1956 DAVID
1660 1897 1866 1954 XCVII.

706 2005 870 2059 Vens.
903 2004 953 2057 1.
1006 2002 1224 2056 Cantate
1269 1997 1492 2050 Domino
1517 1992 1775 2046 canticum
1807 2002 2015 2048 novum,
2049 1983 2172 2053 quia

637 2094 902 2148 mirabilia
926 2091 1066 2161 fecit.
1111 2089 1207 2143 Hic
1241 2089 1364 2142 item
1423 2083 1661 2153 psalmus
1689 2078 1862 2133 eidem
1893 2072 2172 2130 sententiae

638 2187 871 2241 insistit:
904 2198 1026 2237 nam
1056 2189 1342 2247 utrumque
1363 2173 1659 2228 Salvatoris
1676 2161 1959 2224 adventum
1985 2163 2173 2218 vatici-

639 2287 820 2341 natur,
855 2273 961 2330 sed
992 2271 1157 2325 multo
1187 2267 1355 2335 magis
1381 2264 1445 2317 de
1483 2261 1720 2316 secundo
1747 2255 2016 2312 edisserit.
2046 2252 2174 2306 Jure

639 2379 816 2422 autem
850 2363 1122 2418 canticum
1150 2371 1347 2411 novum
1380 2353 1488 2405 Deo
1518 2350 1711 2405 otTerre
1759 2347 2018 2416 praecipit,
2049 2342 2174 2413 quia

640 2457 991 2530 pristinarum
1034 2463 1211 2503 rerum
1245 2444 1594 2498 mutationem
1627 2438 1900 2509 przedicat,
1930 2449 2206 2505 prmum--

641 2529 846 2616 tiatque
875 2556 1072 2597 novum
1117 2538 1240 2590 vitae
1276 2535 1602 2588 institutum.
1652 2529 1861 2582 Etenim
1896 2541 1956 2580 ea
1999 2540 2117 2594 quae
2147 2538 2176 2576 a

539 2692 546 2699 .
646 2640 751 2693 Deo
787 2635 1165 2689 universorum
1195 2641 1290 2698 pro
1338 2626 1513 2679 salute
1553 2630 1742 2676 nostra
1783 2624 1995 2688 peracta
2027 2622 2175 2676 sunt,

642 2724 1075 2799 supernaturalia
1124 2734 1256 2775 sane
1309 2723 1436 2772 sunt
1483 2729 1547 2768 ac
1592 2709 1876 2791 stupenda.
1926 2705 2177 2760 Servatur

642 2822 837 2891 quippe
861 2825 1044 2871 noster
1083 2810 1283 2866 mundo
1307 2806 1616 2868 adveniens,
1649 2816 1714 2855 ac
1745 2787 1839 2854 Dei
1878 2796 2049 2868 gratia
2082 2809 2179 2864 pro

642 2890 889 2964 omnibus
917 2909 1139 2957 mortem
1186 2900 1499 2965 degustans,
1541 2900 1601 2946 ut
1645 2890 1854 2944 tolleret
1899 2891 2178 2955 peccatum

643 2997 849 3059 mundi,
882 3004 939 3049 ut
985 3008 1051 3047 ex
1088 2987 1437 3057 sequentibus
1483 2982 1765 3059 versiculis
1787 2975 2180 3032 demonstrabi-

646 3097 754 3150 tur,
786 3084 992 3153 magnis
1019 3087 1074 3133 et
1102 3077 1312 3131 arcanis
1346 3089 1443 3128 nos
1490 3054 1738 3142 dignatus
1778 3076 1860 3123 est
1890 3067 2177 3136 mysteriis.

2642 1892 2928 1945 ΨΑΑΜΟΣ
2966 1892 3051 1962 Ta
3088 1891 3281 1943 AAYIA
3323 1887 3425 1954 ιιζν.

2340 1984 2554 2052 ’ᾼσατε
2589 1981 2669 2048 τῷ
2707 1983 2897 2050 Κυρίῳ
2933 1976 3092 2051 ᾆσμα
3125 1980 3345 2043 καινὸν,
3381 1979 3467 2032 ὅτι
3503 1977 3809 2046 θαυμαστὰ

2269 2072 2531 2139 ἐποίησε.
2551 2074 2656 2126 Καὶ
2680 2066 2831 2136 οὗτος
2850 2076 2877 2125 6
2896 2073 3100 2144 ψαλμὺς
3122 2072 3215 2141 τὴν
3236 2071 3402 2141 αὐτὴν
3425 2070 3531 2140 ἔχει
3552 2070 3805 2122 διάνοιανο

2271 2161 2529 2233 ἑκατέραν
2552 2162 2657 2233 γὰρ
2689 2162 2780 2215 τοῦ
2812 2164 3052 2233 Σωτῆρος
3091 2162 3408 2230 ἐπιφάνειαν
3437 2159 3806 2229 προθεσπίζει,

2271 2254 2404 2307 ἀλλὰ
2429 2254 2496 2306 τὰ
2528 2254 2743 2306 πλείονα
2760 2256 2883 2324 περὶ
2901 2255 2995 2322 τῆς
3015 2253 3262 2323 δευτέρας
3288 2252 3548 2316 διέξεισιν.
3572 2250 3810 2310 Εἰκότως

2271 2345 2325 2398 δὲ
2353 2341 2499 2416 ᾆσμα
2522 2345 2699 2397 καινὸν
2720 2344 2923 2397 κελεύει
2950 2344 3322 2413 προσενεγκεῖν
3349 2341 3426 2410 τῷ
3447 2340 3560 2408 Θεῷ
3580 2355 3591 2366 ’
3624 2338 3809 2407 ἐπειδὴ

2272 2436 2376 2489 τῶν
2408 2435 2690 2514 προτέρων.
2714 2435 3042 2504 πραγμάτων
3075 2430 3324 2502 κηρύττει
3360 2427 3670 2499 μεταϐολὴν,
3718 2428 3812 2479 καὶ

2274 2525 2457 2597 καινὴν
2479 2525 2745 2578 πολιτείαν
2776 2522 3142 2594 προαγορεύει.
3159 2521 3437 2591 ’Υπερφυᾶ
3461 2519 3565 2587 γάρ
3594 2519 3685 2569 καὶ
3708 2533 3812 2568 πα-

2278 2616 2468 2687 ράδοξα
2499 2617 2565 2669 τὰ
2597 2617 2699 2670 ὑπὸ
2727 2615 2814 2668 τοῦ
2848 2614 2978 2668 Θεοῦ
3014 2612 3116 2665 τῶν
3150 2612 3283 2665 ὅλων
3308 2611 3566 2679 γενόμενα
3597 2609 3689 2660 ἐπὶ
3712 2626 3817 2659 aw-

2278 2710 2438 2779 τηρίᾳ
2459 2709 2715 2779 ἡμετέρᾳ.
2733 2710 2788 2760 Ὀ
2816 2707 2918 2778 γὰρ
2940 2706 3142 2777 Σωτὴρ,
3169 2706 3502 2774 ἐπιδημήσας
3527 2701 3604 2770 τῷ
3626 2701 3818 2769 κόσμῳ

2280 2799 2373 2851 καὶ
2400 2799 2574 2869 χάριτι
2595 2797 2725 2849 Θεοῦ
2747 2798 2884 2864 ὑπὲρ
2911 2797 3103 2857 παντὸς
3125 2795 3453 2864 γευσάμενος
3479 2792 3704 2862 θανάτου
3730 2791 3820 2841 ἐπὶ

2280 2885 2356 2956 τῷ
2387 2883 2514 2957 ᾇραι
2557 2886 2652 2956 τὴν
2690 2887 2953 2955 ἁμαρτίαν
2978 2885 3068 2937 τοῦ
3101 2886 3319 2953 κόσμου,
3355 2884 3428 2945 ὠς
3458 2883 3542 2934 διὰ
3562 2881 3668 2934 τῶν
3698 2883 3824 2931 ἐπο-

2287 2982 2457 3052 μένων
2485 2978 2844 3049 δηλωθήσεται
2876 2978 3087 3044 στίχων,
3113 2975 3217 3027 τῶν
3252 2975 3495 3043 μεγάλων
3527 2974 3619 3026 καὶ
3650 2975 3823 3041 ἀπορ-

2288 3071 2459 3139 ρήτων
2487 3069 2630 3139 ἡμᾶς
2664 3066 2958 3136 κατηξίωσε
3005 3063 3564 3134 μυστηρίων.Ἕσωσε·
3591 3062 3755 3124 αὐτῷ
3783 3062 3820 3125 ἡ

647 3178 878 3234 Salvavit
908 3173 1007 3227 sibi
1032 3170 1242 3223 dextera
1260 3167 1393 3234 ejus,
1422 3176 1470 3217 et
1496 3162 1763 3216 brachium
1791 3167 2026 3212 sanctum
2053 3156 2183 3223 ejus.

2284 3160 2454 3225 δεξιὰ
2491 3159 2694 3224 αὑτοῦ,
2724 3158 2818 3210 καὶ
2850 3160 2880 3210 ὁ
2909 3156 3172 3225 βραχίων
3194 3157 3224 3207 ὁ
3249 3152 3410 3222 ἅγιος
3437 3152 3637 3205 αὑτοῦ.
3661 3151 3825 3215 Δεξιὰ

648 3268 978 3323 Salvatorem
1016 3275 1135 3315 esse
1183 3257 1456 3312 dexteram
1500 3259 1554 3309 et
1600 3250 1878 3306 brachium
1917 3247 2029 3309 Dei,
2066 3247 2178 3314 jam

645 3363 893 3436 pluribus
918 3375 981 3414 ex
1015 3357 1245 3411 dexterae
1280 3363 1333 3407 et
1365 3349 1578 3406 brachii
1615 3343 2006 3417 significatione
2036 3356 2182 3394 com-

645 3431 1003 3510 monstratum
1053 3455 1158 3503 est.
1199 3446 1426 3499 Dextera
1473 3443 1654 3510 itaque
1697 3438 1788 3492 Dei
1836 3451 1950 3498 eos,
1988 3433 2078 3501 qui
2117 3431 2183 3484 ad

648 3545 1028 3602 beatitudinem
1061 3538 1226 3594 erecti
1257 3542 1402 3597 sunt,
1432 3533 1610 3588 salvos
1661 3529 1764 3598 ipsi
1791 3523 2038 3580 custodit.
2070 3520 2185 3575 Non

647 3641 787 3692 enim
818 3636 994 3690 omnis
1029 3631 1119 3702 qui
1154 3629 1336 3685 salvus
1369 3635 1469 3690 est,
1503 3623 1734 3676 Domino
1759 3619 1868 3674 Deo
1898 3622 2182 3678 servatur;

650 3731 740 3785 sed
773 3729 919 3785 solus
943 3734 998 3781 et
1025 3721 1200 3778 omnis
1227 3721 1316 3774 ille
1350 3718 1438 3786 qui
1470 3712 1765 3770 secundum
1793 3716 1994 3765 rectam
2019 3706 2186 3761 ratio~

650 3837 770 3875 nem
795 3836 823 3873 a
852 3817 1008 3874 malis
1039 3823 1092 3869 et
1114 3813 1315 3868 morbis
1345 3811 1628 3870 liberatur,
1657 3812 1710 3860 et
1740 3801 1980 3857 veritatis
2001 3796 2188 3868 cogni—

651 3917 850 3968 tionem
885 3925 1004 3964 cum
1034 3912 1230 3978 pietate
1253 3909 1533 3959 assecutus
1560 3908 1657 3954 est.
1682 3896 1815 3950 Nam
1838 3894 1930 3964 qui
1950 3909 2015 3948 ex
2044 3907 2190 3945 mor-

652 4006 735 4058 bis
763 4009 817 4056 et
841 3999 1156 4054 vulneribus
1190 4002 1456 4056 servatur,
1480 4006 1587 4045 non
1625 3989 1840 4060 penitus
1876 3985 1986 4038 Deo
2009 3984 2188 4037 salvus

651 4104 754 4158 est,
786 4095 1017 4147 maxime
1045 4103 1174 4144 vero
1217 4102 1338 4141 cum
1373 4087 1583 4156 ignorat
1613 4098 1672 4136 se
1710 4095 1740 4133 a
1767 4079 1875 4133 Deo
1905 4075 2191 4131 incolumi-

652 4197 759 4244 tate
793 4187 1066 4240 donatum.
1118 4180 1374 4233 Sanctum
1422 4187 1584 4244 porro
1628 4171 1720 4225 Dei
1758 4168 2038 4224 brachium
2087 4176 2188 4228 est,

654 4293 761 4332 non
807 4270 1219 4344 participatione
1268 4263 1606 4326 sanctitatis;
1648 4259 1737 4313 sed
1781 4258 1904 4326 quia
1958 4255 2192 4324 Spiritus

653 4343 824 4424 sancti
843 4365 1121 4422 brachium
1145 4369 1246 4417 est.
1265 4360 1330 4412 Et
1353 4356 1583 4410 fortasse
1598 4350 1818 4406 dextera
1835 4346 2073 4417 quidem,
2099 4343 2193 4396 Dei

652 4461 735 4512 vis
761 4454 1041 4527 operandi,
1065 4467 1184 4521 quae
1214 4464 1319 4504 non
1354 4447 1456 4500 alia
1485 4456 1643 4513 quam
1666 4439 1808 4493 Deus
1841 4434 2070 4491 Verbum
2089 4440 2190 4498 est,

2283 3253 2374 3304 ml.
2403 3251 2636 3321 βραχίων
2662 3249 2792 3302 Θεοῦ
2814 3249 2898 3301 διὰ
2922 3249 3172 3300 πλειόνων
3193 3236 3553 3300 ἀποδέδεικται
3582 3245 3610 3294 6
3634 3243 3830 3313 Σωτὴρ

2283 3340 2414 3397 εἶναι
2437 3343 2571 3395 κατὰ
2588 3342 2679 3395 τοῦ
2701 3345 2796 3412 τῆς
2828 3342 3001 3404 δεξιᾶς
3027 3341 3118 3391 καὶ
3143 3338 3230 3391 τοῦ
3254 3337 3526 3408 βραχίονος
3546 3334 3826 3404 κειμένου.

2285 3433 2450 3497 Σώξει
2486 3427 2575 3486 οὖν
2603 3431 2744 3500 αὐτῷ
2775 3430 2849 3500 τῷ
2881 3429 3051 3499 Θεῴἡ
3084 3426 3227 3492 δεξιὰ
3254 3425 3414 3480 αὑτοῦ
3456 3426 3579 3486 τοῦς
3608 3426 3689 3485 εἰς
3726 3440 3832 3493 μα-

2285 3525 2578 3595 καριότητα
2609 3523 2890 3591 ὴρμὲνους.
2924 3522 2996 3573 Οὐ
3030 3520 3137 3589 γὰρ
3167 3519 3271 3581 πᾶς
3301 3516 3596 3585 σωζόμενος
3637 3514 3832 3584 Κυρίῳ

2286 3613 2363 3682 τῷ
2405 3613 2520 3682 Θεῷ
2567 3611 2818 3675 adigatur
2852 3611 2981 3664 ἀλλὰ
3012 3612 3165 3678 μόνος
3198 3608 3290 3660 καὶ
3333 3607 3440 3668 πᾶς
3462 3607 3489 3658 ὁ
3517 3605 3700 3658 κακῶν
3736 3605 3834 3657 καὶ

2288 3702 2471 3756 παθῶν
2495 3702 2630 3755 κατὰ
2650 3702 2738 3754 τὸν
2770 3700 2923 3768 ὀρθὸν
2947 3701 3096 3766 λόγον
3120 3699 3599 3768 ἀπαλλαττόμενος,
3620 3697 3717 3749 καὶ
3733 3695 3834 3765 τὴν

2287 3794 2382 3864 τῆς
2405 3794 2652 3863 ἀληθείας
2679 3792 2870 3859 γνῶσιν
2895 3793 3004 3859 μετ’
3027 3790 3296 3852 εὐσεϐείας
3315 3789 3627 3859 ἀνειληφώς.
3643 3790 3705 3841 Ὁ
3725 3787 3836 3857 γὰρ

2253 3931 2258 3935 ,
2289 3889 2353 3940 ἐκ
2375 3886 2536 3939 νόσων
2564 3885 2654 3938 καὶ
2679 3884 2997 3954 τραυμάτων
3027 3881 3213 3943 σωθεὶς
3243 3882 3303 3932 οὐ
3336 3881 3546 3941 πάντως
3579 3879 3697 3947 Θεῷ
3724 3878 3833 3930 σώ-

2290 3979 2457 4042 ζεται,
2483 3976 2708 4047 μάλιστα
2729 3977 2816 4028 ὅτε
2845 3976 2941 4027 οὑκ
2970 3971 3326 4039 ἐπίσταται-ἐκ
3347 3971 3478 4025 Θεοῦ
3499 3970 3592 4040 τὴν
3621 3971 3835 4035 ὑγίειαν

2290 4070 2434 4141 αὐτῷ
2471 4069 2916 4137 δεδόσθαι.⁹¹Λγιος
2945 4069 3000 4121 δέ
3035 4071 3062 4122 6
3095 4065 3325 4140 βραχίων
3363 4064 3454 4118 τοῦ
3487 4063 3618 4116 Θεοῦ
3657 4064 3835 4123 ἐστιν,

2289 4164 2350 4216 οὐ
2402 4161 2537 4214 κατὰ
2580 4162 2802 4232 μετοχὴν
2852 4162 3128 4231 ἁγιότητος
3177 4157 3473 4229 τυγχάνων,
3522 4157 3633 4209 ἀλλ’
3679 4155 3836 4223 ἁγία-δ

2292 4253 2598 4323 Πνεύματος
2627 4252 2699 4304 ὢν
2735 4252 2986 4322 βραχίων,
3012 4251 3121 4305 Καὶ
3149 4251 3286 4320 τάχα
3313 4247 3457 4312 δεξιὰ
3489 4248 3585 4318 μὲν
3614 4249 3645 4316 ἡ
3686 4249 3840 4318 ἐνερ-

2292 4345 2487 4412 γητικὴ
2533 4343 2623 4395 τοῦ
2664 4343 2796 4396 Θεοῦ
2838 4344 3077 4414 δύναμις,
3107 4343 3204 4396 οὐκ
3226 4341 3356 4410 ἄλλη
3379 4342 3470 4394 τοῦ
3501 4339 3630 4393 Θεοῦ
3658 4340 3836 4407 Λόγου

2295 4436 2647 4505 τυγχάνουσα,
2671 4435 2928 4496 καλεῖται,
2949 4435 3034 4486 διὰ
3053 4434 3111 4486 τὸ
3130 4432 3336 4498 δεξιῶς,
3353 4433 3619 4485 τουτέστιν
3637 4431 3836 4498 άγίως,

654 4555 911 4611 vocatur;
962 4545 1089 4614 quia
1126 4541 1363 4600 dextere,
1407 4535 1459 4588 id
1504 4540 1604 4596 est,
1651 4536 1858 4590 sancte,
1903 4527 2183 4596 sapienter,

2296 4527 2488 4594 σοφῶς,
2518 4526 2832 4594 ἀμέμπτως,
2855 4522 3145 4585 ἐπαινετῶς
3172 4523 3344 4575 πάντα
3367 4526 3534 4575 ποιεῖν
3554 4540 3568 4553 ·
3599 4521 3839 4592 βραχίων

657 4636 949 4704 inculpate,
1004 4630 1346 4686 laudabiliter
1415 4623 1594 4679 omnia
1665 4619 1853 4684 cllicit;
1912 4615 2195 4672 brachium

658 4744 784 4783 vero
826 4728 896 4781 ob
935 4723 1303 4778 fortitudinem
1352 4734 1415 4772 ac
1464 4716 1632 4772 robur
1671 4709 2196 4783 praestantissimum.

731 4819 892 4874 Vsus.
914 4816 970 4880 2,
999 4817 1050 4870 5.
1090 4814 1287 4867 Notum
1317 4811 1437 4882 fecit
1469 4808 1718 4863 Dominus
1749 4804 1995 4859 Salutare
2023 4815 2195 4862 suum,

659 4915 713 4967 in
741 4917 1015 4978 conspectu
1060 4906 1286 4975 gentium
1323 4900 1563 4957 reuelauit
1585 4898 1851 4967 justitiam
1896 4910 2066 4948 suam.
2101 4890 2199 4944 Re-

660 5004 904 5059 cordatus
952 5007 1029 5054 est
1081 4993 1452 5052 misericordia:
1494 5005 1600 5044 suae
1636 4986 1834 5048 Iacob,
1882 4995 1930 5038 et
1969 4982 2199 5037 veritatis

663 5112 770 5150 sure
815 5093 993 5146 domui
1043 5076 1231 5147 Israel.
1277 5083 1527 5156 Viderunt
1575 5095 1749 5134 omnes
1796 5077 2000 5130 termini
2049 5083 2200 5127 terra:

665 5188 907 5242 Salutare
941 5183 1030 5236 Dei
1066 5179 1249 5235 nostri.
1283 5175 1421 5231 Olim
1473 5172 1776 5226 Abrahamo
1818 5168 2104 5238 pollicitus,
2147 5165 2202 5217 in

667 5279 868 5333 semine
897 5275 1066 5344 ipsius
1090 5267 1482 5327 benedicendas
1503 5279 1623 5319 esse
1644 5277 1829 5315 omnes
1852 5267 2058 5330 gentes,
2085 5273 2202 5311 ver-

666 5372 855 5424 borum
891 5367 1168 5419 veritatem
1198 5378 1290 5433 per
1321 5371 1499 5414 rerum
1545 5360 1792 5409 eventum
1819 5351 2156 5406 conﬁrmavit
2185 5367 2197 5402 :

666 5471 718 5515 et
751 5456 1195 5516 misericordiam,
1239 5467 1398 5522 quam
1432 5466 1491 5506 se
1521 5447 1885 5504 exhibiturum
1928 5461 2048 5501 esse
2079 5458 2201 5497 cum

667 5553 972 5623 iuramento
1003 5545 1266 5616 promisit,
1299 5544 1364 5597 ad
1390 5557 1503 5597 rem
1530 5539 1813 5596 deductam
1847 5553 1966 5592 esse
1989 5537 2206 5591 demon-

670 5643 879 5698 stravit.
916 5641 1034 5692 Haac
1068 5652 1227 5708 porro
1257 5636 1484 5688 multum
1515 5632 1690 5687 aﬂinia
1729 5628 1980 5683 videntur
2016 5625 2206 5681 vatici-

671 5735 776 5788 niis
800 5731 965 5793 Isaia,
993 5743 1086 5797 per
1113 5741 1273 5796 quem
1309 5723 1464 5778 Pater
1497 5722 1778 5792 Unigenito
1805 5735 1902 5773 suo
1926 5719 1998 5770 ait
2028 5736 2040 5769 :
2075 5715 2206 5768 Dedi

670 5835 719 5877 te
748 5825 799 5874 in
833 5829 1189 5874 testamentum
1232 5817 1450 5887 generis,
1482 5816 1533 5868 in
1576 5813 1733 5868 lucem
1756 5811 2008 5882 gentium,
2040 5818 2096 5861 ut
2132 5808 2204 5860 sis

2292 4619 2348 4673 δὲ
2377 4618 2464 4672 διὰ
2494 4617 2553 4670 τὸ
2584 4615 2796 4687 ἰσχυρὸν
2823 4616 2916 4667 καὶ
2947 4613 3275 4684 ὑπερϐάλλον
3300 4616 3364 4685 τῇ
3397 4614 3764 4683 κραταιότητι.

2374 4793 2688 4872 Ἐγνῴρισε
2709 4791 2918 4857 Κύριος
2943 4787 3009 4841 τὸ
3030 4785 3321 4856 Σωτήριον
3339 4787 3541 4852 αὐτοῦ,
3563 4786 3846 4839 ἐγω-τιον

2294 4885 2410 4940 τῶν
2448 4883 2635 4938 ἐθνῶν
2675 4879 3022 4950 ἀπεκάλυψε
3063 4878 3177 4946 τὴν
3201 4876 3588 4942 δικαιοσύνην
3626 4875 3842 4931 αὐτοῦ.

2309 4977 2599 5047 Ἐμνήσθη
2624 4973 2726 5027 τοῦ
2749 4972 2956 5038 ἐλέους
2995 4968 3178 5026 αὑτοῦ
3213 4968 3294 5032 τῷ
3333 4968 3550 5030 Ἰακὼϐ,
3583 4968 3680 5021 καὶ
3729 4967 3848 5035 τῆς

2292 5071 2574 5138 ἀληθείας
2594 5066 2775 5124 αὑτοῦ
2809 5064 2887 5131 τῷ
2909 5065 3049 5131 οικῳ
3078 5058 3339 5129 Ἰσραήλ.
3367 5059 3624 5114 Ειδοσαν
3643 5060 3848 5113 πάντα

2295 5165 2367 5216 τὰ
2402 5162 2621 5231 πέρατα
2659 5159 2768 5229 τῆς
2808 5155 2920 5227 τῆς
2950 5155 3016 5208 τὸ
3043 5150 3332 5219 Σωτήρων
3353 5151 3458 5205 τοῦ
3487 5147 3627 5205 Θεοῦ
3648 5147 3845 5219 ἡμῶν.

2300 5256 2470 5309 Πάλαι
2495 5255 2582 5308 τὸν
2599 5251 2839 5323 Ἀϐραὰμ
2859 5252 2915 5302 ἐν
2928 5247 3005 5318 τῷ
3024 5245 3288 5316 σπέρματι
3309 5243 3470 5297 αὐτοῦ
3494 5240 3852 5312 ἐνευλογηθῆ-

2299 5366 2382 5400 ναι
2412 5348 2478 5400 τὰ
2509 5346 2632 5417 ἔθνη
2665 5340 3133 5410 ἐπαγγειλάμενος,
3154 5335 3249 5409 τὴν
3276 5335 3382 5389 τῶν
3400 5335 3567 5404 λόγων
3587 5331 3849 5402 ἀλήθειαν

2299 5437 2383 5490 διὰ
2409 5437 2506 5507 τῆς
2525 5435 2628 5488 τῶν
2651 5430 2982 5505 πραγμάτων
3011 5427 3279 5490 ἐκϐάσεως
3307 5425 3635 5480 ἐπιστώσατο
3655 5442 3670 5455 ·
3704 5423 3796 5476 καὶ
3821 5420 3851 5470 δ

2301 5526 2534 5598 δι’ὄρκου
2555 5520 2908 5592 ἐπηγγείλατο
2926 5515 3174 5588 παρέξειν
3192 5516 3354 5579 ἔλεος,
3372 5514 3528 5568 τοῦτο
3549 5512 3748 5577 ἔδειξεν
3767 5513 3850 5570 εἰς

2304 5623 2456 5692 ἔργον
2483 5619 2663 5674 ἐκϐάν.
2693 5613 2902 5686 Κομιδῆ
2931 5611 2985 5664 δὲ
3014 5609 3183 5664 ταῦτα
3211 5610 3350 5664 ἔοικε
3376 5611 3490 5671 τοῖς
3516 5605 3735 5659 Ἡσαΐου
3763 5601 3853 5652 es-

2307 5691 2588 5782 σπὶσμασι,
2617 5709 2681 5760 δι’
2711 5701 2770 5759 οὗ
2815 5706 2844 5756 6
2887 5701 3068 5773 Πατὴρ
3097 5701 3197 5768 ἔφη
3240 5700 3372 5771 πρὸς
3410 5697 3500 5749 τὸν
3531 5691 3809 5760 Μονογενῆ
3838 5708 3849 5719 ·

2311 5780 2531 5858 "esum
2551 5817 2622 5856 σε
2646 5801 2730 5863 είς
2745 5792 3272 5870 διαθήκηντένοινς,
3289 5792 3376 5854 εὶς
3392 5785 3518 5856 φῶς
3530 5780 3857 5844 ἐθνῶν,τώ
