3976 6356
129 450 253 505 £333

1218 445 1713 506 COMMENTARIA
1747 446 1812 502 IN
1849 446 2179 504 PSALMOS.

3146 448 3282 502 1251

121 562 266 618 εἶναι
282 582 352 618 σε
366 568 450 633 εις
469 569 760 636 σωτηρίαν
778 569 886 636 ἕως
899 568 1156 639 ἐσχάτου
1171 568 1279 635 τῆς
1291 566 1420 636 γῆς.
1438 565 1649 636 Ἐπειδὴ

1751 565 1805 618 in
1834 565 2056 619 salutem
2101 580 2258 636 usque
2299 564 2366 617 ad
2405 563 2644 617 ultimum
2687 563 2915 618 terra".
2959 560 3093 628 Quia
3138 563 3280 616 enim

123 653 222 725 γὰρ
253 659 364 719 τοῖς
400 655 712 729 θαυμασίοις
741 652 1096 731 πατριάρχαις
1140 659 1234 711 καὶ
1264 656 1340 728 τῷ
1369 655 1526 708 Δαυῖδ
1553 656 1653 709 ὑπ-

121 745 302 815 έσχετο
326 747 473 814 ὁξτῶν
501 747 632 800 ὅλων
647 748 774 812 Θεὸς
795 749 859 802 ἐκ
877 749 969 802 τοῦ
992 749 1296 820 σπέρματος
1322 743 1496 798 αὐτῶν
1515 744 1653 798 κατὰ

125 836 296 907 σάρκα
323 838 411 889 τὸν
441 838 665 909 Χριστὸν
691 839 1025 911 ἀναστήσειν,
1058 841 1149 894 καὶ
1179 838 1444 910 σωτηρίαν
1471 837 1534 889 δι’
1556 837 1652 890 αὺ-

118 926 206 978 τοῦ
239 931 399 980 πᾶσιν
418 926 713 997 ἀνθρώποις
734 930 1002 1000 παρέξειν,
1023 928 1293 1001 διαθήκην
1307 926 1528 981 ἐκάλεσε
1555 925 1653 995 τὴν

119 1014 247 1084 πρὸς
278 1014 402 1076 τοὺς
433 1013 668 1085 πατέρας
693 1007 984 1088 γενομένην
1019 1017 1362 1085 ἐπαγγελίαν.
1406 1015 1564 1077 Γένος
1597 1013 1654 1065 δὲ

119 1104 277 1158 αὐτοῦ
326 1107 416 1158 τὸν
459 1107 670 1178 Ἰσραὴλ
719 1107 1009 1179 κέκληκενο
1056 1106 1238 1178 ἐπειδὴ
1288 1107 1354 1174 ἐξ.
1392 1106 1654 1160 Ἰουδαίων

119 1196 254 1250 κατὰ
288 1197 460 1268 σάρκα
488 1196 734 1268 Χριστός.
767 1198 979 1252 Δὲδωκά
1007 1216 1065 1252 σε
1091 1199 1266 1252 τοίνυν
1291 1200 1368 1267 είς
1399 1197 1653 1266 διαθήκην

119 1282 321 1350 γένους,
338 1283 774 1348 τουτέστιν,ὦστε
798 1286 1076 1358 πληρῶσαι
1099 1285 1195 1349 τὰς
1214 1286 1346 1356 πρὸς
1379 1284 1653 1346 Ἰουδαίους

117 1373 480 1442 γεγενημένας
514 1372 804 1443 συνθήκας’
837 1375 950 1428 ἀλλ’
979 1377 1056 1438 είς
1105 1375 1220 1443 φῶς
1265 1374 1362 1426 οὐκ
1407 1373 1484 1426 ἔτι
1514 1375 1654 1444 ’Ἰου-

121 1459 301 1525 δαίων,
333 1463 444 1515 ἀλλ’
477 1463 640 1516 ἐθνῶν
659 1479 672 1491 '
707 1457 860 1517 οὗτοι
883 1465 990 1535 γὰρ
1035 1463 1143 1538 διὰη
1169 1462 1267 1531 τῆς
1297 1463 1524 1524 πίστεως
1554 1461 1652 1530 τῆς

121 1553 386 1625 σωτηρίας
426 1554 738 1624 μετέλαχον·
773 1556 963 1607 ἐκεῖνοι
1001 1553 1056 1606 δέ
1099 1553 1188 1605 τὸν
1216 1551 1373 1621 ζόφον
1395 1551 1494 1621 τῆς
1522 1553 1649 1604 ἀπι-

121 1643 270 1704 στίας
321 1644 625 1714 ἠγάπησαν.
652 1645 817 1698 Τοῦτο
868 1645 958 1696 καὶ
1016 1642 1244 1696 ἐνταῦθα
1305 1641 1405 1711 ἔφη
1454 1641 1655 1694 Δαυΐδο-

125 1733 427 1803 Ἐμνήσθη
448 1736 551 1789 τοῦ
582 1736 787 1801 ἐλέους
812 1735 994 1788 αὐτοῦ
1019 1733 1096 1799 τῷ
1136 1733 1349 1798 Ἰακὼϐ,
1386 1735 1549 1804 ἤγουν
1573 1733 1647 1802 τῷ

1751 653 2081 710 admirandis
2109 655 2215 711 illis
2247 654 2566 725 patriarcbis
2602 660 2655 708 et
2695 638 3278 708 Davidiuniversorum

1750 741 1897 808 Deus.
1922 745 2260 815 promiserat,
2283 760 2340 800 se
2362 760 2426 801 ex
2451 745 2656 802 semine
2682 758 2866 800 eorum
2895 741 3168 799 Christum
3195 758 3282 798 se-

1689 827 1699 840 “
1751 834 1984 888 cundum
2012 849 2230 889 carnem
2259 836 2636 902 excitaturum,
2668 848 2732 889 ac
2759 848 2852 905 per
2879 833 3027 887 illum
3054 835 3278 889 salutem

1750 921 1998 976 omnibus
2030 921 2342 978 hominibus
2373 923 2626 978 daturum
2657 938 2809 989 esse;
2840 922 3144 992 hujusmodi
3166 924 3282 992 pol-

1750 1009 2096 1066 licitationem
2129 1012 2371 1081 patribus
2397 1013 2598 1077 datam,
2637 1019 3019 1068 testamentum
3045 1015 3275 1069 vocavit.

1751 1098 1922 1169 Ipsius
1950 1109 2126 1163 autem
2152 1116 2319 1170 genus
2347 1103 2596 1158 lsraelem
2617 1104 2860 1170 vocavit;
2889 1102 3012 1173 quia
3032 1099 3278 1171 Christus

1749 1191 2042 1246 secundum
2073 1179 2286 1248 carnem
2325 1198 2390 1249 e'x
2418 1192 2616 1249 Iudaeis
2653 1200 2755 1249 est.
2791 1192 2918 1248 Dedi
2949 1202 2998 1248 te
3028 1192 3189 1262 igitur
3224 1194 3280 1249 in

1748 1289 2127 1336 testamentum
2160 1284 2407 1353 generis;
2438 1283 2489 1338 id
2531 1291 2635 1348 est,
2671 1290 2728 1337 ut
2754 1293 2909 1354 pacta
2936 1299 3056 1338 cum
3081 1282 3281 1340 ludatis

1748 1370 1879 1422 inita
1912 1371 2267 1440 impleantur;
2299 1372 2390 1427 sed
2424 1372 2479 1427 in
2521 1374 2689 1428 lucem
2721 1372 2841 1426 dedi
2882 1379 2958 1438 te,
2991 1389 3097 1428 non
3141 1374 3280 1452 ultra

1745 1459 1964 1527 Iudaeis,
1997 1461 2089 1516 sed
2132 1464 2378 1532 gentibus
2399 1503 2414 1528 ,
2450 1479 2545 1532 per
2580 1463 2737 1519 (idem
2764 1463 2907 1535 enim
2941 1464 3022 1519 hae
3052 1466 3279 1519 salutem

1746 1556 1918 1602 nacta:
1946 1557 2103 1604 sunt:
2135 1550 2212 1604 illi
2236 1539 2365 1605 ivero
2399 1551 2728 1607 infidelitatis
2769 1554 3050 1622 caliginem
3073 1555 3278 1610 dilexe-

1745 1643 1890 1691 runt.
1924 1635 1979 1692 id
2011 1638 2084 1690 ait
2115 1640 2216 1692 hoc
2258 1640 2376 1694 loco
2412 1638 2576 1694 David
2610 1657 2624 1692 :
2663 1641 2976 1696 Rccordatus
3008 1654 3084 1697 est
3126 1646 3278 1698 mise-

1745 1728 1985 1782 ricordia:
2010 1745 2118 1783 sua:
2161 1727 2359 1795 Iacob,
2403 1732 2608 1787 scilicet
2635 1732 2839 1799 lsraeli,
2890 1735 2954 1788 id‘
2980 1745 3081 1799 est,
3124 1720 3278 1792 datas

125 1821 352 1894 Ἰσραὴλ,
405 1825 644 1878 τουτέστι
687 1823 783 1886 τὰς
831 1824 965 1894 πρὸς
1013 1823 1246 1887 ἐκείνους
1286 1806 1649 1893 γεγενημένας

1750 1817 1881 1886 ipsis
1913 1819 2299 1888 promissiones
2347 1822 2607 1893 implevit,
2646 1833 2699 1879 et
2747 1825 2814 1880 ad
2856 1840 2968 1879 rem
3014 1825 3274 1881 deduxit:

115 1913 436 1980 ἐπαγγελίας
471 1915 766 1986 ἐπλήρωσε,
801 1914 892 1966 καὶ
936 1916 1013 1976 εἰς
1040 1913 1194 1985 ἔργον
1221 1915 1390 1983 ήγαγε
1415 1930 1430 1945 ·
1451 1913 1540 1966 ,διὸ
1569 1913 1646 1966 ει-

1745 1923 1910 1978 quare
1945 1908 2179 1962 viderunt
2223 1927 2395 1966 omnes
2434 1915 2639 1967 termini
2697 1925 2847 1970 teme
2883 1915 3133 1970 Salutare
3187 1918 3279 1972 Dei

116 1998 303 2055 όοσαν
323 2003 514 2057 πάντα
530 2005 598 2058 τὰ
617 2003 835 2071 πέρατα
866 2003 971 2071 τῆς
993 2002 1101 2074 γῆς
1123 2004 1187 2057 τὸ
1215 2003 1511 2072 Σωτήρων
1543 2003 1646 2056 τοῦ

117 2092 259 2146 Θεοῦ
281 2093 462 2162 ἡμῶν.
479 2094 845 2165 Κηρυχθέντος
859 2094 966 2165 γὰρ
983 2093 1073 2146 τοῦ
1085 2093 1404 2162 Εὑαγγελίου
1422 2095 1477 2146 ἐν
1501 2094 1648 2165 πάσῃ

110 2185 169 2251 τῇ
196 2183 288 2235 ὑπ’
301 2183 523 2252 οὐρανὸν
545 2184 636 2237 καὶ
655 2185 711 2236 ἐν
730 2182 871 2253 πάσῃ
884 2186 946 2253 τῇ
962 2181 1244 2254 οἰκουμένῃ
1260 2171 1343 2246 εἰς
1360 2182 1647 2254 μαρτύριον

111 2276 241 2327 πᾶσι
274 2278 383 2338 τοῖς
415 2274 606 2340 ἔθνεσι,
640 2276 778 2330 κατὰ
802 2277 898 2348 τὴν
929 2276 1158 2347 Χριστοῦ
1189 2275 1550 2346 χρησμῳδίαν,
1571 2267 1646 2324 εἶ-

108 2365 190 2417 δον
219 2365 396 2420 πάντα
416 2365 482 2420 τὰ
504 2367 711 2438 πέρατα
741 2369 839 2438 τῆς
869 2370 968 2438 γῆς
999 2366 1248 2466 Χριστὸν,
1281 2365 1339 2419 τὸ
1379 2364 1663 2433 Σωτήριονι

111 2456 200 2508 τοῦ
231 2455 388 2510 Θεοῦ.

186 2566 543 2631 Ἀλαλάεατε
586 2566 664 2632 τῷ
711 2567 850 2632 Θεῷ,
881 2566 1046 2622 πᾶσα
1087 2567 1128 2634 ή
1179 2563 1276 2633 τῆ,
1305 2561 1508 2629 datare,
1549 2560 1648 2615 καὶ

106 2656 471 2724 ἀγαλλιᾶσθε
500 2657 593 2711 καί
624 2657 873 2724 ψάλατε.
900 2656 1134 2709 Ψάλατε
1156 2653 1236 2719 τῷ
1257 2655 1445 2722 Κυρίῳ
1467 2654 1535 2708 ὲν
1561 2672 1646 2707 κι-

107 2745 276 2812 θάρᾳ,
300 2745 369 2798 ἐν
393 2745 600 2815 κιθάρᾳ
642 2745 740 2799 καὶ
775 2745 941 2815 φωνῇ
960 2745 1219 2815 ψαλμοῦ,
1242 2745 1311 2798 ἐν
1329 2743 1648 2814 σάλπιγξιν

107 2835 363 2901 ἐλαταῖς,
396 2837 491 2890 καὶ
529 2836 695 2906 φωνῇ
729 2838 1058 2906 σάλπιγγος
1079 2837 1401 2904 κερατίνης.
1421 2836 1649 2890 Ἀλαλά-

106 2926 246 2989 ξατε
275 2925 526 2980 ἐνώπιον
558 2928 662 2981 τοῦ
686 2928 985 2994 ,βασιλέως
1006 2929 1242 2996 Κυρίου,
1271 2929 1362 2980 καὶ
1399 2927 1466 2980 τὰ
1494 2928 1642 2996 ἑξῆς.

104 3013 263 3066 Κατά
290 3014 384 3084 μὲν
415 3015 477 3068 τὸ
508 3016 683 3087 ῥητὸν,
711 3011 996 3086 συνάψατε,
1022 3017 1172 3085 φησὶ,
1201 3019 1309 3077 τοῖς
1341 3014 1524 3085 ὕμνοις
1557 3015 1646 3068 καὶ

103 3102 311 3172 ὄργανα
339 3103 586 3175 ψαλμικά
603 3121 617 3136 ο
647 3107 785 3159 κατὰ
812 3106 869 3159 δὲ
895 3105 1198 3174 ἀναγωγὴν,
1217 3104 1412 3172 κιθάρα
1442 3107 1474 3175 ἡ
1506 3121 1646 3175 πρα-

104 3194 300 3263 κτική·
347 3195 494 3265 φωνὴ
539 3195 597 3248 δὲ
624 3195 834 3265 ψαλμοῦ
881 3198 914 3264 η
965 3194 1181 3265 θεωρία.
1213 3191 1474 3256 Δοξάσατε
1537 3188 1639 3260 ιῦν,
1668 3219 1711 3276 C

103 3285 259 3352 φησι,
287 3283 376 3336 τδν
400 3284 599 3354 Κύριον
624 3284 712 3337 διὰ
739 3284 984 3356 πράξεως
1015 3286 1107 3338 καὶ
1130 3285 1374 3356 θεωρίας,
1401 3285 1644 3355 καὶπρὸς

99 3374 192 3427 τὸν
215 3375 428 3445 ψαλμὸν
454 3375 543 3430 τὸν
571 3377 665 3432 διὰ
692 3376 785 3430 τοῦ
821 3378 1048 3449 ὀργάνου
1075 3377 1458 3451 πληττόμενον,
1484 3378 1645 3447 ήγουν

99 3466 204 3528 τὰς
225 3465 314 3538 διὰ
343 3465 446 3520 τοῦ
467 3465 706 3536 σώματος
739 3467 1009 3536 ἐνεργείας
1034 3467 1131 3531 τὰς
1159 3467 1277 3519 κατ’
1304 3468 1523 3537 ἀρετὴν,
1555 3469 1645 3520 καὶ

101 3553 258 3624 φωνή
288 3571 370 3627 τις
387 3555 568 3623 -ᾁδὲτω
589 3557 623 3626 ἡ
646 3557 772 3625 περὶ
803 3556 906 3608 τῶν
933 3555 1214 3627 πρακτέων
1239 3554 1464 3625 θεωρία·
1496 3557 1647 3612 κιθά-

100 3659 205 3711 ραν
371 3645 466 3714 τὴν
491 3643 584 3696 τοῦ
611 3623 857 3714 σώματος
890 3623 1022 3714 πρός
1052 3645 1147 3716 τήν
1173 3623 1358 3715 ψυχὴν
1387 3648 1646 3717 ἁρμονίαν

98 3732 412 3798 λέγει.ζΚαὶ
441 3732 624 3786 τοῦτον
651 3733 706 3786 δὲ
737 3734 827 3789 τὸν
856 3735 1016 3806 νόμον
1046 3735 1192 3790 ἐστιν
1230 3737 1354 3801 ἰδεῖν
1366 3737 1644 3805 ’διηνεκῶς

97 3821 159 3872 ἐν
191 3821 316 3884 ταῖς
339 3821 644 3892 ἐκκλησίαις
669 3823 1032 3896 πληρούμενον
1051 3840 1063 3854 ⁸
1088 3827 1152 3896 τῇ
1173 3827 1281 3897 γὰρ
1307 3828 1642 3898 πνευματικῇ

99 3911 309 3984 κιθάρᾳ
335 3913 433 3984 τὴν
469 3913 612 3968 θείαν
641 3916 1044 3986 ἀνακρουόμεθα
1075 3918 1350 3988 μελῳδίαν.
1382 3919 1646 3988 Ποιοῦμεν

94 4001 156 4055 δὲ
191 4004 289 4056 καὶ
323 4006 480 4073 ἡμεῖς
509 4004 724 4073 λογικὰς
749 4007 972 4075 κιθάρας
1009 4008 1076 4060 τὰ
1115 4007 1352 4078 ἡμέτερα
1385 4009 1646 4078 πόματα,

95 4093 199 4146 καὶ
229 4093 488 4164 χρώμεθα
519 4096 634 4149 ἀντὶ
668 4098 761 4166 μὲν
801 4098 1000 4168 χορδῶν
1035 4099 1145 4159 τοῖς
1181 4098 1404 4164 ὀδοῦσιν,
1437 4101 1557 4152 ἀντὶ
1586 4102 1642 4154 δὲ

96 4182 309 4252 χαλκοῦ
343 4186 451 4248 τοῖς
469 4185 664 4254 χείλεσι
687 4203 701 4217 ο
735 4186 1006 4257 πλήκτρου
1031 4185 1085 4238 δὲ
1121 4187 1330 4250 παντὸς
1351 4189 1384 4257 ἡ
1429 4183 1642 4256 γλῶσσα

93 4273 360 4343 ὀξύτερον
407 4274 705 4344 κινουμένη,
755 4276 850 4346 τὴν
894 4277 1200 4346 ἐναρμόνιον
1249 4279 1495 4330 ἀποτελεῖ
1537 4280 1656 4332 τῶν.

91 4358 460 4430 κρουσμάτων
491 4364 629 4432 ήχήν
648 4381 661 4394 ·
683 4367 817 4416 κινεί
838 4364 893 4417 δὲ
922 4357 1278 4435 τὴνγλιῖηταν
1309 4369 1337 4418 ὁ
1366 4365 1506 4430 νοῦς,
1535 4363 1640 4420 οἷόν

86 4467 180 4513 τις
220 4450 621 4522 μουσικὸς·μετ’
650 4454 951 4525 ἐπιστήμης
989 4457 1299 4526 ποιούμενος
1325 4455 1420 4528 τὴν
1444 4457 1641 4527 ταύτης
1682 4454 1688 4459 ’

90 4540 424 4612 μετάϐασιν.
440 4539 582 4611 Αὕτη
613 4541 689 4612 τῷ
717 4542 896 4613 Θεῷή
921 4543 1114 4616 κιθάρα
1135 4548 1230 4617 τῆς
1257 4546 1458 4615 ἀψύχου
1475 4546 1637 4616 θυμη-

1741 4566 1882 4618 pers.
1910 4549 2078 4619 Cujus
2107 4549 2186 4624 rei
2226 4550 2379 4603 testis
2418 4550 2530 4618 ipse
2560 4557 2641 4603 est
2680 4564 2773 4617 per
2811 4550 3121 4616 prophetam
3155 4549 3267 4603 haec
3381 4592 3386 4622 ;

88 4631 355 4703 ρεστέρα.
383 4633 488 4689 Καὶ
518 4633 718 4702 μάρτυς
749 4635 905 4697 αὐτὸς
929 4635 1013 4689 διὰ
1045 4637 1135 4689 τοῦ
1164 4639 1435 4706 προφήτου
1469 4637 1634 4707 βοῶν·

97 4722 486 4786 Ἀπόστησον
507 4723 602 4790 ἀφ’
622 4724 787 4791 ἡμῶν
813 4722 960 4793 ἦχον
985 4726 1146 4793 ᾠδῶν
1166 4744 1299 4793 σου,
1320 4728 1415 4780 καί
1440 4729 1639 4796 φωνῆς

82 4811 373 4893 ὀργάνῳ
400 4826 514 4864 σου
544 4816 652 4865 οὐκ
679 4816 1018 4883 ἀκούσομαι.
1036 4819 1132 4870 Ἑν
1157 4817 1480 4886 σάλπιγξιν
1501 4821 1637 4872 ἐλα-

79 4901 249 4966 ταὶς,
267 4900 367 4954 καὶ
387 4898 550 4967 φωνῇ
565 4900 887 4971 σάλπιγγος
903 4907 1224 4974 κερατίνης.
1245 4907 1451 4960 Ἑλαταὶ
1467 4909 1645 4976 λέγον-

77 5003 182 5042 ται
218 4988 517 5056 σάλπιγγες
545 4990 592 5040 οἱ
619 4987 761 5056 λόγοι
792 4990 1242 5046 τῶν’ἀποστόλων
1271 4994 1361 5046 τοῦ
1391 4996 1637 5066 Σωτῆρος

80 5077 256 5147 ἡμῶν
276 5077 369 5130 διὰ
395 5078 455 5130 τὸ
471 5078 910 5148 βεϐασανισμένον
935 5082 1023 5134 καὶ
1044 5084 1426 5152 πεπυρωμένον
1439 5087 1533 5156 τῆς
1557 5088 1638 5141 πί-

82 5181 271 5227 στεως
308 5166 516 5219 αὐτῶν·
555 5169 828 5239 κεράτιναι
857 5169 912 5221 δὲ
942 5169 1036 5223 atat
1057 5171 1114 5223 τὸ
1148 5175 1456 5242 πρακτικόν.
1492 5177 1636 5229 Βοῶν

76 5255 200 5323 γὰρ
235 5254 294 5306 αἱ
330 5258 599 5326 κεράτιναι
633 5260 915 5328 σάλπιγγες
934 5277 948 5290 ·
969 5260 1090 5328 βοῦς
1107 5263 1163 5314 δὲ
1186 5265 1465 5334 ἐργατικὸν
1482 5267 1632 5331 ζῶον.

75 5346 202 5401 Καὶ
233 5347 492 5417 περὶτῶν
516 5353 816 5406 ἀποστόλων
847 5353 901 5404 δέ
930 5354 1131 5421 φησινψὸ
1152 5354 1357 5419 Παῦλος
1379 5375 1389 5386 ·
1408 5358 1504 5425 Μὴ
1523 5359 1638 5412 τῶν

73 5434 259 5499 βοιῖυν
271 5433 448 5503 μέλει
478 5439 556 5504 τῷ
581 5442 849 5513 Κυρίῳ;ἢ
876 5443 940 5495 δι’
957 5442 1099 5511 ἡμᾶς
1120 5445 1328 5508 πάντως
1355 5446 1636 5515 λέγειᾹνω-

72 5529 172 5582 ναὶ
200 5581 203 5583 ί
227 5528 522 5594 τοιγαροῦν
564 5530 676 5583 τῶν
725 5533 880 5603 ιερῶν
929 5532 1022 5585 τοῦ
1069 5532 1314 5603 Σωτῆρος
1336 5537 1637 5592 ἀποστόλων

71 5616 286 5673 ﬂata!
311 5613 452 5683 ὁμοῦ
482 5619 572 5670 καὶ
603 5621 872 5690 κεράτιναι
898 5621 1185 5688 σάλπιγγες
1212 5621 1517 5692 ἐτύγχανον.
1541 5626 1638 5678 Κι-

144 5766 203 5800 ’⁸
252 5765 368 5821 lea.
403 5778 564 5830 nix,
599 5769 649 5822 6.
721 5772 766 5808 ’δ
802 5771 964 5828 Amos
995 5788 1048 5836 ν,
1081 5773 1169 5827 23.
1243 5772 1289 5807 "
1326 5771 1344 5826 ι
1377 5774 1502 5831 Cur.
1539 5791 1626 5840 ιι,
1660 5759 1711 5830 9.

1744 2000 1927 2056 nostri.
1960 1999 2246 2070 Evangelio
2283 2005 2423 2057 enim
2467 2006 2522 2058 in
2568 2008 2714 2062 omni
2762 2015 2929 2075 terra,
2982 2011 3278 2066 secundum

1744 2087 1941 2145 Christi
1979 2089 2308 2153 vaticinium,
2334 2101 2388 2147 et
2411 2094 2465 2147 in
2498 2095 2749 2151 universo
2776 2106 3040 2154 terrarum
3066 2101 3194 2156 orbe
3223 2102 3280 2168 in

1743 2181 2108 2236 testimonium
2139 2185 2391 2240 omnibus
2418 2187 2664 2254 gentibus
2694 2190 3001 2258 praedicato,
3029 2193 3278 2250 viderunt

1743 2284 1931 2326 omnes
1968 2269 2102 2325 lines
2135 2278 2288 2326 terra:
2318 2271 2620 2340 Christum,
2649 2273 2894 2332 Salutare
2923 2275 3037 2331 Dei.

1814 2554 1977 2611 Vitas.
2011 2556 2118 2610 Mi.
2161 2553 2544 2620 Jubilate‘Deo,
2586 2559 2755 2610 omnis
2793 2565 2954 2622 terra,
2999 2567 3203 2614 cantate
3227 2569 3277 2614 et

1743 2647 2005 2701 exsultate
2035 2657 2083 2700 et
2108 2648 2338 2715 psallite.
2373 2645 2594 2700 Psallite
2625 2644 2846 2700 Domino
2889 2649 2945 2701 in
2969 2649 3192 2715 cithara,
3221 2653 3277 2705 in

1744 2738 1945 2791 cithara
1969 2747 2017 2792 et
2051 2753 2166 2791 voce
2212 2737 2431 2805 psalmi,
2473 2736 2529 2788 in
2562 2727 2695 2789 tubis
2734 2734 3040 2804 ductilibus,
3082 2749 3132 2793 et
3160 2756 3278 2795 voca

1746 2829 1879 2884 tuba:
1928 2846 2142 2884 corneae.
2177 2827 2409 2881 lubilate
2455 2829 2510 2880 in
2549 2838 2821 2882 consaeotu
2873 2830 3272 2900 reg'istDomini,

1742 2928 1793 2974 et
1808 2932 2019 2977 caetera.
2036 2921 2112 2975 Ad
2136 2921 2348 2975 verbum
2372 2917 2610 2987 quidem,
2637 2919 2866 2988 hymnis,
2883 2924 2979 2983 ait,
3006 2921 3277 2993 adjungito

1741 3020 1794 3066 et
1824 3012 2176 3066 instrumenta
2196 3012 2473 3080 psalmica.
2499 3010 2801 3066 Secundum
2821 3013 3164 3081 anagogicum
3182 3029 3276 3066 au-
3375 3083 3378 3086 ῃ

1741 3109 1848 3154 tem
1897 3100 2286 3169 interpretandi
2340 3104 2582 3166 modum,
2628 3101 2834 3156 cithara
2881 3109 2961 3156 est
3000 3103 3273 3171 practiea;

1743 3207 1841 3246 vox
1873 3205 2001 3245 vero
2029 3191 2243 3260 psalmi,
2263 3191 2493 3262 theoria.
2516 3191 2742 3248 Domino
2772 3194 2974 3271 itaque2
2997 3193 3091 3258 ait,
3123 3188 3282 3264 praxi'

1743 3289 1798 3337 et
1824 3282 2028 3336 theoria
2050 3282 2260 3336 laudem
2277 3283 2439 3338 dicite
2472 3291 2563 3354 :et
2578 3291 2770 3352 praeter
2792 3283 3054 3354 psalmum
3083 3286 3276 3341 instru-

1742 3381 1922 3429 mento
1954 3373 2241 3442 pulsatum,
2270 3375 2516 3430 videlicet
2543 3383 2733 3444 praeter
2761 3379 3005 3447 corporis
3023 3377 3279 3451 actiones

1741 3477 1865 3516 cum
1892 3463 2090 3518 virtute
2127 3463 2321 3528 editas,
2353 3480 2452 3518 vox
2504 3466 2630 3518 item
2671 3473 2848 3530 canat,
2904 3468 2954 3522 id
2986 3479 3088 3531 est,
3120 3484 3277 3538 agen-

1741 3552 1930 3606 darum
1959 3567 2140 3608 rerum
2169 3553 2375 3610 theoria
2406 3555 2538 3623 (siie
2563 3556 2876 3626 speculatio)
2906 3557 3133 3612 addatur
3155 3567 3169 3613 ':
3190 3559 3270 3613 ci-

1744 3642 1948 3697 tharam
1973 3643 2172 3713 quippe
2191 3654 2367 3709 vocat,
2395 3645 2636 3715 corporis
2666 3661 2787 3701 eum
2821 3648 2996 3701 anima
3045 3661 3273 3704 concen-

1742 3743 1874 3786 tum.
1910 3732 2059 3788 Hanc
2087 3749 2247 3802 porro
2272 3734 2440 3806 legem
2471 3737 2653 3792 videre
2677 3737 2836 3792 liceat
2867 3737 3082 3792 assidue
3109 3737 3162 3792 in
3189 3752 3272 3794 ec-

1740 3823 1923 3878 clesiis
1942 3824 2190 3892 impleri:
2222 3840 2342 3878 nam
2367 3827 2632 3895 spirituali
2660 3828 2865 3882 cithara
2887 3829 3127 3884 divinam.
3152 3830 3270 3899 pul-

1741 3927 1924 3969 samus
1952 3912 2273 3983 ,melodiam.
2324 3913 2434 3969 lino
2470 3916 2630 3970 etiam
2671 3931 2764 3969 ora
2808 3927 2993 3973 nostra
3039 3917 3290 3974 citharas.

1740 4002 2029 4060 rationales
2055 4002 2344 4068 eilicimus;
2382 4010 2452 4058 et
2480 4020 2578 4073 pro
2605 4006 2843 4069 chordis,
2871 4007 3118 4082 dentibus
3159 4008 3268 4061 uti-

1739 4111 1897 4163 mur;
1930 4109 2029 4164 pro
2049 4101 2181 4159 ’aare,
2214 4093 2372 4150 labiis
2399 4111 2411 4147 :
2454 4096 2646 4166 quovis
2678 4105 2853 4153 autem
2897 4098 3102 4167 pleetro
3129 4100 3269 4154 cele-

1738 4189 1855 4243 rius
1901 4188 2094 4258 agitata
2145 4187 2346 4256 lingua,
2394 4189 2715 4243 concinnum
2750 4189 2858 4244 edit
2908 4191 3279 4258 pulsationum-

1739 4292 1930 4330 sonum
1964 4295 1979 4330 :
2012 4290 2164 4330 mens
2197 4285 2372 4330 autem
2417 4277 2651 4347 linguam
2684 4287 2890 4340 'movet,
2924 4294 3021 4333 ceu
3067 4280 3290 4346 peritus;

1738 4367 1954 4438 quidam
2002 4368 2239 4422 musicus
2281 4369 2414 4423 scite
2459 4369 2576 4437 ejus
2623 4369 2973 4423 mutationem
3013 4367 3266 4423 ellieiens.

1739 4459 1863 4513 llaec
1890 4457 2096 4511 cithara
2130 4457 2239 4512 Deo
2282 4457 2484 4526 gratior
2509 4466 2611 4520 est,
2655 4472 2813 4526 quam
2860 4458 2946 4510 illa
2975 4459 3136 4511 animi
3172 4461 3266 4512 ex-

1739 4643 2007 4694 clamans:
2041 4640 2222 4692 Auerte
2249 4654 2280 4690 a
2313 4637 2457 4690 nobis
2486 4653 2667 4692 sonum
2691 4637 3010 4689 canticorum
3040 4646 3266 4698 tuorum,

1737 4739 1787 4782 at
1833 4745 2000 4783 vocem
2042 4729 2498 4791 instrumentorum
2521 4737 2723 4779 tuorum
2744 4743 2844 4778 non
2872 4725 3080 4779 audiam
3110 4725 3174 4778 ".
3203 4723 3267 4776 In

1739 4803 1870 4876 tubis
1909 4818 2219 4883 duetilibua,
2259 4828 2307 4872 et
2367 4834 2485 4872 voce
2531 4816 2664 4870 tubae
2711 4833 2930 4870 carnale.
2965 4814 3126 4884 Tuba:
3166 4815 3268 4868 du-

1739 4912 1892 4966 otiles
1941 4890 2196 4962 dicuntur
2233 4896 2508 4963 sermones
2555 4907 2918 4976 apostolorum
2968 4904 3266 4959 Servatoris

1744 4999 1935 5063 nostri,
1978 4999 2047 5053 ob
2094 4999 2372 5069 probatam
2419 5006 2471 5052 et
2522 4999 2642 5067 igne
2687 4998 3038 5052 examinatam
3080 5010 3265 5049 eorum

1743 5089 1927 5154 tidem;
1993 5105 2202 5144 corneae
2279 5104 2403 5143 vero
2479 5097 2697 5159 propter
2771 5088 3026 5141 actiones.
3099 5085 3281 5140 Boum-

1739 5180 1877 5232 enim
1943 5191 2068 5234 sunt
2125 5182 2264 5234 tuba:
2314 5195 2579 5234 corneae:
2637 5188 2718 5235 est
2771 5185 2946 5230 autem
2999 5176 3096 5230 bos
3145 5176 3265 5228 ani-

1739 5266 1846 5319 mal
1893 5265 2237 5321 laboriosum.
2292 5266 2366 5321 De
2419 5268 2674 5336 apostolis
2722 5278 2848 5320 vero
2899 5266 2974 5318 ait
3019 5264 3260 5317 Paulus:

1744 5353 1990 5422 Nunquid
2031 5358 2094 5409 de
2149 5355 2303 5409 bobus
2342 5356 2479 5410 cura
2524 5367 2598 5410 est
2671 5355 2878 5407 Domine
2904 5355 2994 5408 ".9
3034 5353 3113 5406 vel
3151 5368 3268 5419 pro‘

1741 5455 1857 5514 pter
1885 5462 1983 5502 nos
2024 5447 2242 5501 omnino
2275 5447 2375 5521 hoc
2397 5449 2546 5502 dicit.
2593 5446 2758 5501 Voces
2789 5448 3263 5516 itaque.sacrorum

1742 5535 2032 5592 Salvatoris
2070 5537 2430 5605 apostolorum
2452 5577 2467 5601 ,
2501 5538 2727 5592 ductiles
2771 5537 2928 5594 simul
2961 5542 3013 5590 et
3037 5545 3268 5601 cornea

1741 5627 1882 5683 tuba
1897 5636 2066 5683 erant.
2085 5628 2203 5683 Alio
2219 5637 2398 5684 autem
2422 5634 2601 5693 modo,
2622 5630 2876 5684 citharam
2903 5643 2971 5683 ne
2996 5622 3292 5682 cunctaris».
