3976 6356
661 515 792 571 ίεὸὗ

1386 513 1649 571 EUSEBII
1685 508 2154 569 CESABIENSIS
2191 508 2337 566 OPP.
2378 507 2555 566 PARS
2590 509 2675 565 Ill.
2713 541 2775 550 -—
2814 507 3213 566 EXEGETICA.

3689 507 3824 563 1236

654 635 837 690 dicere
855 633 1163 690 universum
1201 634 1403 691 Christi
1427 637 1704 706 populum,
1733 651 1799 690 ex
1822 633 2053 689 diversis
2083 633 2191 686 ani-

2298 630 2455 702 θάράν
2503 631 2560 685 δὲ
2607 631 2775 694 ἄλλως
2829 619 2909 701 μὴ’
2945 628 3278 696 ῦκνειλὲγειν
3309 626 3399 680 τὸν
3432 625 3706 697 σύμπαντα
3735 625 3825 678 τοῦ

654 724 877 788 inabus,
927 733 1179 794 tanquam
1230 740 1297 779 ex
1343 724 1590 794 pluribus
1620 725 1854 790 chordis,
1899 725 2192 778 concinna—

656 821 794 877 tum,
829 823 984 884 atque
1018 816 1233 870 unicam
1275 816 1573 876 orationem
1605 823 1660 872 et
1689 816 1985 887 gratiarum
2027 814 2196 870 actio-

657 919 779 958 nem
807 905 912 960 Deo
935 905 1266 962 oﬂerentem.

897 1014 1214 1069 PSALMUS
1269 1015 1396 1072 IPSI
1458 1017 1682 1072 DAVII).
1745 1017 1970 1072 XCVIII.

727 1101 984 1180 Vess._l.
1013 1106 1066 1156 2.
1095 1104 1350 1160 Dominus
1385 1109 1636 1178 regnavit.
1667 1108 1968 1162 irascantur
1995 1109 2194 1176 populi,

659 1193 746 1272 qui
767 1195 903 1245 sedet
944 1210 1097 1262 super
1126 1195 1407 1260 cherubim,
1439 1205 1706 1253 moveatur
1735 1206 1896 1257 terra.
1926 1195 2023 1250 ilic
2056 1198 2200 1268 psal-

660 1295 780 1334 mus
825 1281 969 1351 apud
1017 1281 1267 1340 Hebraeos
1306 1285 1462 1340 titulo
1491 1293 1639 1340 caret
1672 1305 1684 1340 :
1721 1293 1910 1356 estque
1954 1277 2095 1342 unus
2135 1303 2198 1340 ex

659 1372 727 1426 iis
747 1372 840 1441 qui
863 1371 1064 1426 Christi
1095 1389 1317 1445 regnum
1351 1375 1693 1431 annuntiant.
1717 1374 1850 1430 Cum
1869 1376 2012 1431 enim
2042 1392 2199 1431 nemo

659 1459 824 1517 irasci
872 1477 930 1516 se
960 1462 1102 1516 dicat
1131 1465 1274 1533 quod
1319 1463 1462 1520 Deus
1490 1465 1864 1520 universorum
1917 1467 1970 1521 in
2011 1481 2198 1522 omnes

658 1567 883 1622 regnum
916 1553 1187 1621 obtineat;
1221 1554 1288 1609 de
1311 1554 1513 1610 Christi
1539 1563 1718 1610 tamen
1764 1571 1930 1626 regno
1961 1557 2034 1609 ait
2062 1572 2197 1627 prae-

658 1657 787 1697 sens
836 1658 1012 1698 sermo
1070 1645 1298 1716 p0pulos
1337 1645 1519 1708 irasci,
1567 1645 1817 1701 videlicet
1871 1648 2096 1717 populos
2133 1663 2199 1704 ex

659 1732 1076 1788 circumcisione
1115 1743 1168 1788 et
1216 1750 1279 1790 ex
1325 1736 1596 1806 gentibus,
1630 1737 1724 1806 qui
1763 1737 1818 1791 in
1869 1737 2044 1807 ipsum
2091 1752 2198 1791 non

659 1822 908 1877 credunt.
948 1823 1079 1889 Quis
1115 1825 1184 1880 sit
1237 1833 1414 1879 autem
1462 1823 1742 1892 Dominus,
1793 1843 1914 1882 mox
1965 1828 2200 1882 declarat

659 1911 845 1968 dicens
884 1935 895 1969 :
955 1915 1057 1981 Qui
1103 1915 1239 1969 sedet
1271 1932 1423 1984 super
1469 1917 1750 1972 cherubim.
1803 1917 2006 1974 Mordet
2057 1921 2197 1973 enim

660 2002 925 2067 inﬁdeles,
970 2005 1207 2074 ipsisque
1264 2006 1409 2086 dolet
1462 2010 1699 2077 gentium
1749 2023 1846 2077 pro
1887 2009 2057 2062 salute
2089 2017 2199 2063 stu-

659 2094 850 2148 dium:
887 2095 1146 2164 siquidem
1190 2097 1527 2166 propheticas
1566 2098 1632 2153 de
1678 2114 1840 2170 regno
1883 2100 2000 2168 ejus
2043 2116 2201 2157 voces

660 2197 772 2236 non
813 2184 1206 2240 intellexerunt.
1247 2185 1520 2241 Moventur
1541 2197 1696 2244 terra.
1728 2187 2004 2243 Daemones
2037 2191 2198 2254 enim,

665 2275 754 2344 qui
787 2275 912 2328 olim
943 2275 1231 2345 plurimum
1261 2278 1538 2342 valebant,
1563 2277 1816 2333 infirmati
1850 2287 2003 2345 sunt;
2034 2278 2104 2331 ita
2144 2289 2202 2334 ut

678 2378 847 2418 )mnes
874 2378 1060 2418 eorum
1101 2365 1328 2421 virtutes
1364 2374 1645 2420 commotae
1690 2367 1817 2432 sint,
1847 2376 1900 2422 et
1933 2369 2202 2436 operatio-

683 2466 758 2504 ies
778 2450 1127 2505 cessaverint.
1151 2451 1407 2507 Homines
1429 2467 1638 2521 quoque
1657 2463 1852 2508 terram
1883 2455 2198 2520 incolentes,

667 2542 1060 2609 resipiscentes,
1081 2543 1288 2610 paterni
1315 2544 1516 2599 erroris
1541 2545 1828 2614 perniciem
1848 2556 2198 2614 agnoverunt,

660 2630 827 2685 Deum
860 2630 1090 2685 Verbum
1125 2633 1224 2688 sibi
1254 2632 1536 2688 Dominum
1567 2635 1910 2690 ascribentes.
1936 2635 2046 2689 Imo
2076 2653 2201 2692 vero

661 2721 826 2789 quiin
864 2737 984 2774 eum
1020 2724 1278 2777 increduli
1311 2723 1548 2792 fuerunt,
1582 2727 1921 2782 vehementer
1946 2729 2200 2783 commoti

661 2819 809 2875 sunt,
840 2812 890 2865 vi
915 2813 1172 2867 doctrinae
1210 2815 1326 2882 ejus
1350 2816 1598 2871 concussi
1644 2824 1802 2887 atque
1845 2822 2104 2887 percussi.
2133 2820 2202 2873 Il-

662 2908 756 2960 lud
789 2915 988 2988 autem,
1029 2911 1116 2978 qui
1146 2910 1305 2973 sedet,
1337 2911 1491 2979 quasi
1527 2911 1770 2967 homines
1800 2913 2074 2982 alloquens
2104 2914 2196 2967 ait.

662 2997 863 3052 Natura
894 2998 1091 3068 quippe
1123 2999 1438 3069 incorporea
1475 2999 1918 3070 incomprehensa
1953 3009 2006 3055 et
2032 3001 2199 3056 incir-

671 3092 989 3160 cumscripta
1017 3101 1118 3146 est.
1158 3091 1409 3144 Dominus
1441 3091 1494 3142 in
1526 3089 1651 3144 Sion
1687 3107 1924 3159 magnus,
1964 3101 2011 3146 et
2036 3091 2202 3146 excel-

680 3198 750 3234 :us
783 3197 935 3248 super
955 3198 1128 3234 omnes
1157 3181 1390 3248 populos.
1433 3179 1562 3233 Sion
1606 3179 1869 3249 signiﬁcat
1905 3184 2199 3249 speculam;

2296 721 2527 793 Χριστοῦ
2572 721 2696 774 λαὸν
2741 724 2805 775 ἐκ
2844 720 3108 792 διαφόρων
3153 717 3336 788 ψυχῶν
3376 718 3451 780 ὡς
3491 718 3551 769 ἐκ
3583 716 3826 769 πλειόνων

2296 812 2498 883 χορδῶν
2522 811 2882 882 ἡρμοσμένον,
2917 811 3044 882 μίαν
3086 827 3144 865 τε
3192 809 3354 882 εὐχὴν
3385 809 3476 863 καὶ
3501 808 3826 878 εὐχαριστίαν

2294 903 2371 974 τῷ
2395 901 2512 974 Θεῷ
2540 902 2949 972 ἀναπέμποντα.

2672 1011 2961 1064 ΨΔΔΜΟΣ
2990 1011 3075 1082 Τῼ
3093 1010 3306 1064 ΔΔΥΙΔ.
3336 1011 3459 1077 ’ἽΗἏ

2377 1105 2428 1156 '0
2471 1105 2680 1171 Κύριος
2719 1103 3113 1158 ἐϐασίλευσεν
3129 1140 3145 1164 ,
3191 1101 3628 1172 ὀρτιζὲσθωσαν
3667 1102 3793 1156 .laol
3809 1141 3825 1166 ,

2298 1197 2329 1246 ὀ
2345 1194 2666 1262 καθήμενος
2689 1195 2784 1246 ἐπὶ
2823 1193 3120 1263 χερουϐῖμ,
3137 1195 3482 1260 σαλευθήτω
3507 1196 3542 1262 ἡ
3563 1193 3654 1263 τῆ.
3689 1196 3827 1248 Ἀνε-

2299 1286 2565 1356 πίγραφος
2594 1285 2718 1355 παρ’
2765 1284 3031 1356 Ἑϐραίοις
3057 1287 3085 1337 6
3108 1284 3318 1354 ψαλμός
3339 1302 3353 1315 ·
3383 1280 3463 1348 εἷς
3485 1287 3542 1339 δὲ
3571 1287 3659 1339 καὶ
3682 1287 3829 1349 αὐτὸς

2296 1375 2544 1444 τυγχάνει
2563 1373 2670 1426 τῶν
2689 1371 3182 1444 εὐαγγελιζομένων
3207 1374 3305 1444 τὴν
3329 1374 3421 1427 τοῦ
3435 1375 3661 1446 Χριστοῦ
3686 1375 3831 1443 βασι-

2296 1466 2459 1519 λείαν.
2517 1467 2668 1518 Ἐπεὶ
2722 1467 2818 1536 μὲν
2876 1463 2981 1535 γὰρ
3008 1464 3084 1535 τῷ
3117 1464 3414 1534 βασιλεύειν
3453 1468 3696 1520 ἁπάντων
3731 1466 3832 1518 τῶν

2296 1558 2430 1612 ὅλων
2459 1558 2607 1622 Θεὸν,
2667 1557 2854 1612 οὐδένα
2906 1557 2970 1610 ἄν
2992 1574 3075 1620 τις
3128 1557 3436 1628 ὀργίζεσθαι
3481 1559 3630 1628 φαίη,
3673 1559 3758 1609 ἐπὶ
3784 1558 3834 1611 δὲ

2297 1652 2361 1719 τῇ
2388 1647 2483 1702 τοῦ
2516 1648 2745 1720 Χριστοῦ
2769 1648 3012 1718 βασιλείᾳ
3046 1649 3205 1717 φησὶν
3231 1650 3259 1701 6
3285 1648 3473 1718 παρὼν
3504 1649 3656 1716 λόγος
3693 1647 3833 1718 ὀργί-

2298 1737 2481 1802 ζεσθαι
2523 1738 2711 1801 λαούς·
2762 1740 2892 1808 φησὶ
2919 1739 2974 1791 δέ
3004 1739 3126 1800 τοὺς
3164 1739 3228 1790 ἐκ
3256 1739 3556 1809 περιτομῆς
3600 1739 3686 1790 καὶ
3716 1739 3835 1802 τοὺς

2297 1828 2355 1894 ἐξ
2407 1829 2572 1881 ἐθνῶν
2615 1829 2967 1892 ἀπιστοῦντας
3012 1828 3176 1900 αὐτῷ.
3206 1829 3301 1892 Τίς
3326 1827 3382 1880 δέ
3415 1830 3560 1881 ἐστιν
3586 1832 3614 1881 ό
3645 1830 3837 1899 Κύριος

2297 1921 2544 1988 διασαφεῖ
2570 1919 2742 1986 λέγων
2773 1915 2929 1988 ἐξῆς·
2971 1918 3025 1970 Ὀ
3077 1917 3407 1986 καθήμενος
3443 1918 3591 1984 ὑπὲρ
3644 1935 3836 1985 χερσυς

2300 2011 2414 2078 ὄίμ.
2467 2008 2658 2061 Δάκνει
2712 2007 2818 2078 γάρ
2847 2007 2972 2070 τοὺς
3008 2007 3266 2069 ἀπίστους
3287 2007 3380 2059 καὶ
3410 2007 3564 2058 λυπεῖ
3596 2009 3623 2058 6
3661 2008 3748 2058 ἐπὶ
3779 2009 3839 2076 τῇ

2301 2097 2538 2168 σωτηρία
2563 2096 2666 2150 τῶν
2691 2097 2868 2150 ἐθνῶν
2887 2094 3041 2166 ζῆλος
3063 2111 3079 2128 ο
3112 2096 3171 2147 οὖ
3201 2095 3306 2167 γὰρ
3340 2099 3571 2166 συνῆκαν
3596 2096 3689 2158 τὰς
3722 2097 3840 2165 περὶ

2299 2186 2394 2251 τῆς
2429 2184 2698 2252 βασιλείας
2724 2183 2885 2238 αὑτοῦ
2899 2183 3236 2254 προφητικάς
3263 2184 3443 2252 φωνάς
3463 2202 3474 2214 ·
3498 2184 3842 2248 Σαλειιιθήτω

2299 2281 2336 2345 ἠ
2363 2277 2457 2347 γῆ.
2494 2277 2560 2330 Οἵ
2587 2293 2645 2328 τε
2684 2277 2789 2346 γὰρ
2836 2275 2998 2329 πάλαι
3049 2273 3213 2326 πολλά
3276 2275 3556 2344 δυνάμενοι
3600 2274 3842 2343 δαίμονες

2299 2371 2676 2441 ἐξησθένησαν,
2713 2368 2786 2429 ὡς
2820 2368 2994 2429 πάσας
3038 2367 3212 2418 αὐτῶν
3247 2365 3344 2428 τὰς
3375 2365 3626 2435 δυνάμεις
3654 2365 3842 2416 σαλευ-

2299 2463 2475 2533 θῆναι,
2505 2462 2596 2514 καὶ
2641 2459 2937 2528 παυσθῆναι
2970 2457 3068 2519 τάς
3104 2456 3377 2526 ἐνεργείας
3401 2472 3414 2485 ·
3456 2456 3511 2508 οῖ
3534 2472 3591 2507 τε
3621 2456 3715 2525 τὴν
3744 2455 3844 2523 γῆν

2299 2553 2568 2615 οἰκοῦντες
2588 2541 2680 2605 ἀνθ
2690 2567 2876 2623 ρωποι,
2900 2547 3302 2618 μεταϐαλόντες,
3323 2547 3423 2615 τῆς
3444 2545 3692 2616 πατρῴας
3711 2545 3844 2598 πλά-

2299 2659 2394 2712 νης
2431 2641 2520 2693 τὸν
2559 2640 2772 2709 ὄλεθρον
2817 2637 3150 2705 ἐπέγνωσαν,
3191 2636 3280 2688 τὸν
3311 2635 3443 2687 Θεὸν
3471 2635 3638 2702 Λόγον
3670 2636 3846 2687 αὐτῶν

2299 2732 2498 2800 Κύριον
2560 2727 3118 2800 ἐπιγραψάμενοι..οὺ
3176 2723 3278 2795 μὴν
3329 2722 3463 2776 ἀλλὰ
3497 2723 3587 2776 καὶ
3629 2726 3674 2775 oi
3712 2725 3845 2776 ἀπι-

2301 2821 2542 2882 στοῦντες
2573 2817 2750 2886 αὐτῷ,
2803 2817 3046 2887 μεγάλως
3096 2815 3488 2886 ἐσαλεύθησαν,
3541 2815 3846 2883 κινούμενοι

2300 2913 2390 2965 καὶ
2421 2907 2907 2977 καταπληττόμενοι
2932 2907 3030 2975 τῆς
3071 2905 3410 2968 διδασκαλίας
3449 2903 3610 2958 αὐτοῦ
3639 2903 3736 2973 τὴν
3767 2902 3847 2955 δύ-

2299 3015 2477 3066 ναμιν.
2510 2997 2580 3048 Τὸ
2606 2996 2681 3060 δέ,
2704 2993 3048 3063 καθήμενος,
3075 2995 3148 3055 ὡς
3175 2992 3306 3064 πρὸς
3336 2992 3646 3061 ἀνθρώπους
3673 2991 3849 3043 διαλεο

2298 3090 2520 3159 γόμενος
2578 3088 2815 3158 εἴρηκεν.
2867 3087 2929 3138 Ἦ
2976 3086 3081 3156 γὰρ
3125 3085 3408 3154 ἀσώματος
3449 3082 3626 3159 φύσις.
3655 3084 3849 3152 ἀπερί-

2299 3181 2498 3250 ληπτος
2547 3180 2640 3232 καὶ
2693 3178 3081 3248 ἀπερίγραφός.
3125 3177 3332 3244 Κύριος
3369 3175 3435 3228 ἐν
3464 3173 3612 3227 Σιὼν
3634 3173 3848 3247 μέγας,

671 3274 743 3327 sic
781 3280 956 3326 autem
1007 3271 1273 3340 appellare
1309 3271 1492 3325 divina
1547 3271 1826 3341 Scriptura
1872 3275 2006 3330 solet
2042 3289 2199 3329 omne

2302 3271 2397 3323 καὶ
2426 3270 2664 3337 ὑψηλός
2695 3269 2863 3322 ἐστιν
2899 3267 2996 3320 ἐπὶ
3035 3266 3260 3331 πάντας
3286 3265 3426 3330 τοὺς
3467 3265 3669 3329 λαούς.
3706 3263 3850 3316 Σιὼν

665 3363 973 3432 religiosum
1008 3363 1332 3426 institutum,
1365 3369 1528 3432 atque
1565 3363 1666 3415 hoc
1701 3363 1857 3416 modo
1889 3364 2199 3418 indicantur

665 3455 702 3507 ii
735 3455 826 3523 qui
877 3454 1112 3508 coelestia
1145 3454 1511 3523 speculantur,
1542 3454 1717 3522 qualis
1766 3462 1879 3508 erat
1910 3455 2198 3524 Apostolus

663 3543 754 3611 qui
780 3542 894 3596 ait:
937 3540 1058 3594 Non
1104 3539 1486 3609 speculantibus
1529 3540 1676 3593 nobis
1728 3549 1952 3602 terrena,
1987 3542 2075 3595 sed
2100 3556 2198 3595 ote—

666 3630 816 3686 lestia
845 3631 909 3682 ⁹⁶.
940 3631 1091 3700 Apud
1127 3631 1243 3685 illos
1273 3631 1414 3684 enim
1443 3645 1669 3700 magnus
1694 3639 1776 3684 est
1806 3629 2083 3685 Dominus.

732 3891 894 3948 Vens.
949 3894 998 3947 5.
1036 3893 1389 3962 Conﬁteantur
1436 3896 1632 3948 nomini
1687 3903 1773 3948 tuo
1824 3911 2030 3963 magno,
2079 3913 2199 3965 quo-

661 3985 803 4038 niam
827 3983 1054 4036 terribile
1080 3995 1127 4037 et
1153 3995 1386 4038 sanctum
1409 3995 1503 4038 est.
1539 3984 1693 4040 Nunc
1718 3986 1931 4055 quidem
1956 3987 2198 4041 irascun-

661 4085 752 4131 tur
771 4066 952 4145 populi
978 4075 1235 4130 adversus
1265 4091 1486 4145 regnum
1527 4075 1820 4132 Salvatoris
1850 4078 2018 4132 nostri
2049 4097 2061 4131 :
2096 4078 2198 4132 erit

2299 3361 2649 3431 ἑρμηνεύεται
2680 3359 3112 3424 σκοπευτήριον
3131 3374 3143 3387 ·
3181 3357 3320 3409 οὕτω
3349 3356 3404 3408 δέ
3431 3354 3707 3425 ὀνομάζειν
3727 3354 3849 3417 ἔθος

2298 3450 2394 3521 τὴν
2427 3451 2570 3503 θείαν
2619 3451 2655 3502 Γ
2661 3452 2838 3520 ραφὴν
2873 3451 2977 3502 πᾶν
3007 3449 3066 3500 τὸ
3107 3447 3348 3510 θεοσεϐὲς
3395 3446 3709 3516 πολίτευμα,
3741 3446 3851 3498 τῶν

2297 3541 2365 3596 τὰ
2415 3541 2708 3611 ἐπουράνια
2759 3534 3096 3592 σκοπούντωῦ
3140 3530 3324 3590 τοῦτον
3367 3536 3704 3607 δηλουμένων
3759 3538 3852 3589 τὸν

2297 3631 2488 3703 τρόπον
2549 3633 2723 3693 ὁποῖος
2785 3627 2851 3701 ἦν
2881 3630 3052 3699 λέγων
3087 3631 3115 3682 6
3153 3628 3463 3691 Ἀπόστολος
3489 3647 3503 3659 “
3554 3630 3854 3681 Σκοπούν-

2298 3739 2413 3774 των
2442 3721 2684 3790 ἡμῶνοὺ
2703 3723 2773 3775 τὰ
2790 3723 3034 3791 ἐπίγεια,
3057 3719 3214 3775 ἀλλὰ
3231 3720 3302 3773 τὰ
3319 3719 3658 3788 ἐπουράνια.
3683 3717 3854 3789 [Ιαρά

2295 3810 2498 3873 τούτοις
2526 3807 2616 3873 οῦν
2647 3811 2815 3880 μέγας
2842 3813 2983 3864 ἐστὶν
3007 3813 3035 3881 ό
3061 3809 3278 3879 Κύριος.

2382 3898 3065 3969 Ἐξομολοτησάσθωσαν
3094 3897 3173 3962 τῷ
3207 3897 3447 3966 ὀνόματί
3486 3911 3598 3950 σου
3632 3893 3712 3960 τῷ
3747 3911 3855 3963 με-

2298 3990 2474 4060 γάλῳ,
2503 3991 2589 4044 ὅτι
2616 3992 2868 4060 φοϐερὸν
2903 3991 3000 4043 καὶ
3041 3989 3208 4058 ἅγιόν
3239 3989 3385 4041 ἐστι.
3431 3987 3542 4040 Νῦν
3570 3986 3665 4056 μὲν
3695 3986 3855 4055 ὀργί-

2299 4082 2474 4144 ζονται
2516 4081 2630 4135 λαοὶ
2674 4084 2766 4135 ἐπὶ
2798 4082 2889 4135 τοῦ
2922 4081 3166 4151 Σωτῆρος
3203 4078 3354 4150 ήμῶν
3393 4077 3659 4146 βασιλεία·
3691 4076 3854 4128 ἔσται

662 4180 824 4234 porro
853 4172 1059 4232 tempus
1089 4181 1196 4234 quo
1231 4167 1332 4233 ipsi
1360 4181 1570 4236 quoque
1605 4165 1806 4219 nomini
1853 4180 2045 4234 magno
2081 4166 2197 4234 ejus

661 4254 1078 4317 confitebuntur,
1101 4255 1304 4323 quando
1324 4259 1469 4308 omne
1491 4273 1618 4325 genu
1639 4256 1875 4324 ﬂectetur
1892 4256 2192 4322 cmlestium,
2219 4307 2222 4312 .

664 4357 816 4412 atque
839 4347 1186 4408 terrestrium,
1214 4356 1262 4398 et
1291 4347 1458 4399 omnis
1489 4346 1666 4415 lingua
1703 4347 2049 4415 conﬁtebitur,
2073 4348 2195 4416 quia

2298 4355 2659 4422 ἐπουρανίων
2682 4356 2776 4408 καὶ
2811 4354 3098 4423 ἐπιγείων,
3130 4352 3225 4406 καί
3251 4349 3414 4405 πᾶσα
3437 4348 3682 4418 γλῶσσα
3719 4348 3855 4410 ἑξο-

664 4436 916 4490 Dominus
963 4437 1117 4490 Iesus
1148 4439 1198 4489 in
1225 4438 1392 4506 gloria
1440 4435 1617 4489 Patris
1642 4438 1708 4489 θ’.
1738 4467 1808 4480 -—
1856 4436 2021 4493 Vens.
2045 4438 2097 4491 4.
2130 4437 2198 4490 Et

2298 4444 2704 4514 μολογήσεται,
2733 4444 2820 4498 ότι
2850 4446 3061 4510 Κύριος
3101 4441 3324 4509 Ἰησοῦς
3373 4435 3688 4503 εὶςδόξαν
3729 4437 3855 4486 Πα-

666 4529 828 4581 honor
854 4531 983 4597 regis
1024 4529 1278 4597 judicium
1319 4528 1511 4598 diligit.
1549 4527 1732 4583 Honor
1769 4537 1821 4582 et
1850 4529 2020 4582 virtus
2055 4530 2196 4598 regis

2298 4536 2448 4602 τρόςο
2486 4534 2594 4588 Καὶ
2635 4534 2767 4602 τιμὴ
2800 4532 3101 4598 βασιλέως
3142 4532 3341 4599 κρίσιν
3359 4527 3574 4597 ἀγαπᾷ.
3637 4525 3702 4576 Ἠ
3756 4523 3851 4576 τοῦ

665 4631 787 4667 cum
825 4616 1047 4683 judicio,
1093 4619 1212 4672 aliis
1259 4619 1474 4686 quidem
1534 4633 1728 4672 nomen
1776 4617 1892 4681 ejus
1942 4617 2193 4682 terribile,

2300 4625 2557 4694 βασιλέως
2587 4625 2718 4694 τιμή
2776 4640 2835 4675 τε
2879 4624 2971 4676 καὶ
2993 4622 3157 4692 ἀρετὴ
3198 4620 3415 4682 εἰκότως
3445 4617 3578 4686 μετά
3614 4615 3853 4684 κρίσεως

666 4704 786 4758 aliis
810 4721 934 4758 vero
963 4717 1204 4761 sanctum
1239 4709 1428 4762 merito
1450 4708 1626 4762 eﬂicit.
1654 4708 1711 4762 Si
1735 4711 1875 4763 enim
1910 4709 2000 4777 qui
2031 4709 2197 4776 legem

2298 4718 2407 4777 τοῖς
2432 4715 2528 4784 μὲν
2568 4713 2818 4782 ἐπίφοϐον
2845 4714 3071 4764 ποιεῖται
3096 4710 3157 4762 τὸ
3192 4709 3358 4778 ὄνομα
3397 4705 3577 4768 αὑτοῦ,
3630 4705 3744 4766 τοῖς
3794 4701 3850 4756 δὲ

665 4790 782 4857 ejus
834 4795 1320 4860 transgrediuntur.
1361 4811 1454 4863 per
1503 4797 1671 4863 ipsam
1719 4798 2198 4868 transgressionem

2300 4806 2469 4872 ἅγιον.
2521 4805 2581 4856 El
2617 4804 2724 4874 γὰρ
2772 4805 2820 4854 οἱ
2874 4799 3285 4870 παραϐαίνοντες
3321 4795 3479 4849 αὐτοῦ
3511 4794 3598 4847 τὸν
3657 4796 3845 4864 νόμον,

669 4880 813 4934 illum
843 4882 1164 4937 inhonorant
1189 4902 1202 4949 ;
1231 4886 1323 4952 qui
1354 4886 1587 4940 divinam
1619 4887 1786 4955 legem
1811 4897 2194 4958 exsequuntur,

2298 4895 2360 4947 δι’
2385 4895 2545 4947 αὐτοῦ
2563 4894 2656 4947 τοῦ
2685 4892 3031 4964 παραϐαίνειν
3057 4888 3402 4958 ἀτιμάζουσιν
3437 4887 3594 4940 αὐτόν
3612 4901 3625 4916 °
3659 4887 3710 4937 οί
3745 4904 3845 4939 κα-

670 4970 781 5023 vice
813 4987 987 5035 versa,
1028 4987 1122 5038 per
1168 4973 1286 5042 ejus
1339 4975 1740 5030 exsecutionem
1792 4993 1970 5046 regem
2023 4981 2197 5047 ipsum

2298 4986 2608 5055 τορθοῦντες
2658 4985 2746 5037 τὸν
2777 4985 2914 5037 θεῖον
2937 4982 3094 5052 νόμον
3144 4980 3211 5032 δι’
3259 4978 3422 5034 αὑτοῦ
3468 4977 3558 5031 τοῦ
3601 4979 3846 5044 ἐνεργεῖν

667 5061 754 5126 qui
809 5062 977 5132 legem
1024 5063 1170 5117 dedit
1218 5064 1419 5120 honore
1470 5067 1725 5126 alliciunt,
1771 5067 2030 5134 judicium
2083 5070 2199 5137 ejus

2305 5077 2440 5128 κατὰ
2471 5077 2663 5129 ταύτὸν
2689 5075 2882 5144 τιμῶσι
2920 5073 3009 5126 τὸν
3056 5069 3480 5141 νομοθετήσαντα
3505 5067 3660 5119 αὑτὸν
3687 5064 3844 5134 βασι-

667 5150 946 5218 diligentes
977 5173 989 5207 :
1021 5155 1249 5209 scientes
1284 5156 1489 5224 justum
1521 5173 1642 5213 esse
1667 5157 1925 5225 judicium
1956 5160 2093 5227 ejus.
2137 5175 2199 5216 ae

2305 5164 2419 5228 λέα,
2445 5164 2754 5232 ἀγαπῶντες
2781 5163 2875 5233 τὴν
2909 5163 3035 5233 παρ’
3059 5159 3219 5213 αὑτοῦ
3264 5159 3462 5228 κρίσιν,
3498 5155 3843 5222 ἐπιστάμενοι

667 5256 724 5294 se
743 5241 918 5294 divina
941 5247 1153 5312 praemia
1176 5255 1560 5301 consecuturos
1591 5265 1729 5310 esse,
1757 5251 1880 5319 quia
1905 5251 2197 5305 secundum

2302 5252 2501 5305 δίκαιον
2548 5256 2608 5307 τὸ
2665 5257 2835 5325 κρῖμα
2893 5250 3073 5312 αὑτοῦ,
3118 5249 3208 5302 καὶ
3250 5249 3331 5301 ὅτι
3371 5245 3638 5310 τεύξονται
3682 5244 3842 5297 θείων

667 5332 994 5387 voluntatem
1027 5336 1144 5404 ejus
1175 5337 1261 5406 pie
1290 5344 1343 5393 et
1369 5337 1513 5406 juste
1534 5347 1773 5407 egerunt.

2302 5341 2556 5410 ἀμοιϐῶν,
2593 5344 2730 5396 κατά
2782 5344 2836 5396 τὸ
2866 5342 3107 5414 βούλημα
3159 5336 3342 5403 αὑτοῦ,
3377 5333 3610 5397 εὐσεϐῶς
3642 5336 3738 5386 καὶ
3768 5336 3843 5388 δι-

2303 5430 2467 5492 καίως
2504 5429 2961 5500 πολιτευσάμενοι.

737 5509 897 5566 Vsus.
929 5513 979 5566 5.
1009 5512 1084 5565 Tu
1112 5519 1311 5580 parasti
1333 5519 1661 5576 directiones.
1685 5518 1941 5584 judicium
1970 5528 2021 5574 et
2039 5520 2199 5588 justi-

2369 5522 2450 5574 Σὺ
2486 5524 2811 5590 ἡτοίμασας
2864 5521 3204 5585 secuturae,
3235 5517 3436 5584 κρίσιν
3467 5517 3566 5568 καὶ
3621 5523 3839 5567 δικαιω-

673 5601 794 5652 tiam
836 5605 887 5654 in
916 5602 1078 5657 Jacob
1109 5614 1161 5656 tu
1191 5606 1374 5673 fecisti.
1425 5609 1670 5661 Ezaltate
1709 5609 1986 5662 Dominum
2038 5610 2199 5664 Deum

2302 5611 2496 5677 σύνην
2509 5613 2575 5664 ἐν
2602 5612 2796 5664 Ἰακώϐ
2808 5610 2888 5663 σὺ
2918 5608 3225 5674 ἐποίησας.
3242 5606 3484 5674 ’Υψοῦτε
3498 5607 3720 5673 Κύριον
3740 5605 3842 5656 τὸν

667 5688 921 5753 nostritni,
972 5703 1075 5748 etc.
1141 5696 1327 5761 Nemo,
1370 5697 1564 5768 inquit,
1594 5687 1865 5754 existimet»
1909 5700 1993 5753 hic
2041 5700 2199 5756 alium

2308 5698 2450 5752 Θεὸν
2495 5697 2679 5768 ήμῶν,
2740 5697 2834 5752 καὶ
2881 5691 3127 5759 τάἰξῆςδέ
3162 5695 3382 5766 Μηδεὶς,
3402 5694 3555 5765 φησι,
3573 5690 3846 5763 νομίζοιτο

2295 4173 2351 4226 δέ
2388 4191 2468 4236 τις
2511 4174 2695 4242 καιρὸς
2741 4175 2795 4226 ἐν
2831 4167 2990 4241 ᾧκαὶ
3047 4173 3197 4226 αὐτοὶ
3248 4169 3726 4238 ἐξομολογήσονται
3773 4166 3854 4234 τῷ

2298 4263 2514 4333 ὀνόματι
2539 4263 2703 4317 αὑτοῦ
2732 4263 2808 4334 τῷ
2862 4263 3098 4334 μεγάλῳ,
3129 4263 3256 4316 Ὅτε
3287 4259 3408 4314 πᾶν
3446 4261 3587 4328 γόνυ
3621 4256 3854 4324 κάμψει

770 5847 808 5879 θ’
854 5848 890 5900 ΙΙ
924 5846 1044 5902 Cor.
1080 5867 1160 5915 ιν,
1197 5851 1278 5906 i8.
1353 5853 1396 5884 "
1437 5851 1663 5912 Philipp.
1701 5868 1768 5914 ll.
1810 5855 1905 5912 10.
1946 5857 2027 5909 Il.
