3976 6356
127 508 248 564 1257

1140 542 1149 551 .
1215 496 1715 554 (ΖΟΜΜΕΝΤΔΗΙΑ
1750 498 1816 555 IN
1852 498 2184 555 PSALMOS.

3156 494 3297 553 1238

122 620 290 690 ἕτερον
326 612 458 671 εἶναι
483 616 573 670 τὸν
596 615 823 690 ἐνταῦθα
849 614 1286 685 δοξολογούμενον
1321 614 1523 687 Κύριον
1565 614 1659 669 τοῦ

1775 616 2036 672 lominum
2066 613 2237 685 gloria
2282 610 2566 675 celebrari,
2602 624 2761 680 quam
2808 609 2973 665 Deum
3002 607 3093 679 qui
3130 610 3298 678 legem

121 706 245 761 Θεοῦ
268 704 358 759 τοῦ
386 702 836 777 νομοθετήσαντος
859 706 915 757 ὲν
947 707 1008 774 τῇ
1040 706 1246 775 ἐρήμῳ.
1272 706 1343 758 Σὺ
1357 706 1484 775 γὰρ,
1508 706 1658 776 φησὶ,

123 793 304 865 Κύριε,
336 788 395 848 οὗ
420 794 517 865 τὴν
552 794 821 863 βασιλείαν
852 792 1193 861 Θεσπίζομεν,
1237 794 1397 856 αὐτὸς
1431 793 1505 845 ὢν
1534 810 1660 861 τυγ-

125 883 313 954 χάνεις,
341 885 369 936 ὁ
389 884 481 937 καὶ
506 884 582 954 τῷ
606 884 667 935 ὲκ
691 882 985 951 περιτομῆς
1008 881 1118 952 λαῷ
1134 882 1312 952 κρίσιν
1341 884 1434 935 καὶ
1462 882 1662 942 δικαιο-

126 973 279 1044 σύνην
298 972 680 1043 διαταξάμενος
712 972 850 1024 κατὰ
888 971 984 1042 τὴν
1017 972 1257 1024 δοθεῖσαν
1289 974 1469 1035 αὐτοῖς
1506 990 1656 1043 νομο-

124 1061 669 1136 θεσίαν,δικαιὼματα
700 1062 791 1117 καὶ
815 1061 1055 1133 κρίματα
1085 1061 1457 1136 περιέχουσαν.
1494 1062 1564 1114 Σὺ
1606 1061 1662 1114 δὲ

124 1134 276 1219 αὐτὸς
302 1155 395 1209 καὶ
426 1152 721 1224 εὑθύτητας
749 1152 1046 1223 ἡτοίμασας
1073 1134 1214 1206 κατὰ
1248 1152 1337 1205 τὸν
1362 1152 1460 1221 τῆς
1505 1152 1664 1205 ἀνται-

125 1246 379 1307 ποδόσεως
400 1241 587 1314 καιρδν
605 1242 1074 1314 ἀποδοθησομένας
1098 1244 1209 1306 τοῖς
1226 1232 1544 1311 φυλάττουσι
1569 1240 1663 1312 τὴν

127 1331 295 1406 κρίσιν
322 1331 414 1387 καὶ
438 1333 535 1403 τὴν
554 1330 912 1402 δικαιοσύνην.
940 1329 1200 1399 Μωυσῆς
1228 1329 1327 1383 καὶ
1365 1327 1576 1397 Ἀαρὼν
1598 1329 1667 1382 ἐν

126 1424 243 1490 τοῖς
270 1421 524 1491 ἱερεῦσιν
548 1421 751 1488 αὐτοῦ,
784 1422 891 1476 καὶ·
914 1410 1195 1490 Σαμουὴλ
1218 1422 1287 1474 ἐν
1316 1419 1439 1486 τοῖς
1469 1419 1667 1472 ἐπικα-

126 1508 426 1578 λουμένοις
455 1508 522 1561 τὸ
549 1502 734 1579 ὄνομα
752 1508 953 1563 αὑτοῦ.
983 1507 1409 1561 Ἐπεκαλοῦντο
1438 1508 1541 1559 τὸν
1555 1507 1669 1559 Κύ-

119 1617 264 1667 ριον,
313 1597 409 1652 καὶ
458 1598 638 1665 αὐτὸς
677 1598 1013 1670 εὶσήκουεν,
1058 1600 1126 1651 ὲν
1164 1600 1365 1671 στύλῳ
1412 1596 1669 1666 νεφέλης

126 1688 320 1742 ἐλάλει
360 1688 510 1757 πρὸς
543 1691 782 1757 αὐτούς.
848 1690 1226 1758 ’Βεούλασσον
1272 1689 1343 1742 τὰ
1381 1688 1671 1757 μαρτύρια

125 1779 321 1855 αὑτοῦ,
349 1780 447 1836 καί
472 1780 544 1834 τὰ
560 1782 975 1851 προστάγματα
1008 1779 1046 1833 d
1076 1780 1295 1834 ἔδωκεν
1320 1780 1539 1851 αὐτοῖς.
1574 1780 1667 1841 Τὸ,

124 1872 191 1923 El
208 1871 595 1926 ἐπιστεύσατε
608 1870 850 1939 Μωῡσῇ,
871 1872 1259 1924 ἐπιστεύσατε
1274 1870 1347 1925 ἂν
1357 1871 1485 1939 ἐμοί
1503 1887 1515 1900 ·
1541 1870 1671 1936 περὶ

126 1962 228 2031 γὰρ
254 1964 396 2033 ἐμοῦ
422 1965 648 2030 ἐκεῖνος
671 1964 912 2033 ἔγραψε,
932 1964 1030 2032 τῆς
1055 1959 1145 2016 οὖν
1166 1964 1332 2033 αὐτῆς
1352 1962 1530 2032 ἔχεται
1557 1962 1670 2015 δια-
1702 1954 1739 2006 Β

127 2052 266 2119 νοίας
319 2056 418 2109 καὶ
456 2057 523 2112 τὰ
574 2056 929 2126 προκείμενα.’
960 2053 1157 2107 Τοῦτον
1180 2054 1286 2124 γὰρ
1314 2054 1403 2105 τὸν
1445 2052 1665 2124 Κύριον,

128 2148 212 2199 καὶ
238 2148 334 2217 οὐχ
362 2153 566 2219 ἕτερον,
584 2134 745 2217 φησι,
774 2147 864 2198 τὸν
895 2148 950 2198 ὲν
980 2146 1057 2215 τῷ
1082 2146 1303 2215 παρόντι
1325 2143 1672 2215 Θεολογούμε-

125 2253 239 2299 νον,
274 2237 369 2289 καὶ
407 2237 646 2307 Μωῦσῆς
686 2236 778 2289 καὶ
813 2220 1016 2305 ’Ἀαρὼν
1054 2235 1145 2289 καί⁸
1178 2234 1457 2305 Σαμουὴλ,
1497 2235 1590 2287 καὶ
1624 2232 1674 2285 εί

124 2338 201 2386 τις
233 2323 431 2394 ἕτερος,
450 2323 555 2377 εἴτε
579 2325 889 2396 προφητῶν,
916 2326 1022 2378 εἴτε
1054 2324 1263 2394 ἱερέων,
1292 2324 1667 2379 ἐπεκαλοῦντο.

128 2414 230 2467 Καὶ
256 2409 407 2489 οὗτος
430 2410 496 2487 ἦν
526 2416 685 2478 αὐτὸς
712 2418 740 2468 ὁ
764 2416 857 2469 τοῦ
890 2415 1032 2469 Θεοῦ
1042 2417 1242 2488 ξΛόγσς,
1304 2417 1396 2469 καὶ
1442 2415 1535 2468 νῦν
1580 2414 1673 2467 ἐπὶ

126 2505 325 2570 πάντας
355 2507 478 2571 τοὺς
496 2506 656 2569 λαοὺς
683 2507 881 2577 ὑψηλὸς
913 2508 1189 2579 ὑπάρχων,
1226 2507 1319 2559 καὶ
1354 2504 1500 2578 παρὰ
1541 2506 1673 2557 πᾶσι

123 2596 229 2657 τοῖς
271 2592 447 2649 ἔθνεσι
488 2597 853 2667 δοξαζόμενος,
889 2601 935 2651 ὁ·
960 2598 1223 2651 κάκείνων
1265 2596 1557 2649 είσακούων
1581 2596 1675 2649 καὶ

100 2684 292 2739 ολαλῶν
320 2688 503 2750 αὐτοῖς
550 2690 606 2740 ὲν
648 2688 821 2757 στύλῳ
860 2687 1105 2757 νεφέλης.
1151 2686 1263 2738 Οὐκ
1293 2685 1463 2749 ἄλλως
1489 2686 1545 2739 δὲ
1574 2685 1675 2755 τῆς

122 2775 385 2847 τοσαύτης
416 2777 567 2843 ἀξίας
597 2776 781 2847 ἔτυχον
813 2780 859 2830 οἱ
892 2776 1245 2847 δηλωθέντες,
1266 2778 1311 2828 εί
1340 2775 1411 2847 μὴ
1438 2777 1517 2829 ὅτι
1544 2776 1677 2842 ees-

122 2867 307 2953 lar'rov
337 2866 406 2920 τὰ
429 2868 699 2939 μαρτύρια
744 2868 929 2933 αὑτοῦ,
969 2868 1063 2921 καὶ
1091 2868 1150 2921 τὸ
1194 2868 1513 2940 πρόσταγμα
1539 2868 1568 2921 ὃ
1594 2868 1679 2922 δέ·

121 2957 287 3025 δωκεν
327 2959 527 3022 αὐτοῖς.
567 2958 750 3023 Οὕτως
796 2956 887 3013 οὖν
930 2959 1023 3012 καὶ
1057 2961 1189 3030 ἡμῖν
1221 2959 1306 3027 διὰ
1343 2960 1438 3029 τῆς
1471 2957 1679 3027 Καινῆς

126 3045 397 3117 Διαθήκης
442 3048 469 3099 ὁ
513 3048 673 3111 αὐτὸς
734 3045 1127 3123 προστάγματα
1171 3046 1265 3099 καὶ
1310 3045 1543 3109 ἐντολὰς,
1584 3046 1680 3099 καὶ

129 3124 399 3211 μαρτύρια
430 3136 644 3202 ἔδωκεν,
697 3137 833 3211 ἅπερ
891 3136 1359 3211 είηφυλάττοιμεν,
1397 3135 1502 3187 τῶν
1551 3134 1679 3186 ῐσων

125 3226 215 3279 καὶ
239 3227 393 3280 αὐτοὶ
412 3226 942 3296 καταξιωθησόμεθα.
1066 3227 1072 3233 ”

1762 708 1910 763 dedit
1960 708 2017 760 in
2044 706 2275 761 deserto.
2317 702 2399 758 Tu
2427 703 2595 765 enim,
2631 701 2827 772 inquit,
2862 699 3106 763 Domine,
3145 699 3302 768 cujus

1763 813 1987 871 regnum
2031 784 2410 859 vaticinamur,
2438 795 2579 848 idem
2630 793 2743 863 ipse
2774 806 2834 847 es
2871 791 2961 861 qui
3008 791 3207 861 populo
3238 805 3299 844 es

1761 885 2171 946 circumcisione
2202 882 2465 953 judicium
2494 890 2555 939 et
2567 881 2833 951 justitiam
2866 879 3183 950 praecepisti,
3214 894 3303 934 se-

1760 978 1994 1031 cundum
2019 982 2275 1031 statutam
2312 973 2445 1043 ipsis
2476 973 2672 1043 legem,
2699 970 3110 1041 justiﬁcationes
3138 977 3192 1024 et
3213 969 3306 1037 ju-

1760 1069 1899 1124 dicia
1938 1068 2400 1136 complectentem.
2433 1060 2513 1117 Tu
2550 1070 2729 1117 autem
2770 1062 2884 1132 ipse
2925 1060 3124 1130 parasti
3165 1059 3308 1115 dire—
3340 1076 3343 1079 '

1762 1145 2390 1221 ctiones,'retributionis
2413 1160 2656 1222 tempore
2681 1152 2747 1207 iis
2772 1150 3067 1205 reddendas
3090 1150 3179 1219 qui
3216 1148 3307 1217 ju-

1762 1250 1961 1303 dicium
2013 1255 2067 1303 et
2117 1247 2384 1317 justitiam
2440 1242 2814 1299 custodierint.
2871 1270 2940 1281 —-
2973 1238 3218 1301 Vsss.6,
3252 1239 3303 1291 7.

1765 1339 1970 1409 Moyses
1995 1348 2045 1391 et
2068 1337 2246 1391 Aaron
2276 1336 2329 1389 in
2360 1332 2715 1393 sacerdotibus
2752 1330 2886 1401 ejus,
2909 1341 2958 1384 et
2981 1328 3194 1385 Samuel
3223 1330 3307 1381 in-

1766 1441 1841 1485 ter
1868 1447 1953 1484 eos
1978 1433 2065 1500 qui
2084 1429 2324 1488 invocant
2366 1442 2550 1484 nomen
2580 1412 2710 1493 ejus.
2760 1421 3080 1477 Invocabant
3130 1418 3309 1473 Domi-

1765 1538 1912 1585 num,
1944 1532 1992 1573 et
2022 1520 2129 1587 ipse
2158 1515 2474 1589 exaudiebat
2491 1532 2601 1580 eos,
2630 1515 2684 1568 in
2707 1514 2946 1574 columna
2966 1510 3118 1566 nabis
3144 1510 3312 1579 loque-

1767 1610 1923 1663 batur
1969 1608 2037 1662 ad
2070 1624 2176 1671 eos,
2203 1605 2561 1660 custodiebant
2612 1605 2904 1661 testimonia
2945 1598 3077 1675 ejus,
3102 1610 3149 1655 et
3174 1616 3309 1673 pra:-

1767 1710 1913 1777 eepta
2122 1697 2263 1750 dedit
2302 1697 2431 1751 illis.
2486 1694 2641 1759 Illud,
2678 1696 2737 1750 Si
2795 1690 3310 1777 crederetisHtoysi,

1768 1793 2041 1849 crederetis
2084 1792 2260 1861 utique
2306 1790 2454 1855 mihi,
2486 1790 2549 1845 de
2580 1805 2658 1845 me
2693 1788 2847 1857 enim
2892 1786 2981 1839 ille
3009 1776 3217 1852 scripsit
3239 1783 3309 1846 ",

1772 1884 2011 1954 ejusdem
2043 1883 2321 1939 sententiae
2358 1894 2441 1938 est
2487 1890 2647 1951 atque
2688 1880 2776 1933 illa
2804 1893 2923 1948 quae
2961 1876 3070 1946 jam
3119 1881 3313 1928 tracta-

1772 1992 1913 2031 mus.
1944 1974 2078 2028 Nam
2108 1973 2585 2042 eumdem,inquit,
2607 1978 2660 2026 et
2684 1985 2791 2025 non
2814 1970 2977 2023 alium
3007 1965 3311 2023 Dominum.

1771 2066 1861 2136 qui
1887 2066 1999 2135 jam
2022 2063 2164 2120 Deus
2187 2064 2527 2135 praedicatur,
2548 2062 2779 2132 Moyses,
2799 2060 2978 2113 Aaron
2996 2065 3050 2113 et
3080 2054 3313 2116 Samuel,

1771 2171 1834 2209 ac
1855 2156 1901 2209 si
1918 2156 2039 2224 quis
2060 2154 2220 2219 alius,
2243 2154 2356 2208 sive
2377 2139 2779 2222 prophetarum,
2810 2149 2923 2203 sive
2951 2146 3315 2207 sacerdotum,

1770 2246 2113 2301 invocabant.
2146 2242 2216 2298 Et
2258 2244 2346 2297 hic
2402 2250 2519 2297 erat
2558 2240 2736 2310 ipsum
2787 2237 2883 2294 Dei
2917 2236 3174 2301 Verbum,
3207 2234 3318 2304 jam

1772 2343 1911 2404 apud
1957 2347 2145 2388 omnes
2174 2332 2401 2402 populos
2444 2328 2716 2384 excelsum
2758 2333 2812 2382 et
2847 2324 2986 2397 apud
3037 2324 3319 2377 universas

1772 2431 1959 2494 gentes
1989 2423 2159 2492 gloria
2181 2421 2450 2482 allectum,
2483 2416 2625 2488 quod
2663 2417 2785 2471 illos
2824 2416 2950 2471 olim
2979 2412 3317 2476 exaudiebat,

1774 2524 1827 2569 et
1850 2514 1906 2567 in
1931 2515 2187 2567 columna
2213 2511 2373 2566 nubis
2406 2510 2726 2579 loquebatur
2761 2507 2826 2561 ad
2854 2521 2968 2562 eos.
3002 2504 3181 2574 Neque
3214 2503 3319 2556 alio

1775 2604 1947 2674 modo,
1966 2602 2249 2659 memorati
2282 2603 2389 2657 viri
2410 2608 2612 2654 tantam
2648 2598 2959 2668 dignitatem
2998 2594 3142 2650 nacti
3166 2600 3314 2657 sunt,

1777 2678 1879 2752 nisi
1909 2696 2035 2766 quia
2068 2693 2377 2749 testimonia
2406 2691 2523 2761 ejus
2553 2697 2605 2745 et
2628 2696 2975 2758 przeceptum,
3010 2686 3153 2756 quod
3173 2684 3313 2741 dedit

1776 2790 1906 2851 illis,
1963 2785 2357 2842 custodiebant.
2423 2781 2514 2835 Sic
2574 2781 2757 2850 itaque
2810 2778 2899 2833 ille
2950 2791 3047 2846 per
3108 2774 3317 2830 Novum

1778 2880 2181 2935 Testamentum
2210 2881 2477 2952 praecepta
2513 2855 2856 2928 et'mandata
2889 2878 3050 2939 atque
3078 2867 3321 2923 testimo-

1777 2972 1866 3025 nia
1896 2971 2062 3045 nobis
2085 2968 2251 3035 dedit,
2281 2982 2400 3037 qua:
2433 2965 2479 3021 si
2522 2963 2913 3025 custodiamus}
2941 2960 3089 3033 paria
3122 2964 3178 3015 et
3214 2957 3319 3035 ipsi

1778 3057 2157 3115 obtineltimus.

187 3316 363 3382 Κύριε
388 3314 527 3380 Θεὸς
558 3290 739 3385 ἡμῶνί,
765 3290 846 3369 σὺ
889 3316 1181 3382 ἐπήκουες
1211 3316 1425 3380 αὐτῶν,
1450 3314 1529 3369 σὺ
1565 3317 1676 3377 εὐτ-

1850 3298 2013 3354 Vsas.
2044 3300 2095 3353 8.
2127 3299 2347 3353 Domine
2374 3298 2513 3352 Deus
2548 3304 2833 3385 nasterhtu
2870 3290 3184 3346 audiebas
3208 3303 3319 3353 eos,

123 3404 303 3469 λατος
342 3404 541 3472 ὲτίγου
568 3403 787 3470 αὐτοῖς,
819 3406 913 3459 καὶ
951 3405 1201 3459 ἐκδικῶν
1225 3406 1322 3459 ἐπὶ
1378 3404 1573 3459 πάντα
1611 3405 1681 3458 τὰ

126 3491 553 3560 ἐπιτηδεύματα
580 3492 790 3547 αὐτῶν.
816 3496 909 3559 Σὺ,
935 3492 1168 3565 imoimo
1200 3491 1461 3564 ἡμέτερος
1486 3494 1684 3565 Κύριος

128 3581 217 3633 καὶ
244 3558 411 3647 Θεὸς,
432 3586 460 3636 ὁ
484 3582 589 3636 τῶν
620 3583 787 3637 ἐθνῶν
818 3558 1088 3653 βασιλεὺς,
1118 3586 1147 3637 ὁ
1169 3558 1257 3652 tuo"
1295 3558 1449 3654 ήμιῖιν
1478 3558 1680 3654 κηρυτ-

126 3672 365 3742 τόμενος,
421 3675 574 3736 αὐτδς
614 3671 754 3743 ἦσθα
803 3676 831 3725 ὁ
881 3675 973 3725 καὶ
1012 3672 1120 3725 τῶν
1159 3675 1299 3744 ἀμφὶ
1331 3673 1555 3726 Μωῦσέα
1590 3675 1683 3727 καὶ⁸

136 3760 348 3830 ’Δαρὼν
376 3762 661 3815 ὑπακούων
693 3803 707 3826 ,
737 3752 830 3816 καὶ
855 3764 953 3834 τῆς
976 3762 1240 3834 τοσαύτης
1264 3763 1489 3827 ἐκείνοις
1521 3781 1683 3834 μετα-

123 3851 298 3914 διδοὺς
350 3851 677 3923 παρρησίας,
721 3854 1056 3928 ·ἱλεουμένοις
1099 3871 1157 3907 σε
1190 3853 1328 3924 ὑπὲρ
1356 3853 1448 3906 τοῦ
1480 3848 1682 3928 παρορ-

124 3940 368 4009 γίζοντος
398 3942 546 4007 λαοῦ,
582 3945 673 3996 καὶ
714 3926 908 4015 πολλῆς
951 3926 1145 4009 αὖτοὺς
1174 3944 1338 4009 ἀξιῶν
1378 3926 1679 4015 εὐμενείας.

122 4032 185 4086 El
210 4034 333 4103 γὰρ
348 4034 439 4087 καί
462 4052 600 4087 τισιν
646 4036 945 4100 ἀσθενείαις
978 4037 1327 4108 περιέπιπτον
1358 4036 1434 4099 ὡς
1476 4036 1683 4108 ἂνθρω⁹

126 4137 239 4199 ποι,
288 4122 365 4184 ὡς
409 4125 642 4194 Μωῦσῆς
692 4126 783 4177 ὲπὶ
828 4128 892 4195 τῇ
928 4108 1151 4195 ἀπιστίᾳ
1197 4124 1292 4177 τοῦ
1331 4122 1548 4190 ὕδατος,
1590 4125 1682 4178 καὶ

136 4210 348 4281 Ἀαρὼν
364 4214 455 4264 ἐπὶ
472 4216 535 4281 τῇ
562 4213 897 4284 μοσχοποιίᾳ,
927 4215 1013 4277 σὺ,
1028 4213 1111 4276 ὡς
1135 4214 1450 4281 παναγάθου
1480 4215 1681 4285 πατρὸς

126 4300 438 4366 πανάγαθος
480 4302 610 4365 υἱὸς,
668 4302 822 4365 ἵλεως
870 4298 1048 4366 αὐτοῖς
1103 4304 1302 4371 ὲγίνου,
1355 4302 1681 4375 συγγνώμην

126 4358 308 4460 νέμων
337 4358 608 4461 τῇ-θνητῇν
635 4358 901 4470 ἁσρενείᾳ.
933 4358 1045 4445 Kal
1074 4358 1322 4447 ἐκδικῶν·
1360 4358 1684 4448 calamities
1713 4358 1717 4361 l

128 4482 200 4535 τὰ
238 4481 675 4551 ἐπιτηδεύματα
712 4482 926 4537 αὐτῶν.
962 4484 1022 4539 El
1056 4484 1148 4537 καὶ
1181 4482 1363 4549 ἔδοξάν
1394 4503 1466 4547 τι,
1496 4486 1677 4554 φησιν,

132 4574 463 4646 ἁμαρτάνειν
510 4572 584 4636 ὡς
628 4572 1063 4643 ᾶνθρωτοοι,,ἀλλ⁹
1098 4575 1372 4647 ὲπαίᾷευες
1401 4576 1595 4637 αὐτοὺς
1625 4577 1681 4626 ὲν

129 4657 210 4725 οἷς
242 4662 490 4726 παιδείας
530 4661 756 4716 ἐδέοντο.
797 4662 1079 4733 Ἰίλέγχετο
1112 4664 1219 4736 γὰρ
1246 4666 1336 4717 ἐπὶ
1363 4664 1462 4718 τοῦ
1484 4666 1680 4736 μόσχου

128 4752 453 4823 ἁμαρτήσας
492 4752 717 4823 Ἀαρὼν,
747 4754 839 4805 καὶ
864 4754 1099 4823 Μωῡσῆς
1132 4755 1223 4806 ἐπὶ
1257 4753 1347 4805 τοῦ
1369 4752 1559 4811 ὓδατος
1581 4752 1681 4823 τῆς

129 4838 458 4906 ἀντιλογίας.

207 4929 455 4997 Ὺψοῦτε
490 4931 704 4997 Κύριον
742 4932 842 4983 τὸν
875 4934 1021 4984 Θεὸν
1056 4933 1246 5001 ἡμῶν,
1277 4932 1379 5003 καὶ
1420 4948 1682 4999 προσκυ-

124 5016 286 5071 νεῖτε
322 5021 408 5083 εὶς
455 5018 588 5086 ὅρος
619 5019 787 5099 ἅγιον
824 5022 1031 5095 αὑτοῦ,
1068 5022 1155 5074 ὅτι
1201 5020 1361 5089 ἅγιος
1396 5022 1606 5087 Κύριος
1652 5027 1683 5075 o'

130 5108 279 5174 Θεὸς
308 5110 489 5177 ἡμῶν.
527 5110 701 5180 Μηδὲν
728 5112 998 5173 ταπεινὸν,
1028 5113 1178 5187 φησι,
1222 5111 1310 5163 καὶ
1350 5110 1681 5181 ἀνθρώπινον

130 5198 258 5266 περὶ
282 5198 375 5251 τοῦ
409 5200 609 5271 Κυρίου
636 5203 873 5269 φρονεῖτε
894 5218 905 5229 ⁸
938 5201 1054 5253 ἀλλ’
1089 5200 1281 5269 ὑψοῦτε
1315 5200 1471 5254 αὐτὸν
1506 5202 1681 5273 ὑψηλὰ

131 5284 261 5357 περὶ
326 5286 487 5338 αὑτοῦ
542 5286 873 5352 δοξάζοντες,
936 5288 1027 5340 καὶ
1092 5288 1152 5340 τὸ
1206 5288 1489 5359 προσῆκον
1532 5287 1681 5359 αὑτῷ

130 5374 529 5455 προσενέγκατε
586 5377 765 5441 σέϐας.
798 5380 957 5449 Ὅρος
983 5378 1038 5430 δὲ
1074 5377 1224 5445 ἅγιον
1270 5378 1433 5430 πάλαι
1484 5358 1584 5447 μὲν
1618 5379 1681 5431 τὸ

131 5463 274 5518 Σιὼν
335 5465 595 5531 ἐκαλεῖτο,
642 5470 734 5521 νῦν
787 5470 843 5522 δὲ
908 5470 1005 5539 τῆς
1046 5468 1367 5535 θεογνωσίας
1410 5468 1471 5520 τὸ
1512 5467 1674 5537 ὕψος·

128 5553 277 5607 οὕτω
288 5551 395 5622 γὰρ
413 5557 504 5606 καὶ
530 5557 751 5619 Ἡσαΐας
768 5559 861 5609 καὶ
875 5557 1108 5627 Μιχαίας
1135 5554 1421 5608 ὲθέσπισαν
1438 5570 1453 5586 ο
1472 5556 1681 5609 Ἔσται

129 5648 199 5701 ἀν
215 5644 348 5710 ταῖς
366 5644 645 5710 ἐσγάταις
670 5645 906 5711 ἡμέραις
918 5644 1174 5714 ἐμφανὲς
1184 5644 1248 5697 τὸ
1269 5645 1404 5710 ὄρος
1425 5644 1643 5711 Κυρίου
1663 5663 1675 5674 ·

206 5825 252 5864 ’-'
290 5822 449 5876 Joan.
488 5837 537 5885 ν,
576 5820 661 5875 46.
739 5823 779 5852 ⁹⁹
823 5822 920 5875 lsa.
966 5821 1103 5882 ιιιὲ
1132 5839 1143 5884 ;
1174 5818 1332 5873 Mich.
1368 5834 1454 5885 ιν,
1480 5818 1531 5871 l.

1785 3401 1838 3446 tu
1866 3392 2119 3460 propitius
2143 3391 2293 3460 fuisti
2314 3390 2410 3451 eis,
2434 3399 2483 3442 et
2510 3368 2773 3440 uleiscenl
2797 3387 2850 3437 in
2875 3399 3048 3439 omnes
3075 3380 3322 3459 adiitsen-

1784 3485 1951 3536 tiones
1968 3497 2177 3542 eorum.
2206 3480 2307 3543 Tu,
2343 3478 2536 3549 inquit,
2568 3476 2829 3530 Dominus
2854 3484 2907 3528 et
2936 3475 3074 3528 Deus
3115 3478 3319 3537 noster,

1782 3575 2018 3629 omnium
2044 3587 2159 3634 rex,
2198 3571 2344 3640 quia
2376 3568 2535 3623 nobis
2563 3552 2897 3637 praedicaris,
2923 3564 3037 3632 ipse
3061 3576 3184 3617 eras
3230 3560 3323 3635 qui

1782 3665 2017 3732 Moysem
2054 3671 2107 3718 et
2160 3662 2425 3722 Aaronem
2482 3658 2825 3721 exaudiebas,
2859 3670 2921 3709 ac
2964 3660 3167 3707 tantam
3214 3652 3324 3707 illis

1783 3754 2019 3808 addebas
2048 3752 2319 3813 ﬁduciam,
2346 3763 2468 3803 cum
2514 3760 2565 3802 te
2593 3746 2939 3802 exacerbanti
2971 3742 3169 3813 populo
3198 3755 3325 3810 pro-

1782 3845 1973 3913 pitium
2024 3842 2328 3902 redderent,
2358 3839 2557 3907 quique
2585 3834 2906 3890 illos‘multa
2954 3829 3325 3905 benevolentia

1782 3918 2094 4002 dignabare.
2128 3930 2351 3984 Etiamsi
2382 3929 2524 3985 enim
2569 3927 2635 3999 in
2669 3924 2930 3995 quasdam
2985 3914 3344 3974 inﬁrmitates

1782 4007 2109 4083 laberentur,
2146 4027 2331 4086 utpote
2358 4018 2622 4077 homines,
2642 4009 3089 4083 quemadmodum
3116 4006 3325 4077 Moyses

1782 4114 1837 4169 in
1870 4111 2297 4168 incredulitatem
2323 4109 2467 4163 circa
2500 4094 2716 4177 aquam,
2752 4112 2805 4159 et
2829 4103 3013 4169 Aaron
3031 4098 3085 4153 in
3120 4095 3327 4153 conﬂat-

1782 4203 1983 4257 tionem
2035 4200 2220 4263 vituli;
2261 4208 2317 4253 tu
2359 4206 2417 4253 ut
2437 4197 2624 4268 optimi
2672 4193 2841 4265 patris
2876 4190 3112 4262 Optimus
3156 4188 3321 4254 ﬁlius,

1783 4293 2047 4369 propitius
2076 4290 2208 4360 ipsis
2251 4304 2396 4351 eras,
2428 4302 2491 4342 ac
2542 4286 2752 4340 mortali
2794 4281 3091 4338 inﬁrmitati
3113 4278 3321 4333 veniam

1783 4380 2137 4435 concedebas.
2196 4376 2263 4430 Et
2312 4376 2559 4430 ulciscens
2609 4376 2664 4428 in
2711 4383 2886 4427 otnnes
2936 4368 3323 4424 adineentiones

1780 4484 1979 4522 eorum.
2029 4467 2274 4530 Etiamsi,
2306 4466 2499 4535 inquit,
2530 4471 2712 4533 utpote
2743 4454 3011 4523 homines,
3052 4460 3106 4512 in
3143 4456 3325 4526 aliquo

1783 4574 2015 4627 peccare
2032 4558 2371 4620 viderentur,
2394 4564 2452 4609 tu
2473 4554 2775 4624 castigabas
2802 4566 2917 4613 eos,
2947 4564 3068 4604 cum
3095 4547 3326 4616 castiga-

1782 4650 1929 4704 tione
1962 4664 2098 4719 opus
2126 4656 2260 4704 erat.
2288 4646 2421 4700 Nam
2471 4646 2537 4700 de
2568 4642 2798 4699 conflato
2825 4640 2994 4695 vitulo
3024 4639 3203 4692 Aaron
3238 4653 3324 4693 re-

1784 4740 2171 4809 darguebatur,‘
2200 4745 2254 4792 et
2286 4736 2495 4804 Moyses
2535 4733 2673 4803 apud
2698 4745 2904 4801 .aquam
2942 4726 3326 4784 contradictio-

1785 4834 1885 4885 nis.

1856 4928 2016 4979 Vsus.
2066 4922 2116 4974 9.
2168 4918 2407 4971 Exaltate
2439 4916 2713 4969 Dominum
2769 4914 2936 4969 Deum
2984 4920 3241 4972 nostrum,
3271 4919 3321 4963 et

1786 5018 1998 5069 adorata
2031 5014 2083 5063 in
2120 5019 2289 5062 monte
2318 5018 2497 5062 sancto
2536 5007 2672 5081 ejus,
2697 4988 2943 5076 quoniam
2970 5010 3180 5056 sanctus
3214 4998 3321 5051 Do-

1788 5107 1958 5157 minus
1988 5101 2122 5153 Deus
2165 5108 2358 5152 noster.
2388 5095 2549 5157 Nihil,
2600 5096 2792 5165 inquit,
2822 5091 3024 5147 humile
3051 5097 3104 5144 et
3133 5091 3323 5141 Imma-

1785 5208 1913 5248 num
1936 5191 2001 5245 de
2018 5189 2244 5243 Domino
2287 5188 2516 5252 sentite;
2570 5185 2665 5240 sed
2708 5183 2920 5238 excelsa
2948 5180 3016 5234 de
3053 5178 3146 5232 illo
3172 5175 3324 5245 cogi-

1786 5292 1960 5337 tantes
1996 5282 2170 5349 ipsum
2219 5280 2468 5340 eraltnte,
2528 5276 2740 5345 ipsique
2779 5272 3021 5326 debitum
3072 5267 3322 5323 exhibete

1784 5374 2005 5428 cultum.
2032 5371 2183 5425 Mons
2212 5378 2388 5424 autem
2420 5376 2641 5423 sanctus
2668 5365 2793 5417 olim
2843 5360 2972 5414 Sion
3002 5358 3317 5415 vocabatur,

1784 5478 1927 5517 nunc
1958 5476 2085 5514 vero
2108 5460 2303 5513 divinae
2352 5456 2651 5511 sublimitas
2679 5450 3041 5521 cognitionis;
3073 5448 3146 5501 ita
3173 5444 3318 5498 enim

1785 5553 1951 5608 Isaias
1978 5558 2032 5605 e't
2076 5549 2324 5604 Micbteas
2350 5544 2629 5600 vaticinati
2654 5548 2781 5597 sunt
2812 5557 2824 5591 :
2859 5538 2976 5592 Erit
3011 5538 3065 5589 in
3098 5534 3320 5588 novissi-

1785 5642 1881 5697 mis
1918 5640 2097 5695 diebus
2126 5638 2432 5706 manifestus
2476 5650 2622 5688 mons
2666 5624 2973 5691 Domini”;
3002 5626 3053 5680 id
3086 5631 3189 5688 est,
3222 5623 3336 5687 Dei.
