3976 6356
587 428 717 487 ηδε

1221 418 1480 475 ευεεοιι
1510 417 1973 476 CESARIENSIS
2002 418 2113 477 0H

2207 418 2357 476 ἈΕΒ
2386 417 2474 475 ιιι.
2514 447 2584 459 -
2621 416 3019 474 EXEGETICA.

3595 419 3732 476 ηιο

585 543 816 614 wguitio
855 546 1032 608 aperta
1082 537 1329 593 omnibus
1361 537 1482 593 erit.
1533 535 1665 591 Nam
1727 539 1840 608 ipse
1888 553 2098 610 quoque

2207 540 2466 593 τουτέστιν
2503 539 2537 608 ὴ
2564 538 2656 591 τοῦ
2690 536 2822 592 Θεοῦ
2866 538 3062 606 γνῶσις
3090 537 3222 592 πᾶσι
3259 537 3389 610 δήλη
3428 539 3732 610 γενήσεται.

583 631 869 701 A-postolus
912 635 1145 685 montem
1197 625 1327 682 Sion
1369 627 1702 697 spiritualem
1752 631 1998 699 agnovit;
2028 632 2103 686 ait

583 723 777 790 qtiippe
809 736 823 771 :
858 720 1160 773 Aecessistis
1189 717 1256 770 ad
1307 727 1528 772 montem
1572 716 1720 781 Sion,
1753 728 1800 772 et
1847 721 2104 776 civitatem

584 811 679 864 Dei
700 811 924 873 uiuentis,
973 808 1264 863 Jerusalem
1303 809 1550 862 calestem
1571 811 1608 863 ¹.
1645 808 1900 864 Jubemur
1928 813 2104 883 itaque

585 915 679 970 pro
705 901 894 955 collata
923 898 1077 954 nobis
1106 913 1137 953 a
1164 897 1273 954 Deo
1289 900 1593 969 cognitione
1613 902 1713 971 ipsi
1737 902 2102 960 adorationem

584 984 813 1042 offerre:
855 987 946 1056 qui
1003 983 1260 1042 Dominus
1286 999 1466 1044 noster
1510 997 1613 1055 est,
1646 993 1770 1059 quia
1823 1008 1919 1046 nos
1965 997 2102 1049 servi

581 1077 698 1146 ejus
727 1082 941 1142 sumus;
973 1084 1028 1132 et
1058 1075 1198 1131 Deus
1255 1077 1379 1141 item
1419 1086 1519 1142 est,
1543 1087 1737 1149 utpote
1769 1083 1964 1150 opifex.
2009 1089 2104 1136 At-

582 1183 686 1238 que
707 1169 782 1224 ita
807 1168 1068 1238 spirituali
1095 1182 1242 1222 more
1265 1169 1527 1237 psalmum
1554 1169 1931 1239 intelligamus.

738 1258 1050 1337 psALMiJs
1086 1275 1150 1330 IN
1190 1273 1722 1333 conressnoneu.
1765 1277 1944 1334 xcxx.

649 1363 814 1421 Vens.
848 1365 901 1431 2,
934 1367 986 1420 3.
1045 1365 1276 1418 Jubilate
1347 1364 1584 1432 Domino,
1626 1369 1788 1423 omnis
1849 1381 2003 1424 terra.
2049 1371 2104 1426 ld

581 1467 686 1521 est,
708 1464 891 1526 gentes
919 1470 1037 1526 qua:
1082 1455 1135 1509 in
1179 1465 1319 1509 terra
1364 1465 1526 1511 sunt:
1558 1472 1676 1526 quae
1712 1459 1793 1513 his
1820 1461 1998 1515 verbis
2036 1461 2102 1516 ad

581 1548 928 1619 pristinorum
969 1553 1307 1616 peccatorum
1355 1544 1747 1601 confessionem
1789 1559 2101 1614 evocantur,

583 1635 639 1698 in
667 1636 859 1705 quibus
894 1633 1108 1704 quando
1153 1635 1415 1690 idolorum
1461 1639 1630 1694 errori
1690 1639 1881 1696 dedita:
1929 1652 2102 1704 erant,

581 1720 973 1778 volutabantur.
1006 1723 1360 1790 Quamobrem
1415 1727 1654 1795 psalmus
1691 1728 1982 1798 inscriptus
2025 1738 2107 1785 est

576 1806 650 1868 ’1η
679 1816 1068 1883 confessionem.
1108 1812 1306 1868 Servite
1351 1814 1571 1870 Domino
1608 1818 1663 1871 in
1698 1817 1903 1880 latitia,
1938 1819 2106 1888 ipsius

580 1906 707 1975 jugo
730 1919 825 1958 vos
861 1903 1250 1959 submittentes.
1282 1903 1508 1960 Perinde
1545 1920 1772 1977 namque
1805 1917 1886 1963 est
1909 1885 2106 1962 servire
2137 1885 2179 1939 Β

583 1995 707 2064 ipsi,
736 2000 896 2062 atque
934 1993 1144 2048 rmrvire
1171 1992 1302 2058 luci,
1346 2003 1401 2048 et
1444 1995 1645 2050 servire
1687 1997 1828 2060 vitaz,
1873 1997 2102 2062 veritati,

581 2084 803 2155 justitiaa
828 2093 880 2138 et
913 2084 1181 2138 sanctitati
1213 2099 1226 2135 :
1263 2085 1374 2139 hac
1395 2087 1588 2156 quippe
1621 2075 1799 2141 Omnia
1847 2088 2104 2143 Dominus

582 2185 684 2228 est.
718 2161 934 2229 Introite
960 2176 1012 2228 in
1054 2183 1324 2242 conspectu
1368 2176 1478 2244 ejus
1519 2179 1573 2231 in
1631 2179 1992 2233 exsultatione.
2050 2179 2104 2234 Si

583 2267 705 2335 quis
735 2275 912 2321 autem
937 2281 1046 2320 non
1100 2268 1297 2322 serviat
1333 2267 1434 2338 ipsi
1479 2267 1534 2320 in
1587 2268 1788 2329 latitia,
1819 2285 1886 2323 ne
1915 2265 2111 2324 audeat

581 2357 887 2428 conspectui
915 2357 1032 2424 ejus
1060 2371 1119 2411 se
1141 2357 1351 2419 sistere,
1381 2358 1544 2412 illotis
1573 2357 1795 2426 pedibus
1829 2360 1894 2413 ad
1927 2360 2109 2415 Eccle-

582 2446 720 2501 siam
743 2444 861 2512 ejus
894 2445 1175 2498 accedens.
1216 2442 1411 2499 Scitote
1437 2445 1680 2514 quoniam
1717 2443 1968 2500 Dominus
1997 2448 2107 2516 ipse

582 2532 816 2589 est‘Deus
844 2548 864 2587 :
888 2535 996 2602 ipse
1024 2533 1143 2603 fecit
1162 2551 1274 2598 nos,
1301 2544 1350 2590 et
1371 2551 1472 2589 non
1499 2535 1597 2604 ipsi
1619 2551 1732 2600 nos,
1754 2538 1970 2604 populus
1994 2541 2106 2607 ejus

583 2634 762 2680 stones
780 2641 985 2693 pascute
1026 2642 1157 2694 ejus.
1188 2626 1516 2682 Cumenim
1572 2629 1876 2683 noverimus
1932 2633 2105 2700 ipsum

581 2712 770 2780 Deum,
797 2715 971 2781 ipsum
997 2714 1275 2770 Dominum
1299 2731 1438 2783 esse,
1467 2722 1596 2769 tunc
1625 2731 1720 2786 per
1752 2716 1894 2770 illam
1925 2719 2109 2787 cogni—

581 2806 779 2860 tionem
802 2805 858 2859 in
883 2813 1223 2875 conspectum
1250 2806 1366 2875 ejus
1393 2807 1641 2876 ingressi,
1665 2807 1839 2877 ipsum
1864 2806 2106 2876 Opiﬁcem

582 2902 826 2952 nostrum
867 2910 992 2968 esse
1030 2896 1419 2951 conﬁtebimur.
1457 2896 1611 2963 Quod
1667 2898 1808 2952 enim
1869 2913 1975 2953 non
2009 2914 2108 2954 nos

581 2988 683 3055 ipsi
729 3002 828 3045 nos
868 2987 1166 3051 faciamus,
1212 2987 1314 3040 etsi
1364 2993 1614 3041 auctores
1661 2987 1939 3042 videamur.
1991 3002 2109 3042 esse

583 3076 942 3146 generationis
978 3075 1292 3137 liberorum,
1343 3075 1468 3129 hinc
1515 3077 1690 3145 palam
1731 3087 1836 3144 est,
1863 3077 2006 3147 quod
2043 3093 2109 3131 ex

586 3172 736 3236 patre
828 3167 1000 3252 matre
1023 3165 1185 3235 geniti
1204 3163 1305 3219 Job
1327 3173 1380 3219 et
1401 3164 1590 3229 David,
1635 3167 1792 3220 ambo
1819 3174 1999 3219 tamen
2027 3164 2109 3218 di-
2134 3195 2176 3252 ρ

587 3261 712 3308 cant
739 3271 752 3307 :
784 3251 973 3308 Manus
1005 3264 1103 3310 tua:
1123 3255 1350 3323 fecerunt
1375 3272 1452 3308 me
1486 3263 1534 3308 et
1561 3255 1942 3322 plasmaverunt
1972 3272 2052 3310 me
2065 3257 2107 3320 ³,

587 3358 650 3398 ac
668 3343 909 3398 Ieremia:
934 3345 1046 3413 ipse
1090 3343 1230 3400 Deus
1260 3346 1370 3419 ait:
1402 3345 1687 3412 Antequam
1741 3355 1786 3398 te
1834 3345 2112 3414 formarem

587 3430 639 3484 in
662 3440 826 3498 utero,
851 3434 964 3486 nari
998 3433 1099 3488 ιε’.
1132 3432 1261 3487 Nam
1294 3444 1533 3497 uxorem,
1559 3451 1677 3503 qua:
1728 3451 1910 3490 errore
1956 3435 2112 3491 ducta

591 3521 702 3573 viro
727 3536 825 3575 suo
860 3521 1072 3576 dicebat
1102 3539 1116 3575 :
1144 3522 1246 3574 Aut
1295 3521 1365 3574 da
1398 3521 1523 3574 mihi
1549 3523 1758 3584 liberos.
1804 3524 1886 3577 sin
1919 3524 2110 3585 minus,

589 3609 758 3662 occide
779 3625 858 3663 me
874 3609 916 3672 ⁸,
949 3609 1054 3671 vir,
1081 3620 1201 3663 cum
1229 3610 1444 3679 sapiens
1467 3618 1630 3674 esset,
1664 3611 1822 3665 docte
1871 3611 2115 3680 increpat

587 3695 673 3750 bis
700 3697 878 3752 verbis
911 3711 923 3746 :
962 3694 1209 3766 Nunquid
1245 3712 1336 3765 pro
1359 3696 1466 3752 Deo
1485 3713 1574 3768 ego
1609 3698 1698 3750 tibi
1727 3715 1859 3764 sum,
1897 3702 1982 3770 qui
2009 3703 2116 3768 pri-

586 3784 722 3833 vavit
759 3788 805 3831 te
835 3778 1006 3847 fructu
1048 3779 1316 3833 uentris“?
1345 3780 1564 3835 Etiamsi
1612 3783 1752 3836 enim
1819 3792 1996 3851 patres
2043 3783 2117 3836 vl-

587 3872 814 3923 deantur
844 3869 1040 3925 liberos
1081 3885 1397 3941 procreare,
1423 3881 1476 3925 at
1504 3871 1644 3926 Deus
1677 3873 1798 3928 illos
1822 3874 1979 3927 ciﬁcit
2011 3891 2021 3924 :
2054 3889 2115 3926 ac

590 3959 678 4013 ille
698 3959 908 4028 quidem
941 3973 1103 4013 causa
1123 3969 1223 4021 est,
1253 3961 1328 4014 illi
1369 3976 1497 4016 vero
1534 3973 1908 4032 cooperantur,
1934 3972 2117 4032 utpote

591 4048 873 4116 quijussui
893 4047 1011 4115 ejus
1044 4049 1291 4117 primitus
1320 4049 1445 4103 dato
1483 4051 1871 4106 obsecundent.
1918 4052 2117 4117 Quam-

589 4115 774 4191 ἀοι-«ξω
805 4136 958 4188 multi
989 4115 1087 4190 etsi
1111 4115 1308 4190 iibe'ros
1349 4138 1624 4206 suscipere
1668 4115 1970 4209 peroptent,
2007 4155 2116 4195 non

588 4233 815 4295 possunt
858 4233 1068 4279 tamen-
1114 4223 1465 4296 Symmachus
1507 4243 1638 4293 vero
1683 4231 1796 4282 ait:
1831 4229 1947 4298 Ipse
1996 4231 2118 4298 fecit

588 4332 704 4381 nos,
732 4333 833 4372 non
855 4318 1175 4371 exsistentes.
1201 4316 1311 4371 Nos
1331 4328 1498 4371 autem
1526 4321 1740 4386 populus
1770 4337 1977 4388 pascua:
2003 4321 2114 4389 ejus

590 4417 638 4460 et
658 4421 770 4462 oves
800 4425 982 4463 manus
1009 4411 1172 4464 illius.
1205 4409 1299 4463 His
1323 4425 1449 4464 vero
1481 4425 1584 4462 non
1604 4411 1929 4466 dominatum
1959 4412 2117 4466 modo

593 4511 778 4562 suum;
835 4499 929 4555 sed
975 4500 1136 4551 etiam
1182 4498 1568 4567 providentiam
1629 4513 1779 4555 suam
1821 4499 2107 4552 indicavit:
2140 4537 2189 4597 Β

590 4601 700 4640 non
743 4588 914 4640 solum
956 4590 1098 4642 enim
1149 4587 1409 4644 Dominus
1466 4600 1647 4647 noster
1693 4588 1923 4650 est;sed
1954 4592 2114 4642 etiam

589 4685 774 4747 pastor
799 4692 920 4732 cum
950 4681 1039 4739 sit,
1091 4681 1228 4733 bona
1256 4679 1411 4732 nobis
1439 4694 1637 4747 pascua
1663 4679 1834 4733 oll‘ert.
1875 4677 1987 4731 Nos
2017 4695 2114 4730 au-

593 4779 692 4822 tem
736 4770 953 4837 populus
998 4771 1129 4837 ejus,
1175 4778 1357 4839 utpote
1386 4771 1711 4839 regis;oves
1769 4781 1943 4823 autem
1972 4769 2112 4838 ejus,

592 4869 774 4928 utpote
801 4861 1032 4930 pastoris
1069 4877 1082 4910 :
1119 4856 1346 4930 populus
1377 4871 1522 4923 sunt,
1555 4862 1646 4929 qui
1676 4862 1922 4916 meliores
1942 4868 1995 4915 et
2022 4874 2111 4912 ra—

592 4947 988 5011 tionabiliores;
1016 4962 1140 5000 oves
1188 4957 1386 5014 autem,
1418 4950 1510 5018 qui
1562 4950 1628 5002 iis
1661 4948 1941 5005 inferiores
1965 4957 2110 5016 sunt,

592 5043 646 5088 et
676 5035 1174 5090 irrationabiliorem
1205 5038 1442 5092 ordinem
1466 5039 1731 5101 obtinent,
1771 5054 1942 5107 neque
1974 5041 2113 5093 divi.

594 5140 783 5178 norum
832 5129 1168 5182 oraculorum
1217 5130 1368 5196 periti
1415 5138 1573 5196 sunt;
1610 5130 1902 5185 secundum
1935 5129 2103 5185 illud:

595 5213 782 5266 Erravi
810 5214 938 5266 sicut
961 5218 1065 5268 ovis
1092 5233 1203 5284 qua:
1227 5218 1373 5284 periit
1391 5219 1428 5270 '.
1454 5207 1709 5273 Caeterum
1732 5236 1851 5274 cum
1871 5222 2107 5274 omnium

597 5301 752 5357 Deus.
767 5311 820 5357 et
852 5308 1093 5360 conditor
1121 5309 1211 5370 sit,
1246 5308 1422 5361 omnia
1455 5316 1630 5372 vocat,
1665 5312 1838 5364 omnia
1863 5311 1962 5364 sibi
1988 5327 2113 5380 pro-

601 5391 711 5458 pria
731 5390 904 5446 eilicit.
933 5391 1173 5449 Homines
1192 5400 1384 5467 quippe
1410 5407 1459 5452 et
1478 5398 1715 5467 jumenta
1735 5402 1900 5454 salvat
1917 5385 2053 5454 Deus
2071 5402 2112 5466 ";

603 5484 722 5538 illos
741 5487 974 5555 quidem,
999 5495 1055 5540 ut
1091 5493 1344 5558 p0pulum
1381 5507 1573 5560 suum;
1608 5494 1698 5547 illa
1729 5509 1874 5556 vero.
1913 5501 1969 5548 ut
1989 5508 2116 5548 oves

605 5587 790 5630 manus
817 5591 943 5632 sua.

671 5686 685 5714 ¹
731 5685 885 5743 Hebr.
922 5709 1024 5756 χιι,
1057 5695 1141 5747 22.

2202 627 2322 685 Οἵδε
2344 630 2448 700 γὰρ
2477 631 2570 682 καὶ
2591 633 2620 682 6
2659 627 2971 691 ’.Απόστολος
2994 630 3176 699 νοητὸν
3198 629 3318 701 δρος
3347 628 3485 682 Σιών
3501 646 3514 659 ’
3542 632 3735 697 Προσ-

2202 722 2527 786 εληλύθατε
2553 719 2661 790 γὰρ
2678 719 2796 787 ὄρει
2841 719 2992 776 Σιὼν
3023 719 3118 772 καὶ
3145 721 3312 773 πόλει
3356 719 3500 772 Θεοῦ
3527 718 3738 788 ζῶντος

2215 807 2592 876 Ἰερουσαλὴμ
2645 808 2991 874 ἐπουρανίῳ.
3053 806 3502 878 Προστετάγμεθα
3562 808 3738 862 τοίνυν

2202 899 2342 952 κατὰ
2371 900 2465 969 τὴν
2491 898 2869 968 δοθεῖσανὴμίν
2894 899 2994 950 ὑπὸ
3029 896 3160 950 Θεοῦ
3191 897 3387 965 γνῶσιν
3418 897 3740 968 προσφέρειν

2201 988 2347 1057 αύτῷ
2380 987 2768 1058 προσκύνησιν·
2800 974 2870 1050 ’ὃς
2907 988 2998 1040 καὶ
3045 986 3241 1055 Κύριος
3282 986 3439 1058 ἡμῶν
3491 988 3634 1040 ἐστιν
3661 987 3736 1050 ὡς

2203 1076 2418 1139 δούλων,
2447 1078 2537 1129 καὶ
2563 1077 2692 1139 Θεὸς
2713 1078 2785 1140 ὡς
2821 1077 3077 1146 πλάστης.
3120 1077 3254 1130 Ἀλλ’
3281 1078 3419 1132 οὕτω
3459 1078 3556 1149 μὲν
3581 1095 3736 1132 πνευ-

2207 1163 2475 1234 ματικώτε
2483 1181 2572 1234 ρον
2594 1163 2683 1217 τὸν
2704 1163 2910 1233 ψαλμὸν
2943 1166 3245 1236 νοήσαιμεν.
3448 1157 3451 1161 ’

2410 1277 2699 1332 ΨΔΛΜΟΣ
2729 1277 2834 1330 ΕΙΣ
2855 1277 3388 1333 ΕΞΟΜΟΛΟΓΗΣῙΝ.
3419 1278 3533 1344 ιιθν.

2283 1367 2642 1432 Ἀλαλάξατε
2669 1366 2746 1432 τῷ
2782 1368 2970 1434 Κυρίῳ
3005 1368 3168 1422 πᾶσα
3193 1372 3230 1437 ἠ
3264 1369 3361 1439 τῆ.
3394 1370 3646 1424 Τουτέοτι
3671 1373 3743 1425 τὰ

2204 1458 2295 1510 ἐπὶ
2315 1460 2415 1528 γῆς
2447 1458 2568 1528 ἔθνη
2591 1474 2602 1486 ·
2636 1458 2728 1510 καὶ
2757 1456 2845 1509 διὰ
2867 1458 3065 1509 τούτων
3093 1457 3344 1528 κέκληται
3377 1456 3469 1509 ἐπὶ
3495 1457 3745 1526 ἐξομολό-

2201 1565 2359 1618 γησιν
2388 1548 2494 1601 τῶν
2527 1546 2798 1617 προτέρων
2850 1547 3273 1617 ἁμαρτημάτων,
3322 1549 3379 1598 ὲν
3417 1541 3500 1607 οἷς
3536 1547 3746 1602 ἐκαλιν-

2202 1638 2385 1690 δοῦντο
2431 1639 2517 1691 ὅτε
2572 1639 2641 1707 τῇ
2686 1637 3048 1708 εἰδωλολάτρῳ
3099 1640 3380 1707 προσεῖχον
3424 1637 3618 1707 πλάνῃ.
3653 1637 3748 1688 Διὸ

2205 1726 2599 1797 ἐπιγέγραπται
2651 1725 2856 1795 ψαλμὸς
2881 1730 2983 1793 Εἰς
3018 1727 3467 1798 ἐξομολόγησιν.
3495 1729 3747 1780 4012.136-

2206 1830 2350 1866 σατε
2382 1813 2459 1879 τῷ
2490 1815 2683 1881 Κυρίῳ
2718 1813 2787 1867 ἐν
2838 1817 3197 1883 εὐφροσύνῃ,
3238 1814 3590 1876 ύποόαλόντες
3624 1815 3748 1866 ἑαυ-

2205 1905 2327 1967 τοὺς
2349 1904 2426 1973 τῷ
2456 1904 2619 1958 αὑτοῦ
2664 1903 2832 1974 ζυγῷ.
2868 1907 3088 1976 Ὅμοιον
3114 1907 3219 1976 γάρ
3253 1907 3370 1958 ἐστι
3398 1907 3458 1958 τὸ
3486 1905 3748 1958 δουλεύειν

2204 1995 2350 2064 αύτῷ
2381 1995 2456 2063 τῷ
2511 1995 2774 2048 δουλεύειν
2825 1994 2992 2062 φωτὶ,
3054 1996 3145 2047 καὶ⁷
3191 1994 3454 2048 δουλεύειν
3497 1993 3607 2065 ζωῇ
3653 1996 3749 2049 καὶ

2203 2081 2446 2154 ἀληθείᾳ,
2489 2084 2924 2156 καὶ,δικαιοσύνῃ
2965 2084 3057 2137 καὶ
3101 2085 3385 2154 ἁγιασμῷ·
3423 2086 3599 2138 πάντα
3639 2087 3749 2156 γὰρ

2203 2172 2373 2227 ταῦτά
2403 2175 2546 2227 ἐστιν
2584 2175 2612 2226 6
2665 2175 2882 2244 Κύριος.
2931 2175 3239 2228 Εὶσέλθετε
3275 2174 3530 2229 ἐνώπιον
3565 2175 3749 2230 αὑτοῦ

2204 2264 2273 2317 ἐν
2295 2263 2660 2333 ἀγαλλιάσει.
2706 2265 2767 2317 El
2809 2265 2866 2318 δέ
2910 2283 2990 2328 τις
3030 2265 3101 2335 μὴ
3128 2266 3362 2319 δουλεύοι
3393 2267 3539 2336 αύτῷ
3579 2269 3633 2320 ὲν
3658 2270 3750 2320 s6-

2205 2351 2462 2422 φροσύνῃ,
2497 2353 2570 2422 μὴ
2597 2351 2843 2422 τολμάτω
2879 2352 3127 2422 παριέναι
3165 2350 3392 2404 ἐνώπιον
3425 2351 3610 2416 αὑτοῦ,
3636 2352 3750 2417 hic

2205 2456 2356 2503 πτοις
2409 2442 2532 2492 ποσὶ
2568 2440 2920 2509 παραϐάλλων
2953 2443 3030 2502 εἰς
3062 2439 3158 2510 τὴν
3196 2440 3521 2510 Ἐκκλησίαν
3565 2439 3746 2494 αὐτοῦ.

2206 2530 2401 2582 nam
2440 2529 2528 2583 ὅτι
2574 2531 2787 2598 Κύριος
2826 2530 3004 2595 αὐτός
3047 2529 3213 2582 ἐστιν
3258 2533 3291 2582 d
3353 2531 3497 2595 Θεὸς
3519 2546 3533 2558 ·
3571 2528 3751 2595 αὐτὸς

2205 2614 2486 2680 ἐποίησεν
2533 2614 2706 2684 ἡμᾶς,
2752 2616 2850 2669 καὶ
2892 2619 3002 2685 οὐχ
3031 2616 3216 2682 ἡμεῖς,
3253 2608 3406 2683 ζιαὸς
3429 2611 3615 2671 αὑτοῦ
3650 2617 3749 2672 καὶ

2206 2704 2462 2770 πρόϐατα
2487 2705 2670 2773 νομῆς
2689 2705 2890 2760 αὐτοῦ.
2921 2707 3091 2760 ὐταν
3115 2707 3219 2778 γὰρ
3239 2706 3451 2777 γνῶμεν
3481 2706 3562 2759 ὅτι
3595 2706 3753 2769 αὐτὸς

2205 2795 2333 2859 Θεός
2363 2796 2526 2861 ἐστιν,
2553 2797 2710 2860 αὐτὸς
2733 2800 2761 2849 6
2792 2798 3010 2869 Κύριος,
3052 2799 3114 2852 τὸ
3141 2797 3388 2868 τηνικάδε
3451 2796 3614 2852 αὑτοῦ
3654 2795 3750 2850 τοῦ

2206 2885 2484 2960 γινώσκειν
2508 2884 2729 2939 ἐνώπιον
2754 2887 2914 2939 αὑτοῦ
2943 2875 3367 2957 εἰσεληλυθότες,
3397 2887 3496 2939 καὶ
3527 2884 3752 2958 ποιητὴν

2207 2976 2409 3029 ἑαυτῶν
2426 2976 2819 3046 ὁμολογήσομεν
2835 2977 3008 3029 αὐτόν.
3034 2977 3155 3028 Ὅτι
3167 2975 3223 3028 δὲ
3238 2975 3332 3044 οὐχ
3351 2977 3512 3045 ἡμεῖς
3536 2978 3753 3040 ἑαυτοὺς

2207 3067 2357 3120 ποιοῦ
2367 3084 2483 3137 μεν,
2500 3067 2599 3120 κᾶν
2625 3068 2785 3119 αἴτιοι
2808 3067 3044 3137 δοκῶμεν
3066 3066 3345 3136 τυγχάνειν
3372 3065 3475 3136 τῆς
3499 3065 3604 3119 τῶν
3627 3059 3753 3121 παί-

2205 3158 2307 3210 δων
2335 3157 2611 3224 γενέσεως,
2659 3157 2816 3227 δῆλον
2869 3156 3147 3210 ἐντεῦθεν·
3175 3159 3236 3211 ὲκ
3279 3156 3482 3228 πατρὸς
3517 3156 3623 3227 γὰρ
3657 3158 3754 3210 καὶ

2214 3248 2414 3318 μητρὸς
2453 3249 2726 3316 γενόμενοι
2763 3245 2880 3299 Ἰὼϐ
2924 3248 3015 3300 καὶ
3063 3246 3241 3310 Acuta,
3285 3248 3446 3315 φασιν
3484 3247 3749 3318 ἑκάτερα,

2208 3342 2277 3392 Αἱ
2302 3336 2489 3405 χεζοές
2514 3351 2627 3389 σου
2673 3335 2964 3402 ἐποίησάν
2989 3352 3064 3404 με
3108 3337 3202 3388 καὶ
3229 3334 3506 3390 ἔπλασσεν
3531 3354 3632 3404 με·
3655 3338 3752 3392 καὶ

2209 3429 2342 3498 πρὸς
2381 3425 2641 3497 Ἰερεμίαν
2674 3424 2829 3488 αὐτὸς
2853 3427 2882 3476 6
2911 3423 3059 3487 Θεὸς,
3110 3423 3228 3492 Πρὸ
3274 3424 3378 3478 τοῦ
3413 3441 3496 3493 με
3527 3424 3752 3480 πλάσαι

2209 3533 2281 3570 σε
2309 3517 2378 3568 ἐν
2399 3517 2608 3580 κοιλίᾳ,
2654 3515 2972 3584 ἐπίσταμαί
3005 3531 3098 3568 σε.
3133 3516 3210 3586 Τῇ
3241 3515 3368 3584 γοῦν
3404 3516 3753 3586 ἐσφαλμένοις

2209 3606 2432 3677 λεγούσῃ
2454 3606 2528 3676 τῷ
2549 3606 2797 3676 ἀνδρὶ,Ἢ
2813 3605 2915 3671 δός
2940 3623 3039 3674 μοι
3069 3606 3262 3669 τέκνα,
3294 3609 3342 3659 ει
3377 3605 3444 3661 δὲ
3469 3606 3577 3676 μὴ,
3606 3607 3745 3660 dzé-

2211 3699 2440 3752 κτεινόν
2455 3714 2550 3764 με,
2582 3697 2737 3764 σοφὸς
2753 3696 2826 3748 ὢν
2863 3699 2891 3747 6
2933 3697 3094 3768 ἀνὴρ,
3131 3697 3468 3764 δογματικῶς
3505 3699 3750 3768 ἐπιτιμᾷ,

2209 3788 2305 3855 Μὴ
2328 3787 2457 3840 ἀντὶ
2484 3785 2639 3843 ,Θεοῦ
2683 3801 2779 3838 σοι
2811 3784 2926 3853 ειμι
2954 3784 3085 3852 ἐγὼ,
3118 3784 3183 3851 ὃς
3200 3785 3487 3853 ἐστέρησέ
3514 3802 3586 3840 σε

2212 3872 2328 3925 πον
2347 3873 2573 3934 noctuae
2592 3887 2610 3933 ,'
2631 3871 2693 3923 Et
2722 3871 2826 3942 γὰρ
2851 3872 2942 3924 καὶ
2969 3871 3208 3925 δοκοῦσιν
3232 3873 3282 3925 οι
3322 3875 3554 3944 πατέρες
3585 3875 3754 3929 ποιεῖν

2211 3963 2476 4023 τὰτέκνα,
2513 3961 2624 4015 ἀλλ’
2655 3957 2746 4015 οὖν
2785 3962 2812 4013 6
2859 3961 2988 4025 Θεὸς
3034 3961 3202 4014 ταῦτα
3230 3965 3396 4014 ποιεῖ’
3431 3965 3526 4015 καὶ
3573 3964 3602 4014 6
3651 3961 3755 4032 μιν

2211 4053 2395 4116 αἴτιος,
2429 4055 2476 4105 οἱ
2497 4053 2551 4106 δὲ
2577 4052 2851 4118 συναίτιοι,
2884 4052 2959 4116 ὼς
2989 4052 3065 4123 τῷ
3089 4052 3146 4118 ἐξ
3175 4053 3342 4122 ἀρχῆς
3375 4051 3535 4105 αὐτοῦ
3569 4053 3753 4107 διακο-

2211 4142 2419 4206 νοῦντες
2447 4143 2836 4213 προστάγματι.
2865 4141 2961 4195 Διά
2990 4141 3144 4196 τοῦτο
3193 4143 3389 4205 πολλοὶ,
3423 4144 3594 4196 καίτοι
3633 4146 3754 4198 ἑπι-

2213 4233 2500 4303 θυμοῦντες
2534 4231 2879 4295 παιδοποιεῖν,
2906 4233 2964 4285 οὐ
2993 4232 3257 4304 δύνανται.
3297 4233 3352 4286 '0
3380 4233 3436 4286 δὲ
3465 4233 3755 4303 Σύμμαχος

2213 4341 2396 4395 φησιν,
2449 4323 2638 4388 Αὐτὸς
2671 4313 2952 4390 ἐποίησεν
2992 4322 3147 4393 ἡμᾶς
3186 4328 3296 4377 οὐκ
3347 4323 3549 4388 ὄντας⁸
3583 4323 3752 4391 ἡμεῖς

2212 4415 2279 4467 δὲ
2311 4411 2459 4478 λαὸς
2483 4411 2670 4480 νομῆς
2701 4412 2882 4467 αὐτοῦ
2919 4413 3013 4466 καὶ
3046 4413 3301 4480 πρόϐατα
3324 4411 3518 4480 χειρὸς
3546 4412 3749 4466 αὑτοῦ.

2213 4505 2308 4556 Διὰ
2355 4501 2554 4556 τούτων
2596 4502 2654 4554 οὐ
2697 4501 2852 4570 μόνον
2878 4501 2974 4571 τὴν
3013 4501 3341 4562 δεσποτείαν,
3379 4501 3512 4554 ἀλλὰ
3541 4502 3631 4553 καὶ
3652 4499 3752 4572 τὴν

2172 4583 2184 4660 Ῐ
2215 4583 2531 4664 κηδεμονίαν
2563 4589 2879 4661 ἐγνώρισενο
2902 4591 2962 4643 οὐ
2982 4589 3147 4660 μόνον
3177 4589 3282 4660 γὰρ
3311 4590 3465 4660 ἡμῶν
3495 4590 3754 4662 δεσπότης

2216 4686 2379 4745 ἐστὶν,
2411 4682 2543 4736 ἀλλὰ
2566 4683 2657 4735 καὶ
2677 4681 2892 4750 ποιμὴν,
2914 4680 3009 4749 τὴν
3033 4680 3236 4750 ἀγαθὴν
3259 4681 3411 4752 ήμῶν
3436 4681 3755 4754 προσφέρων

2215 4777 2402 4844 νομήν.
2455 4773 2639 4842 Ἡμεῖς
2678 4771 2743 4824 δὲ
2763 4773 2909 4836 λαός
2949 4771 3151 4837 αὐτοῦ,
3190 4773 3264 4836 ὡς
3301 4772 3579 4843 βασιλέως,
3628 4773 3754 4843 πρό-

2216 4863 2351 4916 ϐατα
2386 4863 2440 4916 δὲ
2463 4863 2537 4926 ῶς
2564 4863 2814 4933 ποιμένος
2833 4878 2846 4892 ο
2875 4862 3000 4924 λαὸς
3027 4864 3074 4914 οι
3107 4863 3378 4934 κρείττους
3405 4863 3497 4914 καὶ
3527 4861 3755 4927 λογικώ-

2214 4971 2387 5023 τεροι·
2420 4951 2718 5024 πρόόαταοὶ
2739 4952 3149 5022 ὑποϐεϐηκότες,
3171 4953 3264 5005 uel.
3290 4952 3386 5022 τὴν
3418 4951 3754 5023 ἀλογωτέραν

2217 5043 2363 5106 τάξιν
2409 5045 2710 5112 ἐπέχοντες,
2749 5043 2840 5094 καὶ⁸
2869 5043 2942 5112 μὴ
3000 5043 3055 5094 ἐν
3082 5041 3245 5110 πείρᾳ
3283 5040 3388 5093 τῶν
3413 5040 3566 5092 Θείων
3603 5043 3754 5104 ὄντες

2216 5132 2434 5198 λογίων*
2470 5133 2608 5186 κατὰ
2647 5132 2724 5192 τὸ,
2767 5131 3138 5198 Ἑπλανήθην
3184 5130 3566 5196 ὡςπρόϐατον
3605 5132 3754 5184 (bro.

2215 5227 2422 5290 λωλός.
2482 5225 2624 5294 Πλὴν
2669 5222 2801 5275 ἀλλὰ
2854 5223 3066 5274 πάντων
3117 5218 3244 5281 Θεὸς
3275 5218 3347 5271 ὣν
3381 5221 3472 5273 καὶ
3504 5221 3750 5290 ποιητὴς,

2219 5315 2390 5368 πάντα
2411 5313 2557 5366 καὶεί
2594 5314 2685 5366 καὶ
2721 5296 3083 5376 eammeam.
3123 5307 3486 5376 Ἀνθρώπους
3521 5311 3624 5382 γὰρ
3652 5312 3754 5363 καὶ

2218 5405 2401 5471 κτήνη
2459 5401 2620 5462 aditet
2660 5405 2691 5455 ό
2725 5401 2893 5465 Θεός’
2933 5401 3054 5461 τοὺς
3084 5399 3200 5470 μὲν,
3231 5401 3303 5462 ὡς
3330 5401 3454 5454 λαὸν
3475 5401 3658 5463 αὑτοῦ,
3686 5400 3757 5454 τὰ

2219 5493 2292 5556 δὲ,
2323 5495 2395 5557 ὡς
2424 5493 2665 5564 πρόῦατα
2693 5491 2870 5562 χειρὸς
2896 5489 3074 5542 αὑτοῦ.

1219 5695 1250 5765 ²ᾼ
1274 5693 1414 5765 Esal.
1444 5713 1643 5762 cxvm,
1678 5699 1775 5761 73;
1806 5698 1905 5752 Job
1935 5713 2065 5764 vni,
2098 5699 2182 5753 10.
2257 5699 2276 5729 ³
2313 5697 2504 5755 Jerem.
2539 5713 2596 5764 ι,
2636 5697 2685 5753 5.
2763 5697 2784 5728 ⁵
2821 5695 2952 5751 Gen.
3005 5711 3140 5762 xxx,
3180 5698 3225 5750 1.
3254 5694 3461 5765 ‘Vulg.,
3523 5691 3758 5762 alioquin

605 5757 815 5814 morior.
889 5761 911 5792 '
948 5763 1072 5816 ibid.
1106 5763 1158 5815 ἓ.
1234 5763 1252 5793 ⁶
1291 5762 1426 5837 Psal.
1463 5757 1639 5822 cxvm'
1665 5757 1781 5824 176.
1854 5769 1885 5839 ⁷,
1911 5757 2063 5825 ΡδοΙξ
2093 5785 2262 5822 xxxv.
2300 5768 2344 5822 7.
