3976 6356
91 411 215 510 ηε.

1209 447 1698 508 COMMENTARM
1734 449 1800 506 IN
1827 447 2156 509 PSALIOS.

3117 458 3252 513 1242

153 568 466 624 meum:
516 572 602 637 εις
643 569 747 636 τὰς
782 573 978 636 aulae
1003 568 1189 623 αὐτοῦ
1239 569 1308 622 ἐν
1339 568 1617 636 ἐξομολο-

1786 566 1950 624 Vns.
2009 569 2066 625 4.
2134 554 2567 645 Ιηιτοίιερονίαδ
2626 570 2740 640 ejus
2787 571 2845 624 in
2899 571 3250 641 confusione,

90 654 277 725 τήσσι,
318 660 397 724 εις
427 659 531 726 τὰς
571 661 758 725 αὐλὰς
783 659 965 712 αὐτοῦ
1001 659 1070 712 ἐν
1125 658 1349 728 ὕμνοις.
1407 658 1628 726 Μνημο-

89 745 291 811 νεῦετε,
312 749 461 818 φησὶ,
481 749 587 802 τῶν
620 748 821 814 κακῶν,
852 751 908 802 εν
938 745 1017 812 οἷς
1049 748 1263 819 πρῶτον
1293 747 1626 812 ιξετάζεσθε,

91 837 180 890 ὅτε
205 838 416 909 μακρὰν
441 840 752 907 ὶτυγχάνετε
777 838 868 891 τοῦ
891 840 1092 907 Κυρίου
1119 840 1208 908 ὑφ’
1233 837 1434 909 ἑτέροις
1449 837 1654 921 δεσπόέ

93 941 214 989 ταις
242 930 492 998 πονηροῖς
516 927 784 997 ἀγόμενοι.
814 927 904 980 Διὸ
930 928 1004 992 ὡς
1037 927 1465 999 περιρραντηρίῳ
1485 926 1626 999 χρώ-

97 1033 245 1086 μενοι
264 1020 328 1089 τῇ
353 1018 458 1072 τῶν
484 1020 756 1090 προτέρων
788 1018 1138 1088 ἀσεϐημάτων
1167 1017 1420 1088 ὁμολογίᾳ
1463 1017 1626 1070 ιίσιτε

88 1109 168 1171 είς
191 1108 289 1172 τὰς
335 1109 502 1171 πύλας
545 1108 704 1162 αὑτοῦ
735 1108 1056 1179 θαρροῦντες
1079 1127 1092 1140 ·
1119 1109 1198 1161 ὅτι
1244 1107 1379 1177 μετὰ
1409 1108 1506 1172 τὰς
1534 1107 1628 1160 πύ-

88 1193 207 1257 λας,
237 1195 474 1247 τουτέστι
520 1194 654 1262 μετὰ
690 1193 786 1257 τὰς
808 1197 976 1266 ἀρχὰς
1001 1197 1094 1248 καὶ
1126 1195 1221 1258 τὰς
1259 1191 1477 1264 πρώτας
1519 1185 1656 1247 sic?

88 1281 241 1346 ὁδους
261 1283 359 1352 τῆς
392 1283 485 1336 τοῦ
516 1284 646 1337 Θεοῦ
673 1285 932 1350 δουλείας,
963 1288 1042 1349 είς
1067 1287 1134 1340 τὰ
1155 1285 1397 1364 ἐνδότατα
1417 1287 1508 1338 καὶ
1530 1285 1627 1348 τὰς

85 1369 252 1431 αὐλὰς
290 1369 657 1440 παρελθόντες,
692 1373 871 1426 οὐκέτι
907 1373 1164 1444 χρήσεσθε
1206 1375 1273 1442 τῇ
1311 1371 1626 1442 ἐξομολογή-

87 1470 188 1519 σει,
236 1456 348 1510 ἀλλ’
404 1457 583 1528 ὕμνοις
634 1458 816 1513 λοιπὸν
848 1466 957 1525 τοῖς
1006 1464 1082 1524 είς
1119 1461 1276 1514 αὐτὸν
1316 1461 1620 1531 σχολάσετε.

87 1546 297 1616 Ὥσπερ
327 1547 502 1616 μέντοι
537 1551 754 1604 εἰσιέναι
788 1551 866 1604 δεῖ
904 1553 1159 1623 πρότερον
1191 1552 1269 1614 είς
1300 1552 1396 1614 τὰς
1434 1550 1622 1616 πύλας,

87 1630 209 1688 εἶτα
232 1637 311 1698 εις
336 1636 434 1700 τὰς
460 1639 642 1704 αὐλὰς,
690 1639 857 1704 οὕτως
894 1629 1322 1712 ἐξομολογεῖσθαι
1366 1643 1623 1712 πρότερον

86 1723 190 1794 χρὴ
215 1724 284 1778 τὰ
313 1726 692 1799 ἁμαρτήματα,
734 1727 850 1784 εἶτα
881 1733 1064 1802 ὑμνεῖν
1089 1732 1181 1784 τὸν
1221 1731 1370 1796 Θεὸν,
1402 1733 1487 1784 ἵνα
1507 1770 1521 1794 ,
1555 1733 1649 1802 τῇ·

84 1811 458 1885 ιξομολογήσει
513 1818 871 1896 καθαρθείσης
904 1821 1003 1890 τῆς
1040 1820 1302 1890 γλώττης,
1335 1819 1566 1890 καθαρὸς
1594 1822 1622 1873 δ

1729 660 1868 711 atria
1894 659 2008 728 ejus
2029 660 2085 712 in
2110 659 2336 730 hymnis.
2379 657 2828 726 Coatsnomorate,
2869 662 3063 732 inquit,
3087 665 3249 730 mala,

1726 751 1782 803 in
1804 750 2002 819 quibus
2036 751 2186 818 prius
2222 750 2606 816 versabamini,
2634 751 2850 822 quando
2893 752 2960 806 ab
2984 754 3104 809 aliis
3127 771 3252 824 pra-

1724 841 1808 895 vis
1857 840 2091 896 dominis
2135 841 2374 906 abducti,
2397 842 2584 910 procul
2639 856 2671 895 ι
2725 841 2948 898 Domino
2989 845 3250 915 agebatis.

1725 930 1903 998 Quare
1925 932 2268 1000 pristinarum
2303 932 2636 1001 impietatum
2657 933 3015 997 confessione,
3045 950 3138 989 seu
3163 951 3254 994 as-

1726 1022 1950 1091 pergillo
1969 1021 2076 1092 usi,
2107 1019 2448 1091 ingredimini
2476 1029 2661 1091 portas
2690 1023 2808 1092 ejus
2859 1039 2981 1078 cum
3013 1024 3202 1080 fiducia
3233 1045 3246 1080 :

1723 1111 1848 1180 quia
1901 1104 2194 1168 secundum
2242 1119 2449 1180 portas,
2503 1111 2558 1165 id
2602 1119 2710 1175 est,
2760 1120 2882 1182 post
2910 1115 3170 1186 principia
3198 1125 3251 1171 et

1723 1203 1926 1271 primos
1955 1203 2231 1258 servitutis
2285 1203 2374 1257 Dei
2414 1203 2711 1274 ingressus,
2745 1204 2799 1260 in
2838 1206 3091 1263 interiora
3117 1216 3168 1262 et
3195 1209 3250 1264 in

1724 1292 1860 1344 atria
1891 1295 2257 1358 transeuntes,
2290 1307 2398 1346 non
2437 1293 2574 1347 ultra
2620 1293 2962 1350 confessione
3003 1293 3253 1365 utemini,

1723 1380 1816 1434 sed
1846 1381 2062 1450 hymnis
2094 1381 2343 1451 deinceps
2371 1383 2473 1451 ipsi
2526 1383 2768 1437 vacaturi
2803 1386 2958 1441 estis.
2986 1384 3252 1450 Quemad-

1722 1471 1939 1524 modum
1988 1471 2131 1525 enim
2169 1472 2343 1540 primo
2377 1473 2430 1525 in
2461 1483 2665 1542 portas,
2688 1473 2881 1529 deinde
2908 1475 2963 1529 in
2994 1476 3144 1531 aulas
3178 1477 3255 1530 ln-

1719 1559 1867 1629 gredi
1897 1574 2034 1629 opus
2063 1566 2167 1622 est,
2207 1561 2280 1614 ita
2310 1562 2483 1632 primo
2510 1571 2728 1631 peccata
2756 1564 2996 1619 confiteri
3019 1576 3250 1634 oportet,

1721 1653 1905 1716 postea
1944 1662 2072 1701 vero
2101 1647 2264 1702 Deum
2293 1648 2505 1717 hymnis
2534 1651 2825 1712 celebrare,
2855 1659 2936 1718 ut,
2961 1653 3140 1724 lingua
3158 1671 3255 1724 per

1719 1734 2109 1790 confessionem
2161 1746 2410 1807 purgata,
2461 1754 2628 1808 purus
2679 1739 2910 1828 hymnus
2976 1743 3250 1798 oﬂ'eratur.

1721 1821 1953 1877 —Vr:ns.
1976 1824 2026 1878 5.
2052 1823 2378 1894 Conﬁtemini
2399 1827 2499 1882 illi.
2525 1826 2751 1883 Landate
2777 1821 2955 1893 nomen
2976 1830 3109 1898 ejus,
3127 1846 3254 1900 quo-

85 1902 251 1972 ὕμνος
273 1909 670 1982 προσενεχθείη.
710 1913 1181 1983 Ἐξομολοτεῖσθε
1205 1913 1380 1977 αὐτῷ.
1402 1911 1624 1965 Αἰνεῖτε

1724 1915 1862 1966 niam
1895 1917 2066 1968 suavis
2095 1924 2171 1968 est
2212 1916 2495 1981 Dominus,
2517 1919 2758 1986 quoniam
2795 1919 2851 1972 in
2891 1930 3137 1974 internum
3162 1921 3257 1973 mi-

85 1995 149 2045 τὸ
201 1994 386 2065 ὄνομα
421 2001 627 2066 aurea,
668 2002 756 2056 ὅτι
787 2005 1046 2070 χρηστὸς
1093 2007 1126 2057 ό
1155 2005 1396 2072 Κύριος·
1429 2003 1516 2056 ὅτι
1543 2006 1628 2070 εις

83 2085 192 2136 τὸν
232 2085 415 2142 alitro
468 2089 533 2142 τὸ
579 2091 749 2156 ἔλεος
787 2092 990 2158 αὑτοῦ,
1035 2093 1134 2148 καί
1161 2094 1270 2160 ἕως
1294 2092 1499 2163 γενεᾶς
1529 2094 1650 2159 καὶ¹

85 2173 293 2242 Tanti;-
339 2179 378 2246 si
429 2178 673 2247 ἀλήθεια
708 2181 908 2235 αὐτοῦ.
933 2182 1164 2247 Δίκαιον,
1198 2185 1379 2254 φησιν,
1411 2187 1626 2256 εὑχαρι·

85 2265 228 2316 στεῐν
247 2265 342 2317 καὶ
361 2265 544 2337 ὑμνεῖν
571 2267 660 2321 τὸν
687 2270 906 2344 ἀρρήτῳ
940 2271 1307 2354 φιλανθρωπίᾳ
1331 2273 1623 2345 χρώμενον,

86 2353 181 2406 καὶ
205 2357 327 2417 ταῖς
357 2357 584 2424 ἀγαθαῖς
617 2360 965 2436 ὑποσχέσεσιν
1005 2363 1307 2423 ἐπιτιθέντα
1337 2365 1397 2418 τὸ
1434 2365 1625 2432 πέρας.

92 2442 158 2494 ’Δ
182 2443 292 2513 γὰρ
313 2446 403 2498 ἐπὶ
423 2449 517 2517 τῆς
537 2448 642 2502 τῶν
661 2452 934 2521 προγόνων
950 2454 1212 2522 ὑπέσχετο
1229 2455 1435 2520 γενεᾶς,
1457 2453 1625 2507 ταῦτα

86 2532 178 2586 hri
211 2535 311 2605 τῆς
345 2539 612 2608 ἡμετέρας
653 2541 994 2611 πεπλήρωκε,
1044 2544 1138 2596 καὶ
1173 2543 1238 2612 ἢν
1275 2543 1627 2614 ὶπήγγείλατο

89 2625 378 2695 σωτηρίαν,
405 2629 615 2698 ἀληθῶς
632 2629 938 2701 ἐδωρήσατο
958 2648 974 2663 ο
999 2635 1089 2685 καὶ
1117 2633 1176 2686 οὐ
1203 2633 1462 2688 παύσεταί
1499 2651 1623 2688 ποτε

87 2717 118 2784 ή
148 2717 227 2778 είς
243 2717 388 2787 ἡμᾶς
406 2718 713 2787 παράὐτοῦ
739 2707 998 2792 γενομένη
1025 2723 1324 2793 εὐεργεσία,
1339 2726 1456 2795 ἥτις
1481 2729 1625 2780 ἐστὶν

86 2805 329 2876 ἀλήθεια,
356 2807 492 2860 κατὰ
510 2809 588 2872 τὸ,
605 2809 894 2877 Ἐμνήσθη
915 2809 1196 2880 διο-θήκης
1215 2815 1398 2869 αὐτοῦ
1421 2817 1508 2881 τις
1521 2815 1626 2869 τὸν

84 2886 302 2951 citra"
332 2895 365 2966 ἢ
390 2897 470 2961 τὸ,
512 2898 1004 2970 Ἐξομολογεῖσθε,
1037 2904 1156 2957 ἀντὶ
1179 2905 1291 2969 ωδ,
1345 2907 1432 2968 Ὠς
1460 2907 1627 2977 ἰατρῷ

84 2985 156 3038 τὰ
179 2985 278 3056 τῆς
295 2985 466 3058 ψυχῆς
499 2989 866 3060 ἀποψμνοῦτε
901 2992 1182 3063 τραύματα
1221 2995 1286 3066 δι’
1313 2993 1626 3065 ἐξομολογή-

89 3091 244 3146 αεως·
276 3076 604 3150 Θαρροῦντες
637 3081 696 3134 δὲ
720 3081 875 3135 τοῦτο
903 3084 1392 3156 πράττετε,
1432 3085 1625 3156 ἀληθὲς

87 3165 214 3235 περὶ
234 3165 391 3219 αὑτοῦ
423 3169 696 3237 μαθόντες,
728 3171 809 3222 ὅτι
867 3153 1066 3238 ἁγαθός
1089 3173 1200 3224 ἐστι
1227 3153 1318 3225 καὶ
1347 3153 1622 3237 πολυέλεος

217 3227 481 3327 ἀληθινός.
527 3259 619 3311 καὶ
650 3227 788 3314 ἐξιτά
818 3227 993 3314 πᾶσαν
1030 3227 1217 3329 γενεὰν
1257 3262 1504 3332 ἀληθείας
1533 3227 1624 3333 7i:-
1648 3227 1691 3286 ο

88 3363 280 3418 μουσιν
303 3350 350 3402 οἱ
375 3348 518 3418 λόγοι
539 3349 718 3405 αὐτοῦ.

353 3471 357 3474 ’
466 3505 751 3559 ΨΔΔΜΟΣ
787 3507 873 3577 re
907 3510 1122 3563 nam.
1163 3509 1240 3562 ιν.

161 3614 371 3678 Ἔλεος
393 3613 488 3665 καί
513 3613 708 3680 κρίσιν
727 3613 944 3683 ᾄσομαι
971 3629 1087 3678 σοι,
1109 3618 1307 3682 Κύριε·
1341 3617 1506 3685 ψαλῶ
1524 3619 1621 3673 καὶ

80 3701 340 3767 συνήσω
373 3705 442 3756 ἐν
479 3703 593 3768 ὀδῷ
634 3704 876 3773 ἀμώμῳ,
930 3708 1072 3761 πότε
1112 3708 1276 3774 ἣξεις
1321 3708 1468 3775 πρὸς
1513 3709 1622 3778 uti;

87 3793 249 3846 Ἥτοι
277 3793 368 3846 τὸν
399 3793 486 3846 σὺν
534 3794 677 3848 ἔλεον
700 3798 791 3849 καὶ
816 3797 910 3868 τὴν
952 3797 1049 3870 σὴν
1081 3799 1256 3869 κρίσιν
1294 3798 1508 3868 ᾄσομαι,
1534 3800 1623 3854 τὸν

79 3883 285 3954 τρόπον
325 3883 527 3948 διεξιὼν
554 3885 672 3938 καθ’
697 3887 755 3939 ὃν
787 3887 1046 3955 πέφυκας,
1079 3889 1138 3941 οὐ
1168 3887 1376 3959 πρῶτον
1403 3889 1619 3959 κρίνειν,

78 3971 278 4026 ιπειτα
319 3972 483 4028 ἐλεεῖν
504 3990 516 4003 ·
566 3974 698 4027 ἀλλὰ
728 3975 934 4045 πρῶτον
955 3976 1160 4038 ἐλεεῖν,
1187 3975 1370 4029 ἔπειτα
1401 3978 1620 4046 κρίνειν,

79 4065 178 4118 καὶ
228 4065 370 4134 μετὰ
411 4065 810 4136 φιλανθρωπίας
853 4065 947 4118 καὶ
991 4065 1168 4128 ἐλέους
1219 4067 1478 4128 ποιεῖσθαι
1527 4067 1623 4130 τὰς

79 4153 408 4220 ἀποφάσεις.
446 4146 522 4224 ’ῌ
555 4153 662 4220 ἐγὼ
707 4153 881 4218 αὐτὸς,
916 4153 1058 4217 ἔλεος
1099 4155 1263 4207 ποιῶν
1303 4156 1398 4208 καὶ
1450 4157 1624 4227 κρίσιν

78 4241 174 4291 ιπὶ
207 4240 335 4301 τοὺς
372 4239 613 4310 πλησίον,
642 4239 823 4311 θαρρῶ
865 4241 1111 4310 παριέναι
1138 4242 1230 4295 ἐπὶ
1257 4242 1332 4312 τῷ
1369 4242 1509 4313 ᾅδειν
1545 4260 1624 4297 σοι

78 4330 175 4382 καί
222 4328 457 4396 ψάλλειν.
504 4329 708 4391 Συνιεὶς
743 4328 868 4396 γοῦν
914 4330 1058 4392 ὅπως
1099 4332 1203 4401 χρὴ
1237 4331 1391 4386 τοῦτο
1434 4335 1621 4397 ποιεῖν,

77 4421 182 4483 τὰς
209 4423 238 4472 ὲ
247 4418 444 4489 μαυτοῦ
466 4419 612 4482 ὁδοὺς
635 4418 1002 4488 ἀμώμουςκαὶ
1023 4420 1335 4491 ἀμέμπτους
1359 4423 1621 4492 φυλάττω,

78 4511 448 4581 πεπεισμένος
490 4509 671 4562 τοῦτον
707 4509 794 4563 τὸν
825 4509 1017 4580 τρόπον
1060 4511 1394 4580 ἀρεσκόντως
1434 4530 1514 4565 σοι
1558 4513 1623 4564 δι’
1652 4533 1700 4593 υ

78 4603 266 4672 ἔργων
293 4599 774 4669 ἀγαθῶνψάλλειν.
803 4599 995 4652 Λοιπὸν
1026 4595 1118 4652 οὖν
1148 4597 1248 4671 ἧκε
1283 4602 1416 4673 πρὸς
1461 4601 1550 4671 μὲ,
1578 4594 1621 4653 ὧ

80 4692 286 4763 Κύριε,
320 4691 527 4762 ἕτοιμον
553 4692 793 4761 εὑρήσων
825 4693 951 4761 παρ’
976 4692 1095 4761 ἐμοὶ
1121 4692 1311 4760 μονήν
1339 4691 1623 4761 ἐπειδήπερ

79 4782 271 4835 πάντα
293 4793 380 4851 μοι
403 4782 470 4833 τὰ
497 4779 632 4833 καλὰ
661 4780 1111 4851 παρεσκεύασται,
1139 4782 1469 4852 περιμένοντι
1499 4781 1622 4833 πότε

76 4868 245 4939 ἥξεις
281 4870 414 4939 πρὸς
447 4869 532 4941 μέ.
572 4869 994 4937 Διεπορευόμην
1029 4869 1099 4924 ἐν
1139 4870 1352 4935 ἀκακία
1386 4867 1624 4935 καρδίας

79 4943 228 5028 μου,
255 4960 325 5020 ἐν
354 4959 518 5029 μέσῳ
552 4959 653 5012 τοῦ
681 4960 847 5011 οἰκου
874 4976 1011 5026 μου.
1043 4960 1124 5012 Οὐ
1160 4958 1482 5026 προεθέμην
1514 4958 1623 5025 πρὸ

81 5050 414 5124 όφβαλμῶν
439 5049 670 5119 πρᾶγμα
696 5048 1031 5118 παράνομον
1052 5066 1065 5080 ο
1106 5050 1416 5112 ποιοῦντας
1447 5063 1626 5115 παρα-

80 5141 302 5205 ϐάσεις
351 5143 627 5210 ἐμίσησα.
680 5146 741 5195 υί
789 5143 884 5213 μὲν
936 5142 1118 5195 πολλοὶ
1171 5142 1276 5195 τῶν
1334 5137 1624 5209 ἀνθρώπων

83 5228 545 5302 σχηματιζόμενα
588 5233 722 5285 κατὰ
765 5232 861 5295 τὰς
909 5232 1106 5301 ἀγορὰς
1145 5230 1325 5301 σεμνοὶ
1357 5229 1626 5298 φαίνονται

82 5321 185 5373 καὶ
215 5309 522 5384 ⁶ὲπιεικεῖςο
567 5320 622 5372 ὲν
669 5319 723 5372 δὲ
769 5323 886 5384 ταῖς
939 5321 1140 5374 ἑαυτῶν
1182 5319 1369 5380 οἰκίαις
1392 5357 1408 5380 ,
1453 5317 1625 5377 οὐκέτι

82 5401 425 5482 κρύπτοντες
465 5411 554 5464 τὸν
603 5409 802 5467 ἑαυτῶν
846 5411 1058 5479 τρόπον,
1098 5409 1399 5478 ἐλέγχονται
1444 5406 1628 5478 φαῦλοί

81 5512 246 5560 τινες
265 5494 418 5558 ὄντες
435 5513 447 5525 ·
483 5498 591 5565 ἐγὼ
615 5497 690 5561 δὲ,
723 5498 902 5566 φησὶν,
933 5499 1000 5550 ἐν
1018 5498 1230 5563 ἀκακία
1256 5495 1492 5562 καρδίας
1513 5513 1628 5563 μου

81 5589 157 5644 ἐν
175 5586 354 5658 μέσῳ
378 5586 483 5640 τοῦ
514 5587 680 5640 οἴκου
709 5602 821 5653 μου
843 5587 1184 5654 ἐπορεύθην,
1215 5586 1310 5639 οὐκ
1340 5585 1473 5654 ἔχων
1498 5572 1628 5638 ἔσω-

85 5677 188 5732 θεν
219 5680 286 5730 ἐκ
314 5674 412 5743 τῆς
440 5675 659 5745 καρδίας
692 5692 790 5744 μου
817 5674 1052 5738 ἱειόντας
1077 5675 1445 5744 διαλογισμοὺς
1469 5692 1628 5744 πονη-

90 5767 248 5838 ρούς.
279 5765 544 5854 Οὐδέποτε
602 5763 727 5832 γοῦν
759 5764 895 5820 κατὰ
931 5767 1236 5837 προαίρεσίν
1278 5784 1326 5819 τι
1355 5766 1592 5835 ἥμαρτον
1611 5782 1625 5800 ο

1725 2004 2009 2058 sericordia
2032 2007 2168 2074 ejus,
2191 2015 2240 2059 et
2270 2023 2427 2075 usque
2459 2009 2514 2062 in
2556 2009 2928 2077 generationem
2963 2019 3013 2063 et
3051 2026 3254 2080 genera-

1725 2095 1914 2148 tionem
1943 2095 2129 2147 oeritas
2153 2097 2286 2163 ejus.
2315 2095 2742 2150 Consentaneum
2771 2105 2873 2160 est,
2906 2097 3097 2166 inquit,
3129 2092 3264 2168 ενα-ι’

1723 2184 1829 2238 tias
1866 2196 2045 2251 agere,
2079 2196 2142 2237 ac
2169 2199 2289 2237 eum
2312 2183 2526 2254 hymnis
2560 2185 2832 2240 celebrare
2874 2186 3250 2254 quiineﬂ'abili

1703 2285 1844 2340 erga
1869 2270 2116 2326 homines
2140 2272 2422 2327 clementia
2455 2281 2538 2328 est
2559 2289 2712 2338 usus,
2738 2281 2793 2329 et
2830 2275 2922 2344 qui
2951 2275 3106 2329 bonis
3135 2279 3251 2331 suis
3278 2277 3279 2280 “

1720 2363 2200 2431 pollicitationibus
2249 2367 2535 2418 terminum
2589 2367 2786 2434 posuit.
2842 2365 2974 2419 Nam
3028 2381 3145 2436 quae
3194 2367 3248 2420 in

1721 2468 2042 2521 proavorum
2073 2457 2416 2526 generatione
2459 2457 2799 2525 promiserat,
2834 2473 2895 2511 ea
2921 2473 3033 2512 aevo
3065 2465 3249 2512 nostro

1722 2545 1996 2613 implevit;
2022 2554 2076 2600 et
2103 2559 2261 2614 quam
2288 2547 2556 2615 pollicitus
2583 2558 2695 2601 erat
2723 2549 2966 2612 salutem,
2991 2565 3105 2604 eam
3127 2565 3251 2604 vere

1721 2633 2001 2705 impertiit;
2022 2651 2193 2705 neque
2222 2638 2364 2690 ullus
2384 2637 2504 2690 finis
2538 2637 2749 2690 futurus
2771 2645 2852 2691 est
2877 2639 2993 2705 ejus
3012 2654 3136 2707 erga
3151 2655 3252 2697 nos

1721 2725 1989 2789 beneﬁcii,
2027 2726 2165 2794 quod
2193 2733 2276 2779 est
2298 2726 2519 2788 veritas,
2545 2726 2838 2780 secundum
2861 2727 2992 2781 illud
3023 2743 3037 2778 :
3069 2725 3250 2782 Recor-

1721 2812 1875 2872 datus
1901 2821 1978 2867 est
2007 2815 2297 2866 testamenti
2325 2813 2408 2867 sui
2428 2814 2483 2866 in
2511 2815 2780 2874 sarculum;
2812 2823 2902 2868 aut
2934 2816 3085 2882 illud,
3118 2814 3251 2872 Con-

1721 2904 1960 2971 ﬁtemins',
2007 2905 2086 2960 sic
2126 2903 2496 2972 accipiendum
2568 2913 2670 2968 est,
2708 2904 2984 2975 Tanquam
3044 2908 3250 2964 medico

1721 2991 1914 3045 anima:
1958 2993 2180 3068 vulnera
2228 2991 2328 3062 ipsi
2383 3007 2478 3061 per
2539 2992 2932 3049 confessionem
2997 2994 3244 3066 detegite.

1721 3079 2063 3136 Confidenter
2084 3090 2263 3135 autem
2299 3080 2352 3135 id
2386 3083 2547 3152 agite,
2584 3083 2721 3139 bona
2755 3083 2819 3138 de
2860 3083 2979 3153 ipso
3005 3083 3246 3139 doctrina

1722 3166 1910 3221 imbuti
1945 3185 1959 3222 :
1985 3169 2239 3236 quoniam
2265 3170 2437 3223 bonus
2462 3176 2545 3223 est
2569 3176 2622 3223 et
2652 3172 2830 3224 multa:
2870 3173 3247 3227 misericordia:

1721 3262 1776 3310 et
1804 3268 1988 3321 verax,
2010 3262 2064 3311 et
2082 3256 2138 3310 in
2171 3257 2315 3310 omni
2346 3258 2690 3330 generatione
2720 3273 2998 3314 sermones
3018 3263 3134 3330 ejus
3163 3276 3247 3315 ve-

1719 3345 1896 3401 ritatis
1915 3346 2057 3415 pleni
2085 3353 2232 3402 sunt.

2023 3494 2028 3497 '
2075 3495 2391 3551 PSALMUS
2427 3482 2554 3550 lPSl
2591 3496 2809 3551 omo.
2849 3498 2910 3553 c.

1793 3609 1952 3666 Vna.
1992 3609 2049 3674 2,
2096 3610 2150 3665 ’5.
2189 3607 2599 3662 Hisericordiam
2649 3617 2696 3662 et
2724 3607 2981 3677 judicium
3029 3611 3249 3668 cantabo

1722 3699 1834 3764 tibi,
1861 3699 2078 3753 Domine
2100 3700 2356 3767 :psatlam
2396 3709 2444 3752 et
2483 3698 2764 3767 intelligam
2795 3699 2848 3753 in
2883 3697 2964 3752 via
2998 3701 3247 3754 immacu-

1722 3791 1851 3855 lata,
1891 3788 2096 3860 quando
2132 3791 2298 3844 uenies
2347 3789 2414 3841 ad
2438 3771 2565 3841 'me?
2600 3787 2654 3841 ld
2686 3796 2786 3854 est,
2827 3790 3245 3846 misericordiam

1721 3887 1866 3934 tuam
1895 3881 2230 3951 et'judiciom
2258 3888 2409 3934 tuum
2443 3881 2692 3944 cantabo,
2729 3881 2942 3936 modum
2969 3869 3246 3952 explicans

1721 3983 1828 4038 quo
1857 3968 2019 4032 soles,
2049 3983 2158 4022 non
2185 3967 2411 4035 primum
2444 3967 2709 4033 judicare,
2740 3967 2932 4023 deinde
2967 3969 3243 4034 misereri;

1723 4059 1817 4113 sed
1850 4057 2078 4126 primum
2101 4055 2364 4118 misereri,
2395 4064 2580 4125 postea
2606 4057 2870 4125 judicare,
2901 4072 2962 4109 ac
2989 4071 3109 4110 cum
3137 4059 3246 4113 cle-
3276 4052 3279 4055 ’

1723 4150 1916 4204 mentia
1949 4159 2000 4204 et
2031 4147 2393 4202 misericordia
2425 4131 2742 4202 Sententiam
2775 4149 2927 4203 ferre.
2948 4149 3124 4215 Quare
3149 4167 3246 4221 ego

1722 4239 1856 4308 ipse,
1897 4253 2016 4292 cum
2056 4239 2478 4294 misericordiam
2528 4250 2580 4295 et
2613 4242 2871 4310 judicium
2914 4257 3037 4312 erga
3073 4234 3247 4313 proxi-

1722 4343 1866 4383 mum
1913 4344 2212 4396 exerceam,
2258 4333 2427 4387 audeo
2460 4335 2714 4388 accedere
2745 4333 2812 4386 ad
2845 4327 3144 4388 canendum
3191 4341 3244 4388 et

1723 4420 2054 4490 psallendum
2085 4421 2202 4476 tibi.
2248 4421 2462 4479 Gnarus
2495 4425 2671 4491 itaque
2703 4437 2808 4491 quo
2848 4433 3005 4492 pacto
3037 4427 3088 4479 id
3125 4440 3244 4495 per-

1723 4523 1878 4578 agere
1904 4524 2038 4578 opus
2069 4511 2157 4574 sit,
2175 4511 2302 4565 -vias
2344 4526 2489 4564 meas
2519 4510 2814 4578 inculpatas
2855 4519 2908 4566 et
2940 4513 3246 4567 immacula-

1723 4609 1803 4652 tas
1843 4598 2108 4662 custodio,
2149 4612 2460 4670 persuasum
2488 4598 2690 4653 habens
2714 4600 2812 4653 hoc
2850 4601 3009 4655 modo
3039 4617 3121 4656 me
3148 4601 3243 4655 tibi

1721 4687 2038 4756 placiturum
2072 4702 2164 4756 per
2195 4671 2338 4742 bona
2367 4699 2525 4754 opera
2556 4685 2846 4755 psallendo.
2882 4685 2940 4740 ln
2975 4697 3243 4755 posterum

1723 4779 1902 4848 igitur,
1943 4793 1977 4832 ο
2015 4777 2256 4837 Domine,
2295 4777 2362 4829 ad
2389 4792 2472 4831 me
2500 4777 2704 4838 venias,
2730 4785 2965 4845 paratam
2994 4778 3130 4845 apud
3160 4793 3246 4832 me

1722 4869 2052 4922 mansionem
2073 4872 2382 4934 reperturus
2405 4883 2418 4919 :
2448 4864 2873 4935 quandoquidem
2904 4869 3079 4920 omnia
3105 4867 3242 4934 apud

1723 4973 1804 5012 me
1832 4958 1968 5011 bona
2001 4966 2183 5025 parata
2224 4966 2367 5017 sunt,
2397 4965 2796 5026 exspectantem
2823 4956 3035 5026 quando
3067 4957 3244 5011 venies

1680 5088 1681 5092 η
1723 5049 1788 5102 ad
1822 5063 1920 5102 me.
1963 5045 2392 5099 Perambulabam
2435 5049 2489 5100 in
2533 5049 2819 5102 innocentia
2855 5047 3022 5100 cordis
3056 5048 3244 5102 mei'in

1724 5139 1887 5192 medio
1941 5137 2120 5191 domus
2175 5154 2299 5191 mea:
2333 5153 2352 5191 :
2380 5155 2479 5191 non
2519 5139 2859 5206 proponebam
2906 5147 3026 5189 ante
3071 5138 3242 5191 oculos

1724 5246 1825 5283 rem
1855 5228 2122 5297 injustam,
2156 5228 2399 5297 facientes
2421 5230 2863 5296 pravaricationes
2896 5226 3048 5281 odiui.
3079 5225 3245 5280 Pleri-

1724 5333 1826 5388 que
1853 5333 1917 5371 οι
1946 5317 2254 5372 hominibus
2279 5318 2529 5373 ementita
2551 5318 2726 5387 specie
2753 5316 2806 5368 in
2835 5313 2951 5369 foro
2969 5330 3154 5384 graves
3190 5322 3242 5368 et

1725 5409 1875 5477 probi
1901 5407 2145 5461 videntur
2167 5423 2322 5472 esse;
2354 5406 2494 5460 domi
2521 5423 2664 5467 vero,
2699 5420 2804 5458 non
2829 5404 3104 5459 occultatis
3128 5417 3242 5457 mo-

1727 5499 1895 5558 ribus,
1922 5495 2144 5563 improbi
2170 5511 2288 5549 esse
2333 5494 2817 5562 deprehenduntur.
2855 5493 2964 5563 Ego
2985 5506 3128 5553 vero,
3159 5494 3240 5544 in-

1728 5585 1860 5654 quit,
1892 5581 2238 5650 perambulaoi
2270 5582 2323 5632 in
2346 5580 2634 5631 innocentia
2665 5577 2832 5630 cordis
2854 5579 2968 5636 mei,
2993 5576 3046 5627 in
3077 5576 3240 5628 medio

1728 5677 1905 5729 domus
1929 5688 2074 5734 mere,
2105 5672 2276 5725 nullas
2315 5670 2368 5723 in
2392 5684 2474 5724 me
2513 5667 3098 5736 habens'cogitationes
3128 5681 3231 5719 ma-

1730 5768 1806 5820 las
1838 5780 1901 5820 ex
1931 5762 2090 5819 corde
2127 5760 2461 5831 prodeuntes.
2490 5758 2765 5826 Nunquam
2792 5771 2928 5809 enim
2956 5770 3019 5809 ex
3049 5754 3237 5809 atlectu
