3976 6356
688 495 826 554 1243

1412 499 1676 558 EUSEBII
1703 501 2171 559 CESARIENSIS
2206 501 2352 556 OPP.
2390 503 2568 557 PARS
2605 501 2688 558 ΙΙΙ.
2729 534 2796 546 --
2830 503 3231 561 EXEGETICA.

3729 506 3867 598 me

688 611 976 682 peccabam
1006 617 1136 671 :sed
1175 617 1221 673 si
1265 618 1397 688 quid
1439 620 1570 674 mihi
1603 620 1918 676 humanitus
1951 619 2225 685 acciderit,

2336 621 2382 670 εί
2407 619 2461 672 δὲ
2492 621 2582 672 καί
2614 638 2665 672 τι
2696 621 2888 692 συνέϐη
2935 619 3284 689 ἀνθρώπινον,
3326 619 3436 672 ἀλλ’
3470 620 3526 671 οὐ
3554 610 3865 692 προθεμένου

690 703 744 757 id
771 720 876 758 non
901 721 966 760 ex
992 709 1268 776 proposito
1295 726 1416 765 meo
1449 711 1650 765 factum
1679 720 1782 767 est.

759 793 918 849 Vsus.
956 798 1007 853 4.
1052 797 1172 852 Νοη
1219 800 1439 855 adhwsit
1476 802 1600 855 mihi
1634 819 1722 856 cor
1756 819 1992 869 pravum.
2028 805 2232 860 Diaboli

689 886 934 951 consilia,
983 897 1170 959 utpote
1195 905 1314 960 qum
1356 901 1561 947 rectum
1609 895 1743 947 nihil
1773 895 2025 960 habeant,
2069 913 2232 966 prava

689 990 817 1031 sane
839 987 890 1032 et
915 993 1164 1047 perversa
1189 989 1497 1052 sunt,-qu:e
1525 1000 1824 1054 nunquam,
1862 986 1958 1047 ait,
1997 986 2050 1039 in
2074 987 2232 1042 corde

689 1068 922 1122 admisi:
954 1084 1153 1138 gnarus
1198 1086 1346 1138 vero,
1393 1089 1515 1129 eum
1564 1077 1657 1144 qui
1707 1076 1939 1130 adhaeret
1967 1077 2115 1148 justo
2144 1079 2232 1146 ju-

687 1168 831 1212 stum
881 1158 1016 1224 fore,
1049 1177 1259 1217 omnem
1304 1176 1618 1235 perversum
1672 1183 1756 1221 me
1808 1170 2119 1237 contingere
2170 1184 2232 1223 ac

687 1250 817 1302 mihi
857 1250 1125 1305 adhmrere
1151 1255 1474 1310 abnuebam.
1502 1255 1638 1309 Nam
1679 1268 1882 1310 rectum
1917 1273 2082 1312 curvo
2107 1274 2230 1313 coa-

685 1340 824 1406 ptari
864 1344 1071 1410 nequit,
1100 1351 1287 1413 utpote
1316 1346 1460 1415 quod
1480 1346 1747 1415 quadrare
1782 1357 2030 1416 nequeat.
2064 1349 2233 1403 Decli-

685 1437 842 1481 nante
872 1447 903 1482 a
925 1448 1004 1484 me
1025 1434 1254 1504 maligno
1282 1452 1389 1489 non
1403 1435 1788 1504 cognoscebam.
1819 1435 1915 1490 Vir
1938 1437 2226 1507 perfectus,

685 1524 775 1591 qui
804 1539 898 1578 cor
934 1541 1247 1603 perversum
1286 1543 1394 1583 non
1434 1529 1592 1584 habet
1623 1531 1676 1583 in
1705 1531 1848 1600 quod
1873 1533 2044 1599 possit
2076 1535 2230 1587 mali-

683 1628 821 1681 gnus
849 1617 1082 1684 operari,
1116 1617 1225 1672 Deo
1265 1620 1542 1688 repletur;
1566 1621 1639 1673 ita
1671 1629 1729 1673 ut
1778 1623 2067 1692 malignus,
2103 1635 2226 1678 cum

686 1704 1029 1773 locum-apud
1054 1722 1176 1759 eum
1207 1721 1312 1760 non
1358 1707 1609 1776 reperiat,
1638 1708 1869 1764 declinet
1896 1711 1962 1765 ab
1987 1727 2050 1766 eo
2084 1731 2096 1766 :
2129 1714 2228 1767 de-

681 1793 918 1847 clinante
949 1805 1127 1854 autem
1154 1796 1266 1859 illo,
1300 1797 1494 1866 inquit,
1522 1813 1629 1852 non
1653 1801 2062 1869 cognoscebam,
2101 1804 2226 1872 quia

683 1885 982 1949 praesentiae
1023 1883 1142 1952 ejus
1173 1900 1334 1939 sensu
1383 1885 1670 1942 destitutus
1705 1904 1873 1955 eram,
1905 1892 1996 1960 qui
2027 1907 2126 1946 nec
2161 1894 2227 1947 de

2341 727 2440 779 μου
2467 710 2622 775 τοῦτο
2645 712 2872 778 ἐγένετο.
3203 759 3214 771 ,

2411 806 2527 856 Οὐκ
2557 803 2855 871 ἐκολλήθη
2883 821 2982 871 μοι
3015 801 3224 870 καρδία
3259 800 3514 869 σκαμϐή.
3546 801 3620 854 Τά
3647 801 3728 853 τοῦ
3756 801 3867 852 δια-

2337 893 2489 946 6όλου
2524 890 2879 964 βουλεύματα,
2916 895 3007 954 ἅτε
3042 894 3205 963 μηδὲν
3238 893 3389 956 εὺθὲς
3431 892 3634 962 ἔχοντα,
3661 889 3869 962 σχαμεά

2336 986 2395 1038 τέ
2446 988 2560 1038 ἐστι
2607 985 2698 1040 καὶ
2742 984 3162 1054 διεστραμμένα,
3214 985 3356 1053 ἅπερ
3409 984 3653 1035 οὐδέποτε
3700 986 3763 1046 ὲν,
3803 987 3866 1053 τῇ

2337 1077 2529 1146 καρδίᾳ
2550 1076 2903 1145 είσδέδεγμαι,
2935 1077 3115 1145 φησίν*
3146 1075 3296 1138 είδὼς
3332 1075 3406 1139 δὲ,
3437 1075 3517 1126 ὅτι
3547 1074 3573 1124 ὁ
3610 1073 3866 1143 κολλώμε-

2336 1180 2424 1226 νος
2468 1163 2654 1232 δικαίῳ
2698 1163 2898 1225 δίκαιος
2944 1163 3115 1228 ἔσται,
3155 1164 3328 1216 πάντα
3358 1163 3671 1232 διάστροφον
3708 1163 3869 1230 ἄνδρα

2337 1254 2690 1326 παρῃτούμην
2720 1253 3072 1307 συνάπτεσθαί
3101 1269 3190 1323 μοι
3227 1254 3318 1304 καὶ
3345 1252 3628 1306 κολλᾶσθαί
3666 1269 3764 1320 μοι.
3803 1251 3871 1302 Τὸ

2336 1346 2441 1416 γὰρ
2489 1345 2614 1397 εὐθὺ
2659 1343 2736 1414 τῷ
2783 1343 3022 1414 στρεόλῷ
3079 1343 3404 1412 ωναφθῆναι
3439 1343 3515 1395 οὐ
3561 1341 3766 1394 δύναται
3799 1342 3872 1404 ὡς

2335 1435 2686 1505 ἀνάρμοστον.
2734 1436 3143 1499 Ἐκκλίνοντος
3175 1434 3272 1487 ἀπ’
3309 1434 3451 1502 ἐμοῦ
3487 1433 3590 1485 τοῦ
3621 1431 3872 1498 ποντμῦ

2329 1530 2442 1580 οὐκ
2483 1527 2825 1595 ἐγίνωσκον.
2865 1525 3180 1587 Ὀιτὲλειος,
3225 1524 3444 1594 καρδίαν
3491 1524 3731 1593 σκαμθην
3777 1523 3874 1574 οὐκ

2333 1615 2489 1684 ἔχων,
2523 1617 2600 1677 είς
2649 1616 2710 1685 ἣν
2740 1617 2975 1685 ἐνεργεῖν
3015 1617 3042 1667 ὁ
3079 1612 3308 1684 πονηρὸς
3349 1612 3586 1676 δύναται,
3625 1611 3712 1664 τοῦ
3741 1609 3871 1663 Θεοῦ

2334 1706 2684 1774 πεπλήρωται
2704 1721 2716 1734 ⁸
2753 1704 2888 1757 ὥστε
2936 1705 3025 1757 τὸν
3070 1704 3318 1772 πονηρὸν,
3369 1702 3443 1773 μὴ
3486 1703 3671 1771 ἔχοντα
3716 1705 3872 1754 τόπον

2334 1795 2461 1863 παρ’
2506 1779 2672 1863 αὐτῷ,
2717 1793 2977 1864 ἐκκλίνειν
3029 1793 3122 1846 ἀπ’
3173 1791 3333 1845 αὑτοῦ
3359 1809 3371 1820 ”
3428 1792 3756 1871 ἐκκλίνοντος
3799 1791 3868 1850 δὲ,

2333 1885 2513 1953 φησὶν,
2548 1886 2646 1936 οὐκ
2689 1885 3025 1958 ἐγίνωσκον”
3051 1883 3127 1953 τῷ
3176 1883 3249 1961 μὴ
3293 1881 3543 1952 αἴσθησιν
3584 1883 3874 1950 παρουσίας

683 1973 777 2026 illo
807 1975 1129 2042 cogitabam,
1174 1992 1275 2030 nec
1321 1992 1457 2046 opus
1504 1994 1625 2033 cum
1660 1981 1753 2034 illo
1791 1981 2077 2036 habebam.
2107 1983 2225 2040 Haec

2325 1975 2494 2032 αὑτοῦ
2523 1975 2841 2046 ἐσχηκέναι·
2871 1975 2930 2027 οὐ
2953 1973 3058 2045 γὰρ
3085 1973 3368 2058 ἐνθύμημα
3395 1972 3615 2043 ἣὲργον
3647 1971 3748 2024 τῶν
3781 1971 3876 2024 αὖε

685 2077 848 2129 porro
891 2063 1155 2133 intelliges
1185 2079 1399 2134 quoque
1440 2066 1505 2120 de
1552 2067 1768 2123 homine
1807 2071 2061 2140 maligno,
2088 2076 2229 2142 quia

685 2168 783 2206 nec
810 2169 932 2207 cum
963 2154 1261 2219 accederet,
1287 2171 1384 2210 nec
1409 2172 1530 2210 cum
1561 2159 1879 2223 discederet,
1912 2157 2227 2233 sentiebam,

686 2241 758 2292 ita
792 2242 1078 2310 pestiferos
1109 2244 1356 2300 homines
1391 2245 1805 2316 vilipendebam,
1841 2266 1903 2304 ac
1935 2267 2044 2311 non
2071 2268 2230 2308 nosse

682 2332 1000 2387 simulabam
1047 2353 1059 2386 :
1114 2350 1213 2389 nec
1270 2337 1414 2390 enim
1477 2337 1736 2406 dignabar
1789 2342 1994 2400 amicus
2042 2359 2228 2398 eorum

681 2435 821 2476 esse.
850 2422 986 2475 Num
1019 2424 1143 2491 quia
1172 2426 1435 2492 superbus
1467 2427 1564 2480 es?
1597 2426 1964 2497 Nequaquam,
1998 2432 2110 2498 ait;
2135 2435 2228 2488 scd

681 2513 863 2567 sciens
894 2513 1046 2574 illud,
1071 2500 1418 2580 Corrumpunt
1449 2531 1611 2569 mores
1637 2516 1793 2570 bonos
1822 2519 2079 2590 colloquia
2112 2540 2230 2588 pra-

683 2618 744 2655 va
763 2601 806 2665 ⁸,
841 2618 962 2655 cum
993 2604 1147 2656 malis
1175 2605 1485 2660 societatem
1515 2622 1621 2661 non
1650 2609 1868 2662 inibam.

748 2771 912 2827 Vsus.
957 2777 1008 2828 5.
1051 2774 1409 2830 Detrahentem
1454 2790 1644 2834 secreto
1680 2785 1916 2850 proximo
1949 2803 2062 2853 suo,
2093 2789 2228 2844 hunc

678 2863 1037 2931 persequebar.
1067 2865 1199 2919 Cum
1221 2868 1520 2933 hominem,
1560 2871 1754 2940 inquit,
1803 2881 1914 2928 tum
1955 2878 2226 2946 cogitatio-

681 2969 802 3022 nem
833 2954 963 3007 mihi
1003 2956 1205 3025 aliquid
1233 2959 1354 3011 mali
1379 2965 1896 3032 contraquempiam
1928 2982 2225 3036 suggeren-

678 3049 809 3125 tem,
833 3059 899 3096 ex
929 3046 1089 3099 corde
1120 3047 1380 3114 pellebam
1409 3057 1468 3102 ut
1490 3064 1677 3105 canem
1705 3053 1842 3106 clam
1862 3057 2218 3118 mordentem».

677 3131 811 3188 Nam
839 3137 917 3188 vir
940 3137 1163 3204 probus,
1196 3139 1284 3207 qui
1322 3139 1375 3193 in
1405 3142 1657 3198 omnibus
1689 3144 1914 3201 ﬁdenter
1952 3165 2112 3218 agere
2141 3167 2222 3205 so-

681 3226 772 3288 let,
814 3226 954 3280 sicut
978 3243 1040 3279 ea
1075 3244 1193 3295 qua:
1222 3231 1358 3284 clam
1393 3240 1646 3301 aguntur,
1687 3244 1868 3304 utpote
1898 3240 2222 3296 confusione

680 3315 860 3382 digna,
893 3326 1197 3384 aversatur;
1245 3320 1316 3373 ita
1352 3329 1561 3376 secreto
1590 3332 1778 3377 contra
1812 3331 2114 3398 quempiam
2139 3333 2222 3386 vel
2250 3315 2273 3342 V

681 3403 858 3459 dicere
889 3407 1086 3475 aliquid
1114 3411 1195 3462 vel
1233 3411 1418 3466 audire
1446 3428 1554 3466 non
1588 3415 1814 3469 sustinet
1843 3437 1853 3470 :
1889 3407 2010 3471 nam
2043 3421 2094 3472 id
2130 3421 2224 3473 im-

683 3493 832 3563 probi
864 3504 916 3548 ct
944 3497 1216 3554 illiberalis
1246 3511 1388 3555 esset
1417 3521 1429 3555 :
1460 3519 1557 3558 nec
1577 3505 1839 3572 ejusmodi
1865 3524 1950 3562 res
1983 3510 2221 3578 periculo

683 3593 855 3649 vacat,
889 3604 1009 3641 cum
1044 3589 1319 3657 Scriptura
1353 3593 1535 3648 dicat:
1564 3593 1646 3649 Ne
1667 3614 1805 3652 ames
1838 3603 2126 3668 detrahere,
2161 3622 2223 3658 ne

680 3675 741 3728 de
793 3678 957 3730 medio
1006 3681 1285 3746 tollaris’;
1315 3692 1391 3746 et,
1442 3684 1620 3764 Nolite
1665 3689 1945 3768 detrahere_
1981 3696 2220 3765 invicem,

681 3767 890 3832 fratres,
935 3787 996 3822 ne
1025 3770 1117 3822 sub
1142 3773 1398 3839 judicium
1440 3778 1644 3838 cadatis
1665 3781 1728 3838 ¹⁰.
1766 3769 1903 3847 Quid
1935 3767 2004 3839 sit
2036 3788 2222 3842 detra-

681 3859 996 3927 here,quasi
1023 3865 1264 3932 exemplo
1281 3866 1660 3923 declarandum
1683 3880 1792 3926 est:
1823 3890 1930 3929 non
1961 3879 2130 3945 enim,
2157 3881 2224 3936 de

680 3948 862 4016 aliquo
887 3951 1024 4003 clam
1055 3954 1270 4022 obloqui
1309 3971 1522 4026 quoque
1551 3961 1729 4024 modo,
1771 3963 1902 4018 illud
1932 3974 2014 4022 est
2039 3967 2222 4023 detra-

681 4037 829 4094 here.
857 4037 1174 4110 Plerumque
1209 4044 1350 4097 enim
1380 4045 1446 4100 de
1470 4049 1651 4117 aliquo
1681 4060 1810 4106 tunc
1837 4054 2062 4110 absente
2083 4059 2223 4113 male

681 4128 973 4195 loquimur,
1016 4146 1123 4184 non
1172 4134 1314 4201 quod
1367 4135 1652 4194 detrahere
1695 4141 1797 4211 ipsi
1830 4145 2093 4214 velimus,
2126 4153 2221 4204 sed

681 4219 923 4274 dolentes
952 4222 1094 4288 quod
1129 4223 1175 4277 is
1209 4223 1440 4280 fortasse
1468 4228 1745 4297 improbus
1780 4235 1889 4288 sit:
1917 4244 2076 4305 atque
2110 4239 2222 4295 haec

682 4323 902 4363 narrare
933 4312 1209 4368 sludemus
1233 4314 1320 4375 iis,
1352 4317 1442 4385 qui
1477 4321 1699 4386 perinde
1730 4331 1815 4389 an:
1845 4340 1890 4378 te
1918 4337 2016 4380 n'os
2045 4342 2111 4382 ex
2136 4329 2221 4381 di-
2248 4363 2255 4371 -

684 4398 929 4452 lectionis
964 4398 1157 4454 all‘ectu
1190 4402 1254 4457 de
1277 4404 1368 4457 illo
1396 4415 1586 4460 curant
1609 4416 1661 4462 et
1699 4401 1913 4466 solliciti
1943 4423 2086 4469 sunt.
2119 4416 2221 4482 Qui

685 4489 846 4557 igitur
891 4491 969 4544 sic
1013 4499 1198 4544 contra
1252 4494 1522 4550 absentem
1572 4499 1827 4568 loquitur,
1884 4505 2219 4575 nequaqua‘m

2250 3285 2290 3342 C

2331 2066 2424 2120 τοῦ
2448 2067 2602 2136 ἔσχον
2630 2068 2757 2137 παρ’
2789 2064 2929 2134 ἐμοί.
2958 2065 3186 2133 Νοήσεις
3215 2063 3270 2115 δὲ
3306 2063 3478 2116 ταῦτα
3506 2062 3599 2114 καί⁸
3628 2062 3752 2131 περὶ
3781 2063 3874 2114 at.

2333 2157 2548 2226 θρώπου
2587 2155 2840 2228 πονηροῦ,
2887 2157 2966 2208 ὅτι
3008 2155 3122 2208 οὐδ’
3163 2153 3618 2224 ὅτεπροσῆλθεν,
3645 2152 3748 2204 οὐδ’
3788 2154 3876 2204 ὅτε

2331 2248 2590 2315 ἀνεχώρει
2622 2247 2864 2316 αἴσθησιν
2891 2243 3208 2314 ἐλάμϐανον,
3243 2243 3413 2306 οὕτως
3438 2245 3492 2295 ὲν
3526 2244 3693 2295 οὐδενὶ
3728 2242 3876 2312 μέρει

2331 2339 2624 2406 ἐποιούμην
2669 2338 2790 2398 τοὺς
2835 2335 3074 2405 λοιμοὺς,
3143 2336 3233 2387 καὶ
3277 2335 3425 2388 οὐδὲν
3472 2335 3664 2386 εἰδέναι
3713 2340 3866 2404 προσ-

2329 2426 2652 2496 εποιούμην⁸
2690 2426 2746 2478 οὐ
2783 2425 2888 2494 γὰρ
2927 2424 3108 2492 ἠξίουν
3138 2421 3458 2504 εἷναι-φίλον
3507 2424 3699 2477 αὐτῶν.
3734 2421 3878 2494 ’Δρα

2329 2519 2403 2582 ὡς
2444 2519 2814 2589 ὑπερήφανοςς
2863 2516 3143 2595 Οὐδαμῶς,
3192 2514 3385 2586 φησίν·
3443 2514 3554 2568 ἀλλ’
3596 2512 3769 2584 εἰδὼς,
3801 2517 3880 2566 ὅτι

2329 2611 2676 2678 Φθείρουσιν
2714 2608 2826 2674 ἢθη
2854 2606 3080 2674 χρηστὰ
3113 2607 3330 2674 ὁμιλίαι
3353 2605 3556 2670 κακαὶ,
3586 2605 3656 2667 οὐχ
3675 2604 3880 2657 συνδιε-

2327 2700 2549 2770 τιθέμην
2581 2703 2688 2762 τοῖς
2718 2700 2988 2769 πονηροῖς.

2404 2791 2510 2843 Τὸν
2538 2791 2988 2866 καταλαλοῦντα
3018 2789 3206 2856 λάθρα
3234 2788 3338 2841 τὸν
3376 2789 3640 2855 πλησίον
3670 2786 3880 2846 αὐτοῦ,

2309 2881 2537 2933 ,τοῦτον
2560 2880 2890 2946 ἑξεὸίωκον.
2936 2880 3046 2932 Καὶ
3076 2878 3380 2948 ἄνθρωπον,
3418 2878 3569 2948 φησὶ,
3601 2878 3692 2930 καὶ
3736 2877 3880 2957 λογι-

2329 2971 2461 3049 σμὸν
2487 2964 2853 3023 ὑποϐάλλοντά
2885 2987 2935 3022 τι
2973 2957 3209 3040 πονηρόν
3239 2987 3327 3038 μοι
3373 2965 3515 3049 κατά
3535 2986 3673 3031 τινος
3697 2968 3881 3031 ὲξὲὁαέ

2326 3040 2413 3116 λον
2443 3063 2504 3113 ὲκ
2544 3061 2642 3129 τῆς
2683 3060 2901 3130 καρδίας
2940 3076 3058 3128 μου,
3100 3061 3172 3122 ὡς
3215 3059 3348 3111 κύνα
3388 3047 3800 3130 λαθροδήκτηνν
3828 3061 3881 3111 Ὁ

2325 3153 2432 3222 γὰρ
2471 3151 2770 3212 σπουδαῖος,
2808 3151 2862 3202 ὲν
2904 3148 3062 3201 παντί
3092 3166 3167 3218 τῳ
3211 3149 3521 3224 παρρησίαν
3558 3150 3701 3218 ἔχειν
3751 3151 3876 3216 ἁγα-

2326 3243 2464 3306 πῶν,
2492 3242 2676 3311 ὥσπερ
2716 3241 2783 3293 τὰ
2827 3239 2999 3310 λάθρα
3045 3238 3290 3310 δρώμενα
3331 3239 3408 3308 τῷ
3453 3238 3714 3308 αἰσχύνης
3751 3237 3882 3292 εἷναι

2322 3333 2466 3399 ἀξια,
2507 3335 2882 3402 παραιτεῖταγ
2928 3332 3068 3384 οὕτω
3109 3331 3200 3384 καὶ
3248 3331 3308 3383 τὺ
3353 3330 3529 3398 λέγειν
3577 3330 3607 3400 ἢ
3659 3332 3882 3383 ἀκούει»

2321 3424 2464 3476 κατά
2500 3439 2642 3483 τινος
2689 3420 2928 3492 κρύϐδην
2967 3421 3066 3472 οὐκ
3111 3421 3384 3490 ἀνέχεται·
3425 3421 3730 3496 κακοήθους
3781 3424 3884 3492 γὰρ

2321 3515 2413 3566 καὶ
2449 3511 2792 3582 ἀνελευθέρου
2838 3511 2898 3562 τὸ
2937 3511 3156 3581 χρῆμα,
3189 3504 3496 3585 ,ἐπήρτηται
3536 3513 3591 3564 δὲ
3635 3513 3883 3575 κίνδυνος

2318 3602 2396 3672 τῷ
2434 3603 2748 3674 πράγματιί
2785 3605 2882 3672 τῆς
2926 3603 3143 3672 Γραφῆς
3191 3603 3483 3673 λεγούσης·
3529 3605 3622 3670 Μὴ
3670 3606 3884 3672 ἀγάπα

2321 3694 2694 3759 καταλαλεῖν,
2743 3694 2841 3745 ἵνα
2881 3692 3290 3761 μὴ-ἐξαρθῇς·
3337 3696 3449 3764 καὶ,
3476 3694 3569 3762 Μὴ
3615 3701 3882 3749 καταλα-

2319 3784 2476 3836 λεῖτε
2505 3783 2806 3848 ἀλλήλων,
2851 3786 3117 3852 ἀδελφοί,
3147 3786 3245 3838 ἵνα
3277 3786 3360 3852 μὴ
3392 3786 3508 3839 ὑπὸ
3540 3789 3752 3854 κρίσιν
3785 3789 3884 3838 πέρ

2321 3887 2482 3940 σητε.
2518 3874 2659 3925 Τίδὲ
2689 3876 2802 3925 ἐστι
2831 3873 2889 3925 τὸ
2917 3875 3230 3927 καταλαλεῖν
3257 3875 3330 3936 ὼς
3365 3877 3419 3927 ὲν
3455 3877 3608 3944 τύπῳ
3641 3879 3874 3946 παραδο-

2319 3965 2469 4018 τέοψ
2503 3965 2562 4015 οὺ
2605 3964 2712 4035 γὰρ
2742 3965 2801 4017 τὸ
2832 3946 3076 4018 ὁπωσοῦν
3107 3965 3280 4032 λέγειν
3321 3967 3444 4032 περί
3467 3984 3606 4028 τινος
3647 3971 3752 4019 καὶ
3785 3970 3878 4020 λά-

2321 4057 2424 4128 θρα
2448 4056 2650 4108 ἐκείνου
2680 4056 2993 4134 καταλαλεῖν
3017 4059 3130 4109 ἐστι
3147 4075 3159 4086 ·
3187 4057 3440 4120 πολλάκις
3462 4057 3590 4124 γοῦν
3619 4060 3880 4130 άγορεύα

2325 4148 2421 4214 μέν
2452 4165 2573 4200 τινα
2603 4148 2788 4210 κακῶς
2827 4149 3049 4214 ἀπόντα,
3089 4149 3148 4200 ού
3196 4147 3512 4202 καταλαλεῖν
3552 4150 3719 4202 αὐτοῦ
3759 4151 3882 4220 βου-

2320 4237 2546 4306 λόμενοι,
2581 4237 2712 4288 ἀλλὰ
2759 4237 3080 4307 λυπούμενοι
3124 4237 3210 4289 διὰ
3248 4238 3308 4290 τὸ
3356 4233 3490 4290 εἶναι
3536 4240 3702 4292 αὑτὸν
3755 4243 3881 4303 iam;

2321 4326 2517 4394 φαῦλον
2541 4343 2555 4357 ο
2609 4325 2924 4395 πειρῴμεθα
2965 4327 3020 4378 δὲ
3063 4327 3240 4394 λέγειν
3271 4317 3348 4382 ,τὰ
3388 4329 3513 4398 περὶ
3560 4329 3732 4380 αὑτοῦ
3765 4334 3883 4392 τοῖς

2318 4417 2572 4480 ὡσαύτως
2618 4422 2746 4488 ἡμῖν
2791 4409 3314 4488 κηδομένοιςάύτοῦ
3357 4421 3448 4472 καί
3502 4421 3884 4487 φροντίζουσιν

2320 4507 2425 4559 άπὸ
2462 4507 2750 4570 διαθέσεως
2788 4509 3027 4578 φιλικῆς.
3080 4511 3138 4563 '0
3190 4495 3469 4563 οὖνόὕτω
3513 4510 3690 4574 λέγων
3741 4515 3882 4562 κατὰ

685 4580 978 4634 maledicus
1007 4588 1090 4635 est
1118 4601 1129 4634 :
1164 4583 1316 4652 (nam
1350 4587 1643 4642 maledicus
1687 4605 1791 4642 non
1826 4592 1897 4642 ita
1919 4595 2026 4661 agit
2054 4599 2093 4661 ),
2127 4598 2219 4650 sed

2325 4599 2559 4666 ἀπόντος,
2580 4600 2637 4669 οὐ
2671 4598 2964 4673 κατάλαλός
2989 4587 3134 4651 ἔστιν
3155 4615 3169 4628 ·
3204 4598 3338 4650 ἀλλὰ
3367 4597 3597 4667 σπουδὴν
3629 4597 3750 4665 εχει
3788 4603 3884 4651 σὺν

685 4683 809 4752 cum
851 4673 1122 4740 voluptate
1155 4682 1346 4734 contra
1378 4681 1662 4745 quemdam
1692 4682 1952 4751 loquitur,
1977 4699 2084 4738 non
2116 4702 2225 4741 mo-

687 4757 821 4812 leste
856 4758 1034 4814 ferens
1064 4765 1210 4832 quod
1239 4765 1329 4818 ille
1365 4766 1492 4818 talia
1520 4772 1778 4836 patrarit;
1823 4773 1916 4826 sed
1958 4774 2023 4828 de
2069 4790 2131 4829 ea
2164 4791 2222 4830 re

686 4847 910 4903 laetatur.
966 4849 1094 4919 Ejus
1145 4870 1376 4924 namque
1421 4865 1571 4924 gesta
1626 4861 1898 4917 malevolis
1954 4876 2219 4931 recenset,

683 4942 776 5010 qui
825 4958 885 4995 ea
929 4952 1166 5012 relegere
1211 4956 1264 5002 et
1317 4950 1628 5003 renuntiare
1672 4963 1896 5018 possunt
1938 4957 2058 5010 aliis
2085 4957 2224 5027 bene

686 5034 888 5088 multis.
938 5034 1076 5101 Quid
1113 5038 1213 5092 sibi
1249 5041 1361 5092 vult
1399 5052 1574 5096 autem
1608 5043 1738 5096 illud
1775 5047 2218 5120 quodadjicitur,

686 5134 896 5188 secreto,
962 5143 1079 5181 cum
1126 5129 1299 5196 palam
1337 5132 1403 5184 sit
1443 5134 1734 5202 quamlibet
1779 5135 2218 5194 obtrectationem

686 5225 894 5269 secreto
924 5217 1081 5273 ﬁeri?
1109 5219 1201 5274 Vel
1226 5221 1278 5274 id
1313 5221 1443 5281 dicit
1482 5225 1626 5292 quod
1655 5229 1864 5296 agitur;
1901 5236 1992 5282 aut
2040 5231 2110 5283 ita
2141 5231 2221 5284 di-

685 5307 1059 5375 stinguendum
1109 5322 1194 5365 est
1229 5312 1692 5370 :obtrectatoruur
1730 5317 1988 5387 qUosda-n
2032 5330 2219 5374 contra

685 5405 976 5463 praesentes
996 5415 1176 5454 coram
1205 5403 1459 5471 obloqui;
1479 5403 1544 5454 hi-
1559 5419 1720 5472 porro
1749 5410 2141 5464 conviciatores
2166 5419 2220 5463 et

687 5488 1059 5540 contumeliosi
1110 5502 1324 5548 assueto
1369 5509 1518 5548 more
1567 5506 1858 5563 vocantur;
1911 5490 2002 5555 sed
2042 5512 2217 5555 tamen

689 5578 812 5641 quia
849 5588 1033 5631 contra
1066 5584 1365 5649 quempiam
1393 5586 1706 5655 loquuntur,
1753 5588 2082 5645 detractores
2107 5591 2219 5644 fue-

689 5665 829 5732 rint;
861 5670 951 5723 alii
981 5685 1106 5722 vero
1133 5671 1266 5725 clam
1298 5664 1689 5734 etabsentibus
1716 5679 1803 5744 iis,
1828 5680 2027 5749 quibus
2052 5682 2218 5749 male-

755 5841 780 5880 ³
816 5843 833 5896 l
868 5847 991 5901 Cor.
1027 5863 1114 5914 xv,
1150 5848 1235 5902 53.
1259 5889 1272 5916 ,
1373 5851 1390 5883 ’
1431 5850 1588 5929 Prov.
1627 5871 1714 5922 xx,
1769 5855 1851 5921 l3,
1890 5872 1988 5911 sec.
2027 5853 2184 5909 LXX.

2323 4689 2512 4759 ἡδονῆς
2553 4690 2666 4741 κατ’
2699 4689 2901 4739 ἐκείνου
2941 4687 3136 4754 λέγειν,
3173 4688 3271 4738 οὐκ
3309 4686 3603 4756 ἀχθόμενος
3653 4690 3754 4740 ἐπὶ
3802 4692 3882 4760 τῷ

2321 4779 2538 4832 τοιαῦτα
2562 4782 2762 4832 ἐκεῖνον
2783 4779 3164 4848 πεποιηκέναι,
3185 4777 3317 4830 ἀλλὰ
3340 4780 3428 4830 καὶ
3459 4780 3685 4853 χαίρων.
3717 4782 3880 4848 Λέγει

2321 4868 2446 4935 γοῦν
2472 4869 2695 4931 ἐκείνοις
2715 4869 2784 4921 τά
2816 4869 2941 4937 περὶ
2971 4867 3131 4919 αὑτοῦ
3161 4871 3271 4931 τοῖς
3305 4869 3548 4938 μισοῦσιν
3570 4870 3759 4933 αὐτὸν,
3786 4877 3881 4926 καὶ

2321 4961 2623 5028 φανερῶσαι
2652 4961 2960 5025 δυναμένοις
2986 4960 3052 5012 δι’
3077 4959 3401 5028 ἐπαγγελίας
3435 4953 3637 5028 ἑτέροις
3666 4962 3876 5018 πλείοσι

2320 5049 2385 5101 τὰ
2427 5051 2551 5120 περὶ
2580 5051 2760 5103 αὑτοῦ.
2789 5051 2850 5102 Τί
2879 5051 2934 5104 δὲ
2969 5050 3208 5120 βούλεται
3242 5050 3624 5120 προσκείμενον
3656 5053 3743 5115 τὸ,
3770 5057 3876 5107 .Za'r

2321 5141 2444 5204 θρα,
2482 5140 2710 5210 φανεροῦ
2735 5141 2899 5204 ὄντος,
2930 5142 3008 5193 ὃτι
3033 5143 3177 5194 πᾶσα
3210 5140 3507 5209 κατηγορία
3526 5139 3704 5211 λάθρα
3733 5145 3874 5212 γίνε-

2317 5246 2431 5294 ται;
2467 5232 2536 5284 Ἣ
2569 5233 2696 5283 αὐτὸ
2721 5232 2863 5300 λέγει
2887 5234 2946 5285 τὸ
2968 5232 3044 5295 ὃν,
3075 5229 3422 5300 ἢδιαιρετέον
3452 5229 3611 5295 οὓτω,
3647 5235 3734 5286 ὅτι
3762 5237 3877 5287 τῶν

2319 5326 2755 5395 κατηγορούντων
2789 5327 2955 5390 τινὰς,
2996 5327 3044 5378 oi
3087 5324 3181 5394 μὲν
3213 5324 3351 5376 κατὰ
3391 5325 3684 5395 πρόσωπον
3733 5346 3874 5398 παρ-

2317 5416 2471 5478 όντας
2517 5415 2898 5487 κακηγοροΰσι,
2941 5416 3164 5484 λοίδοροι
3203 5415 3258 5467 δὲ
3297 5409 3440 5471 οὗτοι
3474 5416 3569 5468 καὶ
3616 5415 3870 5487 ὑϐρισταὶ

2321 5503 2556 5570 συνήθως
2597 5504 2910 5556 καλοῦνται·
2942 5506 3088 5572 ὅμως
3121 5499 3209 5556 οὖν
3249 5501 3325 5572 τῷ
3351 5504 3493 5556 κατά
3520 5521 3666 5567 τινος
3694 5507 3870 5572 λέγειν

2318 5593 2597 5648 κατάλαλοι
2637 5591 2874 5646 ἂν-εἷενο
2908 5594 2955 5643 οί
2998 5592 3054 5644 δὲ
3102 5592 3270 5660 λάθρα
3317 5593 3407 5644 καὶ
3460 5594 3713 5648 ἁπάντων
3761 5594 3869 5647 τῶν

2319 5684 2795 5752 κατηγορουμένων
2843 5684 3052 5746 λέγουσι
3098 5682 3213 5734 κατ’
3259 5683 3456 5736 αὐτῶν.
3513 5685 3618 5737 Τὸν
3672 5684 3870 5754 ταύτην

2327 5858 2365 5888 ¹⁰
2403 5855 2513 5912 Jac.
2550 5875 2620 5922 iv,
2660 5862 2734 5912 ll.
