3950 6350
43 522 167 579 ιειδ

1166 514 1665 575 (ΞΟΜΜΕΝΤΔΒΙΑ
1696 513 1763 571 IN
1801 513 2130 574 PSALMOS.

3073 508 3208 566 ιειε

39 636 122 694 οὖν
149 638 333 710 ἔχοντα
356 638 452 711 τὴν
479 637 629 705 τάξιν
654 635 930 694 ἐπιδιώκειν
958 638 986 690 6
1008 635 1159 704 ἃγιος
1181 636 1347 705 λέγει,
1371 636 1431 688 οὑ
1454 635 1578 699 τοὺς

1687 634 1901 698 dicitur,
1929 634 2318 705 obloquuntur.
2346 632 2498 715 .Enm
2521 646 2653 688 vero
2684 630 2776 701 qui
2806 628 2969 698 hujus
2987 626 3208 695 fordinis

39 734 113 793 είς
136 730 419 801 πρόσωπον
463 728 1004 799 διαλοιδορουμένους.
1046 726 1280 790 Ἐκεῖνος
1308 726 1420 797 γὰρ
1456 724 1573 779 καθ’

40 816 96 873 οὗ
116 822 166 875 αἱ
190 820 523 891 βλασφημίαι
546 820 583 890 ἢ
603 818 787 892 παρὼν
810 819 1221 891 ἀπολογήσεται,
1245 819 1280 889 ἢ
1306 817 1577 887 ἐλεγχθεὶς

40 913 125 965 ἐπὶ
148 911 222 982 τῷ
246 911 483 975 τοιοῦτος
514 907 671 971 εἶναι,
705 909 1137 981 αἰσχυνθήσεται.
1178 909 1403 962 Δυνατὸν
1435 910 1578 961 ἀντι-

40 1002 426 1055 διαστέλλεσθαι
449 1002 547 1073 τὴν
578 1000 749 1071 λάθρα
780 1001 1065 1069 γινομένην
1089 999 1413 1053 καταλαλιὰν
1444 998 1576 1068 πρὸς

42 1094 129 1162 τὴν
160 1095 247 1146 ἐπὶ
276 1093 473 1165 κριτῶν
506 1092 855 1163 κατηγορίαν.
892 1093 1001 1145 Καὶ
1031 1092 1139 1163 γὰρ
1171 1090 1307 1161 αὕτη
1330 1090 1407 1160 τῷ
1434 1091 1575 1158 γένει

44 1183 345 1261 καταλαλιὰ,
370 1182 480 1237 ἀλλ’
508 1185 567 1236 οὑ
598 1182 771 1254 λάθρα
801 1184 1082 1253 γινομένη.
1110 1181 1332 1254 Καρπὺς
1357 1181 1455 1252 μὲν
1484 1176 1575 1233 οὖν

44 1273 263 1336 διανοίας
309 1272 667 1345 ἁγιοπρεποῦς
714 1274 783 1326 τὸ·
818 1273 1193 1343 παραιτεῖσθαι
1238 1273 1361 1335 τοὺς
1413 1288 1579 1341 πονης

48 1364 183 1435 ρούς·
213 1366 445 1436 ἐσχάτης
480 1366 536 1419 δέ
570 1366 831 1436 πονηρίας
862 1367 1131 1430 ἀπόδειξις
1159 1364 1218 1418 τὺ
1262 1363 1575 1419 καταλαλεῐν
1606 1403 1611 1407 .

46 1456 279 1525 ἀδελφοῦ,
310 1459 400 1511 καὶ⁵
431 1457 600 1512 ταῦτα
640 1458 830 1529 λάθρα,
860 1458 995 1513 ἀλλά
1040 1458 1113 1528 μὴ
1145 1459 1224 1519 είς
1268 1454 1571 1526 πρόσωπον,

48 1550 122 1601 [va
150 1550 218 1619 μὴ
251 1552 441 1621 παρὼν
462 1550 860 1622 ἀπολογήσηται
898 1553 927 1605 6
973 1547 1467 1620 κατηγορούμενος·
1498 1546 1574 1610 ὡς

47 1639 150 1703 ὅγε
194 1640 280 1707 ἐφ’
310 1642 461 1711 ἡμῶν
496 1642 679 1714 ἐτέρου
711 1641 1042 1718 καταλαλῶν,
1080 1631 1231 1700 οὗτος
1270 1636 1388 1691 οὑδέ
1423 1635 1575 1705 ἡμῶν

49 1730 346 1789 καταλαλεὶᾯ
369 1733 453 1800 ἐφ’
482 1733 678 1802 ἐτέρων
710 1718 980 1801 ἀφέξεται.
1011 1730 1168 1784 Ὅθεν
1199 1728 1302 1799 χρὴ
1335 1728 1424 1780 τὸν
1464 1742 1573 1778 τοι·

48 1820 189 1875 οὖτον
212 1820 286 1884 ὡς
326 1824 501 1879 κοινὸν
536 1822 724 1894 ἐχθρὸν
762 1822 985 1885 εἰκότως
1014 1809 1349 1881 ἐλαύνεσθαι,
1377 1818 1451 1879 ὡς
1487 1816 1575 1869 τὸν

49 1911 98 1965 ἐν
126 1912 425 1983 παραδείσῳ
461 1913 791 1983 μιμούμενον
812 1911 1095 1983 δράκοντα,
1118 1909 1176 1971 ὃς
1200 1907 1293 1960 τοῦ
1323 1906 1455 1959 Θεοῦ
1485 1922 1575 1957 κα-

49 2002 336 2075 ταλαλήσας
368 2005 466 2076 τὴν
505 2005 647 2059 Εὕαν
671 2006 966 2075 ἠπάτησεν.
1007 2003 1193 2071 Ἡμεῖς
1218 2000 1274 2052 δὲ
1317 1998 1453 2068 μήτε
1490 1995 1577 2049 λέ-

50 2095 440 2164 γωμεν-κακῶς,
475 2098 566 2149 καὶ
595 2100 704 2158 τοῖς
730 2094 971 2162 λέγουσιν
1000 2091 1163 2162 ἀκοὴν
1196 2090 1269 2160 μὴ
1299 2088 1581 2159 παράσχω-

55 2201 158 2254 μεν.
193 2185 395 2253 Ἀκοὴν
422 2186 509 2249 δὲ,
541 2187 692 2255 φησι,
733 2184 987 2253 ματαίαν
1011 2181 1094 2251 μὴ
1124 2178 1452 2249 παραδέξῃ·
1482 2178 1583 2233 οὑκ

53 2273 177 2341 εἷπε,
215 2278 285 2348 μὴ
316 2277 630 2349 πιστεύσῃς,
674 2276 827 2337 ἀλλὰ,
855 2275 938 2344 μὴ
964 2273 1288 2342 παραδέξῃ.
1320 2270 1408 2325 Διὸ
1436 2270 1529 2324 καὶ
1554 2270 1583 2321 6

54 2369 346 2439 Προφήτης,
396 2368 765 2432 Ἐξεὸίωκοη
789 2369 957 2438 φησινΓ
973 2365 1077 2420 τόν
1099 2362 1549 2420 καταλαλοῦντα
1568 2378 1580 2390 ·

54 2461 139 2512 οὐκ
170 2457 332 2514 εἶπεν·
362 2461 473 2514 Οὐκ
495 2462 799 2525 ἐπίστευον,¹
820 2460 878 2531 ἦ,
908 2445 981 2513 σύ
1010 2457 1381 2529 παρεδεχόμην
1407 2455 1473 2506 τὰ
1500 2442 1593 2505 λεέ

58 2551 272 2619 γόμενα·
305 2551 440 2606 ἀλλὰ
471 2551 565 2605 καὶ
593 2551 668 2615 ὡς
704 2550 893 2621 ἐχθρὸν
928 2549 1252 2617 ἀπήλαυνον.
1282 2543 1413 2597 Εἰπὲ
1452 2540 1584 2609 πρὸς

56 2640 134 2694 ¹ῑὶον
181 2640 595 2705 ωταλαλοῦντα,
644 2636 823 2709 Ἔχεις
869 2639 1147 2691 ἐπαινέσαι
1203 2634 1339 2695 τινὰ,
1389 2631 1586 2698 ἀνοίγω

63 2731 141 2811 τὰς
160 2731 339 2795 ἀκοὰς,
371 2732 457 2785 ἵνα
490 2732 721 2800 δὲξωμαι
764 2730 832 2782 τὰ
867 2728 1045 2799 μύρα·
1088 2725 1269 2787 κακῶς
1300 2724 1471 2785 θέλεις
1513 2725 1588 2773 εί-

62 2825 183 2886 πεῖν,
210 2822 535 2893 ἀποφράττω
569 2822 666 2892 τὴν
698 2820 897 2873 εἴσοδον
939 2821 1049 2880 τοῖς
1094 2818 1325 2887 ῥήμασιν
1346 2831 1360 2845 ·
1394 2816 1454 2867 ού
1481 2813 1588 2882 γὰρ

70 2911 298 2982 ὶνέχομαι
327 2913 529 2984 κόπρον
557 2912 648 2965 καὶ
674 2911 929 2982 βόρϐορον
947 2908 1205 2979 δέχεσθαι.
1247 2906 1587 2976 Ἐπιστόμιζε

64 3002 137 3053 τὸν
162 3000 551 3055 καταλαλῶντα
570 3004 626 3055 ἐν
650 3003 970 3065 ἀκοαῖςσου,
1000 3002 1085 3053 ἴνα
1109 3000 1181 3071 μὴ
1204 2998 1389 3069 διπλῆν
1416 2999 1590 3067 ἀμαρ-

62 3093 166 3146 τίαν
196 3095 289 3146 σὺν
319 3093 465 3164 αὑτῷ
506 3094 840 3164 ἁμαρτάνῃς,
886 3092 977 3144 καὶ
1010 3091 1199 3144 σαυτὸν
1230 3086 1453 3157 ὀλεθρίῳ
1483 3084 1589 3137 πά-

63 3182 131 3235 θει
156 3181 365 3248 ἐθίζων,
391 3184 637 3238 κάκεῖνον
662 3182 801 3236 κατά
830 3181 920 3235 τοῦ
958 3180 1181 3251 πλησίον
1210 3177 1463 3246 φλυαρεῖν
1493 3173 1591 3225 οὐκ

62 3274 380 3331 ἀνακόπτων.
410 3275 501 3344 Μὴ
525 3274 665 3344 διξνης
702 3272 797 3342 τὴν
825 3272 991 3341 ἀκοήν
1020 3286 1110 3323 σου
1150 3270 1215 3338 τῇ
1248 3264 1461 3336 γλώσσῃ
1496 3261 1589 3315 τοῦ

64 3367 360 3431 καταλάλου,
399 3366 528 3438 μηδὲ
559 3366 656 3437 τὴν
682 3364 925 3434 γλῶσσάν
956 3379 1050 3416 σου
1074 3365 1139 3430 τῇ
1168 3362 1301 3430 ἀκοῇ
1323 3356 1416 3411 τοῦ
1446 3355 1592 3425 φιλο-

61 3458 233 3527 ψόγου,
270 3461 437 3531 ἡδέως
464 3456 638 3512 λαλῶν
670 3457 703 3527 ἢ
747 3457 958 3510 ἀκούων
989 3454 1129 3508 κατὰ
1159 3452 1250 3506 τοῦ
1290 3450 1474 3514 πέλας,
1508 3448 1592 3500 ἵνα

68 3551 133 3622 μὴ
157 3552 383 3622 ἐκπέσης
408 3550 507 3620 τῆς
545 3547 781 3618 ἀγάπης,
816 3548 911 3600 καὶ
935 3546 1207 3615 ἀλλότριος
1244 3541 1468 3613 εὑρεθῇς
1496 3541 1593 3609 τῆς

65 3644 260 3696 αἰωνίου
278 3643 437 3711 ζωῆς.
464 3640 782 3710 Διαφέρειδὲ
800 3640 862 3690 τὸ
886 3643 1248 3703 κατακρτναι,
1281 3634 1341 3686 τὸ
1360 3631 1593 3690 ἐξουδε-

66 3730 261 3795 Hiram,
282 3734 375 3785 καὶ
396 3732 456 3783 τὸ
474 3726 905 3796 καταλαλῆσαι.
922 3714 1347 3791 Καταλανίῆσαι
1359 3722 1464 3794 γάρ
1481 3724 1593 3774 ἐστι

67 3822 117 3874 τὸ
158 3824 320 3874 εἰπεῖν
356 3820 495 3873 κατά
532 3835 692 3883 τινος,
734 3814 863 3879 οἷον,
908 3818 988 3869 ὅτι
1032 3814 1323 3885 Ἐψεύσατο
1367 3815 1395 3866 6
1426 3813 1591 3875 δεῖνα,

66 3914 115 3984 ἦ,
144 3911 464 3985 ὠργίσθη,ῆ
507 3910 844 3982 ὲπόρνευσεν,
884 3908 919 3979 ἡ
965 3924 1020 3961 τι
1069 3907 1327 3960 τοιοῦτον·
1372 3903 1594 3973 ἐλάλησε

66 4004 162 4075 γὰρ
176 4004 430 4074 ἐμπαθῶς
456 4003 514 4057 τὸ
542 4001 836 4073 ἁμάρτημα
858 4000 950 4053 τοῦ
976 3997 1223 4066 ἀδελφοῦ.
1242 3995 1595 4063 Κατακρῖναι

65 4095 116 4148 δέ
139 4098 247 4150 ἐστι
271 4096 331 4149 τὸ
354 4096 547 4159 εἰπεῖν,
580 4094 661 4147 ὅτι
704 4094 760 4145 ’0
784 4092 930 4145 δεῖνα
956 4089 1189 4158 ψεύστης
1217 4089 1351 4151 ἐστὶ,
1381 4088 1595 4157 πόρνος,

66 4186 290 4257 ὀργίλος·
322 4186 430 4241 ἰδοὺ
455 4185 560 4256 γὰρ
586 4184 900 4252 κατέκρινεν
927 4181 1094 4249 αὑτὴν
1122 4180 1217 4249 τὴν
1240 4178 1475 4232 διάθεσιν
1499 4180 1595 4247 τῆς

68 4277 230 4347 ψυχῆς
264 4275 449 4338 αὑτοῦ,
477 4274 569 4326 καὶ⁵
595 4274 904 4343 ἀπεφήνατο
928 4269 1046 4323 καθ’
1077 4268 1196 4322 ὅλου
1226 4268 1317 4321 τοῦ
1349 4268 1459 4338 βίου
1497 4270 1595 4321 αὑ-

68 4367 371 4435 τοῖκλάγων,
413 4367 493 4419 ὅτι
522 4364 723 4417 τοιόσδε
761 4362 905 4414 ἐστίν
925 4378 939 4393 ο
973 4360 1111 4431 ἄλλοι
1142 4360 1246 4431 γάρ
1272 4360 1387 4412 ἐστι
1426 4360 1486 4412 τὸ
1521 4361 1597 4412 εί-

74 4461 199 4523 πεῖν,
235 4455 615 4530 Ὠργίσθη,καὶ
645 4453 771 4509 ἄλλο
802 4454 883 4515 τὸ,
924 4434 1163 4523 Ὀργίλος
1183 4450 1346 4505 ἐστίν.
1390 4450 1594 4515 Ἐξου-

73 4548 378 4603 δεινῶσαιδέ
393 4549 506 4601 ἐστι
543 4546 602 4599 τὺ
628 4545 784 4605 οἱονεὶ
825 4542 1195 4614 βδελύσσεσθαι
1234 4542 1322 4596 τὸν
1351 4542 1589 4614 πλησίον,

76 4641 157 4693 καὶ
179 4638 534 4711 σικχαίνεσθαι
560 4636 634 4700 ὡς
659 4634 793 4706 ἀηδῆ
808 4650 959 4707 τινα*
991 4632 1020 4686 δ
1044 4633 1135 4686 καὶ
1161 4630 1252 4684 ro"i
1278 4634 1594 4699 κατακρῖναι
1628 4640 1672 4699 υ

76 4726 183 4781 ὸλεθ
190 4727 339 4799 ριώτε
347 4744 458 4800 ρον.

147 5004 221 5057 Οὐ
269 5002 509 5069 κατῴκει
550 5000 619 5053 ἐν
650 4998 816 5077 μέσῳ
868 4994 974 5065 τῆς
1020 4998 1209 5062 οἰκίας
1256 5012 1372 5064 μου
1420 4993 1603 5048 ποιῶν

83 5094 487 5163 ὑπερηφανίαν.
540 5093 685 5144 Ἀνω
736 5090 832 5159 μὲν
878 5088 1005 5159 περί
1056 5086 1208 5155 φίλου
1262 5085 1601 5163 ὑπερηφάνου

86 5161 278 5251 ἔλεγεν·
308 5183 539 5238 ἐνταῦθα
558 5182 620 5235 δὲ
648 5180 773 5252 περὶ
801 5179 1063 5249 ὑπηρέτου
1090 5176 1271 5247 φησὶν,
1302 5177 1382 5229 ὅτι
1405 5161 1606 5231 Οὐδένα

88 5275 183 5328 τῶν
224 5264 483 5345 ὑπεροψία
532 5273 823 5345 χρωμένων
868 5269 1107 5325 σύνοικον
1155 5270 1296 5339 ἔχειν
1336 5267 1602 5339 ᾑρούμην,

88 5364 193 5417 οὐδὲ
220 5364 491 5437 πρωτείων
520 5365 609 5416 καὶ
638 5362 942 5434 παρρησίας
974 5359 1185 5430 ἠξιοῦτο
1213 5361 1338 5429 παρ’
1368 5359 1506 5429 ἐμοὶ,
1532 5360 1605 5424 ὡς

90 5454 171 5507 τοῦ
207 5456 260 5507 ἐν
299 5455 444 5526 μέσῳ
478 5455 575 5524 τῆς
617 5452 787 5516 οἰκίας
827 5452 1130 5526 παρρησίαν
1175 5451 1266 5503 καὶ
1302 5444 1605 5521 ἐλευθερίαν

91 5544 280 5614 ἔχοντος
296 5562 307 5575 ·
341 5547 397 5598 ἐν
419 5544 568 5614 ὕψεσι
597 5544 703 5613 γὰρ
730 5544 984 5598 δεσπότου
1016 5545 1043 5596 6
1067 5540 1317 5603 τοιοῦτος.
1349 5542 1524 5595 Ποιεῖν
1549 5542 1605 5596 δὲ

95 5636 442 5708 ὑπερηφανίαν
473 5636 587 5690 ἐστὶ
620 5636 681 5689 τὺ
715 5637 849 5706 μετὰ
878 5635 1188 5699 ἀλαζονείας
1217 5634 1471 5703 ἐνεργεῖν.
1517 5633 1608 5685 Δέ-

92 5739 171 5792 γοι
194 5727 235 5780 6'
264 5727 346 5790 ἂν,
379 5727 467 5781 καὶ
491 5728 570 5781 ὃτι
594 5745 607 5758 ·
635 5727 706 5781 Ού
737 5727 967 5797 κατῴκει
993 5730 1047 5781 ἐν
1078 5728 1141 5796 τῇ
1168 5724 1358 5795 καρδίᾳ
1386 5742 1484 5795 μου
1523 5724 1609 5776 λο-

96 5816 270 5885 γισμὸς
307 5817 611 5872 ὑποϐάλλων
653 5818 1035 5888 ὑπερηφανίαν.
1084 5814 1293 5870 Ααλὼν
1333 5813 1506 5867 ἄδικα
1537 5818 1607 5868 οὐ

98 5908 435 5964 κατεύθυνεν
476 5908 725 5962 ἐνώπιον
766 5907 879 5963 τῶν
910 5903 1222 5966 ὀφθαλμῶν
1254 5922 1383 5960 αου.
1421 5902 1609 5960 Συντύ-

1612 1969 1652 2022 Β

1614 3313 1657 3377 C

1677 729 1769 791 sit,
1800 743 1859 783 se
1875 727 2074 799 pellere
2104 734 2328 782 sanctus
2352 726 2443 780 ille
2468 725 2552 779 vir
2587 722 2738 787 dicit,
2774 736 2880 779 non
2909 727 3086 775 autem
3115 732 3210 773 eos

1675 821 1767 890 qui
1792 834 1973 874 coram
2001 818 2395 873 conviciantur.
2431 808 2481 870 is
2505 815 2646 869 enim
2675 812 2730 866 in
2751 826 2908 883 quem
2931 809 3211 865 maledicta

1676 912 2061 981 conjiciuntur,
2090 910 2176 964 vel
2206 922 2441 979 pmsens
2472 921 2593 961 sese
2623 902 2895 975 purgabit;
2927 902 3009 955 vel
3049 916 3107 955 se
3136 908 3211 951 ta-

1676 1004 1777 1058 lem
1808 1016 1929 1057 esse
1960 1002 2260 1065 convictus,
2299 999 2501 1070 pudore
2552 997 2827 1051 allicietur.
2874 990 3055 1046 Potest
3085 990 3211 1043 item

1674 1090 1931 1161 distingui
1957 1088 2277 1163 obtrectatio
2302 1087 2443 1141 clam
2470 1086 2615 1141 edita
2648 1084 2716 1137 ab
2746 1080 3089 1137 accusatione
3125 1091 3213 1130 co-

1675 1199 1787 1239 ram
1806 1181 1987 1252 judice
2004 1180 2166 1235 facta.
2188 1178 2398 1234 Etenim
2418 1178 2535 1247 ipsa
2555 1189 2768 1247 quoque
2785 1173 2843 1227 in
2862 1186 3054 1243 genere
3071 1169 3215 1224 oblo-

1674 1276 1820 1331 cutio
1861 1274 1969 1330 dici
2000 1280 2212 1344 potest;
2252 1270 2344 1326 sed
2375 1284 2494 1339 quae
2530 1268 2668 1321 clam
2706 1278 2819 1320 non
2848 1264 2957 1317 ﬁat.
2987 1259 3215 1315 Fructus

1674 1372 1855 1439 itaque
1874 1374 2081 1423 sancta:-
2093 1366 2288 1420 mentis
2307 1362 2466 1417 fuerit
2483 1361 2742 1429 malignos
2760 1356 2993 1411 aversari
3011 1370 3024 1421 ;
3048 1360 3218 1409 extre-

1674 1476 1773 1514 ma:
1804 1472 1933 1514 vero
1964 1456 2179 1511 malitiae
2205 1459 2578 1523 argumentum
2599 1455 2788 1505 contra
2823 1439 3041 1499 fratrem
3074 1443 3221 1497 oblo-

1673 1550 1763 1619 qui
1784 1566 1799 1615 ;
1816 1548 1975 1618 idque
1992 1547 2131 1601 clam
2146 1558 2319 1615 neque
2336 1542 2390 1594 in
2407 1547 2719 1610 conspectu,
2745 1552 2814 1591 ne
2827 1535 2919 1606 qui
2936 1538 3221 1588 accusatur

1674 1656 1791 1697 sese
1816 1653 2043 1709 purgare
2072 1636 2278 1701 valeat;
2330 1635 2402 1688 ita
2441 1639 2499 1685 ut
2546 1630 2639 1700 qui
2690 1643 2871 1685 coram
2921 1625 3076 1681 nobis
3126 1623 3216 1677 alii

1673 1729 1961 1791 maledicit,
1985 1743 2052 1782 ne
2073 1726 2290 1796 quidem
2313 1739 2343 1778 a
2365 1723 2526 1777 nobis
2549 1719 2864 1776 vellicandis
2885 1730 3066 1771 coram
3097 1713 3222 1768 aliis

1660 1821 1961 1876 ‘abstineat.
2025 1816 2382 1884 Quamobrem
2456 1809 2766 1882 hujusmodi
2838 1807 3106 1862 hominem
3160 1808 3222 1857 ut

1676 1924 2017 1967 communem
2044 1909 2251 1963 hostem
2281 1905 2541 1976 repellere
2570 1907 2990 1956 consentaneum
3025 1891 3219 1955 fuerit;
3328 1908 3333 1913 η

1678 2007 1863 2071 utpote
1894 1999 1988 2069 qui
2024 1998 2174 2051 illum
2203 1996 2332 2051 olim
2363 1996 2415 2049 in
2449 1992 2698 2064 paradiso
2726 1990 3011 2043 draconem
3046 1981 3223 2036 imite-

1679 2068 1791 2155 tur,
1817 2068 2131 2157 quicontra
2182 2085 2346 2141 Deum
2396 2084 2724 2150 obloquens,
2778 2076 2943 2130 Evam
2987 2068 3222 2129 seduxit.

1678 2179 1787 2234 Nos
1832 2184 2013 2232 autem
2057 2180 2157 2229 nec
2186 2173 2595 2233 maledicamus,
2647 2181 2747 2222 nec
2780 2160 3226 2219 maledicentibus

1679 2285 1859 2325 aurem
1888 2267 2243 2342 praebeamus.
2272 2260 2523 2315 Auditum
2541 2298 2556 2323 ,
2592 2257 2784 2327 inquit,
2814 2269 3003 2308 vanum
3042 2268 3103 2306 ne
3127 2263 3226 2305 sa:-

1680 2359 1842 2428 cipias
1866 2372 1885 2409 :
1917 2337 2031 2409 non
2058 2355 2166 2416 ait,
2195 2368 2265 2407 ne
2292 2349 2519 2419 credas;
2570 2346 2683 2410 sed,
2710 2359 2770 2399 ne
2797 2342 3071 2411 excipias.
3102 2337 3228 2425 Ideo

1682 2413 1945 2519 P‘rOpheta
1965 2446 2117 2511 dicit,
2136 2413 2499 2498 Detrahentem
2528 2435 2895 2509 persequebar;
2920 2445 3093 2501 neque
3118 2413 3223 2483 ait:

1680 2540 1796 2596 Non
1826 2538 2107 2594 credebam
2126 2536 2196 2599 ei,
2224 2535 2307 2589 vel
2332 2553 2344 2588 :
2377 2531 2527 2585 Dicta
2556 2530 2675 2599 ejus
2706 2543 2814 2583 non
2839 2521 3182 2579 admittebam
3210 2535 3227 2584 ;

1684 2632 1776 2689 sed
1831 2640 1889 2686 ut
1943 2630 2220 2683 inimicum
2270 2624 2553 2695 pellebam.
2610 2619 2706 2673 Dic
2766 2614 3111 2671 detrahenti:
3169 2609 3228 2664 Si

1684 2722 1986 2797 quempiam
2010 2720 2231 2775 laudare
2261 2718 2366 2781 vis,
2398 2727 2556 2769 aures
2586 2709 2843 2780 aperiam,
2872 2712 2932 2759 ut.
2957 2710 3229 2770 unguenta

1686 2814 1979 2886 excipiam;
2008 2812 2091 2867 sin
2122 2808 2443 2869 maledicere
2470 2805 2634 2869 velis,
2677 2798 2856 2854 verbis
2886 2796 2993 2850 tuis
3024 2793 3227 2847 aditum

1686 2882 2061 2966 intercludam,
2090 2914 2262 2970 neque
2285 2898 2428 2953 enim
2459 2894 2641 2949 ﬁmum
2686 2900 2739 2946 et
2781 2890 2950 2943 lutum
2985 2882 3232 2952 excipere

1685 2997 1983 3053 sustinebo.
2014 2993 2087 3049 Os
2122 2992 2271 3050 frena
2301 2986 2602 3083 detrahenti
2664 2982 2731 3037 ad
2777 2994 2937 3035 aures
2985 2986 3127 3038 tuas,
3164 2988 3230 3047 ne

1687 3103 1810 3144 cum
1835 3088 1927 3142 illo
1958 3082 2190 3156 duplicis
2221 3070 2439 3151 peccati”
2480 3092 2609 3133 reus
2645 3073 2841 3130 evadas
2864 3110 2878 3135 ,
2929 3082 3050 3123 cum
3086 3071 3138 3120 et
3173 3070 3231 3117 tu

1687 3181 1914 3236 exitioso
1938 3177 2074 3231 mori
2108 3187 2413 3236 assuescas,
2448 3178 2501 3226 et
2534 3170 2682 3223 illum
2713 3180 2743 3218 a
2775 3159 3015 3218 susurris
3043 3161 3231 3211 contra

1690 3270 1989 3341 proximum
2025 3281 2134 3320 non
2158 3266 2483 3320 absterreas.
2517 3258 2595 3314 Ne
2640 3270 2824 3311 aurem
2858 3261 3003 3306 tuam
3036 3250 3231 3318 linguai

1691 3338 2019 3416 detrahentis
2048 3357 2308 3427 praebeas,
2346 3366 2518 3422 neque
2546 3349 2784 3418 linguam
2828 3352 2975 3397 tuam
3010 3338 3234 3392 auribus

1702 3450 1952 3521 vitupcria
2008 3443 2283 3501 amantis:
2331 3444 2509 3499 dulcia
2556 3440 2777 3508 loquare
2826 3442 2879 3488 et
2936 3430 3124 3485 audias
3167 3427 3235 3482 de

1692 3545 1955 3616 proximo,
1994 3556 2061 3594 ne
2088 3554 2117 3593 a
2146 3537 2407 3593 charitate
2433 3530 2652 3587 excidas
2677 3569 2692 3594 ,
2719 3533 2767 3581 et
2826 3540 2853 3578 a
2885 3522 2992 3577 vita
3031 3526 3230 3574 :eterna

1690 3638 1895 3692 alienus
1942 3631 2233 3688 inveniare.
2285 3625 2547 3681 Dill'erunt
2595 3626 2772 3673 autem
2826 3618 2966 3669 inter
3010 3627 3068 3666 se
3118 3627 3234 3663 con-

1690 3727 1954 3788 demnare,
2009 3722 2267 3791 despicere
2318 3724 2372 3772 ει
2415 3712 2705 3769 detrahere.
2762 3705 2896 3764 Nam
2931 3784 2935 3791 θ
2966 3700 3235 3756 detrahere

1689 3826 1773 3874 est
1801 3822 1988 3871 contra
2022 3810 2254 3884 aliquem
2287 3809 2446 3864 verba
2499 3805 2675 3859 facere
2700 3840 2715 3863 ,
2762 3784 3114 3866 verbi‘gratia
3154 3793 3235 3846 di-

1691 3922 1848 3962 cere:
1874 3903 1966 3957 ille
1988 3877 2148 3957 homo
2178 3898 2434 3953 mentitus
2456 3903 2560 3954 est,
2580 3898 2694 3953 aut,
2721 3888 2777 3940 in
2805 3886 2941 3940 iram
2967 3877 3233 3951 prorupit,

1692 4007 1784 4053 aut
1811 3995 2113 4050 mtecba'tus
2139 3997 2256 4054 est,
2288 3996 2380 4041 aut
2408 3984 2538 4055 quid
2574 3980 2783 4045 simile;
2840 3976 2889 4031 is
2934 3972 3077 4055 enim
3108 3982 3236 4040 pec-

1691 4080 1869 4144 catum
1900 4084 2079 4140 fratris
2106 4080 2191 4137 sui
2218 4094 2285 4135 ex
2312 4054 2477 4130 animi
2510 4078 2656 4127 motu
2673 4065 2947 4136 revelavit.
2979 4054 3235 4115 Condant-

1692 4195 1837 4244 και-ε,
1870 4175 1923 4231 id
1948 4182 2034 4230 est
2064 4171 2249 4227 dicere
2274 4187 2287 4222 :
2324 4164 2471 4219 Talis
2497 4162 2661 4217 homo
2685 4155 2913 4212 mendax
2944 4160 3057 4217 est,
3098 4162 3237 4203 mm-

1690 4272 1846 4332 chus,
1880 4263 2214 4327 iracundus;
2239 4273 2387 4322 nam,
2413 4262 2474 4310 ut
2506 4252 2678 4315 vides,
2715 4249 2892 4318 ipsum
2926 4242 3090 4298 animi
3119 4239 3239 4309 ejus

1691 4361 1938 4417 allectum
1959 4364 2014 4411 ει
2032 4368 2191 4409 usum
2222 4348 2516 4408 damnavit,
2557 4358 2620 4398 ac
2655 4347 2840 4394 contra
2872 4342 3038 4400 totam
3073 4331 3237 4386 vitam

1688 4455 1805 4524 ejus
1838 4447 2156 4507 sententiam
2174 4444 2314 4506 tulit,
2337 4439 2522 4495 dicens
2547 4449 2668 4491 eum
2688 4433 2780 4487 illo
2795 4427 2954 4483 modo
2974 4422 3224 4519 affectum

1688 4508 1828 4603 esse.
1860 4539 2019 4595 Aliud
2043 4538 2240 4610 quippe
2283 4540 2368 4588 est
2411 4530 2628 4585 dicere:
2676 4521 2752 4577 ln‘
2780 4520 2915 4574 iram
2961 4508 3236 4584 prorupit;

1699 4632 1844 4689 aliud
1882 4643 2013 4686 vero
2038 4605 2077 4682 ε-
2110 4605 2406 4680 iracundus
2464 4622 2567 4672 est.
2615 4610 2888 4679 Dupicere
2933 4609 3111 4658 autem
3156 4605 3240 4653 est

1698 4722 1853 4795 quasi
1888 4717 2147 4776 detestari
2187 4711 2510 4786 proximum,
2544 4711 2599 4759 et
2629 4699 2783 4772 quasi
2811 4695 3056 4752 odiosum
3089 4692 3238 4746 illum

1699 4779 1968 4870 exsecrari
1995 4814 2008 4864 ξ
2040 4779 2207 4880 (ιιιοά-
2230 4800 2389 4858 etiam
2425 4799 2540 4868 ipsa
2567 4787 3010 4849 condemnatione
3061 4779 3241 4851 perni-

1700 4907 1901 4962 ciosius
1930 4907 2057 4958 est.‘

1976 4993 2026 5044 7.
2067 4986 2188 5041 Non
2218 4980 2484 5038 habitabat
2515 4980 2567 5032 in
2603 4976 2766 5030 medio
2792 4971 2975 5027 domu
3002 4978 3127 5019 mea:
3150 4957 3242 5031 arti

1704 5088 1897 5157 faceret
1926 5078 2243 5151 superbiam.
2289 5073 2549 5144 Superius
2569 5068 2785 5140 quidem
2829 5064 2895 5119 de
2941 5055 3115 5157 amico
3142 5067 3238 5107 su—

1705 5147 1869 5248 perbo
1898 5147 2109 5228 locutus
2142 5175 2260 5235 est;
2292 5166 2377 5220 hic
2399 5169 2577 5217 autem
2610 5160 2684 5245 de
2719 5154 2919 5212 famqu
2960 5147 3200 5217 loquitur
3222 5182 3238 5207 ,

1707 5238 1884 5339 aitque
1913 5285 1925 5320 :
1956 5263 2232 5318 Neminem
2264 5273 2449 5325 eorum
2478 5257 2571 5326 qui
2610 5240 2841 5321 superbe
2880 5250 3100 5313 agerent
3145 5238 3243 5291 do-

1707 5331 1987 5415 mesticum
2017 5352 2150 5408 mihi
2178 5349 2470 5422 deligebam
2497 5386 2512 5409 ,
2553 5355 2729 5411 neque
2778 5331 3133 5391 concedebant
3182 5332 3244 5422 ut

1709 5513 1911 5598 scilicet
1938 5513 2104 5608 iS—QUi
2124 5536 2181 5591 in
2204 5533 2377 5589 medio
2399 5524 2590 5585 domus
2618 5531 2701 5580 est
2726 5520 2978 5577 ﬁduciam
3005 5522 3059 5570 et
3077 5513 3241 5567 liber-

1708 5640 1871 5688 tatem
1904 5603 2146 5684 obtinet:
2187 5635 2311 5681 nam
2342 5617 2650 5697 hujusmodi
2678 5615 2839 5669 homo
2862 5613 2918 5667 in
2948 5605 3119 5663 oculis
3145 5603 3246 5657 do-

1711 5725 1841 5783 mini
1868 5729 2132 5777 versatur.
2162 5717 2478 5788 Superbiam
2505 5727 2635 5769 νει-ο
2670 5710 2864 5767 facere,
2896 5710 2978 5757 est
3002 5713 3125 5754 cum
3156 5712 3246 5751 ar-

1709 5815 1950 5886 rogantia
1980 5829 2039 5868 se
2064 5825 2263 5882 gerere.
2292 5807 2488 5862 Dixerit
2521 5807 2643 5860 item
2670 5822 2681 5857 :
2721 5799 2835 5853 Non
2864 5792 3141 5848 habitabat
3188 5789 3245 5844 in

1713 5906 1872 5964 corde
1899 5920 2018 5960 meo
2048 5880 2974 5959 cogitatio‘sunerbiamsuggerens.
3013 5883 3119 5959 Qui
3164 5880 3247 5934 lo-
