3976 6356
668 475 801 530 1847

1351 467 1608 522 EUSEBII
1639 459 2103 521 CESANENSIS
2141 455 2288 513 OPP.
2327 455 2505 512 PARS
2542 455 2626 509 lll.
2674 484 2735 496 -—
2795 455 3194 511 EXEGE’I‘ICA.

3681 12 3976 149 *ιιι

3681 458 3815 514 ιξιε

665 594 912 665 qubutur
939 592 1132 660 iniqua,
1159 605 1256 642 non
1283 590 1533 659 dirigebat
1560 591 1610 643 in
1627 597 1897 657 conspectu
1926 585 2187 638 oculorum

2291 597 2403 650 μως
2432 580 2621 643 εἰπεῖν,
2659 579 2834 631 πᾶσαν
2871 576 3079 631 ἀδικίαν
3109 576 3538 646 ἀπεστρεφόμην,
3565 577 3679 630 οὐδὲ
3718 580 3818 648 τὴν

667 698 909 737 meorum.
943 679 1343 748 Utcompendio
1372 679 1544 733 dicam
1567 717 1584 743 ,
1626 693 1838 734 omnem
1875 675 2190 744 injustitiam

666 772 969 829 aversabar,
987 783 1159 836 neque
1175 769 1258 822 vel
1279 767 1560 822 verborum
1587 775 1746 822 tenus
1769 781 1885 820 eam
1916 765 2145 819 ferebam
2175 784 2187 817 :

666 875 788 914 nam
818 859 907 929 qui
933 854 1248 926 loquebatur
1275 856 1457 931 iniqua
1482 856 1612 908 nihil
1636 855 1998 925 promovebat,
2021 869 2192 921 neque

664 951 799 1004 bene
823 965 934 1003 rem
961 947 1176 1018 gerebat
1209 949 1260 1000 in
1292 953 1578 1020 conspectu
1609 960 1747 1009 meo,
1774 959 1874 999 nec
1903 960 1964 998 ea
1990 959 2108 1014 quae
2137 945 2192 998 in

660 1040 844 1092 animo
873 1037 1092 1091 haberet
1122 1037 1447 1104 perﬁciebat.

734 1124 894 1179 Vens.
931 1124 981 1178 8.
1025 1122 1086 1175 In
1119 1124 1369 1176 matutino
1399 1120 1768 1189 interﬁciebam
1805 1134 1975 1172 omnes
2016 1133 2193 1184 pecca-

664 1224 798 1267 tores
831 1221 998 1274 term,
1029 1223 1083 1265 ut
1106 1210 1454 1279 ‘disperderem
1475 1215 1535 1262 de
1563 1208 1770 1261 ’ciuitate
1791 1206 1999 1260 Domini
2020 1222 2190 1259 omnes

660 1313 928 1369 operantes
955 1302 1295 1364 iniquitatem.
1327 1298 1423 1350 Hic
1454 1303 1714 1360 exactam,
1748 1296 1992 1350 stabilem
2021 1306 2073 1349 et
2106 1310 2194 1350 so-

572 1433 575 1436 .
664 1391 845 1445 briam.
873 1390 1093 1457 justitias
1125 1389 1384 1441 rationem
1417 1385 1707 1440 describit:
1739 1399 1860 1437 nam
1893 1384 1987 1447 ait,
2021 1399 2194 1453 neque

659 1483 746 1535 ira
771 1521 785 1544 ,
835 1497 1006 1549 neque
1035 1481 1264 1534 ebrietas
1305 1478 1501 1531 caedem
1534 1477 1662 1530 mihi
1707 1475 2062 1544 suggerebat:
2113 1477 2193 1530 ira

664 1572 854 1638 quippe
884 1571 1092 1623 etiamsi
1141 1570 1383 1624 hesterna
1424 1567 1510 1622 die
1558 1582 1642 1620 me
1687 1566 2089 1634 inﬂammabat;
2137 1575 2194 1620 at

666 1660 1011 1712 diuturnitate
1044 1660 1218 1713 noctis
1273 1659 1513 1725 mitigata
1544 1657 1747 1723 fuerat;
1781 1659 2014 1712 ebrietas
2040 1673 2187 1723 vero,

666 1749 786 1802 Ecet
818 1748 996 1817 gravis
1041 1747 1357 1816 vespertinis
1399 1747 1544 1800 horis
1590 1747 1870 1811 adfuisset,
1899 1763 2088 1802 somno
2116 1756 2191 1800 ta-

664 1852 785 1890 men
815 1837 1056 1891 discussa
1084 1835 1277 1889 fuerat.
1333 1835 1477 1888 Pura
1503 1837 1682 1904 itaque
1728 1851 1888 1888 manu
1921 1843 1974 1889 et
2015 1843 2190 1890 mente

663 1933 854 1980 contra
902 1940 994 1978 eos
1020 1926 1109 1993 qui
1148 1925 1201 1978 in
1231 1923 1396 1979 Deum
1426 1931 1774 1994 peccaverant
1821 1925 2110 1979 instructus
2138 1935 2190 1980 et

666 2025 901 2070 armatus
923 2031 1086 2077 eram,
1112 2031 1282 2086 neque
1309 2033 1371 2070 ex
1402 2017 1526 2070 vino
1551 2031 1720 2086 neque
1741 2033 1802 2071 ex
1829 2019 1904 2070 ira
1927 2019 2106 2073 animo
2130 2034 2190 2073 ac

666 2106 924 2157 sententia
952 2105 1274 2172 decipiebar.
1320 2104 1638 2159 Peccatores
1673 2115 1849 2159 autem
1884 2121 1990 2160 non
2018 2107 2189 2161 solum

669 2206 762 2260 per
791 2193 1089 2246 universam
1120 2201 1338 2254 terram.
1362 2193 1454 2256 sed
1481 2208 1575 2247 eos
1601 2194 1757 2248 etiam
1788 2195 1880 2263 qui
1914 2196 1967 2249 in
1993 2196 2192 2250 ditione

640 2296 793 2349 inea
811 2290 964 2336 erant
1011 2283 1318 2336 occidebam
1347 2301 1361 2337 :
1391 2299 1563 2352 neque
1611 2285 1767 2339 simul
1815 2302 2001 2341 omnes
2029 2327 2045 2352 ,
2096 2289 2191 2343 sed

666 2372 824 2426 modo
854 2373 1018 2435 imm,
1053 2384 1174 2425 mox
1207 2372 1388 2427 allisa).
1440 2371 1635 2428 Verum
1681 2375 1880 2428 nemini
1909 2384 2038 2444 puto
2083 2393 2192 2432 non

665 2461 1002 2515 manifestum
1031 2477 1152 2516 esse
1179 2461 1289 2515 haec
1314 2463 1645 2532 aanigmatice
1673 2464 1815 2517 dicta
1845 2465 2046 2534 fuisse;
2093 2484 2187 2522 ne—

665 2567 770 2620 que
807 2554 945 2606 enim
977 2568 1038 2607 ea
1063 2560 1146 2608 est
1174 2553 1300 2608 dicti
1327 2556 1610 2620 sententia,
1639 2571 1721 2610 me
1749 2558 2054 2614 ineuntibus
2073 2560 2188 2615 sin-

666 2641 803 2710 gulis
862 2641 1048 2694 diebus
1102 2641 1335 2696 humano
1396 2643 1652 2712 sanguine
1702 2660 1894 2700 manus
1963 2647 2192 2702 foedasse

668 2743 813 2783 meas
843 2747 856 2783 :
887 2729 939 2782 id
976 2730 1118 2783 enim
1151 2740 1504 2800 prasterquam
1532 2733 1674 2802 quod
1709 2733 2076 2789 detestandum
2109 2752 2193 2790 es.

665 2831 767 2884 set,
797 2824 1099 2877 nullatenus
1131 2824 1384 2880 credibile
1427 2835 1528 2880 est.
1586 2828 1868 2893 Quomodo
1910 2834 2052 2884 enim
2080 2834 2193 2886 sin-

665 2915 803 2985 gulis
831 2916 1108 2970 matutinis
1138 2931 1322 2980 omnes
1351 2928 1655 2985 peccatores
1679 2928 1835 2974 terrae
1883 2935 2038 2974 manu
2067 2937 2191 2990 pro-

668 3002 782 3070 pria
818 3003 1076 3058 coniicere
1111 3004 1408 3072 potuisset?
1440 3003 1618 3073 Neque
1643 3009 1784 3061 enim
1827 3025 1968 3064 unus
2006 3024 2192 3066 omnes

668 3106 918 3160 superare
942 3093 1214 3157 valuisset,
1246 3110 1365 3147 cum
1385 3135 1402 3160 ,
1427 3103 1484 3147 ut
1520 3097 1804 3152 verisimile
1842 3109 1956 3164 est,
2002 3114 2190 3170 magna

667 3189 809 3236 esset
841 3191 1174 3249 peccatorum
1201 3184 1484 3238 multitudo
1509 3203 1522 3239 :
1554 3200 1614 3238 ac
1632 3187 1674 3240 si
1693 3202 1784 3242 eos
1801 3189 1852 3242 in
1874 3191 2008 3244 bello
2029 3191 2189 3244 vicis--

669 3282 880 3333 set,uno
899 3273 948 3324 in
966 3273 1224 3327 matutino
1237 3289 1418 3328 omnes
1435 3274 1809 3342 interfecisset,
1825 3294 1995 3348 neque
2012 3273 2194 3349 singu-

671 3359 737 3414 lis
754 3363 1033 3416 matutinis
1053 3364 1196 3432 ipsos
1218 3365 1430 3432 propria
1459 3381 1616 3419 manu
1648 3368 2021 3424 interemisset.
2052 3370 2190 3436 Quid

672 3451 848 3520 itaque
877 3454 1135 3522 signiﬁcet
1154 3455 1319 3508 illud?
1345 3455 1611 3512 Attentius
1634 3467 1686 3513 et
1713 3459 2028 3529 prudentius
2052 3461 2192 3516 dicta

673 3542 1045 3611 intelligamus,
1069 3560 1136 3598 ne
1164 3546 1473 3615 prophetica
1505 3550 1721 3602 oracula
1747 3536 2011 3604 mendacii
2041 3567 2195 3605 accu-

672 3646 876 3694 seruus,
915 3633 1056 3701 quod
1104 3634 1253 3689 nefas
1287 3644 1448 3700 esset.
1488 3638 1684 3692 Civitas
1735 3638 1942 3693 Domini
1969 3650 2052 3696 est
2091 3643 2193 3696 hu-

674 3737 842 3776 mana:
868 3730 1148 3776 structurae
1177 3728 1518 3793 compositio;
1551 3724 1856 3796 peccatores
1879 3739 2057 3785 autem
2085 3739 2192 3786 ter-

674 3828 746 3866 rae
775 3813 808 3864 ii
839 3821 962 3866 sunt
997 3813 1061 3866 de
1082 3814 1292 3883 quibus”
1308 3814 1670 3885 SalvatOLait,
1704 3819 1776 3871 Ab
1800 3821 1936 3874 intus
1964 3836 2027 3875 ea:
2044 3821 2196 3876 corde

672 3910 854 3954 exeunt
880 3901 1212 3970 cogitationes
1245 3905 1417 3967 malua,
1443 3905 1746 3971 homicidia,
1783 3909 2057 3974 adulteria,
2091 3910 2196 3978 for.

675 3992 983 4054 nicationes,
1047 3991 1221 4058 furta,
1275 3992 1414 4058 falsa
1469 3996 1793 4058 testimonia,
1847 3997 2191 4066 blasphemiae.

677 4077 802 4131 Hazc
831 4089 968 4142 sunt,
994 4096 1107 4148 qua:
1132 4082 1461 4151 coinquinant
1505 4083 1759 4138 hominem
1787 4087 1848 4140 “.
1883 4086 1990 4141 Hos
2019 4099 2195 4143 autem

679 4177 982 4234 peccatores
1012 4185 1077 4224 ex
1105 4178 1243 4233 terra
1281 4179 1447 4234 orto‘s,
1481 4173 1535 4225 id
1564 4181 1665 4238 est,
1699 4190 1763 4229 ex
1801 4181 2012 4239 terrena
2038 4191 2198 4232 carne

679 4256 1012 4324 prodeuntes,
1044 4261 1168 4314 dum
1196 4260 1415 4330 singulas
1437 4263 1502 4317 de
1549 4262 1656 4317 Deo
1683 4266 2031 4334 cogitationes
2068 4281 2196 4319 exo-

679 4345 908 4412 riuntur,
926 4363 991 4402 ex
1015 4351 1227 4419 propria
1254 4359 1524 4405 structura
1554 4355 1690 4406 tollit
1720 4356 1810 4424 qui
1843 4351 1960 4410 sese
1986 4366 2194 4426 purgat.

678 4437 992 4491 Matutinum
1022 4447 1196 4494 autem
1237 4450 1291 4495 et
1319 4443 1610 4498 diluculum
1644 4445 1696 4498 in
1732 4447 1907 4498 anima
1937 4455 2042 4512 est,
2063 4464 2195 4518 quo-

2292 669 2452 739 μέχρι
2489 669 2658 737 λόγων
2697 669 3008 738 ὑπομένωνο
3041 667 3069 718 ὀ
3111 666 3218 736 γὰρ
3258 665 3430 720 λαλῶν
3474 668 3627 720 ἄδικα
3667 670 3818 724 obob

2288 759 2462 828 ήνυεν,
2509 758 2606 810 οὐκ
2649 757 2902 810 εύωδοῦτο
2944 756 3165 810 ινώπιόν
3212 773 3331 826 μου,
3365 759 3423 809 ού
3469 757 3742 828 κατώρθου
3780 761 3817 814 ἀ

2289 849 2629 911 ἐσπούδαζεν.

2361 1114 2464 1176 Εις
2482 1111 2586 1177 τὰς
2602 1113 2818 1179 πρωτας
2845 1112 3188 1167 ἀπέκτεινον
3217 1113 3443 1179 πάντας
3475 1114 3608 1179 τοὺς
3638 1113 3818 1181 ἀμαρ-

2290 1201 2511 1266 τωλοὺς
2555 1200 2664 1268 τῆς
2710 1201 2838 1270 γῆς,
2884 1202 2987 1255 τοῦ
3022 1203 3440 1271 ἐξολοθρεῦσαι
3488 1205 3555 1256 ἐκ
3596 1205 3820 1268 πόλεως

2287 1291 2502 1357 Κυρίου
2530 1289 2757 1355 πάντας
2797 1290 2932 1356 τοὺς
2967 1289 3378 1361 ἐργαζομένους
3419 1292 3530 1359 τὴν
3565 1291 3818 1346 ἀδικίαν.

2289 1382 2358 1433 Τὸ
2383 1381 2599 1452 ἀκριϐὲς
2619 1385 2708 1434 καὶ
2733 1382 2959 1445 ἀπλανὲς
2983 1383 3074 1436 καὶ
3103 1383 3353 1451 νηφάλιον
3378 1389 3474 1454 τῆς
3512 1385 3660 1454 δίκης
3690 1403 3825 1453 παρ-

2293 1472 2498 1538 ίστησιν
2534 1488 2546 1501 ’
2598 1472 2676 1523 ὅτι
2739 1470 2860 1523 οὔτε
2908 1472 3092 1542 θυμὸς,
3147 1473 3326 1542 φησὶν,
3373 1473 3494 1526 οὔτε
3541 1475 3672 1544 μέθη
3725 1479 3822 1544 τὴν

2289 1562 2558 1631 ἀναίρεσιν
2589 1562 2865 1616 ὑπετίθετο
2882 1581 2894 1592 ·
2927 1564 2955 1614 ὁ
2977 1564 3074 1634 μὲν
3099 1564 3205 1635 γὰρ
3230 1563 3393 1634 θυμὸς
3411 1567 3458 1617 εἰ
3488 1568 3580 1618 καὶ
3609 1569 3671 1636 τῇ
3697 1567 3824 1635 χθὲς

2288 1651 2468 1720 ἡμέρα
2498 1651 2826 1720 παρώξυνεν,
2858 1653 2989 1706 ἀλλὰ
3025 1653 3110 1706 διὰ
3145 1654 3233 1705 τοῦ
3276 1655 3477 1723 μήκους
3508 1657 3601 1723 τῆς
3631 1656 3824 1717 νυκτὸς

2289 1740 2617 1809 ἐμαλάσσετο
2639 1757 2650 1770 ’
2698 1745 2729 1812 ὴ
2762 1743 2817 1794 δὲ
2847 1742 3002 1813 μέθη,
3036 1743 3136 1797 κᾶν
3172 1742 3322 1812 ἀερίας
3359 1741 3522 1813 πολλὴ
3562 1745 3821 1811 προσεγί-

2291 1846 2424 1891 νετο,
2457 1829 2542 1880 διὰ
2570 1829 2660 1880 τοῦ
2694 1829 2856 1881 ὕπνου
2889 1831 3086 1894 ἱκανῶς
3116 1831 3445 1885 ὲλεπτύνετο.
3480 1832 3704 1902 Καθαρᾷ
3731 1831 3825 1886 οὖν

2222 1902 2260 1959 Β
2289 1921 2376 1972 καὶ
2403 1923 2541 1990 χειρὶ
2567 1921 2658 1973 καὶ
2690 1921 2878 1992 γνώμη
2906 1922 3044 1974 κατά
3077 1923 3182 1975 τῶν
3213 1925 3290 1984 εἰς
3331 1923 3461 1975 Θεὸν
3490 1925 3826 1993 ἁμαρτανόν-

2287 2026 2392 2062 των
2423 2011 2806 2083 ὲξωπλιζόμην,
2837 2013 2970 2082 μήτε
3003 2013 3098 2082 τῆς
3142 2012 3199 2076 ἐξ
3240 2013 3380 2065 οῐνου
3411 2015 3647 2083 γνώμης,
3683 2017 3824 2084 μήτε

2286 2100 2383 2168 τῆς
2426 2103 2489 2152 ὲκ
2535 2101 2702 2170 Θυμοῦ
2754 2103 3084 2173 σφαλλούσης
3139 2104 3227 2155 τὸν
3269 2103 3540 2172 λογισμόν.
3587 2106 3729 2165 Τοὺς
3768 2105 3824 2157 ὁὶ

2287 2189 2632 2259 ἁμαρτωλοὺς
2662 2193 2972 2246 ἀπέκτεινον
3000 2194 3094 2262 οὐχ
3122 2193 3299 2256 ἀπλῶς
3323 2195 3539 2263 ἀπάσης
3571 2194 3666 2262 τῆς
3695 2196 3824 2264 γῆς.

2287 2285 2418 2338 ἀλλὰ
2453 2286 2551 2354 τῆς
2583 2287 2669 2338 ὑπ’
2697 2288 2823 2356 ἐμέ·
2848 2289 2941 2341 καὶ
2967 2289 3167 2350 πάντας
3192 2289 3247 2342 δὲ
3272 2288 3368 2357 οὐχ
3392 2289 3526 2358 ἅμα,
3555 2288 3694 2341 ἀλλὰ
3730 2288 3825 2341 νῦν

2291 2378 2386 2446 μὲν
2413 2377 2616 2440 τοῦτον,
2657 2379 2749 2431 νῦν
2781 2379 2836 2430 δὲ
2877 2380 3095 2430 ἐκεῖνον.
3135 2379 3344 2431 Μᾶλλον
3371 2380 3424 2432 δι
3463 2380 3615 2431 τοῦτο
3657 2382 3824 2432 παντί

2287 2483 2384 2520 που
2419 2467 2590 2536 δῆλον,
2618 2467 2696 2519 ὅτι
2728 2469 2782 2519 ἐν
2810 2468 3084 2536 αἰνίγματι
3123 2467 3538 2536 κεκαλυμμένους
3570 2471 3787 2538 εἴρηται
3810 2486 3824 2499 ’

2286 2558 2343 2608 οὐ
2372 2558 2477 2628 γὰρ
2507 2558 2587 2610 ὅτι
2624 2556 2740 2610 καθ’
2780 2558 3007 2626 ἑκάστην
3043 2557 3223 2628 ἀρχὴν,
3240 2557 3362 2627 τῆς
3385 2559 3595 2628 ἡμέρας
3622 2559 3824 2627 αἵματι

2287 2647 2577 2718 ἀνθρώπων
2604 2663 2699 2712 τας
2729 2653 2910 2720 χεῖρας
2940 2650 3291 2720 ἑμολυνομην,
3316 2650 3374 2701 οὐ
3413 2649 3566 2701 τοῦτό
3594 2666 3764 2719 φησιν
3793 2653 3824 2703 6

2285 2736 2463 2804 λόγος·
2492 2736 2644 2789 τοῦτο
2674 2739 2779 2808 γὰρ
2810 2738 2942 2808 πρὸς
2968 2737 3044 2806 τῷ
3071 2737 3252 2805 ὲναγεϊι
3283 2736 3361 2788 ἔτι
3391 2734 3486 2788 καὶ
3529 2735 3584 2787 τὸ
3625 2734 3829 2788 ἀπίθα-

2287 2843 2371 2878 νον
2422 2827 2546 2894 ἔχει.
2597 2827 2713 2890 [Ιῶς
2756 2829 2860 2897 γὰρ
2904 2828 3116 2880 πάντων
3156 2825 3379 2895 ηδύνατο
3420 2825 3539 2879 καθ’
3583 2826 3829 2894 ἑκάστην

2287 2919 2492 2988 πρωῖαν
2523 2917 2766 2986 αὐτόχειρ
2792 2917 3026 2984 γίνεσθαι
3057 2917 3164 2980 τῶν
3198 2915 3526 3000 ἁμαρτωλῶν
3555 2914 3656 2983 τῆς
3684 2914 3825 2983 γῆςῖ

2286 3006 2358 3056 Ut)
2390 3006 2494 3075 γὰρ
2539 3005 2903 3076 περιγίνεσθαι
2947 3006 3161 3058 πάντων
3199 3004 3416 3057 δυνατὸν
3456 3005 3570 3065 ινα,
3610 3003 3830 3055 πολλῶν

2285 3091 2389 3143 τῶν
2413 3091 2882 3162 ἐξαμαρτανόντων
2913 3095 2990 3154 εἰς
3017 3093 3076 3145 τὸ
3098 3092 3242 3154 sino;
3277 3090 3471 3146 ιντων·
3503 3093 3593 3146 καὶ
3628 3095 3682 3144 εἰ
3726 3109 3828 3144 που

2288 3181 2433 3250 λέμῳ
2482 3182 2655 3234 αὐτῶν
2701 3183 3128 3253 κατεκράτησεν,,
3163 3190 3220 3234 εν
3273 3183 3370 3252 μιᾷ
3425 3181 3491 3235 ἀν
3538 3183 3829 3235 ἀπέκτεινε

2291 3274 2464 3340 πρωῖᾳ
2513 3275 2637 3334 τοὺς
2697 3274 3025 3342 σύμπαντας,
3082 3274 3197 3328 ἀλλῖ
3249 3274 3366 3342 οὐχὶ
3415 3272 3533 3327 καθ’
3583 3274 3830 3343 ἑκάστην

2289 3365 2495 3433 πρωϊαν
2532 3363 2780 3433 αὐτόχειρ
2805 3364 2979 3417 αὐτῶν
3016 3365 3237 3431 ἐγίνετο.
3272 3365 3337 3416 Τί
3366 3359 3458 3417 οὖν
3479 3363 3630 3416 τοῦτο
3675 3366 3827 3429 tam;

2289 3454 2644 3524 Συνετώτερον
2665 3455 2766 3508 τῶν
2795 3454 3089 3523 λεγομένων
3118 3455 3447 3525 ἀκούσωμεν,
3479 3456 3564 3507 ἵνα
3595 3454 3671 3525 μὴ
3696 3472 3832 3510 κατ-

2289 3545 2639 3614 ηγορήσωμεν
2696 3546 2786 3598 ἐπὶ
2817 3545 2996 3614 ψεύδει
3025 3544 3130 3599 τῶν
3172 3545 3508 3616 προφητικῶν
3540 3544 3764 3613 λογίων,
3801 3545 3832 3599 ὃ

2293 3633 2364 3702 μὴ
2391 3633 2560 3702 θέμις.
2601 3633 2756 3696 Πόλις
2777 3634 2867 3687 τοῦ
2892 3635 3092 3705 Κυρίου
3125 3637 3160 3706 ἡ
3193 3634 3442 3696 σύστασις
3469 3635 3582 3686 ἐστι
3601 3636 3708 3703 τῆς
3732 3635 3826 3687 ἀν-

2291 3722 2559 3792 Θρωπίνης
2592 3725 2954 3793 κατασκευῆς·
3003 3725 3308 3794 ἁμαρτωλοὶ
3336 3724 3393 3776 δὲ
3419 3725 3540 3793 τῆς,
3579 3727 3718 3792 περὶ
3755 3718 3832 3777 ὧν

2292 3829 2449 3882 φησιν
2477 3814 2505 3864 ὁ
2532 3811 2736 3882 Σωτὴρ,
2769 3814 2847 3865 ὅτι
2871 3814 3121 3868 Ἐσωθεν
3152 3815 3220 3867 ἐκ
3246 3812 3353 3880 τῆς
3385 3800 3624 3879 καρδίας
3657 3812 3830 3879 ἐξέρ-

2294 3919 2492 3968 χονται
2537 3904 2807 3972 λογισμοὶ
2850 3903 3114 3968 πονηροὶ.
3145 3904 3332 3970 φόνοι,
3364 3902 3635 3970 μοιχιςῖαι,
3680 3918 3832 3971 πορ-

2288 3996 2438 4049 νεῖαι
2464 4037 2477 4057 ,
2533 3995 2744 4049 κλοπαὶ
2772 4035 2786 4057 ,
2845 3993 3365 4061 ψευδομαᾯτυρίαι,
3419 3993 3827 4060 βλασφημίαι.

2295 4083 2481 4138 Ταῦτά
2500 4084 2626 4136 ἐστι
2665 4081 2735 4136 τὰ
2761 4081 3071 4134 κοινοῦντα
3105 4081 3211 4134 τὸν
3234 4079 3564 4146 ’ὧγθρωποίη
3591 4079 3832 4144 Τούτως

2290 4175 2352 4245 δὴ
2379 4177 2500 4236 τοὺς
2545 4177 2608 4228 ὲκ
2650 4176 2745 4242 τῆς
2791 4173 2892 4242 γῆς
2935 4172 3296 4243 ἁμαρτωλοὺς,
3334 4168 3571 4222 τουτέστι
3597 4171 3737 4234 τοὺς
3769 4173 3832 4228 ιιι

2290 4267 2384 4334 τῆς
2413 4267 2599 4334 γηῖνης
2645 4264 2835 4334 σαρκὸς
2864 4263 3159 4332 προϊόντας,
3195 4259 3313 4315 καθῗ
3351 4261 3580 4321 ἑκάστην
3613 4259 3831 4312 ἔννοιαν

2291 4354 2386 4421 τὴν
2422 4355 2548 4423 περὶ
2583 4353 2712 4406 Θεοῦ
2739 4352 3041 4418 ὲξαφανίζει
3081 4353 3142 4404 ἑκ
3167 4351 3264 4419 τῆς
3307 4351 3440 4412 ιδίας
3465 4349 3780 4410 συστάσεως
3805 4352 3834 4401 ὁ

2293 4442 2493 4493 ἑαυτῶν
2525 4441 2878 4510 ἐκκαθαίρων.
2924 4442 3108 4511 Πρωῖα
3143 4435 3234 4492 οὖν
3267 4442 3356 4492 καὶ
3381 4437 3570 4506 ὀρθρος
3593 4438 3660 4487 δν
3685 4436 3830 4504 ιὲνχῇ

678 4527 779 4580 ties
803 4528 1051 4584 salutaris
1088 4530 1348 4600 dogmatis
1397 4544 1546 4588 ortus
1596 4537 1822 4600 accidit,
1867 4552 1973 4605 quo
2012 4517 2193 4593 omnes

2297 4531 2409 4582 καθ’
2439 4531 2663 4598 ἑκάστην
2701 4529 2954 4598 ἀνατῶὴν
2987 4528 3247 4598 σωτηρίου
3287 4517 3549 4594 δὸγματες
3591 4526 3830 4590 γίναται,

678 4615 1046 4685 cogitationes,
1072 4635 1188 4687 quae
1223 4633 1510 4690 operantur
1539 4626 1890 4694 iniquitatem,
1924 4627 1988 4682 de
2026 4629 2198 4684 medio

679 4706 792 4758 tolli
820 4715 1045 4774 oportet.
1069 4708 1180 4762 Nisi
1209 4712 1349 4763 enim
1379 4713 1532 4780 primi
1560 4713 1749 4766 animai
1781 4721 1956 4768 motus
1988 4714 2052 4767 ad
2083 4729 2196 4769 ma-

679 4797 847 4849 litiam
887 4798 1284 4863 exscindantur,
1311 4803 1670 4855 necessarium
1711 4812 1793 4857 est
1830 4804 2103 4872 cupidines
2131 4807 2197 4860 ad

680 4899 815 4953 opus
839 4885 1141 4952 procedere.
1179 4885 1415 4957 Exempli
1442 4904 1623 4950 causa,
1653 4901 1900 4958 peccator
1933 4901 2087 4948 terras
2116 4901 2198 4947 est

682 4975 932 5041 cogitatio
986 4975 1384 5032 fornicationem
1423 4993 1740 5048 suggerens,
1787 4998 1902 5052 qua:
1941 4982 2096 5037 eﬂicit
2143 4991 2203 5037 ut

684 5067 805 5130 quis
833 5065 1108 5118 mulierem
1148 5069 1396 5135 respiciat
1437 5069 1503 5122 ad
1537 5072 2014 5145 concupiscendum
2045 5089 2195 5128 eam:

686 5151 798 5204 haec
831 5167 988 5219 porro
1020 5153 1120 5206 nisi
1153 5155 1206 5208 in
1230 5156 1404 5208 anima
1432 5158 1704 5213 occidatur
1727 5199 1741 5222 ,
1781 5174 1841 5213 ac
1873 5162 2078 5216 ratione
2101 5177 2198 5218 ceu

687 5240 860 5309 gladio
881 5244 1148 5297 scindente
1171 5254 1222 5297 et
1250 5244 1468 5300 allectus
1495 5250 1708 5307 tollente
1741 5251 1969 5306 caedatur
1990 5292 2004 5314 ,
2043 5253 2201 5322 idque

693 5332 742 5384 in
777 5333 1032 5385 matutino
1052 5333 1325 5398 elliciatur,
1349 5337 1550 5390 scilicet
1582 5353 1700 5392 cum
1733 5342 1958 5410 primum
1991 5345 2078 5397 illa
2107 5357 2200 5412 pa-

695 5425 794 5476 lam
845 5421 1254 5488 deprehenditur
1299 5429 1440 5495 (nam
1489 5429 1698 5496 quidvis
1736 5435 2077 5502 conspicuum
2110 5435 2201 5487 lux

693 5515 814 5582 est),
848 5519 966 5582 post
997 5514 1136 5566 illam
1167 5517 1220 5568 in
1252 5517 1412 5572 corde
1453 5518 1873 5589 fornicationem,
1898 5525 1962 5577 ad
1987 5525 2202 5594 gravius

698 5602 848 5654 etiam
879 5611 1151 5671 peccatum
1197 5605 1284 5658 illa
1325 5607 1591 5665 hominem
1631 5610 1966 5680 deducetgid
1992 5619 2094 5681 est,
2137 5613 2202 5668 ad

770 5753 806 5780 “
850 5749 1028 5806 Matth.
1063 5769 1145 5817 ιν,
1186 5754 1264 5819 l9,
1294 5754 1377 5809 20.

2295 4621 2350 4671 ἐν
2463 4618 2867 4686 ὲξαφανίζεσθαι
2907 4618 2986 4669 δεῖ
3028 4618 3227 4677 πάντας
3259 4616 3382 4676 τοὺς
3428 4613 3830 4683 ὲρειάζομινσυς

2294 4709 2387 4778 τὴν
2419 4709 2640 4778 ἀνομίαν
2683 4706 2984 4775 λογισμούς.
3022 4707 3083 4758 Ei
3117 4701 3327 4775 rapiat]
3359 4705 3426 4756 τά
3461 4702 3654 4771 πρῶτα
3694 4708 3829 4775 πρὸς

2295 4800 2549 4869 πονηρίας
2570 4800 2834 4866 κινήματα
2859 4798 2954 4864 τῆς
2979 4796 3148 4867 ψυχῆς
3175 4795 3487 4864 ὲκτμηθείὴ,
3518 4794 3728 4864 ἀνάγκη
3755 4799 3830 4857 εἰς

2295 4889 2447 4958 ἔργον
2472 4891 2816 4959 προχωρῆσαι
2847 4887 2936 4950 τὰς
2956 4887 3294 4956 ἐνθυμήσεις·
3322 4880 3431 4937 οἷον
3457 4883 3555 4952 γῆς
3575 4884 3834 4955 ἁμαρτω-

2294 4979 2382 5041 λός
2413 4982 2552 5032 ἐστιν
2585 4981 2613 5029 ὁ
2640 4982 2737 5040 τὴν
2768 4977 3000 5049 μοιχείαν
3029 4976 3335 5030 omam"
3361 4973 3612 5042 λογισμὸς
3631 5014 3650 5038 ,
3685 4978 3836 5038 ὅστις

2296 5071 2500 5139 ἐνεργεῖ
2522 5070 2582 5122 τὸ
2610 5069 2868 5137 ἐμϐλέψαι
2896 5068 3104 5134 γυναικὶ
3138 5065 3268 5134 πρὸς
3289 5064 3350 5116 τὸ
3375 5064 3712 5133 ἐπιθυμῆσαι
3737 5068 3834 5118 αύ-

2296 5164 2418 5232 τῆς·
2446 5154 2595 5222 οὗτος
2613 5163 2706 5212 ὲαν
2733 5161 2802 5230 μὴ
2828 5157 3129 5225 ἀποκτανθῇ
3155 5157 3218 5207 ὲκ
3241 5155 3338 5223 τῆς
3354 5155 3547 5226 ψυχῆς,
3567 5157 3735 5210 οίονει
3758 5159 3834 5221 ξι-

2299 5271 2381 5320 φει
2402 5254 2502 5304 τινὶ
2525 5251 2600 5320 τῷ
2620 5250 2860 5318 ιμητικῷ
2878 5249 3016 5316 λόγῳ
3037 5248 3128 5299 καὶ
3144 5248 3505 5315 ἀφανιστικῷιι
3518 5247 3595 5299 λῶν
3617 5248 3830 5308 παθῶν,

2297 5345 2386 5393 καὶ
2411 5341 2566 5392 τοῦτο
2592 5344 2808 5408 γένηται
2830 5340 2886 5391 ὲν
2907 5337 3102 5406 πρωῐᾳ,
3128 5337 3364 5388 τουτέστι
3384 5335 3525 5388 κατὲι
3543 5335 3642 5404 τὴν
3668 5338 3746 5397 εις
3772 5334 3831 5384 τὸ

2298 5432 2518 5500 φανερὸν
2553 5411 2884 5496 ἀποκάλυψιν
2927 5429 3050 5494 (πᾶν
3076 5426 3180 5496 γὰρ
3208 5426 3268 5478 τὸ
3294 5424 3697 5494 φανερούμενον
3721 5422 3832 5491 φῶς

2298 5522 2452 5590 ἐστι),
2477 5521 2610 5590 μετά
2623 5519 2718 5586 τὴν
2734 5521 2788 5571 ὲν
2803 5516 2991 5585 καρδίᾳ
3013 5515 3264 5585 μοιχείαν,
3283 5515 3374 5566 καὶ
3390 5515 3484 5567 ἐπὶ
3497 5533 3505 5544 ·
3518 5516 3594 5584 ὴν
3613 5514 3829 5582 μείζονα

2296 5611 2493 5679 ταύτης
2517 5608 2785 5680 ἁμαρτίαν
2806 5604 3021 5676 προάξιι
3043 5606 3130 5659 τὸν
3151 5602 3454 5674 ἄνθρωπον,
3477 5620 3503 5655 α
3518 5604 3613 5675 ιρὺς
3629 5602 3731 5671 τὴν
3747 5600 3836 5655 διὰ
