3976 6356
687 387 824 443 i251

1383 389 1647 447 EUSEBII
1685 389 2157 447 CESARIENSIS
2195 389 2344 446 OPP.
2376 387 2556 443 PARS
2592 387 2679 445 111.
2719 421 2788 430 —-
2827 389 3228 447 EXEGETICA.

3750 393 3868 449 i253

683 502 885 569 guinem
925 501 1185 569 judicant,
1237 502 1431 573 singuli
1459 505 1751 572 proximum
1800 520 1949 557 suum
1981 504 2222 556 tribulam

2330 511 2425 557 καὶ
2453 507 2484 557 ό
2504 503 2800 570 κατορθῶν
2817 503 2887 557 ἐν
2905 505 3230 573 ἀνθρώποις
3250 503 3360 574 οὐχ
3380 505 3656 575 ὑπάρχει·
3672 506 3866 573 πάντες

685 591 1104 655 ιτὶίνιιίιιιὶοηε¹⁷;
1140 602 1193 645 et
1223 594 1312 662 qui
1366 593 1597 656 dicebat,
1655 594 1773 648 Non
1818 606 1894 649 est
1936 597 2026 665 qui
2065 597 2229 664 faciat

683 684 868 734 bonum
889 684 948 736 η.
972 682 1234 738 Caeterum
1266 699 1468 754 pauper
1493 689 1584 763 qui
1611 687 1678 741 de
1709 687 1774 741 iis
1798 688 2155 740 contristatur
2176 697 2232 741 et

681 775 840 836 dolet,
890 777 1078 830 morbo
1126 792 1226 832 suo
1257 779 1517 833 medelam
1543 780 1814 849 excogitat
1852 799 1865 832 :
1903 779 2014 832 haec
2052 787 2228 833 autem

678 875 791 919 erat
815 869 990 920 oratio
1017 867 1083 921 ad
1115 867 1301 931 Deum,
1330 885 1487 939 quam
1521 871 1690 924 solam
1721 871 1951 925 habebat
1982 872 2230 926 consola-

678 958 896 1025 tionem,
928 973 1032 1026 qua
1089 960 1320 1013 animam
1359 962 1674 1031 expandens
1731 977 1908 1025 suam,
1944 969 1995 1017 et
2044 977 2229 1018 omnes

673 1052 1026 1120 cogitationes
1056 1067 1182 1107 suas
1203 1055 1258 1106 in
1284 1063 1578 1124 conspectu
1618 1053 1713 1108 Dei
1745 1053 1997 1118 offerens,
2029 1055 2228 1109 dicitur

674 1141 730 1194 in
806 1151 1100 1212 conspectu
1166 1143 1379 1197 Domini
1437 1144 1713 1199 elfundere
1779 1145 2227 1214 supplicationem

671 1247 847 1298 suam,
893 1235 1026 1297 sive,
1099 1237 1355 1305 loquelam
1401 1253 1590 1302 suam,
1643 1237 1940 1292 secundum
1988 1235 2231 1306 Symma-

671 1325 852 1379 chum.
908 1325 1018 1381 lmo
1068 1329 1226 1381 etiam
1285 1329 1345 1383 is.
1371 1330 1463 1398 qui
1491 1328 1789 1383 secundum
1835 1327 1998 1382 Deum
2025 1341 2228 1397 pauper

670 1423 754 1471 est
775 1456 790 1480 ,
827 1417 878 1470 id
910 1426 1013 1481 εει,
1044 1419 1426 1489 prophetarum
1459 1418 1692 1482 chorus,
1712 1419 1899 1473 dolore
1931 1418 2122 1489 plenus
2160 1418 2228 1472 de

668 1507 867 1575 prioris
898 1510 1082 1578 populi
1111 1510 1288 1573 ruina,
1320 1509 1604 1564 Dominum
1645 1511 1778 1578 adit,
1802 1509 2224 1582 supplicationes

669 1611 792 1651 cum
818 1599 1025 1668 jejunio
1069 1607 1121 1656 et
1181 1601 1435 1672 lacrymis
1482 1615 1580 1670 pro
1618 1601 1818 1670 popqu
1847 1601 2138 1660 emittens;
2167 1605 2254 1651 ut'

670 1691 1028 1762 ipse-quoque
1056 1694 1287 1762 populus
1311 1693 1742 1747 misericordiam
1767 1700 2151 1761 consequatur.

2333 598 2417 660 είς
2443 597 2654 664 αἵματα
2685 595 3042 660 δικάζονται,
3086 597 3339 662 ἕκαστος
3365 599 3473 650 τὸν
3509 599 3762 665 πλησίον
3780 599 3865 652 αὑ-

2334 687 2438 740 τοῦ
2470 688 2850 741 ἐκθλίϐουσιν
2893 676 3138 755 ἐκθλιϐῇ
3158 705 3172 718 ⁸
3200 689 3294 741 καὶ⁵
3322 690 3351 740 6
3384 687 3582 740 εἰπών·
3612 691 3726 742 Οὐκ
3757 690 3866 744 ἐστι

2335 777 2517 831 ποιῶν
2537 780 2928 846 χρηστότητα.
2965 779 3109 850 Πλὴν
3133 781 3223 832 ἐπὶ
3246 779 3455 842 τούτοις
3476 782 3503 833 6
3528 780 3732 849 πτωχὸς
3755 784 3868 851 ἁκτπ

2334 869 2458 921 διῶν
2489 870 2579 922 καὶ
2607 869 2859 940 ἀθυμῶν,
2901 872 3188 940 φάρμακον
3212 871 3306 924 τοῦ
3337 872 3539 935 πάθους
3573 872 3865 943 θεραπευτι-

2335 961 2428 1012 κὸν
2458 965 2692 1031 περινοεῖ
2720 961 2894 1032 ἑαυτῷ
2913 979 2926 991 ·
2954 961 3108 1014 τοῦτο
3135 962 3190 1014 δὲ
3219 958 3286 1033 ἦν
3315 968 3347 1034 ἡ
3378 963 3514 1032 πρὸς
3539 964 3628 1016 τὸν
3654 963 3776 1015 Θεὸν
3793 964 3865 1014 εὐ-

2334 1053 2421 1122 χὴ,
2457 1052 2521 1122 ἢν
2551 1053 2714 1122 μόνην
2742 1050 2851 1122 εἷχε
2882 1055 3255 1124 παραμυθίαν,
3283 1054 3349 1107 δι’
3377 1051 3446 1127 ἦς
3465 1054 3704 1119 ὲξαπλῶν
3725 1055 3863 1106 αὑτοῦ

2334 1145 2429 1214 τὴν
2469 1145 2645 1215 ψυχὴν
2668 1187 2682 1208 ,
2729 1147 2822 1197 καὶ
2876 1144 3194 1214 σύμπαντας
3232 1147 3424 1199 ἑαυτοῦ
3451 1149 3575 1210 τοὺς
3602 1148 3866 1216 λογισμοὺς

2337 1235 2652 1305 προσφέρων
2674 1234 2899 1287 ἐνώπιον
2917 1235 3009 1287 τοῦ
3028 1235 3183 1300 Θεοῦ,
3206 1236 3418 1304 λέγεται
3440 1236 3668 1289 ἐνώπιον
3683 1236 3865 1306 Κυρξον

2331 1326 2538 1395 ἐκχέειν
2559 1326 2653 1396 τὴν
2677 1327 2856 1396 δέησιν
2878 1325 3061 1396 αὑτοῦ,
3083 1326 3138 1397 ἢ,
3157 1325 3270 1393 τὴν
3288 1329 3636 1397 λογοποιίαις
3656 1325 3864 1388 ἑαυτοῦ,

2330 1418 2468 1471 κατά
2492 1417 2581 1469 τὸν
2611 1416 2919 1487 Σύμμαχον.
2969 1417 3126 1470 Ἀλλὰ
3154 1420 3246 1471 καὶ
3277 1421 3305 1471 6
3337 1418 3474 1471 κατὰ
3500 1418 3631 1473 Θεὸν
3657 1417 3863 1486 πτωχὸς,

2327 1509 2600 1562 τουτέστιν
2641 1510 2670 1560 6
2714 1509 2821 1562 τῶν
2853 1509 3144 1580 προφητῶν
3173 1511 3363 1582 χορὸς,
3394 1510 3568 1582 λύπης
3599 1511 3863 1579 πεπληρω-

2333 1599 2487 1668 μένος
2509 1598 2600 1651 tu!
2621 1600 2686 1669 τῇ
2710 1599 2803 1651 τοῦ
2830 1598 3091 1669 προτέρου
3118 1600 3246 1654 λαοῦ
3268 1605 3636 1672 καταστροφῇ,
3661 1601 3866 1672 προσέρ-

2330 1704 2478 1756 χεται
2507 1686 2585 1756 τῷ
2617 1689 2823 1759 Κυρίῳ,
2853 1689 2951 1751 τὰς
2971 1688 3108 1759 ὑπὲρ
3131 1688 3225 1742 τοῦ
3257 1691 3383 1743 λαοῦ
3406 1693 3742 1761 ἀναπέμπων
3763 1692 3866 1762 δεή-

671 1798 783 1844 σεις
817 1785 953 1854 μετὰ
978 1784 1226 1853 νηστείας
1255 1785 1348 1836 καὶ
1382 1784 1650 1855 δακρύων,
1683 1786 1829 1846 ὅπως
1854 1784 1918 1837 ἂν
1949 1783 2042 1836 καὶ
2071 1779 2229 1843 αὐτὸς
2266 1779 2294 1831 ὁ
2325 1777 2450 1841 λαὸς
2474 1779 2808 1850 οικτειρήθῇι

739 1871 902 1928 Vens.
929 1875 980 1928 3.
1013 1873 1076 1927 In
1105 1891 1406 1944 quacunque
1437 1874 1522 1928 die
1556 1875 1779 1928 tribulor
1807 1874 2006 1928 inclina
2033 1873 2101 1925 ad
2147 1889 2226 1926 me
2254 1882 2296 1936 Β

672 1981 845 2019 aurem
900 1976 1063 2021 tuam.
1117 1966 1215 2022 Hic
1251 1967 1468 2023 dicatur
1501 1969 1632 2023 illud
1662 1967 1815 2024 Isaiae
1857 1989 1871 2024 :
1908 1969 2149 2031 Domine,
2169 1970 2223 2021 in

678 2059 1283 2115 fribulatione‘recordati
1313 2078 1492 2116 sumus
1520 2064 1616 2127 tui,
1636 2063 1689 2116 in
1713 2063 2048 2116 tribulatione
2063 2078 2224 2130 parva

678 2151 944 2223 iisciplina
973 2164 1063 2208 tua
1090 2155 1236 2211 nobis
1257 2156 1319 2210 ".
1351 2157 1490 2211 Ante
1513 2157 1821 2223 aﬂlictionis
1853 2163 2066 2228 tempus
2087 2158 2223 2212 divi—

672 2246 750 2300 nis
769 2247 1022 2315 precibus
1055 2246 1359 2302 vacandum
1402 2254 1505 2313 est,
1539 2262 1715 2318 neque
1751 2248 1926 2303 solum
1948 2249 2001 2302 in
2035 2249 2223 2304 adver—

667 2336 740 2390 sis
777 2335 1131 2403 temporibus.
1167 2333 1266 2390 Hic
1311 2336 1492 2406 itaque
1529 2335 1612 2390 vir
1639 2344 1864 2392 sanctus
1910 2348 2083 2410 rogat,
2115 2355 2222 2393 non

665 2433 725 2480 ut
753 2425 1041 2480 afflictione
1070 2433 1273 2489 careat,
1307 2426 1357 2482 id
1410 2427 1553 2482 enim
1594 2428 1721 2487 ﬁeri
1765 2430 1988 2499 nequit;
2035 2430 2128 2485 sed
2162 2439 2222 2484 ut

664 2516 893 2572 afflictus
919 2533 986 2571 ne
1017 2525 1321 2586 superetur,
1357 2524 1412 2572 et
1439 2526 1499 2572 ut
1529 2534 1625 2588 spe
1671 2519 1910 2588 gaudens
1950 2535 2221 2574 aerumnas

663 2608 802 2664 ferat
853 2609 908 2662 in
957 2609 1132 2679 iisque
1169 2609 1428 2679 glorietur
1461 2629 1475 2664 :
1525 2608 1819 2664 Tribulatio
1844 2611 1980 2664 enim
2007 2627 2099 2679 per
2125 2625 2222 2678 pa-

663 2702 897 2757 tientiam
941 2711 990 2756 et
1042 2701 1422 2770 probationem,
1479 2717 1619 2770 spem
1671 2711 1882 2771 generat
1902 2703 1967 2756 '°.
2014 2701 2221 2755 Exaudi

660 2811 767 2856 me,
786 2796 979 2866 inquit,
1001 2796 1056 2849 in
1078 2810 1402 2866 quacunque
1424 2795 1511 2849 die
1540 2794 1788 2859 tribuler,
1830 2794 2031 2848 inclina
2055 2793 2119 2846 ad
2139 2809 2222 2849 me

660 2893 996 2941 mansuetam
1027 2899 1210 2938 aurem
1252 2891 1421 2938 tuam.
1454 2883 1594 2938 Deus
1625 2892 1802 2938 autem
1847 2900 2029 2939 aurem
2067 2885 2221 2937 incli-

659 2992 793 3032 nare
820 2977 1042 3040 dicitur,
1061 2978 1216 3046 quasi
1248 2977 1483 3030 humana
1505 2978 1585 3030 vis
1605 2984 1658 3030 et
1678 2977 1889 3030 clamor
1910 2976 1974 3030 ad
2001 2976 2221 3032 celsitu-

657 3063 839 3117 dinem
891 3061 1109 3116 deitatis
1157 3062 1274 3131 ejus
1306 3064 1609 3133 pertingere
1667 3071 1943 3133 nequeat:
1980 3079 2218 3134 quapro-

658 3161 780 3224 pter
804 3153 920 3222 ipse
949 3167 978 3206 a
1007 3154 1375 3222 magnitudine
1402 3170 1499 3208 sua
1535 3169 1653 3209 sese
1689 3154 1998 3219 demittens,
2031 3168 2215 3211 aurem

659 3242 886 3297 inclinat
919 3243 1004 3306 iis,
1052 3259 1187 3314 quos
1219 3245 1476 3299 exaudire
1516 3245 1788 3314 dignatur.
1829 3226 1960 3300 lliud
1992 3254 2212 3300 autem:

660 3335 728 3388 In
756 3351 1055 3405 quacunque
1077 3335 1159 3388 die
1183 3335 1439 3402 tribuior,
1476 3352 1539 3392 ac
1563 3336 1608 3392 si
1633 3336 1838 3392 diceret
1878 3357 1889 3390 :
1921 3336 2041 3390 Non
2073 3352 2217 3391 nunc

658 3433 886 3491 tantum,
913 3428 1007 3482 sed
1041 3435 1153 3502 toto
1177 3428 1299 3482 vitae
1334 3442 1467 3482 mete
1502 3437 1764 3498 tempore,
1800 3428 2138 3496 maximeque
2165 3427 2216 3482 in

658 3519 1137 3590 tribulationibus;
1196 3526 1326 3574 tunc
1374 3521 1519 3575 enim
1569 3521 1841 3589 praecipue
1883 3518 2086 3606 auxilio
2135 3525 2218 3573 est

610 3648 618 3656 κ
655 3626 812 3682 opus.
846 3611 953 3665 Aut
983 3605 1214 3666 fortasse
1238 3627 1346 3664 non
1371 3610 1528 3680 quasi
1550 3610 1617 3663 de
1639 3609 1819 3665 futura
1849 3609 2214 3673 tribulatione,

656 3704 754 3759 sed
783 3704 854 3758 de
880 3704 1135 3775 praesenti
1160 3703 1364 3756 dictum
1388 3710 1490 3757 est.
1523 3699 1595 3754 Ea
1629 3701 1772 3755 enim
1804 3702 1922 3772 ejus
1952 3703 2217 3756 sententia

653 3801 737 3850 est
768 3809 780 3845 :
806 3791 941 3859 Quia
965 3794 1090 3849 talis
1119 3794 1232 3846 haec
1259 3793 1375 3848 dies
1391 3800 1495 3857 est,
1524 3800 1581 3846 ut
1602 3792 1720 3862 ejus
1741 3793 2057 3864 gravitatem
2077 3790 2218 3847 ferre

653 3901 764 3941 non
796 3886 1023 3949 valeam,
1069 3883 1286 3939 ﬂectere
1315 3892 1368 3940 et
1415 3893 1724 3956 promptum
1773 3885 2032 3941 auxilium
2074 3900 2214 3955 prae-

655 3980 804 4033 stito.
838 3976 905 4032 In
925 3994 1229 4048 quacunque
1247 3978 1330 4031 die
1356 3978 1655 4058 invocavera
1673 3991 1741 4042 te,
1763 3978 2004 4033 uelociter
2022 3978 2216 4032 exaudi

655 4087 756 4125 me.
786 4069 992 4140 Ecquid
1026 4077 1235 4124 tantum
1285 4071 1478 4142 urget?
1517 4085 1637 4140 quae
1685 4071 1768 4124 vel
1822 4070 1997 4140 qualis
2051 4084 2214 4124 causa

653 4161 995 4218 velocitatis?
1025 4161 1164 4228 Quia
1214 4161 1507 4230 defecerunt
1541 4163 1676 4214 sicut
1711 4161 1888 4230 fumus
1929 4161 2042 4236 dies
2071 4163 2212 4215 mei:

654 4253 914 4325 temporis
963 4254 1280 4308 brevitatem
1327 4261 1381 4309 et
1433 4252 1841 4308 instabilitatem
1881 4267 1980 4323 per
2008 4252 2212 4306 fumum

653 4348 942 4420 significat.
970 4346 1039 4401 Et
1060 4362 1182 4401 ossa
1205 4362 1320 4400 mea
1349 4345 1485 4399 sicut
1509 4345 1755 4399 cremium
1779 4353 2048 4397 aruerunt.
2084 4343 2214 4396 Pcr-

651 4457 835 4495 cussus
869 4457 985 4494 sum
1013 4449 1070 4492 ut
1099 4439 1274 4508 fenum
1293 4447 1341 4493 et
1369 4439 1577 4492 exaruit
1600 4451 1692 4490 cor
1721 4451 1908 4498 meum,
1935 4436 2058 4504 quia
2084 4435 2214 4488 obli-

2408 1858 2508 1922 Ἕν
2525 1864 2563 1940 ᾗ
2591 1871 2666 1923 ἂν
2687 1869 2874 1940 ἡμέρᾳ
2896 1872 3177 1941 θλίόωμαι
3203 1873 3411 1927 κλῖνον
3430 1877 3577 1942 πρὸς
3591 1877 3670 1946 μὲ
3693 1878 3756 1930 τὸ
3774 1872 3864 1942 οὖς

2323 1974 2457 2014 σου.
2523 1962 2780 2017 Ἐνταῦθα
2813 1966 3044 2038 εἰρήσθω
3071 1967 3132 2019 τὸ
3169 1966 3262 2020 τοῦ
3305 1968 3554 2021 Ἡσαΐου·
3584 1971 3784 2038 Κίιοιε,
3808 1972 3864 2021 ἐν

2323 2052 2522 2119 θλίψει
2555 2053 2934 2125 ἐμνήσθημέν
2975 2074 3124 2123 σου,
3159 2059 3228 2112 ἐν
3272 2060 3471 2127 θλίψει
3492 2060 3732 2129 μικρᾷή
3752 2074 3864 2113 παι-

2322 2138 2448 2193 δεία
2478 2155 2592 2195 σου
2624 2143 2786 2210 ἡμῖν.
2825 2144 2941 2216 Χρὴ
2978 2147 3034 2200 δὲ
3064 2148 3170 2218 ἄρα
3201 2148 3294 2201 καὶ
3324 2150 3429 2220 πρὸ
3457 2149 3552 2202 τοῦ
3588 2149 3862 2211 θλίϐεσθαι,

2321 2234 2440 2294 ταῖς
2473 2231 2767 2302 ἱκετηρίαις
2801 2236 3076 2305 σχολάζειν
3095 2277 3110 2300 ,
3138 2240 3230 2292 καὶ
3262 2241 3336 2310 μὴ
3366 2242 3524 2308 μόνον
3554 2244 3612 2294 ὲν
3642 2244 3751 2305 τοίς
3777 2259 3862 2295 πε·

2324 2327 2647 2396 ριστατικοίς
2668 2330 2893 2398 καιροῖς.
2932 2329 2988 2381 '0
3017 2330 3195 2399 μέντοι
3217 2332 3368 2399 ἅγιος
3387 2332 3600 2404 εὔχεται
3623 2337 3716 2405 οὐχ
3735 2337 3865 2398 ὅπως

2325 2415 2397 2486 μὴ
2427 2413 2578 2486 θλίὁῃ
2600 2455 2613 2478 ,
2649 2416 2903 2471 ἀδύνατον
2930 2419 3038 2490 γὰρ
3061 2419 3234 2486 τοῦτο,
3265 2422 3375 2474 ἀλλ’
3401 2425 3546 2488 ὅπως
3572 2424 3864 2496 θλιϐόμενος

2324 2507 2398 2579 μὴ
2435 2508 2658 2580 ἡττηθῇ,
2694 2511 2787 2562 καὶ
2817 2511 2964 2575 ὅπως
2996 2515 3060 2584 τῇ
3100 2513 3272 2567 ἐλπίδι
3294 2516 3499 2587 χαίρων
3523 2518 3866 2592 ὑπομένῃτὰς

2322 2598 2525 2669 θλίψεις
2568 2602 2660 2654 καὶ
2691 2602 3037 2674 καυχώμενος
3068 2605 3126 2658 ὲν
3156 2607 3361 2672 αὑταῖς.
3430 2609 3500 2665 Ἡ
3539 2612 3647 2681 γὰρ
3677 2614 3866 2681 θλίψις

2320 2690 2432 2758 τὴν
2450 2692 2666 2746 ἐλπίδα
2679 2693 2774 2748 διὰ
2812 2695 2920 2763 τῆς
2945 2697 3254 2767 ὑπομονῆς
3284 2700 3381 2753 καὶ
3411 2701 3660 2772 δοκιμῆς
3677 2703 3862 2774 γεννᾷ.

2333 2782 2659 2838 Ἐπάκουσον
2681 2782 2773 2841 οὗν
2797 2804 2918 2858 μου,
2946 2790 3128 2859 φησιν,
3152 2792 3209 2843 ὲν
3290 2792 3355 2845 ἂν
3383 2794 3564 2864 ἡμέρᾳ
3592 2794 3864 2866 θλίσωμαι,

2321 2874 2596 2938 ὲπικλίνας
2614 2894 2713 2945 μου
2729 2880 2826 2949 τὴν
2843 2879 3215 2951 φιλάνθρωπον
3225 2884 3628 2955 ἀκοήν.Κλίνειν
3643 2889 3697 2941 δὲ
3712 2892 3740 2941 6
3752 2889 3867 2951 Θεὸς

2318 2964 2378 3015 τὸ
2406 2961 2493 3027 οὖς
2525 2967 2688 3020 αὐτοῦ
2723 2968 2970 3036 λέγεται,
3001 2971 3076 3034 ὡς
3114 2973 3212 3025 οὐκ
3239 2974 3634 3048 ἐφικνουμένης
3664 2981 3759 3050 τῆς
3788 2983 3867 3034 ἀν-

2320 3054 2593 3127 θρωπίνης
2624 3058 2901 3128 δυνάμεώς
2928 3077 2987 3114 τε
3032 3065 3126 3116 καὶ
3167 3067 3412 3135 κραυγῆς
3443 3067 3665 3137 φθάνειν
3696 3074 3788 3125 ἐπὶ
3815 3075 3867 3125 τὸ

2321 3146 2452 3216 ὕψος
2500 3149 2599 3219 τῆς
2642 3150 2806 3204 αὐτοῦ
2839 3150 3122 3224 θεότητος·
3158 3156 3342 3226 διόπερ
3373 3159 3533 3224 αὐτὸς
3579 3164 3867 3218 ὑποκατιιὶνι

2315 3241 2416 3306 τῆς
2455 3241 2625 3297 αὑτοῦ
2667 3244 3081 3317 μεγαλειότητος
3125 3249 3397 3303 ὑποκλίνει
3438 3252 3535 3324 τὴν
3567 3256 3735 3326 ἀκοὴν
3769 3260 3867 3318 rei;

2316 3329 2754 3406 καταξιουμένοις
2812 3335 3208 3390 είσακούεσθαι.
3273 3340 3344 3392 Τὸ
3406 3341 3484 3404 δὲ,
3548 3346 3650 3398 Ἐν
3705 3340 3747 3417 ᾖ
3803 3346 3867 3398 ἂν

2315 3417 2504 3486 ἡμέρᾳ
2556 3421 2867 3490 θλίϐωμαι,
2915 3424 3037 3476 ἀντὶ
3078 3425 3168 3478 τοῦ
3191 3465 3206 3490 ,
3241 3427 3331 3497 Μὴ
3375 3428 3471 3481 νῦν
3507 3431 3663 3500 μόνον
3686 3474 3700 3497 ,
3748 3433 3866 3484 ἀλλὰ

2315 3506 2444 3580 παρῆ
2511 3507 2637 3580 ὃλην
2690 3511 2868 3584 ζωὴν,
2901 3514 3058 3569 πλέον
3090 3516 3152 3585 ,δὲ
3197 3518 3255 3571 ὲν
3312 3519 3551 3589 θλίψεσι·
3618 3525 3735 3576 τότε
3771 3525 3866 3593 γὰρ

2317 3601 2552 3669 μάλιστα
2581 3602 2737 3674 χρεία
2771 3607 3037 3677 βοηθείας.
3078 3609 3152 3662 Ἦ.
3185 3611 3323 3680 τάχα
3353 3615 3451 3682 οὐχ
3489 3613 3563 3676 ὡς
3595 3617 3720 3687 περὶ
3755 3616 3866 3686 μελ-

2314 3690 2509 3763 λούσης
2541 3692 2804 3776 θλίψεως,
2839 3697 2953 3750 ἀλλ’
2987 3698 3064 3761 ὡς
3095 3701 3407 3773 ἐνεστώσης
3453 3705 3689 3776 εἴρηται.
3743 3708 3863 3760 Βού-

2311 3782 2460 3836 λεται
2517 3774 2623 3857 fa?
2677 3787 2851 3840 εἰπεῖν
2888 3789 3004 3851 ὁτι,
3065 3791 3186 3842 ἐπεὶ
3228 3785 3382 3864 αὕτη
3415 3774 3574 3848 ἐστιν
3609 3801 3641 3866 ὴ
3699 3801 3865 3870 ἡμέρα

2310 3872 2380 3950 ἦς
2410 3877 2507 3930 οὐκ
2531 3877 2674 3933 ἐστιν
2705 3879 3019 3949 ὑπενεγκεῖν
3157 3881 3454 3954 βαρύτητα,
3480 3888 3758 3959 κάμφθητι
3784 3893 3864 3944 καὶ

2312 3971 2530 4039 ταχεῖαν
2554 3970 2641 4034 δὸς
2665 3970 2761 4043 τὴν
2782 3970 3048 4044 βοήθειαν.
3096 3974 3198 4028 Ἐν
3215 3969 3254 4046 ᾖ
3285 3975 3359 4030 ἂν
3387 3978 3573 4047 ἡμέρᾳ
3603 3981 3862 4037 ἐπικαλέ-

2311 4062 2503 4130 σωμαί
2524 4078 2630 4128 σε,
2665 4064 2814 4134 ταχὺ
2845 4065 3191 4121 ἐπάκουσον
3219 4087 3355 4137 μου.
3422 4071 3530 4124 Καὶ
3554 4073 3609 4124 τί
3647 4075 3706 4127 τὸ
3728 4081 3730 4083 ’
3752 4093 3864 4128 κατ-

2310 4156 2554 4222 επεῖγονς
2586 4156 2733 4209 αίτία
2749 4156 2921 4222 δὲτίς,
2946 4158 2979 4228 ἢ
3004 4160 3132 4212 ποία
3154 4161 3252 4228 τῆς
3288 4162 3622 4234 ταχύτητος
3647 4167 3768 4220 Ὀτι
3787 4167 3864 4229 ἐξ·

2308 4246 2519 4301 ἐλιπον
2534 4251 2593 4302 at
2617 4250 2823 4319 ἡμέραι
2845 4269 2965 4320 μου
2989 4253 3130 4322 ὡσεὶ
3151 4256 3377 4322 καπνός
3396 4274 3409 4287 ·
3438 4257 3500 4310 τὸ
3519 4259 3862 4334 ὀλιγοχρόνιον

2310 4340 2402 4392 καὶ
2423 4343 2787 4397 ἀνυπόστατον
2820 4344 2907 4398 διὰ
2938 4346 3030 4400 τοῦ
3057 4347 3261 4401 καπνοῦ
3293 4349 3461 4421 δηλοῖ.
3492 4355 3600 4407 Καὶ
3629 4355 3700 4409 τὰ
3727 4354 3861 4409 ὀστᾶ

2304 4449 2421 4499 μου
2445 4432 2586 4500 ὡσεί
2605 4437 2855 4506 φρύγιον
2874 4441 3360 4511 συνεφρύγησαν.
3405 4444 3714 4514 Ἐπλήγην
3734 4448 3862 4502 ὡσεὶ

653 4544 736 4588 tas
766 4550 881 4587 sum
915 4532 1180 4588 comedere
1215 4547 1398 4600 panem
1431 4546 1620 4585 meum.
1660 4529 1702 4582 Α
1730 4544 1846 4582 uoce
1873 4528 2094 4597 gemitus
2115 4527 2213 4580 mei

2319 4525 2538 4593 χόρτος,
2570 4527 2668 4612 καὶ
2687 4528 2982 4598 ἐξηράνθη
3003 4533 3042 4599 ἠ
3070 4533 3279 4599 καρδία
3303 4550 3442 4602 μου,
3475 4534 3564 4589 ὅτι
3595 4537 3860 4595 615.1006-

652 4623 874 4678 adluesit
920 4641 976 4677 os
1007 4640 1175 4677 meum
1210 4623 1360 4677 carni
1416 4639 1560 4678 mete.
1608 4622 1739 4688 Quae
1769 4621 1968 4691 populo
2010 4619 2214 4673 accide-

2319 4635 2436 4687 μην
2461 4617 2566 4674 τοῦ
2600 4621 2810 4689 φαγεῖν
2841 4621 2948 4675 τὸν
2972 4623 3152 4690 ἄρτον
3188 4642 3326 4694 μου.
3371 4627 3506 4680 Ἀπὸ
3532 4629 3736 4698 φωνῆς
3769 4633 3860 4687 τοῦ

652 4722 781 4768 runt
806 4720 864 4768 ut
887 4713 990 4769 sibi
1017 4714 1235 4785 propria
1262 4720 1480 4770 enarrat
1503 4713 1850 4783 propheticus
1879 4711 2100 4771 chorus,
2131 4709 2213 4763 vel

2319 4713 2650 4782 στεναγμοῦ
2664 4731 2786 4782 μου
2803 4714 3101 4783 ἐκολλήθη
3116 4717 3193 4770 τὸ
3216 4717 3442 4784 ὀστοῦν
3459 4737 3580 4787 μου
3602 4721 3676 4791 τῇ
3699 4726 3861 4792 σαρκί

652 4809 813 4861 etiam
851 4808 964 4876 ipse
1017 4804 1182 4860 David
1231 4825 1244 4860 :
1290 4805 1633 4874 declaratque
1667 4804 1974 4858 universam
2025 4815 2212 4856 eorum

652 4900 930 4961 virtutem,
973 4911 1078 4966 qua
1115 4897 1302 4966 legalis
1340 4897 1520 4952 cultus
1570 4894 1926 4958 consistebat,
1989 4893 2217 4963 periisse

653 5007 716 5046 ac
765 4990 1164 5060 pessumivisse.
1243 4986 1365 5044 Haec
1420 5002 1582 5058 porro
1626 4993 1777 5041 erant
1829 4984 2212 5048 sacerdOtium,

651 5083 936 5153 templum,
965 5095 1222 5153 pecorum
1249 5080 1536 5143 sacriﬁcia,
1564 5079 1740 5150 gentis
1765 5078 1855 5148 jus
1883 5085 1937 5132 et
1966 5078 2207 5132 libertas.

655 5176 970 5232 Sublimiori
1004 5189 1131 5230 vero
1164 5189 1348 5236 sensu,
1382 5172 1473 5242 qui
1521 5172 1816 5227 secundum
1865 5169 2032 5225 Deum
2080 5184 2211 5240 pau-

655 5287 750 5342 per
800 5277 919 5333 est,
962 5269 1198 5339 primum
1238 5281 1395 5321 suum
1453 5263 1664 5318 facinus
1716 5267 1979 5327 enuntiat,
2023 5277 2216 5331 nempe

655 5359 799 5431 quod
826 5369 1188 5427 temporaneze
1209 5357 1335 5410 vitae
1368 5353 1483 5409 dies
1518 5353 1603 5408 sui
1647 5355 1818 5408 instar
1849 5354 1979 5408 fumi
2009 5352 2216 5408 defece-
2253 5376 2256 5380 λ

655 5453 784 5513 rint,
816 5462 941 5503 cum
970 5447 1230 5516 inglorius
1263 5455 1317 5501 et
1358 5447 1625 5501 obscurus
1671 5445 1818 5512 ipsos
1867 5445 2208 5514 transegerit.

657 5541 770 5596 Hoc
799 5547 978 5595 autem
1009 5539 1273 5608 intelliges
1299 5554 1365 5592 ex
1398 5538 1482 5592 his
1521 5533 1767 5608 quat-Job
1807 5538 1881 5590 ait
1926 5557 1939 5591 :
1984 5537 2211 5603 Quando

658 5632 861 5686 lucebat
885 5630 1096 5685 lucerna
1117 5645 1269 5698 super
1290 5641 1442 5698 caput
1473 5643 1662 5693 meum,
1697 5629 1904 5699 quando
1934 5646 2076 5684 eram
2103 5647 2212 5683 ma-

2309 4821 2445 4871 μου.
2479 4805 2558 4858 Τὰ
2581 4807 2863 4875 συμϐάντα
2883 4806 2959 4878 τῷ
2983 4809 3095 4878 λαῷ
3124 4810 3527 4865 οἱκειοποιεῖται
3550 4814 3580 4865 6
3610 4831 3860 4889 προφητι-

2315 4895 2407 4959 κὸς
2435 4897 2624 4968 χορὸς,
2657 4899 2688 4968 ἢ
2725 4900 2817 4951 καὶ
2847 4901 2875 4953 6
2910 4901 3098 4954 Aaoi6°
3150 4902 3242 4956 καὶ
3280 4902 3550 4957 δείκνυσιν
3606 4909 3686 4961 ὅτι
3729 4914 3860 4964 πᾶσι

2313 4984 2537 5056 δύναμις
2562 4987 2759 5051 αὐτῶν,
2793 4989 2857 5042 δι’
2883 4985 2950 5060 ἦς
2979 4994 3309 5061 συνειστήκει
3335 4993 3402 5045 τὰ
3422 4995 3522 5064 τῆς
3552 4998 3691 5052 κατὰ
3721 5001 3860 5071 νόμον

2314 5075 2565 5148 λατρείας
2584 5119 2597 5142 ,
2645 5080 2905 5152 διεφθάρη
2935 5083 3028 5135 καὶ
3062 5083 3354 5138 ἀπόλωλεν.
3387 5081 3493 5138 Ἦν
3519 5088 3576 5141 δὲ
3606 5091 3777 5144 ταῦτα
3834 5092 3861 5158 ἡ

2315 5168 2707 5239 ἀρχιερωσύνη,
2741 5173 2768 5224 6
2792 5171 2946 5235 ναὸς,
2981 5173 3035 5224 al
3067 5169 3154 5223 διὰ
3171 5171 3278 5224 τῶν
3316 5172 3646 5246 θρεμμάτων
3674 5180 3859 5234 θυσίαι,

2309 5264 2402 5314 καὶ
2434 5265 2465 5333 ἡ
2500 5264 2791 5334 αὐτονομὶα
2826 5264 2919 5317 τοῦ
2953 5264 3151 5328 ἔθνους.
3213 5265 3573 5342 ’Υψηλότερον
3599 5271 3652 5325 δὲ
3677 5275 3707 5325 6
3737 5273 3860 5327 κατᾶ

2308 5353 2436 5406 Θεὸν
2471 5355 2679 5425 πτωχὸς
2724 5355 2936 5426 πρῶτον
2977 5356 3140 5410 αὐτοῦ
3173 5359 3504 5431 κατόρθωμα
3544 5364 3780 5420 διδάσκει
3811 5365 3860 5416 τὺ

2307 5446 2669 5502 ἐκλελοιπέναι
2700 5447 2906 5501 καπνοῦ
2925 5447 3080 5519 δίκην
3092 5450 3202 5521 ⁸τὰς
3229 5451 3329 5521 τῆς
3364 5456 3704 5528 προσκαίρου
3733 5455 3861 5524 ζωῆς

2308 5539 2516 5609 ἡμέρας
2537 5540 2720 5604 αὐτοῦ,
2749 5539 2948 5603 ἀδόξως
2971 5541 3062 5594 καὶ
3086 5542 3311 5613 ἀφανῶς
3326 5544 3498 5609 αὑτὰς
3516 5547 3858 5615 διεξάγοντικ.

2306 5631 2534 5700 Νοήσεις
2566 5630 2622 5683 δὲ
2650 5631 2806 5684 τοῦτο
2834 5633 2925 5700 ἀφ’
2959 5626 3033 5689 ὧν
3064 5636 3091 5688 6
3129 5635 3245 5692 Ἰὠδ
3282 5653 3447 5708 φησιν
3466 5657 3479 5670 ·
3548 5641 3683 5693 Ὅτε
3709 5639 3859 5708 norat

729 5814 770 5844 ¹⁷
812 5811 970 5868 Nich.
1007 5828 1114 5880 vn,
1159 5812 1208 5879 i,
1244 5810 1296 5866 2.
1374 5812 1415 5845 ¹⁸
1453 5810 1602 5869 Psal.
1632 5827 1767 5878 xm,
1805 5812 1857 5867 3.
1937 5813 1979 5845 ¹⁹
2018 5811 2118 5869 lsa.
2166 5830 2222 5867 xx

2355 5813 2440 5870 16.
2517 5815 2561 5847 ’⁸
2599 5813 2755 5870 Rom.
2788 5830 2839 5870 γ.
2875 5814 2928 5868 4.
