3950 6350
32 391 158 447 1353

1114 381 1606 439 COMMENTARIA
1645 381 1710 436 IN
1750 379 2082 436 PSALMOS.

3082 381 3218 434 1⁸254

32 502 301 574 ό,λύχνος
330 502 481 568 ὑπὲρ
520 501 785 569 κεφαλῆς
821 516 936 568 μου
962 514 974 525 ο
1028 498 1123 550 ὅτε
1153 497 1312 565 ἥμην
1337 495 1568 562 ὑλώδης

1688 494 1873 566 ’erialis
1897 495 2051 548 nimis
2075 494 2141 548 ".
2189 492 2424 548 Lucebat
2445 492 2549 564 ipsi
2572 491 2789 548 lucerna
2817 501 2946 547 tunc
2975 494 3026 546 in
3054 495 3220 547 abun-

32 594 175 644 λίαν.
229 592 398 659 Ηῠγει
432 592 576 662 αὐτῷ
609 595 637 644 ὁ
671 592 856 659 λύχνος
892 590 1009 642 τότε
1055 591 1111 641 ὲν
1150 587 1366 659 εὐθηνία
1397 589 1573 657 ὑπάρ-

32 671 163 749 χοντι
188 698 199 710 ·
250 685 336 735 ὅτε
363 683 419 735 δὲ
452 684 623 736 πάντα
656 681 802 751 αὐτῷ
839 681 907 733 τὰ
939 681 1246 750 ὑπάρχοντα
1272 677 1576 731 διαπεπτώο

32 791 124 833 κει,
155 769 316 826 ἐἶπεν
339 774 406 826 ἂν
435 776 525 828 καὶ
558 774 745 834 αὑτός·
785 774 900 824 Ὅτι
944 771 1222 835 ἐξέλιπον
1252 771 1391 824 ὡσεὶ
1427 787 1575 823 καπ-

32 865 122 929 νὸς
166 867 225 917 αἱ
258 866 465 933 ἡμέραι
494 883 628 932 μου.
687 863 933 926 Τοιοῦτος
971 864 1026 914 δέ
1058 866 1199 915 ἐστιν
1229 865 1256 915 ὁ
1281 861 1420 915 κατά
1446 861 1576 913 Θεὸν

32 954 231 1024 πτωχὸς
254 995 268 1017 ,
301 955 499 1019 ἀδόξως
536 955 629 1007 καὶ
668 951 885 1022 ἀφανῶς
915 952 1011 1014 τὰς
1036 952 1243 1022 ἡμέρας
1278 950 1439 1003 αὑτοῦ
1478 949 1576 1018 τῆς

32 1047 351 1115 προσκαίρου
377 1045 519 1113 ζωῆς
561 1045 840 1111 διεξάγων.
869 1040 1000 1096 Εἶτα
1022 1045 1254 1106 ἀσιτίαις
1277 1042 1462 1095 ἑαυτὸν
1486 1040 1578 1093 καὶ

32 1136 322 1188 κακώσεσιν
358 1119 691 1197 ὑποϐάλλων,
716 1136 771 1187 ὲν
805 1134 944 1204 λιμῷ
973 1135 1065 1186 καὶ
1092 1135 1228 1202 δίψει
1254 1133 1577 1202 κατατρύχει

32 1228 107 1279 καὶ
139 1222 493 1297 καταφρύγει.
531 1227 641 1279 Καὶ
669 1227 788 1279 ἐπεὶ
815 1224 979 1280 πᾶσα
1003 1225 1157 1293 σὰρξ
1184 1225 1395 1292 χόρτος
1419 1264 1432 1287 ,
1479 1223 1575 1277 καὶ

32 1313 182 1374 πᾶσα
212 1316 361 1379 δόξα
388 1315 570 1383 αυτῆς
594 1317 674 1382 ὠς
699 1316 878 1381 ἄνθος
905 1317 1138 1383 χόρτου,
1165 1313 1438 1383 μαραίνων
1460 1314 1580 1364 ἐαυ-

32 1406 108 1459 τοῦ
134 1408 230 1477 τὴν
264 1407 444 1482 σάρκα,
467 1408 633 1476 φησὶν
652 1445 666 1470 ,
709 1405 1010 1474 Ἐπλήγην
1037 1403 1175 1477 (hoc!
1208 1405 1434 1471 χόρτος.

99 1518 153 1567 'U
182 1517 239 1569 δὲ
261 1517 462 1588 ἀληθὴς
498 1517 812 1586 στέναγμὸς,
842 1516 899 1579 ὃς
927 1518 1019 1568 καὶ
1051 1514 1230 1584 φωνὴν
1258 1513 1366 1583 ἔχει
1395 1515 1579 1566 ἀκουο-

32 1609 184 1676 μένην
214 1609 364 1680 παρὰ
382 1607 560 1685 ,Θεοῦη
597 1608 750 1677 τήκει
792 1605 851 1658 τὸ
886 1605 1071 1676 σῶμα,
1117 1605 1212 1657 καὶ
1241 1605 1338 1672 τῆς
1382 1604 1578 1674 σαρκὸς

32 1698 306 1768 ἐργάζεται
331 1699 612 1769 νέκρωσιν,
644 1697 782 1749 ὥστε
807 1697 894 1749 τὸν
919 1695 1025 1748 ἔσω
1052 1694 1468 1748 ἀνακαινοῦσθαι
1496 1694 1580 1747 ἄν·

32 1790 251 1861 θρωπον.
298 1790 600 1852 Ἐπιὸαλεῖς
627 1790 680 1840 δὲ
705 1789 794 1840 καὶ
822 1781 945 1840 ὦδε·
967 1785 1234 1839 Ἐκλείπει
1256 1781 1457 1849 καπνὸς
1481 1803 1580 1837 πυ-
1611 1827 1653 1883 Β

33 1882 111 1950 pb;
140 1880 531 1956 σϐεννυμένου·-
559 1878 875 1948 ὑφεστηκὼς
903 1879 982 1940 είς
1005 1879 1126 1930 ὅσον
1159 1879 1367 1948 ἐνεργεῖ
1386 1877 1445 1928 τὸ
1467 1876 1578 1946 πῦρ

32 1965 67 2037 ᾧ
99 1971 254 2034 αὐτὸς
286 1970 697 2042 παρακολουθεῖ.
735 1969 832 2022 "Iv‘
864 1965 975 2031 οὖν,
1004 1968 1156 2039 φησὶ,
1184 1969 1272 2020 καὶ
1300 1968 1354 2022 αἱ
1377 1966 1578 2038 ⁴ἡμέραι

34 2062 99 2131 μὴ
115 2063 450 2118 ἐκλείπωσιν.
474 2061 544 2113 Οὐ
562 2061 668 2130 γάρ
689 2076 776 2128 μοι
794 2059 927 2130 πρὸς
945 2057 1108 2112 καλοῦ
1125 2057 1274 2110 ἔσται
1290 2057 1349 2110 τὸ
1363 2056 1580 2126 σϐεσθῆ-

33 2170 108 2205 ναι
134 2152 195 2205 ’τὸ
227 2153 340 2220 φῶς
371 2153 461 2205 ἀπ’
494 2151 624 2221 ἐμοῦ
659 2151 718 2203 τὸ
752 2150 1026 2221 ποιητικὸν
1053 2149 1160 2201 τῶν
1193 2135 1414 2219 ἡμερῶν
1446 2165 1574 2218 μου*

33 2244 307 2314 παράγαγε
327 2244 393 2297 τά
423 2230 660 2318 θλιδεράῖ
697 2243 758 2296 El
783 2242 889 2312 γὰρ
912 2242 1234 2312 ὲπιμένοιεν,
1259 2243 1406 2294 αἴτια
1424 2243 1580 2308 γενή-

34 2354 202 2391 σονται
234 2338 334 2407 τῆς
365 2323 654 2407 ἐκλείψεως
685 2338 793 2390 τῶν
817 2335 1037 2408 ἡμερῶν
1071 2353 1169 2405 μου
1189 2375 1202 2396 ,
1232 2334 1363 2387 ἀλλά
1395 2334 1485 2384 καὶ
1512 2332 1580 2383 τὰ

34 2428 153 2480 ὀστᾶ
175 2447 277 2499 μου
305 2431 384 2482 ἔτι
411 2430 605 2501 μᾶλλον
635 2427 996 2500 συμφρύξοιεν
1023 2426 1423 2495 παραμένοντα,
1457 2440 1578 2475 του-

34 2518 186 2580 τέστι,
219 2519 317 2581 τὰς
343 2504 589 2581 εὗτόνους
613 2519 711 2570 καὶ
737 2517 1127 2589 στερῤοτάτους
1159 2515 1254 2582 τῆς
1285 2513 1459 2583 ψυχῆς
1491 2513 1580 2566 δυ-

37 2609 240 2677 νάμεις,
275 2611 332 2662 αἳ
369 2610 461 2662 καὶ
497 2609 915 2679 συμφρύγονται·
936 2601 1041 2659 ὑπὸ
1067 2606 1165 2675 τῆς
1197 2605 1308 2668 τῶν,
1337 2604 1580 2679 ψυχικῶν

38 2675 208 2754 παθῶν
235 2700 548 2772 πυρώσεως.
568 2675 578 2679 Ἰ
599 2675 938 2769 Ξηρανθῆναι
975 2696 1031 2748 δὲ
1059 2695 1205 2765 αὐτῷ
1234 2694 1331 2765 τὴν
1359 2675 1582 2766 καρδίαν

41 2788 215 2858 φησὶν,
245 2787 392 2844 οὐδὲν
428 2788 609 2859 ἱλαρὸν
633 2787 739 2840 οὐδ’
765 2779 923 2855 ἐφ’
969 2785 1112 2838 ἔστιν
1146 2783 1286 2853 ἔχειν
1321 2781 1584 2853 θυμηδίαν

41 2881 382 2950 κεκτημένην.
433 2880 625 2948 Γέγονε
654 2877 761 2949 γὰρ
793 2878 851 2930 ὲν
885 2879 994 2940 τοῖς
1026 2870 1409 2948 προκειμένοις⁸
1432 2890 1583 2943 περι-

43 2960 290 3035 στατικοῖς
313 2988 582 3034 roceo-rev,
606 2970 680 3033 ὡς
708 2968 901 3040 μηκέτι
926 2963 1095 3021 οἷόντε
1115 2963 1251 3018 εἶναι
1273 2967 1364 3016 τὸν
1389 2963 1585 3019 κατάλ-

43 3063 184 3131 ληλον
216 3063 306 3117 καί⁸
349 3063 603 3134 ἁρμόδιον
632 3065 698 3133 τῇ
747 3054 1047 3130 τιμιωτέρᾳ
1076 3058 1210 3128 αὐτῇ
1242 3055 1395 3124 οὐσίᾳ
1422 3055 1582 3112 ἄρτον

1674 588 1854 641 dantia
1879 586 2161 641 exsistenti
2195 601 2210 638 :
2238 584 2456 656 quando
2482 600 2610 640 vero
2635 587 2846 641 cunctis
2879 585 3221 640 facultatibus

1673 679 1965 742 exciderat,
1998 678 2194 732 dixerit
2230 678 2392 732 etiam
2425 677 2540 747 ipse
2568 695 2581 731 :
2616 677 2752 743 Quia
2787 677 3086 746 defecerunt
3115 679 3220 732 sic-

1673 780 1731 823 ut
1765 771 1938 836 fumus
1989 770 2098 824 dies
2145 771 2264 822 mei.
2314 768 2637 838 Hujusmodi
2685 776 2860 822 autem
2902 778 2983 823 est
3014 769 3100 822 ille
3140 783 3223 821 se-

1675 859 1912 912 cundum
1948 857 2116 913 Deum
2146 873 2367 928 pauper,
2404 859 2666 929 inglorius
2699 867 2752 912 et
2790 860 3050 914 obscurus
3089 865 3226 912 tem-

1674 952 1876 1022 poralis
1899 951 2023 1005 vita:
2046 950 2160 1005 dies
2184 952 2509 1020 transigens.
2532 949 2734 1004 Deinde
2755 965 2881 1004 vero
2907 965 3022 1003 sese
3053 949 3223 1003 absti-

1675 1044 1877 1120 nentiis
1916 1051 1974 1098 et
2024 1043 2478 1097 macerationibus
2524 1042 2841 1111 subjiciens,
2877 1038 3015 1094 fame
3044 1047 3095 1094 et
3133 1040 3221 1094 siti

1677 1137 1908 1206 castigat
1943 1143 1996 1190 et
2037 1135 2279 1189 arefacit.
2328 1133 2395 1187 Et
2441 1133 2568 1204 quia
2611 1134 2776 1186 omnis
2807 1150 2929 1186 caro
2979 1133 3146 1201 fenum
3175 1142 3222 1184 et

1677 1231 1846 1282 omnis
1869 1229 2041 1299 gloria
2064 1229 2176 1296 ejus
2203 1229 2354 1296 quasi
2375 1226 2604 1295 ﬂosffem'
2623 1228 2686 1290 “,
2707 1241 2922 1280 carnem
2947 1226 3229 1282 exsiccans

1678 1337 1830 1376 suam
1859 1322 1935 1374 ait
1984 1338 1996 1372 :
2037 1304 2321 1374 Percussus
2354 1335 2466 1372 sum
2493 1329 2548 1371 ut
2585 1319 2779 1386 fenum.

1748 1514 1920 1572 Verus
1959 1526 2133 1570 autem
2174 1517 2423 1586 gemitus,
2460 1517 2548 1585 qui
2580 1530 2766 1569 vocem
2814 1515 2975 1568 habet
3021 1513 3086 1567 ad
3137 1512 3233 1570 Dei

1679 1621 1845 1661 aures
1868 1607 2288 1676 pervenientem,
2320 1621 2518 1676 corpus
2566 1607 2826 1668 exsiccat,
2860 1613 2911 1659 et
2942 1605 3232 1658 mortifica-

1680 1700 1879 1756 tionem
1909 1700 2089 1753 carnis
2136 1700 2382 1769 peragit;
2434 1700 2507 1753 ita
2537 1705 2596 1752 ut
2635 1699 2858 1752 interior
2887 1699 3047 1753 homo
3081 1714 3234 1753 reno-

1679 1780 1986 1847 vethrfllic
2019 1806 2180 1862 porro
2212 1792 2450 1846 animum
2497 1791 2753 1845 adhibeas
2788 1811 2800 1844 :
2836 1792 3021 1846 Deﬁcit
3054 1791 3234 1846 fumus

1683 1885 1953 1938 exstincto
2009 1885 2164 1953 igne,
2217 1898 2338 1936 cum
2381 1883 2565 1935 tandiu
2599 1885 2826 1936 exsistat
2875 1882 3234 1946 solummodo,

1684 1975 1922 2043 quandiu
1954 1975 2092 2043 ignis
2124 1974 2253 2043 agit,
2292 1987 2449 2042 quem
2503 1972 2681 2025 fumus
2728 1973 2992 2040 sequitur.
3042 1970 3110 2025 Ut
3167 1988 3236 2025 ne

1685 2067 1885 2134 itaque,
1923 2064 2018 2128 ait,
2053 2063 2166 2117 dies
2190 2064 2292 2116 mei
2323 2061 2618 2130 deﬁciant;
2657 2077 2762 2114 non
2791 2078 2874 2114 me
2901 2063 3053 2128 juvat
3089 2061 3232 2115 enim

1684 2159 1727 2213 si
1783 2158 1875 2210 lux
1928 2170 1959 2207 a
2002 2169 2086 2208 me
2135 2154 2531 2222 exstinguatur,
2560 2139 2808 2221 quxdies
2846 2168 2994 2205 meos
3032 2152 3236 2222 elﬁcit;

1683 2261 1950 2302 aarmnnas
1989 2249 2195 2300 amove.
2237 2243 2372 2298 Nam
2421 2244 2466 2298 si
2511 2245 2614 2297 illa:
2665 2253 2936 2306 maneant,
2984 2245 3038 2298 in
3072 2259 3237 2300 causa

1683 2347 1843 2396 erunt
1875 2337 2019 2408 quod
2043 2338 2162 2391 dies
2192 2337 2298 2391 mei
2327 2336 2613 2403 deﬁciant;
2637 2337 2746 2390 imo
2774 2338 2953 2402 etiam,
2985 2338 3028 2390 si
3056 2334 3238 2406 perse-

1685 2429 1948 2491 verarint,
1969 2444 2093 2482 ossa
2112 2443 2229 2481 mea
2243 2428 2414 2497 magis
2437 2427 2712 2496 magisque
2725 2426 3036 2490 arefacient,
3060 2427 3112 2480 id
3134 2433 3237 2489 est,

1685 2524 1940 2578 robustas
1965 2533 2016 2575 et
2042 2519 2383 2574 ﬁrmissimas
2402 2519 2588 2592 animi,
2606 2520 2856 2580 virtutes,
2882 2519 3002 2585 quae
3023 2519 3090 2572 ab
3119 2519 3242 2588 igne

1684 2614 1997 2685 passionum
2042 2611 2235 2664 anima
2279 2605 2639 2664 exsicc'antur.
2699 2606 3008 2660 Arelactum
3059 2618 3238 2661 autem

1687 2721 1782 2760 cor
1805 2719 1961 2760 suum
1991 2718 2112 2756 esse
2141 2702 2292 2760 dicit,
2317 2699 2460 2768 quod
2487 2699 2620 2767 nihil
2655 2701 2852 2758 laetum,
2884 2695 3016 2749 nihil
3047 2697 3100 2748 in
3131 2711 3239 2764 quo

1686 2795 1920 2866 gaudere
1941 2792 2135 2852 valeat,
2161 2789 2451 2865 possideat.
2479 2788 2554 2840 Ita
2583 2788 2726 2842 enim
2758 2789 2810 2839 in
2837 2787 3238 2847 calamitatibus

1686 2887 1966 2940 demersus
1993 2892 2096 2944 est,
2115 2889 2173 2935 ut
2196 2897 2302 2934 non
2326 2881 2467 2933 ultra
2493 2881 2663 2948 possit
2684 2879 2996 2948 congruenti
3021 2893 3083 2932 ac
3118 2891 3242 2948 pro-

1687 2976 1840 3027 tiosae
1861 2987 1972 3047 sua:
1993 2969 2308 3026 substantiae
2329 2970 2522 3024 idoneo
2546 2985 2679 3039 pane
2706 2970 2898 3022 nutriri
2925 2985 2938 3021 :
2964 2970 3065 3023 hoc
3093 2970 3255 3025 enim-

1685 3080 1823 3134 pane
1845 3072 1974 3117 tunc
2005 3062 2178 3116 solum
2208 3061 2286 3114 uti
2327 3061 2472 3125 licet,
2506 3077 2629 3114 eum
2658 3063 2822 3116 rebus
2850 3062 3100 3117 extrariis
3129 3076 3237 3116 non

43 3153 343 3234 τρέφεσθαι·
369 3153 557 3206 τούτου
578 3151 682 3222 γὰρ
697 3150 790 3203 τοῦ
816 3151 978 3221 ἄρτου
1003 3146 1426 3218 μεταλαμϐάνειν
1446 3144 1578 3196 ἔστι.

1688 3155 2035 3221 abstrahitur,
2063 3169 2239 3223 neque
2269 3153 2520 3208 ﬁndatur.
2550 3149 2758 3206 Tamdiu
2808 3161 2984 3207 autem
3031 3171 3089 3210 se
3138 3156 3240 3210 bu-

48 3244 110 3313 μὴ
150 3244 581 3315 ⁸ιτεριελκὸμενον,
621 3242 760 3313 μηδὲ»
789 3240 1104 3311 θολούμενον
1146 3238 1248 3290 ὑπὸ
1276 3236 1381 3290 τῶν
1409 3236 1583 3298 ἐκτός.

46 3334 121 3395 Ei;
146 3334 392 3388 τοσοῦτον
420 3327 476 3386 δέ
501 3321 630 3404 φησι
662 3333 735 3404 μὴ
760 3330 1058 3403 τεθράφθαι
1084 3329 1267 3382 τοῦτον
1293 3327 1380 3382 τὸν
1405 3327 1586 3400 ἄρτον,

44 3424 106 3485 ὼς
135 3425 222 3485 καὶ
251 3417 423 3500 λήθην
449 3423 590 3494 ἔχειν
617 3421 709 3476 τοῦ
739 3439 871 3476 ποτε
897 3422 1061 3496 αὐτοῐξ
1096 3419 1410 3489 γεγεῦσθαι.
1443 3419 1587 3475 Πάνυ

45 3514 92 3565 δὲ
110 3513 367 3579 στενάζων
386 3514 567 3576 διὰδιὰ⁵
581 3514 820 3584 παρόντα
845 3514 1093 3575 ἐπίπονα,
1116 3510 1367 3564 τοσοῦτον
1393 3509 1587 3579 ἀφίημι

49 3607 410 3677 ἐπιτεταμένον
441 3609 534 3661 καὶ
561 3606 758 3676 συνεχῆ
796 3604 1119 3676 στεναγμὸν,
1154 3605 1228 3664 ὼς
1262 3605 1324 3654 ὲκ
1357 3600 1456 3670 τῆς
1482 3618 1591 3669 φω-

53 3699 130 3767 νῆς
154 3718 244 3769 μου
270 3679 685 3771 μετὰ,ὀλολυγῆς
710 3699 998 3767 γινομένης
1018 3694 1336 3765 κολληθῆναι
1360 3692 1452 3746 καὶ
1471 3693 1592 3762 τρό-

50 3809 134 3843 πον
161 3793 272 3847 τινὰ
308 3794 568 3862 ἐνωθῆναι
599 3792 658 3845 τὸ
687 3790 875 3843 ὀστοῦν
915 3806 1015 3860 μου
1045 3791 1110 3858 τῇ
1144 3782 1303 3858 σαρκί
1335 3802 1434 3856 μου
1457 3825 1472 3849 ,
1505 3781 1592 3835 διὰ

49 3886 132 3954 τὴν
166 3887 356 3956 ποῖιλὴν
397 3884 659 3956 ξηρασίαν
699 3881 1060 3948 ἀναποθεῖσης
1098 3879 1276 3956 πάσης
1317 3878 1415 3946 τῆς
1456 3891 1590 3943 παρ’

52 3955 377 4048 εσπαρμένης
415 3976 492 4045 τῷ
525 3973 733 4043 σώματί
770 3985 868 4042 μου
894 3970 1186 4040 ὑγρότητος
1222 3955 1286 4019 ἐκ
1311 3965 1408 4033 τῆς
1436 3962 1590 4016 ὲπελ-

50 4068 226 4139 θούσης
241 4069 550 4129 κακώσεως.
577 4065 722 4142 Αθτη
751 4065 858 4133 γὰρ
875 4065 906 4132 ἡ
926 4061 1156 4130 ὑγρότης
1173 4061 1258 4110 ὅτε
1278 4074 1366 4126 μοι
1389 4059 1587 4126 παρῆν,

54 4159 313 4210 πιαίνουσα
332 4159 391 4209 τὸ
418 4152 628 4217 ὀστοῦν,
654 4154 824 4223 διῄρει
851 4151 979 4204 αὐτὸ
1009 4149 1112 4202 ἀπὸ
1132 4144 1470 4217 τῆςὊαρκδς,
1493 4144 1590 4214 τὴν

57 4249 204 4318 μέσην
233 4251 409 4320 σάρκα
441 4243 538 4300 καῖ
564 4246 762 4320 ὀστέων
793 4243 987 4312 ἔχουσα
1021 4239 1221 4310 χώραν.

123 4339 431 4409 Ὧμοιώθην
475 4335 755 4390 πελεκᾶνι
786 4331 1056 4402 ἐρημικῷ·
1116 4328 1331 4399 φεύγων
1354 4325 1590 4397 δηλονότι

53 4431 134 4492 τὰς
159 4433 212 4492 ὲν
241 4430 380 4501 ὔχλῳ·
407 4427 686 4500 διατριϐὰς
719 4424 1024 4497 ὲμονούμην
1058 4423 1150 4476 καὶ
1175 4418 1588 4491 ὲξηνθρὼπιζον.

1682 3250 1921 3322 jusmodi
1942 3249 2098 3319 panis
2127 3249 2382 3302 alimento
2407 3247 2673 3316 privatum
2707 3246 2805 3309 ait,
2836 3253 2894 3298 ut
2923 3261 2990 3299 ne
3021 3247 3237 3314 quidem

1679 3344 1994 3408 meminerit
2029 3357 2094 3394 an
2135 3340 2427 3410 aliquando
2462 3339 2635 3408 ipsum
2679 3339 3065 3407 degustaverit.
3106 3338 3244 3393 Mul-

1689 3446 1801 3490 tum
1834 3451 1994 3506 porro
2033 3433 2099 3488 de
2137 3433 2494 3502 praesentibus
2546 3431 2801 3484 arrumnis
2853 3431 3239 3498 ingemiscens,

1688 3537 1770 3583 tot
1798 3537 2016 3598 tamque
2048 3525 2346 3596 frequentia
2374 3523 2626 3594 suspiria,
2669 3531 2745 3575 tot
2775 3524 3005 3594 gemitus
3031 3521 3155 3585 edo,
3183 3531 3244 3578 ut

1689 3637 1718 3675 a
1769 3635 1893 3674 voce
1923 3634 2039 3674 mea
2072 3635 2194 3673 cum
2225 3617 2427 3687 ejulatu
2461 3617 2658 3670 emissa
2703 3631 2764 3667 os
2806 3629 2982 3668 meum
3021 3628 3118 3668 ceu
3150 3629 3245 3684 ag-

1690 3711 2010 3781 glutinatum
2038 3717 2090 3763 et
2122 3707 2436 3777 adiunctum
2475 3705 2803 3759 fueritcarni
2841 3719 2989 3768 meae,
3025 3692 3144 3756 sum
3172 3702 3244 3757 ob

1690 3801 1912 3853 multam
1970 3800 2116 3852 illam
2148 3798 2468 3858 ariditatem,
2500 3797 2675 3849 omnis
2710 3795 2760 3846 in
2794 3808 3020 3861 corpore
3055 3807 3242 3862 sparsa

1691 3890 1984 3960 humiditas
2018 3903 2082 3941 ex
2139 3888 2421 3956 ingruente
2480 3886 2768 3938 aﬂlictione
2822 3887 3021 3940 amissa
3075 3891 3240 3940 esset.

1690 3978 1814 4032 Haec
1842 3978 2041 4047 quippe
2063 3976 2358 4043 humiditas
2383 3991 2504 4029 cum
2535 3976 2769 4036 adesset,
2798 3992 2858 4029 os
2881 3976 3242 4048 impinguans,

1691 4068 1824 4122 illud
1854 4083 1886 4120 a
1921 4082 2086 4123 carne
2115 4065 2407 4130 dividebat,
2441 4082 2564 4120 cum
2597 4067 2831 4122 medium
2861 4069 2997 4120 inter
3025 4082 3244 4122 carnem

1689 4169 1743 4216 et
1771 4173 1897 4215 ossa
1920 4159 2114 4237 locum
2131 4166 2354 4215 teneret.

1683 4381 1688 4385 ,
1733 4395 1735 4398 η
1762 4321 1926 4378 Vens.
1952 4322 2003 4374 7.
2034 4319 2238 4375 Similis
2268 4321 2441 4389 factus
2485 4337 2600 4374 sum
2636 4321 2890 4389 pellicano
2923 4321 3243 4383 solitudinis,

1694 4415 1956 4484 siquidem
1994 4427 2175 4466 moras
2217 4412 2272 4464 in
2311 4413 2466 4466 turba
2511 4411 2743 4482 fugiens,
2788 4409 2937 4463 solus
2974 4416 3028 4464 et
3056 4409 3246 4479 procul

65 4520 198 4575 Ἐπεὶ
247 4499 430 4576 καὶτὸ
462 4499 600 4586 ζῶον
639 4519 795 4574 τοῦτο
839 4516 1131 4587 φιλέρημον
1160 4510 1292 4566 εἶναι
1323 4511 1586 4579 λέγεταιό

1695 4504 2003 4558 hominibus
2030 4503 2307 4572 degebam.
2355 4501 2489 4555 Nam
2533 4501 2732 4554 animal
2773 4499 2906 4554 illud
2951 4501 3247 4570 pellicanus

55 4609 288 4665 πελεκάν.
316 4612 617 4682 Παρίστησι
653 4611 708 4662 δὲ
743 4610 836 4661 καὶ
875 4609 972 4678 τὴν
1005 4605 1235 4679 ἐρημίαν
1274 4603 1367 4656 τοῦ
1391 4601 1592 4664 ἔθνους,

55 4693 310 4756 καὶ-τοῦτό
343 4721 443 4756 που
474 4702 593 4755 καθ’
618 4704 681 4772 ἦν
714 4690 1215 4770 μόνος-εὓρηταιεῖς
1235 4711 1336 4746 που
1368 4693 1460 4746 καὶ
1478 4690 1594 4744 δεύ-

56 4810 194 4864 τερος
224 4797 310 4848 καὶ
344 4796 561 4868 βραχεῖς
589 4810 729 4855 τινες
749 4811 761 4822 ·
794 4787 902 4844 οἷον
944 4789 1208 4861 Ἱερεμίας
1236 4787 1529 4857 ἢΒαροὺχ,
1560 4783 1594 4852 ἦ

57 4885 223 4962 ἲτερος
253 4888 353 4940 τῶν
384 4889 504 4942 τότε
526 4883 972 4955 ἀπολειφθέντων,
1003 4876 1076 4935 ὧν
1106 4883 1167 4934 ἐκ
1193 4877 1482 4962 προσώπου
1507 4877 1594 4929 λέ-

60 4957 208 5036 γεται⁸
230 4979 294 5031 τά
337 4979 692 5050 προκείμενα.
760 4974 1065 5044 Ὁμοιοῦται
1114 4972 1168 5024 δὲ
1199 4957 1308 5024 ’καὶ
1338 4971 1366 5020 ὁ
1396 4969 1596 5037 Κύριος

62 5068 290 5140 ὲρημικῷ
322 5071 574 5130 πελεκᾶνι
611 5067 750 5124 κατά
779 5067 874 5137 τὴν
918 5063 1010 5117 τοῦ
1038 5062 1219 5136 ὀρνέου
1247 5060 1432 5114 τούτου
1462 5061 1596 5131 πρὸς

62 5159 118 5208 τὰ
142 5142 342 5227 ἔγγονα
363 5143 815 5230 θαυμασιωτάεην
841 5154 1194 5226 συμπάθειαν.
1219 5152 1387 5205 Τοῦτο
1412 5150 1516 5222 γὰρ
1538 5151 1598 5205 τὸ

68 5247 306 5314 ζῶονάτάς
337 5250 559 5314 νοσσιὰς
583 5251 731 5322 παρὰ
754 5251 976 5321 πέτραις
1000 5245 1289 5316 ἀποτόμοις
1316 5243 1494 5314 πηγνύ
1503 5260 1597 5314 με-

75 5360 139 5394 Iov
161 5345 264 5405 τοῖς
308 5345 542 5405 νεοσσοῖς
561 5382 575 5404 ,
602 5343 663 5394 τὸ
698 5341 770 5412 μὴ
799 5325 968 5414 ρᾇτα
1001 5339 1149 5410 παρά
1171 5354 1311 5399 τινος
1340 5336 1447 5388 τῶν
1480 5337 1599 5389 ὲπι-

82 5435 247 5488 ἱούλων
267 5432 687 5508 διαφθείρεσθαι,
716 5430 1123 5504 κατεργάζεται.
1159 5427 1292 5482 Ἀλλ’
1317 5428 1344 5481 ὃ
1366 5445 1428 5496 γε
1457 5429 1597 5496 ὄφις,

73 5524 379 5588 ἁποπτάντος
395 5523 568 5577 αὐτῶν
599 5522 692 5583 τοῦ
726 5524 928 5592 πατρὸς
947 5563 960 5586 ,
991 5520 1179 5589 ἐπειδὴ
1213 5519 1306 5571 καὶ
1331 5518 1404 5588 μὴ
1438 5535 1602 5588 προσ-

79 5619 282 5686 εγγίζειν
312 5621 378 5689 τῇ
408 5615 568 5687 καλιᾷ
592 5599 835 5679 δύναται,
875 5615 1078 5684 ἐπιχέει
1118 5610 1296 5675 αὐτοῖς
1323 5608 1601 5681 πόρρωθεν

130 5799 164 5828 ³⁸
202 5797 297 5856 Job
331 5813 458 5854 mx
483 5837 497 5864 ,
533 5795 586 5851 ‘5.
664 5795 708 5825 “
747 5793 847 5848 lsa.
879 5805 945 5887 XII.
969 5831 983 5859 ,
1019 5790 1070 5844 6.

1695 4602 1939 4670 vocatus,
1970 4593 2279 4648 solitudinis
2307 4599 2391 4647 est
2417 4607 2624 4646 amans.
2654 4591 2901 4645 Declarat
2930 4606 3092 4660 porro
3119 4608 3249 4662 gen-

1695 4683 1766 4735 tis
1812 4679 2119 4733 vastitatem
2151 4689 2203 4733 et
2239 4677 2624 4742 solitudinem;
2660 4677 2818 4731 talem
2870 4677 3139 4741 videlicet,
3187 4684 3247 4730 ut

1695 4787 1836 4826 unus
1866 4778 2071 4824 tantum
2102 4771 2184 4823 vel
2217 4769 2344 4834 duo,
2379 4779 2469 4822 aut
2500 4771 2655 4844 pauci
2678 4767 2969 4822 admodum
3000 4784 3243 4822 remane-

1696 4872 1815 4918 rent
1848 4881 1861 4917 :
1894 4861 2067 4932 qualis
2100 4867 2216 4913 erat
2241 4859 2501 4914 Jeremias
2533 4867 2626 4912 aut
2668 4857 2901 4923 Baruch,
2929 4867 3020 4911 aut
3052 4857 3096 4912 si
3125 4857 3247 4926 quis

1697 4956 1834 5008 alius
1860 4953 2023 5008 exiis
2060 4954 2153 5021 qui
2196 4961 2324 5006 tunc
2367 4951 2541 5005 relicti
2582 4958 2729 5014 sunt,
2761 4967 2823 5004 ex
2859 4962 3085 5018 quorum
3125 4943 3248 5016 pet-

1697 5065 1829 5106 sona
1858 5047 1971 5102 haec
2003 5035 2278 5102 dic‘untur.
2329 5045 2534 5099 Similis
2570 5047 2696 5100 item
2727 5044 2984 5100 Dominus
3005 5049 3087 5097 est
3114 5040 3247 5118 solie

1698 5142 1835 5195 tario
1876 5139 2161 5209 pellicano,
2207 5139 2504 5194 secundum
2559 5138 2750 5190 miram
2783 5136 2895 5189 avis
2927 5132 3090 5201 hujus
3121 5144 3247 5201 erga

1699 5232 1866 5288 fetum
1895 5230 2251 5285 aﬂ'ectionem.
2303 5229 2438 5284 Illud
2485 5230 2682 5300 quippe
2721 5225 2918 5280 animal
2950 5225 3156 5286 nidum,
3192 5224 3246 5276 in

1701 5326 1865 5398 petris
1888 5339 1950 5377 ac
1975 5323 2262 5392 praeruptis
2292 5323 2548 5383 deﬁxum,
2585 5319 2745 5389 pullis
2773 5315 2998 5398 s‘uisita
3031 5315 3248 5369 concin-

1701 5395 1812 5480 nat,
1839 5424 1896 5469 ut
1927 5430 1957 5467 a
1988 5414 2270 5484 quibusvis
2301 5412 2712 5468 insidiatoribus
2740 5395 2906 5463 facile.
2935 5405 3248 5463 labefactari

1701 5524 1808 5563 non
1825 5506 2016 5577 possit.
2042 5505 2299 5576 At,patre
2339 5504 2604 5565 avolante,
2639 5515 2880 5569 serpens,
2905 5501 3029 5569 quia
3062 5496 3249 5551 nidum

1701 5601 1850 5657 adire
1877 5598 2083 5670 nequit,
2113 5599 2264 5653 virus
2297 5611 2453 5653 suum
2485 5593 2616 5664 ipsis
2650 5593 2836 5662 procul
2863 5586 3252 5646 infundit.'0b—
