3976 6356
649 395 784 450 1255

1275 387 1535 444 EUSEBII
1566 385 2038 443 CESARIENSIS
2073 385 2224 444 OPP.
2261 384 2440 442 PARS
2479 383 2564 441 Ill.
2604 413 2674 427 -
2711 385 3113 442 EXEGETICA.

3683 386 3819 442 1256

647 517 825 566 servat
846 510 985 564 enim
1008 523 1111 578 qua
1133 516 1321 564 ventus
1349 507 1553 579 perﬂet,
1584 516 1742 578 atque
1773 508 1893 563 inde
1914 523 2176 562 venenum

2281 505 2365 559 τὸν
2387 507 2461 559 ίόν
2477 523 2493 586 γ’
2523 511 2841 577 περισκοπεῖ
2859 507 2964 579 γάρ
2992 510 3111 566 ὅθεν
3135 513 3304 563 πνεῖό
3328 511 3544 580 ἄνεμος,
3573 507 3824 562 κάκεῖθεν

647 615 805 656 suum
832 599 989 668 pullis
1012 598 1242 663 exhalat,
1277 598 1349 651 ita
1382 607 1439 650 ut
1468 599 1752 652 intereant.
1781 595 1884 651 Sed
1909 604 2061 666 pater
2085 612 2178 651 eo-

649 705 770 744 rum
815 703 1002 742 rursus
1031 686 1312 753 advolans,
1343 702 1408 740 ac
1444 686 1676 741 naturali
1720 687 1928 740 ratione
1959 684 2181 738 insidias

646 777 1011 846 conspicatus,
1077 777 1224 830 novit
1268 783 1321 831 et
1373 777 1486 846 ipse
1529 792 1638 846 quo
1681 783 1836 845 pacto
1866 774 2183 828 reviviscere

649 870 872 940 possint.
908 868 1112 922 Nuliem
1145 868 1285 921 enim
1314 869 1585 931 observat,
1611 875 1664 922 et
1693 869 1747 921 in
1768 867 1997 922 sublime
2013 865 2179 926 volat,

646 975 709 1014 ac
763 974 927 1028 supra
967 965 1125 1026 caput
1157 958 1369 1011 illorum
1416 958 1616 1014 sensim
1652 958 1857 1018 volitat,
1906 955 2180 1024 lateraque

646 1051 837 1120 pennis
864 1049 1227 1103 vehementius
1252 1049 1519 1117 quatiens,
1541 1049 1817 1116 sanguinis
1844 1055 2023 1118 guttas
2050 1046 2181 1115 ipsis

643 1140 893 1209 exprimit
933 1147 985 1192 et
1013 1139 1208 1193 omittit
1233 1159 1244 1192 :
1276 1139 1378 1192 illae
1409 1153 1535 1192 vero
1558 1153 1650 1208 per
1672 1138 1865 1191 nubem
1895 1137 2177 1195 stillantes.

643 1229 908 1282 viviﬁcam
928 1226 1155 1280 mortuis
1173 1226 1276 1279 vim
1299 1226 1549 1286 eil'erunt,
1575 1236 1735 1294 atque
1751 1228 1822 1278 ita
1850 1226 1925 1278 illi
1942 1225 2181 1279 excitan-

642 1326 750 1373 tur.
781 1315 1083 1371 Pellicanus
1111 1317 1294 1384 itaque
1333 1331 1431 1384 pro
1471 1315 1695 1370 Domino
1734 1316 2014 1385 accipitur,
2049 1316 2179 1384 pulli

643 1422 742 1478 pro
775 1407 962 1475 primis
989 1405 1322 1476 parentibus,
1355 1405 1514 1460 nidus
1543 1421 1640 1474 pro
1662 1406 1933 1475 paradiso,
1956 1421 2178 1476 serpens

643 1513 740 1567 pro
761 1506 1004 1566 apostata
1034 1497 1267 1550 diabolo.
1297 1494 1591 1550 lnsuiﬂavit
1617 1511 1745 1567 ergo
1776 1497 1864 1552 ille
1898 1512 1994 1566 per
2020 1496 2176 1550 inob-

642 1588 974 1656 sequentiam
1007 1588 1198 1657 primis
1245 1587 1554 1656 parentibus
1589 1588 1644 1642 in
1681 1588 1930 1657 paradiso
1954 1587 2176 1657 positis,

640 1689 974 1748 mortemque
1035 1678 1236 1732 invexit
1288 1679 1394 1731 illis
1444 1697 1456 1730 :
1504 1677 1757 1732 Christus
1808 1693 1934 1733 vero
1993 1693 2176 1731 amore

2286 596 2500 664 ὲμιρυσᾷ
2521 597 2632 656 τοῖς
2663 597 2888 659 νεοττοῖς
2918 596 3007 665 τὸν
3041 597 3114 649 ίὸν
3143 597 3302 651 αὑτοῦ
3321 637 3336 660 ,
3367 598 3462 652 καὶ
3487 595 3821 652 τελευτῶσιν.

2292 684 2424 736 Ἀλλ’
2445 686 2472 736 ὀ
2504 686 2783 755 γεννήσας,
2812 687 2991 750 αὐτοῖς
3017 687 3244 749 ὲπιπτάς
3263 682 3440 752 αὖθις,
3460 687 3551 742 καὶ
3573 685 3671 756 τὴν
3701 687 3824 739 ἑπι-

2280 774 2466 844 6ουλὴν
2493 777 2732 842 φυσικοῖς
2753 775 2926 843 λόγοις
2946 775 3098 839 είδὼς
3113 817 3126 839 ,
3153 771 3257 830 οἶδε
3278 777 3436 832 πάλιν
3457 778 3651 847 ὁμοίως
3675 777 3826 836 ὅςιος

2280 863 2682 916 ἁναόιώσονται.
2744 866 2939 918 Σκοπεῖ
2978 868 3082 938 γὰρ
3115 867 3338 937 νεφέλην
3371 868 3463 919 καὶ
3495 867 3713 918 πέτεται
3747 867 3828 926 είς

2281 950 2430 1020 ὕψος,
2457 954 2546 1005 καὶ
2573 952 2711 1005 κατὰ
2734 954 2970 1024 κορυφὴν
2997 956 3176 1025 ἠρέμα
3203 958 3290 1008 ἐπ’
3316 958 3493 1020 αὐτοῖς
3520 954 3826 1026 πτερύσσει

2277 1058 2388 1103 ται,
2418 1042 2508 1094 καὶ
2527 1041 2592 1094 τὰ
2619 1043 2820 1112 πλευρὰ
2844 1047 2953 1107 τοῖς
2979 1047 3192 1115 πτεροῖς
3216 1045 3546 1118 ἑκατέρωθεν
3569 1045 3828 1114 πλήσσων

2282 1133 2660 1203 σφοδρότερον,
2704 1135 2930 1204 αἵματος
2963 1136 3141 1198 αὐτοῖς
3166 1137 3376 1205 ῥανίδας
3414 1137 3650 1206 ἀφίησιν·
3680 1136 3738 1187 αἱ
3769 1134 3828 1186 δὲ

2278 1222 2362 1276 διὰ
2392 1224 2488 1293 τῆς
2517 1225 2738 1293 νεφέλης
2772 1225 3146 1290 ὲπιστάζουσαι
3178 1224 3433 1294 ζωογόνον
3472 1230 3580 1289 τοῖς
3613 1243 3827 1296 νεκρω-

2279 1313 2442 1367 θεῖσιν
2474 1315 2732 1367 ἐντιθέασι
2758 1314 3002 1386 δύναμιν,
3030 1316 3123 1369 καὶ
3143 1317 3456 1387 ἐγείρονται.
3480 1315 3830 1386 Δαμσάνεται

2277 1400 2367 1457 οὖν
2391 1406 2419 1457 ὀ
2450 1404 2679 1458 πελεκάν
2717 1407 2796 1468 είς
2825 1405 2914 1459 τὸν
2946 1406 3142 1476 Κύριον
3162 1447 3176 1468 ,
3202 1409 3248 1459 οἱ
3276 1406 3332 1460 δὲ
3365 1407 3562 1460 νεοττοὶ
3592 1409 3673 1470 εἰς
3703 1407 3830 1467 τοὺς

2276 1496 2722 1566 πρωτοπλάστους
2745 1537 2759 1559 ,
2783 1499 2814 1566 ἡ
2847 1496 2901 1549 δὲ
2930 1497 3088 1550 καλιὰ
3112 1498 3189 1560 είς
3212 1496 3301 1550 τὸν
3329 1496 3646 1568 παράδεισον
3667 1537 3684 1560 ,
3720 1499 3750 1548 ὀ
3774 1495 3832 1548 δὲ

2276 1586 2394 1654 ὄφις
2419 1587 2494 1648 είς
2521 1586 2609 1638 τὸν
2631 1587 2932 1657 ἀποστάτην
2953 1587 3212 1643 διάϐολον.
3247 1585 3596 1657 Ἑνεφύσησεν
3616 1581 3718 1638 οὖν
3744 1580 3832 1637 οἱ-

2276 1692 2365 1738 τος
2407 1675 2492 1727 διὰ
2534 1675 2628 1745 τῆς
2659 1678 2936 1746 παρακοῆς
2971 1680 3081 1740 τοῖς
3105 1679 3161 1729 ὲν
3189 1677 3265 1747 τῷ
3292 1676 3594 1748 παραδείσῳ
3621 1678 3834 1729 τεθεῖσι

623 1759 810 1823 ἠοεῑτί
860 1777 1158 1840 permotus,
1205 1769 1259 1822 in
1286 1785 1448 1825 cruce
1496 1770 1782 1834 exaltatus,
1809 1783 1871 1823 ac
1902 1770 1958 1822 in
2011 1769 2177 1823 latere

2281 1765 2744 1838 πρωτοπλάστοις,
2796 1769 2887 1819 καὶ
2931 1768 3191 1837 νέκρωσιν
3224 1771 3406 1832 αὐτοῖς
3439 1769 3773 1823 ἐντέθεικεν
3806 1771 3834 1819 ὀ

638 1833 972 1922 vulneratus,
1003 1860 1269 1912 viviticum
1295 1859 1418 1913 inde
1451 1858 1763 1928 sanguinem
1795 1859 1999 1914 stillare
2031 1856 2175 1922 fecit,

2281 1833 2336 1908 δέ
2354 1845 2592 1927 ’Χριστὸς
2621 1856 2711 1908 διὰ
2739 1856 2835 1926 τὴν
2868 1856 2999 1926 πρὸς
3029 1833 3171 1928 ἦμες
3192 1842 3416 1931 ’ἀγάπην
3444 1860 3575 1929 ὑψοῦ
3605 1860 3834 1928 γενόμε-

639 1967 845 2020 nosque
866 1960 1106 2005 mortuos
1139 1966 1232 2020 per
1264 1952 1460 2005 nubem
1507 1951 1681 2005 saneti
1743 1948 1977 2020 Spiritus
2005 1948 2178 2004 vivifi-

638 2045 780 2099 cavit
804 2060 820 2098 :
843 2042 1037 2096 Factus
1066 2058 1179 2095 sum
1206 2043 1335 2096 sicut
1369 2041 1668 2110 nycticorax
1694 2041 1748 2094 in
1775 2039 2059 2094 domicilio.
2087 2041 2179 2093 Ti-

639 2135 816 2191 midus
833 2145 911 2191 est
924 2135 1261 2204 nycticorax;
1285 2147 1452 2202 quare
1469 2133 1609 2187 ultro
1636 2131 1879 2202 citroque
1896 2130 2104 2202 fugiens
2122 2133 2177 2185 in

639 2227 1033 2280 domiciliorum
1071 2225 1351 2278 ruderibus
1379 2231 1676 2294 pernoctat,
1707 2237 1770 2279 ac
1800 2224 1852 2277 in
1874 2221 2046 2292 |nocte
2070 2239 2178 2293 pra:

643 2313 929 2369 formidine
946 2313 1204 2367 clamitat.
1229 2310 1330 2366 Per
1345 2312 1668 2382 pellicanum
1686 2313 1867 2383 itaque
1885 2320 2176 2367 extremam

639 2406 818 2477 populi
849 2405 1152 2459 vastitatem
1183 2410 1235 2456 et
1291 2402 1637 2458 solitudinem
1690 2402 2044 2471 signiﬁcabat,
2085 2418 2178 2476 per

640 2496 1033 2566 nycticoracem
1067 2508 1194 2546 vero
1223 2491 1474 2547 tenebras
1505 2492 1729 2556 indicat,
1758 2493 1913 2563 queis
1944 2496 2177 2564 populus

641 2587 847 2642 nﬂ‘usus
875 2593 956 2640 est
988 2584 1348 2653 :denotatque
1389 2598 1503 2647 eos,
1533 2584 1802 2654 exstincto
1839 2585 2038 2641 lumine
2075 2587 2177 2640 sibi

639 2674 948 2740 irradiante,
981 2675 1276 2745 ignorantia
1305 2675 1397 2731 Dei
1424 2675 1662 2738 allectos,
1685 2675 1839 2746 quasi
1865 2675 1920 2729 in
1944 2674 2179 2728 tenebris

640 2772 694 2820 ct
722 2765 775 2817 in
801 2772 958 2819 nocte
984 2766 1205 2819 versari.
1234 2765 1484 2819 Fortasse
1511 2764 1594 2818 vir
1643 2768 1886 2829 sanctus,
1919 2762 2047 2832 quia
2080 2776 2180 2814 no-

639 2855 816 2910 ctibus
846 2856 1072 2924 singulis
1103 2855 1305 2909 orando
1343 2856 1556 2921 clamet,
1589 2863 1889 2926 opportune
1921 2869 2040 2910 sese
2078 2870 2177 2924 ny-

640 2947 893 3001 cticoracn
919 2945 1144 2998 confert.

708 3117 874 3174 Vsus.
909 3117 1056 3171 8-H.
1120 3117 1357 3186 Vigilavi,
1391 3127 1439 3171 et
1482 3117 1653 3187 factus
1683 3135 1796 3172 sunt
1838 3121 1972 3173 sicut
2000 3133 2180 3188 passer

641 3211 911 3266 solitarius
938 3210 991 3262 in
1031 3218 1178 3263 tecto.
1207 3198 1336 3264 Tota
1364 3210 1446 3263 die
1487 3209 1864 3278 exprobrabant
1905 3212 2033 3264 mihi
2077 3211 2181 3263 ini-

643 3302 765 3355 mici
794 3301 893 3354 mei
925 3318 942 3356 :
971 3308 1020 3354 et
1044 3300 1131 3369 qui
1174 3300 1456 3354 laudabant
1487 3319 1586 3366 me,
1619 3302 1888 3357 adversum
1928 3319 2006 3357 me
2025 3303 2180 3372 jura-

644 3389 788 3443 bant.
818 3388 1080 3445 Derisioni
1122 3388 1198 3444 fui
1244 3391 1472 3446 inimicis
1502 3410 1514 3444 :
1546 3399 1599 3444 et
1636 3391 1729 3461 qui
1759 3393 1908 3446 olim'
1935 3393 2184 3446 aemulan-

643 3479 744 3536 dus
774 3489 826 3533 et
853 3481 1076 3534 lllustris
1103 3495 1271 3543 eram,
1291 3495 1434 3534 nunc
1461 3481 1524 3535 ad
1550 3480 1930 3550 jusjurandum
1955 3497 2184 3552 usurpor

644 3569 712 3624 ab
744 3569 812 3640 iis
844 3571 934 3638 qui
961 3584 1045 3623 me
1073 3569 1200 3623 olim
1235 3569 1607 3623 mirabantur:
1639 3585 1732 3640 per
1760 3584 1907 3625 meas
1934 3571 2076 3625 enim
2105 3587 2187 3624 ca-

643 3661 909 3715 lamitates
929 3660 1136 3730 jurant,
1162 3658 1240 3715 Ne
1269 3661 1443 3730 patiar
1469 3675 1531 3715 ea
1561 3676 1680 3732 qua:
1700 3661 1918 3731 quidam
1943 3665 2185 3732 perpessi

645 3757 790 3802 sunt.
824 3747 892 3801 Et
921 3749 1006 3817 qui
1039 3748 1324 3802 laudabant
1359 3766 1457 3815 me,
1485 3751 1758 3806 adversum
1791 3769 1869 3806 me
1892 3752 2144 3822 jurabant
2166 3770 2185 3808 :

646 3850 830 3917 utpote.
859 3841 948 3900 qui
997 3840 1160 3896 Deum
1207 3841 1508 3916 adiutorem
1543 3860 1650 3898 non
1694 3845 1970 3902 haberem.
2002 3846 2187 3917 Neque

644 3943 815 3995 solum
849 3939 1049 3992 inimici
1079 3937 1170 3992 Dei
1204 3937 1315 3991 haec
1345 3943 1606 4007 agmnt;
1646 3937 1740 3993 sed
1773 3938 1933 3992 etiam
1978 3939 2070 4009 qui
2101 3953 2187 3993 me

645 4031 954 4100 diligebant,
986 4031 1266 4084 adversum
1291 4045 1376 4083 me
1397 4028 1674 4096 iurabant,
1717 4029 1769 4084 id
1795 4038 1878 4086 est
1903 4032 2186 4086 contribu-

641 4122 728 4178 Ies
760 4122 882 4174 mei.
927 4121 1061 4173 Nam
1106 4121 1162 4174 hi
1193 4137 1406 4190 quoque
1450 4122 1582 4190 ipsis
1611 4124 1906 4192 prophetiis
1934 4141 2039 4178 non
2068 4141 2186 4180 cre-

647 4211 844 4265 debant
871 4229 883 4263 :
917 4211 1009 4264 sed
1031 4210 1367 4265 hortationes
1391 4225 1453 4264 ac
1496 4212 1797 4267 futurorum
1829 4218 2091 4284 promissa
2115 4218 2187 4270 ir-

646 4302 902 4364 ridentes,
957 4300 1240 4355 adversum
1285 4317 1369 4356 uie
1413 4303 1696 4370 iurabant,
1736 4307 2003 4360 vaticiniis
2054 4309 2186 4362 meis

649 4392 803 4445 iidem
839 4397 1113 4460 negantes.
1145 4389 1282 4455 Quia
1300 4395 1520 4446 cinerem
1559 4403 1803 4463 tanquam
1835 4412 2020 4464 panem
2047 4414 2189 4450 man-

2282 1965 2369 2010 νος
2394 1948 2483 2000 ἐπὶ
2506 1947 2597 2000 τοῦ
2621 1947 2848 2019 σταυροῦ
2863 1988 2878 2009 ,
2894 1950 2985 2001 καὶ
3008 1950 3186 2016 νυγεὶς
3213 1949 3309 2019 τὴν
3325 1949 3584 2021 πλευρὰν,
3614 1949 3834 2002 ἐκεῖθεν

2279 2037 2340 2089 τὸ
2371 2035 2678 2109 ζωήρῤυτσν
2709 2035 2994 2100 ἐστάλαξεν
3019 2031 3184 2106 αἷμα,
3229 2041 3318 2092 καί
3345 2039 3431 2092 διὰ
3466 2039 3562 2109 τῆς
3598 2038 3836 2107 νεφέλης

2279 2127 2372 2181 τοῦ
2413 2129 2566 2197 ἁγίου
2601 2129 2906 2199 Πνεύματος
2931 2128 3295 2200 νεκρωθέντας
3326 2129 3469 2200 ημᾶς
3490 2127 3834 2191 άνεζὼωσεν·

2294 2218 2612 2288 Ἐτενήθην
2641 2218 2780 2272 ὡσεί
2805 2221 3160 2287 νυκτικόραξ
3179 2219 3248 2272 ἐν
3265 2218 3567 2282 οὶκοπέδφ.
3599 2217 3791 2270 Δειλον
3811 2219 3839 2268 ὁ

2281 2308 2632 2380 νυκτικόραξ⁶
2685 2309 2764 2362 διὸ
2797 2297 3005 2378 (ῥεύγων
3061 2308 3391 2378 πανταχόθεν
3433 2309 3540 2371 τοῖς
3568 2306 3839 2377 ἐρειπίοις

2278 2399 2385 2451 τῶν
2408 2400 2718 2470 οἰκημάτων
2746 2397 3093 2464 ἐναυλίζεται,
3129 2399 3222 2452 καὶ
3247 2401 3303 2452 ὲν
3333 2399 3483 2452 νυκτὶ
3508 2396 3706 2469 κράζει
3735 2398 3840 2449 ὑπὸ

2280 2487 2490 2552 δειλίας.
2528 2489 2624 2541 Διά
2645 2488 2742 2559 μὲν
2769 2485 2861 2543 οὖν
2889 2487 2980 2543 τοῦ
3005 2488 3292 2552 πελεκᾶνος
3316 2490 3416 2567 τὴν
3445 2488 3682 2556 παντελῆ
3708 2489 3838 2558 ἐρη-

2283 2578 2408 2647 μίαν
2437 2578 2528 2631 τοῦ
2555 2579 2681 2633 λαοῦ
2717 2581 2949 2652 ἐσήμαινε
2969 2597 2981 2608 ’
3024 2579 3109 2633 διὰ
3148 2579 3203 2632 δὲ
3234 2578 3328 2632 τοῦ
3361 2578 3754 2648 νυκτικόρακος
3780 2578 3841 2629 τὸ

2282 2680 2407 2744 κατε
2417 2666 2598 2736 ιληφὸς
2621 2668 2803 2732 σκότος
2823 2669 2912 2722 τὸν
2933 2669 3056 2722 λαὸν
3079 2669 3226 2739 δηλοῖ
3241 2686 3253 2698 ⁸
3277 2670 3368 2722 καὶ
3387 2669 3487 2732 ὃτι,
3507 2667 3601 2722 τοῦ
3626 2685 3840 2722 καταυ-

2281 2755 2535 2823 γάζοντος
2559 2760 2750 2822 αὐτοὺς
2778 2762 2950 2829 φωτὸς
2972 2762 3393 2825 ἀποσϐεσθέντας
3411 2802 3426 2825 ,
3451 2756 3535 2816 οἷα
3560 2764 3616 2814 ὲν
3641 2762 3842 2831 σκοτίᾳ.

2282 2847 2386 2899 είσὶ
2409 2849 2498 2901 καὶ
2518 2850 2668 2902 νυκτὶ
2689 2850 2954 2919 ἀγνωσίαν
2969 2851 3100 2904 Θεοῦ
3123 2852 3352 2920 ἔχοντες.
3375 2853 3524 2922 Τάχα
3536 2852 3593 2905 δὲ
3608 2855 3639 2906 ὀ
3658 2854 3839 2920 ἅγιος,

2281 2937 2463 3010 ἐπειδὴ
2479 2938 2763 3014 παννύχεις
2784 2940 2911 2993 ἐϐόα
2928 2941 3368 3013 προσευχόμενος,
3391 2944 3702 3011 ἀναγκαίως
3727 2946 3835 2996 tam»

2281 3029 2370 3084 τὸν
2395 3029 2724 3102 παραϐάλλει
2757 3032 3120 3102 νυκτικόρακι.

2363 3123 2756 3193 Ἡγρύπνησα,
2786 3122 2882 3175 καί
2908 3121 3195 3192 ἐγενήθην
3223 3122 3362 3176 ὡσεὶ
3383 3123 3710 3189 στρουθίον
3739 3140 3842 3190 με)⁴

2281 3212 2457 3274 νὰζον
2473 3214 2571 3266 ἐπὶ
2595 3211 2828 3281 δώματι.
2859 3213 3048 3278 Ὅλην
3065 3211 3177 3279 τὴν
3192 3211 3414 3280 ἡμέραν
3431 3210 3748 3272 ὠνείδιζόν
3769 3229 3842 3280 με

2281 3309 2333 3360 οὶ
2358 3305 2556 3374 ἐχθροί
2593 3321 2711 3372 μου
2736 3343 2751 3368 ,
2802 3303 2898 3356 καὶ
2929 3306 2981 3357 οι
3009 3303 3393 3368 ἐπαινοῦντές
3419 3321 3493 3372 με
3521 3305 3646 3356 κατ’
3692 3304 3842 3372 ἐμοῦ

2280 3394 2530 3464 ὤμνυον.
2556 3391 2967 3460 Καταγέλαστος
2985 3391 3244 3461 ἐγενόμην
3271 3393 3381 3453 τοῖς
3403 3389 3718 3460 δυσμενέσι,
3752 3390 3845 3442 καὶ

2280 3487 2308 3538 ὀ
2339 3485 2500 3539 πάλαι
2529 3482 2759 3553 ζηλωτὸς
2792 3482 2881 3536 καὶ
2904 3482 3255 3554 πρίόλεπτος
3274 3521 3289 3545 ,
3324 3481 3417 3534 νῦν
3453 3482 3610 3551 ὅρκος
3636 3479 3845 3547 γέγονα

2280 3579 2388 3639 τοῖς
2411 3575 2570 3630 πάλαι
2593 3573 2919 3645 θαυμάζουσι
2943 3592 2954 3604 ·
2982 3574 3121 3628 κατὰ
3143 3575 3250 3646 γὰρ
3277 3574 3384 3627 τῶν
3409 3573 3555 3646 ἐμῶν
3573 3572 3843 3642 ὀμνύουσι

2285 3665 2572 3736 συμφορῶν
2591 3683 2604 3696 ο
2634 3665 2725 3736 Μὴ
2749 3666 2970 3736 πάθοιμι
3003 3665 3040 3718 ἆ
3073 3669 3125 3718 οἱ
3152 3666 3316 3728 δεῖνες
3343 3664 3669 3718 πεπόνθασι.
3734 3663 3845 3718 Καὶ

2283 3762 2334 3812 οἱ
2357 3756 2735 3822 ἐπαινοῦντές
2746 3774 2821 3825 με
2842 3759 2966 3810 κατ’
2987 3757 3131 3824 ἐμοῦ
3156 3756 3390 3823 ὤμνυον
3406 3773 3419 3785 ·
3445 3756 3519 3818 ὡς
3546 3755 3618 3825 μη
3643 3753 3845 3822 ἔχοντα

2285 3847 2470 3920 βοηθὸν
2490 3848 2578 3900 τὸν
2598 3848 2744 3901 Θεόν.
2773 3849 2880 3900 Καὶ
2902 3847 2962 3899 οὔ
2986 3848 3139 3916 μόνον
3163 3849 3211 3898 οἱ
3231 3846 3410 3917 ὲθχροὶ
3424 3847 3516 3898 τού
3531 3847 3670 3899 Θεοῦ
3691 3847 3845 3900 ταῦτ’

2283 3939 2574 4009 ἔπραττον,
2605 3937 2737 3991 ἀλλὰ
2764 3939 2856 3991 καὶ
2888 3940 2935 3991 οἱ
2963 3937 3277 4006 ἀγαπῶντες
3307 3955 3373 4006 με
3407 3939 3527 3991 κατ’
3556 3939 3696 4007 ἐμοῦ
3728 3939 3846 4009 dig.-

2284 4048 2403 4084 νυον
2423 4071 2438 4094 ,
2470 4031 2742 4086 τουτέστιν
2773 4033 2820 4083 οἱ
2855 4030 2960 4084 ἀπὸ
2987 4029 3078 4083 τοῦ
3105 4029 3266 4082 αὐτοῦ
3294 4029 3478 4092 ἔθνους
3508 4029 3601 4082 καὶ
3621 4029 3842 4097 γένους.

2281 4125 2389 4178 Καὶ
2409 4116 2550 4177 οὗτοι
2571 4122 2698 4191 γοῦν
2719 4123 2976 4192 ἠπίστουν
2995 4125 3112 4184 ταῖς
3133 4118 3316 4184 αύταῑς
3339 4121 3727 4192 προφητείαις,
3749 4123 3843 4187 τάς

2281 4231 2340 4266 τε
2385 4214 2746 4286 παρακλήσεις
2777 4215 2869 4267 καὶ
2899 4213 2996 4277 τὰς
3027 4213 3132 4266 τῶν
3169 4213 3462 4284 μελλόντων
3503 4214 3843 4281 ἐπαγγελίας

2281 4304 2619 4374 διασύροντες
2650 4305 2764 4358 κατ’
2798 4304 2930 4374 ἐμοῦ
2955 4304 3164 4375 ὤμνυον
3184 4343 3198 4366 ,
3231 4303 3291 4355 τὸ
3320 4302 3394 4372 μὴ
3422 4302 3702 4356 πιστεύειν
3733 4308 3844 4365 τοῖς

2284 4394 2371 4446 ὑπ’
2394 4394 2524 4463 ἐμοῦ
2550 4397 3056 4466 προφητευομένοις.
3095 4396 3217 4448 Ὅτι
3241 4391 3471 4446 σποδὸν
3492 4392 3632 4446 ὡσεὶ
3655 4393 3845 4460 ἄρτον

647 4481 924 4546 ducabam,
959 4491 1006 4534 et
1033 4491 1208 4548 potum
1246 4499 1414 4537 meum
1449 4500 1565 4537 cum
1603 4485 1728 4553 ﬂetu
1760 4487 2054 4542 miscebant.
2087 4487 2181 4542 His

2283 4483 2522 4553 ἔφαγον,
2546 4482 2641 4536 καὶ
2667 4484 2732 4538 τὸ
2757 4488 2913 4554 πόμα
2925 4504 3042 4555 μου
3061 4486 3209 4554 μετὰ
3228 4467 3538 4554 κλαυθμοῦ
3556 4487 3838 4553 ἐκίρνων.

651 4571 844 4623 similia
867 4579 988 4624 sunt
1013 4587 1132 4640 qua:
1160 4574 1214 4627 in
1239 4575 1444 4642 psalmo
1475 4591 1656 4640 usus,
1690 4577 1993 4634 habentur:
2028 4578 2185 4633 Ciba-

649 4658 727 4712 bis
755 4677 845 4712 nos
875 4676 1003 4726 pane
1032 4664 1404 4732 lacrymarum,
1439 4676 1487 4719 et
1525 4678 1699 4735 potum
1746 4669 1894 4725 dabis
1942 4670 2088 4724 nobis
2129 4672 2185 4724 in

651 4749 896 4820 (acrymis
928 4752 980 4802 in
1013 4768 1252 4806 mensura
1269 4754 1334 4809 “.
1359 4754 1566 4812 Doloris
1603 4774 1728 4813 vero
1763 4760 2184 4830 magnitudinem

651 4840 736 4896 his
769 4842 1023 4895 declarat.
1058 4841 1190 4896 Nam
1220 4845 1266 4898 si
1295 4844 1480 4900 edendi
1513 4858 1722 4918 tempus
1761 4850 1944 4907 dolore
1969 4853 2182 4923 plenum

649 4940 787 4995 erat,
813 4933 954 5002 quod
981 4934 1124 4989 aliud
1156 4943 1363 5004 tempus
1392 4939 1576 4996 dolore
1605 4958 1834 4998 vacuum
1870 4936 2186 5001 fueritiﬂis

655 5030 851 5086 autem,
880 5023 1077 5093 inquit,
1119 5025 1511 5098 circumcingor
1559 5034 1734 5097 malis,
1782 5036 1905 5106 quia
1955 5046 2034 5103 tu,
2083 5037 2186 5092 Do—

655 5111 816 5164 mine.
855 5113 986 5167 iram
1020 5123 1162 5168 tuam
1214 5115 1495 5173 adversum
1549 5137 1633 5176 me
1671 5129 2028 5182 commovisti.
2061 5127 2184 5184 Hac

653 5217 816 5270 porro
857 5202 1117 5273 Propheta
1162 5205 1316 5268 dicit,
1361 5209 1541 5277 populi
1580 5212 1936 5271 calamitatem
1981 5225 2040 5272 ut
2060 5232 2185 5288 pro-

654 5295 826 5363 priam
857 5294 956 5346 sibi
996 5297 1294 5364 ascribens,
1320 5311 1382 5377 ac
1409 5308 1568 5353 tanta:
1604 5303 1962 5363 multitudinis
2005 5307 2183 5377 perui-

656 5388 791 5443 ciem
827 5387 1034 5456 lugens.
1064 5389 1104 5443 Α
1140 5391 1273 5458 facie
1301 5376 1392 5446 ira
1421 5405 1468 5447 et
1508 5394 1877 5466 indignationis
1911 5376 2034 5464 tute,
2062 5399 2184 5469 quia

2284 4573 2501 4637 Τούτοις
2545 4575 2894 4645 παραπλήσια
2926 4576 2991 4629 τὰ
3021 4577 3078 4628 έν
3105 4577 3180 4646 τῷ
3204 4575 3288 4628 οθ¹
3320 4577 3515 4646 ψαλμῷ
3535 4594 3549 4605 ’
3584 4579 3843 4647 Ψωμιεῖς

2281 4663 2436 4734 ἡμᾶς
2459 4666 2637 4732 ἄρτον
2654 4665 2940 4733 δακρύων,
2971 4666 3068 4719 καὶ
3097 4665 3316 4730 ποτιεῖς
3344 4665 3498 4734 ἡμᾶς
3518 4667 3586 4722 ἐν
3610 4666 3843 4736 δάκρυ-

2282 4768 2383 4806 σιν
2411 4755 2479 4807 ἐν
2503 4753 2708 4823 μέτρῳ.
2739 4754 2847 4825 Τὴν
2871 4755 2927 4808 δὲ
2956 4756 3054 4826 τῆς
3077 4755 3263 4827 ὀδύνης
3291 4755 3587 4827 ὑπερϐολὴν
3606 4757 3704 4810 διὰ
3729 4761 3843 4813 τού-

2281 4844 2574 4916 των-δηλοῖ.
2599 4847 2659 4897 Et
2684 4846 2787 4916 γὰρ
2811 4847 2840 4898 ὀ
2864 4845 2958 4917 τῆς
2973 4846 3177 4917 τροφῆς
3204 4847 3391 4919 καιρὸς
3411 4847 3597 4917 ὀδύνης
3617 4849 3841 4920 ὑπῆρχε

2287 4935 2507 5002 μεστὸς,
2546 4936 2636 5000 ’τίς
2679 4935 2744 4990 ἂν
2776 4936 2930 5001 ἄλλος
2974 4936 3162 5009 καιρὸς
3191 4937 3390 5009 ταύτης
3421 4937 3706 5013 ἐλεύθερος
3735 4936 3840 5011 ἦνς

2283 5027 2498 5093 Τούτοις
2524 5027 2578 5083 δὲ
2603 5067 2617 5090 ,
2649 5029 2799 5099 φησὶ,
2831 5027 3228 5099 περικλύζομαι
3249 5032 3360 5092 τοῖς
3391 5033 3607 5094 κακοῖςο
3644 5036 3842 5104 tuadi}

2283 5116 2370 5181 σὺ,
2401 5117 2660 5182 Δέσποτα,
2691 5118 2978 5190 κεκίνηκας
3006 5120 3123 5172 κατ’
3151 5119 3283 5190 ἐμοῦ
3309 5120 3404 5192 τὴν
3432 5123 3614 5195 ὀργήν.
3650 5125 3841 5181 Ταῦτα

2281 5209 2336 5262 δέ
2358 5212 2559 5281 φησινό
2580 5213 2888 5284 Προφήτης,
2917 5210 3276 5282 οἰκειούμενος
3289 5214 3384 5286 τὴν
3414 5215 3508 5268 τοῦ
3541 5215 3674 5287 λαοῦ
3704 5235 3839 5288 συμ-

2283 5303 2467 5371 φορὰν,
2497 5304 2589 5356 καὶ
2615 5303 3002 5374 ὀλοφυρόμενος
3028 5301 3129 5373 τὴν
3158 5303 3431 5360 ἀπώλειαν
3459 5306 3553 5364 τοῦ
3576 5309 3838 5363 τοσούτου

2282 5391 2511 5462 πλήθους
2531 5432 2545 5456 ,
2584 5393 2724 5448 Ἀπὸ
2763 5392 3079 5460 προσώπου
3105 5393 3213 5464 τῆς
3249 5396 3430 5466 ὁρτῆς
3465 5399 3562 5453 καὶ
3596 5400 3709 5455 τοῦ
3740 5403 3816 5453 ον

653 5480 855 5532 elevans
891 5479 1101 5532 aliisisti
1143 5498 1238 5536 me.
1269 5481 1396 5548 Quae
1429 5487 1623 5555 populo
1651 5495 1704 5541 et
1728 5489 1846 5544 loco
1875 5489 2181 5550 acciderunt

2281 5482 2392 5551 μοῦ
2413 5497 2526 5537 σου
2545 5522 2559 5549 ,
2586 5482 2672 5537 ὅτι
2700 5481 2924 5551 ἐπάρας
2949 5482 3306 5553 κατέρῤαξὰς
3329 5504 3423 5555 με.
3459 5488 3540 5543 Τὰ
3564 5488 3816 5561 esququ

660 5579 714 5620 ut
744 5569 840 5622 sibi
875 5569 1092 5639 propria
1121 5580 1351 5640 enarrat,
1379 5589 1441 5630 ac
1470 5578 1644 5647 docet,
1667 5579 1734 5635 ad
1779 5595 2025 5651 magnam
2071 5581 2185 5650 glo-

728 5739 772 5804 ἐ
811 5739 948 5794 Psal.
985 5757 1175 5808 um,
1211 5741 1262 5800 6.

2281 5574 2410 5628 κότα
2439 5573 2512 5646 τῷ
2537 5575 2647 5646 λαῷ
2676 5575 2767 5656 καὶ
2793 5575 2866 5646 τῷ
2895 5576 3040 5641 τόπῳ
3073 5562 3396 5634 ίδιοποιεῖται
3429 5581 3695 5636 διδάσκων
3712 5621 3728 5650 ,
3756 5581 3834 5636 ὅτι
