3950 6350
20 474 151 531 1257

1128 468 1612 528 COMMENTARIA
1652 468 1719 524 ΙΝ
1756 466 2089 525 PSALMOS.
2121 483 2130 489 '

3054 468 3189 529 1258

20 590 92 649 εὶς
125 586 272 656 μέγα
304 586 461 657 δόξης
488 587 715 660 ἀρθέντα
741 588 829 640 τὸν
853 586 996 651 λαὸν,
1026 585 1100 649 ὡς
1125 585 1257 638 Θεοῦ
1285 584 1408 638 λαὸν
1428 600 1561 654 χρη-

1667 582 1797 637 riam
1845 582 2077 638 levatum
2108 580 2385 652 populum,
2415 579 2486 634 ita
2518 592 2576 634 ut
2605 579 2834 651 populus
2858 578 2953 636 Dei
2975 595 3193 637 vocare-

20 675 266 746 ματίσαι,
299 678 442 731 τόνδε
468 678 559 731 τὸν
588 674 731 731 οἷκον
761 676 903 730 Θεοῦέ
924 674 1278 746 ὀνομασθῆναι
1302 673 1475 748 διὰτὸ
1501 675 1559 726 ὲν

20 764 161 833 αὐτῷ
186 766 451 838 ἁγίασμα.
495 768 728 839 Ἐπάρας
755 768 846 820 καὶ
869 768 1104 836 τιμήσας
1129 766 1160 817 ό
1180 763 1311 827 Θεὸς
1329 763 1559 834 ἑφαμίλυ

20 854 117 918 ius;
148 857 219 925 τῇ
256 859 336 920 είς
363 856 491 927 ὕψος
514 856 737 930 άρθείσῃ
768 857 941 911 αὐτῶν
966 857 1112 930 δόξῃ,
1145 858 1223 921 είς
1249 856 1307 915 τὸ
1328 856 1559 925 ὶναντίον

20 946 372 1017 παραγαγὼν,
398 946 689 1021 κατέῤῥαξε
708 964 721 978 ·
745 948 835 1001 τὸν
862 947 957 1019 μὲν
982 948 1145 1001 τόπον
1165 947 1445 1019 πολιορκίᾳ
1467 963 1564 1000 πα-

20 1036 211 1104 ραδοὺς
258 1039 350 1091 καὶ
400 1038 643 1093 παντελεῖ
690 1039 924 1111 ἐρημίᾳ,
968 1040 1058 1095 τὸν
1093 1040 1149 1095 δὲ
1186 1037 1311 1095 λαὸν
1363 1041 1563 1111 αἰχμα-

19 1126 206 1179 λωσία.
302 1124 303 1127 “

71 1217 141 1267 Αἱ
167 1214 378 1283 ἡμέραι
393 1234 509 1286 μου
528 1220 669 1274 ὡσεὶ
698 1219 842 1275 σκιὰ
864 1219 1206 1288 amonem,
1235 1217 1396 1288 κάγὼ
1422 1219 1563 1273 ὡσεί

20 1304 227 1369 χόρτος
257 1306 606 1377 ἐξηράνθην.
656 1310 829 1365 Πᾶσα
848 1309 958 1379 τὰρ
991 1308 1145 1378 σὰρξ
1172 1309 1382 1379 χόρτος
1400 1347 1416 1373 ,
1465 1310 1560 1362 καὶ

19 1392 180 1447 πᾶσα
205 1396 355 1461 δόξα
376 1399 563 1469 αὐτῆς
585 1402 663 1468 ὡς
699 1401 880 1467 ἄνθος
904 1402 1134 1470 χόρτου.
1194 1400 1360 1453 Πάλιν
1389 1416 1561 1453 κοινο-

20 1485 337 1555 ποιούμενος
377 1488 466 1543 τὸν
506 1492 631 1563 περὶ
654 1491 747 1544 τοῦ
774 1489 902 1547 λαοῦ
935 1490 1117 1559 λόγον,
1147 1488 1402 1557 ἐπιλέγει·
1452 1489 1560 1544 Καὶ

20 1573 124 1641 ἐγὼ
148 1577 295 1630 ὡσεὶ
314 1581 523 1647 χόρτος
540 1582 890 1651 ἐξηράνθην.
918 1582 1001 1637 Σὺ
1023 1580 1109 1645 δὲ,
1134 1581 1326 1648 Κύριε,
1351 1582 1437 1646 εἰς
1460 1580 1563 1634 τόν

20 1662 195 1718 αἰῶνα
214 1667 416 1735 μένεις
432 1710 447 1733 ,
478 1672 572 1725 καὶ
610 1673 677 1726 τὸ
694 1674 1081 1744 μνημόσυνόν
1101 1687 1215 1725 σου
1248 1674 1333 1737 είς
1355 1670 1564 1741 γενεὰν

20 1755 108 1807 καί
132 1760 368 1824 γενεάν.
390 1761 469 1814 Τὰ
493 1762 588 1832 μὲν
617 1763 803 1834 θνητὰ,
832 1762 981 1833 φησὶ,
1003 1764 1096 1817 καὶ
1123 1763 1433 1838 ἀνθρώπινα
1458 1780 1564 1817 τοι-

20 1846 182 1911 αῦτα,
218 1843 304 1903 οἷα
335 1852 426 1903 καὶ
452 1852 767 1923 δεδήλωται,
798 1854 1081 1924 τυγχάνει,
1111 1854 1444 1926 εὑμετάόολα
1472 1854 1564 1909 καὶ

1661 681 1771 739 tur,
1801 685 1865 727 sc
1890 672 2083 727 domus
2113 671 2312 726 Domus
2340 670 2433 727 Dei
2464 672 2533 726 oh
2558 671 2922 726 sanctuarium
2948 671 3022 726 ibi
3056 674 3196 742 posi-

1661 770 1776 818 tum
1807 762 2096 819 dicentur.
2132 760 2269 817 Cum
2299 769 2479 818 autem
2506 776 2538 815 a
2569 760 2678 817 Deo
2703 771 2916 819 erectus
2936 769 2990 817 et
3017 762 3196 819 hono-

1662 859 1813 909 ratus
1858 850 2071 918 fuisset,
2113 850 2355 909 vicissim
2392 859 2582 931 postea
2608 852 2729 907 loco
2770 851 2914 907 illius
2947 834 3199 911 sublimis

1662 943 1862 1012 gloria,
1893 942 1948 998 in
1978 942 2309 998 contrarium
2340 941 2606 1013 deiectum
2621 957 2763 1006 cum,
2794 940 3004 998 allisum
3033 956 3065 996 a
3088 940 3200 997 Deo

1664 1031 1834 1087 fuisse
1868 1031 1973 1099 ait;
1992 1031 2068 1087 ita
2096 1038 2155 1086 ut
2186 1032 2361 1087 locum
2392 1032 2662 1089 obsidioni
2684 1042 2737 1088 et
2765 1038 3015 1109 extrema:
3030 1035 3200 1089 vasti-

1663 1122 1782 1189 tati,
1816 1120 2073 1191 populum
2097 1135 2224 1176 vero
2245 1119 2544 1192 captivitati
2574 1121 2825 1177 traderet.

1732 1210 1898 1268 Vsus;
1928 1211 2114 1266 {2-14.
2135 1210 2272 1267 'Dies
2301 1212 2402 1267 mei
2423 1212 2559 1267 sicut
2595 1214 2780 1267 umbra
2795 1212 3199 1276 declinaverunt,

1663 1309 1714 1355 et
1735 1315 1827 1371 ego
1851 1301 1990 1355 sicut
2010 1298 2185 1369 fenum
2214 1302 2349 1353 arui.
2392 1298 2574 1355 Omnis
2600 1300 2737 1355 enim
2768 1302 2891 1356 caro
2924 1299 3118 1370 fenum,
3151 1310 3204 1355 et
3234 1301 3237 1304 ’

1666 1391 1833 1444 omnis
1862 1390 2032 1461 gloria
2070 1392 2183 1459 ejus
2215 1391 2367 1459 quasi
2388 1390 2705 1459 ﬂos'fem’“.
2738 1389 2976 1446 Rursum
3004 1390 3071 1445 de
3106 1406 3204 1462 po-

1667 1481 1792 1549 pulo
1835 1495 2136 1537 sermonem
2178 1480 2333 1549 quasi
2369 1480 2473 1535 sibi
2506 1480 2782 1551 praprium
2822 1480 3051 1538 eﬂ'erens
3074 1481 3204 1537 suh-
3240 1534 3243 1537 .

1661 1571 1858 1641 jungit,
1897 1570 1967 1624 Et
2001 1585 2092 1640 ego
2124 1571 2259 1623 sicut
2297 1569 2470 1637 fenum
2501 1572 2641 1625 arui.
2684 1570 2761 1623 Tu
2790 1579 2983 1635 autem,
3022 1570 3205 1625 Domi-

1666 1679 1748 1727 ne,
1783 1663 1839 1715 in
1862 1671 2109 1716 internum
2135 1675 2423 1730 permanes,
2451 1667 2500 1714 et
2529 1658 2829 1714 memoriale
2858 1670 3001 1713 tuum
3032 1660 3089 1713 in
3119 1676 3207 1731 ge-

1666 1753 1984 1807 nerationem
2027 1760 2078 1806 et
2112 1752 2512 1821 generationem.
2553 1748 2682 1815 Res,
2714 1751 2812 1816 ait,
2850 1751 3110 1811 mortales
3140 1758 3208 1815 get

1668 1843 1915 1896 humana:
1967 1842 2102 1897 tales
2132 1851 2277 1906 sunt,
2311 1841 2497 1911 quales
2538 1853 2703 1911 supra
2730 1841 3062 1897 declaratum
3096 1850 3204 1907 est,

20 1935 299 2007 ἀνώμαλα,
317 1941 566 1995 οὐδέποτε
585 1944 675 1996 ἐπὶ
694 1946 806 2008 τοῖς
822 1945 999 2008 αὐτοῖς
1021 1945 1241 2016 μένοντα
1258 1964 1272 1977 ο
1295 1946 1406 2000 ἀλλ’
1423 1948 1567 2000 ἐπαι-

1667 1935 1950 1990 mutationi
1993 1935 2202 1990 scilicet
2246 1943 2300 1991 et
2342 1934 2745 2004 inaequabilitati
2782 1934 3046 2000 obnoxiae,
3086 1950 3210 2006 qua

20 2030 247 2101 ρόμενα,
264 2032 356 2084 καὶ
375 2034 877 2106 καταρῤηγνύμενα,
903 2036 1033 2106 ὑψού
1041 2038 1175 2107 μενά
1190 2055 1250 2091 τε
1269 2040 1362 2091 καὶ
1379 2055 1567 2092 ταπει-

20 2122 255 2193 νούμενα
276 2165 291 2189 ,
327 2124 418 2177 καὶ
450 2126 706 2189 παντοίας
734 2127 939 2196 τροπάς
980 2128 1072 2182 καὶ
1107 2116 1402 2199 μεταϐολάς
1432 2130 1566 2183 ὑπο-

20 2213 249 2283 μένοντα
274 2214 360 2269 διὰ
380 2216 477 2287 τὴν
500 2217 555 2268 ὲν
578 2216 877 2289 ἀνθρώποις
906 2218 1315 2292 πολιτευομένην
1341 2221 1535 2275 κακίαν
1550 2236 1565 2251 ⁸

20 2306 79 2358 ὠ
105 2306 185 2369 δὲ,
204 2306 394 2377 Κύριε,
418 2307 563 2361 οὐδὲν
583 2308 719 2379 ἔχων
740 2307 927 2381 θνητὸν
948 2311 1068 2364 οὐδὲ
1090 2310 1247 2381 ὲπίκη
1257 2328 1364 2382 ρον,
1384 2314 1461 2376 είς
1480 2311 1569 2364 τὸν

20 2395 186 2449 αἰῶνα
224 2397 401 2466 μένεις
418 2438 433 2462 ,
462 2399 546 2451 ἀεὶ
580 2401 716 2454 κατὰ
743 2401 812 2455 τὰ
839 2401 979 2454 αὐτὰ
1004 2402 1097 2454 καὶ
1127 2401 1381 2465 ὡσαύτως
1409 2402 1565 2473 ἔχων,

20 2489 89 2551 ὡς
119 2488 290 2553 ἀΐδιος
318 2491 410 2544 καὶ
433 2491 781 2557 ἀναλλοίωτος
800 2533 813 2556 ,
845 2495 938 2570 καὶ
964 2493 1032 2547 τὰ
1058 2494 1199 2559 ἅπαξ
1224 2494 1328 2546 ὑπὸ
1359 2493 1450 2547 σοῦ
1491 2494 1567 2566 (Ι)

20 2578 347 2633 σαλευθέντα
369 2621 385 2646 ,
413 2583 503 2635 καὶ
529 2584 586 2635 ὲν
610 2584 904 2655 ἐπαγγελίᾳ
936 2583 1285 2638 θεσπισθέντα
1314 2585 1461 2655 μένει
1491 2589 1571 2649 είς

26 2688 122 2741 ’.ινη
132 2671 363 2741 μόσυνον
382 2672 567 2736 ἀΐδιον,
592 2674 623 2745 ἢ
653 2674 751 2727 κᾶν
778 2675 851 2745 μὴ
875 2677 941 2744 τῇ
962 2674 1204 2747 παρούσῃ
1234 2678 1411 2747 γενεᾷ,
1436 2676 1571 2731 ἀλλὰ

50 2765 78 2831 ᾖ
109 2760 380 2833 ἐρχομένη
406 2762 543 2816 κατὰ
572 2764 669 2834 τὴν
690 2763 1017 2835 ψαλμιμδίαν.
1071 2765 1180 2819 Καὶ
1211 2765 1365 2819 τοῦτο
1389 2762 1479 2821 οὖν
1512 2784 1571 2820 σε

44 2851 256 2907 mmo
296 2853 599 2945 έπικάμςιαι
642 2855 840 2922 ὀφείλει
864 2897 877 2921 ,
913 2855 1187 2921 Δέσποτα,
1219 2858 1301 2911 ότι
1324 2858 1433 2927 ἐγὼ
1477 2860 1572 2931 μὲν
1610 2910 1615 2913 ,

42 2945 109 3006 .zl.
122 2945 223 3014 τὴν
239 2936 397 3015 φύσιν
412 2936 658 3017 τοιαύτην
683 2946 788 3018 ἔχω
805 2948 1062 3020 ἐπίκηρον
1081 2949 1172 3002 καὶ
1188 2949 1570 3023 ὀλιγοχρόνιον,

26 3034 109 3083 διαὶ
146 3037 451 3105 συμφοραῖς
482 3035 777 3108 συνεζύγην
817 3036 1129 3101 τοσαύταις·
1172 3039 1236 3091 σὺ
1267 3039 1323 3093 δὲ
1364 3039 1577 3103 αίὼνιος

22 3122 110 3175 καὶ
155 3122 453 3205 ἀθάνατος,
484 3126 623 3179 ὥστε
669 3126 964 3199 μεταθολήν
992 3145 1113 3182 τινα
1155 3127 1266 3182 τῶν
1297 3130 1575 3202 παρόντων

23 3215 207 3267 κακῶν
232 3216 516 3289 ρᾳδίωςάν
552 3236 639 3289 μοι
668 3220 931 3291 χαρίσαιο.
970 3222 1138 3275 Τοῦτο
1164 3221 1270 3294 γὰρ
1290 3223 1535 3296 ἐπιφέρει
1554 3240 1568 3256 ·

23 3304 101 3356 Σὺ
125 3305 394 3373 ἀναστὰς
408 3309 788 3377 οίκτειρήσεις
810 3316 923 3380 τὴν
942 3310 1115 3379 Σιὼν,
1139 3311 1226 3365 ότι
1243 3312 1443 3383 καιρός
1465 3313 1570 3369 τοῦ

22 3392 379 3462 οίκτειρῆσαι
416 3395 636 3467 αὐτὴν,
684 3399 773 3454 ὅτι
814 3400 943 3468 ἣκει
985 3403 1204 3471 καιρός.
1230 3402 1358 3469 Δὸς,
1390 3405 1569 3476 φησὶν,

23 3484 230 3553 ἀμείνω
268 3486 561 3559 μεταϐολὴν
589 3489 687 3559 τῆς
725 3492 1028 3563 συμφορᾶς·
1061 3494 1089 3542 ό
1118 3489 1225 3561 γὰρ
1257 3492 1444 3564 καιρὸς
1480 3493 1571 3548 τὸν

24 3574 165 3628 ἔλεον
202 3576 445 3629 ἀπαιτεῖ·
482 3578 877 3632 συντετέλεσται
908 3580 1016 3649 γὰρ
1046 3582 1187 3651 ὁτῆς
1207 3582 1572 3655 ταλαιπωρίας

23 3664 175 3734 ἡμῶν
220 3670 428 3736 χρόνος.
489 3666 786 3721 Δίνίττεται
818 3668 872 3720 δὲ
902 3667 989 3721 διὰ
1018 3667 1220 3723 τούτων
1251 3671 1349 3742 τῆς
1382 3676 1493 3737 τοῖς
1520 3674 1571 3727 o'

24 3754 164 3838 ιτεσι
187 3757 620 3830 περιωρισμένης
638 3758 899 3831 τιμωρίας
917 3763 1010 3814 καὶ
1028 3761 1394 3832 αίχμαλωσίας
1410 3764 1470 3818 τὸ
1487 3765 1571 3817 τέ-

23 3844 128 3907 λος.
176 3846 339 3925 Ὀὕτω
385 3848 478 3901 καὶ
503 3850 531 3902 ὁ
576 3848 871 3921 θαυμάσιος
916 3852 1108 3924 Δανιὴλ
1132 3853 1439 3925 ἀριθμήσας
1474 3857 1572 3928 τῆς

24 3939 397 4009 αίχμαλωσίας
436 3941 525 3996 τὸν
568 3943 775 4016 χρόνον,
798 3943 1091 4017 προσφέρει
1131 3944 1227 4017 τὴν
1274 3946 1568 4020 ἱκετηρίαν,

24 4030 114 4082 καὶ
165 4030 378 4101 συνᾴδει
415 4032 622 4097 τούτοις
652 4032 772 4104 τῆς,
799 4035 1170 4105 πνευματικῆς
1207 4036 1467 4106 μελῳδίας
1502 4038 1572 4091 τὰ

26 4119 262 4188 ῥήματα.
310 4122 419 4173 Καὶ
461 4125 490 4176 ὁ
534 4123 805 4194 Ζαχαρίας
844 4124 901 4177 δὲ
934 4124 1358 4196 προσευχόμενος
1394 4125 1566 4194 ἐλεγεο

24 4210 198 4276 Κύριε
226 4211 629 4278 παντόκρατορ
647 4249 663 4274 ,
712 4208 885 4280 μέχρι
917 4212 1058 4265 πότε
1097 4214 1167 4265 οὐ
1194 4212 1277 4281 μὴ
1310 4212 1571 4281 ἐλεήσῃς

25 4299 138 4366 τὴν
163 4300 563 4371 Ἰερουσαλὴμ,
580 4301 796 4369 καὶτὰς
809 4305 1012 4369 πόλεις
1039 4303 1238 4367 Ἰούδα,
1257 4301 1329 4370 ἀς
1342 4304 1571 4373 ὑπερεῖ-

24 4389 154 4455 δες;
186 4389 359 4469 τοῦτο
395 4392 829 4462 ἑϐδομηκοστὸν
853 4394 1005 4460 ἔτος.
1052 4394 1490 4466 Προφητεύεσθαι
1515 4397 1570 4448 δὲ

28 4482 256 4538 ἐνταῦθα
285 4479 434 4555 οἶμαι
460 4485 553 4538 καὶ
582 4486 680 4558 τὴν
707 4486 766 4540 ὲν
786 4484 1087 4558 ἀνθρώποις
1112 4485 1345 4558 Χριστοῦ
1377 4488 1571 4556 ἐπιφά-

27 4590 193 4641 νειαν,
215 4575 387 4629 αἰτίαν
410 4575 669 4649 ἐσομένην
687 4576 1274 4649 τοῢςάνοικοδομηθῆναι
1295 4578 1391 4650 τὴν
1413 4578 1568 4647 Σιὼν,

28 4668 266 4720 τουτέστι
298 4658 391 4721 τοῦ
416 4668 742 4741 ἀνεῳχθῆναι
761 4668 823 4722 τὸ
841 4669 939 4739 τῆς
959 4668 1233 4732 εὐσεᾶείας
1254 4669 1566 4740 πολίτευμα.

29 4756 121 4819 Τίς
138 4758 197 4811 δὲ
215 4761 244 4811 ὁ
268 4750 587 4825 πολύευκτος
613 4761 704 4815 καὶ
729 4760 1043 4832 τριπόθητος
1059 4759 1264 4831 καιρὸς,
1291 4761 1349 4811 ὲν
1367 4753 1411 4827 ᾧ
1437 4761 1571 4831 πλη-

29 4846 265 4919 ρωθῆναι
294 4850 504 4920 λέγεται
535 4852 602 4906 τὰ
628 4851 777 4923 παρὰ
801 4853 898 4922 τῆς
929 4851 1061 4905 Σιὼν
1087 4850 1461 4921 ἐπηγγελμένα
1481 4851 1569 4916 ;'O

29 4940 125 5010 τῆς
145 4943 485 5009 ἀναστάσεως
510 4962 623 5010 σου,
640 4944 828 5018 Κύριε.
848 4946 995 4999 Ἐπεὶ
1008 4944 1111 5017 γὰρ
1131 4944 1226 5015 τὴν
1248 4942 1340 4996 τοῦ
1365 4943 1566 5013 κόσμου

30 5033 299 5103 ἁμαρτίαν
329 5031 457 5105 ἆραι
488 5035 771 5107 ἐλήλυθας·
807 5037 904 5089 οὐκ
931 5035 1034 5089 ἔδει
1059 5035 1116 5088 δὲ
1140 5035 1229 5087 τὸν
1257 5032 1567 5105 τηλικοῦτον

31 5122 165 5193 ὑπὲρ
182 5122 373 5192 ὀλίγων
384 5127 711 5198 ἁμαρτωλῶν
733 5127 901 5181 ἐλθεῖν
920 5128 1011 5182 καὶ
1032 5126 1218 5179 παθεῖν
1232 5143 1245 5156 ·
1268 5127 1355 5179 ὅτε
1381 5126 1567 5196 ἐνέστη

31 5217 57 5267 δ
82 5214 298 5286 χρόνος,
331 5216 452 5269 καθ’
475 5219 535 5272 δν
566 5220 775 5295 εἴρηται
800 5222 907 5285 ὅτι,
932 5240 949 5273 ι
977 5220 1176 5283 Πάντες
1203 5218 1444 5290 ἥμαρτον
1475 5216 1568 5270 καὶ

34 5305 375 5377 ὑστεροῦνται
414 5308 516 5378 τῆς
540 5309 695 5381 δόξης
726 5311 820 5365 τοῦ
845 5312 976 5366 Θεοῦ
997 5350 1011 5376 ,
1053 5312 1169 5365 τότε
1200 5310 1338 5364 ὑπὲρ
1369 5310 1565 5371 παντὸς

33 5397 236 5468 ὲγεύσω
263 5395 511 5453 θανάτου.
547 5416 566 5449 ι

1666 2042 1940 2098 nunquam
1962 2028 2148 2083 eodem
2172 2030 2227 2082 in
2264 2022 2409 2084 ‘statn
2443 2036 2720 2095 maneant;
2751 2033 2845 2083 sed
2873 2027 3033 2083 modo
3053 2028 3208 2083 exal-

1666 2125 1809 2183 tatae,
1860 2133 1984 2173 mox
2026 2118 2233 2185 allisa;
2280 2118 2438 2174 modo
2467 2119 2677 2186 erecta,
2712 2132 2839 2173 mox
2874 2117 3104 2188 .dejectaa
3130 2118 3210 2173 vi-

1665 2208 1917 2273 deantur,
1950 2223 2014 2264 ac
2059 2210 2411 2266 mutationem
2438 2209 2954 2282 conversionemque
2978 2209 3209 2279 quamli-

1666 2298 1754 2354 bet
1774 2298 2025 2363 subeant,
2054 2300 2125 2356 ob
2157 2301 2452 2371 nequitiam
2487 2316 2604 2371 qua:
2640 2301 2780 2356 inter
2811 2300 3058 2356 homines
3092 2316 3208 2355 ver-

1667 2397 1838 2444 satur.
1867 2390 1948 2444 Tu
1977 2397 2179 2457 autem,
2208 2388 2432 2445 Domine
2451 2430 2469 2458 ,
2502 2390 2597 2462 qui
2636 2389 2770 2445 nihil
2791 2391 3036 2457 mortale,
3077 2379 3213 2445 nihil

1667 2483 1869 2538 (luxum
1918 2482 2107 2549 habes,
2158 2483 2215 2539 in
2256 2494 2515 2541 aeternum
2561 2495 2866 2554 permanes,
2908 2497 2974 2538 ac
3004 2497 3213 2554 semper

1667 2573 1853 2629 eodem
1874 2573 2055 2637 modo,
2085 2574 2275 2628 eodem
2307 2573 2363 2627 in
2391 2581 2538 2629 statu
2566 2573 2822 2637 versaris,
2851 2573 3034 2642 utpote
3060 2585 3214 2628 aeter-

1670 2679 1772 2720 nus
1809 2672 1864 2719 et
1891 2663 2245 2717 immutabilis
2278 2681 2293 2717 :
2326 2677 2389 2717 ac
2420 2676 2541 2731 quae
2578 2663 2744 2719 semel
2786 2662 2885 2717 abs
2918 2672 2971 2715 te
3009 2669 3210 2716 statuta

1671 2764 1817 2822 sunt,
1846 2764 1900 2811 et
1935 2757 1990 2810 in
2021 2754 2296 2810 vaticiniis
2336 2754 2605 2825 promissa
2650 2750 2889 2816 fuerunt,
2918 2753 2973 2806 in
3008 2767 3215 2807 memo-

1674 2849 1803 2904 riale
1831 2848 2216 2919 sempiternum
2239 2852 2489 2909 manent,
2516 2845 2730 2900 etiamsi
2751 2859 2859 2899 non
2884 2845 2935 2897 in
2957 2844 3214 2913 praesenti

1673 2941 2038 3011 generatione,
2086 2946 2141 2992 at
2182 2939 2238 2993 in
2268 2936 2451 2992 futura
2499 2937 2791 2992 secundum
2836 2935 3210 3007 psalmodiam.

1662 3030 1845 3100 _Atque
1869 3027 1973 3083 hoc
2003 3034 2079 3093 te,
2101 3026 2347 3090 Domine,
2378 3025 2611 3087 maxime
2632 3022 2845 3080 ﬂectere
2864 3024 3062 3090 debet,
3086 3025 3214 3095 quia

1672 3130 1771 3188 ego
1793 3115 2008 3187 quidem
2040 3117 2200 3171 talem
2230 3110 2403 3171 habeo
2431 3122 2703 3180 naturam,
2738 3112 2957 3179 ﬂuxam,
2996 3114 3215 3169 brevem

1673 3215 1727 3263 et
1757 3209 1831 3262 ita
1859 3194 2265 3271 calamitosam;
2298 3213 2356 3260 tu
2393 3194 2521 3260 vero
2557 3212 2869 3260 aeternuset
2892 3203 3215 3269 immortalis

1671 3298 1862 3364 es;ita
1891 3304 1951 3350 ut
1998 3296 2346 3366 praesentium
2375 3295 2641 3350 malorum
2686 3295 3039 3350 mutationem
3085 3296 3219 3351 mihi

1669 3404 1927 3463 perquam
1974 3389 2133 3444 facile
2188 3388 2501 3460 praebueris.
2548 3386 2605 3442 ld
2649 3400 2884 3456 namque
2923 3387 3106 3451 infert,
3137 3387 3219 3441 Tu

1664 3464 1947 3556 exsurgens
1977 3480 2294 3538 misereberis
2338 3479 2495 3543 Sion,
2540 3477 2664 3548 quia
2703 3486 2899 3544 tempus
2939 3477 3220 3533 miserandi

1631 3587 1635 3591 ‘
1670 3576 1804 3645 ejus,
1828 3577 1957 3647 quia
1982 3576 2115 3629 venit
2142 3566 2359 3641 tempus.
2392 3572 2485 3634 Da,
2510 3558 2716 3645 inquit,
2744 3566 3066 3623 calamitatis
3095 3578 3219 3622 mu-

1670 3668 1926 3722 tationem
1975 3666 2031 3720 in
2074 3665 2265 3720 melius
2308 3682 2321 3718 :
2362 3677 2486 3717 nam
2532 3668 2745 3730 tempus
2786 3649 3218 3714 misericordiam

1671 3757 1935 3826 postulat;
1978 3756 2210 3810 miseriae
2249 3754 2447 3825 quippe
2494 3759 2693 3815 nostra:
2731 3749 3051 3819 completum
3089 3763 3217 3818 sps-

1670 3846 1805 3899 tium
1834 3853 1937 3899 est.
1971 3843 2066 3901 His
2092 3859 2255 3914 porro
2281 3843 2590 3923 subindicat
2622 3840 2873 3911 supplicii
2918 3841 3077 3895 annis
3125 3854 3215 3896 se-

1669 3936 1950 4007 ptuaginta
1996 3935 2391 4006 circumscripti
2436 3943 2491 3989 et
2543 3933 2865 4004 captivitatis
2912 3931 3093 4011 tinem.
3124 3931 3214 3988 Sic

1670 4030 1818 4093 item'
1850 4027 2039 4082 Daniel
2088 4026 2185 4085 ille.
2229 4026 2528 4089 mirabilis,
2570 4024 2838 4081 recensito
2884 4024 3213 4093 captivitatis

1670 4130 1932 4191 tempore,
1961 4118 2412 4191 supplicationem
2438 4115 2594 4171 oﬂ‘ert
2624 4130 2811 4193 suam:
2846 4115 3037 4184 hisque
3060 4115 3235 4185 spiri-‘

1669 4213 1832 4270 tualis
1882 4210 2127 4267 melodias
2171 4210 2335 4265 verba
2388 4208 2664 4263 occinunt.
2705 4206 3014 4297 .Zacharias
3085 4206 3216 4261 item
3270 4204 3271 4207 “

1670 4305 1873 4362 orando
1900 4303 2112 4360 dicebat
2146 4321 2160 4357 :
2194 4299 2410 4355 Domine
2451 4300 2787 4368 omnipotens,
2820 4313 3078 4370 usquequo
3111 4312 3213 4351 non
3236 4334 3267 4359 κ,

1670 4384 1987 4452 misereberis
2006 4394 2321 4457 Jerusatem,
2365 4401 2414 4447 et
2455 4392 2723 4445 civitatum
2758 4389 2924 4453 ludo,
2962 4406 3091 4459 quas
3119 4389 3213 4445 de-
3270 4396 3273 4397 ⁷

1670 4488 1927 4559 spemisti.’
1961 4486 2042 4539 hic
2086 4468 2489 4555 septuagesimus
2529 4498 2694 4535 annus
2726 4482 2885 4536 est".
2915 4478 3015 4566 Hic
3050 4479 3211 4536 etiam

1671 4572 2020 4645 praenuntiari
2064 4582 2196 4641 puto
2241 4570 2446 4627 Christi
2493 4571 2560 4625 ad
2606 4571 2852 4625 homines
2902 4569 3207 4635 adventum,

1672 4667 1765 4736 qui
1811 4666 1867 4720 in
1899 4678 2063 4719 causa
2110 4663 2324 4717 futurus
2363 4668 2465 4728 est,
2498 4668 2557 4715 ut
2584 4668 2935 4717 'restauretur
2976 4658 3128 4724 Sion,
3155 4658 3211 4733 id

1675 4761 1775 4819 est,
1805 4760 1863 4808 ut
1899 4752 2113 4822 pietatis
2166 4752 2471 4807 institutum
2506 4751 2799 4820 aperiatur.
2830 4750 2983 4817 Quod
3031 4753 3209 4806 autem

1674 4842 1807 4900 illud
1831 4850 1921 4899 est
1940 4842 2335 4913 optatissimum
2358 4850 2412 4895 et
2428 4841 2947 4896 desideratissimum
2975 4848 3204 4911 tempus,
3234 4858 3235 4865 η

1672 4951 1780 5006 quo
1831 4933 2100 5005 implenda
2151 4947 2271 4987 esse
2311 4932 2589 4996 dicuntur,
2615 4946 2734 5001 quas
2774 4932 2841 4986 de
2887 4930 3045 4985 Sione
3082 4945 3210 4999 pro-

1670 5028 1837 5083 missa
1881 5024 2040 5081 sunt?
2076 5020 2212 5079 illud
2249 5029 2332 5078 est
2374 5031 2585 5092 tempus
2626 5021 3041 5078 resurrectionis
3070 5029 3204 5086 tuas,

1672 5118 1917 5174 Domine.
1940 5116 2078 5184 Quia
2104 5117 2248 5172 enim
2288 5126 2570 5187 peccatum
2604 5115 2791 5170 mundi
2820 5112 3089 5169 sublatum
3115 5100 3206 5166 ve-

1671 5210 1839 5266 nisti:
1869 5222 1969 5263 nec
1996 5208 2524 5279 oportebat'tantum
2563 5205 2714 5261 illum
2743 5202 3074 5258 Servatorem
3109 5206 3207 5271 pro

1674 5300 1857 5372 paucis
1898 5298 2269 5369 peccatoribus
2316 5298 2500 5353 venire
2546 5305 2599 5352 et
2644 5294 2783 5365 pati;
2817 5306 2941 5347 cum
2980 5291 3207 5345 instaret

1672 5401 1905 5460 tempus,
1930 5403 2040 5459 quo
2061 5386 2264 5443 dictum
2287 5395 2390 5452 est,
2430 5406 2453 5439 ς
2472 5384 2671 5443 Omnes
2708 5389 3003 5455 peccarunt
3016 5390 3070 5438 et
3089 5378 3206 5451 glo-

1672 5482 1755 5537 ria
1777 5480 1872 5536 Dei
1895 5480 2170 5551 privantur
2187 5483 2254 5549 ",
2288 5486 2417 5536 tunc
2443 5491 2543 5550 pro
2572 5475 2823 5534 omnibus
2854 5484 3081 5532 mortem
3110 5472 3206 5530 de-

1670 5571 1913 5645 gustasti.
1947 5590 1968 5624 ι

101 5726 154 5766 ⁸⁵
184 5726 288 5784 iss.
320 5743 419 5792 ιι,
452 5724 505 5781 θ.
576 5726 622 5760 ⁸⁸
653 5725 881 5783 Zachar.
912 5741 971 5796 ι,
1000 5730 1088 5789 12.
1162 5733 1208 5767 ³⁸
1243 5729 1403 5790 Rom.
1439 5744 1531 5797 ιιι,
1562 5726 1662 5782 23.

102 5880 183 5954 (i)
211 5881 461 5939 ﬂendum
484 5882 627 5941 haud
657 5881 836 5938 dubie.
922 5949 930 5955 _

106 5980 109 5987 ’
263 5978 529 6041 Ρλτιιοι..
575 5976 690 6040 Ga.
735 5972 970 6043 XXIII.
