3976 6356
701 448 837 505 £259

1350 494 1353 497 .
1415 442 1683 501 EUSEBII
1711 444 2178 501 CAESARIENSIS
2206 444 2354 502 OPP.
2392 445 2576 503 PARS
2600 444 2691 503 ιιι.
2727 477 2789 492 ρ-
2816 444 3220 501 EXEGETICA.

3752 448 3869 501 i2bo

772 567 936 652 Vens.
956 566 1072 621 iS-l
1087 566 1399 633 7.Quoniam
1413 566 1723 636 placuerunt
1744 567 1905 621 servis
1924 567 2027 620 tuis
2042 566 2223 638 lapide:

2403 568 2527 621 Ὅτι
2542 566 2881 634 εὐδόκησαν
2894 568 2947 620 ot
2958 564 3163 619 δοῦλοί
3176 578 3290 618 σου
3308 562 3449 629 τοὺς
3464 562 3658 628 λίθους
3672 564 3869 630 αὐτῆς,

700 662 816 730 ejus
843 669 892 713 et
912 659 1109 728 pulveri
1136 657 1250 727 ejus
1276 656 1673 711 miserebantur.
1705 654 1774 710 Et
1804 655 2055 713 timebunt
2074 665 2246 727 gentes

702 766 887 805 nomen
918 750 1084 811 tuum,
1120 748 1436 813 Domine,“
1460 763 1633 801 omnes
1652 764 1807 823 reges
1827 748 2052 819 gloriam
2082 757 2243 802 tuam.

702 838 891 895 Merito
917 839 1201 909 postquam
1252 837 1462 893 dixerat
1506 835 1775 906 placuisse
1816 835 2023 907 lapides
2052 836 2249 907 prioris

664 929 901 1009 populi,
952 929 1213 1000 gentium_
1240 926 1573 982 vocationem
1626 925 1846 997 adjicit,
1890 935 2050 997 atque
2094 942 2248 997 aper-

697 1022 803 1077 tius
831 1019 1090 1084 declarat,
1127 1028 1256 1074 tunc
1281 1032 1375 1073 eas
1403 1017 1696 1074 salutarem
1726 1016 1973 1073 timorem
2002 1025 2247 1088 acceptu-

693 1128 784 1169 ras
825 1120 879 1167 et
923 1109 1091 1166 Deum
1134 1109 1376 1164 culturas
1428 1124 1569 1165 esse.
1621 1109 1796 1181 Reges
1855 1116 2037 1165 autem
2084 1108 2241 1175 dixit,

691 1218 790 1273 pro
811 1202 1013 1274 regnis.
1037 1200 1222 1270 Neque
1249 1202 1392 1257 enim
1413 1202 1498 1255 vel
1528 1216 1661 1271 gens
1713 1201 1798 1257 vel
1840 1217 2067 1273 regnum
2111 1212 2193 1259 est
2226 1243 2242 1268 ,

686 1292 836 1363 quud
863 1293 947 1347 vel
988 1309 1051 1348 ex
1079 1300 1191 1347 toto
1218 1292 1301 1347 vel
1329 1308 1397 1347 cx
1444 1300 1598 1361 parte
1647 1293 1873 1363 gloriam
1902 1293 2102 1349 Christi
2132 1310 2242 1349 non

677 1394 989 1440 veneretur.
1024 1384 1287 1449 Quoniam
1311 1383 1594 1451 ludiﬁcabit
1614 1383 1870 1439 Dominus
1894 1382 2044 1449 Sion,
2074 1396 2123 1439 et
2166 1387 2241 1440 ui-

684 1468 895 1531 'debitur
915 1478 967 1531 in
1005 1478 1175 1549 gloria
1204 1492 1322 1530 sua.
1358 1476 1479 1531 Alio
1507 1475 1690 1541 modo,
1724 1476 2010 1532 adiﬁcabit
2054 1476 2237 1534 Domi-

682 1566 796 1624 nus‘
812 1566 977 1632 Sion,
1021 1566 1074 1621 id
1102 1571 1204 1629 est,
1240 1565 1533 1623 Ecclesiam
1562 1586 1577 1621 :
1615 1564 2022 1623 aediﬁcationem
2056 1578 2235 1625 autem

684 1656 829 1711 illam
857 1656 943 1709 hic
965 1654 1225 1720 declarat,
1250 1670 1353 1724 qua
1389 1663 1577 1725 gentes
1607 1671 1703 1727 per
1731 1656 1887 1712 ﬁdem
1927 1652 2238 1746 constituta.-

684 1754 810 1802 sunt
838 1765 851 1801 :
882 1750 935 1803 et
959 1754 1089 1801 tunc
1108 1746 1284 1817 gloria
1316 1747 1577 1803 allicietur
1606 1747 1660 1801 in
1695 1747 1849 1818 ipsis.

2350 658 2445 712 καί
2455 659 2561 712 tor
2569 650 2722 727 χοῦν
2735 650 2923 726 αὐτῆς
2935 654 3388 723 οίκτειρήσουσι.
3407 652 3513 706 Kal
3529 653 3869 721 φοϐηθήσον-

2348 767 2440 803 ται
2455 749 2525 803 τὰ
2539 750 2678 817 ἔθνη
2693 748 2759 801 τὸ
2780 742 2965 818 ὄνομά
2976 730 3123 809 σου,
3148 746 3342 812 Κύριε,
3370 742 3469 796 καὶ
3484 741 3690 808 πάντες
3713 746 3767 796 cl
3780 743 3877 805 βαι

2346 838 2536 906 σιλεῒς
2556 838 2669 907 τὴν
2688 836 2875 897 δόξαν
2900 850 3034 891 σου.
3062 830 3297 896 Είκὸτως
3317 832 3370 887 δὲ
3397 833 3593 903 μεταξὺ
3622 832 3711 886 τοῦ
3735 833 3869 885 e660-

2345 931 2553 985 κεῖσθαι
2574 932 2697 993 τοὺς
2720 924 2903 992 ¹λίθους
2927 927 3019 982 τοῦ
3046 927 3302 1005 προτέρου
3331 924 3459 979 λαοῦ
3482 924 3577 997 τὴν
3599 925 3699 978 τῶν
3718 924 3871 978 ἐθνῶν

2346 1023 2696 1077 ὲπισυνάπτει
2724 1020 2941 1091 κλῆσιν,
2972 1018 3065 1074 καὶ
3096 1019 3407 1089 λευκότερον
3434 1017 3777 1089 παρίστησιν,
3799 1018 3871 1069 ὅτι

2346 1117 2432 1169 τὸν
2458 1117 2718 1187 σωτήριον
2746 1111 3104 1183 ἀναλήψονταί
3128 1123 3257 1164 ποτε
3284 1108 3445 1179 φόϐον
3463 1150 3479 1176 ,
3518 1103 3609 1161 καὶ
3637 1107 3869 1178 θεωεὸή-

2345 1222 2543 1260 σουσιν.
2582 1203 2931 1269 Οίβασιλεῐς
2954 1202 3013 1256 δὲ
3035 1199 3182 1255 εἶπεν
3209 1200 3327 1254 ἀντὶ
3354 1199 3448 1253 τοῦ
3463 1239 3478 1264 ,
3497 1202 3558 1253 αι
3568 1198 3868 1263 βασιλεῖαι.

2342 1296 2413 1350 Οὐ
2426 1296 2535 1368 γάρ
2550 1296 2715 1362 ἐστιν,
2728 1296 2825 1350 οὐκ
2840 1294 3007 1358 ἔθνος,
3024 1294 3085 1347 οὐ
3104 1292 3363 1364 βασιλεία,
3376 1294 3410 1362 ἡ
3434 1291 3509 1363 μὴ
3524 1286 3875 1361 προσκυνοῦσα

2338 1388 2435 1459 τὴν
2465 1386 2619 1453 δόξαν
2642 1385 2877 1458 Χριστοῦ
2897 1424 2913 1451 ,
2945 1384 2978 1457 ἢ
3012 1382 3234 1437 καθόλου
3283 1381 3316 1455 ἦ
3361 1383 3471 1436 ἀπὸ
3512 1383 3722 1454 μέρους.
3756 1379 3873 1433 Ὀτι

2337 1478 2714 1549 οίκοδομήσει
2742 1478 2955 1547 Κύριος
2994 1476 3109 1546 thr
3136 1476 3319 1540 Σιὼν,
3346 1475 3445 1529 καὶ
3477 1474 3788 1543 ὀφθήσεται
3813 1474 3873 1526 ἐν

2336 1567 2411 1638 τῇ
2445 1568 2593 1639 δόξῃ
2621 1566 2827 1623 αὐτοῦ.
2868 1565 3097 1636 Ἑτέρως
3126 1565 3182 1627 δὲ
3209 1564 3550 1635 οἰκοδομήσει
3576 1563 3671 1635 τὴν
3703 1561 3871 1615 Σιὼνὸ

2336 1659 2557 1731 Κύριος,
2582 1657 2825 1712 τουτέστι
2853 1655 2950 1727 τὴν
2983 1653 3330 1725 Ἐκκλησίαν·
3360 1654 3642 1726 οἰκοδομὴν
3668 1654 3722 1707 δέ
3747 1669 3871 1724 W:

2336 1748 2456 1803 καθ’
2486 1749 2552 1819 ἦν
2578 1747 2797 1819 ἐκτίσθη
2836 1744 2907 1799 τὰ
2934 1743 3060 1815 ἔθνη
3091 1742 3177 1798 διὰ
3212 1743 3313 1815 τῆς
3337 1744 3603 1807 πίστεωςο
3645 1744 3735 1797 καὶ
3766 1746 3871 1797 τότε

2333 1837 2713 1911 δοξασθήσεται
2740 1838 2797 1891 ὲν
2828 1838 3028 1900 αὐτοῖς.

738 1938 918 2002 Tuus.
958 1946 1140 2003 18-25.
1176 1944 1417 2016 Respexit
1452 1948 1506 2001 in
1532 1948 1818 2002 orationem
1853 1948 2155 2012 humilium,
2184 1960 2223 2003 et

2413 1919 2772 2019 Ἕπέϐλεψεν
2796 1951 2892 2005 ἐπὶ
2918 1949 3032 2020 τὴν
3061 1948 3409 2020 προσευχὴν
3432 1948 3550 2002 τῶν
3573 1946 3871 2007 ταπεινῶν,

660 2057 781 2095 non
818 2042 1004 2109 sprevit
1033 2054 1233 2109 precem
1259 2056 1456 2095 eorum.
1513 2039 1786 2095 Scribatur
1810 2037 1999 2095 haec'in
2020 2057 2232 2112 genera—

680 2136 870 2191 tionem
902 2134 1157 2199 alteram,
1202 2143 1251 2189 et
1300 2133 1519 2202 populus
1552 2134 1641 2204 qui
1684 2131 1947 2187 creabitur
1991 2132 2231 2187 laudabit

662 2226 959 2283 Dominum
983 2243 1002 2281 :
1030 2211 1468 2298 quia'prospexit
1523 2226 1587 2281 de
1631 2226 1835 2281 excelso
1874 2235 2054 2281 sancto
2101 2240 2228 2292 suo,

674 2319 932 2376 Dominus
961 2320 1026 2373 de
1060 2320 1185 2373 caelo
1220 2319 1275 2373 in
1315 2329 1508 2373 terram
1552 2318 1775 2387 aspexit,
1798 2327 1865 2371 ut
1904 2317 2109 2371 audiret
2144 2333 2231 2387 ge-

671 2413 834 2466 mitus
861 2409 1286 2479 compeditorum,
1309 2418 1367 2463 ut
1392 2411 1608 2464 solveret
1628 2410 1767 2481 ﬁlios
1786 2411 2223 2478 interemptorum,

671 2510 734 2552 ut
764 2498 1072 2554 annuntient
1099 2500 1154 2552 in
1182 2496 1312 2553 Sion
1337 2514 1522 2553 nomen
1550 2498 1788 2565 Domini,
1810 2509 1858 2553 et
1885 2500 2093 2555 laudem
2115 2502 2228 2569 ejus

664 2593 727 2645 in
755 2586 1070 2648 Jerusalem.
1110 2590 1176 2647 In
1222 2591 1564 2647 conveniendo
1596 2590 1812 2660 populos
1858 2592 1912 2645 in
1943 2608 2137 2656 unum,
2177 2601 2227 2646 et

670 2698 812 2753 reges
832 2690 889 2736 ut
916 2684 1141 2738 serviant
1164 2682 1409 2755 Domino.
1436 2681 1720 2752 Respondit
1741 2683 1790 2737 ei
1820 2682 1876 2736 in
1911 2685 1994 2737 οἱα
2019 2685 2226 2737 uirtutis

667 2789 779 2831 sure
803 2775 1182 2831 :Paucitatem
1212 2774 1416 2831 dierum
1463 2790 1694 2829 meorum
1730 2774 1917 2828 nuntia
1954 2775 2101 2830 mihi.
2144 2773 2227 2829 Ne

664 2883 869 2922 revoces
892 2883 973 2921 me
1000 2868 1055 2921 in
1080 2866 1300 2920 dimidio
1350 2865 1550 2920 dierum
1577 2878 1832 2919 meorum.
1882 2862 1983 2918 Hic
2008 2854 2228 2919 'videtur

666 2958 801 3013 mihi
835 2958 1409 3031 propheticus‘chorus
1433 2956 1720 3013 sublimius
1762 2954 2069 3026 signiﬁcare
2095 2971 2225 3027 gen-

660 3050 799 3113 tium
827 3065 923 3121 per
946 3048 1281 3103 Salvatorem
1319 3055 1568 3102 nostrum
1602 3047 1935 3105 vocationem
1960 3086 1974 3111 ,
2014 3046 2224 3115 lugere-

663 3157 768 3212 que
786 3140 929 3212 quod
945 3154 1065 3195 eam
1092 3137 1195 3208 ipsi
1226 3152 1337 3193 non
1365 3137 1475 3197 sint
1497 3138 1799 3193 consecuti.
1822 3137 1879 3191 in
1914 3137 2223 3191 futurorum

660 3246 897 3302 namque
936 3231 1203 3285 honorum
1255 3227 1510 3291 adventu,
1543 3230 1760 3297 quando
1804 3234 1992 3297 gentes
2042 3233 2096 3281 et
2129 3242 2221 3281 ea-

658 3340 785 3382 rum
804 3335 959 3394 reges
982 3336 1092 3376 non
1110 3321 1250 3376 ultra
1273 3318 1794 3400 patriosdremones,
1812 3319 1907 3374 sed
1930 3303 2216 3374 Dominum

664 3414 997 3481 adorabunt;
1022 3414 1136 3478 tali,
1164 3412 1359 3483 inquit,
1389 3418 1631 3482 tempore
1656 3410 1825 3479 robur
1854 3424 2036 3464 meum
2057 3423 2217 3463 ener-

668 3508 806 3563 vavit
840 3506 1131 3583 Dominus,
1162 3513 1221 3561 ut
1242 3506 1358 3561 dies
1398 3521 1548 3562 meos
1590 3505 2013 3576 praescinderet,
2044 3516 2113 3557 ne
2148 3501 2215 3554 ad

659 3600 792 3658 illud
822 3607 1036 3671 tempus
1064 3599 1395 3654 devenirem.
1426 3596 1784 3668 Propheticus
1806 3598 1988 3666 itaque
2017 3594 2219 3650 chorus

658 3702 743 3752 est
771 3695 864 3765 qui
910 3691 1231 3763 respondet,
1276 3689 1389 3743 sive
1429 3688 1608 3758 potius
1656 3688 1751 3759 qui
1781 3688 2075 3758 interrogat
2103 3695 2157 3743 et
2191 3702 2221 3741 a

656 3789 772 3844 Deo
800 3785 1107 3843 sciscitatur
1136 3780 1312 3851 qualis
1344 3780 1526 3835 futura
1565 3778 1635 3834 sit
1670 3779 1780 3834 vita
1831 3787 2038 3835 nostra.
2091 3776 2220 3837 Edi~

656 3891 814 3935 scere
832 3875 1031 3946 quippe
1063 3870 1400 3942 peroptabat,
1427 3885 1558 3925 num
1588 3869 1655 3935 ad
1685 3869 1803 3925 dies
1836 3870 1957 3926 illos
1987 3886 2217 3941 perven-

654 3964 779 4025 tura
812 3968 919 4023 vita
953 3966 1073 4035 ejus
1099 3972 1279 4028 esset,
1327 3963 1483 4033 queis
1532 3962 1865 4037 incarnatus,
1892 3960 2215 4034 Unigenitus

652 4060 713 4113 in
739 4066 885 4113 terra
920 4054 1338 4126 causpiciendus
1385 4060 1519 4108 erat.
1568 4044 1719 4106 Viam
1779 4046 1961 4107 autem
1993 4054 2214 4109 virtutis

655 4152 775 4222 ejus
804 4155 958 4204 vocat
985 4149 1157 4216 ipsius
1186 4147 1242 4200 in
1264 4156 1466 4201 terram
1500 4143 1788 4201 adventum
1828 4164 1841 4200 :
1869 4146 2017 4200 venit
2069 4146 2214 4201 enim

655 4249 716 4295 ut
746 4237 939 4294 fortem
972 4237 1124 4291 illum
1161 4235 1438 4305 alligaret;
1488 4234 1774 4290 dimidium
1822 4250 1950 4292 vero
2001 4237 2211 4292 dierum

654 4330 900 4393 suorum,
932 4341 1026 4382 seu
1050 4326 1176 4380 vita:
1214 4338 1343 4391 suae,
1374 4321 1507 4377 illud
1536 4324 1667 4377 dicit
1718 4327 1976 4395 spatium,
2006 4344 2114 4396 quo
2162 4328 2215 4383 in

652 4423 1105 4495 contemplatione
1128 4422 1247 4491 ejus
1269 4419 1575 4491 praesentiae
1607 4418 1827 4475 futurus
1860 4429 1997 4476 erat.
2035 4422 2214 4492 Roga-

652 4515 747 4569 hat
775 4528 905 4584 ergo
934 4510 1145 4583 impleri
1172 4518 1345 4566 totum
1380 4509 1503 4564 vita:
1524 4524 1636 4564 suae
1664 4519 1875 4579 tempus
1902 4549 1918 4576 ,
1959 4517 2013 4565 et
2057 4513 2215 4580 quasi

2332 2044 2429 2097 καὶ
2448 2046 2558 2099 οὐκ
2586 2043 2951 2107 ὲξουδένωσε
2980 2043 3094 2112 thr
3121 2041 3333 2110 δέησιν
3350 2039 3568 2096 αὐτῶν.
3595 2042 3644 2094 Γ
3638 2040 3873 2108 ρααφήτω

2328 2134 2477 2202 αὕτη
2522 2136 2608 2199 εὶς
2639 2126 2849 2203 γενεὰν
2874 2132 3115 2203 ἑτέραν,
3158 2132 3255 2188 καὶ
3298 2132 3447 2198 λαός
3480 2136 3513 2186 ό
3553 2130 3873 2199 κτιζόμενος

2328 2225 2553 2281 αίνέσει
2605 2225 2712 2279 τὸν
2770 2227 2985 2294 Κύριον
3020 2243 3031 2255 ·
3101 2224 3188 2279 ὅτι
3229 2223 3528 2292 ἐξέκυψεν
3571 2220 3638 2287 ἐξ
3685 2222 3875 2289 ὕψους

2327 2320 2497 2389 ἁγίου
2523 2317 2729 2381 αὐτοῦ,
2764 2319 2968 2387 Κύριος
2989 2316 3059 2382 ἐξ
3073 2316 3328 2385 οὐρανοῦ
3349 2316 3451 2369 ἐπὶ
3477 2314 3591 2383 thr
3615 2311 3733 2383 γῆν
3753 2311 3875 2366 ἐπέ-

2329 2413 2533 2480 6λειψε,
2575 2412 2681 2466 τοῦ
2725 2410 2979 2465 ἀκοῦσαι
3030 2408 3136 2462 τοῦ
3172 2406 3510 2476 στεναγμοῦ
3550 2404 3665 2459 τῶν
3704 2420 3873 2457 πεπε-

2326 2500 2617 2571 δημένων,
2674 2500 2778 2554 τοῦ
2806 2498 2990 2553 λῦσαι
3032 2484 3173 2562 τοὺς
3203 2495 3369 2561 υἱοὺς
3397 2492 3520 2547 τῶν
3563 2496 3876 2547 τεθανατω-

2320 2592 2537 2664 μένων,
2570 2594 2676 2647 τοῦ
2704 2590 3045 2661 ἀναγγεῖλαι
3071 2589 3141 2643 ἐν
3165 2586 3316 2642 Σιὼν
3341 2587 3408 2641 τὸ
3424 2588 3616 2657 ὄνομα
3635 2588 3874 2655 Κυρίου.

2326 2683 2425 2738 καὶ
2454 2682 2569 2753 thr
2596 2682 2830 2735 αίνεσιν
2861 2679 3050 2734 αὐτοῦ
3091 2680 3160 2732 ἐν
3200 2678 3610 2748 Ἰερουσαλήμ.
3675 2678 3783 2733 ἐν
3807 2678 3878 2742 τῷ

2324 2772 2699 2844 συναχθῆναι
2730 2772 2917 2839 λαοὺς
2936 2772 3034 2825 ἐπὶ
3056 2771 3123 2824 τὸ
3154 2771 3320 2835 αὐτὸ,
3346 2770 3443 2827 καί
3470 2769 3755 2835 βασιλεῖς
3780 2767 3878 2823 τοῦ

2324 2863 2633 2917 δουλεύειν
2646 2860 2724 2927 τῷ
2738 2861 2948 2930 Κυρίῳ.
2972 2860 3281 2928 Ἀπεκρίθη
3292 2856 3449 2944 αὺξῷ
3458 2858 3528 2911 ὲν
3538 2855 3650 2921 ὀδῷ
3668 2856 3877 2940 talus;

2323 2952 2527 3009 αὐτοῦ’
2549 2952 2667 3023 Τὴν
2690 2952 3001 3021 ὀλιγότητα
3020 2947 3137 3003 τῶν
3149 2947 3381 3018 ἡμερῶν
3391 2964 3509 3016 μου
3526 2945 3879 3016 dmin-each
3974 3012 3976 3015 ι

2318 3064 2438 3116 μοι.
2470 3047 2567 3114 Μὴ
2587 3038 3277 3113 ἀναγάγῃςμεὲνήμισει
3297 3038 3682 3108 ἢμερῶνμου·
3720 3038 3875 3107 ὛΨὛ

2323 3138 2537 3209 λὸτερον
2565 3137 2620 3190 δὲ
2647 3136 2793 3190 δοκεῖ
2826 3151 2913 3205 μοι
2945 3132 3033 3187 διὰ
3060 3132 3261 3185 τούτων
3294 3131 3321 3182 ὁ
3350 3130 3689 3203 προφητικὸς
3728 3130 3875 3201 χορὸς

2249 3262 2290 3320 C
2326 3230 2607 3301 σημαίνειν
2645 3227 2740 3299 τὴν
2791 3225 2879 3280 διὰ
2916 3224 3009 3278 τοῦ
3055 3223 3302 3295 Σιιγινῆρος
3339 3220 3498 3320 ήμῷν
3542 3220 3737 3320 κλῆἱσιιν
3781 3220 3877 3273 τῶν

2323 3319 2524 3374 ὲθνῶνο
2560 3316 2952 3373 ἀποκλαίεσθαι
2981 3315 3072 3381 δὲ,
3126 3314 3207 3367 ὃτι
3263 3314 3336 3384 μὴ
3369 3313 3465 3367 καὶ
3506 3312 3655 3367 αὐτοὶ
3691 3310 3879 3386 ἔτυχον

2322 3406 2541 3476 ταύτης.
2584 3404 2671 3458 Ἕν
2708 3403 2815 3475 γὰρ
2841 3406 2908 3475 τῇ
2939 3403 3045 3457 τῶν
3073 3402 3369 3473 μελλόντων
3414 3398 3631 3471 ἀγαθῶν
3675 3418 3877 3473 παρου-

2323 3498 2432 3569 σίᾳ,
2456 3497 2543 3549 ὅτε
2566 3495 2633 3549 τὰ
2658 3495 2783 3566 ἔθνη
2805 3496 2899 3548 καὶ
2922 3496 2971 3547 οἱ
2991 3486 3193 3548 τούτων
3218 3493 3453 3564 βασιλεῖς
3472 3492 3878 3565 λατρεύσουσιν.

2320 3590 2499 3642 οὐκέτι
2527 3589 2639 3653 τοῖς
2686 3587 2958 3659 πατρῴοις
2995 3586 3229 3658 δαίμοσι,
3277 3584 3413 3641 ἀλλὰ
3459 3585 3537 3656 τῷ
3563 3584 3794 3657 Κυρίῳ·
3830 3587 3882 3638 ὲν

2320 3681 2466 3751 αύτῷ
2496 3679 2560 3751 δὴ
2584 3680 2661 3749 τῷ
2689 3678 2917 3752 τοιούτῳ
2937 3678 3129 3751 καιρῷ,
3170 3678 3269 3749 τὴν
3300 3678 3461 3749 ἐμὴν,
3498 3678 3683 3749 φησὶν,
3731 3678 3882 3747 ἰσχύν

2319 3768 2595 3832 ἐκάκωσεν
2620 3773 2649 3823 ὁ
2676 3771 2897 3843 Κύριος,
2935 3770 3229 3825 κολοὸῶσαι
3277 3769 3375 3834 τὰς
3403 3771 3639 3841 ἡμέρας,
3700 3769 3783 3833 ὡς
3813 3768 3879 3838 μὴ

2319 3864 2521 3933 φθάσαι
2553 3861 2699 3934 κάμὲ
2732 3864 2811 3925 είς
2854 3864 3059 3916 ἐκεῖνον
3106 3861 3199 3915 τὸν
3232 3860 3442 3932 καιρόν.
3514 3860 3572 3913 '0
3602 3876 3879 3931 προφητι-

2320 3952 2413 4018 κὺς
2447 3947 2545 4024 μὲν
2574 3946 2665 4005 οὖν
2698 3953 2814 4005 ἐστι
2856 3949 3012 4021 χορὸς
3046 3949 3075 4000 ὁ
3106 3948 3553 4017 ἀποκρινόμενος,
3588 3949 3713 4016 ἦτοι
3749 3949 3879 4018 ἔρω-
3972 3998 3973 4009 η

2317 4044 2424 4099 τῶν
2456 4042 2549 4099 καὶ
2578 4040 2750 4113 λέγων
2783 4042 2919 4114 πρὸς
2958 4040 3050 4095 τὸν
3080 4038 3213 4113 Θεὸν
3254 4040 3433 4102 ὁποῖος
3468 4038 3620 4091 ἔσται
3662 4040 3698 4091 ὁ
3744 4040 3877 4109 ήμέ-

2315 4154 2470 4210 τερος
2499 4136 2630 4207 βίος.
2665 4134 2872 4205 Ηῦχετο
2893 4132 3001 4205 γὰρ
3024 4129 3216 4203 μαθεῖν
3248 4130 3296 4182 εί
3335 4128 3589 4198 φθάσειεν
3617 4130 3706 4193 είς
3741 4130 3879 4183 ὲκεί-

2316 4247 2413 4294 νας
2430 4230 2529 4293 ea;
2552 4228 2762 4300 ἡμέρας
2791 4227 2824 4298 ἡ
2859 4225 2971 4295 ζωὴ
2994 4220 3180 4288 αὑτοῦ,
3230 4220 3347 4275 καθ’
3374 4220 3440 4285 ἃς
3472 4220 3701 4292 ἔμελλεν
3732 4223 3876 4275 ὲναν-

2316 4322 2609 4394 θρωπήσας
2642 4320 2734 4373 ἐπὶ
2758 4319 2860 4389 γῆς
2891 4316 3174 4387 φαίνεσθαι
3196 4317 3225 4369 ὁ
3257 4316 3583 4386 Μονογενής.
3628 4316 3796 4370 Ὀδὸν
3826 4318 3875 4369 δὲ

2320 4412 2498 4482 ἰσχύος
2517 4410 2676 4464 αὐτοῦ
2706 4409 2801 4480 τὴν
2827 4410 2918 4463 ἐπὶ
2938 4409 3039 4480 γῆς
3057 4407 3353 4480 παρουσίαν
3385 4406 3541 4459 καλεῖ
3564 4424 3577 4437 ·
3605 4402 3753 4477 ἦλθε
3776 4410 3877 4478 γὰρ

2315 4502 2401 4554 ἵνα
2429 4501 2564 4571 δήσῃ
2586 4499 2676 4553 τὸν
2702 4499 2937 4569 ἰσχυρόν.
2968 4499 3173 4569 Ἦμισυ
3194 4496 3251 4550 δὲ
3269 4496 3375 4549 τῶν
3397 4493 3589 4549 ἑαυτοῦ
3619 4497 3874 4567 ἡμερῶν,

654 4605 880 4677 produci
910 4605 1077 4660 vitam
1098 4618 1272 4669 suam,
1304 4611 1365 4657 ut
1392 4602 1563 4671 ipsius
1604 4616 1787 4657 rerum
1834 4608 2061 4656 eventus
2084 4616 2214 4657 con-

2323 4594 2432 4664 ἢτοι
2460 4593 2558 4663 τῆς
2613 4591 2775 4661 ζωῆς,
2833 4590 2895 4643 τὸ
2940 4589 3074 4653 τέως
3129 4591 3187 4641 ὲν
3239 4587 3440 4658 θεωρίᾳ
3486 4585 3755 4653 γενέσθαι
3786 4588 3877 4657 τῆς

657 4705 845 4768 spectu
864 4695 1210 4766 dignaretur;
1247 4694 1322 4749 ita
1363 4696 1506 4749 enim
1552 4692 1793 4747 futurum
1832 4700 1949 4749 erat
1991 4700 2051 4747 ut
2099 4698 2211 4747 tota

654 4788 766 4843 vita
792 4787 911 4857 ejus
950 4788 1281 4858 impleretur.
1305 4785 1520 4840 Interea
1544 4784 1710 4848 enim,
1749 4786 1843 4850 ait,
1870 4785 1923 4838 in
1957 4784 2213 4855 praesenti

616 4920 619 4923 η
656 4879 787 4936 dum
814 4880 927 4935 haec
955 4880 1287 4949 praenuntio,
1322 4892 1384 4931 ac
1411 4876 1595 4931 futura
1618 4878 1888 4948 prospicio
1909 4916 1926 4941 ,
1980 4877 2035 4930 in
2060 4884 2213 4945 parte

656 4971 764 5028 diei
798 4970 893 5026 Dei
921 4970 1249 5027 constitutus
1297 4970 1519 5025 videor;
1572 4971 1810 5039 reliquus
1848 4978 2028 5025 autem
2078 4968 2212 5023 mihi

656 5072 740 5121 est
768 5065 884 5135 ipse
921 5062 1105 5119 rerum
1151 5062 1633 5131 praenuntiatarum
1670 5048 2019 5130 conspectus,
2048 5074 2212 5131 quem

653 5173 707 5214 sx
753 5162 1090 5225 consequar,
1122 5159 1295 5225 totum
1321 5152 1444 5207 vitae
1474 5166 1605 5206 mea!
1653 5165 1876 5207 cursum
1907 5151 2206 5222 accipiam;

657 5250 744 5305 sin
780 5261 1003 5318 secpum
1030 5222 1294 5303 orationis
1324 5258 1459 5299 mea:
1506 5259 1615 5301 non
1658 5243 1919 5314 attingam
1942 5283 1958 5309 ,
2016 5242 2213 5299 similis

656 5357 753 5397 ero
787 5340 855 5395 iis
880 5338 975 5411 qui
1011 5340 1067 5393 in
1111 5334 1338 5394 dimidio
1376 5334 1586 5391 dierum
1616 5335 1906 5390 immature
1934 5340 1991 5392 et
2018 5334 2215 5390 intem—

658 5431 867 5503 pestive
886 5428 1059 5483 vitam
1077 5428 1463 5500 deposuerunt.
1493 5421 1829 5496 Videturque
1856 5424 1988 5478 mihi
2024 5422 2215 5478 Serva-

659 5532 832 5580 torem
885 5528 1130 5578 nostrum
1166 5521 1235 5577 ob
1273 5520 1365 5576 illa
1398 5518 1781 5591 prophetarum
1815 5528 1937 5573 νοω
1970 5516 2207 5572 dixisse:

660 5613 821 5672 Multi
849 5612 1109 5685 propheta
1136 5621 1183 5667 et
1204 5614 1339 5683 justi
1376 5611 1648 5667 uoluerunt
1673 5610 1844 5666 videre
1877 5627 1995 5681 qua
2019 5626 2106 5665 ros
2137 5607 2212 5661 vi-

658 5706 814 5771 detis,
839 5714 888 5759 et
908 5720 1011 5760 non
1046 5703 1314 5768 viderunt;
1342 5714 1391 5760 et
1422 5704 1605 5758 audire
1632 5718 1747 5773 qua
1772 5702 1993 5767 auditis,
2025 5710 2076 5755 et
2107 5714 2211 5754 non

658 5798 939 5855 audierunt
966 5797 1031 5851 ".
1099 5794 1406 5852 Secundum
1462 5796 1742 5852 historiam
1791 5809 1919 5851 vero
1976 5791 2205 5849 (ﬁxerit:

726 5888 775 5992 ἐτ
818 5910 1003 5969 Matth.
1038 5925 1156 5975 xm,
1194 5909 1272 5963 i7.

2278 4686 2281 4689 ’
2319 4683 2654 4754 ἐπιφανείας.
2686 4680 2893 4752 Ηῠχετο
2918 4676 3010 4734 οὖν
3034 4677 3381 4750 πληρωθῆναι
3417 4676 3511 4730 τὸν
3544 4676 3669 4729 ὅλον
3713 4680 3876 4733 αὑτοῦ

2315 4778 2523 4849 χρόνον,
2560 4774 2652 4830 καὶ
2688 4768 2799 4827 οἷόν
2831 4789 2890 4824 τε
2923 4767 3326 4841 παρεκταθῆναι
3365 4767 3464 4838 τὴν
3502 4766 3649 4838 ζωὴν
3688 4770 3877 4831 αὐτώ,

2314 4871 2460 4931 ὅπως
2505 4867 2569 4921 ἂν
2616 4866 2710 4921 καὶ
2746 4864 2914 4935 αὐτῆς
2942 4862 3039 4933 τῆς
3067 4859 3176 4914 τῶν
3213 4860 3555 4932 πραγμάτιον
3588 4860 3879 4924 ἐκϐάσεως

2315 4959 2749 5031 καταξιωθῆναιο
2819 4956 2960 5011 οὕτω
3000 4953 3107 5028 γὰρ
3150 4951 3372 5025 ἔμελλεν
3425 4952 3459 5023 ὴ
3518 4952 3676 5005 πᾶσα.
3716 4956 3880 5009 αὑτοῦ

2316 5050 2429 5123 ζωὴ
2463 5049 2815 5123 πληροῦσθαι.
2840 5048 2987 5111 Τέως
3014 5045 3110 5118 μὲν
3136 5043 3264 5115 γὰρ,
3295 5041 3590 5112 φησὶν,ὲπὶ
3604 5042 3725 5095 τοῦ.
3744 5063 3881 5117 παρ-
3970 5104 3971 5119 χ

2316 5146 2483 5210 όντος,
2514 5144 2601 5197 ὅτε
2633 5142 2804 5195 ταῦτα
2830 5137 3180 5214 προφητεύει),
3219 5135 3311 5188 καὶ
3366 5133 3623 5205 μέλλοντα
3654 5137 3881 5190 ἔσεσθαι

2316 5202 2550 5309 προοῠρῶ,
2583 5234 2735 5289 ἔοικα
2764 5234 2821 5287 ὲν
3051 5228 3260 5300 ήμὸρας
3307 5202 3445 5281 εῖναι
3475 5224 3649 5279 Θεοῦο
3702 5227 3881 5281 λείπει
3970 5202 3971 5231 1

2314 5329 2481 5400 δέμοι
2528 5331 2563 5399 ἡ
2607 5326 2842 5396 αὐτοψία
2872 5324 2969 5395 τῆς
3008 5320 3116 5375 τῶν
3158 5320 3659 5394 προφητευομένων
3715 5321 3881 5375 ἐκεά-

2315 5415 2541 5492 σεως,ἦς
2554 5419 2605 5472 εί
2618 5416 2857 5488 τύχοιμι,
2872 5413 3081 5469 τελείαν
3091 5410 3326 5483 λήψομαι
3340 5412 3439 5483 τὴν
3450 5409 3697 5481 ἐμαυτοῦ
3711 5409 3877 5479 ζωήν

2314 5514 2361 5567 εί
2380 5510 2437 5564 δὲ
2466 5510 2749 5581 ἁστοχήσω
2768 5507 2863 5577 τῆς
2906 5503 3087 5573 εὐχῆς,
3114 5502 3265 5556 ἔοικα
3287 5504 3400 5565 τοῖς
3423 5503 3481 5556 ὲν
3504 5500 3707 5571 ἡμίσει
3742 5504 3881 5570 ἠμε-

2315 5603 2423 5677 ρῶν
2460 5602 2559 5673 τὴν
2589 5598 2735 5670 ζωὴν
2764 5595 2927 5665 ἁτελῆ
2951 5592 3045 5647 καὶ
3071 5592 3252 5677 ἄωρον
3282 5590 3733 5662 ἁποτιθεμένοις.
3770 5591 3876 5643 Καί

2315 5674 2406 5765 μοι
2444 5691 2593 5747 δοκεῖ
2620 5686 2710 5742 διὰ
2740 5685 2837 5749 τὰς
2887 5674 3134 5746 τοιαύτας
3186 5680 3294 5735 τῶν
3343 5678 3645 5752 προφητῶν
3710 5678 3879 5749 εὐχὰς

2310 5784 2340 5834 ὁ
2369 5780 2555 5853 Σωτὴρ
2596 5775 2752 5851 ἡμῶν
2793 5773 3066 5847 εἰρηκέναι
3099 5789 3113 5804 ·
3148 5768 3382 5845 ,Πολλοί
3421 5765 3733 5838 προφῆται
3778 5769 3877 5823 καί
