3976 6356
8 42 222 360 μ.

63 470 196 526 ΙὲΕἰΙ

1159 462 1654 521 ΕΟΜΜΕΝΤΑΒΙΔ
1693 462 1759 516 ΙΝ
1798 459 2131 517 PSALMOS.

3107 455 3243 514 ηδε

57 567 280 637 δίκαιοι
319 581 698 649 ἐπεθύμησαν
732 578 876 632 ιδεῖν
907 577 944 631 d
981 577 1147 646 ὑμεῖς
1185 578 1465 642 βλέπετε,
1512 576 1609 630 καί

1728 573 1845 626 )um
1870 585 1954 627 me
1978 569 2246 626 inﬁrmum
2265 575 2319 622 et
2343 574 2619 640 gravatum
2644 580 2825 630 cerno,
2851 566 3098 637 suspicor
3114 564 3244 621 mihi

55 678 169 728 οὐκ
192 669 374 736 εἶδον,
411 672 506 725 καὶ
532 670 783 725 ἀκοῦσαι
813 669 850 724 d
871 670 1136 732 ἀκούετε,
1166 669 1263 722 καί
1289 671 1398 723 οὐκ
1427 667 1607 736 ἤκου-

55 774 198 812 σαν.
238 756 392 810 Κατὰ
418 757 476 824 δὲ.
501 757 595 827 τὴν
631 755 866 828 ἱστορίαν
887 796 902 820 ,
928 756 1168 819 Βλέπων,
1201 757 1385 826 φησὶν,
1438 757 1606 826 ὲμαυ-

55 845 144 896 τὸν
181 843 468 896 ἀτονοῦντα
502 844 595 896 καὶ
628 843 1006 915 βαρυνόμενον,
1039 845 1214 913 ὀλίγον
1243 845 1603 916 ὑπολαμϐάνω

54 936 248 1006 καιρὸν
279 936 650 1007 ὑπολελεῖφθαί
682 955 771 1007 μοι
808 936 967 1006 ζωῆς.
996 937 1084 1007 Μὴ
1110 933 1202 990 οὖν
1242 936 1607 1008 ὲκδημήσαιμι

50 1026 146 1077 τοῦ
199 1027 446 1096 σώματος
492 1029 548 1081 ὲν
593 1027 669 1098 τῷ
715 1029 900 1098 ῆμίσει
941 1030 1032 1082 καὶ
1087 1029 1264 1082 ἀτελεῖ
1310 1030 1418 1082 τῶν
1470 1031 1605 1100 ἡμε-

56 1116 186 1188 ρῶν.
237 1121 331 1171 Ἐν
383 1117 556 1189 γενεᾷ
607 1119 825 1189 γενεῶν
850 1119 920 1174 τὰ
945 1120 1048 1189 ἐτη
1101 1135 1232 1174 σου.
1259 1120 1605 1190 .⁹Δναγκαίως

52 1209 371 1280 προειπών·
419 1209 512 1279 Μὴ
551 1210 853 1280 ἀναγάγῃς
888 1229 964 1280 με
1011 1211 1081 1265 ἐν
1129 1214 1331 1282 ἡμίσει
1376 1212 1606 1281 ἡμερῶν

48 1318 192 1365 μου,
217 1301 510 1372 εὐξάμενός
554 1318 611 1355 τε
651 1304 967 1374 παραθεῖναι
1012 1304 1108 1374 τὴν
1152 1305 1292 1375 ζωὴν
1323 1304 1478 1375 μέχρι
1505 1303 1606 1372 τῆς

55 1389 338 1454 ἐκϐάσεως
365 1392 470 1445 τῶν
493 1395 1000 1464 προφητευομένων,
1037 1396 1235 1465 συνορᾷ
1260 1393 1320 1446 τὸ
1352 1393 1605 1447 ἀδύνατον

54 1478 142 1531 διὰ
174 1480 234 1532 τὸ
266 1480 484 1544 ἀσθενὲς
511 1484 602 1535 καὶ
627 1483 983 1554 ὀλιγοχρόνιον
1011 1485 1107 1553 τῆς
1134 1484 1331 1554 θνητῆς
1359 1482 1568 1552 φύσεως
1588 1502 1602 1515 ·

56 1565 178 1621 εἶτα
210 1564 314 1639 ἔφη
338 1585 354 1599 ·
391 1569 490 1622 Σοῦ
518 1571 697 1641 μόνου,
729 1571 918 1642 Κύριε,
953 1572 1021 1624 τὰ
1054 1571 1145 1642 ἐτη
1185 1574 1262 1635 είς
1295 1573 1482 1641 γενεὰν
1514 1575 1605 1626 καὶ
1648 1565 1654 1570 ’

56 1658 253 1724 γενεὰν
289 1659 533 1712 διατείνει
559 1677 573 1691 ο
611 1661 702 1713 καὶ
748 1662 810 1713 σὺ
842 1662 990 1731 ἥξεις
1035 1663 1114 1726 είς
1156 1662 1368 1735 ἐκείνην
1400 1664 1495 1736 τὴν
1520 1680 1610 1734 γε-

1704 663 1966 734 perbreve
1985 669 2198 732 tempus
2226 660 2347 715 vitae
2381 658 2657 716 residuum
2688 672 2825 712 esse.
2863 656 2941 712 Ne
2969 658 3150 727 itaque
3191 658 3247 712 in

1706 751 1934 806 dimidio
1972 751 2180 808 dierum
2235 757 2290 805 et
2340 750 2623 804 immature
2668 761 2698 800 α
2741 761 2964 816 corpore
3031 746 3250 818 proﬁci‘

1708 858 1848 897 scar.
1883 839 1949 896 In
1971 843 2296 912 generatione
2317 841 2708 911 generationum
2727 839 2853 892 anni
2877 839 2972 893 tui.
2998 838 3134 894 Cum
3165 839 3249 894 di-

1710 936 1898 999 xisset,
1928 932 2009 988 Ne
2041 950 2240 988 reuoces
2271 949 2349 987 me
2381 933 2435 985 in
2452 931 2671 985 dimidio
2694 930 2893 984 dierum
2917 947 3252 996 meorum,ac

1708 1037 1949 1099 rogasset
1980 1029 2145 1084 vitam
2176 1021 2328 1083 suam
2362 1042 2533 1096 usque
2579 1025 2648 1081 ad
2698 1041 2878 1081 rerum
2926 1026 3253 1096 praenuntia-

1709 1128 1886 1173 tarum
1911 1128 2160 1176 eventum
2192 1119 2502 1189 prorogari;
2531 1117 2676 1173 videt
2704 1117 2808 1171 hoc
2839 1117 2908 1171 ob
2934 1117 3253 1171 imbecillam

1711 1221 1763 1268 et
1791 1212 1988 1268 ﬂuxam
2035 1212 2277 1266 mortalis
2323 1218 2531 1265 natura
2578 1209 2941 1264 conditionem
2984 1208 3098 1263 fieri
3149 1223 3257 1264 non

1715 1320 1900 1374 posse;
1927 1305 2118 1360 deinde
2153 1301 2257 1358 ait':
2292 1302 2396 1357 Tui
2441 1302 2608 1370 solius
2638 1303 2787 1364 anni,
2821 1300 3063 1366 Domine,
3095 1302 3150 1355 in
3176 1315 3260 1371 ge-

1711 1378 2058 1448 nerationem‘
2087 1400 2139 1446 et
2187 1377 2581 1462 generationem
2624 1391 3043 1459 producuntur:
3097 1399 3262 1462 tuque

1712 1472 1994 1554 pervenies
2041 1484 2108 1538 ad
2159 1485 2303 1538 illam
2335 1486 2732 1554 generationem
2768 1494 2820 1538 et
2853 1484 3107 1554 populum
3141 1524 3156 1549 ,
3197 1484 3264 1538 de

1711 1576 1907 1659 quibus
1932 1577 2179 1645 superius
2205 1576 2516 1632 dicebatur:
2547 1575 2822 1631 Scribatur
2858 1575 2966 1630 hac
3017 1577 3072 1628 in
3109 1591 3266 1644 gene-

1717 1669 1971 1722 rationem
1996 1666 2237 1729 alteram,
2273 1675 2325 1720 et
2354 1676 2565 1720 caetera.

58 1753 210 1816 νεὰν,
253 1756 496 1808 κάκεῖνον
531 1756 619 1808 τὸν
644 1757 790 1820 λαὸν,
817 1757 941 1828 περὶ
967 1751 1040 1811 ὧν
1074 1759 1326 1833 ἀνωτέρω
1357 1761 1569 1830 ἐλέγετο
1589 1780 1601 1792 '
1635 1761 1921 1830 Γραφήτῳ
1945 1761 2092 1828 αὕτη
2129 1762 2213 1825 εὶς
2238 1761 2351 1827 τὴν
2394 1760 2598 1829 γενεὰν
2643 1757 2868 1826 ἑτέραν,
2904 1759 2996 1834 καί
3016 1757 3084 1810 τὰ
3114 1757 3260 1828 ἑξῆς.

137 1845 280 1896 Κατ’
341 1845 528 1914 ἀρχὰς
563 1845 676 1912 τὴν
730 1844 846 1914 γῆν
878 1846 993 1912 σὺ,
1060 1849 1252 1916 Κύριε,
1302 1850 1608 1919 cautella»-
1640 1838 1682 1892 Β

60 1950 198 1999 σας,
235 1935 332 1988 καί
357 1935 496 2004 ἔργα
533 1933 647 1988 τῶν
675 1935 885 2006 χειρῶν
920 1937 1033 1990 σού
1069 1940 1225 1991 εἰσιν
1260 1942 1313 1993 ot
1348 1942 1606 2007 οὐρανοί.

61 2025 245 2077 Αὐτοὶ
279 2025 662 2090 ἀπολοῦνται,
713 2027 792 2081 σὺ
823 2027 890 2080 δὲ
934 2028 1244 2098 διαμένεις.
1281 2031 1343 2084 El
1378 2032 1475 2102 μὲν
1507 2031 1613 2104 γὰρ

63 2117 123 2167 οὐ
162 2106 422 2186 συνῆσθα,
457 2119 606 2186 φησι,
646 2119 762 2171 κατ’
797 2117 983 2189 ἀρχὰς,
1018 2114 1063 2173 ὦ
1086 2121 1299 2193 Κύριε,
1348 2125 1438 2178 καὶ
1462 2125 1510 2178 εί
1542 2123 1615 2195 μὴ

66 2208 202 2276 ἔργα
231 2207 338 2260 τῶν
371 2208 566 2280 χειρῶν
609 2225 700 2261 σου
735 2209 974 2281 ὑπῆρχον
1003 2213 1051 2264 oi
1098 2212 1333 2283 οὐρανοὶ,
1372 2216 1468 2286 οὐχ
1495 2210 1616 2283 ,οἶόν

69 2316 128 2350 τε
157 2295 228 2370 ἦν
255 2299 390 2352 αὐτὰ
418 2297 787 2370 μετατεθῆναι,
826 2301 944 2354 οὐδὲ
974 2303 1051 2366 είς
1088 2304 1384 2376 μεταϐολὴν
1413 2305 1611 2359 ἐλθεῖν·

67 2394 114 2443 εί
145 2391 260 2462 γὰρ
291 2393 526 2464 ἀγένητα
550 2389 637 2464 ἦν,
663 2394 879 2465 ἔμειναν
911 2394 975 2448 ἂν
1012 2395 1103 2448 καὶ
1136 2396 1459 2467 ἀτελεύτητα
1479 2413 1493 2426 ·
1523 2397 1616 2450 νῦν

66 2482 141 2544 δὲ,
172 2483 298 2535 ἐπεὶ
317 2484 539 2554 ποιητὴς
557 2485 734 2538 αὐτῶν
768 2487 1013 2555 γέγονας,
1043 2486 1260 2549 δυνατὸς
1287 2483 1339 2538 εί
1363 2486 1453 2538 καὶ
1482 2502 1616 2555 παρ-

70 2576 300 2641 αγαγεῖν
347 2577 482 2629 αὐτὰ
537 2577 762 2648 θελήσας
799 2595 811 2607 ·
873 2579 1083 2645 φύσεως
1131 2578 1236 2647 γὰρ
1318 2577 1618 2648 ὑπάρχουσι

69 2666 316 2736 φθαρτῆς
369 2669 460 2720 καὶ
504 2668 913 2741 ἀπολλυμένηςο
970 2671 1074 2733 ὅτι,
1110 2671 1200 2723 καὶ
1257 2670 1331 2741 μὴ
1361 2672 1619 2742 πρότερον

73 2758 224 2820 ⁵ὂντα,
269 2759 333 2827 σῇ
367 2757 523 2828 βουλῇ
556 2758 654 2811 καὶ·
680 2759 900 2830 δυνάμει
935 2759 1173 2828 γέγονεν.
1231 2761 1325 2813 Ἓν
1366 2761 1474 2832 γάρ
1507 2763 1621 2814 ἐστι
1653 2812 1657 2815 ,

1788 1850 1951 1907 Vens.
1998 1851 2181 1907 26-29.
2237 1849 2397 1904 Initio
2455 1863 2532 1915 tu,
2597 1850 2839 1913 Domine,
2893 1859 3087 1902 terram
3151 1850 3267 1918 fun-

1712 1945 1871 2009 dasti,
1935 1955 1982 1998 et
2037 1960 2193 2013 opera
2246 1959 2493 1996 manuum
2547 1952 2753 1995 tuarum
2805 1950 2925 1994 sunt
2973 1942 3104 1994 caeli.
3157 1939 3269 2008 Ipsi

1711 2037 1969 2105 peribunt,
2001 2045 2055 2088 tu
2108 2047 2281 2090 autem
2335 2051 2623 2106 permanet.
2682 2033 2798 2088 Nisi
2831 2033 2975 2088 enim
3023 2048 3054 2086 a
3114 2033 3267 2103 prin-

1714 2126 1889 2195 cipio,
1945 2123 2198 2190 Domine,
2245 2124 2441 2182 fuisses
2469 2165 2484 2190 ,
2544 2132 2598 2180 et
2639 2125 2747 2179 nisi
2789 2123 2910 2179 coeli
2943 2136 3108 2192 Opera
3157 2138 3270 2176 ma-

1714 2233 1880 2272 nuum
1907 2226 2120 2270 tuarum
2173 2224 2389 2280 essent,
2423 2231 2531 2269 non
2589 2221 2807 2284 possent
2845 2212 2934 2265 illa
2961 2227 3122 2282 opera
3151 2226 3270 2265 mu—

1714 2309 1857 2374 tari,
1903 2323 2003 2363 nec
2058 2306 2112 2361 in
2156 2307 2314 2362 aliam
2357 2306 2721 2361 conditionem
2769 2305 2951 2360 venire
3001 2325 3014 2358 :
3070 2319 3194 2384 nam
3223 2304 3270 2360 si

1715 2413 1822 2452 non
1860 2396 2000 2451 facta
2052 2405 2255 2462 essent,
2291 2398 2408 2453 sine
2463 2397 2567 2453 fine
2612 2404 2912 2452 manerent.
2971 2395 3088 2450 Jam
3147 2410 3275 2450 vero

1716 2487 1840 2559 quia
1896 2504 2084 2544 eorum
2133 2488 2312 2558 opifex
2367 2488 2549 2553 fuisti,
2615 2498 2766 2557 potes
2816 2487 2904 2542 illa
2962 2495 3172 2542 mutare
3229 2488 3277 2540 si

1716 2582 1890 2636 velis:
1933 2596 2058 2634 nam
2106 2579 2264 2633 ﬂuxa:
2317 2587 2368 2633 et
2415 2579 2789 2646 corruptibilis
2838 2590 3044 2632 natura:
3102 2587 3274 2634 sunt:

1718 2673 1842 2742 quia
1903 2686 2024 2724 cum
2085 2685 2195 2723 non
2251 2670 2402 2736 prius
2442 2669 2797 2734 exsisterent,
2851 2669 3124 2722 voluntate
3213 2682 3278 2720 ac

1717 2763 1916 2815 virtute
1969 2769 2059 2813 tua
2107 2758 2322 2812 condita
2378 2763 2523 2812 sunt.
2571 2754 2750 2810 Unum
2807 2756 3003 2825 quippe
3031 2764 3116 2811 est
3135 2754 3278 2824 quod

76 2846 242 2914 μένον
281 2848 386 2905 ἀεὶ.
428 2850 521 2901 καὶ
551 2847 744 2902 οῠποτε
777 2851 1080 2919 δυνάμενον
1119 2853 1191 2921 μὴ
1235 2846 1393 2934 εἴναι,
1424 2852 1621 2922 δηλαδὴ

1728 2858 1920 2916 manet,
1954 2857 2008 2906 et
2037 2865 2312 2920 nunquam
2343 2865 2447 2903 non
2493 2863 2616 2904 esse
2655 2848 2848 2919 potuit,
2882 2863 3073 2917 nempe
3104 2855 3161 2900 tu
3191 2862 3278 2901 so-

74 2939 138 2988 σὺ
165 2938 328 3001 αὐτὸς
356 2940 383 2992 ὀ
415 2939 570 3009 μόνος
604 2941 708 2993 τῶν
732 2941 864 2994 ὅλων
890 2943 1134 3013 ποιητής.
1174 2942 1279 2996 Καί
1305 2942 1522 3008 πάντες
1547 2944 1625 3008 ὠς

1728 2945 2074 3008 lusomnium
2117 2942 2384 2996 conditor.
2430 2939 2490 2994 Et
2520 2957 2694 2996 omnes
2737 2937 2880 2994 'sicut
2921 2941 3278 2994 vestimentum

74 3029 306 3098 ἱμάτιον
351 3032 886 3100 παλαιωθήσονται,
937 3035 1032 3086 καὶ
1075 3033 1214 3086 ὡσεί
1256 3036 1626 3102 περιϐόλαιον

1728 3042 2052 3097 veterascent,
2081 3042 2129 3087 et
2157 3035 2292 3086 velut
2321 3033 2576 3086 amictum
2596 3031 2762 3086 volves
2776 3045 2890 3096 eos,
2914 3039 2961 3085 et
2991 3032 3274 3087 solventur.

71 3120 297 3185 ἑλίξεις
349 3122 585 3189 αὐτοὺς,
613 3123 707 3178 καί
741 3124 1175 3194 ἐλιχθήσονται.
1206 3107 1313 3178 καὶ
1336 3127 1382 3177 oi
1415 3124 1627 3194 οὐρανοὶ

1728 3129 1858 3183 ϐωιί
1879 3140 2094 3198 quoque
2124 3125 2337 3181 etiamsi
2377 3140 2644 3203 magnum.
2664 3125 3286 3197 praestantissimumun

73 3211 150 3271 δὲ,
184 3214 235 3264 εἰ
268 3212 359 3264 καὶ
390 3213 527 3282 μέγα
558 3215 649 3267 καὶ
676 3214 946 3285 ἐξαίρετόν
971 3232 1023 3266 τι
1054 3215 1374 3286 τυγχάνουσι
1399 3216 1623 3286 κτίσμα,

1729 3217 1836 3272 sint
1880 3214 2187 3286 opiﬁcium,
2248 3220 2484 3267 attamen
2527 3213 2629 3282 ipsi
2675 3225 2892 3283 quoque
2947 3213 3282 3282 corruptioni

76 3301 192 3353 ἀλλ’
233 3302 376 3371 ὅμως
409 3305 498 3357 καὶ
552 3304 702 3357 αὐτοὶ
757 3305 1215 3377 ὑποϐληθήσονται
1249 3306 1447 3378 φθορᾷο
1494 3309 1528 3379 ὴ
1571 3307 1628 3360 δὲ

1739 3309 2125 3380 subjicientur:
2163 3308 2276 3361 haec
2307 3315 2483 3360 autem
2514 3305 2791 3374 corruptio
2819 3305 2952 3375 ipsis
2974 3306 3028 3359 in
3058 3321 3286 3362 renova-

76 3390 256 3461 φθορὰ
279 3391 412 3463 αὕτη
440 3395 720 3465 γενήσεται
745 3395 926 3459 αὐτοῖς
961 3398 1038 3459 είς
1082 3397 1489 3469 ἀνακαινισμὸν,
1537 3397 1640 3468 καὶς

79 3483 356 3546 συπελεῖς
389 3487 580 3550 αὐτοὺς
613 3486 848 3556 εὐχερῶς
881 3486 1050 3550 οὕτως
1077 3485 1375 3551 ὡς’ἑλίσσει
1407 3506 1488 3552 τις
1534 3505 1628 3541 πε-

79 3574 350 3644 ριϐόλαιον
366 3592 382 3604 -
424 3577 786 3646 ἑλιχθήσονται
808 3578 914 3648 γὰρ
933 3580 1011 3639 είς
1040 3577 1242 3647 βέλτιον
1265 3579 1446 3648 σχῆμα
1479 3596 1634 3649 μετα-

79 3666 422 3736 ϐαλλόμενοι,
458 3669 549 3720 καὶ
580 3669 986 3740 ἀλλαγήσονται,
1037 3671 1128 3722 καὶ
1170 3669 1377 3741 τροπὴν
1427 3669 1632 3741 ἀγαθὴν

81 3756 414 3826 ὑπομενοῦσι
445 3758 542 3828 τὴν
571 3758 676 3811 ἀπὸ
715 3759 809 3830 τῆς
856 3760 1208 3830 παλαιότητος
1249 3762 1342 3814 ἐπὶ
1373 3763 1471 3834 τὴν
1503 3764 1633 3818 ἀνα-

81 3850 321 3901 καίνισιν
349 3851 441 3902 καὶ
462 3851 560 3921 τὴν
593 3851 916 3922 ἀφθαρσίαν.
958 3852 1041 3906 Σὺ
1072 3852 1139 3906 δὲ
1170 3857 1202 3907 ό
1222 3853 1402 3920 αὐτὸς
1438 3851 1508 3920 εἷ,
1537 3857 1636 3909 καί

77 3943 152 3995 τὰ
180 3942 288 4010 ἔτη
309 3957 422 3996 σου
453 3945 563 3996 οὐκ
593 3943 962 4012 ἐπιλείψουσι.
1014 3947 1076 3996 Ol
1119 3944 1232 3997 vlol
1265 3943 1380 3996 τῶν
1406 3943 1637 4000 δούλων

79 4034 202 4089 σοὺ
237 4036 789 4102 κατασκηνώσουσι,
833 4039 928 4088 καὶ
961 4035 1026 4087 τὸ
1063 4033 1297 4104 σπέρμα
1330 4035 1524 4088 αὐτῶν
1553 4039 1637 4101 εἰς

83 4127 188 4179 τὸν
203 4124 389 4178 αἰῶνα
418 4125 969 4197 κατευθιινθήονεται.
995 4127 1211 4188 Καινοῖς
1229 4125 1301 4195 (2)
1335 4127 1638 4197 γενομένοις

95 4218 177 4270 (αἰ
206 4216 300 4267 ἐπὶ
333 4215 392 4268 τὺ
415 4219 658 4284 κρεῖττον
694 4215 1128 4288 μεθαρμοσθεῖσι,
1159 4218 1256 4269 καὶ
1296 4218 1360 4269 τὸ
1408 4217 1639 4288 σπέρμα

1735 3404 1937 3459 tionem
1959 3408 2148 3464 vertet,
2186 3410 2345 3468 atque
2369 3399 2514 3468 ipsos
2545 3396 2616 3450 ita
2647 3395 2806 3450 facile
2831 3395 3123 3452 contrahes
3155 3436 3169 3460 ,
3222 3411 3285 3450 ac

1736 3499 1781 3554 si
1819 3497 1941 3567 quis
1969 3495 2222 3548 amictum
2251 3492 2533 3546 convolvat
2559 3511 2572 3544 :
2631 3505 2755 3544 nam
2785 3489 3060 3545 meliorem
3091 3491 3143 3543 in
3186 3489 3289 3546 for-

1737 3605 1878 3644 mam
1898 3589 2197 3649 volventur,
2227 3601 2288 3638 ac
2310 3584 2661 3639 mutabuntur
2686 3590 2847 3652 atque
2871 3581 3285 3636 conversionem

1738 3681 1993 3749 optimam
2029 3677 2320 3741 subibunt,
2368 3689 2396 3730 a
2432 3680 2700 3729 vetustate
2750 3688 2938 3741 nempe
2964 3671 3030 3726 ad
3060 3687 3289 3727 renova-

1739 3771 1942 3822 tionem
1969 3780 2021 3823 et
2051 3766 2507 3836 incorruptionem
2547 3763 2813 3818 translati.
2853 3761 2931 3815 Tu
2961 3770 3133 3836 autem
3153 3760 3290 3815 idem

1741 3864 1846 3930 ipse
1875 3877 1948 3924 es,
1981 3870 2027 3913 et
2062 3862 2186 3912 anni
2219 3861 2294 3912 tui
2359 3873 2460 3911 non
2512 3855 2767 3924 deﬁcient.
2838 3852 2966 3928 Filii
2995 3832 3290 3908 ‘servorum

1741 3963 1950 4005 tuorum
1989 3950 2322 4012 habitabant,
2351 3957 2400 4001 et
2433 3963 2604 4000 semen
2632 3963 2810 3999 eorum
2845 3947 2898 3999 in
2929 3944 3182 4000 amulum
3205 3946 3291 3998 di-

1741 4045 1951 4113 rigetur.
2004 4040 2243 4095 lnnovati
2301 4039 2504 4094 scilicet
2523 4046 2683 4092 erunt
2701 4053 2762 4093 ac
2797 4039 3070 4093 meliorem
3094 4037 3148 4092 in
3179 4037 3291 4101 for-,-

1742 4149 1881 4188 mam
1903 4133 2168 4195 translati,
2202 4141 2248 4186 et
2274 4147 2441 4185 semen
2471 4146 2647 4183 eorum
2682 4172 2697 4198 ,
2747 4130 2951 4186 scilicet
3015 4143 3292 4190 servorum

1743 4233 1977 4287 tuorum,
2015 4226 2067 4277 in
2097 4223 2343 4278 saxulum
2379 4221 2648 4294 dirigetur.

95 4311 336 4376 savzdm,
362 4311 558 4382 δηλαδὴ
594 4311 698 4364 τῶν
735 4311 930 4364 δούλων
952 4328 1062 4376 σου,
1085 4313 1164 4376 είς
1195 4313 1285 4366 τὸν
1310 4312 1478 4367 αίῶνα
1509 4316 2006 4391 κατευθυνθήσεται.

539 4484 546 4492 -
615 4453 699 4526 To
731 4455 943 4508 ΔΑΥιΔ.
977 4454 1094 4507 PB'.

153 4569 424 4638 Εὺλότει,
457 4570 494 4635 ἡ
514 4568 686 4638 ψυχή
721 4587 858 4639 μου,
892 4569 995 4622 τὸν
1023 4571 1255 4638 Κύριον.
1283 4571 1432 4643 Τάχα
1455 4572 1511 4626 δὲ
1545 4572 1640 4643 μὲ-

88 4679 190 4729 σην
217 4660 628 4728 ἆπολειφθείσαν
659 4661 754 4729 τὴν
784 4661 958 4732 ψυχὴν
1005 4661 1096 4715 τοῦ
1129 4661 1374 4736 σώματος
1415 4664 1506 4716 καὶ
1548 4663 1641 4716 τοῦ

87 4753 418 4822 πνεύματος,
449 4753 506 4805 τὸ
544 4755 640 4823 μὲν
670 4754 830 4825 σῶμα
865 4756 955 4807 ἐπὶ
984 4756 1080 4818 τὰς
1124 4755 1324 4820 οἰκείας
1358 4757 1643 4825 ἐπιθυμίας

87 4845 183 4896 καὶ
258 4844 677 4915 ἀνδραποδώδεις
745 4846 932 4914 ἡδονὰς
985 4847 1261 4908 καθέλκει,
1311 4846 1494 4918 ὥσπερ
1551 4850 1643 4916 ἀφ’

91 4935 262 5003 ὕψους
291 4935 492 4988 ἄνωθέν
521 4937 680 4989 ποθεν
699 4936 1025 4990 καταϐάλλον
1055 4938 1242 5006 αὑτήν
1267 4937 1325 4989 τὺ
1347 4937 1404 4990 δὲ
1432 4937 1644 5008 πνεῦμα

91 5027 257 5081 πάλιν
286 5028 418 5096 πρὸς
449 5029 608 5082 ἑαυτὸ
653 5029 860 5082 ἀνέλκει
898 5029 1007 5082 ἄνω
1042 5046 1140 5082 που
1188 5030 1322 5099 πρὸς
1361 5029 1490 5082 Θεὸν
1519 5031 1645 5083 ἀνά-

91 5134 209 5185 γον,
264 5115 366 5168 καὶ·
395 5116 487 5169 τοῦ
527 5119 728 5190 Κυρίου
761 5117 1111 5190 μνημονεύειν
1144 5117 1469 5188 παρακαλεῖ,
1504 5119 1647 5172 εὐλο-

93 5211 214 5280 γεῖν
245 5223 307 5259 τε
337 5205 515 5270 αὐτὸν,
541 5211 633 5262 καὶ
660 5211 765 5281 πρὸ
791 5209 1076 5279 ὀφθαλμῶν
1103 5209 1188 5260 διὰ
1240 5210 1436 5272 παντὸς
1464 5208 1607 5278 ἔχειν
1627 5229 1641 5240 ·

93 5303 126 5373 ἢ
161 5299 327 5362 αὐτὸς
358 5299 548 5352 ἑαυτὸν
579 5301 671 5354 ἰπὶ
719 5303 809 5356 τδν
850 5303 1013 5373 ὕμνον
1046 5301 1328 5372 διεγείρειν
1369 5303 1458 5355 καὶ
1493 5303 1646 5354 εὐλο-

94 5396 211 5460 γεῖν
261 5390 353 5443 τὸν
408 5390 540 5443 Θεὸν
569 5392 930 5458 ἑγκελεύεται,
959 5395 1124 5447 καλὸν
1164 5393 1340 5463 ἑαυτῷ
1374 5394 1643 5464 σωτηρίας

95 5487 390 5558 φάρμακον
414 5482 512 5554 τὴν
531 5484 608 5545 είς
635 5482 724 5536 τὸν
754 5481 884 5537 Θεὸν
916 5486 1160 5554 εὐλογίαν
1194 5485 1644 5556 προϐαλλόμενος.

93 5580 204 5632 Καὶ
234 5574 430 5630 πάντα
454 5573 526 5628 τὰ
550 5574 721 5643 ἐντός
736 5591 852 5643 μου
871 5577 935 5630 τὸ
961 5577 1143 5648 ὄνομα
1166 5579 1232 5633 τὸ
1249 5579 1415 5647 ἅγιον
1445 5577 1644 5630 αὑτοῦ.

96 5669 226 5733 Τοῖς
260 5665 411 5730 ιντὺς
439 5661 599 5720 αὐτοῦ
629 5664 951 5733 προστάσσει
971 5668 1214 5739 ἐὐλογεῖν
1246 5669 1303 5722 τὸ
1336 5670 1502 5743 ὄνομα
1540 5669 1650 5720 Κυ-

103 5761 247 5831 ρίου,
275 5759 515 5812 τουτέστι
538 5759 603 5830 τῇ
632 5756 785 5828 ῖρὺσει
806 5757 910 5812 τῶν
941 5761 1138 5817 ἔσωθεν
1161 5762 1526 5834 ἐξερχομένων
1549 5761 1652 5814 δια-

176 5869 258 5939 (2)
280 5867 388 5925 Sic.

2237 4459 2363 4514 lPSl
2404 4457 2623 4512 DAVID.
2683 4455 2793 4513 CII.

1811 4573 1973 4628 Vens.
2009 4574 2055 4627 1.
2095 4571 2347 4637 Benedic,
2376 4571 2552 4624 anima
2582 4582 2728 4634 mea,
2761 4566 3005 4650 Domino.
3041 4566 3296 4625 Fortasse

1742 4669 1969 4726 mediam
2001 4668 2239 4721 relictam
2273 4666 2500 4718 animam
2529 4662 2668 4716 inter
2691 4674 2887 4729 corpus
2917 4667 2970 4715 et
3009 4660 3255 4730 spiritum
3276 4701 3290 4725 ,

1743 4777 1938 4832 corpus
1963 4759 2178 4832 quidem
2203 4757 2268 4810 ad
2291 4755 2539 4825 proprias
2559 4753 3030 4823 concupiscentias
3051 4761 3104 4808 et
3129 4754 3296 4808 servi-

1745 4856 1822 4908 les
1840 4829 2434 4920 vvoluptates'pertrahit
2453 4885 2468 4910 ,
2496 4844 2651 4916 quasi
2673 4859 2740 4900 ex
2771 4847 2986 4902 sublimi
3012 4854 3065 4901 et
3096 4847 3297 4901 altissi-

1745 4960 1832 4999 mo
1860 4944 1980 4998 loco
2009 4940 2268 5008 dejiciens
2302 4939 2447 4992 illam
2475 4955 2488 5002 ;
2519 4937 2748 5007 spiritus
2772 4953 2900 4992 vero
2931 4947 3116 4993 contra
3144 4937 3208 4990 ad
3236 4955 3294 4993 se

1747 5046 1960 5085 sursum
1994 5025 2192 5098 trahit,
2226 5033 2279 5081 et
2324 5025 2390 5080 ad
2430 5022 2596 5080 Deum
2647 5027 2900 5091 adducit,
2944 5027 3297 5093 hortaturque

1747 5132 1806 5177 ut
1837 5121 2120 5176 Dominum
2150 5127 2442 5187 memoret,
2475 5121 2578 5190 ipsi
2609 5121 2923 5182 benedicat,
2967 5121 3142 5188 ipsum
3185 5137 3296 5191 pra:

1747 5216 1918 5270 oculis
1953 5228 2162 5282 semper
2191 5212 2386 5267 habeat
2413 5232 2426 5266 :
2459 5212 2543 5265 vel
2577 5212 2807 5274 fortasse
2835 5211 3125 5280 quemlibet
3153 5214 3296 5282 seip-

1750 5322 1866 5361 sum
1894 5305 2127 5359 excitare
2157 5318 2219 5357 ac
2254 5303 2363 5358 Deo
2389 5304 2707 5358 benedicere
2733 5300 2913 5369 jubet,
2954 5302 3157 5356 bonum
3192 5303 3293 5356 sibi

1751 5397 1816 5450 ad
1840 5395 2064 5450 salutem
2086 5409 2206 5449 esse
2225 5393 2332 5449 Deo
2349 5393 2666 5448 benedicere
2687 5405 3009 5460 proponens.
3032 5391 3099 5445 Et
3122 5395 3296 5445 omnia

1750 5489 2000 5542 interiora
2043 5502 2156 5539 mea
2196 5487 2394 5540 nomini
2434 5494 2617 5538 sancto
2659 5483 2792 5552 ejus.
2834 5482 3050 5539 Nomini
3084 5485 3297 5540 Domini

1750 5576 2066 5632 benedicere
2093 5575 2245 5644 jubet
2276 5573 2532 5629 interiora
2560 5587 2692 5639 sua,
2722 5573 2773 5628 id
2802 5581 2914 5638 est,
2943 5574 3299 5644 cogitationes

1754 5685 1880 5724 suas
1913 5682 2030 5739 quae
2073 5668 2140 5722 ab
2183 5667 2330 5736 intus
2359 5664 2690 5736 procedunt,
2724 5681 2952 5744 quarum
2987 5666 3181 5736 duplex
3218 5677 3301 5722 est

1753 5761 1924 5818 ordo:
1967 5760 2085 5816 alia
2116 5760 2258 5816 enim
2290 5774 2468 5834 prava:
2503 5766 2663 5821 Sunt,
2701 5775 2891 5830 nempe
2914 5801 2926 5822 ,
2961 5761 3165 5825 credes,
3198 5761 3304 5816 for-
