3994 6354
817 459 967 514 ’1265
1516 455 1780 511 EUSEBII
1816 453 2282 524 ιτΑῑδΑειΕΝδιε
2315 454 2394 511 0P

1762 455 1780 509 ι
1816 453 2282 524 CESABIENSIS
2315 454 2462 511 OPP.
2503 453 2686 510 PARS
2712 452 2802 511 lli.
2829 486 2892 500 —
2930 455 3335 513 EXEGETICA.

825 573 1124 629 nicationes
1161 580 1213 626 et
1259 570 1398 625 furta
1445 579 1788 642 spectantes;
1828 572 1946 626 alia:
1982 586 2111 626 vero
2140 571 2402 634 urbanae;

2269 587 2360 628 me
2389 579 2430 634 Α
2460 571 2749 642 λογισμῶν,
2767 565 2838 626 ὧν
2862 572 3078 626 διπλοῦν
3103 575 3216 626 ἐστι
3243 573 3305 625 τὸ
3333 572 3513 642 τάγμα
3533 589 3547 601 ο
3568 573 3615 624 οί
3636 573 3731 642 μὲν
3752 573 3846 641 γὰρ

823 673 880 722 et
923 665 1184 720 salutares
1211 702 1226 727 ,
1273 678 1464 732 nempe
1510 663 1851 723 humanitas.
1903 663 2256 732 temperantia
2306 671 2360 719 et

2306 671 2360 719 et
2462 661 2613 732 θηροί
2635 664 2758 726 είσι,
2777 661 2943 730 φόνοι,
2976 665 3226 732 μοιχεῖαι,
3261 661 3451 714 κλοπαί
3471 678 3483 690 ⁸
3515 664 3562 714 οί
3595 661 3650 714 δὲ
3682 663 3860 714 dorsis:

823 753 1200 808 communitas.
1229 748 1280 806 ls
1315 752 1495 822 itaque
1523 751 1679 818 cujus
1713 751 1894 804 omnia
1928 750 2184 805 interiora
2213 759 2360 806 recta

2283 759 2360 805 cta
2461 753 2747 822 σωτήριοι,
2793 751 3182 822 φιλανθρωπία,
3214 751 3644 822 σωφροσύνῃτὸ
3673 769 3860 804 κοινωνε

823 851 951 901 sunt
993 852 1047 899 et
1095 850 1281 914 parata
1329 843 1396 896 ad
1446 841 1869 897 benelicendum
1918 833 2119 898 nomini
2171 849 2360 898 sancto

2283 849 2360 897 sto
2458 835 2528 914 Ὦ
2550 844 2728 896 τοίνυν
2757 844 2930 896 πάντα
2951 843 3016 896 τὰ
3037 843 3181 906 ἐντὸς
3201 843 3548 912 κατώρθωται
3575 845 3652 905 εἰς
3680 845 3860 911 ἐτοιμὰ

822 934 947 1001 Dei,
991 935 1232 991 interiori
1274 949 1372 990 suo
1415 935 1607 989 atl'ectu
1646 945 1792 988 recte
1825 921 2015 999 utitur,
2051 933 2117 989 ad
2150 935 2356 1005 gratia-

2281 935 2356 987 ia-
2455 933 2550 988 τοῦ
2590 934 2826 1003 εὐλογεῖν
2855 935 2916 986 τὸ
2952 933 3116 1003 ὄνομα
3142 935 3233 987 τοῦ
3265 933 3397 987 Θεοῦ
3431 933 3490 986 τὸ
3515 933 3687 1002 άγιον,
3718 929 3858 994 οὗτος

820 1041 940 1081 rum
976 1027 1218 1082 actiones
1253 1027 1357 1080 Deo
1385 1025 1648 1096 agendas,
1699 1035 1857 1096 atque
1889 1026 2068 1081 omnia
2100 1025 2358 1080 interiora

2277 1038 2358 1080 ira
2457 1026 2561 1091 λῶς
2613 1026 3131 1098 συμπαραλαμϐάνει
3177 1027 3274 1096 τὴν
3325 1025 3468 1079 ἔνδον
3507 1025 3739 1079 διάθεσιν
3783 1027 3854 1085 είς

821 1133 918 1173 sua
952 1126 1266 1182 consecrat,
1315 1132 1607 1188 omnesque
1657 1119 1848 1174 anima:
1895 1118 2122 1172 virtutes
2171 1123 2224 1170 et
2263 1130 2358 1171 co-

2274 1130 2358 1171 co-
2456 1117 2547 1170 τοῦ
2579 1116 2711 1170 Θεοῦ
2745 1115 3108 1188 εὐχαριστίαν,
3141 1116 3234 1174 καὶ
3267 1117 3443 1169 πάντα
3484 1115 3551 1167 τὰ
3580 1114 3726 1178 ἐντὸς
3759 1114 3851 1166 καθ

817 1207 1106 1277 gitationes
1138 1207 1202 1260 ad
1235 1205 1475 1261 divinum
1520 1207 1777 1279 hymnum
1821 1208 2074 1262 concitat.
2115 1207 2165 1262 ls
2211 1205 2354 1262 enim

2283 1205 2354 1259 im
2457 1210 2551 1262 καὶ
2581 1209 2758 1272 πάσας
2795 1209 2890 1278 τῆς
2919 1208 3092 1278 ψυχῆς
3137 1207 3232 1269 τὰς
3270 1208 3541 1278 δυνάμεις,
3587 1207 3680 1259 καὶ
3709 1206 3860 1258 πάντε

818 1295 1132 1356 ratiocinia,
1169 1294 1527 1367 cogitationes
1549 1337 1561 1359 ,
1608 1312 1903 1366 omnesque
1930 1297 2094 1350 animi
2131 1303 2312 1350 motus
2334 1334 2349 1360 ,

2263 1311 2312 1350 ιε
2334 1334 2349 1360 ,
2455 1299 2647 1371 γισμὸν
2679 1301 2757 1364 είς
2779 1297 2868 1353 τὸν
2906 1298 3043 1356 θεῖον
3073 1297 3235 1368 ὕμνον
3266 1298 3535 1352 ἀνακινεῖ·
3571 1297 3716 1360 ἐντὸς
3739 1297 3840 1366 γὰρ

819 1393 982 1455 atque
1026 1385 1205 1443 varias
1253 1388 1371 1456 ejus
1421 1389 1645 1441 virtutes
1691 1385 1964 1451 advocat,
2013 1388 2120 1439 vim
2161 1399 2353 1456 nempe

2281 1399 2353 1456 προ
2455 1391 2574 1444 λεσε
2605 1390 2730 1454 τοὺς
2750 1389 3039 1460 λογισμοὺς
3075 1387 3165 1440 καὶ
3190 1387 3285 1451 τὰς
3321 1387 3662 1458 ἐνθυμήσεις,
3705 1387 3793 1438 καὶ
3822 1404 3858 1435 π

817 1475 1120 1549 cogitandi,
1151 1477 1526 1541 discernendi,
1563 1477 1887 1546 respiciendi
1908 1515 1923 1541 ,
1957 1475 2183 1547 agendi,
2213 1475 2353 1529 ima-

2283 1489 2353 1528 ιε·
2453 1483 2552 1554 τῆς
2587 1481 2763 1554 ψυχῆς
2791 1481 2860 1535 τὰ
2891 1481 3160 1552 κινήματα
3185 1479 3395 1540 καὶτὰς
3422 1479 3706 1549 διαφόρους
3744 1477 3860 1528 δυνέ

817 1569 1057 1635 ginandi,
1103 1568 1453 1633 recordandi,
1487 1576 1540 1624 et
1571 1568 1706 1622 alias
1738 1587 1751 1622 :
1783 1581 1908 1622 nam
1937 1568 2120 1621 multa:
2153 1566 2207 1620 in
2239 1565 2357 1621 auio

2283 1565 2357 1621 αἱ·
2453 1575 2640 1646 αὐτῆς,
2667 1574 2766 1645 τὴν
2783 1572 3054 1643 ωητικήν,
3071 1571 3167 1642 τὴν
3182 1569 3652 1638 διανοητίκὴν,τὴν
3684 1567 3860 1637 βλεπτι

815 1674 904 1714 ma
952 1661 1178 1715 virtutes
1234 1659 1475 1730 variique
1526 1666 1704 1713 motus
1757 1666 1904 1712 sunt.
1964 1655 2142 1724 Quare
2194 1655 2352 1710 modo

2283 1655 2352 1710 d0
2451 1667 2548 1738 τὴν
2570 1662 2893 1737 ὀρμητικὴν,
2911 1662 3009 1733 τὴν
3027 1659 3408 1731 φανταστικὴν,
3433 1660 3527 1730 τὴν
3547 1675 3860 1730 μνημονευτε

816 1759 1096 1806 strenuum
1135 1748 1405 1820 quidpiam
1437 1753 1771 1819 cogitamus,
1815 1747 1974 1802 modo
2013 1743 2355 1814 concupisci-

2283 1743 2355 1799 Βίο
2449 1758 2549 1820 τὰς
2591 1756 2812 1826 διέρας·
2848 1753 3034 1808 πολλαὶ
3061 1753 3167 1821 γὰρ
3197 1750 3447 1824 δυνάμεις
3474 1751 3567 1804 καὶ
3592 1749 3816 1818 διάφορα
3847 1767 3860 1798 2

814 1855 971 1903 mus,
1015 1855 1135 1894 mox
1174 1838 1520 1907 iudicamus;
1565 1835 1856 1907 aliquando
1902 1835 2166 1905 quaepiam
2209 1835 2391 1919 desi-l

2279 1835 2353 1889 εἷ’
2387 1913 2420 1919 _
2457 1865 2600 1919 ματα
2630 1849 2767 1918 έντῇ
2796 1845 2938 1916 ψυχῇ
2960 1862 2974 1875 ο
3005 1845 3122 1899 καθ’
3147 1843 3183 1900 ἃ
3215 1843 3342 1897 ποτὲ
3368 1842 3464 1912 μὲν
3499 1841 3777 1894 σπουδαῖόν
3805 1857 3853 1890 τι

813 1930 1084 1992 deramus,
1122 1927 1408 1998 aliquando
1439 1941 1795 1992 aversamur;
1847 1939 1908 1980 ac
1942 1939 2159 1980 rursum
2195 1924 2356 1979 modo
2386 1913 2390 1968 ῗ

2275 1924 2356 1977 ’άο
2386 1913 2428 1968 Β
2456 1913 2975 2008 νοούμεθαξταπέ-δὲ
3007 1933 3394 2006 ἐπιθυμοῦμεν,
3429 1931 3559 1985 ποτὲ
3601 1931 3658 1984 δὲ
3701 1930 3852 1983 ἔπιθι

813 2021 992 2090 aliquo
1054 2018 1363 2084 tendimus,
1421 2017 1580 2073 modo
1634 2017 2012 2083 declinamus;
2077 2015 2353 2071 interdum

2283 2029 2353 2068 tm
2455 2027 2598 2097 μεθα
2619 2027 2714 2098 (1),
2746 2027 2874 2080 ποτὲ
2891 2026 2948 2079 δὲ
2971 2027 3251 2098 κρίνομενο
3280 2024 3373 2078 καὶ
3390 2022 3576 2077 άλλοτε
3607 2021 3704 2091 μὲν
3737 2022 3860 2089 tot:

811 2113 993 2168 moesti
1033 2127 1249 2178 sumus,
1301 2119 1488 2182 postea
1528 2125 1656 2164 vero
1703 2108 1913 2180 pacati,
1956 2108 2064 2162 laeti
2103 2116 2157 2162 et
2204 2114 2354 2160 tran-

2283 2121 2354 2160 κη·
2454 2138 2628 2184 τινων,
2658 2121 2838 2175 άλλοτε
2881 2120 2938 2174 δὲ
2965 2115 3410 2189 ἀποστρεφόμεθα
3431 2132 3446 2147 ·
3488 2114 3583 2168 καὶ
3611 2113 3766 2168 πάλιν
3809 2114 3860 2166 ά)

810 2204 983 2275 quilli.
1032 2202 1231 2259 Omnes
1268 2193 1448 2272 itaque
1486 2200 1795 2272 hujusmodi
1835 2199 2027 2254 animae
2067 2197 2351 2254 facultates

2237 2204 2351 2252 ates
2455 2211 2556 2282 μὲν
2609 2209 2894 2280 ὁρμῶμεν,
2945 2207 3127 2262 ἄλλοτε
3184 2206 3240 2260 δὲ
3305 2203 3620 2274 ἑκκλίνομεν
3651 2243 3666 2269 ,
3723 2201 3814 2253 καὶ

810 2292 1027 2348 divinus
1069 2291 1303 2362 Spiritus
1343 2292 1588 2344 hortatur
1630 2296 1688 2344 ut
1734 2289 2056 2344 benedicant
2098 2287 2346 2343 Domino.

2278 2301 2346 2342 ιο·
2455 2304 2550 2374 μὲν
2594 2299 2906 2370 διακείμεθα
2951 2295 3239 2368 λυπηρῶς,
3283 2295 3412 2349 ποτὲ
3455 2294 3512 2348 δὲ
3558 2293 3855 2364 εὐμενεῖςὲ

802 2387 962 2452 Quod
997 2386 1042 2439 si
1075 2385 1163 2437 cui
1207 2397 1466 2452 corporeo
1507 2397 1656 2435 more
1693 2381 1899 2436 dictum
1943 2380 2191 2450 excipere
2233 2381 2350 2434 ani-

2268 2381 2350 2434 ηί·
2451 2396 2544 2449 καὶ
2592 2392 2803 2463 φαιδροὶ
2841 2374 3270 2458 καῖ’άνειμένοι.
3335 2386 3519 2449 Πάσας
3578 2381 3670 2438 οὖν
3714 2383 3845 2453 ὁμοῦ

809 2495 932 2532 mus
966 2479 1069 2539 sit,
1100 2476 1278 2539 dicat,
1319 2475 1447 2544 quia
1487 2474 1672 2528 omnia
1710 2474 1952 2542 corporis
1999 2474 2170 2528 nostri
2214 2473 2351 2529 inte-

2283 2481 2351 2529 ιθ-
2449 2481 2698 2544 τοιαύτας
2748 2479 2844 2550 τῆς
2891 2476 3064 2548 ψυχῆς
3113 2476 3365 2546 δυνάμεις
3408 2473 3700 2546 προτρέπει
3746 2474 3806 2525 τὸ
3857 2479 3860 2508 ⁴

808 2571 957 2624 riora
983 2575 1037 2622 et
1061 2568 1271 2622 viscera
1312 2564 1738 2635 profundissima
1777 2563 1870 2619 Dei
1913 2565 2176 2634 sapientia
2219 2579 2350 2618 con-

2253 2579 2350 2618 οι)-
2450 2573 2668 2644 Πνεῦμα
2737 2572 2973 2639 εὐλογεῖν
3049 2568 3139 2623 τὸν
3207 2568 3426 2640 Κύριον.
3508 2567 3570 2618 Ei
3628 2566 3683 2619 δὲ
3739 2566 3830 2618 καὶ

808 2661 1025 2714 cinnata
1048 2665 1173 2714 sunt
1198 2698 1213 2723 ,
1247 2657 1320 2711 ita
1349 2667 1405 2711 ut
1434 2657 1622 2712 inutile
1651 2655 1786 2710 nihil
1811 2655 1866 2709 in
1889 2655 2045 2711 nobis
2067 2655 2168 2718 sit,
2191 2663 2349 2723 atque

2283 2670 2349 2708 ue
2453 2663 2812 2735 ματικώτερον
2840 2661 3116 2733 βουληθείη
3146 2677 3228 2724 τις
3270 2658 3513 2713 ἐκλαϐεῖν
3534 2658 3625 2711 τὸν
3653 2657 3826 2724 λόγον,
3855 2675 3860 2705 ι

807 2753 899 2807 illa
931 2751 1171 2806 omnium
1203 2757 1391 2803 mutua
1424 2747 1716 2802 concordia
1743 2753 1796 2801 et
1823 2760 2124 2802 consensus
2159 2745 2225 2798 ad
2255 2745 2348 2800 Dei

2277 2745 2348 2800 )ei
2450 2758 2535 2818 ἂν,
2569 2756 2752 2826 ἐπειδὴ
2793 2757 2884 2809 καὶ
2911 2753 3001 2808 τοῦ
3027 2752 3273 2824 σώματος
3303 2750 3394 2804 τοῦ
3422 2751 3688 2821 ἡμετέρου
3721 2750 3854 2800 πάντ

803 2843 1018 2897 laudem
1050 2850 1102 2896 et
1135 2837 1564 2896 benedictionem
1598 2837 1880 2894 conferat:
1911 2838 2035 2906 jure
2070 2839 2174 2892 ista
2214 2851 2349 2907 quo-

2283 2851 2349 2889 0-
2450 2847 2593 2909 ἐντὸς
2617 2846 2822 2917 ἔγκατά
2852 2862 2911 2897 τε
2940 2846 3032 2898 καὶ
3062 2844 3337 2913 σπλάγχνα
3366 2841 3633 2916 βαθυτάτῃ
3663 2841 3796 2895 Θεοῦ
3837 2857 3860 2891 ο

796 2950 911 3004 que
939 2933 1007 2988 ad
1037 2932 1146 2988 Deo
1175 2930 1603 2988 benedicendum
1632 2930 1866 2986 evocari.
1915 2927 1972 2984 Si
2013 2931 2196 3000 itaque
2225 2931 2346 2984 ani-

2283 2931 2346 2984 ιὶ-
2449 2936 2907 3000 κατεσκεύασται,
2954 2936 3027 2998 ὡς
3077 2936 3238 3006 μηδὲν
3281 2935 3548 3005 ἄχρηστον
3597 2929 3734 2986 εἶναι
3774 2933 3860 2983 τῶ

805 3039 948 3078 mam
979 3023 1152 3093 ipsam
1181 3034 1441 3092 corporeo
1470 3034 1620 3074 more
1655 3034 1831 3074 sermo
1865 3012 2102 3090 etﬁngit,
2133 3029 2188 3074 et
2229 3035 2350 3072 cor-

2283 3036 2350 3072 ιΐ·
2449 3029 2596 3099 ἡμῖν,
2624 3026 3018 3100 συμϐάλλεσθαι
3042 3026 3098 3079 δὲ
3125 3028 3189 3097 τῇ
3217 3025 3309 3078 τοῦ
3339 3022 3470 3076 Θεοῦ
3499 3021 3776 3094 δοξολογία
3815 3038 3860 3072 τε

805 3129 1000 3186 porcas
1054 3126 1233 3183 partes
1290 3112 1346 3166 in
1398 3126 1460 3166 ea
1514 3111 1760 3181 partibus
1805 3114 2034 3166 'carente
2091 3111 2345 3181 reponit_;

2284 3118 2345 3180 ι,;
2448 3120 2662 3190 εὐλογίᾳ
2704 3121 2802 3191 τὴν
2847 3117 2980 3189 ὁμοῦ
3015 3117 3226 3171 πάντων
3267 3116 3400 3186 πρὸς
3436 3113 3636 3184 ἄλληλα
3683 3129 3855 3182 cuneo

804 3216 989 3277 partes
1014 3205 1300 3258 attributas
1343 3204 1568 3266 animat,
1614 3218 1736 3274 qua:
1784 3218 1913 3259 sane
1954 3204 2010 3259 in
2048 3211 2229 3274 partes
2269 3203 2381 3280 di—A

2274 3203 2349 3256 die
2377 3257 2415 3280 η
2446 3225 2504 3262 τε
2537 3211 2629 3261 καὶ
2681 3208 2961 3280 ἁρμονίαν,
3009 3206 3228 3269 εἰκότως
3273 3206 3364 3258 καὶ
3409 3203 3579 3256 ταῦτα
3625 3202 3717 3254 ἐπὶ
3758 3203 3851 3268 τὴν

803 3297 1033 3352 visibilis
1067 3311 1172 3349 non
1200 3301 1316 3358 est,
1354 3294 1459 3348 alio
1499 3295 1606 3347 ritu
1648 3293 2041 3372 cogitabimus;
2077 3287 2380 3362 eaputque'

2281 3307 2348 3345 ue
2376 3287 2417 3315 υ
2451 3299 2581 3353 Θεοῦ
2609 3287 2851 3367 εὐλογίαν
2880 3298 3155 3368 κέκληται.
3189 3297 3251 3350 Εἰ
3280 3295 3458 3367 μέντοι
3489 3294 3586 3365 τὴν
3616 3291 3792 3362 ψυχὴν
3831 3309 3858 3342 α

801 3388 1047 3443 dicemus
1070 3426 1084 3451 ,
1117 3396 1344 3441 mentem
1371 3403 1386 3453 ;
1417 3386 1612 3440 collum
1644 3385 1984 3455 Opinionem,
2017 3392 2200 3455 utpote
2235 3397 2352 3452 quae

2281 3397 2352 3436 ηπ
2453 3389 2819 3460 σωματοειδῶς
2863 3391 2890 3442 ό
2927 3388 3078 3456 λόγρς
3118 3388 3359 3452 πλάττει,
3389 3387 3482 3440 καὶ
3523 3386 3658 3456 μέρη
3706 3399 3858 3452 σωμα

809 3494 910 3534 ceu
937 3478 1268 3533 "intermedia
1299 3480 1369 3532 sit
1415 3477 1554 3531 inter
1599 3477 1916 3532 rationabile
1963 3484 2017 3530 et
2065 3474 2352 3529 irrationa-

2247 3489 2352 3525 lna-
2448 3482 2512 3552 τῇ
2547 3479 2740 3549 ἀμερεῖ
2784 3476 3152 3547 περιπλάττει,
3201 3477 3399 3545 ἑτέρως
3439 3476 3700 3544 νοήσομεν
3743 3476 3824 3525 ἐπ’

810 3571 956 3638 bile;
1009 3578 1230 3640 pectus,
1287 3570 1574 3632 animum;
1632 3581 1907 3632 ventrem,
1965 3568 2352 3635 concupiscen-

2281 3581 2352 3617 :n-
2449 3569 2516 3622 τὰ
2543 3568 2925 3641 περιτιθέμενοι
2966 3567 3104 3638 μέρη
3143 3570 3210 3640 τῇ
3242 3565 3472 3637 ἀμερείᾳ
3509 3569 3574 3634 τῇ
3614 3563 3754 3617 κατὰ
3798 3565 3858 3631 ιζ’.

810 3666 937 3716 tiam
989 3681 1004 3718 :
1060 3664 1247 3716 harum
1303 3662 1536 3730 partium
1570 3659 1879 3713 nominibus
1936 3672 2034 3720 ceu
2092 3658 2349 3711 virtutum

2281 3671 2349 3709 tm
2449 3657 2658 3720 οἰκείως
2701 3657 2936 3726 κεφαλὴν
2983 3657 3079 3727 μὲν
3105 3657 3194 3709 τὸν
3219 3655 3362 3720 νοῦν,
3404 3655 3603 3725 αὐχένα
3627 3655 3684 3706 δὲ
3715 3655 3814 3725 τὴν
3844 3655 3858 3706 ξ

806 3752 1140 3825 singularum
1176 3752 1435 3824 symbolis
1469 3752 1577 3806 usi.

2448 3747 2522 3811 ὡς
2553 3750 2609 3800 ὲν
2644 3748 2794 3817 μέσῳ
2822 3747 3034 3815 λογικοῦ
3071 3749 3164 3799 καὶ
3194 3742 3385 3814 ἀλόγου
3408 3762 3424 3777 ο
3462 3747 3652 3817 στῆθος
3683 3748 3774 3799 τὸν
3809 3746 3858 3797 θ·.

2448 3839 2684 3909 γαστέρα
2703 3839 2799 3908 τὴν
2845 3837 3163 3907 ἐπιθυμίαν,
3210 3840 3320 3899 τοῖς
3369 3835 3476 3888 τῶν
3533 3836 3712 3907 μερῶν
3774 3838 3859 3888 ὀνο

2450 3931 2729 4002 συμϐόλοις
2759 3928 2864 3982 τῶν
2885 3930 3161 3998 δυνάμεων
3184 3926 3468 3998 χρώμενοι.

871 4014 1037 4070 Vnus.
1077 4013 1207 4067 2-4.
1249 4013 1509 4076 Benedic,
1559 4012 1738 4065 anima
1785 4027 1936 4074 mea,
1984 4010 2208 4064 Domino
2234 4051 2247 4074 ,
2299 4019 2348 4064 et

2299 4019 2348 4064 ει
2511 4021 2780 4090 smmi,
2835 4021 2872 4088 ἡ
2914 4018 3081 4088 ψυχή
3133 4036 3270 4088 μου,
3319 4018 3424 4072 τὸν
3471 4021 3718 4086 Raptor,
3779 4034 3850 4069 κα

802 4104 911 4158 nol:
941 4103 1173 4156 oblivisci
1217 4118 1390 4157 omnes
1433 4104 1795 4169 retributiones
1838 4103 1970 4171 ejus.
2023 4102 2125 4168 Qui
2167 4102 2346 4170 propi-

2274 4102 2346 4155 νί-
2447 4111 2842 4168 ὲπιλανθάνου
2874 4112 2979 4176 τὰς
3023 4109 3456 4175 ἀνταποδόσεις
3497 4109 3701 4164 αὑτοῦ.
3741 4109 3851 4162 Τὼ·

805 4196 964 4250 tiatur
993 4194 1228 4247 omnibus
1256 4195 1614 4262 iniquitatibus
1639 4196 1761 4259 tuis,
1782 4195 1870 4262 qui
1893 4203 2046 4246 sanat
2069 4210 2241 4248 omnes
2266 4194 2348 4246 in-

2274 4194 2348 4246 Ῐη·
2447 4206 2771 4261 λατεύοντα
2797 4191 3028 4269 ’πάσαις
3062 4201 3189 4268 ταῖς
3224 4202 3493 4271 ἀνομίαις
3522 4217 3657 4264 σου,
3692 4200 3800 4251 τὸν
3839 4205 3851 4251 1

803 4285 1079 4353 ﬁrmitates
1108 4293 1223 4336 tuas
1248 4299 1265 4336 :
1297 4284 1384 4351 qui
1406 4282 1612 4335 redimit
1642 4282 1704 4335 de
1733 4283 1948 4335 interitu
1979 4285 2137 4337 vitam
2169 4293 2344 4350 tuam,

2279 4301 2344 4350 π,
2447 4312 2556 4350 νον
2581 4295 2780 4362 πάσας
2812 4298 2919 4360 τὰς
2955 4294 3176 4360 νόσους
3197 4308 3329 4358 σου,
3368 4292 3471 4346 τὸν
3500 4294 3856 4360 λυτρούμενε

801 4376 890 4444 qui
919 4384 1131 4428 coronat
1164 4384 1208 4428 te
1238 4375 1294 4427 in
1325 4372 1683 4428 misericordia
1711 4382 1758 4427 et
1788 4375 2227 4428 miserationibus.
2257 4373 2348 4427 Ha!

2279 4374 2348 4427 ω
2447 4383 2668 4452 φθορᾶς
2709 4384 2823 4452 τὴν
2864 4384 3014 4454 ζωήν
3047 4401 3182 4450 σου,
3207 4385 3316 4438 τὸν
3357 4384 3774 4454 στεφανοῦντά
3812 4401 3856 4436 cr

801 4475 928 4520 sunt
969 4466 1350 4522 retributiones
1402 4464 1555 4520 nobis
1601 4479 1630 4518 a
1677 4465 1783 4519 Deo
1823 4479 2134 4519 concessae:
2163 4463 2347 4518 Primo

2266 4480 2347 4518 m0
2447 4473 2594 4527 ἐλέει
2629 4475 2726 4527 καὶ
2755 4475 3087 4544 οίκτιρμοῖς.
3106 4471 3270 4530 Αὖταί
3291 4477 3425 4528 είσιν
3447 4477 3502 4528 αῖ
3544 4476 3668 4545 περὶ
3698 4477 3843 4542 ἡμᾶς

804 4559 1234 4628 prepitiationcm
1264 4557 1445 4628 posuit
1474 4572 1571 4628 pro
1608 4557 1845 4627 peccatis
1877 4559 2078 4612 nostris
2098 4598 2113 4623 ,
2143 4572 2262 4626 qua:
2291 4557 2345 4610 in
2378 4581 2381 4633 τ

2291 4557 2345 4610 in
2378 4581 2422 4635 ι)
2448 4563 2730 4628 αποδὸσεις
2779 4563 2874 4617 τοῦ
2911 4564 3043 4617 Θεοῦ
3068 4583 3081 4595 ·
3133 4565 3352 4636 Πρῶτον
3398 4565 3621 4636 ίλασμὸν
3684 4564 3856 4616 ἑθεικε

804 4664 986 4703 errore
1031 4657 1085 4703 et
1135 4649 1438 4702 idololatria
1477 4647 1838 4704 admisimus:
1885 4647 2219 4718 singulisque
2256 4661 2351 4700 eo-

2279 4661 2351 4700 t0-
2449 4657 2728 4729 ἡμετέρων
2756 4657 3055 4729 ἁμαρτιῶν,
3083 4659 3148 4720 ἃς
3174 4660 3230 4712 έν
3264 4657 3435 4729 πλάνῃ
3469 4658 3564 4709 καὶ
3590 4655 3856 4708 εἰδωλολα·

826 4753 923 4790 ·υω
950 4738 1214 4806 propitius
1240 4739 1326 4792 ille
1351 4738 1449 4791 fuit
1468 4777 1481 4802 ,
1510 4738 1953 4808 supplicationem
1989 4745 2311 4807 praeverteris
2331 4775 2347 4800 ,

2279 4752 2347 4800 Si
2448 4748 2882 4822 διεπραξάμεθαο
2934 4749 3026 4804 καὶ
3072 4749 3224 4812 ἵλεως
3271 4749 3469 4818 ἑκάστῃ
3517 4746 3720 4800 τούτων
3768 4747 3856 4811 ὲγέ

805 4828 1122 4897 veniamque
1145 4829 1388 4883 tribuens
1417 4844 1510 4899 per
1534 4829 1967 4899 propitiationem
2007 4843 2159 4884 suam
2181 4869 2194 4891 ,
2227 4843 2346 4899 qua:

2279 4843 2346 4882 118
2451 4841 2731 4913 προλαϐὼν
2763 4845 2940 4895 πᾶσαν
2969 4840 3246 4912 ίκετηρίαν
3281 4841 3373 4893 καὶ
3403 4840 3498 4910 τὴν
3527 4839 3718 4906 ἄφεσιν
3765 4839 3848 4890 δοζ

806 4927 889 4974 est
915 4919 1202 4984 Christus;
1235 4920 1502 4985 secundo,
1533 4923 1658 4990 quia
1703 4921 1864 4974 etiam
1906 4929 2026 4989 post
2074 4921 2349 4973 remissio-

2276 4921 2349 4972 iO‘
2449 4933 2540 4984 τοῦ
2576 4931 2798 5003 ἱλασμοῦ
2842 4932 3025 4998 αὐτοῦ,
3060 4931 3118 4995 ὃς
3167 4934 3278 4986 ἐστι
3325 4931 3585 5003 Χριστός·
3636 4930 3853 5000 δεύτερο

804 5021 928 5062 nem
959 5013 1040 5070 te,
1071 5021 1103 5059 ο
1133 5007 1338 5070 anima,
1387 5007 1650 5064 inﬁrmari
1689 5009 1942 5078 contigit,
1976 5009 2030 5063 in
2073 5009 2342 5063 humanos

2283 5026 2342 5063 05
2451 5023 2630 5095 ἐπειδὴ
2676 5027 2766 5078 καὶ
2799 5023 2934 5095 μετὰ
2975 5022 3070 5093 τὴν
3121 5023 3312 5092 ἄφεσιν
3364 5022 3558 5090 συνέϐη
3612 5039 3670 5074 σε
3728 5027 3856 5075 νοςεῑ

809 5099 1031 5153 affectus
1082 5097 1397 5168 delapsam:
1446 5107 1499 5154 et
1549 5101 1644 5155 has
1688 5101 2033 5170 aegritudines
2091 5101 2344 5157 Servator

2285 5119 2344 5155 ⁰¹’
2449 5116 2612 5186 ψυχὴ,
2648 5119 3076 5187 ύπολισθήσασαν
3103 5120 3213 5179 τοῖς
3251 5117 3605 5186 ἀνθρωπίνοις
3645 5118 3856 5174 πάθεσι,

805 5191 1214 5246 rationabilibUs
1270 5199 1322 5244 et
1379 5191 1753 5259 spiritualibus
1799 5192 2086 5259 remediis,
2129 5196 2343 5264 quae-in

2292 5196 2343 5248 in
2450 5211 2647 5272 ταύτας
2716 5210 2813 5273 τὰς
2882 5209 3067 5271 νόσους
3135 5209 3163 5260 ὁ
3227 5208 3411 5278 Σωτὴρ
3466 5209 3559 5262 καὶ
3622 5209 3854 5277 λογικοῖς

807 5283 1006 5336 divinis
1051 5285 1169 5351 ejus
1213 5283 1506 5353 Scripturis
1545 5282 1766 5336 fundata
1807 5295 1965 5350 sunt,
2000 5288 2246 5350 curavit;
2279 5287 2347 5342 ad

2279 5287 2347 5342 ad
2453 5298 2731 5368 σωτηρίοις
2762 5299 3091 5369 φαρμάκοις,
3118 5298 3229 5358 τοῖς
3253 5297 3309 5349 ὲν
3333 5301 3447 5361 ταῖς
3480 5298 3649 5362 θείαις
3674 5299 3837 5352 αὐτοῦ

807 5374 918 5428 haec
971 5375 1161 5437 tertio,
1210 5377 1373 5428 vitam
1423 5382 1570 5430 tuam
1601 5416 1614 5436 ,
1669 5391 1787 5446 quae
1838 5377 1892 5429 in
1944 5379 2346 5447 corruptionem

2268 5394 2346 5431 Bm
2450 5391 2574 5452 φαῖς
2606 5387 3108 5457 καταϐεϐλημένοις,
3142 5384 3463 5454 ἐθεράπευσε
3488 5404 3503 5417 ·
3531 5388 3712 5457 τρίτον
3760 5389 3845 5440 ἐπὶ

807 5482 1064 5530 cessura,
1112 5476 1165 5521 et
1211 5485 1240 5521 a
1284 5477 1454 5524 morte
1497 5469 1836 5525 absorbenda
1884 5481 1998 5533 est,
2051 5471 2343 5525 secundum

2277 5486 2343 5522 Itn
2454 5495 2562 5540 τοις
2609 5478 2702 5548 τὴν
2751 5477 2892 5548 ζωήν
2944 5493 3035 5528 σου
3089 5474 3376 5546 μέλλουσαν
3427 5482 3624 5548 Χωρεῖν
3657 5480 3736 5540 εἰς
3773 5478 3854 5545 φοί

811 5559 939 5614 illud
961 5600 973 5623 ,
1005 5559 1198 5612 Anima
1230 5576 1343 5628 quia
1375 5563 1651 5629 peccaverit
1672 5601 1687 5627 ,
1724 5562 1837 5630 ipsa
1869 5563 2119 5614 morietur
2149 5564 2212 5624 ’⁸,
2250 5563 2347 5613 ini-

2277 5563 2347 5613 ni-
2455 5573 2545 5620 καὶ
2579 5569 2962 5622 κατατείνεσθαι
2986 5567 3089 5619 ὑπὸ
3134 5565 3224 5619 τοῦ
3257 5566 3504 5634 θανάτου,
3546 5573 3688 5626 κατά
3718 5574 3796 5632 τὸ,
3825 5572 3854 5621 τὶ

810 5651 1117 5704 sericordia:
1147 5665 1257 5704 suae
1289 5661 1703 5709 consentaneum
1734 5669 1845 5709 rem
1880 5669 2042 5724 agens
2065 5694 2080 5716 ,
2112 5671 2175 5708 ac
2209 5667 2347 5720 pra:-

2277 5667 2347 5708 m-
2454 5663 2490 5716 7i
2531 5661 2899 5723 ἀμαρτοῦσα,
2951 5657 3099 5725 αὑτὴ
3156 5659 3551 5732 ἀποθανεῖται,
3615 5661 3854 5732 ἀκόλουθε

881 5763 924 5792 ³⁸
960 5762 1152 5815 Ezech.
1189 5778 1348 5828 XVIII,
1381 5765 1432 5817 4.

880 5857 953 5926 (ί)
1005 5861 1487 5931 Ἐπιθυμοῦμεν...
1516 5864 1962 5934 ἐπιθυμοινμεθα.
2001 5864 2330 5920 Alterutrum
2360 5865 2453 5920 red

1802 5865 1962 5932 μεθα.
2001 5864 2330 5920 Alterutrum
2360 5865 2660 5921 redundare
2695 5865 2922 5921 videtur.
2955 5861 3105 5919 Eutr.
3147 5861 3379 5938 Ρᾼτιιοι..
