3950 6350
36 404 213 461 ηπ

1154 409 1650 469 COMMENTARIA
1684 412 1752 468 IN
1788 412 2119 473 PSALMOS.

3093 420 3226 477 1274

35 525 400 593 φεύξονται,
444 524 557 579 ἀπὸ
598 524 795 593 φωνῆς
837 524 1100 594 ,Βροντῆς
1129 540 1244 582 σου
1276 526 1572 583 δειλιάσου

1666 534 1813 589 strui
1851 535 1929 586 tui
1955 532 2324 602 formidabant.
2362 534 2651 588 Aseendunt
2692 543 2888 588 montes
2932 544 2981 588 et
3024 534 3230 592 descen-

33 632 183 670 σιν.
205 616 642 671 ’ἀναϐαίνουσιν
677 617 803 687 ὄρη,
840 620 937 673 καὶ
976 619 1391 674 καταϐαίνουσι
1427 621 1600 675 πεδία

34 707 138 770 είς
182 707 372 759 τόπον
397 706 468 759 ὃν
498 708 885 776 ἐθεμελίωσας
923 710 1339 779 αὐτοῖς.”οριον
1379 712 1537 771 ἔθου.
1566 712 1598 766 ὃ

32 798 116 849 οὐ
167 790 657 865 παρελεύσονται,
699 799 838 852 οὐδὲ
875 800 1301 869 ἐπιστρέφουσι
1334 804 1598 872 καλῦψαι

32 888 167 956 τὴν
201 888 335 958 γῆν.
353 888 406 940 '0
449 887 904 951 ὲξααοστέλλων
938 892 1129 960 πηγὰς
1171 893 1239 945 ἐν
1284 892 1594 962 φάραγξιν,

32 980 169 1032 ἀνὰ
196 979 389 1049 μέσον
417 976 534 1030 τῶν
568 977 749 1045 ὀρέων
796 978 1198 1034 διελεύσονται
1244 982 1449 1036 ὕδατα.
1486 986 1599 1036 Πο-

1701 624 1830 677 dunt
1868 626 2039 693 campi
2068 626 2121 677 in
2164 624 2330 678 locum
2355 641 2499 695 quem
2537 623 2768 693 fundasti
2792 626 2888 679 eis.
2936 626 3228 681 Terminum

1698 714 1939 781 posuisti,
1976 724 2124 782 quem
2172 730 2275 767 non
2318 714 2778 784 transgredientur,
2821 730 2979 784 neque
3022 733 3230 771 convcr-

1699 812 1872 855 tentur
1896 804 2091 871 operire
2125 812 2334 859 terram.
2366 803 2467 869 Qui
2494 805 2685 858 emittis
2708 806 2870 873 fontes
2898 807 2949 857 in
2981 808 3229 861 convalli-

1697 894 1810 956 bus,
1835 895 1967 947 inter
1995 894 2217 948 medium
2248 896 2495 961 montium
2516 897 2897 963 pertransibunt
2926 913 3091 967 aqum.
3121 897 3228 951 Po-

1697 985 1880 1038 tabuut
1932 1002 2104 1063 omnes
2151 985 2322 1040 bestia:
2370 987 2503 1057 agri,
2548 987 2910 1059 eatsrectabunt
2952 991 3132 1063 onagri
3172 992 3227 1043 in

30 1069 254 1123 τιοῦσι
279 1067 475 1122 πάντα
496 1069 566 1122 τὰ
589 1070 759 1137 θηρία
790 1070 893 1124 τοῦ
922 1072 1122 1139 ἀγροῦ,
1173 1072 1572 1140 προσδέξοντα

1694 1075 1786 1128 siti
1836 1091 1953 1130 sua.
1991 1060 2266 1144 superam
2326 1077 2554 1131 volucres
2608 1079 2720 1133 caeli
2766 1060 3105 1143 habitabant,
3164 1083 3228 1134 de

29 1162 291 1233 mmet
329 1164 416 1225 εἰς
451 1161 635 1231 δίψαν
678 1163 1021 1221 αὐτῶν.⁹Επ⁸
1056 1166 1223 1243 αὐτὰ,
1248 1167 1321 1220 τὰ
1362 1183 1572 1222 atatem

1694 1164 1864 1217 medio
1926 1176 2189 1233 petrarum
2263 1166 2457 1220 dabunt
2516 1184 2706 1239 vocem.
2776 1170 2966 1239 Bigans
3029 1180 3225 1224 montes

30 1252 151 1306 τοῦ
200 1253 458 1320 οὐρανοῦ
502 1255 967 1323 κατασκηνώσει,
1005 1256 1073 1309 ἐκ
1108 1256 1300 1325 μέσου
1342 1257 1457 1309 τῶν
1500 1274 1572 1310 πε

1699 1254 1764 1309 de
1816 1257 2167 1324 superioribus
2232 1259 2359 1310 suis.
2426 1258 2560 1322 Quia
2618 1260 2768 1328 prius
2829 1261 3071 1327 dixerat,
3119 1260 3226 1326 Qui

30 1343 205 1409 τρῶν
263 1344 521 1401 δώσουσι
574 1347 799 1417 φωνήν.
856 1348 1108 1408 Ποτίζων
1167 1347 1271 1416 ὄρη
1340 1349 1408 1401 ἐκ
1475 1348 1572 1401 τῶι

1692 1346 1817 1412 tegis
1845 1362 1979 1415 aqua
2010 1347 2277 1413 superiora
2302 1348 2449 1410 eius;
2478 1349 2566 1402 hic
2597 1350 2692 1417 ait,
2722 1348 2913 1419 Rigans
2944 1362 3137 1406 montes
3161 1352 3225 1405 de

30 1433 327 1501 ὑπερῴων
368 1438 570 1491 αὐτοῦ.
606 1437 757 1490 Ἐπεὶ
801 1438 893 1490 καὶ
937 1439 1230 1509 ἀρχόμενος
1281 1437 1489 1505 ἔλεγεν·
1531 1438 1572 1491 ἰ

1689 1432 2039 1499 superioribus
2091 1434 2213 1488 tuis.
2243 1432 2361 1488 Nisi
2409 1437 2562 1489 malit
2605 1440 2726 1507 quis
2782 1439 3060 1508 superiora
3105 1438 3220 1504 Dei,

28 1525 341 1594 στενάζων
384 1528 453 1581 ἐν
497 1529 664 1583 ὕδατι
717 1529 787 1583 τὰ
832 1530 1069 1597 ὑπερῷα
1117 1528 1297 1583 αὐτοῦ
1322 1547 1337 1560 ·
1366 1528 1458 1582 νῦν
1490 1545 1572 1599 φη·

1686 1524 1842 1591 quasi
1869 1523 1935 1576 ab
1960 1539 2026 1577 eo
2056 1531 2364 1579 constructa
2387 1542 2565 1581 aerem
2591 1530 2824 1585 nubibus
2854 1532 3108 1585 amictum
3143 1535 3225 1587 in-

31 1632 121 1667 σι·
182 1617 439 1678 Ποτίζων
482 1619 589 1689 ὅρη
636 1623 703 1675 ἐκ
746 1620 864 1675 τῶν
906 1620 1180 1689 ὑπερῴων
1227 1637 1339 1674 σου
1364 1637 1378 1649 ⁸
1418 1622 1465 1673 εί
1512 1624 1572 1690 μί

1686 1614 1947 1683 telligere.
1981 1613 2121 1669 Deus
2159 1616 2339 1685 itaque
2370 1626 2581 1673 montes
2616 1630 2669 1673 et
2697 1636 2913 1690 campos
2932 1624 3033 1692 “qui
3062 1623 3114 1676 in
3144 1625 3224 1679 eis

27 1725 111 1776 τῳ
171 1708 327 1775 φίλον
378 1711 598 1783 ὑπερῷα
648 1712 741 1766 τοῦ
795 1712 928 1766 Θεοῦ
985 1714 1061 1776 ὡς
1122 1714 1247 1783 παρ’
1282 1710 1441 1765 αὑτοῦ
1492 1729 1572 1765 πε-

1687 1715 1829 1767 sunt,
1861 1714 1915 1759 et
1952 1706 2255 1761 universam
2290 1707 2548 1778 reliquam
2583 1719 2776 1763 terram
2820 1712 2974 1779 rigat,
3019 1727 3126 1766 non
3157 1728 3223 1767 ex

28 1798 315 1869 ποιημένα
358 1800 448 1854 τὸν
490 1802 625 1874 ἀέρα
664 1806 821 1869 νοεῖν,
847 1805 958 1866 τοῖς
986 1803 1166 1871 νέφεσι
1201 1802 1572 1873 περιϐαλλόμε-

1689 1795 1928 1850 fontibus
1956 1797 2298 1860 convallium,
2338 1812 2509 1868 neque
2545 1814 2610 1853 ex
2642 1800 2949 1871 ﬂuminibus
2982 1817 3099 1871 quae
3128 1818 3223 1872 per

28 1863 393 1955 vov."Ilo'rl(5t
422 1863 703 1964 τοιγαροῦν
731 1898 760 1948 ὁ
785 1863 915 1959 Θεὸς
937 1863 1007 1947 τὰ
1032 1863 1132 1965 ὅρη
1159 1895 1251 1948 καὶ
1273 1863 1350 1948 ’τὰ
1380 1896 1438 1948 ὲν
1468 1863 1572 1949 τού·

1688 1896 1882 1942 terram
1931 1887 2192 1951 deﬂuunt,
2223 1890 2315 1944 sed
2348 1889 2415 1944 de
2468 1866 2835 1959 superioribus
2868 1894 2981 1947 suis
3015 1894 3223 1963 pluvias

28 1994 147 2041 τοις
174 1980 334 2032 πεδία
360 1982 459 2051 τήν
488 1998 547 2034 τε
575 1981 765 2055 λοιπὴν
785 1984 1082 2054 ,σύμπασαν
1104 1986 1207 2055 γῆν
1236 1983 1334 2038 οὑκ
1356 1985 1461 2038 ἀπὸ
1481 1986 1572 2038 τῶι

1686 1993 1750 2031 ex
1786 1978 1897 2032 allo
1937 1977 2259 2033 sufﬁcientes
2314 1994 2378 2032 ac
2425 1981 2731 2038 moderatas
2782 1984 3217 2055 subministrans.

24 2070 53 2116 Ιν
124 2070 251 2133 ταῖς
282 2070 515 2143 φάραγξι
538 2073 747 2143 πηγῶν,
775 2075 880 2128 οὐδ’
908 2076 1013 2129 ἀπὺ
1042 2076 1149 2129 τῶν
1165 2076 1469 2146 φερομένων
1488 2093 1572 2128 κα-

1686 2070 1977 2138 Superiora
2008 2078 2183 2123 autem
2221 2069 2315 2124 Dei
2349 2080 2504 2125 vocat
2536 2086 2736 2138 aerem,
2767 2072 2832 2127 de
2866 2082 2979 2128 toto
3020 2077 3223 2129 mundo

35 2159 95 2212 τὰ
127 2160 246 2229 γῆς
278 2163 550 2233 ποταμῶν,
587 2164 698 2217 ἀλλ’
717 2165 822 2218 ἀπὺ
840 2165 953 2219 τῶν
970 2166 1226 2237 ὑπερῴων
1253 2167 1414 2221 αὑτοῦ
1452 2166 1572 2220 ἄνω

1681 2158 1837 2227 quasi
1864 2157 1931 2211 de
1956 2157 2115 2211 domo
2141 2157 2371 2227 quadam
2398 2161 2558 2214 verba
2598 2160 2821 2216 faciens.
2856 2161 3062 2216 Montes
3102 2162 3221 2235 qui-

31 2250 121 2301 θεν
141 2250 416 2320 ἀφ’ὑψους
444 2256 565 2317 τοὺς
588 2250 873 2325 αὐτάρκεις
892 2258 1445 2329 καὶξμεμετρημένους
1469 2261 1584 2311 ἐπι-

28 2340 289 2411 χορηγῶν
319 2344 521 2407 ὑετούς.
538 2345 791 2416 ’Υπερῷα
832 2347 886 2399 δὲ
934 2347 1067 2401 Θεοῦ
1108 2348 1196 2401 τὸν
1240 2350 1373 2418 ἀέρα
1410 2348 1581 2410 καλεῖ,

30 2432 287 2503 καθάπερ
338 2434 428 2487 ἐπὶ
472 2436 597 2505 μιᾶς
633 2436 804 2499 οἰκίας
836 2435 928 2489 τοῦ
976 2437 1169 2498 παντὸς
1214 2421 1579 2509 κόσμου.Ὅρη

32 2521 132 2589 μέν
166 2524 308 2577 εἰσιν
332 2527 381 2578 oi
410 2529 833 2600 πνευματοφόροι
862 2529 1049 2599 ἄνδρες
1071 2544 1084 2557 ο
1110 2526 1411 2590 ποτίζονται
1438 2528 1494 2582 δὲ
1518 2531 1580 2582 ὲκ

29 2608 137 2663 τῶν
171 2612 436 2683 ὑπερῴων
469 2613 630 2667 αὑτοῦ
668 2614 759 2668 τοῦ
780 2614 933 2678 Θεοῦ,
963 2614 1320 2685 πληρούμενοι
1349 2616 1455 2670 τῶν
1487 2616 1578 2669 τοῦ

30 2699 347 2773 Πνεύματος
392 2706 757 2775 χαρισμάτων,
786 2707 943 2775 λόγου
977 2709 1164 2777 σοφίας
1197 2707 1291 2762 καὶ
1318 2708 1423 2763 τῶν
1457 2708 1579 2779 ἑξῆς

30 2795 782 2869 ἁπηριθμημένων.Ὑπερῷα
825 2798 881 2851 δὲ
932 2798 1085 2864 Θεοῦ,
1128 2800 1217 2868 ἀφ’
1250 2794 1323 2852 ὧν
1369 2799 1438 2852 τά
1478 2799 1576 2869 ὅρη

30 2884 263 2949 ποτίζει,
289 2887 601 2957 ἀκραιφνεῖς
632 2890 725 2957 καὶ
758 2890 1183 2961 ὑπερϐάλλουσαι
1224 2890 1442 2960 θεωρίαι
1480 2891 1578 2958 τῆς

31 2973 287 3042 ἀληθείας
313 2978 650 3048 τυγχάνουσι,
683 2979 902 3050 ὑπερῷα
934 2979 1277 3048 καλούμεναι,
1309 2977 1386 3047 τῷ
1415 2978 1577 3047 μηδὲν

30 3065 197 3131 αὑτὰς
246 3067 942 3139 ὑπεραναϐεὸηκέναι.ᾌπὸ
982 3068 1210 3136 καρποῦ
1250 3068 1365 3120 τῶν
1390 3068 1576 3137 ἔργων

31 3172 142 3209 σου
192 3157 663 3241 χορτασθήσεται
696 3158 735 3226 ἡ
770 3157 867 3228 τῆ.
899 3158 1067 3221 Αὐτὸς
1093 3158 1200 3229 γὰρ
1232 3155 1348 3212 εἷπε
1368 3176 1380 3188 ·
1421 3160 1574 3211 Βλα-
1598 3184 1640 3241 C

28 3244 307 3312 στησάτω
332 3248 370 3315 ἠ
395 3244 468 3315 ’,ἦ
486 3238 753 3315 ,ϐοτάνην
776 3248 1010 3316 χόρτου,
1026 3248 1125 3302 καί
1152 3249 1339 3314 ξύλον
1368 3247 1570 3317 κάρπι-

27 3352 140 3401 μον
166 3336 378 3408 ποιοῦν
396 3338 641 3405 καρπὸν,
657 3338 749 3391 καὶ
771 3338 838 3393 τὰ
856 3340 1001 3410 ἑξῆς.
1017 3340 1108 3393 Ἐκ
1125 3338 1230 3393 τῶν
1245 3339 1412 3409 Ἰησοῦ
1436 3338 1572 3393 κατά

30 3425 122 3495 τὴν
152 3428 455 3497 οἰκονομίαν
476 3428 848 3498 εργων,πολὺν
880 3430 1089 3501 καρπὸν
1112 3431 1358 3500 ἑχόντων,
1386 3431 1572 3485 ἅπασα
1604 3425 1609 3432 ’

32 3520 62 3586 ὴ
87 3518 156 3587 γῆ
186 3520 522 3589 χορτάζεται,
544 3514 1021 3592 μεταλαιῖῦάνουσα
1044 3522 1151 3574 τῶν
1176 3521 1316 3574 οὕτω
1342 3522 1571 3591 παραδό-

33 3605 131 3669 ξως
159 3608 265 3664 ὑπὸ
289 3607 457 3679 Ἰησοῦ
488 3612 861 3682 γεγενημένων
878 3629 895 3643 ·
928 3605 1079 3676 οὗτος
1104 3612 1211 3683 γὰρ
1234 3612 1439 3682 καρπὸς
1464 3612 1569 3666 τῶν

32 3695 199 3764 ῐργων
224 3697 386 3751 αὑτοῦ
404 3700 675 3771 τυγχάνει.
695 3702 803 3755 Καὶ
827 3703 857 3756 ό
880 3702 1033 3772 λόγος
1062 3703 1118 3756 δὲ
1148 3705 1175 3757 ὁ
1202 3703 1326 3773 περὶ
1352 3701 1459 3755 τῶν
1484 3702 1572 3774 ἑρ-

1637 2271 1641 2277 ’
1681 2252 1801 2307 dem
1841 2262 1971 2308 sunt
2012 2252 2319 2321 spirituales
2367 2252 2470 2306 viri
2505 2252 2603 2307 :hi
2630 2259 2807 2306 autem
2836 2252 3129 2323 irrigantur
3155 2255 3222 2307 de

1681 2345 2052 2415 superioribus
2098 2344 2269 2414 ipsius
2317 2341 2432 2407 Dei,
2485 2341 2718 2412 Spiritus
2753 2344 2924 2398 sancti
2951 2342 3107 2397 donis
3135 2357 3219 2397 re—

1679 2436 1829 2506 pleti,
1856 2436 2105 2491 videlicet
2152 2448 2401 2490 sermone
2440 2434 2733 2504 sapientiae.
2784 2434 3095 2503 ueterisque
3134 2448 3219 2487 reo

1678 2528 1921 2583 censitis.
1963 2526 2250 2596 Superiora
2280 2541 2406 2581 vero
2434 2524 2547 2586 Dei,
2582 2525 2647 2579 de
2683 2525 3120 2593 quibusmomes
3145 2525 3219 2577 ir-

1676 2620 1836 2689 rigat,
1894 2628 2021 2676 sunt
2065 2619 2320 2674 sublimes
2362 2632 2424 2670 ac
2469 2615 2676 2671 eximia:
2707 2615 2949 2668 veritatis
2978 2624 3219 2669 contem-
3318 2637 3323 2645 -

1675 2694 1958 2777 piationes,
1984 2723 2105 2777 qua
2138 2706 2415 2775 superiora
2448 2710 2729 2766 vocantur,
2760 2702 2904 2771 quod
2933 2702 3067 2755 nihil
3096 2702 3217 2758 illas

1675 2796 2039 2851 transcendat.
2092 2795 2167 2848 De
2224 2795 2397 2862 fructu
2436 2809 2646 2861 operum
2688 2802 2892 2846 tuorum
2936 2791 3219 2845 satiabitur

1676 2896 1833 2940 terra.
1890 2886 2009 2953 Ipse
2051 2899 2284 2953 namque
2328 2883 2483 2947 dixit,
2535 2881 2794 2936 Germinet
2827 2891 2966 2937 terra
3001 2880 3214 2933 herbam

1672 2977 1777 3045 feni
1807 2985 1855 3030 et
1880 2976 2073 3045 lignum
2102 2975 2430 3044 fructiferum
2450 2974 2646 3043 faciens
2676 2974 2904 3043 fructum
2923 2973 2986 3035 ⁸⁷,
3016 2981 3069 3026 et
3093 2975 3215 3027 reli-
3292 3035 3305 3059 1

1671 3082 1796 3138 qua.
1834 3064 1911 3119 Ex
1944 3064 2071 3121 Jesu
2105 3066 2358 3136 operibus
2382 3080 2477 3135 per
2501 3063 2854 3118 oeconomiam
2881 3062 3062 3127 editis,
3095 3079 3214 3133 quae

1673 3157 1855 3212 multis
1904 3156 2174 3219 fructibus
2236 3158 2505 3210 instructa
2554 3164 2702 3220 sunt,
2764 3156 3014 3211 universa
3068 3164 3211 3210 terra

1675 3248 1922 3311 satiatur,
1954 3248 2222 3318 particeps
2249 3261 2451 3313 eorum,
2474 3260 2649 3315 quae
2676 3245 2805 3301 Jesu
2834 3247 2967 3303 adeo
2993 3246 3212 3300 mirabi-

1673 3340 1796 3393 liter
1832 3345 2132 3407 perpetrata
2184 3344 2355 3391 sunt:
2388 3335 2475 3390 hic
2531 3335 2672 3391 enim
2733 3334 2942 3390 fructus
2990 3351 3209 3404 operum

1671 3430 1788 3498 ejus
1809 3436 1910 3483 est.
1941 3426 2005 3480 Et
2031 3426 2242 3497 quidem
2264 3442 2442 3481 sermo
2462 3426 2535 3480 'de
2558 3426 2811 3496 operibus
2836 3427 3126 3482 creationis
3156 3434 3210 3479 et

1671 3517 2017 3588 providentia:
2067 3517 2261 3586 ipsius,
2290 3531 2387 3571 ceu
2444 3515 2651 3570 fructus
2701 3530 2920 3584 operum
2952 3514 3047 3569 Dei
3089 3531 3209 3569 esse

1669 3608 1993 3679 intellectus,
2054 3612 2253 3659 terram
2312 3596 2560 3671 satiabit;
2621 3618 2810 3673 nempe
2856 3603 3107 3661 homines
3153 3605 3207 3659 in

1672 3708 1813 3753 terra
1842 3705 2138 3753 versantes.

34 3801 134 3852 των
157 3787 255 3859 τῆς
284 3788 635 3863 δημιουργίας
657 3795 746 3847 καλ⁵
776 3795 1023 3865 προνοίας
1054 3792 1212 3848 αὑτοῦ
1266 3792 1493 3864 νοηθεὶς,
1528 3788 1613 3846 οἷα
1666 3790 1889 3861 καρπὸς,
1918 3790 2091 3858 ἔργων
2135 3786 2267 3841 Θεοῦ
2308 3787 2604 3857 τυγχάνων,
2640 3788 2886 3859 χορτάσει
2924 3785 3018 3847 τὴν
3060 3785 3164 3849 ’γῆν
3186 3802 3201 3817 ο

34 3881 167 3949 φημὶ
186 3880 251 3953 δὴ
274 3883 397 3947 τοὺς
425 3884 517 3937 επὶ
542 3885 641 3955 τῆς
666 3886 770 3956 γῆς
795 3884 1156 3958 διατρίὸοντας
1182 3885 1512 3958 ἀνθρώπους.

126 3996 167 4045 ο
186 3994 599 4059 ἐξανατέλλειν
610 4000 822 4066 χόρτον
832 3999 953 4064 τοῖς
973 4000 1235 4069 κτήνεσι,
1251 4000 1351 4055 καὶ
1370 4003 1561 4071 χλόην

33 4081 101 4148 τῇ
122 4082 362 4152 δουλείᾳ
384 4082 501 4138 τῶν
535 4086 871 4154 ἀνθρώπων,
900 4091 1007 4145 τοῦ
1048 4090 1354 4161 ἆξαγπαγεῖν
1388 4093 1567 4160 ἄρτον

33 4175 93 4227 ἐκ
110 4173 214 4241 τῆς
230 4173 360 4242 γῆς·
379 4174 478 4228 καὶ
493 4172 653 4241 οἳνος
661 4180 960 4247 εὐφραίνει
973 4182 1219 4249 καρδίαν
1233 4184 1560 4253 ἀνθρώπου,

33 4266 119 4317 καὶ
150 4267 216 4320 τά
245 4266 387 4336 ἑξῆς.
420 4264 605 4334 Εἶπεν,
635 4269 715 4322 ὅτι
755 4272 863 4324 άπὸ
897 4271 988 4324 τοῦ
1021 4272 1174 4326 ὑετοῦ
1206 4276 1395 4329 κτᾶται
1428 4275 1561 4348 πλη-

1734 3994 1919 4049 Ἶειιε.-
1946 3991 2034 4057 14,
2085 3992 2170 4047 15.
2215 3984 2510 4053 Producens
2533 3992 2706 4059 fenum
2724 3992 2975 4053 jumentis
3009 4000 3056 4043 et
3081 3990 3201 4045 ber-

1664 4087 1779 4141 bam
1805 4084 2039 4139 servituti
2078 4083 2364 4147 hominum,
2407 4094 2464 4135 ut
2507 4081 2695 4136 educas
2729 4095 2908 4147 panem
2937 4080 3001 4133 de
3030 4092 3198 4146 terra;

1659 4189 1707 4233 et
1733 4179 1906 4231 vinum
1939 4176 2173 4236 laetiﬁcat
2208 4192 2295 4228 cor
2317 4176 2559 4237 hominis,
2591 4183 2642 4227 et
2668 4178 2878 4225 caetera.
2912 4172 3000 4225 Ait
3028 4187 3057 4226 a
3085 4175 3200 4242 plu-

1657 4271 1753 4325 via
1777 4268 2073 4325 satietatem
2113 4278 2269 4321 teme
2299 4266 2495 4337 parari,
2526 4264 2634 4319 Deo
2667 4278 2834 4333 aquas
2862 4278 2927 4318 ex
2957 4264 3090 4316 mari
3114 4280 3199 4320 re-

37 4356 220 4427 σμονὴν
248 4358 281 4428 ἡ
307 4356 398 4429 γῆ,
418 4357 510 4411 τοῦ
534 4357 666 4412 Θεοῦ
692 4361 1047 4434 ἐργαζομένου
1074 4364 1170 4437 τὴν
1200 4368 1262 4421 ἐκ
1293 4367 1559 4439 Θαλάσσης

1666 4362 1905 4416 ducente.
1935 4358 2136 4414 Deinde
2165 4358 2365 4412 indicat
2405 4357 2683 4413 utilitatem
2719 4354 2843 4409 hinc
2869 4370 3194 4424 promanan-

33 4444 131 4496 τῶν
157 4446 359 4499 ὑδάτων
382 4448 684 4520 ἀναγωγήν.
714 4445 845 4503 Εἶτα
869 4432 964 4523 τὴν
993 4432 1237 4509 ἐντεῦθεν
1254 4432 1558 4514 ὑποδείκνυέ-

1666 4462 1787 4515 tem,
1809 4452 1935 4522 quia
1972 4464 2230 4521 aquarum
2271 4447 2580 4516 irrigatione
2611 4445 2956 4516 impinguata,
2986 4447 3195 4499 cunctis

38 4550 113 4585 σιν
135 4537 409 4605 ὠφέλειαν,
434 4540 525 4592 ὅτι
564 4539 843 4593 πιανθεϊσα
872 4544 934 4595 ὲκ
964 4546 1062 4615 τῆς
1088 4546 1193 4599 τῶν
1232 4549 1436 4601 ὑδάτων
1465 4568 1553 4619 χο-

40 4627 217 4692 ρηγίας
261 4631 294 4698 ὴ
347 4632 437 4699 τῆ,
462 4629 791 4695 ἐξανατέλλει
820 4634 929 4696 τοῖς
955 4636 1046 4688 ἀπ’
1074 4638 1238 4707 αὐτῆς
1265 4640 1432 4692 ἅπασι
1460 4640 1555 4703 τὰς

38 4716 353 4787 προσφόρους
380 4721 584 4790 τροφάς
601 4738 615 4752 ο
652 4721 915 4793 ἀνθρώπῳ
948 4726 1044 4794 μὲν
1071 4728 1273 4795 εὐγενεῖ
1296 4728 1436 4797 ζώῳ,
1463 4733 1556 4783 καὶ

38 4800 129 4852 ὑπὸ
150 4805 235 4857 τοῦ
264 4806 397 4898 Θεοῦ
419 4813 775 4889 τετιμημένῳ,
802 4812 1072 4885 ἐξαίρετον
1112 4818 1206 4871 καὶ
1245 4820 1554 4891 άφωρισμέ-
1603 4889 1609 4898 _

39 4906 122 4958 νην
158 4896 373 4967 τροφὴν,
408 4898 702 4969 ἄρτον,.καὶ
732 4900 869 4956 οἶνον
900 4906 994 4958 καὶ⁵
1021 4908 1223 4961 ἔλαιον·
1255 4908 1415 4977 ἄρτον
1456 4914 1551 4980 μὲν

39 4980 119 5071 ἐπὶ
156 4985 227 5055 τῷ
273 4987 613 5057 στηρίζεσθαι
656 4994 747 5047 καὶ
790 4994 1145 5067 δυναμοῦσθαι
1176 4998 1271 5069 τὴν
1306 5000 1549 5071 καρδίαν,

39 5064 158 5161 οἶνον
196 5075 253 5129 δὲ
281 5079 372 5131 ἐπὶ
410 5078 490 5148 τῷ
519 5064 997 5155 κατευφραίνεσθαι
1028 5090 1123 5161 τὴν
1146 5064 1337 5161 ψυχὴν,
1379 5064 1550 5147 ἔλαιον

38 5159 85 5212 δὲ
107 5165 189 5219 ἐπὶ
205 5170 280 5240 τῷ
302 5172 680 5243 φαιδρύνεσθαι
704 5179 765 5231 τὸ
791 5179 965 5251 σῶμα,
984 5159 1452 5251 κιῄάπαλύνεσθαι
1475 5187 1553 5238 θε-

42 5259 378 5345 ρξπξυόμενον
416 5265 479 5316 ὲκ
502 5266 598 5334 τῆς
624 5269 879 5324 ἐπιπόνου
915 5273 1337 5345 σκληραγωγίας.
1368 5273 1548 5341 Οὕτως

39 5340 164 5441 ξιῦτῷ
189 5347 436 5441 πλρυσίαν
479 5356 572 5437 καὶ
614 5358 676 5409 ὲκ
717 5361 971 5416 πλειόνων
1011 5340 1279 5435 τράπεζαν
1308 5364 1386 5426 εἰς
1416 5340 1546 5419 ἀπόε

42 5434 201 5524 λευσιν
219 5434 301 5491 οἷα
328 5444 506 5516 πατὴρ
528 5434 563 5498 ’ό
588 5446 715 5511 Θεὸς
746 5434 1065 5523 ἐδωρήσατο,
1097 5452 1169 5504 Ob
1198 5452 1299 5522 μὴν
1333 5453 1420 5504 καὶ
1448 5455 1545 5524 τῆς

40 5522 130 5615 τῷν
156 5526 343 5585 λοιπῶν
381 5534 530 5597 ζώων
556 5522 999 5615 κατωλιγώρησεν
1030 5544 1357 5614 ἐπιμελείας·
1390 5522 1546 5615 φρον-

44 5614 176 5678 τεζων
210 5622 261 5674 δὲ
305 5627 397 5678 καὶ
437 5630 772 5701 τῆς-τούτων
813 5614 1065 5707 διαμονῆς
1088 5637 1182 5706 τὴν
1210 5614 1543 5707 ἁρμόζονσαν

118 5772 134 5800 ‘
169 5771 286 5831 Gen.
324 5792 372 5844 ι,
409 5780 489 5835 Η.

1659 4544 1849 4599 incolis
1871 4544 1981 4598 suis
1992 4547 2370 4610 congruentem
2386 4538 2563 4591 cibum
2578 4536 2777 4606 profert
2792 4557 2818 4604 -;
2840 4538 3041 4591 homini
3066 4544 3189 4605 qui-

1655 4634 1772 4687 dem
1803 4634 1964 4689 nobili
1979 4628 2217 4693 animali,
2241 4637 2294 4682 et
2314 4628 2451 4698 apud
2479 4627 2643 4681 Deum
2675 4629 2728 4682 in
2754 4629 2954 4683 honore
2988 4630 3188 4692 habito,

1656 4725 1909 4778 eximium
1938 4738 1999 4778 ac
2024 4722 2276 4777 selectum
2306 4719 2506 4781 cibum,
2529 4734 2741 4789 panem,
2762 4721 2964 4781 vinum,
2995 4728 3047 4772 et
3079 4722 3189 4773 ole-

1652 4831 1761 4882 um;
1794 4829 1980 4884 panem
2008 4812 2219 4881 quidem
2251 4825 2356 4881 quo
2384 4812 2481 4864 'cdr
2510 4809 2761 4865 fulciatur
2801 4821 2851 4864 et
2883 4810 3185 4873 roboretur,

1645 4908 1824 4961 vinum
1854 4920 1959 4974 quo
1986 4904 2164 4957 anima
2192 4904 2506 4967 lastiﬁcetur,
2533 4904 2706 4958 oleum
2746 4918 2853 4972 quo
2875 4917 3070 4970 corpus
3098 4919 3190 4956 ex-

1647 4998 1906 5050 hilaretur
1949 5005 2108 5065 atque
2134 5011 2164 5049 a
2217 4995 2484 5051 laboriosa
2517 4995 2893 5063 defatigatione
2946 5006 3181 5047 curetur.

1648 5088 1731 5142 Sic:
1785 5097 1957 5142 autem
1990 5088 2062 5141 illi
2098 5088 2329 5157 opimam
2369 5097 2420 5143 et
2441 5087 2926 5141 variisinslructam
2949 5100 3183 5137 mensam

1647 5178 1711 5231 ad
1743 5194 1899 5232 usum
1928 5192 2025 5232 ceu
2058 5186 2203 5248 pater
2226 5178 2451 5249 paravit
2478 5177 2638 5231 Deus.
2671 5173 2852 5243 Neque
2877 5184 3049 5231 tamen
3077 5192 3181 5230 ca:-

1648 5281 1883 5325 terorum
1916 5272 2228 5325 animalium
2261 5286 2443 5325 curam
2478 5271 2740 5339 neglexit;
2776 5272 2864 5326 sed
2899 5270 2964 5324 de
2998 5283 3078 5324 eo:
3096 5285 3180 5320 um

1646 5378 1857 5433 quoque
1886 5365 2288 5419 conservatione
2329 5364 2609 5430 sollicitus,
2646 5373 3023 5434 congruentem
3051 5362 3180 5430 ipsis

1645 5470 1822 5509 escam
1882 5456 2328 5519 subministravit,
2388 5454 2566 5509 fenum
2624 5455 2835 5525 quidem
2885 5454 3173 5522 jumentis,

1646 5546 1887 5601 servituti
1921 5558 2094 5603 autem
2139 5547 2432 5610 hominum,
2476 5547 2691 5601 herbam
2724 5544 3039 5615 producens.
3072 5547 3176 5596 Ae-

1643 5640 1979 5695 curalissime
2009 5654 2135 5695 vero
2161 5640 2414 5708 prephela
2451 5632 2755 5694 animalium
2782 5637 3171 5692 diSlinClium-m
