3950 6350
30 482 187 539 5377

1157 476 1660 535 COMMENTARIA
1698 476 1764 533 ΙΝ
1799 475 2132 539 ΡεΑιΜοε.

3096 473 3234 532 1278

28 602 277 655 δόντων
297 615 369 669 με
387 614 399 629 ⁸
429 598 715 665 utatur-ac
736 599 806 652 ἐν
830 597 1010 663 ἐλαίῳ
1030 596 1145 665 τὴν
1167 595 1434 666 κεφαλήν
1455 614 1595 666 μου,

1714 612 1819 651 'um
1841 596 2023 651 dicent
2069 614 2083 649 :
2121 593 2339 647 Parasts'
2361 592 2415 646 in
2449 599 2717 661 conspectu
2750 608 2861 647 meo
2899 607 3125 647 mensam
3148 591 3241 646 ad-

28 692 133 746 καὶ
173 691 249 743 τὸ
274 688 549 758 ποτήριόν
565 707 683 759 μου
705 690 1009 757 μεθύσκον
1025 689 1103 753 ὡς
1132 686 1471 756 κράτιστον.
1486 687 1599 739 Καὶ

1714 701 1873 741 tomis
1904 702 1988 739 eos
2015 685 2104 756 qui
2132 682 2385 737 tributant
2421 698 2535 746 me;
2571 682 2908 752 impinguasti
2940 684 2997 736 in
3023 682 3134 736 oleo
3156 698 3241 737 ca-

28 785 99 838 τὸ
136 782 321 849 ἔλεός
344 798 458 836 σου
487 779 903 843 καταδιάήίεταί
927 796 1001 848 με
1027 778 1224 844 πάσας
1246 777 1350 843 τὰς
1380 776 1598 845 ἡμέρας

1714 786 1791 831 rut
1821 792 2009 841 meum,
2042 784 2093 830 et
2125 774 2265 828 catis:
2294 791 2435 833 mm
2458 774 2739 839 inebrians,
2774 789 2930 843 quam
2955 775 3240 842 praclarus

30 871 150 938 τῆς
181 869 334 938 ζωῆς
347 888 485 939 μου,
507 870 603 922 καὶ
627 867 691 921 τὸ
718 868 1009 923 κατοικεῖν
1032 885 1109 933 με
1132 868 1198 922 ἐν
1222 868 1361 932 οικῳ
1380 866 1599 935 Κυρίου

1714 875 1805 921 tst.-
1839 865 1909 922 Et
1950 865 2309 920 misericordia
2368 876 2459 919 tua
2515 864 2847 935 subsequetur
2876 880 2971 917 me.
3003 862 3242 917 omnibus

32 965 124 1026 εις
147 962 496 1031 μικρότητα
523 956 771 1027 ἡμερῶν·

116 1138 238 1190 Τοῦ
298 1134 608 1203 ἐξαγαγεῖν
667 1134 840 1201 ἄρτον
878 1135 947 1187 ἐκ
984 1133 1091 1201 τῆς
1134 1137 1263 1204 γῆς,
1310 1135 1408 1189 καὶ
1442 1134 1603 1197 οἶνος

37 1228 355 1297 εὐφραίνει
391 1225 635 1294 κιφόίαν
668 1225 976 1293 ἀνθρώπου
996 1243 1009 1257 ·
1029 1226 1131 1279 τοῦ
1165 1225 1434 1293 ίλαρῦναι
1464 1224 1603 1291 πρό-

40 1334 261 1373 σωπον
307 1318 380 1371 ἐν
424 1316 624 1383 ἐλαίῳ,
664 1317 759 1370 καὶ
790 1316 965 1384 ἄρτος
1009 1316 1255 1385 καρδίαν
1297 1315 1604 1395 ἀνθρώπου

40 1408 339 1478 στηρίξει.»
362 1408 541 1475 ’Δξιον
580 1407 807 1461 ἐνταῦθα
839 1406 1065 1478 ζητῆσαι
1098 1408 1239 1470 τίνος
1259 1408 1413 1479 χάριν
1440 1406 1606 1460 εἰπὼν

44 1501 73 1550 ό
104 1499 292 1561 Δαυῖδ,
316 1502 346 1552 ό
376 1499 732 1566 ὲξανατὲλλων
790 1499 978 1569 χόρτον
1024 1500 1134 1561 τοῖς
1167 1498 1437 1566 κτήνεσιν,
1474 1497 1607 1566 ἐπή-

46 1612 189 1663 γαγε
212 1612 227 1626 ο
264 1595 374 1649 Τοῦ
417 1594 722 1665 ἐξαγαγεῖν
748 1588 925 1660 ἄρτον
950 1594 1019 1646 ἐκ
1062 1591 1169 1661 τῆς
1210 1591 1339 1662 γῆς,
1381 1589 1487 1644 ὰπὸ
1515 1588 1606 1642 τοῦ

50 1688 206 1741 σίτου
247 1687 443 1759 δηλαδὴ
474 1684 1023 1755 κατασκευαζόμενον.
1057 1684 1120 1736 Τί
1147 1682 1274 1735 ποτέ
1301 1684 1447 1735 ἐστιν
1476 1681 1609 1749 ὅπερ

50 1778 364 1842 αἰνίξασθαι
409 1779 681 1850 βούλεται;
733 1780 854 1831 Ὅτι
902 1777 961 1831 τὸ
1013 1775 1142 1829 αὐτὸ
1197 1773 1415 1843 σπέρμα
1458 1774 1610 1840 κοινὴ

54 1870 267 1937 γίνεται
300 1871 465 1942 ἐδωδὴ
514 1872 609 1923 καὶ
637 1870 847 1937 ἀλόγοις
877 1869 969 1922 καὶ
1006 1866 1325 1937 ἀνθρώποις,
1366 1865 1425 1917 οὐ
1473 1862 1611 1917 κατὰ

1703 957 1881 1013 diebus
1920 960 2038 1012 vitm
2066 974 2211 1021 mem,
2239 966 2289 1011 et
2317 966 2371 1010 ut
2394 956 2674 1011 inhabitem
2694 958 2748 1011 in
2773 956 2923 1011 domo
2950 955 3162 1012 Domini
3189 956 3244 1009 in

1702 1049 2070 1119 longitudinem
2092 1048 2301 1102 dierum
2316 1051 2379 1103 ³⁹.

1779 1140 1845 1195 Ut
1878 1140 2067 1217 educas
2092 1155 2279 1209 panem
2308 1139 2371 1194 de
2411 1149 2571 1204 terra,
2605 1154 2654 1194 et
2689 1142 2863 1193 vinum
2898 1140 3129 1210 lwtiﬁcat
3155 1159 3245 1199 cor

1705 1228 1929 1283 hominis
1947 1237 2049 1292 ,“ut
2078 1228 2331 1282 exbilaret
2359 1226 2547 1297 faciem
2577 1230 2630 1281 in
2658 1228 2788 1294 oleo,
2812 1238 2859 1282 et
2880 1231 3029 1299 panis
3050 1247 3138 1284 cor
3161 1232 3247 1286 ho-

1704 1319 1866 1375 minis
1897 1321 2194 1390 conﬁrmat.
2226 1319 2326 1373 Hic
2359 1326 2661 1389 opportune
2702 1330 2994 1389 quaeratur,
3030 1336 3132 1391 qua
3172 1321 3240 1375 de

1706 1423 1873 1465 causa
1904 1426 2028 1465 cum
2058 1411 2286 1466 dixisset
2343 1409 2509 1465 David
2543 1434 2553 1466 :
2591 1410 2889 1464 Producens
2942 1412 3114 1480 fenum
3159 1411 3246 1477 iu-

1710 1502 1937 1564 mentis;
1969 1501 2328 1570 subjunxerit,
2360 1500 2428 1554 Ut
2463 1501 2653 1557 educas
2685 1518 2868 1567 panem
2890 1502 2953 1556 de
2997 1513 3152 1567 terra,
3183 1519 3244 1558 ex

1709 1595 1978 1651 frumento
2011 1612 2203 1666 nempe
2229 1595 2558 1654 confectum.
2594 1597 2730 1663 Quid
2763 1606 2940 1653 autem
2973 1607 3060 1654 est
3109 1600 3249 1669 quod

1710 1687 1994 1741 insinuare
2042 1685 2198 1739 vult?-
2227 1684 2371 1740 ldem
2427 1687 2636 1742 scilicet
2684 1701 2867 1743 semen
2914 1695 3250 1744 communem

1709 1792 1887 1833 escam
1918 1791 2037 1832 esse
2065 1783 2173 1830 tam
2214 1776 2389 1833 brutis
2441 1792 2601 1846 quam
2635 1778 2962 1848 hominibus,
2995 1781 3090 1836 sed
3144 1796 3251 1835 non

1715 1871 1897 1925 eadem
1929 1870 2155 1925 ratione.
2191 1869 2365 1938 Atque
2400 1869 2533 1923 illud
2582 1869 2673 1925 Dei
2706 1871 2980 1939 sapientiae
3025 1868 3255 1925 fuit.‘Et

54 1962 117 2013 τὸ
148 1962 301 2014 αὐτό.
346 1941 461 2014 Καὶ.
480 1962 634 2015 τοῦτο
664 1962 719 2015 δὲ
751 1962 848 2030 τῆς
879 1960 971 2013 τοῦ
1006 1959 1138 2013 Θεοῦ
1172 1957 1376 2026 σοφίας.
1414 1956 1607 2009 Σκόπει

1720 1975 1845 2016 vero
1868 1962 1919 2014 id
1950 1958 2349 2013 animadvertas
2379 1960 2572 2013 velim:
2604 1961 2874 2029 spargitur
2902 1954 3251 2024 frumentum,

56 2052 145 2109 δέ·
194 2052 600 2107 Καταόάλλεται
646 2054 808 2115 σῖτος,
860 2052 995 2114 τέως
1028 2051 1125 2120 μὲν
1172 2048 1471 2121 ἀνθρώπων
1500 2052 1613 2102 ἐστὶ

58 2142 237 2211 τροφὴ
282 2144 466 2211 μόνον’
508 2141 723 2195 ἐπειδὰν
762 2142 818 2195 δὲ
853 2140 1140 2212 βλαστάνῃ,
1172 2141 1342 2203 hum
1382 2142 1475 2196 καὶ
1518 2141 1612 2209 τὴν

60 2234 169 2287 τῶν
196 2234 402 2302 ἀλόγων
432 2234 565 2303 ἔχων
597 2236 820 2306 τροφήν.
858 2235 1062 2305 Ὥσπερ
1092 2235 1199 2304 γὰρ
1232 2235 1361 2289 αὐτὸ
1394 2235 1451 2286 τὸ
1480 2230 1612 2286 εἶναι

61 2324 124 2376 δι’
154 2326 304 2394 ἡμᾶς
335 2324 487 2377 ἔλαϐε
520 2324 587 2377 τὰ
620 2323 751 2389 ζῶα,
780 2323 919 2377 οὕτω
952 2325 1045 2378 καὶ
1073 2327 1105 2395 ἡ
1137 2325 1305 2395 τροφὴ
1351 2324 1525 2379 αὐτῶν
1552 2326 1615 2375 ὲκ

66 2419 162 2489 τῆς
189 2418 462 2489 ἡμετέρας
502 2418 703 2489 τροφῆς
730 2418 840 2490 εχει
872 2418 965 2499 τὴν
1009 2420 1198 2489 ἀρχήν·
1245 2419 1308 2469 'H
1339 2418 1443 2487 γὰρ
1487 2415 1613 2485 χλόη

65 2506 155 2563 διά
184 2506 340 2565 τοῦτο
371 2508 789 2579 προηγουμένως
817 2502 1054 2577 γέγονεν,
1092 2507 1176 2558 ἵνα
1220 2506 1309 2557 τὸν
1332 2507 1474 2557 σῖτον
1500 2504 1614 2557 δια-

65 2601 229 2669 τηρῇ.
259 2595 410 2660 Εἶδες
440 2594 532 2655 οὖν
558 2598 627 2650 τὰ
654 2597 821 2664 ἄλογα
847 2598 906 2651 οὑ
944 2597 1100 2666 μόνον
1122 2597 1249 2664 ἡμῖν
1281 2595 1612 2658 δουλεύοντα,

69 2688 203 2740 ἀλλὰ
227 2687 319 2740 και
343 2687 441 2763 τὴν
472 2686 672 2757 τροφὴν
704 2686 809 2739 τῶν
836 2686 1039 2752 ἀλόγων
1071 2687 1136 2755 τῇ
1171 2684 1414 2756 ἡμετέρᾳ
1445 2689 1614 2757 τροφῇ

72 2778 532 2848 ὑπηρετουμένην,
571 2777 665 2831 καὶ
695 2778 760 2847 τῇ
784 2771 943 2841 ’τάξει
994 2776 1152 2829 πάλιν
1198 2777 1256 2829 τὸ
1302 2774 1429 2830 αὐτὸ
1466 2778 1619 2831 τοῦτο

76 2866 429 2936 μιμουμένην.
466 2867 674 2935 Ὠσπερ
702 2867 806 2935 γάρ
849 2864 1107 2937 πρότερον
1146 2866 1333 2933 ἄλογα,
1369 2868 1460 2924 καὶ
1498 2868 1618 2921 τότε

75 2956 372 3027 ἄνθρωπος,
406 2956 589 3027 ἐπειδὴ
620 2956 711 3013 διὰ,
735 2957 823 3011 τὸν
850 2954 1130 3028 ἄνθρωπον
1158 2957 1225 3010 τὰ
1252 2958 1447 3025 ἄλογα·
1482 2959 1619 3011 οὕτω

77 3048 163 3099 καὶ
182 3048 395 3118 πρῶτον
416 3048 571 3118 χλόη.
589 3048 679 3101 καὶ
701 3048 817 3101 τότε
843 3050 983 3112 σῖτος
1010 3050 1067 3100 ὲν
1093 3050 1158 3119 τῇ
1188 3048 1409 3120 βλάστῃ,
1436 3048 1618 3117 ἐπειδὴ

78 3139 161 3191 διὰ
186 3140 276 3192 τὸν
308 3143 447 3193 σῖτον
476 3142 509 3211 ἡ
540 3140 686 3211 χλόη.
720 3139 833 3193 Καὶ
856 3136 1016 3205 οἶνος
1045 3140 1346 3207 εὐφραίνει
1374 3140 1621 3205 καρδίαν

80 3229 402 3298 ἀνθρώπου.
431 3231 510 3285 Οὐ
552 3232 681 3294 πᾶς,
707 3231 739 3300 ἢ
774 3230 931 3301 μόνος
970 3232 997 3283 ό
1026 3230 1122 3298 τὴν
1154 3229 1368 3301 ,γένεσιν
1397 3228 1531 3298 ἔχων
1558 3230 1621 3280 ὲκ

80 3319 167 3370 τοῦ
210 3322 482 3386 εἰπόντος·
542 3320 686 3391 Ἐγώ
716 3323 829 3390 ειμι
876 3322 914 3389 ἠ
961 3318 1223 3389 ἄμπελος
1263 3321 1301 3387 ἠ
1346 3317 1615 3385 ἀληθινή.

94 3411 223 3465 Ἀλλ’
264 3413 384 3466 ἐπεὶ
413 3414 482 3468 τά
524 3414 753 3485 αἰσθητά
782 3414 958 3468 πάντα
984 3414 1055 3483 γῆ
1082 3414 1169 3467 διὰ
1198 3413 1257 3465 τὸ
1292 3412 1467 3465 ὑλικὸν
1506 3413 1621 3464 ὀνο-

86 3505 323 3573 μάζεται,
347 3508 426 3569 είς
448 3505 630 3559 τοῦτον
650 3506 705 3559 δὲ
727 3505 906 3560 λαϐεῖν
928 3508 1040 3559 ὲατι
1062 3505 1215 3571 λόγον
1240 3504 1624 3567 ἁναὸιόάζοντα

82 3597 163 3649 διά
188 3614 328 3661 τινος
358 3597 640 3664 ἀναλογίας
666 3599 756 3649 ἐπὶ
784 3597 851 3650 τὰ
885 3596 1048 3667 νοητά
1065 3612 1077 3626 ·
1115 3595 1209 3646 καὶ
1237 3591 1385 3657 οὗτος
1418 3597 1445 3647 ὁ
1472 3595 1625 3663 λόγος

85 3689 237 3758 ἄρτος
268 3690 411 3739 ἐστὶν
438 3689 504 3740 ὲκ
545 3686 640 3755 τῆς
672 3688 772 3757 γῆς
817 3687 1157 3756 ἐξαγόμενος,
1191 3687 1281 3737 ἐπὶ
1314 3686 1374 3737 τὸ
1411 3686 1624 3755 τρέφειν

86 3777 170 3828 τὸν
202 3777 346 3828 ἔνδον
382 3778 474 3829 καὶ
516 3777 573 3829 ὲν
619 3775 843 3847 κρυπτῷ
888 3777 1186 3849 ἄνθρωπον,
1228 3778 1320 3834 καὶ
1366 3778 1471 3829 ἀπὸ
1518 3778 1624 3829 τῶν

91 3865 406 3934 σωματικῶν
435 3866 490 3919 δὲ
516 3867 612 3937 τῆς
645 3868 857 3938 γραφῆς
894 3866 1239 3937 διηγημάτων
1268 3868 1352 3920 διὰ
1385 3868 1444 3919 τὸ
1484 3869 1624 3920 ίστο-

91 3958 228 4024 ρικδν
264 3959 334 4029 γῆ
379 3949 678 4031 εἰρημένον.
716 3961 907 4029 Ἀρτος
945 3959 1263 4028 ἐξαγόμενος
1308 3961 1334 4009 ὁ
1372 3959 1626 4027 μυστικάς

90 4049 193 4100 ἐστι
222 4048 394 4115 λόγος.
445 4048 554 4101 Τοῦ
580 4034 939 4119 ᾀξιλαρῦναι
965 4048 1284 4114 πρόσωπον
1315 4047 1382 4100 ἐν
1424 4048 1625 4110 ἐλαίῳ,

91 4140 179 4191 καί
218 4140 393 4207 ἄρτος
431 4139 678 4207 καρδίαν
704 4138 1011 4205 ἀνθρώπου
1042 4125 1312 4205 στηρίξει.
1358 4139 1625 4210 Ἰλαρύνε-

1716 2052 2162 2123 atquehaetenus
2207 2052 2424 2122 quidem
2467 2044 2754 2104 hominum
2795 2059 2878 2107 est
2919 2051 3255 2117 cibus;cum

1716 2154 1898 2202 autem
1928 2144 2325 2216 germinaverit,
2390 2144 2652 2213 exsurgit,
2696 2143 2979 2197 brutorum
3042 2130 3257 2215 quoque

1714 2237 2027 2289 alimentum
2058 2234 2363 2303 proferens.
2396 2232 2853 2299 Quemadmodum
2883 2235 3025 2289 enim
3051 2235 3257 2289 anima-

1714 2326 1785 2381 lia
1814 2326 1865 2380 id
1895 2324 2063 2379 nostri
2114 2337 2275 2378 causa
2329 2328 2655 2392 acceperunt
2684 2322 2827 2392 quod
2868 2323 3151 2387 exsistant,
3182 2323 3257 2375 ita

1682 2425 1767 2503 ‘et
1796 2430 1921 2471 esca
1954 2415 2166 2469 illorum
2191 2430 2221 2468 a
2250 2423 2440 2468 nostra
2470 2414 2682 2468 initium
2714 2415 2893 2470 habet.
2927 2412 3058 2469 Nam
3090 2412 3257 2467 herba

1716 2510 1836 2564 ideo
1870 2513 2101 2563 maxime
2129 2508 2465 2579 producitur,
2502 2509 2919 2563 ut'frumentum
2951 2514 3252 2564 conservet.

1718 2600 1880 2656 Vides
1904 2601 2069 2671 igitur
2107 2616 2216 2656 non
2248 2602 2422 2659 solum
2454 2602 2614 2655 bruta
2659 2602 2817 2657 nobis
2860 2600 3132 2665 famulari,
3166 2616 3259 2655 ve-

1718 2708 1836 2747 rum
1865 2694 2024 2746 etiam
2060 2692 2240 2746 cibum
2287 2707 2476 2747 eorum
2506 2692 2628 2745 cibo
2674 2701 2861 2746 nostro
2913 2693 3147 2754 servire,
3177 2699 3259 2744 at-

1720 2800 1822 2855 que
1845 2785 2031 2839 eodem
2060 2783 2252 2837 ordine
2274 2790 2327 2837 et
2348 2772 2555 2837 ratione
2576 2782 2629 2836 id
2660 2784 2835 2853 ipsum
2864 2798 3039 2853 agere.
3066 2767 3263 2849 Quem-

1719 2874 2006 2929 admodum
2050 2873 2191 2927 enim
2228 2872 2379 2943 prius
2427 2872 2605 2937 bruta,
2655 2872 2847 2927 deinde
2897 2873 3077 2936 homo,
3132 2873 3255 2941 quia

1719 2970 1940 3033 propter
1971 2964 2241 3017 hominem
2298 2964 2489 3029 bruta;
2544 2963 2623 3017 sic
2686 2963 2862 3031 primo
2908 2962 3096 3025 herba,
3133 2976 3252 3015 mox

1721 3052 2048 3106 frumentum
2081 3054 2137 3106 in
2191 3053 2449 3121 germine,
2478 3054 2604 3121 quia
2659 3058 2878 3121 propter
2929 3050 3257 3104 frumentum

1721 3142 1907 3199 herba.
1941 3142 2012 3194 Et
2046 3144 2221 3197 vinum
2256 3143 2489 3211 lati/iant
2538 3160 2625 3196 cor
2665 3143 2885 3197 hominis
2921 3156 2937 3194 :
2967 3156 3072 3194 non
3106 3155 3261 3194 omne

1648 3263 1688 3319 ε
1719 3231 1922 3297 vinum,
1949 3233 2043 3286 sed
2072 3233 2203 3286 illud
2225 3233 2397 3287 solum
2424 3233 2567 3301 quod
2594 3240 2771 3286 ortum
2792 3234 2955 3287 habet
2984 3232 3051 3285 ab
3072 3246 3133 3285 eo
3163 3232 3254 3299 qui

1721 3320 1885 3377 dicit:
1913 3321 2022 3392 Ego
2052 3340 2168 3377 sum
2198 3324 2316 3377 vitis
2342 3339 2461 3375 uera
2473 3322 2541 3375 λθ.
2562 3324 2667 3377 Sed
2695 3324 2820 3393 quia
2844 3325 3062 3377 sensilia
3083 3322 3262 3376 omnia

1722 3415 1790 3471 ob
1819 3415 2101 3469 materiam
2151 3425 2296 3470 terra
2325 3422 2607 3479 vocantur,
2661 3423 2821 3485 atque
2872 3416 2939 3470 de
2982 3417 3075 3470 illo
3124 3414 3264 3468 acci-

1725 3506 1949 3577 piendus
1974 3521 2151 3561 sermo
2175 3516 2279 3573 est,
2310 3507 2399 3576 qui
2427 3506 2655 3575 quadam
2696 3508 2903 3565 ratione
2943 3513 2996 3561 et
3037 3522 3263 3577 pr0por-

1726 3600 1869 3653 tione
1895 3598 1958 3651 ad
1991 3598 2292 3668 spiritualia
2315 3598 2507 3652 deinde
2527 3598 2717 3667 erigit;
2749 3598 2834 3651 hic
2861 3614 3074 3667 quoque
3090 3614 3266 3653 sermo

1724 3690 1880 3756 panis
1909 3696 1991 3742 est
2019 3689 2084 3742 de
2105 3696 2250 3743 terra
2280 3687 2528 3750 eductus,
2564 3694 2623 3740 ut
2646 3688 2953 3741 interiorem
2982 3694 3034 3740 et
3058 3688 3267 3741 ‘occul—

1725 3787 1839 3832 tum
1866 3779 2139 3850 hominem
2169 3781 2373 3835 nutriat
2405 3798 2417 3832 :
2454 3789 2613 3849 atque
2646 3794 2674 3833 a
2697 3782 2969 3849 corporeis
3021 3778 3265 3847 Scriptu-

1726 3885 1799 3922 rze
1830 3871 2259 3934 narrationibus,
2292 3871 2363 3925 ob
2393 3871 2695 3924 naturalem
2722 3872 2955 3925 historiae
2976 3870 3261 3931 rationem,

1724 3970 1866 4015 terra
1900 3960 2121 4014 dicitur.
2169 3960 2333 4014 Panis
2366 3961 2563 4030 quippe
2604 3961 2853 4023 eductus,
2893 3967 2976 4014 est
3002 3960 3262 4028 mysticus

1725 4064 1923 4105 sermo.
1958 4049 2024 4102 Ut
2050 4050 2304 4103 exhilaret
2334 4050 2521 4117 faciem
2562 4050 2614 4103 in
2647 4050 2780 4113 oleo,
2810 4048 2858 4102 et
2881 4050 3033 4117 panis
3064 4065 3153 4103 cor
3173 4050 3265 4101 lto-

1725 4141 1877 4193 minis
1900 4141 2195 4208 conﬁrmat.
2217 4139 2559 4193 Exhilaratur
2578 4156 2742 4211 porro
2765 4157 2827 4195 ac
2851 4140 3151 4197 illustratur
3184 4141 3266 4193 in-

90 4247 171 4281 ται
196 4231 247 4283 δὲ
281 4231 372 4283 καὶ
402 4230 743 4301 φαιδρύνεται
772 4230 828 4282 τὸ
861 4229 1141 4298 πρόσωπον
1171 4229 1401 4307 τοῦηεσω
1424 4228 1618 4300 ἀνθρώρ

1724 4230 1940 4286 terioris
1972 4231 2207 4285 hominis
2235 4230 2402 4286 facies
2437 4233 2575 4295 oleo,
2608 4232 2751 4301 quod
2776 4232 3011 4285 divinam
3052 4232 3147 4285 alit
3185 4232 3260 4284 lu-

94 4337 185 4372 που
214 4320 375 4390 ἐλαίῳ
404 4318 481 4389 τῷ
517 4318 789 4391 Θρεπτικῷ
818 4318 907 4371 τοῦ
945 4317 1086 4371 θείου
1112 4318 1304 4385 φωτὸς,
1336 4318 1429 4371 καὶ
1452 4317 1618 4370 λύοντι

1726 4338 1864 4387 cem,
1890 4338 1953 4376 ac
1986 4324 2207 4377 morbos
2238 4324 2560 4394 laboresque
2594 4326 2787 4378 anima:
2823 4325 3002 4386 solvit,
3046 4325 3268 4391 solaque

94 4412 180 4476 τὰς
207 4414 386 4477 νόσους
413 4412 506 4466 καὶ
531 4412 655 4474 τοὺς
683 4412 873 4474 πόνους
901 4412 997 4481 τῆς
1024 4410 1220 4481 ψυχῆς,
1253 4410 1460 4481 ἐπινοίᾳ
1495 4410 1618 4481 μόνῃ

1731 4414 2061 4482 intelligendi
2114 4416 2325 4469 ratione
2351 4430 2383 4468 a
2412 4424 2713 4470 memorato
2759 4416 2885 4469 vino
2926 4413 3122 4468 differt.
3172 4415 3267 4468 Dei

98 4505 333 4577 διαφέρον
382 4502 475 4556 τοῦ
527 4502 873 4566 ἀποδοθέντος
914 4502 1075 4555 οἴνου.
1129 4503 1185 4555 '0
1231 4502 1335 4572 γὰρ
1366 4500 1459 4553 τοῦ
1492 4500 1618 4554 Θεοῦ

1728 4503 1923 4573 quippe
1944 4504 2189 4566 verbum,
2223 4512 2281 4556 ut
2306 4503 2452 4565 vitis,
2486 4503 2562 4555 ita
2594 4510 2646 4581 et
2693 4500 2833 4555 oliva
2874 4510 2974 4555 est.
3010 4499 3142 4569 Ego,
3183 4500 3266 4553 in-

97 4595 237 4665 λόγος
264 4596 445 4668 ὥσπερ
474 4595 730 4666 ἄμπελος,
764 4593 903 4647 οὕτω
944 4595 1035 4647 καὶ
1064 4592 1219 4647 ἐλαία
1245 4592 1416 4646 ἐστίν·
1463 4594 1618 4661 Ἐγὼ,

1732 4597 1868 4664 quit,
1901 4596 2034 4648 sicut
2081 4594 2219 4647 oliva
2268 4593 2543 4661 fructifera
2591 4592 2645 4644 in
2708 4590 2859 4644 domo
2915 4589 3097 4644 Dei‘i.
3134 4590 3263 4643 Nam

101 4689 279 4757 φησὶν,
322 4686 464 4759 ὡσεὶ
512 4687 684 4740 ἐλαία
727 4684 1101 4753 κατάκαρπος
1125 4684 1194 4736 ἐν
1236 4681 1316 4747 τῷ
1348 4682 1488 4752 οἴκῳ
1519 4683 1618 4735 τοῦ

1732 4687 1852 4754 ejus
1880 4672 2123 4739 doctrina
2152 4684 2447 4739 secundum
2477 4683 2745 4738 diversam
2789 4683 3067 4743 rationem,
3096 4688 3150 4733 et
3182 4680 3257 4734 vi-

102 4775 252 4829 Θεοῦ.
298 4770 358 4829 Ἦ
387 4774 493 4846 γάρ
520 4773 681 4828 αὐτοῦ
712 4765 1021 4827 διδασκαλία
1045 4770 1184 4825 κατὰ
1214 4770 1464 4840 διάφορον
1506 4772 1618 4839 σχέ-

1729 4791 1855 4830 num
1883 4784 1937 4829 et
1972 4776 2148 4830 oleum
2174 4783 2227 4830 et
2260 4775 2417 4845 panis
2441 4781 2545 4829 est.
3058 4778 3061 4781 '

102 4879 173 4919 σιν
195 4861 329 4927 οἶνός
358 4882 417 4917 τε
449 4866 542 4919 καὶ
570 4865 743 4919 ἔλαιόν
768 4868 880 4919 ἐστι
904 4866 995 4917 καὶ
1028 4864 1207 4934 ἄρτος.

160 4957 625 5027 Χορτασθήσεται
653 4958 725 5011 τὰ
756 4956 909 5020 ξύλα
941 4956 1046 5010 τοῦ
1075 4954 1301 5017 πεδίου,
1339 4956 1397 5007 ai
1428 4954 1622 5024 κέδροι

105 5054 195 5107 τοῦ
217 5049 464 5106 Λιϐάνου
492 5046 563 5113 ἀς
585 5046 919 5115 ἐφύτευσας
935 5062 949 5077 ο
980 5046 1105 5099 ἐκεῖ
1120 5047 1399 5113 στρουθία
1418 5048 1625 5101 ἐννοσ-

106 5145 399 5199 σεύσουσι.
434 5139 541 5195 Τοῦ
573 5136 812 5208 ἐρωδιοῦ
860 5137 899 5205 ἠ
948 5137 1104 5190 οἰκία
1133 5136 1355 5206 ἡγεῖται
1401 5138 1620 5193 αὐτῶνθ

112 5234 200 5307 ὄρη
222 5235 291 5289 τὰ
319 5232 525 5303 ὑψηλὰ
548 5232 675 5299 ταῖς
694 5229 955 5299 ἐλάφοις,
978 5228 1159 5296 πέτρα
1177 5228 1482 5298 καταφυγὴ
1506 5228 1618 5294 τοῖς

1728 5232 1874 5293 petra
1917 5223 2173 5293 refugium
2212 5221 2510 5280 herinaciis.
2568 5219 2887 5277 flebraicum
2916 5219 3188 5289 exemplar
3209 5226 3265 5271 et

111 5327 573 5395 χοιροτρυλλίοις.
624 5323 682 5377 '0
723 5322 965 5392 Ἐϐραῖος
1022 5318 1114 5371 καὶ
1160 5318 1208 5371 oi
1250 5318 1443 5385 λοιποὶ,
1477 5319 1618 5383 ξύλα

1729 5315 1920 5383 reliqui
1983 5314 2331 5385 interpretes,
2394 5314 2539 5383 ligna
2593 5310 2825 5375 Domini,
2864 5310 3083 5365 habent.
3126 5307 3263 5363 Cum

116 5416 201 5469 τοῦ
245 5417 495 5483 Κυρίου,
542 5414 835 5468 τεθείκασι.
882 5406 1169 5474 Διεξελθὼν
1218 5406 1286 5461 τὰ
1337 5400 1618 5480 κάρπιμα,

1724 5406 2009 5461 fructifera
2061 5402 2453 5472 recensuisset,
2504 5404 2808 5458 necessario
2874 5402 3035 5457 etiam
3084 5399 3263 5453 fructu

117 5504 401 5572 ἀναγκαίως
429 5503 745 5575 μνημονεύει
792 5502 891 5581 καὶ,
911 5501 1017 5554 τῶν
1045 5498 1322 5571 ἀκάρπων,
1352 5500 1427 5563 ὡς
1470 5501 1618 5568 ἄναγ-

1726 5500 1963 5553 carentia
1994 5508 2275 5563 memorat,
2302 5505 2492 5567 utpote
2516 5510 2642 5566 quae
2668 5495 2974 5549 hominibus
3002 5492 3067 5546 ad
3102 5506 3262 5581 usum

120 5595 251 5648 χαίαν
300 5574 601 5664 ἀνθρώποις
651 5594 743 5647 καὶ
794 5574 971 5651 αὐτῶν
1025 5589 1363 5660 παρεχόντων
1424 5591 1618 5660 χρείαν.

1729 5591 2036 5644 necessaria
2063 5591 2192 5645 sint.
2222 5589 2449 5658 Ideoque
2488 5590 2603 5657 ipsa
2659 5586 2869 5643 Domini
2909 5574 3259 5652 nuncupavit.

120 5688 200 5743 Διὶ
221 5685 368 5740 τοῦτο
396 5686 486 5754 καὶ
511 5684 709 5755 Κυρίου
732 5685 888 5741 αὐτὰ
916 5681 1362 5755 προσηγόρευσεν,
1385 5680 1458 5746 ὡς
1479 5682 1618 5732 αὐτο

1734 5688 1790 5732 nt
1824 5688 2013 5750 sponte
2034 5680 2333 5746 nascentia,
2358 5695 2533 5750 neque
2571 5695 2731 5735 manu
2757 5678 2933 5743 culta;
2958 5674 3052 5730 sed
3076 5674 3257 5732 divino

1799 4944 1960 5005 Vens.
1994 4948 2177 5007 16-18.
2209 4948 2598 5005 Saturabuntur
2633 4951 2774 5020 ligna
2796 4926 2982 5016 campi,
3008 4946 3147 5002 cedri
3175 4946 3263 5000 Li-

1730 5042 1871 5106 bani,
1893 5058 2021 5111 quas
2051 5042 2323 5110 plantasti,
2354 5039 2463 5093 illic
2488 5056 2720 5108 passeres
2752 5036 3108 5107 nidiﬁcabunt.
3130 5036 3277 5091 Ero?

1732 5132 1806 5185 dii
1835 5132 2017 5185 domus
2066 5132 2173 5183 dua:
2215 5140 2291 5184 est
2340 5147 2518 5185 eorum
2548 5147 2565 5185 :
2597 5139 2791 5183 montes
2840 5127 3029 5181 excelsi
3080 5129 3261 5192 cervis,

176 5839 376 5895 “Psal.
407 5854 535 5906 xm,
569 5839 678 5895 εστ.
755 5842 797 5872 ⁸⁸
836 5838 987 5894 Joan.
1025 5852 1109 5903 xv,
1148 5838 1194 5891 i.
1271 5838 1310 5869 “
1349 5835 1492 5891 Psal.
1527 5832 1605 5901 ιι,
1634 5836 1716 5892 10.
