3994 6354
1408 421 1670 479 ευδεηιι
1705 415 2168 477 CAESARIENSIS
2203 381 2350 472 OPP.
2387 411 2562 468 PARS
2589 409 2672 465 ΙΙΙ.
2695 439 2764 452 --
2801 405 3197 471 EXEGE‘I‘ICA.
3791 403 3841 458 Η

762 537 929 591 verbo
978 530 1353 602 germinautia.
1411 525 1564 585 Ccdri
1618 529 1805 583 Libani
1833 546 1962 599 quas
2019 525 2339 596 ρίαηιαειὶι

2263 525 2289 578 i.
2320 529 2365 586 Α
2391 523 2499 590 φυᾶ
2526 521 2619 574 καὶ
2641 520 2701 572 οὐ
2731 507 3080 588 χειρόκμητα,
3109 515 3242 570 ἀλλά
3278 511 3352 583 τῷ
3380 503 3507 582 θείῳ
3534 512 3674 584 λόγῳ
3699 513 3840 582 βλαστ

762 624 996 680 Pulchre
1053 621 1338 676 cedrorum
1395 620 1777 690 plantationem
1843 617 1950 672 Dco
2020 616 2289 684 ascripsit,

767 715 892 786 quia
917 715 1031 768 sine
1057 713 1165 766 ulla
1225 712 1459 765 humana
1506 725 1635 765 cura
1678 711 1733 763 in
1767 717 1969 764 tantam
2021 707 2296 763 celsitudi-

766 821 888 861 nem
918 810 1294 859 excreverunt.
1337 801 1453 856 Non
1499 801 1643 854 enim
1693 800 1951 870 lignarius
1980 798 2172 868 aliquis
2207 810 2298 852 ea-

766 911 886 949 rum
915 895 1090 948 cultor
1125 892 1226 944 fuit
1249 910 1262 954 ;
1287 875 1381 945 sed
1405 890 1642 945 divinum
1668 890 1887 944 verbum
1918 889 2178 942 montium
2207 901 2298 941 ca-

769 986 980 1040 Cumina
1012 985 1098 1038 his
1127 997 1293 1052 opaca
1327 981 1468 1036 fecit.
1507 981 1658 1046 Quod
1709 980 1753 1034 si
1800 979 1915 1050 ipse
1956 977 2296 1048 plantaverit,

767 1092 894 1132 sane
921 1076 1080 1130 utiles
1114 1081 1277 1128 sunt:
1313 1072 1515 1142 optima
1562 1073 1763 1141 quippe
1801 1076 1928 1124 sunt
1971 1071 2300 1137 quaecunque

767 1167 908 1223 Deus
930 1165 1123 1222 eﬂ'ecit.
1146 1163 1278 1218 Cum
1298 1178 1455 1232 porro
1470 1161 1661 1216 Libani
1685 1168 1941 1230 tanquam
1963 1156 2298 1213 celeberrimi

767 1259 1093 1312 mentionem
1155 1257 1298 1320 fecit,
1355 1271 1563 1310 necnon
1629 1253 1912 1308 cedrorum
1971 1251 2110 1320 ejus,
2165 1249 2299 1304 alios

765 1352 927 1404 etiam
952 1358 1158 1403 montes
1187 1356 1239 1401 et
1267 1347 1488 1402 arbores
1522 1347 1604 1400 his
1636 1345 1979 1415 signiﬁcavit.
2019 1341 2142 1396 Illic
2175 1356 2296 1407 pas-

765 1455 902 1493 seres
946 1437 1304 1507 nidiﬁcabunt.
1349 1435 1533 1490 Erodii
1587 1437 1769 1490 domus
1810 1437 1918 1490 dua:
1982 1445 2059 1490 est
2099 1451 2294 1488 eorum.

765 1529 956 1598 Aquila
1001 1531 1078 1584 sic
1116 1529 1278 1583 habet
1315 1544 1328 1581 :
1364 1528 1482 1582 Illic
1540 1545 1655 1582 aves
1707 1528 2068 1598 nidiﬁcabunt.
2104 1524 2298 1579 Erodio

768 1619 957 1675 abiete;
985 1619 1166 1675 domus
1202 1622 1322 1688 ipsi.
1367 1620 1500 1674 Nam
1555 1620 1637 1674 bat
1685 1620 1815 1690 ipsa:
1865 1619 2086 1674 arbores
2137 1618 2302 1671 alium

766 1711 983 1776 quidem
1028 1711 1357 1777 hominibus,
1387 1711 1549 1766 alium
1579 1725 1706 1767 vero
1740 1709 1928 1766 avibus
1968 1723 2124 1766 usum
2165 1722 2300 1777 pne-

714 1795 721 1799 ’
766 1799 914 1853 bent.

837 1971 1004 2026 Vens.
1054 1972 1140 2027 l9.
1178 1971 1325 2027 Fecit
1359 1973 1534 2027 lunam
1562 1974 1615 2027 in
1637 1984 1864 2044 tempora
1896 1992 1913 2030 :
1947 1976 2027 2031 sol
2069 1977 2296 2046 cognovit

771 2077 1009 2115 occasum
1038 2080 1207 2116 suum.
1234 2065 1367 2119 Cum
1427 2074 1636 2122 terrena
1691 2067 1867 2120 omnia
1914 2068 2297 2133 recensuisset,

768 2151 1222 2224 invisibiliumque
1249 2163 1558 2213 naturarum
1605 2148 1926 2211 creationem
1949 2158 2298 2222 exhibuisset,

771 2243 1029 2296 caelorum
1063 2244 1190 2298 item
1220 2245 1490 2313 opillcium
1533 2247 1949 2310 subindicasset,
1976 2263 2119 2301 nunc
2143 2247 2302 2302 lumi-

769 2334 981 2385 narium
1011 2335 1336 2388 mentionem
1368 2333 1514 2399 facit,
1545 2350 1662 2404 quae
1706 2344 1897 2404 quarto
1951 2335 2038 2390 die
2085 2337 2301 2391 condita

770 2430 916 2477 sunt.
948 2421 1058 2477 Nec
1091 2423 1208 2478 sine
1235 2423 1464 2478 consilio
1502 2424 1734 2478 arbitror
1771 2440 1834 2479 ea
1883 2441 2001 2494 qua:
2053 2427 2301 2496 superius
2331 2479 2344 2488 ,

768 2511 1124 2580 praetermissa
1145 2510 1482 2576 videbantur,
1516 2511 1732 2581 quando
1765 2511 1831 2567 de
1861 2513 2020 2568 rebus
2069 2515 2302 2570 cmlesti-

766 2601 892 2666 bus,
923 2601 989 2656 de
1021 2601 1254 2656 nubibus
1277 2610 1330 2657 et
1353 2603 1525 2659 ventis
1542 2603 1701 2658 verba
1720 2603 1938 2668 fecerat,
1958 2619 2100 2658 nunc
2126 2619 2302 2659 sermo

769 2691 1029 2756 resumit,
1084 2707 1148 2748 ea
1194 2700 1314 2763 post
1368 2701 1446 2748 tot
1493 2692 1598 2746 alia
1639 2694 1903 2748 recensita
1969 2707 2300 2761 memorans;

769 2796 955 2835 verum
975 2791 1034 2834 ut
1052 2781 1241 2836 doceat
1280 2783 1390 2837 haec
1417 2800 1630 2854 quoque
1661 2785 1727 2839 ad
1759 2785 2046 2838 utilitatem
2088 2786 2302 2840 condita

770 2867 960 2923 fuisse.
988 2867 1232 2923 Forsitan
1286 2873 1428 2926 enim
1454 2873 1498 2926 si
1539 2875 1647 2927 haac
1685 2872 1868 2941 primo.
1911 2875 2030 2928 loco
2069 2889 2302 2928 comme-

771 2968 1056 3028 morasset,
1087 2961 1303 3016 occasio
1330 2963 1576 3031 quaedam
1635 2966 1822 3019 relicta
1871 2965 1937 3020 iis
1966 2963 2178 3028 fuisset,
2211 2965 2302 3033 qui

771 3048 928 3119 quasi
960 3049 1140 3105 divina
1168 3059 1221 3104 et
1247 3058 1499 3120 tanquam
1530 3067 1746 3111 causam
1781 3055 2167 3125 productionis
2188 3055 2305 3108 ani-

2395 629 2575 667 σαντα.
2606 613 2673 664 At
2700 607 2894 677 κέδροι
2929 608 3034 661 τοῦ
3066 606 3316 660 Λιϐάνου
3341 603 3415 670 ἇς
3444 604 3787 672 ἐφύτευσας.
3813 607 3843 658 ll

2392 685 2497 766 λΪῶς
2530 701 2606 771 τῷ
2641 701 2758 772 Θεῷ
2801 697 3140 772 προσέγραψε
3184 695 3288 748 τῶν
3321 695 3521 766 κέδρων
3553 694 3648 765 τὴν
3675 695 3843 765 qut-sla

2391 793 2470 846 ὅτι
2495 792 2646 855 ἐκτὸς
2674 790 3015 862 ἀνθρωπίνης
3033 786 3338 858 ἐπιμελείας
3383 786 3472 838 ἐπὶ
3498 786 3739 838 τοσοῦτον
3765 785 3843 854 ηιξ

2394 884 2580 953 θησαν.
2609 883 2681 935 Οὐ
2709 883 2816 952 γάρ
2842 880 3134 951 ἀλσοκόμος
3156 896 3239 942 τις
3265 877 3465 931 τούτων
3487 877 3672 946 γέγονε
3699 894 3845 946 φυτο.

2394 973 2515 1041 τός’
2544 973 2655 1027 ἀλλ’
2679 975 2707 1025 6
2736 972 2874 1035 θεῖος
2919 972 3104 1038 Λόγος,
3145 969 3466 1040 ἀμφιλαφεῖς
3501 968 3596 1033 τὰς
3641 968 3746 1020 τῶν
3791 972 3845 1038 ὀρ

2396 1064 2681 1133 εἰργάσατο
2723 1064 2981 1135 κορυφάς.
3029 1063 3091 1115 El
3121 1062 3176 1115 δὲ
3207 1060 3364 1123 αὐτὸς
3406 1060 3681 1130 ἐφύτευσε,
3716 1061 3845 1112 πάντ

2360 1202 2374 1214 .
2395 1155 2474 1208 ὅτι
2508 1156 2777 1226 χρήσιμα·
2814 1156 2985 1208 πάντα
3021 1154 3126 1226 γὰρ
3157 1155 3254 1207 ὅσα
3286 1151 3536 1222 ἐποίησεν
3562 1154 3590 1206 ό
3615 1151 3762 1215 Θεὸς,
3794 1169 3847 1203 κα

2395 1245 2530 1299 λίαν.
2563 1246 2668 1299 Τοῦ
2710 1245 2808 1318 μὲν
2849 1245 3074 1300 Λιϐάνου
3116 1245 3190 1308 ὡς
3231 1243 3498 1313 ἐπισήμου
3543 1243 3847 1314 μνημονεύει

2395 1336 2487 1389 καὶ
2513 1335 2619 1389 τῶν
2647 1336 2704 1390 ὲν
2745 1335 2890 1406 αὐτῷ
2917 1336 3139 1406 κέδρων,
3171 1333 3265 1388 καὶ
3291 1333 3358 1387 τὰ
3385 1332 3516 1386 ἄλλα
3542 1333 3642 1404 δρη
3686 1334 3776 1386 καὶ
3815 1332 3847 1383 ὁ

2395 1427 2496 1497 δρα
2537 1427 2624 1481 διὰ
2669 1416 2883 1482 τούτων»
2910 1426 3192 1499 ιδήλωσεν.
3228 1424 3391 1478 Ἐκεῖ
3411 1425 3691 1492 στρουθία
3719 1425 3849 1477 ἐνγε

2394 1517 2706 1573 σεύσουσι.
2734 1518 2842 1573 Τοῦ
2865 1517 3102 1586 ἐρωδιοῦ
3131 1518 3167 1584 ἠ
3199 1516 3353 1570 οῑκία
3379 1511 3599 1585 ἡγεῖται
3627 1514 3836 1569 αὐτῶν.

2409 1609 2633 1672 Ἀκύλας
2659 1607 2825 1672 οὓτως
2861 1609 2972 1679 ἔχει
2991 1626 3005 1639 ·
3058 1607 3423 1676 Ἐκεῖίόρνεα
3462 1607 3846 1661 νοσσεύσουσ

2409 1697 2653 1766 Ἕρωδιῷ
2685 1697 2888 1752 ἐλάται
2916 1694 3076 1762 οἷκος
3107 1695 3280 1760 αὐτῷ.
3313 1696 3391 1749 Τά
3420 1695 3527 1768 γὰρ
3574 1696 3707 1750 αὐτά
3749 1696 3851 1748 δένξ

2398 1789 2559 1858 ἀλλην
2610 1789 2708 1859 μὲν
2748 1785 3048 1859 ἀνθρώποις
3085 1786 3290 1858 χρείαν,
3320 1785 3481 1856 ἀλλην
3507 1784 3562 1840 δε
3601 1787 3708 1848 τοῖς
3734 1786 3850 1855 (pavi

2401 1879 2639 1950 παρέχει.

2480 1970 2753 2040 Ἐποίησε
2780 1970 3050 2038 σελήνην
3082 1972 3169 2036 εις
3209 1969 3466 2038 καιρούςτ
3513 1971 3547 2023 ό
3579 1968 3749 2036 ἥλιος
3788 1970 3853 2036 ἔγ

2398 2062 2510 2131 τὴν
2538 2061 2713 2116 δύσιν
2741 2061 2942 2116 αὑτοῦ.
2970 2062 3049 2139 Τά
3090 2061 3241 2116 κατὰ.
3261 2062 3364 2131 γῆν
3392 2060 3601 2115 ἅπαντα
3636 2058 3853 2123 διεξελθί

2371 2155 2491 2206 ικαὶ
2529 2151 2634 2206 τῶν
2677 2151 2917 2222 ἀοράτων
2955 2154 3165 2221 φύσεων
3202 2154 3300 2224 τὴν
3335 2150 3689 2223 δημιουργίαν
3727 2150 3855 2212 δείξε

2399 2245 2492 2297 καὶ
2514 2240 2619 2294 τῶν
2643 2240 2880 2312 οὐρανῶν
2904 2242 3183 2310 ὑποδείξας
3208 2242 3306 2312 τὴν
3330 2239 3562 2310 ποίησιν,
3593 2239 3686 2292 νῦν
3711 2240 3806 2291 καὶ
3836 2257 3855 2290 -.

2399 2336 2695 2406 φωστήρων
2726 2335 2955 2386 ποιεῖται
2979 2333 3077 2404 τήν
3110 2333 3344 2403 μνήμην,
3372 2331 3420 2383 οἳ
3455 2330 3592 2384 κατά
3615 2329 3712 2400 τὴν
3747 2347 3855 2381 τετε

2399 2444 2494 2497 την
2518 2425 2726 2497 ἡμέραν
2759 2423 3017 2493 ὲγένοντομ
3048 2421 3160 2478 Οὐκ
3186 2422 3437 2484 ἀσκόπως
3457 2421 3532 2484 δὲ,
3563 2415 3712 2490 οἶμαι
3757 2420 3824 2472 τὰ

2402 2517 2562 2580 ξαντα
2589 2518 2644 2570 ὲν
2674 2517 2783 2578 τοῖς
2812 2516 2922 2570 ἂνω
2965 2511 3399 2585 παραλελεῖφθαι,
3430 2513 3519 2565 ὅτε
3544 2511 3611 2564 τὰ
3634 2513 3753 2564 κατ’
3783 2512 3838 2562 οὐ
3849 2531 3857 2580 ε

2400 2605 2488 2657 νὸν
2514 2605 2606 2657 καὶ
2655 2603 2719 2656 τὰ
2756 2602 2883 2674 περὶ
2919 2604 3105 2675 νεφῶν
3134 2602 3233 2656 καὶ·
3259 2602 3494 2672 avitum»
3513 2599 3748 2669 ἐλέγετο,
3790 2600 3850 2650 νύ

2399 2694 2552 2762 λόγος
2610 2693 3037 2764 ἐπαναλαμϐάνει
3061 2734 3076 2758 ,
3122 2691 3255 2764 μετά
3301 2692 3528 2745 τοσαῦτα
3570 2690 3859 2763 μνημονεύε

2401 2784 2595 2848 αὐτῶν,
2634 2783 2748 2836 ἀλλ’
2779 2783 2916 2854 ὑπὲρ
2945 2783 3036 2836 τοῦ
3073 2781 3298 2849 διδάξαι,
3327 2784 3406 2837 ὅτι
3438 2782 3533 2838 καὶ
3563 2781 3732 2836 ταῦτα
3760 2799 3856 2851 χρε

2400 2873 2579 2925 ἕνεκεν
2605 2873 2827 2941 ὑπέστη.
2855 2872 3004 2941 Τάχα
3030 2871 3155 2943 γὰρ,
3186 2875 3246 2928 εἰ,
3265 2872 3476 2943 πρῶτον
3505 2871 3681 2926 αὐτῶν
3705 2872 3861 2941 ὲμνηε

2401 2962 2827 3034 νευσεν,ἀφορμή
2850 2979 2934 3025 τις
2959 2962 3302 3016 κατελείπετο
3313 2961 3522 3025 τοῖςώς
3546 2961 3661 3014 θεῖα
3683 2962 3794 3014 δεῖν
3811 2961 3861 3013 αἱ

2404 3058 2576 3112 σέϐειν
2617 3057 2952 3130 ἡγουμένοις,
3003 3057 3106 3111 καὶι
3137 3056 3212 3121 ὡς
3261 3057 3404 3109 αῐτια
3449 3054 3547 3124 τῆς
3577 3054 3683 3108 τῶν
3710 3056 3805 3106 ἐπὶ
3843 3072 3861 3120 1

772 3138 994 3236 malium
1057 3148 1109 3194 et
1171 3139 1440 3194 fructuum
1489 3148 1664 3208 terrae,
1722 3144 1840 3213 ipsa
1904 3143 2126 3199 colenda
2185 3157 2349 3236 esse‘

2285 3157 2372 3236 βε
2404 3148 2551 3213 ζώων
2588 3166 2647 3202 τε
2689 3149 2782 3203 καὶ
2815 3147 3036 3218 καρπῶν
3068 3148 3388 3210 συστάσεως.
3425 3146 3593 3199 Τοῦτο
3621 3145 3751 3215 γοῦν
3776 3147 3824 3197 oi
3852 3163 3862 3192 τ

773 3225 1060 3283 duxerunt.
1087 3227 1199 3284 Hoc
1240 3246 1429 3304 nempe
1449 3247 1570 3291 cum
1605 3234 1680 3290 illi
1707 3235 1800 3304 qui
1831 3249 1861 3288 a
1908 3234 2102 3303 pietate
2145 3235 2303 3288 alieni

771 3324 929 3372 erant
973 3320 1376 3390 existimarent;
1408 3326 1643 3379 animum
1674 3325 1993 3395 appulerunt
2029 3335 2088 3380 ut
2140 3325 2307 3379 solem

772 3411 830 3458 et
866 3404 1066 3474 lunam,
1094 3416 1347 3478 tanquam
1380 3411 1510 3467 deos
1566 3413 1950 3482 generationis,
1986 3413 2225 3468 alimenti
2255 3420 2308 3467 et

775 3495 1089 3553 incrementi
1132 3502 1302 3555 nostri
1335 3511 1604 3570 auctores,
1641 3505 1895 3559 colerent.
1935 3504 2038 3560 Sed
2097 3504 2309 3559 divinus

777 3603 954 3643 sermo
982 3589 1034 3644 id
1065 3592 1283 3648 minime
1311 3596 1502 3662 probat
1535 3614 1548 3648 :
1581 3596 1855 3651 enimvero
1885 3595 2126 3658 aﬂirmat,
2148 3596 2308 3650 etiam

778 3679 910 3732 citra
939 3681 1144 3742 isthzec,
1172 3682 1526 3738 universalem
1575 3684 1717 3739 illam
1760 3685 1853 3741 Dei
1900 3686 2308 3756 providentiam,

779 3783 887 3823 non
914 3770 1089 3822 solum
1115 3786 1233 3840 quae
1262 3773 1316 3826 in
1349 3774 1522 3838 cmlis,
1554 3775 1647 3829 sed
1677 3776 1837 3830 etiam
1876 3789 2008 3846 qure'
2052 3779 2105 3831 in
2147 3787 2308 3844 terra,

779 3858 1031 3912 animalia
1060 3875 1248 3931 nempe
1264 3864 1598 3935 plantasque,
1631 3868 1973 3935 produxisse.
2021 3867 2143 3922 Haec
2187 3869 2310 3923 item

779 3945 991 4018 Moyses
1015 3957 1072 4004 ut
1090 3951 1325 4016 doceret,
1343 3956 1515 4023 primo
1542 3959 1844 4027 plantarum
1867 3960 2200 4014 terrestrium
2224 3973 2313 4014 or-

780 4045 916 4103 tum,
934 4041 1124 4096 deinde
1139 4042 1478 4098 luminarium
1497 4045 1900 4115 productionem
1916 4047 2144 4100 induxit.
2160 4045 2312 4102 Nunc

779 4128 907 4183 item
937 4130 1102 4187 David
1123 4133 1298 4188 denuo
1319 4135 1548 4212 recurrit
1566 4135 1633 4190 ad
1653 4138 1952 4192 caelestium
1972 4138 2114 4192 illam
2135 4138 2313 4208 provi-

782 4221 1040 4291 dentiam,
1073 4240 1134 4280 ac
1161 4228 1306 4280 nulla
1355 4229 1460 4281 alia
1513 4229 1579 4283 de
1619 4243 1782 4284 causa
1828 4231 2098 4285 conditam
2131 4231 2311 4286 lunam

785 4311 950 4369 fuisse.
975 4317 1239 4384 ait,quam
1261 4317 1328 4371 ad
1350 4321 1803 4375 enumerationem
1831 4328 1882 4374 et
1901 4321 2143 4374 notitiam
2166 4336 2313 4375 men-

785 4405 924 4459 sium
947 4415 1000 4460 et
1015 4406 1220 4461 dierum
1240 4423 1252 4457 :
1270 4424 1391 4461 nam
1409 4409 1558 4474 illud,
1577 4412 1628 4463 in
1645 4420 1888 4477 tempora,
1904 4410 2133 4478 idipsum
2149 4410 2313 4480 signi-

2405 3239 2678 3302 εὐσεϐείας
2699 3238 2970 3307 ἀλλότριοι.
2984 3239 3297 3307 νομίσαντες
3318 3237 3645 3309 ᾠρμήθησαν
3671 3235 3846 3288 σέδειν

2406 3331 2556 3394 θεοὺς
2583 3329 2729 3400 ἥλιον
2754 3330 2846 3384 καὶ
2889 3328 3135 3400 σελήνην,
3165 3328 3238 3391 ὡς
3264 3329 3327 3382 ἀν
3371 3329 3469 3398 τῆς
3501 3327 3771 3399 ἡμετέρας
3799 3345 3860 3394 γε

2408 3420 2543 3484 σεώς
2584 3437 2644 3491 τε
2694 3419 2784 3473 καὶ
2827 3419 3029 3491 τροφῆς
3074 3421 3164 3474 καὶ
3207 3419 3480 3490 αὐξήσεως
3519 3417 3740 3479 αἰτίους.
3807 3418 3861 3468 Ἀ

2406 3509 2583 3564 οὐκέτι
2606 3509 2635 3560 6
2661 3508 2800 3572 θεῖος
2836 3510 2989 3579 λόγος
3023 3510 3176 3564 τοῦτο
3216 3511 3557 3583 παρίστησιν,
3587 3508 3698 3562 ἀλλ’
3737 3511 3817 3561 ὅτι
3857 3528 3863 3560 :

2408 3599 2604 3652 τούτων
2657 3600 2810 3663 ἐκτὸς
2835 3603 2867 3670 ή
2896 3599 3120 3654 καθόλου
3155 3602 3372 3670 πρόνοια
3401 3599 3494 3652 τοῦ
3528 3585 3680 3655 Θεοΰ’
3700 3601 3762 3652 οὐ
3793 3602 3860 3668 μό

2405 3685 2475 3739 τὰ
2513 3689 2627 3741 κατ’
2670 3691 2912 3760 οὐρανὸν,
2955 3688 3088 3742 ἀλλὰ
3126 3690 3218 3742 καὶ
3245 3689 3313 3742 τὰ
3335 3690 3426 3742 ἐπὶ
3450 3690 3553 3760 γῆς
3588 3694 3863 3761 συνεστήσς

2409 3779 2521 3843 (ea
2542 3797 2597 3832 τε
2621 3782 2710 3833 καὶ
2728 3782 2884 3850 φυτά.
2902 3780 3070 3834 Τοῦτο
3093 3781 3186 3834 καὶ
3205 3781 3404 3849 Μωσῆς
3424 3779 3627 3846 διδάξαι
3650 3781 3863 3851 suum.

2409 3869 2622 3940 πρῶτον
2656 3871 2914 3942 εἰσήγαγε
2945 3872 3043 3942 τὴν
3076 3870 3182 3924 τῶν
3225 3868 3336 3923 ἀπὸ
3363 3869 3465 3940 γῆς
3504 3870 3686 3940 φυτῶν
3714 3872 3863 3938 γένες

2409 3959 2505 4014 εἷθ’
2530 3963 2696 4027 οὕτως
2721 3964 2818 4035 τὴν
2841 3963 2951 4017 τῶν
2973 3963 3269 4034 φωστήρων
3295 3960 3564 4035 σύστασιν.
3607 3962 3714 4014 Καὶ
3760 3963 3852 4014 νῦν

2407 4058 2435 4109 6
2456 4055 2613 4108 Δαυῒδ
2638 4055 2918 4126 ἀνατρέχει
2940 4054 3097 4109 πάλιν
3115 4054 3205 4106 ἐπὶ
3224 4051 3320 4122 τὴν
3341 4052 3398 4105 ὲν
3417 4050 3659 4123 οὐρανοῖς
3678 4056 3863 4124 πρόνοι

2407 4146 2472 4198 δι’
2512 4145 2661 4199 οὐδὲν
2705 4146 2888 4216 ἕτερον
2929 4144 3027 4216 τὴν
3069 4143 3297 4218 σελήνην
3342 4145 3662 4216 γεγενῆσθαι
3685 4147 3860 4214 λέγων

2409 4237 2542 4308 πρὸς
2569 4236 2794 4307 ἀριθμὸν
2835 4237 2926 4289 καὶ
2968 4235 3250 4304 διάγνωσιν
3293 4236 3474 4306 μηνῶν
3497 4254 3555 4290 τε
3581 4241 3672 4290 καὶ
3698 4239 3863 4307 ἡμερέ

2409 4325 2468 4377 τὸ
2503 4326 2630 4395 γάρ,
2647 4327 2732 4390 είς
2754 4324 3016 4393 καιροὺς,
3046 4324 3200 4378 τοῦτο
3231 4326 3410 4398 δηλοῐ·’
3451 4327 3745 4389 τουτέστιν,
3773 4328 3854 4386 εἰς

2410 4412 2777 4480 διαγινώσκειν
2800 4412 2886 4466 διὰ
2906 4413 3013 4491 τῶν
3035 4416 3090 4468 ιν
3113 4415 3244 4487 αὐτῇ
3264 4416 3476 4488 τροπῶν
3498 4414 3596 4477 τάς
3618 4415 3726 4467 τῶν
3751 4432 3863 4482 καις

786 4495 944 4561 ﬁcat;
976 4497 1027 4550 id
1059 4507 1160 4562 est,
1194 4500 1712 4555 utconversionibus
1733 4501 1850 4569 ejus
1886 4510 2180 4568 temporum
2205 4515 2314 4553 mu-
2345 4505 2363 4558 1

2278 4517 2314 4553 ιο
2345 4505 2388 4558 D
2415 4502 2728 4572 μεταὸολάς,
2761 4504 2839 4566 εἰς
2863 4486 2935 4555 τό
2962 4486 3138 4574 ’μῆνας
3162 4486 3408 4577 ἀριθμεῖν
3436 4505 3529 4557 καὶ
3561 4505 3855 4564 ἐνιαυτούς.

785 4587 1019 4639 tationes
1059 4585 1470 4655 dignoscantur,
1517 4605 1579 4644 ac
1622 4606 1833 4644 menses
1874 4599 2223 4643 numerentur
2261 4597 2318 4644 et

787 4677 933 4730 anni.
957 4675 1088 4731 Nam
1137 4679 1275 4732 luna:
1323 4683 1645 4736 variationes
1671 4682 1726 4736 id
1764 4689 2039 4750 praestant,
2071 4690 2128 4735 ut
2151 4684 2318 4751 possit

786 4774 998 4837 tempus
1049 4773 1592 4828 numerarizmensis
1639 4773 1834 4843 quippe
1873 4790 2178 4829 mensuram
2227 4776 2318 4829 illa

787 4857 1613 4932 incrementoimminutioncque
1645 4879 1745 4919 sua
1774 4865 1966 4931 eﬂicit;
1999 4866 2073 4918 ita
2100 4873 2158 4919 ut
2181 4867 2318 4920 lunae

787 4951 988 5003 creatio
1036 4952 1100 5005 ad
1159 4960 1456 5019 temporum
1509 4955 1806 5010 doctrinam
1836 4955 1976 5010 facta
2007 4957 2097 5010 sit.
2140 4955 2319 5024 Neque

784 5037 998 5092 modica
1023 5040 1147 5095 hinc
1176 5043 1377 5095 utilitas
1405 5045 1600 5106 evenit,
1625 5041 1766 5114 quod
1807 5046 2010 5099 scilicet
2035 5053 2318 5116 tempesta-

791 5137 873 5184 tes
929 5130 1344 5200 dignoscantur,
1404 5143 1457 5186 et
1515 5135 1581 5188 ad
1623 5138 1801 5190 omnia
1860 5137 2148 5206 quemlibet
2201 5151 2320 5190 sese

793 5219 1054 5275 adornare
1111 5222 1334 5280 facultas
1373 5227 1462 5279 sit.
1508 5224 1562 5278 Si
1596 5226 1736 5279 enim
1767 5241 1872 5279 non
1910 5228 1982 5280 ita
2017 5242 2074 5282 se
2103 5242 2195 5282 res
2225 5227 2321 5279 ha-

793 5310 962 5375 beret,
994 5312 1174 5365 omnia
1196 5325 1413 5370 ruerent
1441 5318 1492 5369 in
1536 5316 1798 5382 exitium;
1830 5331 1950 5370 cum
1981 5333 2152 5386 neque
2182 5319 2321 5388 agri»-

794 5403 928 5467 cola,
970 5420 1143 5473 neque
1189 5415 1371 5470 nauta,
1405 5411 1484 5462 vel
1535 5416 1731 5463 terram
1766 5409 1848 5463 vel
1897 5423 2042 5462 mare
2081 5409 2322 5462 sulcandi

799 5503 1157 5560 opportunum
1213 5504 1421 5568 tempus
1469 5502 1830 5567 internoscere
1887 5501 2139 5554 valerent.
2201 5501 2322 5555 Haec

803 5597 958 5648 porro
986 5594 1280 5654 temporum
1318 5590 1522 5651 notitia,
1562 5606 1668 5644 non
1697 5591 2002 5645 hominibus
2029 5591 2206 5654 modo,
2230 5591 2323 5644 sed

799 5672 958 5723 etiam
992 5670 1162 5728 brutis
1204 5675 1394 5730 idonea
1436 5679 1821 5750 utilissimaque
1849 5688 1948 5736 est.
1991 5679 2062 5734 De
2099 5681 2326 5734 lumina-

800 5762 946 5816 ribus
991 5765 1144 5817 etiam
1200 5766 1251 5819 in
1289 5767 1477 5823 Genesi
1523 5771 1752 5827 dicitur:
1784 5773 1896 5817 Si»!
1933 5773 1983 5808 δη
2010 5773 2150 5815 «imm
2193 5782 2237 5822 et
2272 5773 2323 5825 in

2415 4596 2521 4664 γάρ
2560 4594 2656 4664 τῆς
2694 4595 2916 4665 σελήνης
2961 4594 3265 4665 ἀλλοιώσεις
3291 4594 3597 4666 μετρεῖσθαι
3630 4593 3723 4646 τὸν
3771 4597 3863 4666 χρέ

2416 4685 2876 4756 παρασκευάζουσι
2893 4703 2906 4716 ’
2932 4685 3024 4740 τοῦ
3044 4686 3151 4757 γὰρ
3173 4686 3336 4756 μηνὸς
3353 4686 3416 4738 τδ
3435 4683 3629 4756 μέτρον
3651 4684 3788 4755 αὕτη
3817 4707 3863 4738 ττι

2414 4778 2471 4829 ὲν
2506 4777 2788 4840 τοσαύταις
2826 4776 3056 4851 ἡμέραις
3099 4774 3400 4842 αὐξάνουσά
3437 4791 3497 4828 τε
3532 4777 3626 4830 καὶ
3658 4777 3863 4846 φθίνουε

2415 4865 2551 4918 ὥστε
2575 4868 2608 4934 ὴ
2645 4866 2744 4934 τῆς
2787 4864 3009 4934 σελήνης
3035 4863 3357 4934 δημιουργία
3385 4863 3469 4916 διὰ
3491 4864 3588 4936 τὴν
3614 4865 3720 4917 τῶν
3751 4884 3840 4918 και
3849 4887 3863 4936 ε

2415 4955 2750 5008 διδασκαλίαν
2779 4954 3013 5023 γέγονεν’
3042 4955 3152 5024 οὐχ
3184 4955 3217 5023 ή
3249 4952 3478 5022 τυχοῦσα
3508 4955 3565 5008 δὲ
3593 4955 3753 5025 χρεία
3778 4956 3863 5005 tv:

2416 5048 2505 5100 θεν
2529 5047 2740 5100 ἀνύεται
2774 5049 2837 5099 ὲκ
2863 5046 2956 5098 τοῦ
2989 5046 3206 5116 καιροὺς
3247 5045 3440 5098 ειδέναι
3483 5047 3576 5098 καὶ
3604 5061 3851 5114 παρασκε

2417 5136 2598 5200 ζεσθαι
2627 5138 2758 5208 πρὸς
2790 5137 3024 5190 ἅπαντα·
3065 5134 3159 5198 ὡς,
3189 5136 3236 5186 εί
3264 5137 3336 5206 μὴ
3375 5135 3528 5187 τοῦτο
3553 5130 3641 5205 ἦν,
3681 5133 3861 5187 πάντα

2416 5227 2697 5288 ἀπολώλει,
2723 5226 2844 5280 οὐτε
2880 5225 3143 5296 γεωργοῦ,
3183 5223 3302 5276 οὐτε
3334 5226 3546 5285 ναύτου,
3578 5222 3671 5275 τοῦ
3725 5225 3820 5292 μὲν

2418 5316 2516 5385 γῆν
2540 5316 2697 5369 ἀνατέ
2706 5332 2870 5385 μνειν,
2892 5313 2984 5367 τοῦ
3008 5314 3066 5366 δὲ
3085 5313 3182 5382 τὴν
3204 5311 3471 5390 θάλασσαν
3491 5312 3683 5374 εἰδότος
3703 5315 3763 5364 ὲν
3784 5332 3854 5367 κα

2418 5402 2493 5472 τῷ
2527 5406 2862 5474 προσήκοντι.
2896 5401 3040 5473 Δύτη
3075 5403 3108 5472 ὴ
3139 5405 3202 5455 ὲκ
3226 5403 3332 5456 τῶν
3359 5403 3563 5474 καιρῶν
3582 5403 3784 5457 τούτων
3816 5423 3863 5472 γ

2423 5514 2502 5558 σις
2529 5498 2626 5550 οὐκ
2653 5495 2952 5566 ἀνθρώποις
2985 5494 3159 5564 μόνον,
3185 5494 3316 5548 ἀλλά
3343 5497 3435 5549 καὶ
3451 5494 3659 5561 ἀλόγοις
3682 5497 3863 5562 επιτηέ

2423 5594 2514 5644 καὶ
2565 5590 2974 5663 χρησιμωτάτη.
3008 5586 3140 5656 Περὶ
3179 5586 3286 5639 τῶν
3325 5585 3619 5654 φωστήρων
3661 5588 3754 5639 καὶ
3792 5588 3853 5636 ἐν

2421 5683 2627 5736 Γενέσει
2661 5683 2888 5752 εἴρηται·
2932 5676 3234 5729 Ἔστωσαν
3255 5678 3340 5740 είς
3365 5673 3578 5742 σημεῖα
3606 5674 3700 5726 καί
3724 5675 3806 5737 εις
3836 5689 3863 5722 λ

2421 5771 2580 5830 σοὺς.
2624 5771 2717 5824 καὶ
2761 5775 2842 5836 εις
2877 5768 3091 5838 ἡμέρας
3123 5768 3219 5824 καὶ
3253 5769 3337 5831 εὶς
3375 5766 3708 5818 ἐνιαντούρ·
3742 5766 3818 5809 si:
