3994 6354
736 465 871 522 ηὸδ

1403 471 1663 529 EUSEBII
1699 471 2165 529 CESABIENSIS
2195 472 2341 530 OPP.
2382 474 2560 531 PARS
2593 475 2766 532 lll.-
2803 474 3198 533 EXEGETICA.

3762 479 3875 534 1284

735 590 1020 636 versentur
1049 627 1061 648 ,
1093 601 1196 638 non
1222 585 1460 643 funditus
1493 589 1561 644 ab
1587 588 1692 644 illis
1737 588 2120 656 absumanlur';
2147 603 2269 644 nam

2376 589 2510 654 σθαι,
2534 588 2628 644 καὶ
2655 590 2728 662 μὴ
2752 590 3024 670 παντελῶς
3048 591 3137 644 ὑπ’
3161 589 3377 646 ἐκείνων
3397 589 3870 645 καταναλίσκεσθαι·

736 673 997 726 validiora
1017 674 1226 729 inﬁrma
1261 677 1539 742 devorant,
1569 694 1669 734 nec
1696 681 1911 748 penitus
1940 681 2225 736 destruunt
2258 701 2269 735 :

739 762 865 832 quia
894 774 1181 834 proventus
1210 783 1496 839 expensam
1522 781 1756 842 superat.
1787 771 1882 827 His
1907 772 2111 827 similes
2152 781 2278 828 sunt

737 863 999 924 quotquot
1031 856 1172 913 inter
1204 860 1448 916 homines
1476 877 1570 917 eos
1597 865 1687 932 qui
1716 863 1998 918 inferiores
2021 864 2123 919 sibi
2154 872 2277 919 sunt

738 945 1012 1001 devorant.
1061 948 1262 1005 Verum
1314 953 1401 1007 illa
1437 954 1652 1024 quidem
1699 957 1856 1026 culpa
1891 957 2277 1012 vacant:illud

736 1039 879 1091 enim
929 1055 994 1094 ex
1038 1050 1236 1096 natura
1283 1046 1565 1116 contingit,
1611 1053 1669 1101 tu
1712 1060 1838 1102 vero
1888 1065 1958 1104 ne
1998 1051 2277 1105 minimam

736 1131 953 1201 quidem
978 1134 1054 1187 tui
1086 1136 1359 1206 purgandi
1387 1139 1526 1193 viam
1550 1142 1807 1210 reperias.
1840 1142 1933 1211 qui
1965 1157 2088 1196 cum
2112 1150 2165 1197 et
2187 1155 2277 1195 ra-

736 1222 880 1278 tione
901 1232 955 1278 et
985 1226 1102 1296 lege
1129 1227 1424 1285 honoratus
1453 1230 1548 1295 sis,
1571 1230 1639 1286 ad
1669 1232 1811 1285 illam
1832 1233 2114 1288 brutorum
2144 1249 2276 1289 con-

736 1311 1005 1371 fusionem
1033 1317 1238 1374 ordinis
1263 1320 1522 1376 declinas.
1553 1322 1815 1378 Caeterum
1846 1326 2053 1394 reptilila
2105 1326 2278 1396 pisces

733 1410 890 1458 vocat
917 1420 928 1454 :
951 1405 1078 1474 quia
1100 1407 1332 1476 pedibus
1355 1420 1542 1463 carent
1557 1414 1779 1481 etquasi
1810 1413 1864 1466 in
1883 1415 2017 1468 mari
2044 1422 2274 1486 reptant,

736 1503 794 1549 ut
823 1497 1034 1564 reptilia
1063 1497 1116 1550 in
1144 1505 1307 1554 terra.

807 1587 931 1641 Illic
959 1606 1108 1643 naves
1155 1600 1537 1657 pertranseunt,
1573 1592 1628 1647 in
1662 1594 1797 1648 mari
1828 1594 2096 1651 videlicet.
2141 1596 2276 1652 Cum

736 1680 1061 1735 declarasset
1109 1691 1362 1751 quantam
1417 1685 1723 1753 progeniem
1774 1700 1922 1740 mare
1959 1687 2278 1750 nutriat,et

735 1771 876 1842 quod
898 1787 1068 1841 neque
1084 1774 1334 1827 animalia
1351 1776 1467 1844 ejus
1483 1792 1728 1841 numero,
1749 1792 1921 1846 neque
1939 1779 2114 1847 ipsum
2133 1794 2280 1832 men-

735 1874 862 1914 sura
888 1862 1142 1915 aestimari
1171 1863 1377 1925 valeat;
1404 1863 1517 1933 jam
1552 1874 1772 1919 enarrat
1806 1881 1966 1934 quam
2002 1867 2072 1921 sit
2104 1868 2277 1942 ipsum

2378 680 2652 750 βόσκονται
2680 681 2786 754 γὰρ
2821 683 2870 735 οἷ
2909 673 3257 754 δυνατώτεροι
3291 684 3415 745 τοὺς
3444 682 3875 752 καταδεεστέρους,

2377 775 2467 827 καὶ
2490 775 2586 827 οὐκ
2617 772 2974 845 ἀνηλώκασιν,
3001 771 3133 826 ἀλλὰ
3159 774 3279 844 νικᾷ
3301 772 3397 843 τὴν
3417 773 3655 842 δαπάνην
3687 774 3716 841 ὴ
3743 774 3875 840 πρὸσ-

2375 865 2510 929 οδος.
2574 865 2791 930 Τούτοις
2841 865 3075 920 ἐοίκασιν
3119 865 3233 918 ὅσοι
3287 865 3394 918 τῶν
3446 864 3737 935 ἀνθρώπων
3781 868 3875 925 τοὺς

2376 957 2817 1028 καταδεεστέρους
2872 958 3270 1010 καταπίνουσιν.
3319 953 3454 1007 Ἀλλ’
3505 957 3619 1007 ἐκεῖ
3670 955 3758 1023 μὲν
3802 955 3875 1006 οὑκ

2377 1048 2620 1120 ἔγκλημα
2659 1047 2718 1100 τὸ
2772 1048 3045 1117 γινόμενον
3069 1063 3082 1076 ·
3136 1045 3344 1114 φύσεως
3381 1045 3488 1114 γάρ
3531 1046 3642 1096 ἐστι
3685 1044 3738 1097 τὸ
3769 1063 3872 1112 συμ-

2378 1140 2554 1192 ϐαῖνον
2571 1154 2584 1167 ·
2624 1139 2686 1191 σὺ
2713 1137 2769 1190 δὲ
2803 1136 2921 1189 οὐδὲ
2949 1135 3074 1205 μίαν
3102 1133 3240 1200 ἔξεις
3265 1133 3576 1202 ἀπολογίαν,
3604 1134 3631 1185 ὁ
3654 1129 3784 1200 λόγῳ
3809 1135 3875 1185 aui

2377 1231 2522 1300 νόμῳ
2545 1245 2733 1299 τετιμη
2743 1227 2898 1298 μένος
2923 1228 3012 1280 καὶ
3033 1225 3164 1295 πρὸς
3184 1227 3281 1295 τὴν
3302 1225 3406 1278 τῶν
3430 1225 3635 1292 ἀλόγων
3662 1225 3875 1294 σύγχυσιν

2378 1322 2562 1374 ἑαυτὸν
2588 1320 2812 1386 ἐξάγων.
2849 1317 3087 1388 Ἑρπετά
3113 1333 3176 1383 γε
3217 1316 3319 1386 μὴν
3354 1317 3477 1377 τοὺς
3504 1315 3684 1383 ἰχθύας
3719 1315 3875 1382 όνομά‹

2377 1411 2477 1475 ζει,
2519 1411 2609 1464 διὰ
2655 1412 2714 1463 τὸ
2762 1409 2961 1472 ἄποδας
3009 1409 3199 1470 αὐτοὺς
3257 1407 3414 1460 οἱονεὶ
3455 1405 3788 1475 ἐπισύρεσθαι
3825 1407 3875 1474 τᾷ

2377 1504 2546 1566 ὕδατι,
2575 1502 2649 1564 ὡς
2678 1501 2743 1554 τὰ
2769 1498 3068 1572 ὲρπυστικὰ
3094 1501 3160 1570 τῇ
3191 1501 3280 1570 γῇ.

2457 1594 2608 1648 Ἐκεῖ
2655 1593 2835 1646 πλοῖα
2880 1590 3358 1659 ὐιαπορεύονται·
3422 1591 3508 1643 Ἑν
3568 1592 3632 1659 τῇ
3681 1588 3875 1657 θαλάσσης

2376 1685 2591 1757 δηλαδή.
2633 1683 2810 1739 Εἰπὼν
2837 1684 2964 1752 ὅσην
2989 1681 3022 1754 ἡ
3061 1683 3298 1736 θάλασσα
3326 1681 3578 1752 ἐκτρέφει
3607 1679 3782 1748 γονὴν,
3814 1681 3875 1730 xa“

2378 1778 2456 1829 ὅτι
2481 1775 2600 1830 οὔτε
2632 1777 2699 1828 τὰ
2742 1775 2857 1838 ζῶα
2903 1775 3246 1846 ἀριθμεῖται,
3293 1772 3411 1826 οὕτε
3453 1771 3586 1838 αὑτὴ
3627 1774 3875 1841 μετρεῖται,

2379 1869 2522 1935 λέγει
2561 1869 2653 1922 καὶ
2677 1868 2796 1920 ὅσον
2829 1867 2992 1935 αὐτῆς
3040 1866 3300 1935 χρήσιμον
3340 1865 3420 1927 είς
3458 1862 3779 1934 ἀνθρώπους.
3807 1861 3875 1913 Διὰ

744 1948 1053 2005 hominibus
1101 1951 1249 2005 utile.
1297 1950 1397 2006 Per
1442 1954 1714 2007 nauticam
1764 1955 1960 2023 quippe
2018 1963 2187 2009 artem
2231 1963 2283 2008 et

2382 1957 2718 2029 ναυπηγικῆς
2744 1957 2850 2028 γὰρ
2871 1956 3058 2026 τέχνης
3088 1956 3181 2009 καὶ
3202 1954 3591 2035 κυϐερνητικῆς
3618 1955 3875 2018 ἐπιστήμης

736 2044 1069 2113 gubernandi
1113 2046 1384 2114 peritiam,
1447 2048 1756 2101 necessaria
1797 2054 1983 2101 mutuo
2037 2061 2279 2100 commu-

736 2135 999 2199 nicamus,
1032 2134 1351 2206 fructusque
1389 2136 1444 2190 in
1472 2143 1617 2189 terra
1645 2144 1829 2190 nostra
1850 2144 2132 2193 nascentes
2161 2139 2280 2194 aliis

734 2226 1236 2292 subministramus,
1266 2228 1334 2282 ab
1365 2226 1540 2297 iisque
1562 2228 1858 2298 accipimus
1880 2245 2042 2295 suos;
2065 2230 2210 2284 itaut
2227 2242 2282 2286 et

733 2317 876 2385 quod
916 2315 1242 2386 superﬂuum
1287 2324 1372 2371 est
1407 2333 1514 2371 non
1542 2317 1730 2373 inutile
1755 2319 1843 2384 sit,
1866 2326 1918 2373 et
1938 2320 2080 2388 quod
2109 2319 2279 2384 deest,

733 2407 924 2462 advehi
942 2407 1134 2477 possit.
1161 2405 1472 2461 Sublimiori
1505 2417 1681 2463 autem
1711 2410 1918 2463 ratione
1949 2410 2070 2463 navi
2098 2409 2280 2465 Eccle-

733 2499 870 2555 siam
898 2498 1137 2564 confert;
1175 2499 1310 2553 mari
1342 2514 1468 2553 vero
1490 2499 1778 2554 humanam
1805 2502 1988 2566 vitam,
2019 2502 2162 2571 quod
2195 2512 2280 2557 res

733 2590 853 2659 ejus
882 2589 1167 2646 instabiles
1194 2604 1260 2644 ac
1298 2605 1509 2661 semper
1552 2591 1606 2645 in
1637 2601 1782 2646 motu
1819 2594 1945 2646 sint.
1977 2592 2282 2648 Innumera-

733 2681 842 2735 bile
867 2697 1030 2750 porro
1059 2681 1330 2751 reptilium
1359 2697 1551 2753 genus,
1576 2684 1971 2739 multitudinem
2002 2685 2279 2740 hominum

733 2784 914 2842 vocat,
945 2783 998 2831 et
1028 2775 1200 2831 forma
1223 2784 1276 2830 et
1303 2790 1532 2846 persona
1555 2778 1710 2847 quasi
1750 2777 2145 2848 discrepantem
2169 2795 2186 2844 ;
2209 2780 2282 2834 ita

733 2877 792 2923 ut
815 2867 1112 2925 differentia
1140 2885 1208 2924 ex
1235 2869 1495 2925 varietate
1512 2868 1796 2924 aﬂectuum
1809 2872 2122 2925 aestimetur.
2148 2867 2282 2924 Nam

731 2970 927 3014 natura
969 2960 1187 3031 quidem
1214 2958 1465 3014 omnibus
1496 2965 1580 3013 est
1602 2973 1727 3025 una,
1765 2959 2100 3014 necdiversa
2132 2966 2282 3014 ortus

732 3055 912 3109 ratio:
942 3069 1098 3109 mens
1130 3060 1310 3108 autem
1361 3053 1508 3107 varie
1531 3052 1902 3120 distinguitur,
1937 3066 2139 3122 corque
2182 3067 2283 3106 no-

733 3153 915 3200 strum
967 3144 1336 3201 diversitatem
1390 3143 1776 3199 sententiarum
1832 3143 2079 3197 admittit.
2129 3141 2283 3212 Quod

734 3250 860 3291 cum
885 3239 1074 3290 nosset
1100 3232 1397 3302 quispiam,
1429 3232 1561 3287 dixit
1587 3252 1598 3286 :
1629 3231 2089 3298 Quemadmodum
2121 3232 2285 3286 facies

735 3328 978 3384 faciebas
1010 3326 1213 3382 similes
1234 3339 1340 3379 non
1356 3332 1512 3392 sunt;
1537 3325 1615 3380 sic
1631 3339 1729 3379 nec
1751 3332 1955 3378 mentes
1986 3325 2282 3379 hominum.
2312 3306 2356 3366 C

737 3421 915 3476 Naves
942 3427 1119 3472 autem
1146 3417 1377 3472 dicimus
1404 3433 1525 3473 esse
1552 3434 1645 3473 eas
1677 3432 1795 3487 qua:
1814 3416 1865 3470 in
1887 3417 1987 3472 hoc
2018 3413 2287 3486 spirituali

735 3512 874 3568 mari
903 3520 1377 3580 pertranseunt,-ut
1405 3511 1663 3580 scriptum
1689 3508 1855 3573 est",
1881 3509 2130 3563 videlicet
2161 3520 2287 3561 san-

738 3612 855 3658 ctas
904 3602 1206 3659 Servatoris
1243 3604 1414 3658 nostri
1462 3602 1753 3663 Ecclesias,
1803 3616 1922 3670 quae
1971 3599 2186 3669 quidem
2235 3597 2288 3649 in

738 3697 959 3762 mundo,
1010 3696 1104 3752 sed
1144 3696 1453 3766 superiores
1497 3692 1699 3747 mundo
1745 3699 1900 3756 sunt;
1939 3691 2078 3744 sicut
2105 3702 2290 3746 revera

737 3791 1015 3846 onerarias
1043 3790 1225 3846 videre
1255 3789 1357 3860 est,
1394 3790 1449 3842 in
1498 3801 1636 3858 aqua
1669 3800 1820 3848 sane,
1851 3783 1947 3840 sed
1985 3782 2290 3852 superiores

739 3884 917 3953 aquis.
960 3881 1216 3938 Ecclesia:
1259 3881 1422 3952 igitur
1464 3880 1696 3934 navibus
1730 3877 1968 3942 similes,
2017 3875 2290 3944 spirituale

737 3989 886 4028 mare
915 3973 1266 4042 trajicientes,
1285 3971 1468 4026 ﬁdeles
1484 3970 1729 4024 homines
1752 3969 2037 4038 recipiunt,
2060 3975 2113 4021 et
2132 3966 2291 4038 quasi

737 4065 794 4120 in
826 4067 985 4120 aliam
1019 4073 1218 4120 terram
1259 4072 1351 4118 aut
1378 4064 1650 4134 regionem
1690 4060 2044 4121 transferunt,
2089 4060 2292 4115 scilicet

741 4158 809 4212 ad
841 4173 1065 4228 regnum
1089 4157 1374 4220 cmlorum,
1405 4157 1471 4210 ad
1497 4170 1647 4225 spem
1669 4155 1722 4208 in
1744 4149 1962 4208 Christo
1991 4152 2286 4217 fundatam,

741 4251 809 4304 ad
841 4247 1325 4305 sanctificationem
1377 4248 1619 4317 spiritus,
1666 4255 1718 4300 et
1763 4245 1831 4300 ad
1864 4247 2137 4311 virtutem,
2174 4261 2292 4316 quae

743 4348 1054 4398 sanctorum
1102 4342 1276 4412 patria
1319 4347 1423 4396 est.
1467 4337 1601 4392 Nam
1654 4352 1798 4403 cum,
1847 4338 1989 4392 sicut
2035 4338 2291 4407 seriptum

741 4442 846 4500 est,
882 4435 1099 4489 advenae
1145 4442 1199 4488 et
1249 4433 1515 4504 peregrini
1567 4431 1674 4486 sint
1721 4446 1881 4501 super
1928 4437 2148 4492 terram,
2185 4446 2294 4484 non

741 4527 941 4582 habent
994 4526 1080 4581 hic
1129 4532 1436 4579 manentem
1479 4523 1811 4578 civitatem“
1856 4541 1869 4576 :
1914 4523 2008 4578 sed
2041 4521 2109 4575 ad
2149 4522 2292 4575 illam

2383 2045 2510 2117 παρ’
2569 2046 2804 2117 ἀλλήλων
2858 2044 3191 2115 κομιζόμεθα
3244 2042 3312 2098 τὰ
3365 2042 3640 2106 ἐνδέοντα,
3696 2042 3780 2093 καὶ
3816 2041 3875 2092 τὸ.

2381 2136 2507 2207 παρ’
2531 2137 2658 2205 ἡμῖν
2687 2137 2948 2204 φυόμενον
2979 2135 3188 2206 καρπὸν
3213 2118 3547 2207 χορηγοῦμέν
3582 2131 3790 2202 ἑτέροις,
3814 2131 3875 2180 καί

2378 2227 2639 2297 δεχόμεθα
2673 2226 2733 2278 τὸ
2784 2230 2910 2297 παρ’
2952 2226 3175 2287 ἐκείνοις
3229 2221 3534 2295 γινόμενον·
3571 2222 3706 2276 ὥστε
3750 2221 3875 2290 pii-.1.

2381 2318 2689 2392 περιττεῦον
2725 2313 2864 2371 εἶναι
2901 2318 3182 2387 ἀνόνητον,
3220 2317 3356 2386 μήτε
3385 2317 3443 2367 τὸ
3470 2314 3640 2367 ἐνδέον
3678 2315 3875 2367 ἀνεπινό

2380 2430 2553 2483 νητον.
2609 2410 2960 2481 ’Υψηλότερον
2999 2410 3056 2460 δὲ
3100 2407 3263 2477 πλοίῳ
3308 2404 3626 2476 παρεικάζει
3662 2407 3752 2475 τὴν
3794 2405 3875 2456 Ἔχε

2381 2506 2634 2574 κλησίαν,
2680 2503 2911 2573 θαλάττῃ
2940 2502 2996 2555 δέ
3038 2500 3126 2552 τὸν
3171 2499 3501 2570 ἀνθρώπινον
3548 2496 3693 2568 βίον,
3734 2498 3808 2549 διὰ
3841 2497 3875 2550 τί

2381 2600 2720 2668 ἀστάθμητον
2749 2600 2840 2651 καὶ
2864 2597 3161 2666 ἀεικίνητον
3182 2594 3288 2647 τῶν
3312 2595 3368 2646 ἐν
3400 2590 3547 2662 αύτῷ
3571 2585 3870 2662 πραγμάτων

2395 2690 2662 2761 Ἐρπετῶν
2692 2690 2745 2742 δὲ
2773 2689 2834 2742 τὸ
2862 2689 3013 2756 γένος
3046 2687 3106 2740 τὸ
3142 2685 3503 2756 ἀναρίθμητον
3531 2683 3636 2755 τὴν
3677 2682 3875 2735 πολυειδῐ

2383 2783 2474 2836 καὶ
2497 2782 2654 2834 οἱονεὶ
2689 2779 3108 2849 πολυπρόσωπον
3140 2776 3246 2829 τῶν
3277 2775 3572 2848 ἀνθρώπιον
3601 2773 3739 2841 λέγει
3782 2774 3875 2839 πλη

2383 2877 2514 2939 θὺν,
2570 2876 2646 2938 είς
2689 2874 2786 2942 τὴν
2823 2875 2920 2942 τῆς
2965 2869 3128 2934 ἕξεως
3179 2869 3448 2923 ποικιλίαν
3501 2864 3780 2936 νοουμένης
3816 2866 3875 2932 τῆς

2383 2967 2692 3035 ἐξαλλαγῆς.
2732 2964 2894 3026 Φύσις
2929 2963 3024 3032 μὲν
3053 2959 3159 3032 γάρ
3201 2962 3362 3015 πᾶσιν
3389 2961 3425 3031 ή
3465 2961 3621 3028 αὑτὴ,
3648 2959 3742 3013 ,καί
3767 2959 3787 3008 ό
3816 2957 3875 3018 τῆ.

2383 3058 2642 3126 γενέσεως
2683 3044 2878 3126 τρόπος
2915 3055 3010 3124 οὐχ
3040 3055 3297 3123 ἑτεροῖος,
3336 3049 3652 3122 πολυσχιδης
3677 3048 3730 3100 δὲ
3773 3047 3875 3107 νοῦς

2384 3151 2476 3203 καὶ
2519 3147 2883 3217 πολυγνώμων
2927 3147 2984 3197 ὲν
3026 3147 3156 3215 ἡμῖν
3188 3143 3399 3214 καρδία.
3430 3142 3540 3195 Καὶ
3579 3141 3727 3192 τοῦτο
3770 3138 3875 3190 είξίῑέ.

2383 3260 2466 3305 τις
2496 3243 2728 3310 ἔφασκεν
2747 3258 2758 3268 ·
2782 3237 2990 3306 ’Ὠσπερ
3011 3237 3107 3306 οὐχ
3131 3237 3289 3306 ὅμοια
3311 3233 3575 3304 πρόσωπα
3603 3231 3875 3303 προσώποις

2386 3335 2552 3396 οὕτως
2593 3333 2712 3385 οὐδὲ
2764 3331 2819 3384 αἱ
2870 3330 3092 3383 διάνοιαι
3145 3329 3249 3381 τῶν
3295 3326 3611 3397 ἀνθρώπων.
3665 3325 3812 3377 Πλοία
3847 3324 3875 3375 δὲ

2387 3418 2522 3476 εἷναί
2550 3436 2747 3490 φαμεν,
2796 3419 2831 3472 ἃ.
2864 3418 2956 3470 καὶ
2994 3420 3049 3469 ἐν
3075 3416 3196 3486 τῇδε
3222 3417 3287 3486 τῇ
3330 3417 3492 3485 νοητῇ
3537 3413 3765 3484 θαλάσσῃ
3799 3413 3868 3464 δια

2387 3513 2706 3587 πορεύεται,
2749 3511 2889 3566 κατὰ
2918 3510 2980 3564 τὸ
3026 3510 3440 3580 γεγραμμένον,
3490 3508 3588 3571 τὰς
3634 3507 3779 3576 ἁγίας
3821 3505 3875 3557 τοι

2389 3607 2632 3679 Σωτῆρος
2651 3605 2804 3676 ἡμῶν
2829 3602 3147 3674 Ἐκκλησίας
3166 3591 3325 3665 οὔσας
3347 3601 3442 3671 μὲν
3475 3602 3532 3652 ὲν
3561 3599 3758 3676 κόσμῳ,
3787 3597 3875 3663 πλὴ

2388 3680 2641 3770 ἀνωτέρω
2687 3697 2780 3750 τοῦ
2824 3695 3064 3766 κόσμου’,
3123 3694 3368 3766 καθάπερ
3425 3694 3619 3765 ἀμέλει
3673 3693 3759 3746 καὶ
3818 3691 3875 3742 τὰ

2388 3789 2612 3853 ὁλκάδας
2641 3789 2785 3841 ἐστὶν
2812 3788 2958 3857 όρᾷν,
2979 3778 3154 3864 οὔσας
3169 3781 3266 3856 μὲν
3297 3787 3352 3838 ἐν
3378 3785 3549 3847 ὕδατι,
3576 3784 3707 3855 πλὴν
3729 3784 3875 3837 ὑδάτω

2389 3879 2678 3949 ὰνωτέρας.
2696 3878 2758 3930 Αἱ
2773 3876 2946 3928 τοίνυν
2964 3873 3163 3927 ὑδάτων
3182 3872 3255 3943 (5)
3274 3872 3468 3926 πλοίων
3497 3874 3796 3942 ἐκκλησίαι,
3820 3871 3875 3938 τὴ

2389 3969 2579 4040 νοητὴν
2629 3965 3005 4038 διανηχόμεναι
3049 3963 3313 4016 θάλασσαν
3336 4001 3352 4025 ,
3390 3961 3628 4032 δέχονται
3676 3960 3765 4029 μὲν
3799 3959 3875 4010 τεο

2392 4059 2768 4122 πιστεύοντας,
2819 4052 3206 4124 ἀπσκομίζουσι
3245 4051 3302 4104 δὲ
3347 4049 3593 4120 καθά-περ
3626 4050 3700 4110 είς
3742 4049 3872 4116 ἑτέρα

2389 4151 2508 4205 τινὰ
2544 4153 2645 4221 γῆν
2674 4150 2706 4220 ἢ
2733 4147 2911 4219 χώραν
2943 4145 3039 4216 τὴν
3084 4133 3190 4195 τῶν
3221 4139 3460 4213 οὐρανῶν
3498 4139 3789 4210 βασιλείαν,
3828 4152 3875 4186 κε

2391 4243 2575 4297 ἐλπίδα
2601 4241 2695 4311 τὴν
2723 4242 2778 4293 ἐν
2824 4237 3040 4308 Χριστῷ
3077 4237 3168 4290 καὶ
3199 4237 3275 4298 είς
3301 4232 3568 4302 άγιασμὸν
3592 4231 3678 4283 τὸν
3708 4228 3783 4280 διὰ
3823 4244 3875 4276 το

2391 4323 2702 4406 Πνεύματος
2729 4372 2745 4398 ,
2797 4331 2891 4383 καὶ
2943 4331 3021 4392 είς
3071 4328 3165 4394 τὴν
3208 4327 3315 4380 τῶν
3360 4326 3529 4394 ἁγίων
3571 4323 3784 4394 πατρίδα
3823 4321 3875 4387 τὴ

2393 4427 2612 4497 ἀρετήν.
2649 4423 2905 4494 Πάροικοι
2940 4419 3047 4488 γὰρ
3074 4418 3221 4480 ὄντες
3254 4417 3344 4469 καὶ
3369 4412 3747 4497 παρεπίδημοί,
3789 4425 3875 4460 κατι

2393 4496 2452 4570 τδ
2480 4514 2879 4586 γεγραμμένον,
2904 4512 2995 4566 ἐπὶ
3023 4511 3119 4580 τῆς
3154 4509 3276 4578 γῆς,
3325 4509 3424 4561 οὐκ
3461 4505 3668 4575 ἔχουσιν
3704 4496 3791 4556 ὦδε
3822 4500 3875 4569 μέ

743 4618 1021 4681 festinant,
1053 4618 1210 4686 cujus
1239 4616 1431 4670 artifex
1460 4623 1513 4670 et
1553 4623 1765 4670 creator
1793 4620 1876 4668 est
1909 4613 2049 4668 Deus
2063 4612 2130 4666 ".
2157 4611 2289 4666 Cum

2395 4625 2585 4662 νοισαν
2604 4606 2754 4658 πόλιν
2771 4620 2783 4632 ’
2807 4601 3110 4669 ἐπείγονται
3131 4600 3186 4651 δὲ
3209 4598 3340 4669 πρὸς
3359 4597 3593 4666 ἐκείνην,
3611 4589 3676 4664 ἦς
3694 4591 3875 4674 τεχνίτῃ

743 4728 871 4782 ergo
903 4711 1134 4764 mundus
1161 4710 1250 4764 hic
1284 4715 1464 4764 noster
1485 4708 1728 4777 exemplo
1758 4706 1923 4761 maris
1945 4703 2290 4774 intelligatur,

745 4819 846 4875 pro
876 4804 1066 4876 cymba
1105 4811 1158 4856 et
1193 4803 1439 4856 navicula
1477 4800 1718 4855 Ecclesia
1763 4798 2154 4860 aestimabitur,
2195 4810 2292 4866 pro

745 4891 926 4947 nautis
959 4892 1164 4946 habens
1191 4891 1568 4955 sanctiﬁcatos,
1599 4890 1715 4960 qui,
1751 4889 1894 4959 quod
1913 4887 2076 4943 ﬁdem
2108 4901 2297 4943 susce-

747 4987 945 5058 perint,
979 4983 1266 5040 Christum‘
1286 4998 1468 5038 secum
1497 4989 1799 5037 versantem
1834 4996 2045 5050 semper
2071 4980 2293 5043 habent,

748 5079 1157 5150 tranquillitatis
1210 5084 1501 5131 auctorem.
1553 5075 1666 5130 Alia
1714 5077 1838 5130 item
1891 5076 2102 5128 ratione
2132 5087 2295 5127 naves

748 5178 1024 5239 nuncupat
1064 5185 1179 5233 eos,
1221 5169 1316 5238 qui
1362 5168 1416 5220 in
1456 5181 1680 5236 corpore
1729 5182 1861 5230 suo,
1905 5167 2129 5235 hujusce
2171 5166 2294 5219 vitae

752 5260 913 5320 salsis
941 5269 994 5315 et
1021 5260 1336 5316 decumanis
1369 5257 1617 5312 ﬂuctibus
1649 5259 1936 5327 agitantur.
1984 5256 2294 5312 Laudantur

753 5367 1106 5424 porro‘naves
1133 5369 1250 5422 quae
1287 5367 1434 5406 mare
1463 5358 1861 5421 pertranseunt,
1893 5365 1999 5404 non
2032 5366 2158 5405 vero
2177 5363 2296 5418 quae

753 5446 826 5500 ibi
857 5452 1190 5515 permanent,
1217 5444 1298 5499 vel
1318 5459 1437 5515 qua:
1459 5441 1709 5497 ﬂuctibus
1736 5441 2139 5512 demerguntur.
2162 5441 2298 5494 Nam

754 5537 846 5605 qui
883 5537 936 5590 in
962 5551 1124 5589 carne
1145 5545 1290 5598 sunt,
1321 5550 1418 5590 nec
1457 5535 1750 5590 secundum
1783 5549 1995 5587 carnem
2045 5534 2296 5593 militant,

754 5628 877 5680 vitae
901 5626 1123 5681 ﬂuctum
1172 5624 1466 5688 calcantes,
1503 5640 1673 5695 eoque
1718 5622 2046 5692 superiores,
2091 5622 2297 5676 faciunt

756 5717 1119 5786 operationem
1148 5717 1200 5770 in
1232 5715 1384 5785 aquis
1417 5715 1617 5781 multis,
1648 5729 1711 5770 ac
1757 5713 2111 5777 descendunt,
2138 5718 2196 5766 ut
2227 5725 2293 5764 ex

2395 4703 2487 4755 καὶ
2523 4697 2846 4771 δημιουργὸς
2884 4696 2911 4746 ό
2957 4692 3104 4755 Θεός.
3148 4691 3236 4742 Ἐν
3279 4690 3514 4758 σχήματι
3547 4681 3639 4739 οὖν
3671 4683 3875 4749 θαλάσση

2395 4789 2542 4842 τοῦδε
2584 4787 2674 4841 τοῦ
2720 4785 2838 4840 καθ’
2868 4783 3012 4852 ἡμᾶς
3056 4779 3336 4848 νοουμένου
3370 4776 3600 4845 κόσμου,
3657 4774 3834 4840 σκάφος
3874 4790 3875 4797 η

2399 4880 2574 4932 πλοῖον
2608 4879 2642 4949 ἡ
2694 4873 2985 4945 Ἐκκλησία
3015 4868 3331 4941 νοηθήσεται
3353 4908 3368 4933 ,
3417 4867 3701 4935 πλωτῆρας
3743 4865 3875 4934 ἔχουσι

2395 4974 2519 5036 τοὺς
2541 4971 2920 5043 ἡγιασμένους,
2955 4965 3002 5019 οἳ
3052 4965 3142 5019 καὶ
3169 4963 3255 5017 διὰ
3298 4960 3389 5014 τοῦ
3424 4955 3797 5022 καταδέξασθαι
3825 4956 3875 5024 τὴ

2398 5065 2574 5117 πίστιν
2603 5063 2825 5117 συνόντα
2853 5056 2942 5112 διὰ
2974 5055 3171 5119 παντὸς
3198 5054 3376 5124 ἔχουσι
3395 5053 3485 5104 τὸν
3515 5049 3738 5122 Χριστὸν
3762 5047 3875 5100 εὐδία

2399 5155 2667 5209 ἀπλοῦντα
2707 5154 2804 5223 τὴν
2845 5149 3075 5221 ἁπαλήν.
3124 5139 3350 5215 Ἑτέρως
3386 5142 3442 5195 δὲ
3494 5141 3653 5194 πλοῖα
3690 5141 3875 5211 ὀνόμαζε

2397 5248 2633 5312 τοὺςιδιὰ
2668 5245 2774 5300 τῶν
2816 5241 3077 5313 σωμάτων
3107 5241 3163 5293 ἐν
3196 5236 3272 5306 τῷ
3319 5233 3543 5306 ἁλμυρῷ
3583 5233 3790 5288 κλύδωνι
3828 5251 3875 5283 τι

2404 5341 2515 5410 βίου
2556 5338 2743 5392 τούτου
2800 5333 3204 5405 σαλευομένους.
3252 5327 3358 5380 Καὶ
3394 5327 3538 5381 ἐστιν
3587 5327 3875 5396 ἐπαινούμεν

2403 5435 2558 5486 πλοίσ.
2583 5431 2650 5485 τά
2691 5427 3026 5482 διαὸαίνοντα
3055 5424 3150 5493 τὴν
3190 5422 3494 5484 θάλασσαν,
3535 5421 3668 5474 ἀλλὰ
3705 5421 3769 5491 μὴ
3809 5422 3875 5470 ενα

2401 5525 2698 5577 πομένοντα
2723 5523 2884 5590 αὐτῇ,
2917 5517 3048 5589 μηδέ
3081 5513 3587 5584 καταϐαπτιζόμενα
3627 5515 3730 5574 τοῖς
3763 5509 3875 5576 κύει]

2405 5635 2503 5671 σιν.
2538 5619 2601 5671 Οἱ
2633 5615 2740 5686 γὰρ
2780 5617 2836 5666 ἐν
2881 5610 3045 5679 σαρκὶ
3086 5609 3267 5674 ὄντες,
3320 5608 3416 5662 καὶ
3460 5607 3536 5678 μὴ
3587 5605 3720 5659 κατὰ
3763 5605 3875 5669 cdtan

2405 5709 2835 5782 στρατευόμενοι,
2864 5700 3291 5766 καταπατοῦντες
3311 5699 3400 5755 τὸν
3425 5697 3666 5754 κλύδωνα
3694 5694 3774 5750 τοῦ
3792 5693 3875 5760 βίον

825 5814 870 5844 ⁸³
909 5813 925 5866 Ι
958 5813 1084 5870 Cor.
1115 5830 1178 5882 ι,
1209 5815 1258 5869 1.
1335 5813 1378 5845 ⁸⁸
1417 5811 1578 5872 Hebr.
1614 5828 1745 5879 xm,
1783 5811 1870 5867 l4.
1946 5812 1989 5844 “
2028 5808 2189 5865 Hebr.
2224 5823 2299 5872 si,
2334 5805 2420 5861 lO.

829 5905 903 5978 (δ)
937 5904 1024 5962 Sit
