3950 6350
110 438 259 497 1285

1154 435 1649 494 COMMENTARIA
1668 437 1753 497 ἸΝ
1790 438 2121 501 PSALMOS.

3160 455 3294 512 1286

100 556 207 609 καὶ
239 554 553 627 ὑψηλότεροι
601 550 762 610 αὐτοῦ
808 553 976 629 ὄντες.
1015 552 1252 609 ποιοῦσιν
1291 554 1549 624 έργασίαν
1598 556 1643 608 ἐι

1755 554 2019 613 demersis
2043 556 2253 628 aliquos
2288 559 2584 619 lucrentur.
2617 564 2948 639 lnsuperque
2984 570 3145 641 hujus
3176 574 3298 630 vita

98 644 267 701 ὕδασι
307 646 537 710 πολλοῖς,
583 643 1105 713 συγκαταϐαίνοντες,
1137 643 1231 697 ἐπὶ
1277 642 1354 714 τῷ
1399 643 1657 713 κερδῆσαί

96 754 267 801 τινας
320 737 429 791 τῶν
492 735 907 806 βεϐυθισμένων.
954 735 1073 809 Ἔτι
1120 734 1210 788 τὸν
1245 733 1369 805 τῇδε
1411 733 1504 787 τοῦ
1546 733 1657 804 βίου

98 828 512 902 πρισπασμδν,
538 828 639 891 καί
656 827 753 897 τὴν
785 828 842 878 ἐν
880 823 1025 896 αὐτῷ
1052 822 1161 879 τῶν
1198 826 1532 896 πραγμάτων
1570 842 1659 877 πι-

102 922 255 990 κρὰν
283 920 537 991 ἀνάχυσιν
596 918 689 972 καὶ
718 918 809 971 τὸν
852 916 1185 988 ἀναφυρμδν,
1220 918 1493 989 σημαίνων
1529 918 1658 988 ἡμῖν

97 1012 337 1075 ἀστείως
368 1012 396 1063 6
431 1008 677 1081 μελῳδὸς,
723 1008 882 1077 Αὕτη
911 1008 950 1076 ἠ
985 1006 1280 1075 θάλασσα,
1315 1010 1506 1078 φησὶν,
1539 1008 1677 1077 ἐκεῖ,

97 1104 347 1170 ἑρπετὰ,
380 1097 466 1157 ὧν
493 1104 602 1156 οὐκ
650 1101 818 1155 ἔστιν
849 1100 1107 1172 ἀριθμὸς,
1137 1099 1248 1161 ζῶα
1289 1099 1469 1171 μικρὰ
1508 1103 1662 1170 μετὰ

93 1193 397 1263 μεγάλων.
447 1192 645 1262 Ἰχθύσι
691 1193 799 1265 γάρ
837 1194 1229 1265 παρεικαστέον
1261 1189 1321 1247 εὖ
1357 1192 1499 1265 μάλα
1534 1194 1660 1257 τοὺς

96 1285 199 1336 ἐπ’
244 1283 415 1337 οὐδενὶ
460 1283 558 1353 μὲν
591 1282 700 1337 ἐσθ’
729 1286 815 1338 ὅτε
866 1286 975 1338 τῶν
1016 1285 1318 1354 ἀναγκαίων
1360 1288 1438 1350 εἰς
1478 1285 1659 1358 ὄνησιν

96 1364 238 1447 τῇδε
266 1377 480 1429 κάκεῖσε
516 1375 851 1445 διᾴττοντας,
893 1377 985 1429 καὶ
1029 1379 1162 1447 μόνα
1212 1376 1561 1445 συλλέγοντας
1591 1376 1657 1429 τά

96 1470 316 1537 ὅσαπερ
342 1467 405 1522 ἂν
436 1466 704 1538 ἀποφῆναι
756 1470 1083 1539 σαρκικοὺς,
1128 1469 1222 1523 καὶ
1253 1468 1488 1542 εἰκαίους
1531 1469 1662 1521 ἀνα-

97 1558 296 1626 τλῆναι
328 1554 730 1626 παρασκευάζει
766 1557 976 1620 πόνους.
1019 1556 1224 1610 υύκοῦν
1257 1557 1451 1627 ίχθύων
1480 1557 1659 1628 διανη-

1755 647 2186 714 distraetionem,
2212 644 2270 705 et
2292 664 2533 708 amaram
2562 654 2708 710 illam
2749 673 2929 714 rerum
2952 661 3075 731 ejus
3102 662 3296 719 coniu-

1756 739 1960 795 sionem
2002 740 2541 817 commistionemque
2580 749 2786 804 urbane
2844 751 3002 807 nobis
3048 753 3297 811 indicans

1758 831 2073 901 Psalmista,
2110 831 2223 889 Hoc
2257 852 2422 905 mare,
2452 838 2646 908 inquit,
2680 840 2790 894 illic
2811 842 3038 911 reptilia,
3077 860 3315 914 quorum.

1760 938 1863 976 non
1895 931 1972 977 est
2001 939 2269 991 numerus,
2300 934 2404 982 etc.
2440 926 2573 982 Nam
2610 930 2848 999 piscibus
2895 934 3134 1002 apposite
3167 950 3297 991 con-

1760 1009 2022 1081 ferantur,
2050 1014 2144 1083 qui
2174 1013 2241 1068 ad
2268 1017 2658 1084 comparandas
2679 1020 2777 1074 sibi
2798 1036 2885 1077 res
2909 1038 3081 1093 neque
3108 1040 3299 1081 neces-

1760 1103 1955 1175 sarias,
1996 1118 2173 1174 neque
2216 1105 2396 1166 utiles“.
2444 1107 2549 1162 huc
2589 1108 2717 1165 illuc
2754 1113 3082 1183 transiliunt,
3115 1122 3169 1170 et
3205 1118 3298 1172 illa

1758 1192 1872 1247 sola
1899 1192 2177 1263 colligunt,
2212 1208 2331 1264 qua:
2350 1194 2470 1250 illos
2500 1196 2745 1252 carnales
2768 1214 2887 1253 esse
2910 1198 3199 1265 declarent,
3232 1214 3298 1257 ac

1760 1283 1974 1339 labores
2018 1298 2208 1339 eorum
2241 1299 2410 1340 vanos
2443 1285 2735 1357 irritosque
2764 1288 2983 1343 faciant.
3007 1287 3171 1360 Igitur
3216 1290 3298 1360 pi-

1762 1375 1934 1431 scium
1960 1374 2139 1431 instar‘
2152 1374 2256 1431 hoc
2269 1390 2417 1451 mare
2443 1391 2694 1448 magnum
2717 1385 2770 1435 et
2795 1380 3086 1447 spatiosum
3117 1390 3298 1435 trana-

1761 1480 1906 1527 mus.
1941 1464 2190 1520 videlicet
2232 1466 2492 1521 mundum
2523 1486 2537 1521 :
2568 1482 2693 1523 nam
2721 1467 2984 1539 cujusque
3008 1471 3117 1525 vita
3147 1472 3297 1527 varia

1762 1553 2123 1624 dili‘erensque
2149 1562 2252 1609 est.

98 1648 314 1720 χύμεθα
351 1648 503 1719 δίκην
532 1648 628 1720 τὴν
674 1649 931 1707 πλατεῖαν
970 1649 1170 1722 ταύτην
1215 1651 1310 1703 καὶ
1352 1650 1673 1733 εὐρύχωρον.
1716 1644 2027 1712 θάλασσαν(
2066 1646 2306 1701 τουτέστι
2340 1647 2431 1702 τὸν
2454 1648 2694 1721 κόσμον·
2746 1649 2993 1723 διάφορος
3037 1656 3142 1722 γάρ
3184 1668 3299 1716 πως

96 1745 133 1795 ὀ
156 1740 384 1794 ἑκάστου
411 1739 540 1809 βίος.

174 1901 409 1972 Δράκων
461 1895 656 1965 οὗτος,
706 1899 776 1953 ὃν
821 1900 1094 1965 ἔπλασας
1128 1896 1427 1969 ἐμπαίζειν
1477 1897 1643 1963 αὺτῷ.

1828 1885 1990 1944 Vens.
2015 1886 2202 1942 27-29.
2248 1887 2417 1943 Draco
2446 1887 2563 1956 iste,
2613 1906 2759 1961 quem
2797 1892 3036 1961 formasti
3067 1897 3135 1949 ad
3173 1898 3297 1951 illu-

98 1992 308 2047 Πάντα
330 1992 476 2063 πρὸς
505 1992 579 2046 σὲ
615 1989 1007 2062 προσδοκῶσι,
1037 1990 1242 2045 δοῦναι
1280 1990 1393 2077 τὴν
1427 1988 1654 2060 τροφὴν

92 2083 308 2150 αὐτοῖς
349 2086 640 2153 εὐκαιρον.
697 2084 913 2147 Δόντας
961 2096 1077 2138 σου
1130 2080 1333 2149 αὐτοῖς
1358 2122 1372 2147 ,
1434 2080 1645 2137 συλλέ-

52 2164 55 2165 ⁷
96 2174 313 2238 ξουσι·
356 2172 705 2245 ἀνοίξαντος
749 2169 815 2228 δέ
856 2187 971 2225 σου
1012 2170 1126 2240 τὴν
1175 2170 1361 2241 χεῖρα,
1400 2170 1471 2224 τὰ
1500 2170 1651 2239 σύμ-

92 2278 299 2316 παντα
320 2261 770 2331 πλησθήσονται
786 2264 1209 2337 χρηστότητος.
1230 2262 1370 2333 Ὅρα
1386 2262 1432 2313 εί
1452 2261 1653 2333 δυνήσῃ

96 2354 386 2407 καθολικδν
408 2354 514 2406 ἀπὸ
527 2354 713 2407 τούτου
742 2353 985 2407 ἐκλαϐεῖν
1006 2353 1198 2424 δόγμα,
1216 2353 1289 2417 ὼς
1318 2353 1528 2407 πάντων
1548 2350 1655 2403 τῶν

94 2443 343 2515 γενητῶν
364 2430 693 2515 πενομένων,
716 2444 1045 2515 λειπομένων
1072 2462 1131 2496 τε
1160 2444 1253 2497 καὶ
1274 2443 1535 2513 δεομένων
1557 2443 1653 2515 τῆς

92 2535 255 2607 ’παρὰ
276 2534 372 2590 τοῦ
405 2535 537 2589 Θεοῦ
565 2535 843 2607 χορηγίας,
873 2531 939 2607 ἦς
985 2534 1345 2605 μεταλαϐόντα
1386 2531 1650 2602 δυναμοῦ-

90 2645 192 2681 ται
228 2628 318 2681 καὶ
350 2627 537 2697 ίσχύει,
568 2626 755 2697 ὥσπερ
779 2626 864 2679 διὰ
892 2626 1093 2697 τροφῆς
1128 2624 1424 2695 ζωούμενα.
1451 2623 1651 2677 Πάντα

80 2715 252 2784 πρὸς
280 2717 353 2770 σὲ
384 2715 817 2784 προσδοκῶσιν,
834 2714 1043 2768 δοῦναι
1077 2714 1189 2782 τὴν
1206 2713 1435 2785 τροφὴν
1450 2713 1651 2779 αὐτοῖς

90 2808 391 2876 εὔκαιρον.
433 2806 513 2860 Τὰ
546 2806 720 2859 πάντα
755 2805 809 2858 δὲ
845 2807 1020 2877 φήσας
1048 2808 1076 2859 6
1118 2805 1271 2875 λόγος
1304 2806 1649 2879 περιείληφεν

83 2900 235 2971 ὁμοῦ
264 2899 359 2963 τὰς
390 2897 581 2969 νοητὰς
609 2897 704 2950 καὶ
736 2896 893 2965 άγίας
924 2895 1197 2967 δυνάμεις,
1237 2896 1335 2958 τάς
1368 2913 1427 2948 τε
1461 2894 1647 2965 αίσθη-

87 2991 198 3055 τάς
221 2992 313 3046 καὶ
342 2990 440 3055 τὰς
469 2992 526 3045 ὲν
559 2990 770 3062 θνητοῖς
809 2988 1068 3060 σώμασιν.
1115 2988 1267 3043 Οὕτω
1304 2988 1411 3059 γὰρ
1444 2988 1641 3059 μᾶλλον

1756 1978 1981 2033 dentium
2010 1980 2079 2033 ei.
2108 1978 2296 2034 Omnia
2338 1996 2368 2033 a
2397 1989 2443 2034 te
2472 1991 2764 2049 exspectant
2791 1993 2847 2036 ut
2880 1983 2966 2039 des
2995 1985 3101 2039 illis
3125 2002 3297 2042 escam

1757 2071 1811 2125 in
1843 2080 2082 2139 tempore.
2114 2070 2285 2125 Dante
2317 2080 2362 2124 te
2392 2071 2499 2125 illis
2526 2072 2787 2144 colligent,
2820 2078 3073 2144 aperiente
3094 2086 3142 2131 te
3178 2096 3296 2133 ma-

1756 2178 1881 2216 num
1919 2163 2095 2215 omnia
2146 2162 2498 2232 implebantur
2547 2165 2789 2229 bonitate.
2830 2166 2963 2223 Vide
3007 2152 3081 2224 an.
3119 2172 3299 2241 possis

1758 2252 1883 2308 hinc
1916 2252 2108 2323 dogma
2149 2254 2474 2309 catholicum
2517 2257 2781 2326 excipere,
2813 2257 2958 2330 quod
2992 2274 3181 2315 omnes
3206 2277 3298 2319 res

1756 2354 1950 2400 creata:
1992 2344 2180 2414 inopes
2230 2344 2342 2399 sint
2394 2360 2463 2400 ac
2500 2345 2595 2402 Dei
2622 2348 2904 2420 largitione
2950 2360 3158 2421 egeant,
3189 2368 3297 2423 qua

1754 2443 1975 2506 accepta
1997 2438 2328 2493 roborantur
2352 2453 2374 2491 ι
2390 2454 2417 2493 c
2447 2438 2645 2510 vigent,
2666 2450 2851 2511 utpote
2868 2458 2989 2499 esca
3016 2444 3183 2499 vitam
3212 2461 3298 2501 ac-

1752 2527 2034 2598 cipientes.
2070 2526 2261 2583 Omnia
2286 2546 2328 2581 ra
2351 2538 2398 2583 te
2426 2540 2749 2600 exspectant,
2779 2541 2836 2587 ut
2863 2533 2953 2589 des
2980 2535 3088 2590 illis
3125 2553 3298 2592 escam

1751 2621 1806 2673 in
1835 2628 2079 2688 tempore.
2124 2606 2261 2675 Cum
2306 2636 2471 2691 porro
2508 2624 2687 2677 omnia
2731 2625 2947 2694 dixerit,
2989 2631 3299 2699 spirituales

1750 2718 1803 2766 et
1824 2718 2041 2766 sanctas
2063 2710 2316 2774 virtutes,
2344 2726 2560 2781 necnon
2588 2715 2894 2781 sensibiles,
2928 2734 3045 2787 quae
3067 2721 3119 2772 in
3149 2734 3297 2776 mor-

1752 2800 1946 2876 talibus
2001 2800 2319 2870 corporibus
2365 2811 2513 2867 sunt,
2540 2818 2647 2858 una
2684 2786 2999 2876 complexus
3024 2816 3127 2863 est.
3158 2808 3296 2867 Nam
3344 2786 3349 2797 Α

1746 2894 1822 2949 ita
1860 2892 1955 2950 Dei
1994 2880 2210 2948 bonitas
2252 2892 2422 2963 magis
2452 2894 2725 2975 elucescit,
2773 2896 2917 2966 quod
2943 2906 3052 2954 tam
3098 2900 3292 2974 dignis,

1744 3000 1903 3055 quam
1927 2983 2184 3055 indignis,
2219 2998 2371 3039 suam
2411 2984 2685 3054 impertiat
2712 2986 3116 3059 benignitatem.

90 3083 357 3154 μειζόνως
378 3086 413 3156 ἡ
444 3083 709 3155 ἀναθότης
737 3080 1042 3153 διαλάμπει,
1070 3080 1148 3153 τῷ
1174 3082 1267 3136 καὶ
1297 3082 1464 3148 ἀξίοις
1488 3084 1578 3135 καὶ
1607 3081 1680 3151 μὴ
1713 3079 1879 3143 ἀξίοις
1914 3078 2011 3149 τῆς
2040 3077 2168 3149 παρ’
2195 3077 2356 3131 αὐτοῦ
2389 3080 2746 3153 χρηστότητος
2780 3083 3111 3152 μεταδοῦναι.

176 3245 535 3311 Ἀντανελεῒς
557 3244 622 3298 τό
650 3243 881 3313 πνεῦμα
907 3239 1101 3298 αὐτῶν
1134 3241 1231 3295 καί
1263 3220 1634 3309 ἐπιλείψουσι,

1808 3238 1972 3293 Vens.
2001 3234 2088 3291 50.
2118 3236 2334 3305 Auferes
2364 3237 2602 3304 spiritum
2634 3252 2834 3303 eorum,
2863 3249 2911 3293 et
2942 3242 3198 3311 deﬁcient,
3243 3256 3294 3302 et

86 3336 192 3390 καὶ
210 3338 294 3400 είς
314 3336 419 3390 τὸν
446 3336 597 3405 χοῦν
620 3326 813 3389 αὐτῶν
826 3327 1277 3403 ἐπιστρέφουσι.
1294 3333 1643 3397 Ἐξαποστε-

83 3426 223 3493 ,ἱεῖς
239 3427 305 3480 τὸ
320 3426 702 3497 πνεῦμάξσου,
721 3427 818 3481 καί
834 3426 1276 3496 πεισθήσονται,
1302 3426 1399 3479 καί
1414 3425 1645 3480 ἀνακαι-

83 3516 241 3593 νιεῒς
266 3516 331 3570 τὸ
363 3521 684 3586 πρόσωπον
713 3518 823 3587 τῆς
853 3516 985 3587 γῆς.
1020 3517 1156 3589 Περὶ
1186 3515 1483 3586 ἀνθρώπων
1531 3510 1587 3569 δὲ
1615 3517 1644 3568 6

82 3605 269 3673 λόγος,
303 3606 396 3659 καὶ
434 3601 587 3675 οἶμαι
627 3622 689 3673 γε
738 3605 823 3659 διὰ
862 3602 1063 3658 τούτων
1094 3606 1194 3676 τὴν
1242 3604 1334 3657 τοῦ
1382 3605 1644 3675 παρόντος

84 3696 286 3759 αἰῶνος
306 3695 588 3767 δηλοῦσθαι
624 3696 927 3750 συντέλειαν
950 3735 965 3761 ,
997 3697 1090 3751 καὶ
1118 3696 1215 3768 τὴν
1237 3695 1328 3750 τοῦ
1361 3696 1640 3767 μέλλοντος

80 3785 400 3839 ἀνανέωσινο
425 3786 499 3849 ὡς
528 3786 591 3841 ἂν
623 3788 693 3858 μή
713 3805 794 3851 τις
826 3784 1095 3861 ὑπονοήσῃ
1118 3788 1196 3851 είς
1223 3788 1441 3859 ἄπειρον
1474 3804 1638 3840 κατα-

80 3879 283 3931 τείνειν
303 3878 399 3949 τὴν
426 3878 701 3950 παροῦσαν
722 3879 814 3933 τοῦ
840 3880 1042 3949 κόσμου
1073 3879 1342 3941 σύστασιν,
1366 3878 1479 3932 ἀλλ’
1500 3878 1632 3947 ἔχοι-

80 3982 195 4035 μεν
219 3966 433 4030 ἐλπίδας
460 3969 538 4030 είς
570 3968 772 4021 ἐκεῖνον
798 3970 887 4021 τὸν
917 3969 1032 4022 νέον
1070 3968 1237 4023 αἰῶνα
1265 3967 1355 4020 καὶ
1386 3969 1482 4039 τὴν
1507 3967 1631 4021 ἀνά-

81 4071 299 4119 στασιν,
324 4058 387 4126 ἢν
416 4059 443 4110 ό
471 4056 623 4125 λόγος
653 4058 945 4128 παρίστησι
976 4056 1108 4128 μετὰ
1128 4057 1188 4109 τὸ
1209 4057 1389 4125 φάναι,
1410 4059 1513 4121 Εἰς
1533 4058 1638 4110 τόν

78 4146 242 4215 χοῦν
266 4146 461 4201 αὐτῶν
506 4148 1003 4215 ἐπιστρέψωσιν,
1038 4146 1358 4215 ἐπαγαγώνο
1402 4146 1637 4211 Ἐξαπο-

76 4236 323 4300 στελεῖς
358 4239 423 4289 τὸ
458 4238 687 4309 πνεῦμά
716 4252 829 4292 σου
865 4238 924 4291 τὸ
958 4238 1235 4303 ζωοποιὸν,
1268 4237 1363 4290 καί
1400 4234 1637 4304 κτισθή-

78 4344 318 4393 σονται,
350 4314 411 4380 ἐπὶ
464 4328 565 4398 γῆς
617 4329 995 4399 ἀνιστάμενοι,
1043 4328 1140 4381 καὶ
1181 4328 1540 4393 ἀνακαινιεῒς
1569 4328 1635 4382 τὸ

77 4422 409 4489 πρόσωπον
431 4420 540 4489 τῆς
567 4420 697 4491 γῆς,
722 4421 780 4474 τὸ
807 4421 997 4487 κάλλος
1027 4421 1125 4492 τῆς
1150 4422 1270 4490 γῆς,
1297 4420 1491 4492 δηλαδὴ
1514 4422 1636 4485 τοὺς

74 4515 197 4571 ἀπὸ
230 4538 235 4541 ·
268 4514 369 4585 γῆς
415 4513 745 4577 πλασθέντας
808 4513 1141 4585 ἀνθρώπους.
1223 4512 1483 4568 Ἐνταῦθα
1542 4530 1635 4566 σα-

1743 3331 1797 3384 in
1846 3331 2106 3400 pulverem
2169 3344 2321 3384 suum
2374 3337 2709 3381 reuertentur.
2759 3328 2979 3385 Emittes
3050 3337 3293 3404 spiritum

1742 3428 1910 3485 tuum,
1926 3428 1975 3474 et
1995 3415 2328 3493 creabantur,
2358 3425 2407 3471 et
2435 3417 2703 3472 renovabis
2733 3419 2920 3487 faciem
2945 3425 3293 3484 terrmlEsu-

1743 3528 1832 3567 mo
1851 3511 1917 3566 de
1942 3510 2251 3565 hominibus
2284 3509 2373 3564 hic
2397 3523 2699 3565 sermonem
2724 3510 2945 3574 haberi,
2966 3527 3029 3566 ac
3051 3529 3292 3582 praesen-

1742 3604 1812 3658 tis
1833 3603 2016 3659 δαίουίί
2044 3592 2562 3658 consummationem
2590 3600 2867 3672 futurique
2885 3590 3286 3665 renovationem

1741 3692 1826 3746 his
1852 3690 2178 3762 signiﬁcari;
2210 3697 2269 3744 ut
2302 3705 2370 3745 ne
2394 3693 2513 3761 quis
2531 3690 2897 3761 suspicaretur
2914 3692 3074 3763 hujus
3099 3696 3288 3753 mundi

1742 3790 1940 3839 statum
1979 3784 2034 3837 in
2063 3790 2326 3837 aeternum
2352 3788 2667 3838 mansurum
2701 3798 2850 3850 esse;
2884 3785 2980 3839 sed
3014 3801 3163 3856 spem
3184 3789 3284 3843 ha-

1738 3873 1988 3928 beremus
2018 3873 2081 3927 in
2107 3872 2238 3927 illud
2270 3887 2468 3927 novum
2515 3872 2791 3937 saaculum,
2825 3890 2888 3929 ac
2933 3879 3287 3934 resurrectio-

1738 3979 1861 4020 nem
1890 3979 2051 4033 quam
2080 3979 2259 4020 sermo
2280 3964 2540 4029 declarat,
2574 3980 2695 4019 cum
2727 3972 3075 4037 posteaquam
3122 3970 3281 4035 dixit,

1740 4054 1805 4110 In
1822 4055 2077 4123 pulverem
2108 4070 2259 4109 suum
2282 4063 2616 4119 revertentur,
2641 4056 2881 4125 subiicit,
2909 4056 3129 4113 Emittes
3159 4060 3273 4128 spi-

1735 4149 1894 4202 ritum
1917 4157 2062 4201 tuum
2090 4146 2382 4210 viviﬂcu'm,
2408 4153 2459 4201 et
2483 4146 2817 4213 creabuntur,
2848 4164 2915 4203 ex
2940 4157 3083 4203 terra
3108 4166 3284 4206 resur-

1736 4244 1943 4311 gentes,
1980 4248 2030 4294 et
2070 4237 2337 4293 renouabis
2382 4238 2571 4307 faciem
2614 4248 2785 4303 terrae,
2827 4240 3282 4310 pulchritudinem

1734 4330 1981 4385 videlicet
2002 4337 2181 4397 terras,
2206 4329 2259 4385 id
2285 4336 2388 4394 est,
2410 4329 2657 4386 homines
2682 4346 2748 4387 ex
2779 4338 2922 4388 terra
2950 4334 3277 4391 elformatos.

1735 4419 1836 4475 Hic
1880 4421 2026 4477 clare
2066 4419 2227 4476 nobis
2261 4421 2740 4489 resurrectionem,
2784 4437 2979 4477 novam
3026 4439 3123 4493 per
3152 4438 3281 4479 san-

1736 4512 2037 4569 ctissimum
2068 4510 2329 4583 Spiritum
2363 4511 2549 4577 vitam,
2585 4527 2649 4567 ac
2677 4512 3035 4567 humanorum
3082 4529 3278 4584 corpo-

78 4608 202 4679 φῶς
252 4608 380 4679 ἡμῖν
409 4607 501 4659 καὶ
530 4604 626 4676 τὴν
663 4606 950 4661 ἀνάστασιν
991 4604 1357 4678 προεκήρυξε,
1396 4606 1491 4677 καὶ
1538 4605 1635 4676 τὴν

1742 4620 1856 4662 rum
1884 4604 1940 4660 in
1964 4603 2261 4659 novissimo
2290 4604 2473 4659 saeculi
2502 4612 2742 4673 tempore
2767 4605 2821 4658 in
2848 4605 3133 4675 pristinam
3166 4605 3278 4661 for-

74 4700 174 4754 διὰ
202 4697 298 4753 τοῦ
344 4697 601 4768 παναγίου
643 4699 954 4770 Πνεύματος
988 4699 1301 4763 ἀναϐίωσιν,
1330 4700 1422 4751 καὶ
1453 4698 1545 4750 τὸν
1576 4699 1634 4751 ὲν

76 4791 334 4863 ἐσχάτοις
366 4791 457 4845 τοῦ
486 4791 676 4856 αίῶνος
703 4795 911 4864 καιροῖς
932 4792 1039 4844 τῶν
1072 4790 1419 4863 ἀνθρωπίνων
1450 4788 1668 4858 σωμάο,

75 4900 214 4947 των,
250 4883 629 4955 ἀναπλασμόν*
660 4885 756 4954 τήν
788 4901 845 4936 τε
872 4886 951 4947 είς
992 4884 1051 4936 τὸ
1092 4880 1243 4947 αὖθις
1272 4876 1407 4935 εῖναι
1457 4893 1633 4951 παρα-

76 4974 291 5043 γωγήν.
314 4976 421 5029 Καὶ
452 4976 738 5039 δείκνυσιν,
766 4974 839 5040 ὡς
864 4977 1020 5040 αὑτός
1045 4978 1187 5030 ἐστιν
1215 4978 1242 5029 ό
1278 4975 1372 5029 καὶ
1400 4973 1627 5029 θανάτου

75 5064 179 5117 καὶ
199 5063 343 5133 ζωῆς
366 5066 729 5137 δεσπότης.οὺ
757 5066 863 5138 γάρ
893 5064 1133 5135 βούλεται
1164 5068 1272 5128 τοῖς
1294 5063 1629 5135 σκυθρωποῖς

75 5154 452 5224 ἐνδιατρίϐειν,
470 5157 605 5211 ἀλλὰ
633 5158 884 5216 τοσοῦτον
910 5155 1073 5211 είπὼν
1098 5158 1220 5210 ὅσον
1248 5155 1499 5227 φοϐῆσαι,
1524 5154 1629 5210 πάν

76 5246 167 5300 λιν
193 5245 284 5297 ἐπὶ
306 5243 373 5297 τὰ
388 5245 594 5317 χρηστά
620 5248 876 5315 ἐπανάγει
892 5246 979 5299 τὸν
998 5246 1171 5313 λόγον,
1190 5246 1282 5297 καὶ
1309 5243 1627 5321 ὅπεριάλλα-

74 5336 181 5411 χοῦ
201 5334 429 5407 εἴρηται,
450 5336 530 5390 ὅτι
559 5336 651 5390 καὶ
666 5336 892 5392 θανάτου
922 5338 1013 5392 καὶ
1036 5336 1180 5407 ζωῆς
1207 5336 1366 5400 αὐτός
1394 5337 1507 5389 ἐστι
1523 5334 1629 5390 Κύ-

78 5444 221 5502 ριος,
234 5423 389 5479 τοῦτο
406 5424 635 5484 ἐνταῦθα
655 5425 819 5497 δηλοῖ,
852 5428 944 5482 καί
972 5444 1101 5501 φησι
1128 5426 1253 5490 τοὺς
1278 5428 1357 5489 εἰς
1385 5426 1477 5480 τὸν
1496 5424 1625 5496 χοῦν

75 5516 508 5590 ἐπιστρέψαντας
522 5516 625 5570 ὑπὸ
638 5517 729 5571 τοῦ
746 5519 884 5572 Πνεύ
891 5510 1056 5591 ματος
1084 5518 1377 5583 κτίξεσθαι,
1396 5520 1489 5572 καὶ
1503 5521 1624 5573 ἀνα-

74 5608 416 5675 καινίζεσθαι
444 5609 551 5663 τῶν
574 5608 870 5681 ἀνθρώπων
896 5612 956 5664 τὸ
985 5612 1138 5681 γένος
1162 5628 1174 5641 ’
1205 5612 1237 5681 ἡ
1267 5611 1372 5681 γὰρ
1396 5611 1624 5672 ἀνάστα-

48 5694 169 5768 ’σις
189 5704 268 5766 είς
289 5701 347 5755 τὸ
378 5699 598 5773 ἀρχαῖόν
629 5700 775 5754 ἐστιν
812 5701 1261 5765 ἀποκατάστασις.
1306 5700 1624 5772 Ἀποστολὴν

74 5795 139 5848 δὲ
176 5792 332 5848 καλεῖ
356 5792 446 5847 τοῦ
481 5790 787 5883 Πνεῦματος
818 5792 917 5863 τὴν
948 5794 1083 5865 πρὸς
1107 5794 1165 5847 τὸ
1192 5794 1430 5863 ἐνεργεῖν
1462 5792 1624 5846 αὐτοῦ

74 5887 496 5958 συγκατάϐασιν,
521 5886 579 5941 οὑ
606 5885 703 5959 τὴν
726 5888 789 5941 ὲκ
816 5885 979 5940 τόπου
1008 5889 1084 5951 εἰς
1111 5888 1274 5941 τόπον
1300 5885 1589 5958 μετάϐασιν
1607 5904 1629 5921 λ

1732 4711 1876 4751 mam
1930 4695 2349 4760 restitutionem,
2395 4695 2720 4765 praenuntiat
2751 4712 2765 4749 :
2804 4696 3041 4767 itemque
3075 4697 3276 4768 produ-

1731 4784 1962 4838 ctionem
1991 4783 2138 4837 illam
2180 4791 2241 4838 ut
2281 4799 2498 4839 rursum
2536 4784 2876 4841 exsistamus.
2922 4785 3277 4857 Ostenditque

1730 4874 1909 4944 ipsum
1937 4886 2061 4928 esse
2100 4878 2155 4928 et
2184 4875 2375 4928 mortis
2400 4883 2453 4929 et
2492 4874 2614 4929 vitae
2652 4873 2958 4933 Dominum.
2996 4875 3116 4931 Non
3159 4880 3276 4932 vult

1729 4966 1871 5021 enim
1919 4955 2020 5019 nos
2052 4963 2111 5018 in
2152 4963 2403 5020 tristibus
2449 4975 2797 5035 permanere;
2844 4968 2939 5023 sed
2986 4975 3270 5037 postquam

1728 5065 1951 5113 eatenus
1972 5056 2063 5111 illa
2088 5055 2245 5122 dixit,
2277 5064 2548 5128 quatenus
2573 5073 2673 5115 nos
2701 5042 3173 5131 perterrefaceret;
3204 5060 3271 5114 ad

1712 5148 1941 5202 'mitiora
1977 5161 2193 5203 rursum
2228 5163 2535 5205 sermonem
2579 5149 2825 5207 reducit:
2856 5158 2908 5206 et
2952 5150 3097 5220 quod
3141 5151 3268 5208 alibi

1726 5239 1932 5295 dictum
1957 5246 2061 5305 est,
2086 5240 2346 5311 quoniam
2390 5242 2515 5296 vita:
2555 5248 2610 5297 et
2649 5242 2838 5297 mortis
2868 5242 2984 5314 ipse
3007 5241 3270 5301 Dominus

1727 5339 1829 5398 est,
1857 5330 2091 5402 idipsum
2117 5331 2229 5402 jam
2258 5332 2461 5389 indicat
2488 5341 2542 5390 et
2569 5334 2665 5400 ait,
2681 5348 2776 5389 eos
2797 5335 2888 5404 qui
2914 5336 2967 5389 in
2991 5337 3269 5406 pulverem

1728 5424 1925 5479 reversi
1942 5431 2068 5479 sunt
2090 5439 2120 5479 a
2145 5422 2347 5496 Spiritu
2365 5425 2645 5489 creandos,
2660 5439 2723 5501 ac
2752 5428 3118 5482 renovandum
3145 5442 3268 5481 esse

1726 5530 1895 5586 genus
1924 5515 2218 5571 humanum
2246 5531 2401 5571 :nam
2430 5517 2754 5572 resurrectio
2793 5527 2877 5574 est
2904 5520 2958 5575 in
2978 5519 3265 5590 pristinum

1725 5608 2017 5664 restitutio.
2058 5593 2419 5664 Emissionem
2466 5616 2645 5663 autem
2701 5608 2943 5680 Spiritus.
2991 5620 3265 5683 nuncupat

1725 5701 1844 5771 ejus
1873 5700 1939 5755 ad
1971 5698 2300 5771 Operandum
2321 5698 2663 5764 descensum,
2691 5716 2801 5764 non
2838 5716 2965 5757 vero
3009 5703 3265 5759 mutatio.

1724 5810 1847 5851 nem
1878 5810 1907 5850 a
1941 5795 2061 5850 loco
2100 5794 2155 5849 in
2184 5793 2385 5858 locum,
2416 5791 2543 5862 quia
2569 5788 2798 5862 Spiritus
2828 5792 3035 5847 Domini
3054 5794 3263 5864 repleuit

1732 5886 1904 5944 orbem
1929 5895 2209 5957 terrarum,
2244 5903 2273 5944 a
2301 5900 2409 5961 quo
2431 5885 2596 5946 iacies
2621 5894 2780 5947 terra:
2838 5898 3145 5948 renovatur.
3172 5886 3266 5943 Et-
