3994 6354
785 446 919 501 1287
1404 441 1658 497 EUSEBII
1699 438 2162 495 CAESARIENSIS
2198 437 2346 495 OPP.
2399 437 2575 494 PARS
2614 439 2699 495 ll].
2739 468 2809 479 —
2846 434 3241 498 EXEGETICAI
3796 443 3879 497 ιιι

781 565 922 619 enim
941 561 1052 614 haec
1067 565 1148 612 est
1171 566 1324 611 terrae
1354 557 1714 626 pulchritudo,
1743 556 1994 609 animalia
2023 571 2140 625 qua
2169 556 2223 609 in
2249 568 2310 608 ea
2341 564 2358 617 λ

2301 571 2310 605 ι
2341 561 2386 617 Α
2409 554 2488 606 ὅτι
2525 555 2762 623 Πνεῦμα
2794 555 3010 624 Κυρίου
3053 554 3397 624 πεπλήρωκε
3429 555 3541 624 τὴν
3568 556 3878 625 οἰκουμένην

783 661 929 715 sunt,
973 651 1187 720 plantae,
1232 655 1287 702 et
1336 649 1610 703 hominum
1651 662 1839 716 genus.
1883 643 1953 700 Ut
1994 656 2170 700 autem
2221 646 2308 698 illa

2301 663 2308 697 ι
2413 646 2500 714 ὑφ’
2537 641 2596 700 οὗ
2621 646 2681 698 τὸ
2729 647 3012 718 πρόσωπον
3042 646 3139 717 τῆς
3165 646 3264 716 γῆς
3317 646 3728 710 ἀνακαινίζεται.
3769 648 3878 699 Τοῦτ

781 743 1196 801 constituantur,
1230 739 1536 825 necessaria
1566 747 1649 792 est
1674 737 1894 807 Spiratio
1915 744 1968 791 et
1990 736 2096 789 vita
2127 736 2192 790 ab
2221 736 2311 790 illo

2297 751 2311 786 ι
2412 739 2524 811 γὰρ
2549 739 2774 802 κάλλος,
2826 739 2922 809 τῆς
2956 738 3270 808 οἰκουμένης
3316 738 3383 791 τὰ
3433 738 3548 803 ζῶα
3578 740 3647 817 τὰ
3680 741 3734 791 ὲν
3768 742 3874 808 αὐτῇ

780 835 923 902 data,
969 848 1128 902 quam
1157 839 1210 885 et
1240 831 1369 884 dare
1411 836 1464 883 et
1491 814 1732 896 accipere
1775 827 1874 896 ipsi
1923 826 2177 895 perfacile
2206 834 2308 891 est,

2297 867 2308 891 ,
2412 833 2477 886 τὰ
2506 832 2664 901 φυτά,
2706 831 2812 884 τῶν
2848 830 3144 903 ἀνθρώπων
3180 829 3241 883 τὸ
3290 831 3468 898 γένος’
3503 814 3640 883 ὥστε
3675 830 3730 884 δὲ
3767 833 3874 884 ταῦτ

781 933 936 993 atque
964 922 1075 975 haec
1101 920 1280 973 omnia
1306 925 1528 988 repente
1552 932 1614 970 ac
1641 917 1790 970 nullo
1819 916 2032 986 negotio
2066 916 2271 984 peragit
2294 933 2305 968 :

2301 934 2305 967 :
2415 923 2697 993 συστῆναι,
2753 925 2849 993 τῆς
2895 924 3021 992 παρ’
3068 921 3228 976 αὑτοῦ
3264 921 3538 991 διδομένης
3587 922 3737 992 χρεία
3773 923 3878 990 τινοῆ

780 1017 833 1067 id
860 1015 1000 1068 enim
1048 1012 1129 1066 vel
1181 1011 1470 1063 maximum
1520 1018 1601 1062 est
1633 1008 1845 1061 virtutis
1877 1006 1995 1075 ejus
2033 1019 2310 1076 argumen-

2297 1033 2310 1044 -
2412 1016 2502 1066 ml.
2536 1014 2676 1083 ζωῆς
2701 1029 2713 1043 δ
2742 1014 2809 1084 ἢν
2859 1015 2949 1066 καὶ
2976 1012 3150 1068 δοῦναι
3191 1013 3282 1065 καὶ⁵
3314 1012 3490 1065 λαϐεῖν
3540 1013 3683 1082 αὐτῷ
3728 1014 3874 1082 ῥᾴδιον

781 1109 910 1152 tum.
953 1096 1114 1151 Vides
1155 1097 1314 1150 etiam
1343 1097 1396 1148 in
1430 1095 1676 1164 presenti
1706 1096 1813 1148 vita
1842 1094 2306 1155 resurrectionem,

2301 1134 2306 1154 ι
2412 1107 2504 1158 καὶ
2551 1105 2722 1158 πάντα
2779 1104 2914 1174 μετὰ
2948 1106 3140 1174 τάχους
3183 1103 3276 1156 καὶ
3326 1104 3585 1167 εὐκολίας.
3636 1105 3739 1158 Καὶ
3783 1105 3878 1156 τοῦτ

780 1191 833 1242 in
869 1189 1193 1249 seminibus,
1235 1186 1289 1239 in
1327 1187 1545 1255 plantis,
1582 1193 1738 1254 atque
1777 1186 1826 1238 in
1877 1185 1992 1253 ipso
2037 1185 2308 1237 hominum

2301 1201 2308 1237 ι
2414 1194 2644 1263 μάλιστα
2675 1193 2939 1246 δείκνυσιν
2961 1192 3122 1246 αὑτοῦ
3147 1193 3242 1264 τὴν
3272 1193 3439 1262 ίσχύν.
3483 1194 3642 1264 Ὁρᾷς
3672 1197 3757 1245 καὶ
3778 1195 3823 1242 ὲν
3845 1212 3878 1243 τι

781 1297 975 1353 genere
1009 1279 1421 1350 expressamlad
1456 1276 1837 1332 meditandum.
1885 1278 2154 1346 Siquidem
2196 1277 2310 1329 ani—

2301 1305 2310 1314 '
2412 1285 2635 1356 παρόντι
2699 1283 2797 1352 βίῳ
2850 1284 3217 1353 μελετωμένην
3249 1283 3344 1354 τὴν
3403 1285 3692 1337 ἀνάστασιν
3733 1288 3782 1337 ὲν
3820 1287 3878 1334 τοξ

781 1376 940 1427 malia
973 1382 1024 1427 et
1058 1374 1247 1441 planta:
1277 1379 1565 1424 extremam
1605 1370 1723 1423 vitm
1755 1372 2010 1424 rationem
2043 1369 2306 1432 obtinent,

2301 1409 2306 1426 ν
2412 1376 2711 1447 σπέρμασιν
2730 1415 2745 1438 ,
2797 1377 2853 1428 ὲν
2878 1379 2989 1438 τοῖς
3029 1378 3209 1444 φυτοῖς
3230 1415 3245 1438 ,
3277 1375 3366 1428 καὶ
3415 1377 3471 1428 ὲν
3517 1374 3660 1443 αὑτῷ
3689 1374 3760 1443 τῷ
3792 1375 3878 1439 γένξ

779 1480 884 1534 qua
915 1464 1142 1526 sublata,
1171 1470 1229 1516 ut
1256 1461 1453 1514 dictum
1482 1466 1583 1521 est,
1609 1466 1718 1513 tota
1750 1462 1856 1514 vita
1883 1461 2060 1515 deﬁcit
2087 1480 2098 1514 :
2123 1467 2175 1514 et
2191 1475 2308 1530 quae

2301 1477 2308 1512 ι
2409 1466 2514 1518 τῶν
2539 1465 2852 1538 ἀνθρώπων.
2878 1467 2986 1519 Καὶ
3021 1463 3132 1528 ζῶα
3157 1464 3263 1535 γὰρ
3288 1465 3378 1516 καὶ
3411 1464 3550 1531 φυτά
3581 1465 3697 1516 κατ’
3722 1463 3878 1530 ἔσχατα

779 1556 990 1610 residua
1018 1562 1163 1616 sunt,
1200 1554 1336 1622 quod
1373 1568 1478 1621 pra:
1525 1552 1831 1606 inﬁrmitate
1875 1553 2034 1605 vitam
2085 1566 2305 1606 conser-

2301 1581 2305 1590 -
2408 1559 2672 1627 άπήχημα
2699 1557 2797 1626 τῆς
2835 1557 2976 1626 ζωῆς
3000 1557 3176 1625 ἔχουσι
3214 1557 3272 1606 τὸ
3304 1552 3455 1612 εἶναι,
3495 1551 3561 1624 ἧς
3603 1556 3878 1622 ἀνταναιρο.

776 1660 1036 1702 vare'non
1083 1648 1308 1715 possint,
1341 1645 1405 1698 ad
1451 1659 1613 1697 unum
1652 1653 1705 1698 et
1754 1644 1891 1697 idem
1931 1650 2305 1706 revertuntur;

2301 1658 2305 1702 ;
2411 1646 2577 1714 μένης
2609 1645 2746 1698 κατὰ
2775 1645 2833 1697 τὸ
2857 1645 3052 1713 λόγιον,
3097 1644 3329 1697 ἐκλείπει
3359 1646 3504 1696 πᾶσα
3529 1643 3658 1712 ζωὴ,
3686 1643 3770 1694 καὶ
3797 1644 3878 1712 ’πρ-ὲ

778 1754 838 1793 ac
883 1753 1071 1791 rursus
1113 1735 1362 1789 animalia
1412 1734 1562 1788 fiunt.
1605 1732 1862 1801 Quodque
1913 1733 2305 1786 divinissimum

2301 1750 2305 1782 I
2409 1736 2466 1787 ἓν
2493 1736 2561 1787 τὰ
2585 1736 2927 1790 ἐκλελοιπότα
2955 1738 3019 1805 τῇ
3055 1736 3186 1805 πρὸς
3208 1735 3266 1787 τὸ
3313 1736 3555 1804 μετέχειν
3587 1735 3743 1802 αὐτῆς
3779 1734 3878 1784 ἀπίει

776 1840 878 1893 est,
907 1846 1007 1884 nos
1050 1845 1114 1883 ex
1143 1835 1278 1891 toto,
1308 1825 1555 1880 videlicet
1588 1825 1794 1878 animas
1821 1831 1874 1876 et
1916 1823 2047 1892 ipsis
2080 1821 2308 1888 conjun-

2301 1849 2308 1860 ν
2411 1826 2524 1897 νείᾳ
2566 1827 2724 1879 πάλιν
2777 1827 3202 1898 ὲπιστρεφόμενα
3226 1865 3240 1889 ,
3269 1825 3428 1879 πάλιν
3457 1824 3570 1888 ζῶα
3603 1824 3805 1893 γίνεται.
3848 1825 3878 1874 ’ἶ

777 1930 860 1975 cta
893 1934 1135 1989 corpora,
1165 1917 1229 1970 ad
1264 1914 1622 1969 omnimodam
1667 1914 1825 1966 vitam
1856 1921 1908 1966 et
1942 1912 2313 1967 immortalita—
2343 1911 2354 1964 l

2301 1939 2313 1950 -
2343 1911 2383 1964 Β
2411 1915 2466 1966 δὲ
2515 1909 2802 1978 θειότατον,
2834 1917 2913 1968 ὅτι
2951 1916 3043 1968 καὶ
3087 1915 3217 1979 ὅλως
3250 1917 3412 1986 ημᾶς,
3467 1914 3640 1984 ψυχάς
3671 1933 3796 1984 φημι
3831 1933 3878 1966 κε

775 2022 883 2066 tem
913 2007 1314 2065 transferendos
1337 2021 1456 2062 esse
1484 2005 1537 2057 in
1571 2003 1850 2073 promissis
1871 2003 2160 2057 habemus:
2191 2017 2308 2070 quae

2301 2020 2308 2054 :
2411 2005 2476 2057 τά
2504 2005 2704 2075 συζυγῆ
2733 2004 2974 2075 σώματα,
3010 2006 3142 2077 πρὸς
3171 2006 3400 2075 παντελῆ
3429 2005 3573 2076 ζωὴν
3613 2007 3702 2058 καὶ
3738 2007 3878 2057 aliave

775 2119 863 2158 res
907 2117 1034 2157 sane
1079 2099 1315 2168 antiquis
1361 2104 1550 2166 praeter
1580 2103 1826 2147 naturam
1867 2108 1986 2148 esse
2021 2092 2159 2147 forte
2191 2093 2327 2147 visa

2301 2113 2327 2146 ι-
2413 2095 2531 2148 σίαν
2555 2096 2875 2167 ἐπήγγελται
2904 2098 3248 2168 μεταθήσειν⁸
3279 2099 3506 2168 πρᾶγμα
3527 2100 3592 2168 τῇ
3629 2097 3878 2162 παλαιότη·

775 2191 937 2246 fuerit
965 2205 978 2241 ε
1009 2204 1070 2242 ac
1113 2202 1297 2242 revera
1329 2194 1381 2238 et
1408 2185 1640 2238 divinum
1665 2198 1800 2252 opus
1827 2191 1910 2238 est
1939 2190 1992 2237 et
2017 2197 2177 2252 supra
2210 2197 2305 2234 na-

2301 2211 2305 2220 -
2413 2187 2510 2256 μὲν
2535 2187 2660 2248 ἴσως
2683 2188 2827 2257 παρὰ
2857 2188 3011 2256 φύσιν
3041 2189 3246 2251 δοκοῦν,
3279 2191 3343 2260 τῇ
3365 2190 3419 2241 δὲ
3443 2189 3666 2259 ἀληθείᾳ
3689 2189 3771 2240 καὶ
3793 2189 3878 2240 θεῖε

775 2290 981 2347 turam;
1012 2288 1276 2338 naturam,
1317 2276 1550 2342 inquam,
1584 2283 1843 2337 nostram,
1873 2287 1977 2326 non
2006 2286 2133 2326 vero
2164 2271 2307 2325 illam

2301 2292 2307 2324 ι
2410 2279 2503 2330 καὶ
2541 2278 2677 2350 ὑπὲρ
2706 2278 2863 2345 φύσιν
2887 2279 2982 2347 τὴν
3019 2279 3138 2331 καθ’
3178 2280 3341 2348 ἡμᾶς,
3383 2280 3442 2331 οὐ
3494 2279 3592 2349 τὴν
3639 2279 3878 2347 πανσθενῆ

775 2374 921 2430 omni
947 2373 1144 2424 virtute
1182 2367 1426 2436 plenam:
1462 2365 1587 2417 huic
1620 2364 1760 2417 enim
1807 2363 1952 2424 nulla
1984 2363 2092 2418 vita
2118 2371 2308 2432 praeter

2301 2379 2308 2394 '
2411 2368 2541 2437 αὐτῇ
2573 2367 2680 2437 γὰρ
2707 2368 2824 2420 οὐδὲ
2858 2368 2954 2436 μία
2987 2366 3095 2438 ζωὴ
3134 2366 3280 2437 παρὰ
3314 2369 3546 2436 φύσιν,ἢ
3583 2369 3715 2437 ὑπὲρ
3756 2367 3878 2435 φύσει

775 2474 1022 2521 naturam
1069 2467 1160 2521 aut
1192 2472 1352 2527 supra
1394 2465 1636 2509 naturam
1679 2463 1788 2519 est;
1815 2455 1995 2524 itaque
2040 2453 2170 2540 hinc
2197 2469 2309 2508 ser-

2301 2481 2309 2492 -
2411 2457 2545 2509 ὥστε
2575 2458 2623 2508 οἱ
2664 2457 2794 2526 περὶ
2824 2456 3023 2509 τούτων
3057 2456 3154 2525 τῆς
3185 2458 3465 2526 παροινίας
3495 2455 3726 2525 Σίμωνος
3756 2458 3878 2525 ama

775 2568 987 2616 mones,
1015 2547 1310 2605 secundum
1331 2542 1566 2596 Simonis
1591 2541 1851 2595 insaniam
1876 2539 2165 2594 adversum
2184 2549 2308 2607 pro-

2301 2568 2308 2577 ⁵
2413 2550 2618 2619 γόητικοῖ¹
2644 2550 2787 2617 λόγοι
2825 2549 3292 2620 ἀπεληλάσθωσαν.
3338 2549 3491 2610 Τινὲς
3515 2550 3571 2602 δὲ
3602 2548 3734 2602 οὕτω
3761 2550 3878 2601 voci:

773 2645 891 2705 lati.
934 2639 1300 2710 repudientur.
1338 2634 1562 2700 Quidam
1597 2648 1724 2687 vero
1754 2633 1830 2686 sic
1869 2630 2030 2685 hosce
2069 2630 2308 2684 versicu-

2301 2656 2308 2666 '
2412 2643 2532 2703 τοὺς
2559 2642 2767 2711 στίχους
2785 2659 2798 2671 ·
2840 2641 3172 2704 Ἀποστελεῖς
3203 2641 3260 2693 τὸ
3285 2640 3502 2710 Πνεῦμά
3521 2637 3640 2706 σου,
3663 2641 3715 2692 τὺ
3735 2641 3812 2692 διὰ
3834 2658 3878 2691 το

775 2737 855 2791 los
885 2733 1155 2803 explicant
1183 2749 1194 2783 :
1231 2727 1445 2780 Emittes
1467 2724 1721 2794 Spiritum
1752 2732 1914 2787 tuum,
1947 2720 2039 2790 qui
2080 2734 2174 2789 per
2213 2718 2308 2771 ba—

2301 2747 2308 2755 ·
2413 2733 2561 2801 ἁγίου
2593 2733 2954 2803 βαπτίσματος
2981 2733 3294 2801 ἐπιφοιτῶν,
3323 2733 3415 2785 καὶ
3451 2734 3809 2802 κτισθήσονται
3848 2734 3878 2783 ει

773 2829 1028 2900 ptismum
1060 2819 1286 2884 accedit,
1313 2826 1365 2873 et
1406 2817 1731 2872 creabuntur
1773 2815 1828 2868 in
1857 2827 2047 2867 novam
2097 2815 2310 2865 creatu-

2301 2836 2310 2846 '
2413 2823 2600 2892 καινὴν
2639 2824 2829 2890 κτίσιν,
2867 2826 2945 2886 είς
2978 2823 3092 2876 νέον
3141 2823 3296 2876 λαόν·
3333 2823 3408 2885 ὡς
3444 2823 3672 2876 νοεῖσθαι
3701 2823 3789 2893 τὴν
3833 2823 3878 2889 μὲ

771 2934 911 2982 ram,
943 2917 998 2972 in
1020 2930 1212 2970 novum
1237 2911 1525 2982 populum;
1557 2909 1629 2962 ita
1659 2915 1714 2962 ut
1731 2907 1877 2976 prior
1903 2903 2112 2976 quidem
2144 2901 2310 2956 inter-

2301 2929 2310 2941 '
2413 2915 2674 2984 προτέραν
2704 2915 2994 2984 ἑρμηνείαν
3037 2917 3162 2985 περὶ
3208 2917 3304 2984 τῆς
3337 2917 3403 2966 ὲκ
3451 2913 3656 2983 νεκρῶν
3709 2915 3878 2966 ave-nd

774 3011 1003 3082 pretatio
1051 3006 1380 3074 intelligatur
1421 3001 1487 3054 de
1529 2998 1921 3054 resurrectione
1951 3012 2016 3051 ex
2059 2995 2305 3056 mortuis,

2301 3033 2305 3052 ι
2414 3021 2565 3068 σεως,
2595 3005 2681 3056 ὅτε
2728 3005 2878 3074 καὶὴ
2925 3005 2992 3073 γῆ
3045 3003 3542 3074 ἀνακαινισθήσεται
3571 3006 3663 3057 καὶ⁵
3706 3003 3878 3056 deum

773 3101 991 3173 quando
1027 3108 1170 3152 terra
1207 3094 1567 3155 renovabitur,
1632 3098 1685 3144 et
1720 3089 2028 3146 liberabitur
2061 3103 2089 3140 a
2121 3098 2307 3140 corru-

2301 3113 2307 3121 '
2412 3097 2630 3166 γήσεται
2660 3096 2755 3166 τῆς
2793 3085 3025 3165 φθορᾶς,
3070 3095 3167 3165 τὴν
3197 3095 3251 3148 δὲ
3291 3095 3544 3166 δευτέραν
3578 3095 3700 3164 περὶ
3743 3096 3828 3163 τῆς
3861 3097 3878 3144 ὲ

777 3195 1001 3266 ptione;
1036 3187 1272 3245 secunda
1301 3203 1450 3250 vero,
1480 3185 1549 3239 de
1588 3181 1986 3270 regeneratione
2014 3193 2109 3250 per
2134 3176 2309 3247 bapti-
2342 3255 2354 3270 Α

1670 3181 1986 3250 generatione
2014 3193 2109 3250 per
2134 3176 2309 3247 bapti-
2342 3253 2379 3270 Π
2416 3186 2784 3256 βαπτίσματος
2822 3186 3247 3254 παλιγγενεσίας.

774 3300 971 3342 smum.
1612 3258 1624 3270 ’
2173 3299 2176 3301 λ
2339 3253 2382 3310 C

849 3399 1006 3452 Vsus.
1032 3396 1219 3450 Eii-33.
1250 3393 1329 3449 Sil
1355 3392 1522 3462 gloria
1546 3388 1755 3444 Domini
1780 3387 1834 3440 in
1863 3385 2130 3448 sarculum,
2164 3382 2312 3435 ltela-

2301 3408 2312 3418 .
2482 3367 2633 3419 Ἥτω
2663 3366 2701 3432 ἡ
2737 3363 2882 3428 δόξα
2911 3366 3127 3432 Κυρίου
3163 3367 3248 3430 είς
3292 3365 3396 3417 τὸν
3441 3362 3654 3418 αίῶνα’
3695 3367 3878 3433 εὐφραν

775 3493 914 3544 bitur
945 3490 1194 3555 Dominus
1223 3489 1275 3540 in
1305 3485 1539 3554 operibus
1564 3485 1693 3538 suis.
1719 3481 1823 3548 Qui
1854 3479 2061 3548 respicit
2093 3485 2308 3536 terram,

2301 3511 2308 3534 ν
2410 3454 2654 3522 θήσεται
2690 3456 2898 3523 Κύριος
2940 3454 3039 3508 ἐπὶ
3090 3455 3214 3521 τοῖς
3255 3455 3444 3525 ἔργοις
3483 3456 3682 3510 αὑτοῦ.
3724 3459 3778 3510 '0
3810 3460 3878 3510 ea.

775 3591 824 3634 ot
850 3579 975 3647 facit
1009 3550 1123 3631 eam
1153 3542 1384 3636 tremere,
1413 3573 1500 3643 qui
1529 3573 1694 3641 tangit
1724 3576 1918 3623 montes
1953 3577 2000 3620 et
2031 3564 2306 3634 fumigant.

2278 3571 2306 3615 τ,
2410 3546 2640 3600 ϐλέπων
2659 3546 2755 3598 ἐπὶ
2784 3545 2899 3615 τὴν
2928 3546 3043 3615 γῆν
3069 3545 3166 3600 καὶ
3196 3546 3377 3599 ποιῶν
3416 3547 3606 3612 αὐτὴν
3633 3542 3855 3617 τρέμειν,

777 3669 1009 3724 Cantabo
1064 3666 1288 3722 Domino
1337 3665 1390 3717 in
1436 3664 1540 3716 vita
1587 3639 1721 3723 mea,
1772 3657 1999 3724 psallam
2046 3654 2153 3708 Deo
2199 3669 2309 3707 meo

2301 3669 2309 3703 ι
2408 3641 2730 3709 ἁπτόμενος
2761 3639 2877 3694 τῶν
2914 3639 3094 3708 ὀρέων
3122 3641 3218 3694 καὶ
3248 3639 3638 3701 καπνίζονται.
3670 3644 3817 3711 ’ᾼσω
3848 3658 3878 3691 τι

773 3761 1002 3832 quandiu
1027 3775 1161 3812 sum.
1185 3752 1648 3822 Quandoquidem,
1674 3751 1767 3812 ait,
1809 3748 1921 3801 haec
1945 3745 2160 3809 edidici,
2187 3744 2309 3800 ideo

2301 3762 2309 3795 ,
2407 3729 2597 3796 Κυρίῳ
2635 3730 2704 3782 ἐν
2745 3728 2818 3796 τῇ
2861 3728 2967 3798 ζωῇ
3008 3749 3143 3798 μου,
3182 3731 3358 3798 ψαλῶ
3390 3730 3470 3796 ’τῷ
3510 3731 3627 3796 Θεῷ
3670 3749 3777 3800 μου
3823 3732 3878 3782 ἔω

773 3819 938 3906 lotam
977 3851 1136 3902 vitam
1171 3819 1342 3926 meam
1375 3819 1445 3897 ini
1460 3844 1684 3912 hymnos
1704 3847 1756 3894 et
1788 3838 1998 3893 laudem
2038 3837 2308 3892 Creatoris

2301 3853 2308 3890 ε
2406 3819 2666 3888 ὑπάρχω.
2708 3819 2917 3889 Ἐπειδὴ
2949 3819 3117 3872 ταῦτα
3160 3822 3499 3891 δεδίδαγμαι,
3549 3823 3704 3892 φησὶ,
3754 3823 3878 3874 τοῦτο

773 3942 1042 3997 insumam
1071 3955 1085 3993 :
1119 3945 1172 3992 et
1199 3910 1435 4005 q'uandiu
1457 3931 1709 3986 vivamset
1737 3929 1793 3983 in
1831 3929 1930 3982 hac
1960 3929 2068 3982 vita
2095 3927 2306 3997 degam,

2301 3967 2306 3988 ,
2408 3914 2560 3985 χάριν
2593 3915 2767 3966 πᾶσαν
2804 3911 2900 3983 τὴν
2938 3911 3077 3981 ζωήν
3120 3928 3218 3980 μου
3259 3913 3336 3972 εἰς
3382 3910 3544 3980 ὕμνον
3586 3911 3878 3964 καταναλώο

775 4031 1012 4087 debitum
1040 4000 1302 4098 psalmum
1327 4022 1546 4078 reddam
1582 4021 1689 4075 Deo
1718 4034 1856 4075 meo.
1883 4017 1995 4073 Hoc
2021 4030 2183 4088 porro
2215 4015 2308 4069 ad-

2301 4043 2308 4054 .
2405 4003 2480 4074 τῴ
2507 4003 2842 4075 δημιουργῷ·
2879 4003 2970 4055 καὶ
3009 4001 3111 4063 ἕως
3149 4001 3213 4054 ἂν
3250 4000 3324 4064 ζῶ
3366 4001 3456 4052 καὶ
3502 4000 3722 4070 ὑπάρχω
3760 4002 3810 4050 ἐν
3849 4015 3878 4046 τι

774 4089 1123 4184 ditamentum
1155 4130 1402 4185 magnum
1435 4114 1646 4168 exhibet
1672 4111 1919 4166 allectum
1947 4116 2000 4165 et
2030 4107 2306 4161 familiari-

2301 4137 2306 4145 .
2408 4096 2505 4167 βίῳ
2535 4097 2703 4166 τούτῳ
2731 4095 2819 4148 τὸν
2843 4093 3176 4163 ὀφειλόμενον
3201 4092 3406 4162 ψαλμὸν
3439 4091 3697 4144 ἀποδώσω
3722 4091 3789 4160 τῷ
3815 4089 3878 4141 Θε‹

774 4181 1086 4266 ιειεωουῐη
1115 4177 1387 4261 ΒεοῖΝοη
1417 4204 1551 4258 dixit
1581 4202 1744 4265 enim,
1766 4201 1990 4270 psallam
2025 4199 2155 4263 Deo,
2186 4207 2310 4250 tan-

2301 4222 2310 4238 .
2409 4204 2526 4256 μου.
2559 4186 2758 4256 Πολλὴν
2786 4185 2839 4237 δὲ
2867 4184 3110 4253 ἐμφαίνει
3141 4181 3370 4234 διάθεσιν
3399 4181 3491 4233 καὶ
3515 4181 3772 4233 οίκείωσιν

776 4311 910 4365 tum,
946 4300 1062 4365 sed,
1099 4298 1205 4351 Deo
1235 4314 1362 4350 meo.
1395 4294 1616 4348 Videtur
1655 4268 1882 4360 namque
1908 4291 2103 4354 dicere,
2138 4290 2187 4343 ei
2213 4288 2307 4358 qui

2301 4290 2307 4340 γ
2404 4278 2492 4330 τὸν
2516 4277 2642 4330 Θεὸν
2673 4279 2705 4346 ἡ
2731 4275 3027 4347 προσθήκη.
3061 4276 3132 4327 Οὐ
3171 4273 3276 4344 γὰρ
3307 4268 3422 4324 εἶπε
3443 4311 3456 4334 ,
3492 4271 3664 4340 ψαλῶ
3690 4270 3761 4335 τῷ
3791 4268 3878 4330 Θείξ

774 4409 861 4449 me
882 4392 1102 4452 creavit,
1138 4403 1200 4441 ac
1229 4385 1504 4449 enutrivit,
1532 4382 1877 4452 omniumque
1907 4381 2169 4435 bonorum
2209 4394 2306 4432 au-

2301 4409 2306 4419 .
2405 4369 2556 4434 ἀλλὰ,
2586 4369 2663 4434 τῷ
2692 4368 2809 4432 Θεῷ
2832 4385 2967 4436 μου.
3000 4368 3176 4419 Ἔοικε
3204 4365 3310 4436 γὰρ
3335 4366 3577 4433 φάσκειν,
3601 4364 3676 4433 τῷ
3701 4364 3878 4415 κτίσανπ

773 4491 891 4537 ctor
919 4482 1048 4536 mihi
1087 4479 1201 4533 fuit.
1245 4477 1340 4531 Hic
1366 4485 1542 4530 autem
1576 4474 1842 4526 canticum
1877 4472 2024 4533 dicit,
2055 4485 2163 4524 non
2191 4484 2308 4523 ver-

2301 4499 2308 4508 .
2409 4478 2472 4530 με
2502 4461 2591 4510 καὶ
2622 4460 2873 4527 θρέψαντι
2899 4458 2989 4510 καὶ
3021 4459 3228 4510 πάντων
3253 4457 3404 4525 αίτίῳ
3439 4473 3526 4526 μοι
3558 4455 3784 4522 γεγονότι
3823 4452 3878 4502 τῶ

773 4575 861 4628 bis
915 4571 1094 4635 modo,
1141 4569 1233 4624 sed
1279 4578 1329 4623 et
1379 4567 1632 4637 operibus
1681 4562 2106 4634 persolvendum.
2153 4561 2350 4628 Quod]

2301 4563 2381 4629 [Β
2409 4545 2638 4616 ἀγαθῶν.
2679 4546 2828 4616 ’ῼδὴν
2881 4545 2935 4597 δὲ
2975 4545 3200 4598 ἐνταῦθα
3244 4545 3385 4613 λέγει
3444 4545 3504 4595 οὺ
3548 4543 3644 4612 τὴν
3699 4541 3777 4593 διὰ
3826 4540 3878 4590 τῷ

775 4667 915 4719 enim
941 4678 1059 4718 sese
1086 4663 1191 4715 Deo
1218 4660 1504 4713 multorum
1531 4657 1822 4712 debitorem
1846 4662 2181 4724 agnosceret,
2207 4667 2303 4706 ne-

2301 4684 2303 4691 ,
2409 4639 2680 4710 ῥημάτων,
2707 4636 2840 4690 ἀλλὰ
2866 4635 2957 4688 καὶ
2987 4636 3083 4706 τὴν
3108 4635 3194 4687 διὰ
3227 4635 3331 4687 τῶν
3366 4635 3556 4704 ἔργων.
3597 4633 3792 4703 Ἐπειδὴ
3823 4634 3878 4698 γὲ

775 4767 879 4824 que
905 4754 1118 4821 dignam
1139 4751 1368 4819 aliquam
1391 4749 1793 4803 retributionem
1822 4746 2062 4817 proferre
2085 4744 2326 4807 valeret,

2301 4760 2326 4799 μ
2405 4727 2556 4802 εὗρεν
2593 4727 2779 4784 ἑαυτὸν
2812 4726 3016 4790 πολλῶν
3055 4727 3184 4780 ὄντα
3225 4726 3514 4780 ὑπεύθυνον
3551 4728 3627 4798 τῷ
3666 4725 3789 4795 Θεῷ,
3837 4744 3878 4777 κε

777 4817 935 4915 quam
965 4817 1157 4902 habet,
1188 4817 1327 4893 hanc
1360 4840 1595 4908 deponit,
1629 4846 1688 4892 ut
1720 4839 1925 4892 scilicet
1956 4851 2077 4891 eum
2118 4849 2307 4904 perpe-

2301 4863 2307 4873 .
2362 4857 2368 4866 .
2404 4823 2660 4876 ἀντίδοσιν
2691 4819 2937 4889 οὐδεμίαν
2983 4817 3135 4882 ἀξίαν
3165 4817 3449 4888 δυνάμενον
3495 4817 3827 4878 καταδαλεῦα,
3857 4817 3878 4885 ἦ

777 4909 871 4988 tuo
900 4933 1108 5002 hymnis
1131 4930 1378 4992 celebret,
1405 4945 1467 4982 ac
1489 4945 1550 4984 ea
1570 4930 1623 4981 in
1648 4944 1706 4983 re
1733 4936 1897 4981 totam
1923 4929 2086 4980 vitam
2111 4926 2309 4980 transi-

2301 4952 2309 4964 .
2407 4913 2533 4984 ἔχει,
2553 4912 2766 4983 ταύτην
2787 4910 3121 4979 κατατίθησι,
3145 4909 3205 4962 τὸ
3241 4909 3494 4979 διηνεκῶς
3528 4911 3727 4980 ὑμνεῖν,
3750 4909 3802 4960 τὸ
3827 4910 3878 4958 πᾶ

778 5033 884 5095 gat.
916 4996 1147 5076 dudiant
1179 5020 1268 5088 qui
1302 5026 1411 5072 tota
1434 5020 1518 5073 die
1543 5020 1596 5071 in
1621 5018 2074 5088 negotiationibus
2104 5026 2156 5072 et
2176 5031 2306 5069 cau—

2301 5045 2306 5053 .
2407 5023 2501 5058 σαν
2532 5008 2608 5068 είς
2645 5004 2798 5057 τοῦτο
2827 5002 3120 5070 δαπανῆσαι
3163 5001 3260 5070 τὴν
3305 4999 3468 5071 ζωήν.
3507 4996 3878 5053 Ἀκουέτωσανι

780 5115 934 5183 ponis
966 5113 1367 5166 versanturz‘ac
1414 5123 1482 5161 ne
1518 5108 1601 5161 vel
1643 5107 1808 5161 semel
1852 5107 1915 5159 ad
1959 5121 2145 5175 preces
2189 5119 2309 5158 sese

2301 5123 2309 5157 ι
2406 5095 2798 5166 πραγματείαις
2827 5094 2917 5146 καὶ⁵
2955 5090 3269 5161 καπηλείαις
3302 5090 3387 5142 διὰ
3427 5086 3605 5160 πάσης
3634 5090 3878 5156 xamen-nd

780 5207 1114 5264 convertunt,
1162 5205 1482 5268 quantorum
1537 5210 1823 5249 munerum
1876 5195 2143 5249 debitores
2200 5191 2308 5246 Deo

2301 5212 2308 5241 ι
2411 5204 2554 5255 μενοι
2579 5190 2674 5258 τῆς
2708 5185 2932 5256 ἡμέρας,
2964 5184 3056 5236 καὶ
3095 5180 3212 5235 οὐδὲ
3251 5178 3396 5244 ἅπαξ
3432 5182 3509 5242 είς
3554 5180 3710 5250 εὐχὴν
3739 5178 3878 5248 spend

784 5295 910 5350 sint.
944 5290 1056 5344 Hoc
1091 5291 1209 5344 vitae
1239 5291 1444 5343 lucrum
1475 5295 1577 5349 est,
1620 5284 1728 5339 Deo
1771 5282 2108 5344 benedicere,
2148 5292 2308 5352 atque

2301 5300 2308 5335 ι
2409 5295 2574 5347 μενοι,
2597 5279 2716 5331 ὅσον
2749 5277 2882 5330 είσὶν
2907 5273 3187 5328 ὑπεύθυνοι
3221 5271 3300 5342 τῷ
3325 5271 3440 5341 Θεῷ
3461 5288 3472 5300 ·
3499 5272 3650 5324 τοῦτο
3669 5273 3760 5341 τῆς
3785 5271 3874 5334 ξιιλῆ

785 5384 884 5436 hac
912 5381 965 5434 in
1006 5395 1063 5433 re
1092 5379 1250 5431 vitam
1289 5392 1443 5446 agere
1471 5376 1686 5446 dignum
1716 5385 1816 5430 est.
1843 5375 1969 5431 lure
1998 5382 2174 5429 autem
2215 5372 2310 5426 ad-

2296 5398 2310 5409 -
2405 5368 2463 5420 τὸ
2489 5369 2696 5438 κέρδος,
2717 5367 2787 5443 Δτὸ
2824 5367 3056 5433 εὐλογεῖν
3095 5363 3185 5416 τὸν
3228 5362 3375 5427 Θεὸν,
3409 5363 3497 5415 ἐπὶ
3528 5363 3695 5434 τούτῳ
3719 5364 3803 5415 καὶ
3827 5359 3873 5423 ζῇ

780 5473 908 5541 jecit
949 5468 1098 5531 illud,
1152 5466 1217 5520 In
1262 5470 1366 5521 vita
1413 5481 1558 5530 mea;
1607 5474 1660 5520 et
1707 5465 1857 5528 illud.
1887 5465 2147 5532 'Quandiu
2193 5477 2308 5515 sum

2301 5479 2308 5511 ι
2407 5459 2565 5525 ἄξιον.
2602 5460 2830 5522 Εἰκότως
2868 5457 2923 5509 δὲ
2954 5453 3274 5526 προσέθηκε,
3317 5457 3389 5509 ὲν
3420 5453 3495 5522 τῇ
3532 5454 3642 5522 ζωῇ
3671 5472 3796 5523 μου,
3831 5463 3878 5500 κα

780 5561 1001 5629 psallam
1041 5559 1163 5612 Deo.
1193 5555 1371 5624 Neque
1412 5559 1553 5611 enim
1596 5565 1678 5610 est
1713 5555 1978 5625 quispiam
2027 5557 2081 5608 in
2117 5559 2305 5612 morte,

2301 5594 2305 5611 ,
2404 5553 2482 5615 τὸ,
2508 5552 2615 5616 ἕως
2651 5549 2914 5618 ὑπάρχω,
2953 5545 3126 5615 ψαλῶ
3167 5545 3246 5612 τῷ
3287 5547 3424 5614 Θεῷ.
3453 5548 3527 5601 Οὐ
3561 5547 3665 5617 γάρ
3699 5548 3826 5598 ἐστιν
3860 5541 3878 5588 ὲ

781 5648 873 5717 qui
897 5664 1113 5703 memor.
1138 5647 1206 5703 sit
1232 5647 1370 5717 ejus,
1406 5648 1459 5701 in
1484 5646 1693 5701 inferno
1725 5655 1903 5698 autem
1933 5645 2054 5712 quis
2080 5641 2305 5696 conﬁte-

2301 5670 2305 5679 ι
2406 5643 2614 5711 θανάτῳ
2659 5643 2686 5694 ὁ
2745 5639 3087 5710 μνημονεύων
3147 5637 3343 5706 αὑτοῦ,
3404 5640 3460 5691 ὲν
3509 5635 3566 5691 δὲ
3609 5637 3683 5708 τῷ
3721 5634 3808 5704 ᾅδῃ
3840 5627 3878 5677 τί

783 5738 962 5792 bitur?
991 5737 1081 5792 Sic
1109 5737 1270 5790 fatuis
1303 5737 1592 5807 virginibus
1616 5734 1868 5806 nuptialis
1889 5734 2119 5787 cubiculi
2143 5732 2307 5801 janua

2301 5754 2307 5784 l
2406 5732 2876 5803 ὲξομολογήσεται;
2924 5726 3106 5791 Οὕτως
3162 5728 3483 5799 ἀπεκλείσθη
3552 5730 3667 5790 ταῖς
3731 5721 3878 5792 μωραῖ

783 5831 965 5888 clausa
991 5839 1093 5905 est.
1123 5823 1248 5900 quia
1280 5843 1484 5903 tempus
1532 5830 1672 5891 quod
1707 5829 1762 5884 in
1798 5825 2030 5884 ferendis
2058 5824 2306 5893 lampadi-
2330 5887 2360 5905 δ’

2301 5855 2373 5905 ,δή
2407 5823 2689 5896 παρθένοις
2721 5821 2811 5875 τοῦ
2843 5819 3120 5890 νυμφῶνος
3171 5822 3205 5892 ἡ
3232 5819 3387 5892 θύρα,
3441 5820 3531 5876 τὸν
3581 5819 3675 5888 τῆς
3719 5816 3874 5884 λαμπἃ
