3950 6350
112 440 244 497 1289

1221 433 1708 495 COMMENTARIA
1742 435 1808 492 IN
1845 435 2170 494 PSALMOS.

3105 441 3128 496 i
3139 437 3235 497 290

97 549 355 628 δηφορίας
416 557 599 623 καιρὸν
670 552 744 621 είς
798 557 1082 630 άγορασίαν
1145 557 1318 610 ἐλαίου
1385 554 1622 609 δαπανώ-

1723 555 1824 610 bus
1846 555 2141 626 transigere
2168 552 2448 620 debebant,
2489 551 2542 606 in
2574 552 2689 608 oleo
2732 554 2956 609 emendo
2992 570 3235 610 consum:

103 663 243 710 σαις.

179 759 481 828 Ἡὸυνθείη
502 758 654 823 αὐτῷ
676 762 712 827 ἡ
736 758 976 827 διαλογὴ
994 775 1110 827 μου
1131 773 1142 785 '
1167 757 1279 826 ἐγὼ
1301 756 1366 808 δὲ
1387 757 1626 824 εὐφραν-

98 849 351 919 θήσομαι
375 851 470 904 ἐπὶ
498 850 574 915 τῷ
601 851 804 917 Κυρίῳ.
833 849 951 920 Είη,
981 849 1127 918 φησι,
1161 848 1379 902 τοιαῦτά
1410 865 1474 919 με
1501 846 1626 918 ᾆσαι

97 938 189 990 καὶ
220 939 403 1007 ψᾶλαι,
435 939 505 1002 ὡς
530 940 810 1010 ὴδυνθῆναι
839 939 982 1009 αὐτῷ
1014 934 1100 991 τὸν
1127 938 1257 1008 ἐμοῦ
1281 939 1505 1008 καρπὸν,
1531 939 1627 1008 τὴν

95 1027 343 1100 διαλογήν
391 1047 488 1099 μου
509 1047 524 1060 ·
565 1030 804 1083 τουτέστι
840 1031 937 1100 τὴν
967 1029 1189 1093 διὰλεξίν
1223 1047 1341 1099 μου,
1378 1029 1472 1099 τὴν
1503 1030 1624 1098 ὁμι-

96 1114 210 1168 λίαν
246 1134 363 1186 μου,
395 1120 489 1186 τὴν
517 1117 745 1170 αῐνεσιν·
781 1122 808 1171 ό
848 1119 961 1190 ’γὰρ
1001 1119 1211 1188 ψάλλων
1238 1119 1353 1189 Θεῷ
1392 1120 1626 1188 διαλέγε-

94 1221 201 1257 ται.
237 1206 300 1257 Τί
328 1206 383 1258 δέ
423 1208 587 1270 ἐστιν,
639 1207 932 1276 Ἡδυνθειή
966 1210 1121 1275 αὐτῷ
1147 1212 1184 1278 ἡ
1214 1210 1455 1280 διαλογή
1479 1229 1594 1278 μου
1606 1229 1625 1274 ;

94 1295 471 1364 εὐπρόσδεκτος
520 1299 746 1363 γένοιτο,
799 1300 985 1370 ἀρέσαι
1032 1301 1259 1371 δεχθείη,
1303 1301 1485 1372 ἡδίστη
1536 1302 1625 1354 καὶ

92 1386 422 1456 τερπνοτάτη
480 1386 658 1457 ὀφθείη
714 1388 790 1460 τῷ
832 1390 966 1459 Θεῷ.
1017 1391 1230 1468 ’Λραιή
1288 1391 1417 1460 εὐχὴ
1479 1390 1624 1444 οὐδὲν

92 1473 276 1540 ἕτερόν
303 1477 441 1527 ἐστιν
479 1476 509 1546 ἢ
545 1478 768 1542 διάλεξις
801 1480 932 1550 πρὸς
965 1480 1110 1533 Θεόν.
1150 1481 1418 1548 Ἐννόησον
1452 1478 1623 1532 τοίνυν

93 1561 184 1630 τὴν
209 1561 537 1632 ψαλμῳδίαν,
563 1568 617 1618 ἐν
640 1567 768 1636 αὐτῇ
795 1571 887 1637 τὴν
913 1560 1402 1639 άμοιϐἡνέχουσαν.
1426 1568 1490 1620 Τί
1516 1569 1623 1638 γὰρ

96 1652 202 1703 ίσον
248 1654 434 1719 γένοιτ’
468 1655 532 1707 ἂν
573 1655 662 1707 τοῦ
701 1655 817 1726 Θεῷ
861 1657 1228 1726 διαλέγεσθαι;
1294 1661 1355 1711 Ἠ
1403 1658 1622 1728 τοιαύτη

94 1741 332 1810 θορύϐων
365 1744 751 1800 ἀπαλλάττεται
793 1747 958 1817 ψυχὴ,
998 1750 1073 1810 είς
1118 1747 1206 1800 τὸν
1239 1749 1454 1818 οὐρανὸν
1499 1747 1624 1816 μεθ-

95 1828 325 1892 ίσταται,
348 1831 451 1882 τῶν
469 1832 766 1902 συνδέσμων
787 1834 878 1887 τοῦ
903 1834 1142 1905 σώματος
1165 1836 1466 1899 ἀπολύεται,
1501 1853 1624 1888 πτε-

95 1919 298 1987 ροῦται,
338 1922 627 1992 κουφοτέρα
661 1924 988 1989 καθίσταται,
1021 1925 1323 1978 ἀποτίθεται
1355 1927 1422 1983 τὰ
1451 1927 1618 1997 πάθη,

92 2009 375 2062 ἀποδύεται
401 2014 466 2066 τὰ
493 2009 779 2083 νοσήματα.
828 2018 888 2069 El
915 2017 1018 2085 γὰρ
1038 2017 1298 2090 ἀνθρώπῳ
1318 2034 1400 2081 τις
1425 2018 1622 2088 συνετῷ

92 2101 184 2167 καίι
230 2101 373 2154 νοῦν.¹
398 2103 566 2173 ἔχοντι
611 2106 1006 2176 διαλεγόμενος,
1050 2110 1154 2162 ἀπὸ
1195 2109 1290 2179 τῆς
1329 2108 1535 2179 ὁμιλίας
1571 2127 1623 2163 τι

94 2190 352 2258 κερδάνας
396 2191 702 2263 ἀπέρχεται,
732 2198 759 2248 ὀ
806 2195 938 2267 πρὸς
990 2197 1080 2250 τὸν
1132 2197 1517 2272 Θεδνρόμιλῶν,
1544 2214 1624 2250 εν-

93 2281 279 2350 νόησον
322 2283 487 2353 πόσην
536 2281 876 2355 καρπώσεται
907 2286 1012 2357 ’τὴν
1048 2287 1261 2358 ἀρετήν.
1290 2289 1428 2359 Ἀρα
1463 2287 1624 2357 ὕμνος

93 2369 242 2424 τοῦτό
287 2374 426 2424 ἐστιν
467 2376 498 2445 ἡ
543 2376 676 2446 πρὸς
712 2376 841 2430 Θεὸν
890 2377 1086 2447 ὁμιλία.
1133 2378 1256 2442 Πῶς
1288 2380 1332 2432 δ’
1381 2380 1445 2431 ἂν
1489 2377 1622 2443 αὕτη

93 2460 335 2532 ήδυνθείη
375 2463 449 2532 τῷ
489 2464 638 2533 Θεῷ;
675 2467 733 2518 El
769 2467 875 2529 βίος
911 2468 992 2534 εἴη
1015 2466 1266 2535 καθαρὸς,
1297 2469 1342 2517 εί
1369 2466 1509 2535 ψυχὴ
1535 2485 1622 2534 φι-

93 2547 404 2618 λοσοφοῦσα.
434 2556 596 2608 Ὅταν
629 2557 734 2626 γὰρ
776 2561 948 2610 πᾶσαν
983 2556 1256 2627 ἀναλώσῃς
1296 2557 1388 2628 τὴν
1419 2559 1624 2630 ἡμέραν

95 2639 400 2708 εὐχόμενος,
433 2643 532 2710 τῆς
563 2645 826 2706 πολιτείας
850 2645 1316 2716 ἀντιπραττούσης,
1344 2648 1439 2716 οὐκ
1466 2649 1625 2702 ἀκου-

96 2726 260 2798 σθήσῃ
298 2729 506 2798 ῥᾳδίως,
532 2732 589 2783 οὐ
624 2733 779 2801 μόνον
805 2734 976 2798 αὐτὸς,
1009 2735 1118 2789 ἀλλ’
1148 2738 1252 2790 οὐδ’
1281 2739 1458 2810 ἔτερος
1485 2740 1620 2810 ὑπὲρ

97 2817 184 2870 σού
212 2818 364 2871 τοῦτο
391 2821 572 2899 ποιῶν..
605 2823 858 2877 Ταῦταδέ
888 2825 1044 2893 λέγω,
1083 2827 1180 2896 οὐχ
1221 2827 1306 2881 ἵνα
1352 2829 1424 2898 μὴ
1466 2845 1626 2899 προσ-

96 2908 396 2978 ευχώμεθα,
431 2889 648 2965 οὐδ”ἵνα
683 2913 754 2984 μὴ
783 2889 1080 2985 ψάλλω-μεν,
1112 2889 1224 2970 ἀλλ’
1258 2889 1622 2988 ἴνα-μετάτοῦ

95 2998 306 3064 ψάλλειν
333 3000 424 3077 καὶ
446 3000 556 3068 βίου
584 3002 677 3054 καὶ
700 3002 963 3066 πολιτείας
983 3005 1375 3077 ἐπιμελώμεθα.
1398 3008 1623 3077 Νοήσεις

96 3089 147 3140 δὲ
187 3091 276 3142 τὸν
312 3090 488 3160 στίχον
528 3092 620 3145 καὶ
659 3091 851 3156 οὕτως·
879 3094 1064 3148 Πολλοὶ
1096 3097 1231 3150 κατὰ
1281 3099 1622 3169 συναρπαγὴν

1654 1885 1694 1938 Β

1725 657 1966 720 pserunt.

1793 759 1953 816 Vens.
2013 761 2100 814 54.
2160 759 2455 813 Iucundum
2507 761 2572 812 sit
2620 761 2668 812 ei
2716 760 2968 828 eloquium
3008 775 3174 814 meum
3219 777 3237 816 .‘

1723 866 1811 920 ego
1845 866 1960 904 vero
1987 847 2274 903 delectabar
2310 850 2364 902 in
2399 849 2640 904 Domino.
2676 847 2906 912 Utinam,
2939 850 3131 918 inquit,
3165 852 3237 903 ita

1725 948 1932 994 cantem
1961 948 2013 993 et
2043 938 2286 1008 psallam,
2333 947 2391 1010 ut
2422 937 2629 992 fructus
2673 952 2823 992 meus
2863 938 2962 1008 ipsi
3000 939 3236 1008 placeat;

1686 1020 1690 1024 ’
1724 1029 1991 1100 eloquium
2016 1029 2281 1091 videlicet,
2313 1029 2426 1082 sive
2448 1028 2767 1097 colloquium
2793 1043 2988 1092 meum,
3018 1043 3238 1082 conver-

1725 1118 1862 1172 satio
1886 1125 1940 1172 et
1977 1117 2092 1171 laus
2116 1131 2232 1172 mea
2265 1137 2278 1172 :
2310 1132 2433 1171 nam
2459 1117 2549 1187 qui
2575 1117 2773 1185 psallit,
2809 1117 2970 1172 Deum
3009 1118 3236 1186 alloqui-

1726 1214 1831 1261 tur.
1857 1206 1993 1272 ρυίά
2019 1213 2194 1260 autem
2216 1217 2297 1261 est
2319 1192 2468 1270 illud,
2491 1204 2786 1259 Iucundum
2807 1206 2874 1258 sit
2904 1207 2951 1259 ei
2981 1206 3237 1276 eloquium

1724 1297 1932 1349 meum?
1959 1294 2012 1348 id
2037 1301 2120 1349 est
2148 1294 2467 1363 acceptabile
2493 1295 2562 1349 sit
2584 1295 2707 1364 ipsi,
2729 1295 2931 1364 placeat
2955 1297 3024 1362 ei,
3045 1300 3238 1365 jucun-

1723 1380 2004 1435 dissimum
2042 1395 2104 1434 ac
2147 1381 2567 1449 placidissimum
2608 1382 2715 1436 Deo
2758 1382 3017 1436 videatur.
3059 1381 3238 1438 Oratio

1724 1468 1902 1538 itaque
1943 1468 2076 1521 nihil
2108 1467 2252 1521 aliud
2278 1474 2378 1532 est,
2409 1484 2566 1537 quam
2600 1471 2922 1539 colloquium
2953 1484 3074 1525 cum
3107 1471 3237 1527 Deo.

1722 1556 2094 1611 Animadverte
2141 1557 2301 1625 igitur
2342 1557 2689 1624 psalmodiam
2731 1560 2786 1612 in
2836 1575 2892 1613 se
2932 1561 3238 1615 retributio-

1722 1662 1842 1704 nem
1871 1647 2162 1700 continere.
2187 1644 2323 1710 Quid
2347 1647 2487 1700 enim
2514 1647 2744 1716 alloquio
2771 1646 2863 1702 Dei
2893 1649 3090 1718 aequari
3123 1665 3239 1720 pos-

1724 1737 1826 1790 sit?
1857 1735 2173 1804 Hujusmodi
2220 1736 2398 1789 anima
2431 1751 2460 1788 a
2499 1737 2818 1793 tumultibus
2863 1739 3137 1802 liberatur,
3183 1742 3238 1792 in

1724 1829 1916 1880 ccelum
1941 1825 2280 1890 transfertur,
2325 1825 2548 1882 vinculis
2593 1829 2830 1898 corporis
2867 1825 3111 1892 salvitur,
3139 1829 3239 1882 alis

1723 1917 2029 1984 instruitur,
2071 1916 2238 1972 levior
2276 1917 2518 1980 elﬁcitur,
2566 1916 2784 1972 affectus
2819 1917 3053 1988 deponit,
3093 1935 3239 1973 mor.

1721 2005 1820 2061 bos
1854 2006 2018 2060 exuit.
2049 2004 2180 2059 Nam
2208 2007 2250 2059 si
2280 2022 2345 2061 ex
2378 2006 2651 2076 prudentis
2680 2007 2778 2060 viri
2819 2008 3084 2077 colloquio
3118 2009 3239 2078 quis

1719 2097 1928 2148 lucrum
1954 2101 2232 2163 reportans
2262 2095 2519 2160 abscedit,
2555 2096 2722 2166 cogita
2744 2104 2998 2165 quantum
3025 2097 3239 2151 virtutis

1720 2193 1880 2239 metet
1903 2200 1967 2239 ex
1993 2185 2086 2240 Dei
2117 2186 2400 2254 colloquio.
2431 2185 2666 2257 Hymnus
2697 2201 2822 2257 ergo
2845 2194 2926 2241 est
2954 2187 3239 2242 collocutio

1720 2291 1840 2330 cum
1872 2275 2000 2332 Deo.
2038 2277 2316 2342 Quomodo
2346 2287 2523 2333 autem
2562 2279 2674 2332 haec
2712 2277 2820 2333 Deo
2847 2277 3079 2348 jucunda
3118 2279 3237 2334 fue-

1719 2368 1825 2420 rit?
1854 2365 1912 2421 Si
1950 2369 2057 2421 vita
2080 2369 2150 2422 sit
2188 2384 2340 2438 pura,
2373 2370 2418 2424 si
2451 2370 2626 2424 anima
2655 2369 3072 2438 philosophetur.
3107 2369 3240 2423 Nam

1720 2457 1767 2512 si
1811 2463 1974 2511 totam
2022 2457 2162 2512 diem
2203 2460 2406 2513 orando
2448 2462 2733 2530 transigas,
2781 2460 2905 2514 dum
2947 2461 3068 2516 vitae
3105 2464 3240 2515 ratio

1720 2549 1946 2602 orationi
1973 2558 2250 2618 repugnat,
2273 2565 2380 2603 non
2411 2549 2563 2603 facile
2587 2551 2918 2614 exaudiaris;
2953 2567 3059 2606 non
3081 2554 3241 2607 modo

1719 2645 1778 2690 tu
1811 2637 1944 2706 ipse,
1972 2639 2065 2692 sed
2093 2640 2254 2691 etiam
2273 2637 2448 2706 quivis
2484 2639 2619 2691 alius
2646 2638 2738 2706 qui
2766 2653 2862 2707 pro
2892 2646 2943 2692 te
2970 2650 3235 2708 precetur.

1721 2727 1842 2784 Haec
1873 2743 2032 2797 porro
2059 2728 2199 2792 dico,
2234 2742 2339 2781 non
2377 2735 2434 2780 ut
2473 2743 2538 2781 ne
2573 2737 2785 2784 oremus
2831 2743 3000 2798 neque
3041 2731 3238 2798 psalla-

1719 2835 1861 2886 mus,
1893 2819 1985 2874 sed
2019 2824 2079 2871 ut
2105 2826 2225 2887 post
2259 2819 2494 2886 psalmos
2524 2819 2591 2873 de
2619 2820 2727 2872 vita
2753 2829 2806 2874 et
2833 2822 3238 2875 conversatione

1721 2918 1901 2965 nostra
1929 2909 2144 2963 solliciti
2173 2910 2360 2963 simus.
2393 2908 2503 2963 Hac
2530 2918 2657 2964 item
2687 2911 2890 2965 ratione
2914 2912 3237 2965 versiculum

1720 3001 1865 3057 hunc
1891 2999 2123 3074 explices
2147 3017 2162 3054 :
2190 2998 2339 3053 Multi
2373 3008 2607 3070 quaestus
2633 3014 2795 3055 causa
2821 3016 3071 3070 perverse
3090 3002 3238 3070 judi-

1720 3094 1805 3147 cia
1837 3093 2035 3156 ferunt,
2059 3089 2152 3146 sed
2177 3097 2231 3145 et
2257 3096 2543 3160 antequam
2562 3104 2656 3159 per
2679 3097 2986 3144 accuratum
3017 3105 3236 3146 examen

97 3181 547 3265 παρηλλαγμένως
583 3180 678 3243 τὰς
714 3183 915 3250 κρίσεις
951 3184 1253 3255 ἐκφέρουσι,
1300 3188 1404 3256 πρὸ
1457 3205 1621 3240 κατα-

1721 3194 1773 3240 et
1799 3184 2261 3255 perquiSitionem,
2281 3198 2389 3252 qua
2421 3183 2486 3237 de
2513 3197 2571 3237 re
2599 3189 2787 3251 agatur
2816 3183 3129 3252 intelligant,
3162 3193 3238 3236 te-

97 3269 300 3342 iﬁflemc
335 3273 434 3339 τῆς
470 3272 528 3335 ἐξ
573 3269 751 3324 ίκανοῦ
791 3272 962 3341 λόγου.
996 3278 1084 3328 καὶ
1114 3277 1379 3329 ἐπιπλεῖον
1407 3279 1621 3348 ἐρευνη-

100 3360 290 3424 θέντος,
328 3359 691 3432 ἐγγινομένης.
719 3360 1080 3428 ἀϐασανίστως
1121 3365 1258 3417 κατὰ
1303 3367 1621 3436 προπέτειαν

97 3450 201 3512 τὰς’
228 3452 351 3520 περὶ
397 3453 619 3505 ἑκάστου
663 3454 924 3523 δόγματος
953 3455 1259 3522 ῥιπτοῦντες
1292 3456 1620 3522 συγκαταθέ-

100 3556 220 3601 σεις.
268 3541 330 3591 Ἡ
352 3540 407 3592 δέ
429 3542 525 3610 τῆς
550 3541 881 3611 διαλεκτικῆς
905 3543 1059 3610 φύσις
1087 3544 1313 3611 μάλιστα
1339 3546 1622 3596 πεπίστευ-

97 3640 178 3678 ται
210 3626 379 3679 ταῦτα
419 3627 670 3696 παρέχειν
701 3628 971 3692 δύνασθαι,
1010 3629 1229 3700 διαιρεῖν
1260 3630 1497 3698 ἀκριϐῶς
1524 3632 1619 3695 τὰς

98 3716 196 3765 τῶν
227 3716 564 3785 πραγμάτων
592 3715 774 3786 φύσεις
809 3719 898 3770 καὶ
926 3719 991 3772 τὰ
1018 3720 1175 3789 ὃμοια
1205 3721 1502 3790 γνωρίζειν,
1530 3721 1622 3776 καὶ

99 3805 159 3856 τὰ
199 3807 390 3876 ἑαυτῆς
440 3807 744 3877 διακρίνειν.
792 3809 982 3880 Διόπερ
1030 3810 1274 3872 συνειδὼς
1322 3811 1494 3881 ἐαυτῷ
1527 3813 1621 3883 τὴν

100 3892 239 3946 θείαν
265 3894 594 3966 διαλεκτικὴν
618 3897 808 3967 ἔχοντι,
839 3898 1016 3966 ἔλεγεν
1052 3902 1081 3951 ό
1115 3897 1272 3952 Δαυῒδ
1301 3902 1379 3964 τὸ,
1427 3902 1622 3956 H81”-

99 3985 214 4051 θείη
248 3998 347 4040 σοι
372 3988 409 4054 ἡ
440 3985 682 4057 διαλογὴ
706 3995 848 4056 μου.
875 3989 937 4040 Ἡ
966 3989 1070 4059 γὰρ
1100 3990 1205 4042 τῶν
1229 3991 1505 4058 ἐριστικῶς
1531 3992 1619 4044 καὶ⁹

101 4074 401 4140 φιλονείκως
424 4078 844 4146 ἐπεμϐαινόντων
864 4082 971 4141 τοῖς
994 4079 1268 4148 πράγμασι
1294 4080 1616 4149 διαλεκτικὴ,

101 4165 188 4233 οὐχ
216 4165 382 4234 ἡδεῖα,
411 4167 544 4218 ἀλλὰ
573 4169 1068 4238 παραπικραίνουσά
1088 4169 1168 4233 τίς
1191 4172 1351 4223 ἐστιν.
1378 4172 1494 4224 Ὅτι
1523 4171 1620 4246 μὲν

1723 3291 1864 3330 mete
1909 3271 2135 3344 singulis
2164 3274 2440 3330 sententiis
2478 3288 2755 3329 assensum
2786 3270 3054 3342 praebent.'
3079 3275 3146 3327 At
3175 3289 3238 3329 ea

1720 3357 2006 3416 dialectica:
2046 3371 2232 3416 natura
2289 3370 2388 3427 est,
2423 3367 2481 3415 ut
2507 3376 2682 3415 rerum
2728 3371 2945 3415 naturas
2989 3374 3239 3418 accurate

1695 3451 2099 3523 «distinguendi,
2149 3451 2343 3505 similia
2397 3449 2772 3520 cognoscendi,
2826 3457 2878 3504 et
2921 3466 3040 3519 quae
3075 3451 3141 3505 ad
3179 3467 3240 3507 se

1719 3544 2015 3612 pertineant
2055 3541 2416 3606 discernendi,
2463 3541 2766 3594 facultatem
2796 3547 3049 3609 prastare
3077 3557 3239 3611 posse

1717 3641 1952 3702 putetur.
1980 3632 2330 3698 Quamobrem
2350 3630 2512 3685 David
2529 3645 2648 3684 cum
2678 3644 2735 3684 se
2761 3628 2938 3684 divina
2959 3630 3235 3690 dialectica

1719 3727 2037 3779 instructum
2053 3738 2171 3779 esse
2191 3729 2552 3793 cognosceret,
2575 3722 2782 3775 dicebat
2807 3739 2819 3774 ε
2849 3717 3142 3773 Jucundum
3165 3724 3236 3774 sit

1718 3815 1811 3867 tibi
1848 3815 2102 3882 eloquium
2129 3829 2315 3874 meum,
2343 3813 2454 3867 sive
2489 3812 2764 3866 dialectica
2788 3827 2924 3867 mea.
2950 3810 3082 3865 Nam
3119 3813 3237 3867 dia-

1719 3903 1903 3957 lectica
1937 3917 2118 3957 eorum
2157 3902 2244 3970 qui
2276 3901 2560 3974 altercandi
2596 3917 2657 3958 ac
2683 3902 3031 3972 contendendi
3059 3904 3236 3958 animo

1716 4007 1802 4047 res
1839 3992 2235 4062 aggrediuntur,
2266 4006 2372 4045 non
2395 3991 2649 4060 jucunda,
2688 3990 2780 4047 sed
2813 3993 2992 4062 potius
3015 4008 3237 4064 exaspe-

1715 4095 1840 4134 rans
1873 4089 1973 4134 est.
2013 4079 2164 4144 Quod
2208 4087 2383 4134 autem
2417 4079 2593 4135 sermo
2622 4082 2923 4150 aaquitatem
2967 4091 3236 4153 spectans,

1711 4173 1978 4243 jucundus
2009 4171 2114 4226 Deo
2145 4171 2231 4235 sit,
2261 4173 2374 4241 ipse
2415 4173 2468 4226 in
2508 4174 2718 4228 cantico
2747 4173 2971 4228 allirmat
2994 4192 3009 4228 :
3036 4173 3238 4229 Fanum

101 4249 184 4305 οὖν
210 4255 332 4324 ἡδὺς
363 4255 477 4325 Θεῷ
502 4256 653 4323 λόγος
688 4260 716 4310 ὀ
743 4260 818 4321 εἰς
849 4258 1103 4328 ὀρθότητα
1130 4258 1353 4328 βλέπων;
1384 4261 1540 4324 αὐτὸς
1564 4263 1620 4314 ἐν

1720 4264 1972 4317 distillant
2003 4263 2143 4316 labia
2163 4272 2276 4326 tua,
2301 4280 2448 4317 soror
2475 4281 2586 4319 mea
2607 4280 2790 4337 sponsa
2819 4267 2952 4319 :mel
2973 4275 3020 4320 et
3044 4268 3122 4322 lac
3144 4266 3237 4318 sub

102 4343 171 4411 τῷ
206 4345 400 4414 ᾄσματι
425 4345 565 4414 λέγει
583 4361 596 4377 ⁸
625 4347 840 4414 Κηρίον
867 4347 1261 4414 ἀποστάζουσι
1290 4353 1456 4419 χείλη
1485 4365 1617 4418 σου,

1720 4355 1893 4426 lingua
1925 4364 2014 4408 tua
2038 4356 2100 4408 “.
2134 4354 2435 4422 Quod've‘ro
2467 4356 2555 4425 qui
2583 4355 2774 4426 frigida
2801 4365 2853 4412 et
2881 4357 3051 4413 futilia
3077 4358 3238 4412 verba

101 4433 320 4503 ἀδελφή
337 4453 450 4504 μου
472 4439 666 4505 νύμφη
688 4453 702 4466 ⁸
722 4437 859 4507 μέλι,
881 4440 974 4492 καὶ
998 4437 1145 4508 γάλα
1172 4440 1286 4495 ὑπὸ
1314 4440 1421 4508 τὴν
1443 4441 1622 4511 γλῶσ-

1720 4448 1865 4516 loqui
1895 4448 2047 4509 solet,
2080 4448 2401 4516 injucundus
2438 4447 2526 4512 sit,
2557 4447 2608 4500 id
2655 4449 2945 4518 psalmodia
2981 4448 3236 4515 declarat,

103 4520 214 4572 σάν
237 4539 372 4578 σου.
405 4524 520 4577 Ὅτι
543 4524 596 4577 δὲ
631 4525 658 4576 ό
700 4525 1041 4596 ψυχρολογεῖν
1087 4527 1286 4592 εἰωθὼς
1311 4531 1561 4601 ἀκαλλὴς,
1589 4533 1621 4602 ἡ

1723 4554 1842 4595 cum
1870 4540 1943 4593 ait
1979 4555 1991 4589 :
2030 4539 2331 4606 Sepulcrum
2355 4548 2530 4604 patens
2554 4546 2627 4590 est
2652 4548 2825 4606 guttur
2854 4553 3028 4591 eorum
3043 4539 3105 4590 ⁸⁷.
3133 4539 3238 4607 Ego

103 4609 374 4683 ψαλμῳδία
402 4615 716 4686 παρίστησι*
750 4615 933 4684 Τάφος
962 4617 1086 4690 γὰρ,
1122 4619 1299 4689 φησὶν,
1338 4621 1624 4691 dicamne-

105 4700 202 4764 ιὀς
246 4707 278 4756 ό
325 4705 550 4772 λάρυγξ
595 4705 805 4760 αὐτῶν.
847 4708 981 4778 Ἐγὼ
1035 4709 1101 4761 δὲ
1154 4712 1624 4783 ε’ᾇφρανθήσομαι

106 4789 196 4840 ἐπὶ
219 4789 294 4858 τῷ
313 4797 520 4862 Κυρίῳ.
542 4797 796 4868 Εῠχομαι,
821 4801 969 4870 φησὶ,
992 4801 1187 4874 ταύτην
1209 4820 1305 4872 μου
1330 4803 1424 4873 τὴν
1450 4804 1622 4872 ὑμνῳ-

107 4881 212 4935 δίαν
243 4886 332 4937 καὶ
374 4887 597 4954 διάλεξιν
634 4891 848 4962 ἡδίστην
881 4892 1101 4962 ὀφθῆναι
1142 4893 1218 4961 τῷ
1252 4894 1384 4961 Θεῷ.
1428 4894 1620 4946 Τούτου

107 4972 204 5044 γὰρ
231 4978 531 5046 γενομένου,
567 4980 672 5049 ἐγὼ
711 4982 805 5053 τὴν
846 4983 1084 5037 ἐντεῦθεν
1128 4984 1381 5053 εὐθυμίαν
1405 4983 1623 5053 καρπώ-

109 5081 276 5133 σομαι,
309 5069 400 5118 καὶ
431 5071 858 5144 εὐφρανθήσομαι
890 5076 977 5127 ἐπὶ
1006 5076 1081 5146 τῷ
1120 5077 1320 5146 Κυρίῳ,
1357 5077 1626 5129 τουτέστιν

107 5155 189 5207 ἐπὶ
215 5159 279 5226 τῇ
312 5156 548 5229 λατρεία,
579 5163 669 5214 ἐπὶ
701 5168 764 5233 τῇ
805 5168 1158 5236 προσκυνήσει
1190 5167 1280 5220 καὶ
1311 5171 1419 5229 τοῖς
1443 5168 1625 5219 ἐπιτά-

108 5259 263 5312 γμασι
306 5249 405 5310 τοῖς
436 5249 615 5314 αὐτοῦ,
651 5253 740 5303 ἐπὶ
781 5255 857 5325 τῷ
903 5256 1129 5310 τοιοῦτον
1169 5259 1306 5327 ἔχειν
1343 5258 1618 5327 δεσπότην.

110 5335 248 5389 Καλὰ
279 5338 372 5407 μὲν
406 5337 508 5408 γὰρ
539 5340 631 5392 καὶ
670 5341 735 5394 τὰ
768 5345 1026 5414 ὁρώμενα,
1061 5348 1150 5400 καὶ
1186 5347 1368 5418 τέρπει
1403 5350 1430 5399 ὁ
1466 5349 1622 5417 οὐραο

111 5424 214 5490 νὸς,
251 5430 340 5480 καὶ
379 5429 648 5499 εὐφραίνει
690 5431 717 5482 ὁ
761 5433 937 5501 ἥλιος,
991 5438 1080 5489 καὶ
1123 5439 1192 5506 γῆ
1237 5439 1408 5508 ἀνίησι
1464 5439 1622 5524 ξπέρ-

1726 4648 1839 4686 vero
1883 4631 2170 4686 delectabar
2209 4633 2260 4684 in
2308 4630 2545 4684 Domino.
2575 4630 2787 4696 Precor,
2823 4633 3010 4700 inquit,
3049 4639 3108 4685 ut
3143 4632 3238 4701 hy-

1725 4737 1880 4776 mnus
1921 4730 1972 4774 et
2016 4721 2281 4790 eloquium
2329 4720 2487 4783 istud,
2526 4720 2970 4785 jucundissimum
3007 4721 3113 4775 Deo
3154 4722 3236 4772 vi.

1725 4811 1926 4865 deatur.
1963 4809 2016 4864 Id
2054 4812 2191 4863 enim
2231 4811 2274 4864 si
2317 4812 2424 4873 liat,
2468 4811 2590 4863 hinc
2625 4825 2720 4880 ego
2749 4811 3064 4864 hilaritatem
3108 4825 3238 4863 con-

1727 4917 1938 4970 sequar,
1968 4910 2019 4954 et
2043 4900 2340 4954 delectabor
2363 4900 2414 4952 in
2442 4898 2685 4963 Domino,
2716 4899 2764 4953 id
2791 4908 2891 4959 est,
2918 4901 2968 4952 in
2991 4898 3156 4962 cultu,
3182 4899 3235 4951 in

1720 4991 2045 5050 adoratione,
2077 4990 2129 5041 in
2172 4990 2445 5058 praeceptis
2473 4989 2608 5059 ejus,
2640 4991 2781 5059 quod
2808 4991 2927 5043 talis
2957 4987 3081 5040 mihi
3126 4986 3242 5040 Do—'

1723 5082 1896 5134 minus
1922 5080 2007 5133 sit.
2037 5078 2167 5131 Nam
2198 5094 2314 5147 quae
2339 5081 2439 5135 sub
2472 5090 2739 5149 aspectum
2765 5081 2974 5151 cadunt,
3013 5076 3235 5146 pulchra

1723 5171 1933 5240 quidem
1984 5177 2124 5232 sunt,
2157 5171 2349 5223 ctelum
2397 5172 2633 5234 delectat,
2677 5187 2754 5226 son
2802 5171 3044 5232 laetificat,
3095 5180 3239 5222 terra

1727 5261 1924 5321 semina
1951 5260 2260 5328 plantasque
2289 5262 2530 5330 profert;
2562 5271 2615 5314 at
2649 5276 2744 5330 ego
2779 5261 2897 5328 plus
2925 5259 3154 5313 delector
3182 5259 3236 5310 in

1725 5351 1993 5409 Creatore.
2017 5365 2172 5418 quam
2202 5356 2253 5404 in
2283 5352 2368 5407 his
2393 5353 2655 5406 omnibus.
2681 5350 2800 5403 Haec
2822 5350 2951 5403 mihi
2972 5350 3236 5418 voluptas,

1727 5438 1836 5492 hmc
1861 5438 2056 5501 latitia,
2082 5438 2162 5492 hae
2185 5441 2401 5503 deliciae,
2426 5441 2536 5495 hmc
2557 5439 2756 5493 inﬁnita
2779 5440 2916 5493 bona
2941 5439 3068 5492 mihi
3091 5448 3235 5492 sunt.

115 5538 251 5620 ματα
284 5524 376 5577 καὶ
415 5529 583 5593 φυτά·
622 5526 732 5578 ἀλλ’
778 5529 885 5594 ἐγὼ
954 5533 1152 5586 τούτων
1198 5535 1408 5587 πάντων
1450 5521 1540 5585 ἐπὶ
1583 5532 1657 5602 τῷ
1723 5537 1993 5605 ποιήσαντι
2048 5533 2201 5587 πλέον
2249 5536 2613 5606 εύφραίνομαι.
2677 5535 2839 5587 Τοῦτό
2896 5552 2980 5600 μοι
3028 5529 3240 5602 τρυφὴ,

112 5613 253 5664 τοῦτό
280 5631 364 5683 μοι
401 5615 713 5686 εὐφροσύνη,
748 5618 897 5669 τοῦτο
930 5621 1115 5692 ἡδονὴ,
1154 5623 1304 5675 τοῦτο
1339 5623 1405 5675 τὰ
1438 5623 1599 5693 μυρία
1625 5625 1817 5691 ἀγαθά.

177 5765 218 5796 ⁵⁸
251 5766 404 5821 Cant.
444 5785 515 5830 Iv,
552 5769 635 5822 12.
711 5770 753 5800 ⁸⁷
793 5769 930 5824 Psal.
966 5788 1017 5835 ν,
1052 5774 1137 5827 Η.

385 5858 646 5920 ΡΑτιιοι..
680 5861 791 5920 Gn.
850 5862 1078 5924 XXIII.

2867 5866 2928 5923 .'--l
