3994 6354
786 424 917 481 1291

1443 418 1709 479 EUSEBII
1748 420 2215 478 CASSARIENSIS
2250 418 2398 475 OPP.
2438 417 2615 474 PARS
2652 416 2740 474 ΠΙ.
2778 446 2850 461 —
2885 418 3305 473 EXEGETICA.'
3812 420 3884 472 125

854 533 1018 589 Vens.
1044 534 1131 589 55.
1159 533 1415 604 Deﬁciant
1444 542 1735 603 peccatores
1767 549 1801 587 α
1829 540 1970 587 terra
1985 542 2032 585 et
2054 532 2334 600 iniqui,ita
2362 537 2408 594 Α

2306 548 2334 585 a
2362 537 2408 594 Α
2517 529 2897 583 Ἐκλίποισαν
2926 528 3250 598 ἁμαρτωλοὶ
3279 528 3397 583 ἀπὸ
3432 527 3541 595 τῆς
3566 524 3677 597 γῆς
3704 529 3795 582 καὶ
3831 532 3883 582 ἄν

778 638 835 680 ιιι
868 644 968 680 non
1004 628 1129 680 sint.
1161 625 1218 681 In
1243 627 1334 680 illo
1362 626 1612 680 videlicet
1635 633 1895 694 tempore,
1926 637 2036 692 quo
2062 622 2282 675 audient
2310 640 2321 673 :

780 718 1038 773 Discedite
1066 734 1225 788 ante,
1262 716 1548 781 maledicti,
1578 716 1633 769 in
1662 715 1833 785 ignem
1864 722 2134 775 wternum,
2163 727 2323 780 para-

778 820 886 863 tum
911 809 1117 863 diabolo
1146 815 1197 862 ιι
1216 807 1414 877 angelis
1441 821 1575 874 ejus.
1604 804 1811 858 Esurivi
1836 804 1995 866 enim,
2027 811 2075 856 et
2103 819 2207 856 non
2235 803 2325 855 de-

776 889 930 955 distﬁ
964 899 1091 954 mihi
1131 899 1482 961 manducare;
1522 896 1681 961 sitivi,
1716 904 1767 950 et
1806 910 1909 949 non
1947 893 2167 961 potasti:
2208 908 2321 957 me;

776 992 953 1059 hospes
981 1006 1148 1054 eram,
1194 998 1243 1043 et
1294 1004 1395 1041 non
1438 986 1718 1055 collegisti:
1760 1000 1875 1047 me;
1920 983 2112 1047 nudus,
2148 991 2196 1035 et
2226 998 2329 1037 non

774 1080 1116 1153 cooperuistis
1152 1094 1263 1142 me;
1293 1078 1535 1147 inﬁrmus
1565 1086 1614 1130 et
1639 1078 1691 1131 in
1721 1092 1927 1129 carcere
1947 1114 1961 1140 ,
1993 1084 2042 1130 et
2075 1090 2179 1128 non
2206 1072 2332 1127 cisi-

774 1175 925 1229 tastis
954 1188 1034 1227 me
1060 1172 1146 1224 “z
1183 1178 1237 1226 et
1282 1184 1390 1224 non
1421 1176 1582 1224 erunt
1620 1169 1676 1222 in
1721 1167 1968 1238 portione
2012 1180 2199 1221 eorum
2236 1162 2330 1235 qui

772 1265 883 1321 Deo
909 1263 1253 1319 benedicunt.
1277 1259 1347 1315 At
1370 1260 1490 1330 quis
1522 1261 1659 1314 forte
1688 1258 1833 1313 dicat
1862 1276 1875 1313 :
1905 1254 2115 1327 Ergone
2141 1256 2329 1311 beatus

767 1355 1040 1427 Propheta
1066 1354 1395 1423 imprecatur
1425 1351 1493 1407 iis
1517 1350 1609 1421 qui
1659 1350 1714 1404 in
1764 1349 2005 1420 peccatis
2036 1356 2183 1415 sunt,
2213 1363 2330 1402 om-

770 1460 978 1518 nesque
1025 1447 1140 1499 vult
1192 1443 1367 1515 perire
1402 1456 1466 1497 ac
1502 1441 1742 1497 destrui?
1795 1438 1863 1494 At
1913 1440 2097 1495 decuit
2145 1439 2324 1509 potius

768 1538 949 1591 virum
983 1541 1228 1591 sanctum
1278 1546 1342 1586 ac
1392 1530 1727 1601 spiritualem
1770 1544 1869 1600 pro
1925 1527 2324 1583 inﬁrmantibus

770 1624 1002 1697 precari.
1057 1623 1323 1679 Caeterum
1363 1620 1521 1685 audi,
1576 1619 1765 1689 paucis
1814 1618 1958 1673 enim
2003 1616 2321 1672 absolvam:

769 1718 908 1774 Ante
936 1716 1240 1772 Servatoris
1288 1712 1577 1771 adventum
1622 1723 1809 1765 omnes
1840 1710 1896 1763 in
1925 1708 2163 1779 peccatis
2199 1721 2322 1761 era-

768 1825 913 1879 mus,
943 1815 1099 1864 terrae
1119 1804 1416 1876 imperabat
1437 1802 1689 1866 Satanas,
1710 1817 1817 1857 non
1841 1807 1956 1856 erat
1980 1788 2085 1869 qui
2122 1797 2325 1853 faceret

2427 635 2547 687 μοι,
2582 617 2735 677 ὥστε
2759 617 2843 687 μὴ
2879 618 3169 687 ὑπάρχειν
3193 619 3431 683 αὐτούς.
3472 618 3558 670 Ἐν
3588 618 3774 688 ἐκείνῳ
3794 618 3884 687 δηλι

2429 711 2511 763 ότι
2534 710 2609 779 τῷ
2632 709 2824 782 καιρῷ,
2846 709 3158 764 ἀκούσονται
3186 709 3312 779 γὰρ,
3336 710 3664 777 Πορεύεσθε
3688 709 3783 763 ἀπ’
3807 710 3884 776 ἐμ(

2431 801 2485 853 οἱ
2522 799 2927 868 κατηραμένοι,
2964 800 3049 864 εις
3076 797 3141 852 τὸ
3183 798 3301 867 πῦρ
3341 798 3408 851 τὸ
3436 798 3691 863 αἰώνιον,
3721 799 3784 851 τὸ
3818 800 3883 865 ne

2424 890 2733 962 μασμένον
2777 889 2856 955 τῷ
2891 879 3137 956 διαϐόλῳ
3178 890 3273 943 καὶ
3310 889 3433 955 τοῖς
3464 888 3736 959 ἀγγέλοις
3769 891 3884 941 uim

2444 986 2762 1039 Ἐπείνασα
2812 981 2942 1050 γὰρ,
2998 980 3096 1033 καὶ
3145 982 3255 1033 οὐκ
3296 979 3546 1035 ἐδώκατέ
3582 997 3683 1048 μοι
3734 978 3884 1048 sparsi

2427 1076 2709 1144 sormea,
2728 1048 2829 1127 καί
2995 1068 3309 1123 ἐποτίσατέ
3329 1085 3405 1138 με
3425 1086 3439 1099 ο
3475 1048 3647 1134 ξένος
3681 1068 3884 1136 ﬁam-,3

2429 1169 2501 1221 οὐ
2538 1161 2904 1233 συνηγάγετέ
2942 1178 3046 1231 με·
3089 1160 3329 1231 γυμνὸς,
3366 1159 3465 1212 καὶ
3504 1160 3573 1211 οὺ
3611 1157 3884 1225 περιεεάλε

2422 1275 2529 1327 με’
2562 1255 2823 1322 ἀσθενὴς
2854 1254 2949 1307 καὶ
2979 1254 3047 1305 ἐν
3076 1250 3335 1320 φυλακῇ,
3373 1251 3466 1304 καὶ
3510 1252 3620 1303 οὐκ
3647 1250 3883 1315 ἐπευνκέὶὲ

2427 1351 2536 1404 σθέ
2567 1365 2668 1416 με’
2718 1347 2811 1399 καὶ
2859 1346 2956 1397 οὐκ
3003 1344 3209 1422 ἔσονται
3252 1342 3309 1393 ὲν
3352 1343 3419 1413 τῇ
3467 1341 3642 1411 μερίδι
3679 1339 3783 1392 τῶν
3824 1339 3884 1391 ε·ὒί

2425 1440 2659 1510 γούντων
2686 1438 2775 1491 τὸν
2803 1438 2952 1490 Θεόν.
2996 1435 3131 1488 Ἀλλ’
3175 1437 3288 1505 ὲρεῖ
3322 1450 3403 1496 τις
3446 1433 3605 1503 τυχόν
3624 1449 3637 1463 ·
3666 1427 3784 1502 Ἀρ*
3816 1428 3884 1484 οἷαι

2429 1532 2691 1605 μακάριος
2724 1530 3011 1601 Προφήτης
3037 1526 3354 1595 κατεύχεται
3379 1523 3485 1577 τῶν
3509 1524 3674 1576 ὅντων
3703 1525 3756 1575 ὲν
3792 1524 3884 1591 ἁμα

2424 1625 2584 1687 τίαις,
2627 1623 2717 1675 καὶ
2754 1620 2959 1682 πάντας
2995 1615 3283 1671 ἀπολέσθαι
3327 1616 3417 1669 καὶ
3462 1613 3807 1684 ἀφανισθῆναι
3846 1614 3884 1681 β(

2424 1717 2603 1781 λεται;
2637 1713 2826 1768 Καίτοι
2858 1710 3050 1783 μᾶλλον
3084 1710 3245 1780 ἐχρῆν
3270 1709 3419 1776 ἀγιον
3455 1707 3582 1760 ὄντα
3616 1707 3706 1759 καὶ
3733 1722 3884 1783 many

2423 1800 2646 1874 τοφόρον
2679 1781 3067 1872 ὑπρεῦχεσθαι
3097 1798 3203 1850 τῶν
3234 1796 3622 1866 ὴσθενηκότων.
3642 1781 3831 1847 "Ancus
3856 1792 3883 1842 λε

770 1904 996 1965 bonum,
1023 1915 1130 1957 non
1162 1905 1280 1955 erat
1322 1911 1493 1967 usque
1524 1893 1593 1949 ad
1623 1908 1789 1948 unum
1823 1910 1836 1946 :
1866 1905 2055 1954 omnes
2081 1889 2319 1945 declina-

2306 1917 2319 1927 -
2348 1911 2390 1966 B
2419 1890 2536 1957 πὸν,
2569 1889 2677 1961 ἐρῶ
2706 1888 2812 1961 γὰρ
2842 1888 2933 1954 διὰ
2954 1886 3221 1960 βραχέων·
3259 1885 3363 1957 πρὸ
3410 1885 3507 1955 μὲν
3552 1884 3651 1952 τῆς
3678 1882 3765 1935 τοῦ
3799 1883 3883 1932 Ean

768 2003 977 2059 verant,
1001 1992 1161 2050 simul
1195 1990 1411 2046 inutiles
1444 1988 1572 2043 facti
1622 1992 1795 2042 erant.
1836 1982 1971 2037 Nam
2000 1981 2175 2037 Graeci
2201 1980 2325 2051 qui-

770 2088 894 2145 dem
931 2087 1199 2144 idolorum
1238 2085 1508 2144 cultores,
1538 2078 1809 2151 equitatis
1836 2077 2053 2132 modum
2103 2076 2325 2146 ignora-

770 2181 939 2245 bant,
994 2181 1146 2236 bonaa
1176 2178 1299 2233 vitae
1346 2175 1536 2231 callem
1586 2171 1935 2236 nesciebant;
1978 2168 2087 2223 imo
2143 2166 2323 2238 potius

774 2276 1013 2331 omnium
1069 2285 1249 2329 rerum
1287 2266 1533 2337 opiﬁcem
1579 2273 1633 2319 et
1666 2262 2000 2318 Salvatorem
2043 2258 2323 2315 Christum

776 2362 1082 2421 nullatenus
1111 2350 1528 2429 cognoscebant.
1560 2348 1728 2407 Judaei
1754 2352 1882 2405 item
1913 2350 2080 2421 legem
2103 2348 2323 2420 quidem

772 2455 1043 2512 habebant
1090 2466 1188 2522 pro
1221 2450 1508 2521 paedagogo
1538 2464 1551 2500 :
1585 2455 1639 2499 at
1694 2460 1801 2499 non
1850 2449 2059 2514 poterat
2108 2457 2177 2497 ex
2211 2442 2325 2511 lege

779 2548 936 2605 homo
958 2544 1245 2617 iustificari
1280 2561 1293 2596 :
1322 2555 1513 2596 omnes
1544 2540 1706 2611 igitur
1734 2528 1789 2591 in
1821 2536 2056 2607 peccatis
2084 2547 2321 2597 eramus,

782 2649 916 2697 terra
942 2614 1221 2709 iniquitate
1265 2634 1423 2705 plena
1458 2639 1595 2687 erat.
1633 2629 1924 2699 Postquam
1949 2635 2128 2682 autem
2159 2614 2325 2696 appa-

786 2733 882 2786 °uit
906 2728 1243 2801 unigenitum
1272 2724 1363 2781 Dei
1386 2722 1643 2790 Verbum,
1676 2728 1729 2777 et
1771 2720 1971 2775 factum
2012 2725 2094 2772 est
2126 2716 2321 2781 homo,

774 2840 902 2881 tunc
950 2823 1272 2880 defecerunt
1305 2826 1638 2891 peccatores,
1674 2815 1985 2873 defecerunt
2037 2812 2074 2866 ii
2123 2812 2217 2882 qui
2266 2811 2324 2866 in

776 2918 1057 2990 iniquitate
1090 2915 1465 2970 versabantur.
1493 2910 1773 2978 Quomodo
1800 2916 1893 2963 aut
1932 2920 2039 2978 qua
2079 2904 2326 2961 ratione?

779 3024 960 3066 clunes
986 3007 1185 3077 quippe
1219 3002 1628 3072 justiﬁcaverat,
1660 3012 1690 3051 a
1710 2996 2023 3053 "sceleribus
2062 2995 2325 3049 liberave-

777 3110 881 3168 rat,
904 3114 1093 3156 omnes
1128 3097 1352 3159 liberos,
1378 3107 1544 3162 puros
1588 3106 1653 3147 ac
1683 3099 1857 3146 tersos
1886 3088 2155 3143 effecerat.
2188 3084 2326 3140 Hinc

782 3200 905 3261 ergo
934 3186 1177 3257 sequitur
1195 3198 1394 3255 paucos
1418 3184 1472 3237 in
1514 3181 1751 3252 peccatis
1780 3178 2135 3241 remansisse,
2184 3175 2323 3229 mul-

2424 2000 2516 2056 ρος
2562 1981 2846 2053 ἐπιδημίας
2900 1981 3134 2044 ἅπαντες
3172 1976 3309 2051 ἦμεν
3347 1979 3404 2029 ὲν
3452 1974 3768 2046 ἁμαρτίαις,
3812 1986 3884 2023 κατ

2422 2072 2610 2143 κράτει
2650 2073 2747 2142 τῆς
2772 2071 2861 2123 ὑπ’
2889 2070 3110 2143 οὐρανὸν
3154 2070 3182 2121 ὁ
3226 2068 3483 2132 Σατανᾶς,
3510 2066 3611 2118 οὐκ
3650 2058 3715 2133 ἦν
3742 2063 3768 2113 ὁ
3804 2075 3883 2111 ποι

2422 2162 2779 2234 χρηστότητα,
2839 2162 2937 2214 οὐκ
2985 2156 3053 2232 ἦν
3096 2160 3201 2222 ἕως
3246 2157 3390 2221 ἑνός’
3438 2155 3637 2216 πάντες
3681 2150 3884 2215 ἐξέκλινε

2422 2256 2536 2326 ἅμα
2560 2253 2950 2325 ἠχρειώθησαν.
2974 2250 3227 2321 Ἕλληνες
3263 2249 3359 2319 μὲν
3394 2246 3501 2316 γὰρ
3531 2247 3580 2299 oi
3613 2242 3716 2295 τῶν
3746 2239 3883 2292 εἱδώλ

2422 2338 2934 2420 προσκυνηταὶ,τοὺς
2949 2344 3047 2413 τῆς
3067 2340 3355 2415 ἐπιεικείας
3372 2339 3469 2391 οὐκ
3491 2337 3705 2407 ᾔδεισαν
3725 2331 3884 2401 τρόποι

2419 2441 2516 2512 τῆς
2540 2438 2768 2504 εὐζωῐας
2803 2437 2899 2507 τὴν
2927 2434 3041 2488 ὁδὸν
3070 2434 3168 2485 οὐκ
3196 2430 3512 2500 ἠπίσταντο·
3550 2424 3743 2496 μᾶλλον
3770 2423 3820 2475 δὲ
3847 2421 3884 2473 εὖ

2422 2531 2580 2586 αὑτὸν
2604 2530 2892 2599 ἐγίνωσκον
2922 2525 3054 2588 ὅλως
3082 2522 3169 2575 τὸν
3196 2520 3301 2574 τῶν
3327 2519 3460 2573 ὅλων
3484 2515 3844 2586 γενεσιονργὸν
3870 2529 3884 2561 ι

2423 2622 2645 2692 Σωτῆρα
2675 2618 2932 2691 Χριστόν’
2974 2612 3209 2668 Ἰουδαῖοι
3237 2610 3292 2663 δὲ
3323 2609 3477 2663 πάλιν
3509 2603 3651 2676 εἵχον
3686 2605 3779 2675 μὲν
3812 2603 3884 2669 νὸμ

2422 2713 2513 2766 τὸν
2541 2711 2905 2778 παιδαγωγόν
2951 2706 3064 2761 ἀλλ’
3094 2706 3192 2759 οὐκ
3232 2700 3298 2775 ἦν
3342 2705 3399 2756 ὲν
3441 2701 3588 2772 νόμῳ
3628 2693 3883 2761 δικαιωθῆι

2421 2806 2513 2858 τὸν
2540 2803 2836 2874 ἄνθρωπον.
2867 2800 3070 2854 Οὐκοῦν
3112 2797 3345 2858 ἅπαντες
3390 2789 3527 2874 ἦμεν
3561 2794 3618 2844 ὲν
3665 2786 3883 2859 ἁμαρτία

2423 2868 2655 2965 ἀνομίας
2673 2885 2739 2966 ἦν
2773 2893 2979 2963 πλήρης
3004 2893 3038 2961 ὴ
3070 2891 3159 2959 γῆ.
3209 2886 3418 2955 Ἐπειδὴ
3445 2868 3501 2937 δὲ
3537 2882 3795 2950 ἐπέφανεν
3819 2881 3842 2928 ὁ
3870 2894 3884 2943 ι

2424 2988 2641 3058 νογενὴς
2664 2985 2756 3039 τοῦ
2784 2982 2913 3037 Θεοῦ
2931 2983 3118 3051 Λόγος,
3140 2981 3230 3032 καὶ
3254 2978 3466 3045 γέγονεν
3494 2972 3787 3042 ἄνθρωπος,
3811 2967 3884 3031 ὲξέ

2424 3097 2521 3133 πον
2545 3080 2592 3132 οἱ
2614 3074 2941 3147 ἁμαρτωλοὶ,
2986 3069 3350 3126 ἐκλελοίπασιν
3380 3067 3425 3117 οἱ
3458 3065 3605 3124 ὄντες
3626 3065 3685 3115 ὲν
3708 3062 3883 3129 ἀνομία

2424 3171 2546 3235 Πῶς
2576 3170 2608 3241 ἥ
2633 3169 2750 3222 τίνα
2778 3166 3008 3237 τρόπον;
3036 3159 3345 3216 δεδικαίωκε
3381 3157 3487 3226 γάρ
3516 3154 3775 3215 ἅπαντας,
3802 3154 3884 3203 arti

776 3294 863 3339 tos
883 3287 1061 3334 autem
1092 3277 1414 3347 justiﬁcatos
1436 3289 1574 3329 esse.
1610 3273 1791 3341 Itaque
1826 3271 1913 3325 hic
1940 3286 2051 3324 non
2078 3277 2325 3323 naturam
2352 3286 2353 3289 η

2306 3284 2325 3320 1
2352 3259 2393 3316 C
2424 3262 2550 3328 λαξε
2600 3259 2705 3314 τῶν
2753 3252 3323 3326 πεπλημμελημένων,
3376 3246 3687 3315 ἐλευθέρους
3732 3243 3883 3309 anisi

776 3373 986 3431 destrui
1018 3378 1188 3441 rogat,
1216 3382 1388 3438 neque
1410 3367 1654 3421 homines
1680 3364 1926 3419 funditus
1953 3364 2116 3418 exitio
2146 3359 2286 3414 tradi
2310 3375 2325 3425 ;

780 3465 875 3522 sed
899 3470 1168 3535 precatur,
1199 3469 1256 3514 ut
1286 3466 1537 3530 peccator
1569 3456 1829 3512 malitiam
1859 3456 2095 3519 deserat,
2128 3459 2188 3505 ut
2220 3464 2343 3503 non

781 3563 919 3613 ultra
949 3564 1197 3628 peccator
1222 3554 1313 3618 sit,
1353 3553 1443 3608 sed
1471 3553 1815 3617 immutetur';
1853 3564 1918 3603 ne
1973 3547 2046 3603 sit
2077 3546 2328 3615 iniquus,

780 3652 873 3707 sed
902 3650 1201 3719 resipiscat.
1252 3644 1572 3699 Sanctorum
1606 3642 1806 3711 quippe
1834 3639 2028 3693 animae
2075 3652 2182 3693 non
2232 3651 2331 3707 pro

782 3742 972 3812 seipsis
1002 3746 1231 3805 tantum,
1258 3737 1350 3793 sed
1376 3750 1474 3806 pro
1518 3732 1772 3788 universo
1794 3730 1925 3786 orbe
1954 3729 2228 3784 orationes
2253 3726 2329 3782 ef-

780 3836 962 3892 ferunt
1012 3846 1159 3888 suas.
1209 3828 1363 3885 Nunc
1417 3828 1580 3900 igitur
1625 3824 1824 3889 David,
1862 3837 2089 3877 arcanas
2138 3820 2334 3875 divinae

779 3923 1200 4000 pulchritudinis
1250 3921 1501 4004 divitias.
1539 3916 1717 3989 quoad
1752 3917 2001 3971 humanas
2056 3911 2334 3967 facultatis

779 4024 917 4079 erat,
941 4016 1252 4085 explorans,
1279 4002 1468 4066 omnes
1496 4009 1740 4064 homines
1783 4007 1930 4079 paris
1965 4002 2170 4060 notitias
2204 4014 2334 4055 con-

781 4114 959 4165 sortes
994 4118 1113 4159 esse
1138 4101 1474 4173 peroptabat,
1508 4104 1959 4171 peccatorumque
1984 4104 2183 4150 sortem
2211 4107 2335 4147 om-

780 4198 912 4254 nino
944 4194 1172 4250 deiicere
1218 4190 1569 4261 precabatur;
1630 4202 1739 4243 non
1774 4195 1833 4242 ut
1874 4192 2096 4257 pereant
2144 4182 2334 4255 pastu-

781 4293 923 4359 lans,
956 4288 1049 4346 sed
1073 4295 1132 4341 ut
1164 4285 1516 4354 resipiscam,
1555 4288 1719 4350 utque
1743 4294 1931 4334 eorum
1957 4286 2154 4341 cretus,
2185 4283 2336 4346 post—

782 4399 945 4455 quam
994 4379 1278 4451 pristinam
1330 4373 1635 4429 divinorum
1675 4370 1920 4426 nctitiam
1957 4377 2254 4439 posuerunt
2283 4377 2338 4421 et

784 4475 1128 4545 abiecerunt,
1175 4468 1436 4523 deleatur.
1472 4461 1621 4516 Vane
1647 4461 1807 4531 igitur
1831 4457 2154 4514 contentiosi
2177 4456 2254 4509 illi
2282 4456 2337 4509 in

2429 3354 2521 3406 καὶ
2570 3347 3011 3419 διεσμηγμένους.
3058 3342 3262 3396 Οὐκοῦν
3304 3340 3469 3407 ὀλίγοι
3513 3338 3788 3405 γεγόνασιν
3820 3336 3861 3385 οἱ

2427 3440 2737 3511 ἁμαρτίαις,
2786 3435 2967 3489 πολλοὶ
3012 3433 3067 3485 δὲ
3106 3431 3225 3484 λίαν
3263 3432 3309 3482 οἱ
3354 3424 3783 3495 δεδικαιωμένοι,’
3830 3422 3884 3472 ὣς

2427 3515 2658 3587 ἐνταῦθα
2711 3529 2771 3581 οὐ
2825 3527 2920 3598 τὴν
2962 3524 3144 3577 οὐσίαν
3179 3518 3551 3591 ἀφανισθῆναι
3577 3515 3804 3586 εὔχεται,
3846 3514 3884 3563 οε

2427 3627 2551 3688 τοὺς
2580 3621 2892 3693 ἀνθρώπους
2934 3615 3256 3687 πανωλεθρία
3295 3610 3683 3685 παραδοθῆναι·
3720 3606 3884 3660 ἀλλᾶς

2431 3714 2687 3787 πονηρίαν
2716 3713 2919 3766 ἐκλίποι
2951 3706 3284 3778 ἁμαρτωλὸς,
3314 3705 3451 3757 ὥστε
3478 3703 3552 3773 μὴ
3572 3697 3709 3754 εἶναι
3736 3700 3884 3767 ἀμαρι

2430 3810 2538 3873 λὸς,
2575 3806 2708 3861 ἀλλά
2753 3800 3131 3875 μετατεθῆναι·
3166 3798 3240 3867 μὴ
3261 3792 3492 3866 ὑπάρχοι
3531 3798 3560 3847 ὁ
3602 3794 3815 3861 ἄνομος,
3838 3789 3884 3841 ai

2436 3901 2849 3978 μεταϐληθῆναι.
2894 3896 3154 3957 Τοιαύτας
3200 3893 3307 3961 γὰρ
3358 3892 3412 3942 αί
3465 3888 3572 3941 τῶν
3608 3889 3775 3954 ἁγίων
3812 3885 3884 3951 Cm

2432 3976 2529 4068 οὐχ
2558 3995 2695 4066 ὑπὲρ
2714 3991 2924 4047 ἑαυτῶν
2969 3988 3143 4060 μόνον,
3191 3983 3303 4038 ἀλλ’
3342 3980 3479 4053 ὑπὲρ
3529 3978 3627 4049 τῆς
3668 3976 3884 4043 οίκουμέκ

2434 4090 2648 4160 ἀπάσης
2696 4084 2793 4148 τὰς
2832 4084 3041 4153 δεήσεις
3084 4075 3423 4148 ἀναφέρουσι.
3477 4071 3585 4124 Καὶ
3625 4068 3721 4121 νῦν
3760 4068 3881 4119 τοίνυ

2434 4158 2613 4247 Δαυῒδς
2644 4179 2701 4233 τὸ
2726 4178 2866 4231 Θεῖον
2889 4173 3078 4236 κάλλος
3110 4169 3247 4225 κατά
3286 4166 3375 4221 τὸν
3408 4164 3715 4235 ἀπόρρητον
3740 4158 3883 4211 πλοῦτ

2434 4274 2510 4336 ὡς
2536 4271 2661 4340 ὲνῆν
2694 4264 3001 4339 ἀνθρωπεία
3032 4261 3187 4331 φύσει
3214 4254 3509 4322 διεξελθὼν,
3546 4255 3749 4315 πάντας
3780 4249 3884 4317 cii/69

2436 4379 2566 4425 πους
2607 4360 2840 4431 ἱμείρετο
2879 4356 2978 4426 τῆς
3014 4353 3177 4422 αὐτῆς
3227 4349 3541 4420 μεταλαχεῖν
3579 4344 3838 4413 γνώσεως,
3877 4354 3884 4390 1

2434 4453 2531 4523 τὴν
2571 4452 2678 4503 τῶν
2731 4444 3063 4518 ἁμαρτωλῶν
3116 4442 3343 4510 πάμπαν
3396 4434 3638 4503 ἑκλεῖψαι
3686 4446 3883 4501 συμμορι

786 4519 1128 4545 ...,,----_-_-,
1181 4519 1309 4523 ηπ
1663 4519 1693 4531 ν

785 4564 1157 4625 obdurationis
1178 4576 1289 4617 suae
1310 4556 1667 4629 patrocinium
1708 4550 2019 4621 huiusmodi
2049 4562 2210 4603 voces
2240 4562 2336 4617 op-

2306 4571 2336 4596 μ
2438 4542 2693 4599 ἱκετεύειο
2735 4540 2833 4592 οὐκ
2881 4536 3073 4598 αὐτοὺς
3120 4528 3406 4585 ἀπολέσθαι
3456 4523 3810 4594 παρακαλῶν,
3844 4519 3883 4570 ἁ]

788 4667 1023 4733 ponunt;
1064 4657 1205 4727 quod
1238 4652 1406 4707 David
1457 4647 1707 4703 videlicet
1742 4642 1969 4699 deiicere
2000 4651 2337 4711 peccatorem

2280 4612 2337 4693 in
2367 4626 2411 4682 Ῑ)
2442 4632 2838 4709 μεταϐληθῆναι
2879 4628 3153 4696 δεόμενος,
3204 4622 3296 4674 καὶ
3342 4616 3651 4671 παύσασθαι
3702 4612 3857 4667 αὐτῶν

2515 4729 2524 4733 -
2666 4727 2677 4733 -
2782 4723 2806 4733 ι’
2838 4722 2854 4733 κ
2878 4719 2902 4731 ·’
3120 4710 3455 4733 “un-“1..-
3507 4706 3595 4733 -.-ι
3658 4720 3851 4733 ..---..,.

792 4730 1020 4823 exoptet,
1048 4764 1109 4802 ac
1142 4744 1419 4800 infamiam
1459 4737 1938 4804 confusionemque
1970 4730 2203 4786 inimicis
2232 4730 2336 4783 im-

796 4851 1071 4918 precetur;
1102 4838 1245 4909 quod
1272 4833 1534 4890 Jeremias
1565 4829 1825 4885 ultionem
1858 4841 1888 4880 a
1940 4825 2050 4881 Deo
2076 4825 2334 4879 adversa-

798 4914 887 4993 riis
908 4936 1019 4991 suis
1054 4930 1310 5002 inltlictam
1344 4916 1528 4980 videre
1577 4922 1806 4994 cupidus
1835 4919 1932 4986 sit;
1984 4916 2129 4989 quod
2174 4914 2333 4979 Osee,

798 5041 849 5085 ut
874 5024 1162 5083 infecunda
1194 5020 1351 5075 vulva
1377 5030 1727 5086 mammaeque
1748 5012 1913 5068 aridae
1944 5009 2182 5065 inimicis
2207 5006 2339 5062 den—

798 5135 879 5173 LUl‘
918 5117 1219 5189 supplicet:
1272 5123 1335 5165 ac
1395 5106 1592 5163 similia
1636 5108 1771 5160 bene
1818 5104 1987 5157 multa
2037 5102 2093 5155 in
2142 5097 2340 5153 divinis

802 5210 1089 5280 Scripturis
1132 5205 1335 5277 passim
1386 5198 1559 5271 posita
1602 5197 1891 5267 colligunt,
1936 5201 1995 5247 ut
2022 5191 2149 5245 hinc
2176 5189 2335 5244 evin-

792 5312 938 5369 cant,
973 5301 1201 5357 inimicis
1234 5294 1518 5368 imprecari
1561 5291 1642 5346 fas
1673 5304 1812 5352 esse,
1840 5295 2000 5355 atque
2034 5284 2112 5340 sic
2135 5281 2343 5336 acerbi-

792 5400 919 5454 tatis
940 5410 1051 5451 sute
1071 5392 1163 5448 Dei
1198 5393 1487 5446 bonitatem
1513 5385 1779 5441 vindicem
1809 5378 2027 5432 faciant.

793 5495 887 5569 ὲχθ
896 5496 1004 5566 ροῖς
1044 5492 1289 5559 δεόμενον
1310 5505 1322 5515 ·

800 5606 945 5659 μενοι
1014 5587 1090 5657 τῷ
1143 5584 1249 5637 δεῖν
1296 5581 1401 5635 τῶν
1452 5575 1699 5632 ἐναντίων

794 5682 1131 5751 ἀγαθὸτητα.ι

869 5857 914 5890 ⁸⁸
956 5853 1140 5929 Matth.
1182 5864 1305 5913 xxv,
1344 5842 1527 5902 H43.

2443 4699 2625 4803 στίφος
2655 4699 2962 4785 ἀντιϐολῶν,
3012 4710 3455 4786 μεταταξαμένων
3507 4706 3601 4760 καὶ
3658 4699 3883 4775 μεταμαθι

2440 4838 2544 4874 των
2584 4819 2652 4872 τά
2678 4815 2831 4868 -θεῐα,
2863 4812 3024 4864 Ὥστε
3060 4806 3231 4878 μάτην
3270 4803 3317 4856 οἱ
3360 4798 3620 4872 ὲριστικοὶ
3659 4798 3737 4859 εἰς
3768 4811 3884 4861 σννην

2446 4914 2562 4985 ρίαν
2588 4911 2683 4982 τῆς
2703 4905 2907 4962 ἑαυτῶν
2932 4899 3153 4973 πικρίας
3189 4895 3286 4959 τὰς
3326 4891 3576 4955 τοιαύτας
3606 4887 3782 4958 φωνὰς
3813 4904 3884 4957 παι

2440 4977 2701 5057 τίθενται·
2730 4998 2819 5051 τὸν
2848 4991 3003 5047 Δαυῒδ
3031 4988 3295 5044 ἐκλείπειν
3324 4984 3413 5037 τδν
3435 4979 3750 5052 ἁμαρτωλὸν
3777 4977 3884 5029 ποθο

2444 5110 2531 5157 τα,
2573 5092 2665 5146 καὶ
2698 5084 2951 5157 αἰσχύνην
2993 5082 3085 5134 καὶ
3120 5075 3380 5147 ἐντροπὴν
3416 5072 3523 5123 τῶν
3556 5068 3758 5140 ὲχϐρῶν
3797 5085 3877 5121 κατ

2447 5186 2695 5255 χόμενον·
2727 5180 2814 5233 τὸν
2857 5172 3117 5245 Ἰερεμίαν
3166 5168 3290 5220 ίδεῖν
3316 5164 3411 5235 τὴν
3445 5162 3593 5235 παρά
3618 5161 3708 5214 τοῦ
3736 5160 3852 5213 Θεοῦ
3881 5178 3883 5204 λ

2446 5252 2654 5345 δίκησιν
2704 5273 2767 5323 ὲκ
2811 5268 2917 5320 τῶν
2961 5262 3213 5318 ἐναντίων
3257 5254 3646 5327 ἐπιθυμοῦντα·
3695 5255 3780 5306 τὸν
3826 5252 3884 5301 Ὠς

2451 5370 2655 5441 μήτραν
2687 5356 3019 5435 ἀτεκνοῦσαν
3039 5354 3132 5410 καὶ
3157 5349 3388 5422 μαστοὺς
3426 5348 3617 5419 ξηροὺς
3646 5345 3839 5414 δοθῆναι
3867 5357 3884 5395 τ

1363 5487 1455 5539 καὶ
1497 5479 1663 5536 πολλά
1719 5474 1939 5530 τοιαῦτα
1993 5467 2260 5541 σποράδην
2301 5463 2593 5533 ἐγκείμενα
2650 5461 2766 5521 ταῖς
2828 5455 2998 5515 θείαις
3037 5447 3273 5519 Γραφαῖς
3329 5442 3696 5541 ἀναλέγονται,
3740 5452 3884 5491 ουνιτ

1768 5566 2151 5639 κατεύχεσθαι,
2190 5560 2278 5617 καὶ
2302 5559 2396 5629 τῆς
2430 5556 2631 5613 ἑαυτῶν
2682 5552 2903 5625 πικρίας
2951 5541 3208 5618 συνεργὸν
3255 5529 3523 5597 ποιεῖσθαι
3571 5538 3666 5611 τὴν
3711 5534 3794 5591 τοῦ
3843 5531 3883 5582 θ
