3994 6354
73 412 212 468 1295

1172 396 1662 465 continuum
1699 405 1766 460 IN
1805 385 2166 463 pSALuos.‘

3099 410 3236 468 1294

146 524 289 582 Ἀλλ’
313 517 484 588 οὐδεὶς
504 517 610 577 τῶν
639 521 848 594 ἀληθῶς
874 521 1056 590 ἀγίων,
1077 514 1151 576 ὧν
1177 525 1230 576 αἱ
1262 524 1445 593 ῥήσεις
1469 519 1607 574 κατά

1774 519 1972 576 Verum
2002 533 2161 574 nemo
2186 533 2373 574 eorum
2399 517 2492 589 qui
2521 534 2643 575 vere
2684 519 2856 576 sancti
2899 529 3060 588 sunt,
3105 538 3238 592 quo»

69 617 220 671 Θείαν
257 616 558 687 οἰκονομίαν
593 617 670 678 είς
710 615 980 668 νουθεσίαν
1012 613 1117 666 τῶν
1159 612 1348 684 ἐφεξῆς
1389 613 1611 682 ἀνεγρά-

69 727 266 779 φησαν,
297 708 386 760 ἐπί
412 725 515 761 τινι
543 705 692 776 κακῷ
715 706 809 777 τὴν
837 704 1063 775 σπουδὴν
1085 703 1611 776 ἐχων.ἐπιδειχθήσε-

68 817 173 878 ται,
206 797 340 852 ἀλλά
362 800 468 862 πᾶς
496 799 672 860 αὐτοῖς
696 799 723 850 6
753 796 946 859 σκοπὸς
973 795 1080 848 τῶν
1119 788 1287 862 λόγων
1320 795 1452 866 πρὸς
1480 794 1614 866 διόρ-

67 890 230 942 θωσιν
260 891 360 960 τῆς
391 887 866 959 ἐμπολιτευομένης
895 889 959 958 τῇ
989 887 1142 954 φύσει
1185 887 1377 948 κακίας
1410 885 1608 955 βλέπει.

71 981 278 1052 Ὠσπερ
323 980 495 1032 τοίνυν
543 980 571 1030 6
613 977 896 1048 εὐχόμενος
935 977 1007 1048 μὴ
1040 972 1177 1030 εἶναι
1203 977 1502 1041 νοσοῦντας,
1542 976 1614 1048 μὴ

69 1066 207 1121 εἶναι
253 1066 652 1137 πτωχεύοντας,
698 1067 756 1118 ού
807 1065 911 1120 τῶν
965 1063 1258 1136 ἀνθρώπων
1311 1065 1613 1136 ἀναίρεσιν,

69 1159 203 1212 ἀλλὰ
229 1159 328 1230 τῆς
356 1159 508 1212 νόσου
547 1160 640 1211 καὶ
682 1157 780 1228 τῆς
811 1157 1074 1227 πτωχείας
1100 1156 1396 1226 ἀφανισμὸν
1435 1157 1618 1209 ἐπιθυ-

73 1253 161 1320 μεῖ
203 1250 484 1318 γενέσθαι·
524 1247 663 1302 οὕτω
709 1249 801 1301 καί
846 1248 951 1300 τῶν
989 1248 1156 1316 ἁγίων
1202 1249 1424 1311 ἕκαστος
1459 1247 1516 1301 16
1549 1251 1615 1319 τῇ

70 1341 228 1411 φύσει
287 1341 576 1410 πολέμιον,
636 1340 715 1402 είς
775 1338 1072 1409 ἀφανισμὸν
1127 1338 1294 1391 ἐλθεῖν
1353 1337 1612 1409 εῦχονται.

71 1435 240 1486 Ὅταν
285 1433 390 1502 γὰρ
436 1435 464 1485 6
489 1430 786 1501 Ψαλμῳδὸς
833 1431 991 1503 εἴπῃ·
1037 1430 1413 1483 Ἐκλίποισαν
1441 1430 1619 1498 ἀμαρ-

69 1521 243 1575 τωλοί
283 1521 398 1575 ἀπὸ
438 1519 546 1587 τῆς
579 1518 688 1588 γῆς
729 1517 826 1571 καί
859 1516 1083 1586 ἄνομοι,
1121 1514 1274 1568 ὥστε
1307 1515 1390 1584 μὴ
1435 1509 1618 1583 ὑπάρ-

71 1631 201 1682 χειν
228 1614 465 1678 αὐτοὺς,
491 1611 585 1681 τὴν
605 1610 871 1680 ἁμαρτίαν
895 1608 1129 1662 ἐκλιπεῖν
1155 1607 1247 1660 καὶ
1274 1609 1371 1678 τὴν
1393 1605 1618 1678 ἀνομίαν

71 1706 308 1776 εὔχεται.
340 1705 412 1758 Οὐ
441 1703 547 1774 γὰρ
587 1698 866 1773 ἄνθρωπος
897 1699 1162 1772 ἀνθρώπῳ
1203 1701 1473 1771 πολέμιος,
1506 1699 1618 1754 ἀλλ’

70 1801 101 1866 ὴ
134 1796 280 1850 κατά
311 1795 504 1848 κακίαν
534 1795 629 1864 τῆς
669 1792 1030 1864 προαιρέσεως
1058 1793 1268 1864 κίνησις
1305 1795 1384 1856 είς
1427 1790 1618 1863 ἐχθροῦ

1708 626 1827 667 rum
1858 609 2000 664 dicta
2025 627 2091 664 ex
2132 609 2308 664 divina
2354 610 2748 679 dispensatione
2789 611 2857 666 ad
2902 624 3241 683 posterorum

1673 707 1677 710 “
1710 702 2102 757 institutionem
2130 703 2434 771 conscripta
2483 702 2631 757 fuere
2655 742 2670 767 ,
2729 702 2794 756 ad
2826 698 3024 758 malum
3068 706 3241 776 quod-

1711 793 1851 864 piam
1875 792 2111 847 studium
2134 809 2291 849 suum
2323 793 2613 848 contulisse
2643 792 3120 863 demonstrabitur;
3146 795 3243 852 sed

1710 892 1856 940 totus
1873 899 2056 941 eorum
2090 899 2286 954 scopus
2315 884 2381 937 ad
2411 884 2765 954 improbitatis
2794 885 2847 938 in
2890 885 3118 940 humana
3143 902 3242 941 na-

1710 985 1832 1032 tura
1855 978 2116 1032 versantis
2155 975 2578 1032 emendationem
2613 977 2848 1046 respicit.
2897 977 3246 1043 Quemadmo-

1712 1068 1838 1124 dum
1866 1070 1913 1124 is
1932 1069 2022 1139 qui
2046 1079 2290 1144 precatur
2305 1085 2408 1123 non
2424 1085 2544 1126 esse
2565 1069 2824 1134 inﬁrmos,
2849 1085 2954 1148 non
2975 1086 3093 1126 esse
3109 1087 3244 1140 pau-

1714 1177 1887 1232 peres,
1920 1178 2025 1217 non
2051 1163 2324 1217 hominum
2356 1163 2793 1224 destructionem.
2836 1160 2929 1216 sed
2971 1163 3247 1216 inﬁrmita-

1714 1259 1822 1307 tem
1873 1261 2341 1330 paupertatemque
2393 1253 2593 1308 aboleri
2643 1253 2872 1322 expetit;
2923 1253 2995 1307 ita
3049 1255 3246 1324 singuii

1716 1351 2023 1411 sanctorum
2052 1345 2193 1414 quod
2241 1352 2447 1400 natura!
2475 1345 2788 1401 adversatur
2817 1345 2884 1400 de
2926 1345 3100 1401 medio
3131 1348 3245 1401 tolli

1716 1434 2002 1503 postulant.
2029 1431 2160 1487 Nam
2197 1448 2316 1486 cum
2349 1425 2628 1488 Psalmista
2661 1435 2753 1499 ait,
2791 1433 3045 1504 Deﬁciunt
3068 1451 3249 1505 pecca-

1717 1530 1850 1575 tores
1882 1539 1914 1574 a
1947 1532 2084 1576 terra
2103 1530 2150 1575 et
2177 1522 2358 1591 iniqui,
2386 1523 2460 1575 ita
2493 1532 2549 1574 ut
2577 1539 2678 1576 non
2705 1524 2843 1592 sint,
2890 1536 3165 1595 peccatum
3195 1536 3251 1582 et

1716 1610 2049 1681 iniquitatem
2077 1611 2302 1669 deficere
2330 1621 2599 1684 precatur.
2637 1613 2754 1669 Non
2784 1617 2926 1671 enim
2959 1617 3119 1672 homo
3151 1618 3251 1674 ho»

1715 1701 1848 1756 mini
1873 1704 2124 1758 inimicus
2146 1712 2260 1769 est;
2305 1705 2397 1760 sed
2429 1712 2608 1760 motus
2653 1705 2946 1780 voluntatis
2989 1708 3055 1762 ad
3095 1709 3252 1762 mali-

1717 1793 1868 1859 tiam,
1900 1796 2038 1864 quod
2068 1803 2257 1849 natura
2286 1796 2631 1865 conjunctum
2661 1805 2776 1853 erat
2802 1798 2869 1853 ad
2913 1799 3248 1860 inimicitiam

72 1888 223 1953 τάξιν
251 1888 312 1940 16
338 1890 402 1958 τῇ
444 1886 598 1955 φύσει
643 1882 976 1954 συνημμένον
1010 1883 1322 1954 κατέστησε.
1354 1882 1426 1936 Τὸ
1454 1879 1618 1936 κακὸν

1722 1885 1958 1941 deduxit.
2010 1886 2201 1942 Malum
2233 1888 2395 1958 igitur
2419 1889 2643 1945 deiicere
2685 1897 2933 1961 precatur
2959 1910 2971 1945 :
3004 1898 3057 1946 at
3089 1891 3252 1949 homo

71 1980 249 2035 τοίνυν
300 1969 535 2032 ἐκλιπεῖν
571 1967 815 2045 εὔχεται·
857 1976 884 2028 6
924 1974 979 2027 66
1015 1973 1290 2046 ἄνθρωπος
1333 1973 1497 2027 κακὸν
1520 1973 1620 2025 οὐκ

73 2072 203 2132 ἐστι.
238 2070 364 2134 Πῶς
390 2068 496 2141 γάρ
526 2067 590 2122 ἂν
617 2067 701 2138 εἴη
729 2067 891 2120 κακὸν
919 2065 1010 2119 τοῦ
1039 2065 1238 2133 ἀγαθοῦ
1265 2064 1323 2118 16
1346 2064 1618 2135 6μοίωμα;

71 2162 262 2225 Οὕτως
297 2161 396 2216 κᾶν
423 2159 678 2232 αἰσχύνην
707 2160 800 2213 καὶ
829 2158 1089 2229 ἐντροπὴν
1115 2157 1221 2211 τῶν
1258 2156 1461 2227 ἐχθρῶν
1493 2171 1622 2209 κατ-

74 2254 334 2324 εύχηται,
383 2252 738 2307 δείκνυσί’σοι
782 2250 842 2304 τὸ
891 2249 1070 2317 στίφος
1107 2247 1213 2302 τῶν
1259 2247 1526 2311 ἐναντίων,
1559 2247 1622 2298 ἐκ

72 2346 162 2401 τοῦ
196 2348 430 2416 ἀοράτου
481 2337 547 2417 τῇ
591 2342 897 2417 ἀνθρωπίνῃ
947 2339 1455 2414 προσπολεμούντων
1488 2334 1617 2407 ζωῇ.

74 2441 193 2491 Ὀτι
243 2438 302 2491 δὲ
343 2440 441 2492 οὐκ
481 2436 796 2508 ἀνθρώπων,
824 2436 953 2488 ἀλλά
983 2435 1242 2504 δαιμόνων
1285 2429 1619 2500 κατεύχεται,

73 2525 218 2602 δηλοῖ
243 2531 344 2600 τῆς
369 2531 530 2600 εὐχῆς
561 2529 618 2582 16
640 2524 774 2590 εἶδος
802 2544 813 2556 ’
841 2524 1340 2594 Αἰσχυνθήτωσαν
1365 2521 1492 2593 γὰρ,
1520 2537 1624 2591 φησι

76 2626 178 2686 σιν,
210 2625 268 2675 οἱ
305 2619 613 2688 ζητοῦντες
640 2619 753 2687 τὴν
782 2614 989 2686 ψυχήν
1012 2633 1149 2684 μου,
1172 2614 1276 2670 τοῦ
1299 2612 1500 2682 ἐξᾶραι
1528 2613 1626 2667 αὐ-

72 2715 204 2781 τήν.
246 2709 813 2781 Ἀποστραφήτωσαν
838 2711 924 2775 είς
959 2710 1029 2762 τὰ
1067 2697 1254 2760 ὀπίσω
1299 2706 1392 2759 καί
1420 2707 1622 2771 ἐντρα-

73 2808 364 2875 πήτωσαν
401 2808 456 2860 ot
493 2801 766 2868 θέλοντές
806 2819 905 2872 μοι
947 2798 1116 2854 κακά.
1155 2799 1624 2881 κομισάσθωσαν

73 2898 434 2970 παραχρῆμα
481 2896 777 2968 αἰσχύνην
826 2893 1109 2948 αὐτῶνόι
1159 2887 1433 2960 λέγοντές
1481 2907 1580 2960 μοι
1607 2930 1620 2954 ,

76 2973 255 3064 Εὖγε,
299 2988 453 3062 εὖτε.
493 2989 964 3061 Ἆταλλιάσαιντο
1011 2981 1104 3040 καὶ
1159 2985 1625 3060 εὐφραηθείησαν

71 3078 169 3138 ἐπὶ
196 3084 298 3138 σοι
323 3082 542 3149 πάντες
567 3084 620 3136 οί
648 3077 952 3150 ζητοῦντές
985 3093 1076 3143 σε,
1109 3078 1304 3146 Κύριε,
1333 3074 1429 3129 καί
1465 3073 1624 3128 εἰπά-

74 3194 284 3231 τωσαν
329 3174 679 3240 διαπαντὸς,
735 3169 1168 3241 Πεταλυνθήτω
1222 3170 1254 3222 ὀ
1308 3168 1534 3235 Κύριος,
1572 3169 1624 3221 οἱ

1719 1987 1826 2032 non
1859 1980 2056 2032 malum
2086 1980 2358 2051 quidpiam
2389 1990 2489 2037 est.
2537 1981 2812 2048 Quomodo
2853 1984 2995 2038 enim
3049 1984 3250 2039 malum

1717 2070 1845 2125 boni
1889 2071 2182 2126 similitudo
2228 2071 2420 2127 fuerit?
2471 2072 2547 2127 Ita
2575 2074 2821 2144 quamvis
2872 2073 3147 2129 infamiam
3197 2083 3254 2131 et

1719 2162 2084 2218 confusionem
2108 2164 2341 2220 inimicis
2368 2175 2630 2234 precetur,
2661 2165 2749 2220 hic
2781 2166 2877 2220 tibi
2926 2167 3254 2237 adversario-

1720 2266 1858 2317 rum,
1888 2252 1977 2322 qui
2002 2253 2053 2332 in
2084 2253 2295 2308 occulto
2316 2253 2604 2309 humanam
2631 2265 2879 2310 naturam
2903 2266 3209 2328 oppugnant
3233 2298 3252 2323 ,

1719 2349 1914 2397 emtum
1932 2343 2187 2399 declarat.
2217 2344 2371 2411 Quod
2389 2353 2566 2402 autem
2598 2346 2928 2405 daemonibus
2946 2338 3054 2406 non
3082 2350 3254 2404 homi-

1718 2432 1878 2486 nibus
1905 2425 2249 2502 imprecetur,
2274 2433 2390 2504 ipsa
2423 2436 2682 2491 orationis
2712 2435 2882 2492 forma
2918 2439 3254 2509 comprobat:

1720 2521 2141 2592 C‘onfundantur,
2167 2525 2360 2596 inquit,
2393 2527 2482 2597 qui
2505 2539 2754 2603 quierunt
2783 2530 3010 2583 animant
3047 2547 3216 2586 meam
3235 2570 3254 2596 ,

1719 2623 1776 2668 ut
1806 2616 2046 2684 auferant
2086 2634 2220 2670 eam.
2269 2617 2644 2673 Convertuntur
2680 2629 2966 2674 retrorsum
2999 2631 3046 2676 et
3075 2623 3257 2678 erube-

1720 2715 1866 2759 scant
1889 2707 1976 2777 qui
2003 2709 2175 2761 volunt
2206 2703 2330 2761 mihi
2353 2710 2514 2763 mala.
2554 2703 2748 2765 Ferant
2778 2710 3049 2780 confestim
3074 2714 3259 2782 confu-

1719 2793 1913 2850 sionem
1941 2813 2090 2851 suam
2115 2799 2203 2868 qui
2229 2794 2558 2853 dicuntmihi
2577 2841 2590 2865 ,
2624 2799 2784 2871 Euge,
2811 2819 2953 2875 euge.
2984 2803 3260 2860 Extultent

1719 2897 1768 2942 et
1787 2887 2024 2942 laetentur
2051 2890 2102 2943 in
2131 2899 2178 2944 te
2202 2907 2376 2946 omnes
2411 2893 2499 2963 qui
2538 2903 2772 2963 quwrunt
2814 2904 2880 2963 te,
2922 2896 3138 2952 Domine
3161 2938 3176 2963 ,
3207 2907 3260 2953 et

1721 2979 1896 3034 dicant
1919 2996 2144 3050 semper,
2193 2981 2560 3054 Magniﬁcetur
2588 2982 2864 3055 Dominus,
2903 2991 2991 3060 qui
3033 2990 3260 3062 diligunt

1723 3073 1954 3127 salutare
1985 3084 2129 3127 tuum
2151 3073 2214 3128 ⁸³.
2249 3070 2358 3131 Soli
2391 3077 2586 3148 quippe
2613 3078 2881 3136 daemones
2920 3081 3109 3138 animae
3137 3084 3260 3140 insi-

1725 3165 1942 3220 diantur
1973 3184 1984 3216 :
2020 3165 2212 3220 animae
2240 3174 2416 3222 autem
2440 3167 2646 3224 insidiae
2671 3177 2796 3224 sunt
2825 3170 3074 3227 alienatio
3102 3188 3139 3234 a_
3155 3172 3263 3230 Deo

71 3266 426 3336 ἀγαπῶντες
449 3266 514 3319 τὸ
543 3264 835 3332 σωτήριόν
862 3280 996 3318 σου.
1026 3262 1188 3317 Μόνοι
1220 3260 1325 3332 γάρ
1365 3261 1412 3313 οἱ
1443 3260 1626 3331 δαίμο-

1725 3259 1791 3312 ob
1811 3273 2030 3329 pravum
2064 3259 2225 3314 animi
2257 3258 2522 3316 aﬂ'ectum.
2561 3257 2630 3316 Ut
2660 3277 2787 3333 ergo
2809 3263 2862 3317 in
2895 3264 3006 3320 haec
3038 3281 3146 3321 non
3181 3267 3264 3322 in-

72 3376 162 3422 νες
212 3360 297 3420 είς
348 3357 523 3430 ψυχὴν
567 3356 992 3412 ἐπιϐουλεύουσι·
1020 3355 1216 3428 ,ψυχῆς
1267 3354 1323 3408 δέ
1377 3353 1626 3426 ἐπιϐουλὴ

73 3447 211 3501 Θεοῦ
260 3448 602 3519 ἀλλοτρίωσις
647 3447 730 3501 διά
769 3447 878 3517 τῆς¹
905 3445 1178 3517 ἐμπαθοῦς
1208 3447 1490 3516 γινομένης
1518 3445 1646 3498 δια-’

74 3537 298 3603 θέσεως.
341 3535 430 3602 Ὠς
471 3539 536 3592 ἂν
580 3534 668 3592 οῦν
719 3532 790 3609 μὴ
831 3538 985 3591 τοῦτο
1029 3537 1206 3601 πάθοι,
1243 3537 1498 3609 αἰσχύνην
1525 3537 1629 3592 τῶν

74 3629 537 3686 ἀντιτοαλαιόντων
584 3629 816 3700 εὔχεται.
858 3627 1023 3682 Τοῦτο
1051 3629 1106 3682 66
1137 3629 1286 3683 οὐδὲν
1328 3629 1451 3683 άλλο
1486 3623 1630 3683 ἐστὶν

73 3719 320 3795 ἦέαυτῷ
366 3723 519 3794 νίκην
565 3721 702 3776 κατά
745 3721 851 3777 τῶν
894 3713 1162 3793 πολεμίων
1199 3717 1547 3789 ἐπεύξασθαι·
1581 3724 1630 3775 οἱ

74 3818 129 3871 66
164 3817 421 3889 πολέμιοι
466 3815 536 3870 16
575 3815 715 3887 πάθη
759 3815 909 3870 εἰσίν.
946 3806 1130 3880 Οὕτως
1167 3814 1429 3888 Ἱερεμίας
1473 3813 1630 3885 ζῆλον

72 3911 170 3981 τῆς
205 3909 514 3972 θεοσεϐείας
540 3908 692 3978 ἔχων,
728 3907 1222 3979 είδωλολατροῦντος
1252 3905 1345 3960 τοῦ
1377 3903 1632 3976 βασιλέως

73 4001 170 4052 καὶ
228 3998 328 4052 τοῦ
377 3998 526 4060 λαοῦ,
554 3998 651 4050 οὐκ
700 3996 828 4050 ἴδιόν
877 4015 925 4050 τι
971 3994 1252 4065 θεραπεύει
1299 3993 1482 4054 πάθος,
1517 3991 1629 4045 ἀλλ’

74 4085 220 4158 ὑπὲρ
266 4087 360 4139 τοῦ
413 4085 588 4140 κοινοῦ
632 4085 737 4138 τῶν
783 4083 1077 4155 ἀνθρώπων
1119 4081 1486 4154 προσάγειτῷ
1516 4080 1631 4151 Θεῷ

75 4179 171 4249 τὴν
211 4177 417 4247 δέησιν,
456 4179 522 4247 τῇ
571 4175 709 4229 κατά
736 4175 843 4228 τῶν
885 4173 1260 4245 ἀσεϐησάντων
1307 4173 1446 4244 ὁρμῇ
1492 4171 1632 4225 ἅπαν

72 4269 510 4340 σωφρονισθῆναι
555 4267 716 4331 ἀξιῶν
755 4251 814 4319 16
862 4265 1209 4337 ἀνθρώπινον.
1247 4264 1354 4318 Καὶ
1394 4265 1548 4336 Ὠσηέ
1577 4263 1632 4317 66

71 4359 479 4431 πολυγονοῦσαν
509 4359 629 4413 τότε
660 4357 754 4428 τὴν
801 4355 996 4411 κακίαν
1039 4359 1098 4410 ἐν
1139 4357 1248 4421 τοῖς
1284 4355 1634 4428 Ἰσραηλίταις

70 4457 135 4527 τῇ
171 4453 404 4525 ἀτεκνίᾳ
446 4450 809 4516 καταδικάζει,
850 4449 1068 4514 καὶτὰς
1111 4448 1309 4521 πικρὰς
1350 4447 1515 4521 θηλὰς
1540 4448 1635 4520 τῆς

1727 3351 1888 3415 cidat,
1915 3351 2232 3409 adversariis
2290 3354 2563 3408 infamiam
2612 3362 2879 3424 precatur.
2937 3356 3074 3411 Illud
3133 3375 3264 3416 vero

1727 3444 1862 3498 nihil
1894 3445 2037 3498 aliud
2070 3449 2173 3508 est,
2204 3459 2364 3514 quam
2393 3443 2672 3502 victoriam
2706 3445 2808 3499 sibi
2841 3443 2908 3501 de
2938 3445 3266 3506 adversariis

1729 3535 2040 3606 postulare:
2087 3535 2288 3590 inimici
2337 3552 2462 3591 vero
2514 3543 2640 3592 sunt
2679 3534 2843 3591 animi
2890 3535 3133 3594 aﬂ'cctus.
3175 3536 3268 3594 Sic

1728 3625 1988 3682 Jeremias
2032 3627 2145 3682 zelo
2176 3627 2448 3698 religionis
2487 3627 2801 3696 instructus,
2833 3643 2958 3698 rege
2987 3635 3040 3683 et
3067 3631 3267 3699 populo

1728 3717 1869 3774 idola
1899 3719 2216 3785 colentibus,
2249 3734 2356 3773 non
2409 3719 2730 3787 peculiarem
2775 3717 3058 3789 quemdam
3101 3719 3265 3774 animi

1729 3809 1972 3863 morbum
2011 3818 2184 3876 curat,
2213 3807 2304 3866 sed
2337 3824 2434 3878 pro
2457 3811 2723 3864 communi
2751 3810 3028 3865 hominum
3062 3811 3270 3882 suppli-

1730 3900 1992 3955 cationem
2021 3899 2128 3957 Deo
2151 3899 2323 3969 oﬂert,
2351 3916 2544 3972 rogans
2569 3909 2626 3955 ut
2651 3910 2839 3959 contra
2877 3904 3069 3973 impios
3098 3903 3267 3974 impe-

1729 3999 1841 4045 tum
1877 3991 2068 4060 faciat,
2114 4000 2167 4047 et
2217 3993 2294 4048 sic
2343 4007 2530 4048 omnes
2579 3991 2824 4050 homines
2875 3993 2943 4050 ad
2991 3994 3266 4050 meliorem

1730 4083 1935 4154 frugem
1963 4093 2302 4140 revocentur.
2337 4083 2401 4138 Et
2429 4081 2565 4140 Osee
2594 4086 2851 4140 malitiam
2881 4093 3010 4141 tunc
3031 4087 3168 4156 apud
3194 4085 3270 4142 ls-

1729 4176 1948 4231 raelilas
1986 4192 2104 4231 sese
2132 4176 2598 4248 multiplicantem,
2630 4177 3005 4232 infecunditati
3029 4178 3270 4241 damnat,

1730 4277 1782 4321 et
1808 4267 2029 4323 acerbas
2059 4268 2265 4345 peccati
2288 4276 2546 4323 mammas
2574 4269 2837 4324 exsiccari
2885 4270 3085 4339 expetit
3117 4269 3183 4332 ",
3211 4275 3271 4322 ut

1731 4374 1800 4412 ne
1828 4358 2025 4413 malum
2059 4357 2201 4430 apud
2230 4359 2473 4415 homines
2526 4363 2608 4416 vel
2660 4362 2905 4432 gignatur
2935 4360 3016 4415 vel
3073 4361 3267 4415 alatur.

1734 4448 1809 4503 Ac
1838 4449 1883 4505 sl
1917 4450 2038 4520 quis
2065 4452 2202 4508 alius
2237 4448 2380 4522 apud
2426 4461 2642 4508 sanctos
2668 4453 2812 4507 viros
2845 4447 3038 4509 similis
3069 4467 3268 4516 sermo,

71 4547 358 4618 ἁμαρτίας
385 4543 711 4618 ξηρανθῆναι
756 4541 1016 4612 βούλεται,
1046 4541 1119 4605 ὡς
1148 4540 1214 4595 ἂν
1246 4542 1380 4612 μήτε
1407 4541 1626 4595 τίκτοιτε

1736 4543 1830 4598 ira
1860 4545 2092 4614 speciem
2148 4545 2463 4615 praeferens,
2510 4545 2952 4616 deprehenditur,
3011 4543 3078 4598 ad
3132 4545 3274 4599 hanc

70 4642 129 4693 ἐν
153 4641 276 4703 τοῖς
301 4637 603 4710 ἀνθρώποις
624 4635 684 4688 16
701 4635 888 4699 κακὸν,
917 4636 1048 4706 μήτε
1075 4633 1339 4705 τρέφοιτο.
1357 4635 1466 4688 Καὶ
1489 4632 1543 4685 εῐ
1553 4650 1626 4697 τις

1734 4651 1959 4705 prorsus
1992 4642 2220 4690 mentem
2263 4637 2515 4705 respicit;
2548 4637 2752 4693 scilicet
2779 4636 2976 4690 malum
3009 4635 3273 4699 eliminat;

20 4752 24 4758 ·
71 4731 236 4794 ἄλλος
289 4730 524 4794 τοιοῦτος
567 4730 624 4783 ἐν
669 4731 776 4791 τοῖς
824 4727 993 4796 ἁγίοις
1034 4726 1227 4797 εὑρεθῇ
1276 4719 1428 4793 λόγος
1463 4724 1631 4796 θυμοῦ

1737 4726 2003 4782 hOminem
2031 4743 2156 4782 vero
2178 4743 2281 4782 non
2312 4731 2510 4782 atterit.
2558 4789 2566 4792 _

70 4825 323 4896 ἔμφασιν
364 4825 520 4897 ἔχων,
572 4825 706 4896 πρὸς
749 4823 843 4895 τὴν
878 4819 1128 4893 τοιαύτην
1159 4822 1369 4884 πάντως
1400 4821 1634 4876 διάνοιαν
1661 4817 1932 4892 βλέπει,ἦ
1993 4820 2216 4892 ἐξορίζει
2258 4823 2319 4875 16
2363 4823 2554 4876 κακόν·
2588 4824 2685 4877 οὐκ
2745 4823 3001 4895 ἐπιτρίϐει
3047 4823 3133 4876 τὸν
3185 4822 3275 4876 6v-
3321 4807 3334 4820 ί

72 4922 320 4993 θρωπον.

145 5033 212 5094 Εἰ
234 5039 298 5092 δέ
326 5056 408 5102 τις
437 5039 633 5110 ἑτέρως
667 5037 731 5091 τά
779 5037 870 5090 τοῦ
917 5037 1074 5090 Δαυῒδ
1112 5039 1248 5090 νοεῖν
1279 5037 1539 5107 βούλεται,
1567 5038 1640 5100 ὡς

72 5131 167 5184 τοῦ
211 5129 506 5199 Προφήτου
545 5130 668 5192 τοὺς
715 5129 996 5200 δυσσεϐείᾳ
1031 5127 1300 5193 συζῶντας
1329 5129 1485 5198 ἀραῖς
1517 5128 1644 5180 ὐπο-

73 5217 371 5282 δάλλοντος
394 5238 406 5250 ⁸
444 5221 535 5274 καὶ
566 5221 733 5293 οὕτως
771 5223 987 5293 εὑρήσει
1028 5224 1090 5292 τῇ
1130 5219 1453 5291 ἀποστολικῇ
1498 5220 1677 5283 διδασ,

77 5313 285 5383 σκαλίᾳ
315 5311 414 5382 τὴν
455 5313 784 5382 προφητείαν
825 5314 1237 5384 συμϐαίνουσαν.
1287 5312 1490 5377 Παῦλος
1535 5313 1642 5384 γάρ

74 5403 392 5478 Κορινθίοις
421 5402 760 5467 ἐπιστέλλων,
791 5406 1025 5458 τοιοῦτον
1053 5404 1448 5476 άκροτελεύτιον
1475 5403 1591 5457 τέθε
1602 5423 1644 5456 ι-

75 5520 192 5556 κεν·
217 5499 302 5553 Et
322 5516 410 5562 τις
435 5500 506 5552 οὐ
530 5497 691 5566 φιλεῖ
710 5497 813 5551 τὸν
838 5501 1049 5568 Κύριον
1079 5499 1325 5567 Ἰησοῦν,
1355 5498 1472 5566 ἤτω
1499 5497 1638 5551 ἀγά-

73 5599 249 5666 θεμα.
285 5590 442 5644 Ἶδιον
479 5589 585 5660 γὰρ
612 5589 716 5643 τῶν
750 5586 962 5660 θερμῶς
999 5591 1328 5662 ἀγαπώντων
1368 5590 1427 5642 16
1463 5591 1638 5659 μισεῖν

73 5691 200 5742 τοὺς
263 5680 554 5754 μισοῦντας
583 5681 670 5734 τὸν
731 5681 1101 5752 ἀγαπώμενον.
1139 5683 1286 5753 Τάχα
1322 5682 1376 5735 δέ
1413 5681 1504 5734 καὶ
1543 5680 1639 5751 τὴν

1805 5033 1954 5102 Quod
1987 5034 2032 5088 si
2074 5032 2197 5102 quis
2227 5032 2326 5085 alia
2375 5033 2584 5088 ratione
2640 5031 2857 5089 Davidis
2895 5034 3036 5088 dicta
3081 5033 3282 5089 intelli‘

1735 5140 1858 5196 gere
1895 5123 2039 5186 velit,
2069 5123 2141 5176 ita
2173 5131 2229 5176 ut
2255 5121 2518 5193 Propheta
2543 5139 2636 5178 eos
2676 5125 2768 5194 qui
2815 5124 2866 5177 in
2898 5122 3168 5192 impietate
3199 5126 3280 5178 vi-

1739 5223 1867 5271 vunt
1915 5215 2270 5270 exsecrationi
2323 5213 2630 5285 subjiciat;
2663 5217 2732 5270 ita
2779 5229 2990 5284 quoque
3045 5216 3286 5271 inveniet

1736 5307 2069 5380 prophetiam
2093 5322 2216 5362 cum
2246 5309 2540 5378 apostolica
2562 5307 2804 5361 doctrina
2827 5305 3108 5374 quadrare.
3141 5306 3292 5366 Pau-e

1737 5405 1820 5458 lus
1857 5403 2052 5473 quippe
2089 5402 2385 5458 Corinthiis
2422 5402 2682 5464 scribens,
2709 5400 2809 5453 hoc
2840 5400 2998 5454 modo
3033 5400 3234 5454 claudit
3265 5420 3282 5455 :

1744 5496 1802 5552 Si
1829 5498 1941 5568 quis
1968 5513 2068 5549 non
2101 5507 2242 5550 amat
2270 5497 2544 5550 Dominum
2588 5492 2786 5558 Iesum,
2815 5495 3092 5547 anathema
3123 5491 3188 5545 sit
3216 5493 3284 5548 ¹¹.

1743 5587 1874 5642 Nam
1922 5602 2108 5642 eorum
2164 5589 2254 5659 qui
2318 5587 2561 5641 ardenter
2608 5591 2784 5639 amant
2842 5585 3113 5654 proprium
3161 5585 3291 5649 est,‘

1743 5680 1921 5736 odisse
1952 5694 2044 5735 eos
2075 5679 2165 5750 qui
2195 5678 2444 5734 dilectum
2475 5677 2596 5732 odio
2628 5675 2842 5730 habent.
2874 5671 3123 5730 Fortasse
3159 5673 3289 5729 item

149 5844 194 5875 δ’
235 5840 390 5898 Psal.
427 5855 622 5906 nux,
658 5841 836 5896 M—l7.
911 5843 954 5874 '°
992 5839 1116 5899 Ose.
1154 5798 1354 5906 unis.
1431 5841 1471 5874 ⁵¹
1518 5837 1688 5894 lCor.
1728 5854 1846 5899 xu.
1889 5831 1978 5889 22.
