3950 6350
745 400 881 456 1295

1425 399 1687 457 EUSEBII
1724 402 2185 461 CAESARIENSIS
2222 404 2366 460 OPP.
2406 404 2582 461 PARS
2618 403 2706 470 lli.
2746 436 2808 449 -—
2851 406 3253 464 EXEGETICA.

3648 149 3940 329 ’Ἰ

3789 413 3890 468 1196

714 526 940 575 “Statum
972 515 1062 586 qui
1104 524 1224 586 post
1272 517 1719 575 resurrectionem
1753 518 1966 575 futurus
2017 527 2132 584 est,
2184 520 2257 575 hil

2375 522 2508 590 μετὰ
2563 521 2659 592 τὴν
2698 521 2983 575 ἀνάστασιν
3028 521 3114 575 διὰ
3152 523 3356 576 τούτων
3402 522 3432 576 ὁ
3469 524 3647 577 Amm
3690 528 3889 594 σημαξνεε

742 608 906 662 David
938 606 1219 678 signiﬁcat,
1252 606 1465 677 quando
1508 607 1640 662 dicit
1695 609 1857 663 laetari
1905 610 2185 665 Dominum
2217 613 2271 665 in

743 700 989 770 operibus
1044 699 1190 762 suis,
1235 698 1603 755 deﬁcientibus
1656 701 2023 768 peccatoribus
2049 716 2077 754 a
2110 709 2268 757 terra.

716 788 1015 858 'Quomodo
1043 790 1184 844 enim
1242 788 1363 858 quis
1418 802 1449 840 a
1508 794 1727 857 peccato
1761 788 2169 855 denominetur,
2225 789 2270 845 si

740 890 1016 953 peccatum
1075 894 1181 933 non
1239 878 1430 932 fuerit?
1476 876 1599 932 Hac
1651 886 1709 932 tu
1753 893 1965 948 quoque
2018 893 2267 948 precare:

740 974 919 1043 Aperi,
953 971 1191 1035 Domine,
1223 970 1437 1025 divitem
1476 986 1689 1024 manum
1715 981 1857 1024 tuam
1886 971 1950 1025 ad
1979 972 2269 1040 spiritualis

739 1063 978 1119 bonelicii
1003 1060 1485 1131 dispensationem;
1518 1065 1575 1112 ut
1596 1048 1927 1114 amarissima
1954 1068 2006 1114 et
2037 1060 2268 1115 crudelis

739 1154 913 1208 anima
973 1166 1087 1205 mea
1140 1150 1422 1219 impleatur
1478 1149 1759 1204 bonitate:
1819 1149 1968 1204 mitte
2011 1147 2266 1219 Spiritum
2312 1182 2314 1185 τ

738 1251 981 1297 sanctum
1015 1251 1185 1303 tuum,
1206 1250 1260 1294 et
1287 1254 1483 1295 renova
1512 1247 1813 1309 corruptam
1838 1247 2032 1294 terram
2062 1255 2264 1307 meam;

737 1342 795 1386 ut
834 1342 957 1385 tunc
983 1332 1127 1385 laeter
1153 1332 1205 1382 in
1234 1329 1484 1398 Operibus
1522 1330 1646 1392 tuis,
1675 1329 1953 1385 diabolicis
1983 1332 2265 1402 praestigiis

737 1424 790 1477 in
824 1422 983 1477 corde
1013 1438 1128 1475 meo
1157 1420 1538 1475 deﬁcientibus.

807 1602 1043 1666 Benedic,
1073 1602 1245 1653 anima
1275 1617 1407 1661 mea,
1430 1599 1669 1652 Domino.
1687 1598 1945 1655 Omnibus
1964 1615 2085 1655 cum
2108 1602 2264 1656 laude

736 1692 1018 1753 absolutis,
1068 1691 1120 1743 in
1170 1689 1357 1743 eodem
1408 1690 1673 1743 versiculo
1718 1690 1982 1758 psalmum
2043 1689 2263 1744 benedi-

736 1785 908 1838 ctione
936 1782 1155 1845 claudit,
1185 1794 1248 1835 ac
1279 1788 1399 1849 post
1428 1780 1628 1850 jactum
1672 1778 2074 1834 fundamentum
2095 1821 2109 1845 ,
2146 1795 2261 1834 ser-

736 1875 879 1928 moni
909 1880 1109 1927 tectum
1140 1871 1429 1940 imposuit,
1463 1885 1525 1924 ac
1568 1870 1829 1939 prommio
1882 1878 2263 1939 congruentem

733 1966 892 2019 ﬁnem
924 1963 1152 2017 induxit.
1185 1960 1267 2014 Tu
1293 1961 1458 2022 enim,
1497 1960 1693 2028 inquit,
1727 1974 1759 2012 o
1791 1960 1967 2012 anima
2021 1958 2264 2028 opificem

733 2068 796 2107 ac
819 2052 1149 2107 Salvatorem
1174 2058 1324 2104 tuum
1353 2049 1568 2104 assidue
1597 2049 1808 2119 hymnis
1836 2050 2123 2104 celebrato.
2150 2046 2265 2117 Ipse

734 2160 962 2214 namque
996 2151 1047 2198 te
1087 2158 1115 2195 a
1150 2149 1293 2195 sorte
1336 2140 1697 2209 improborum
1727 2140 2009 2201 amovebit,
2055 2149 2106 2193 et
2136 2155 2262 2193 san-

732 2249 944 2291 ctorum
973 2235 1248 2291 consortio
1277 2233 1489 2304 dignam
1521 2232 1729 2288 efﬁciet.
1760 2231 1893 2287 Tum
1926 2233 1981 2286 in
2015 2232 2259 2296 exordio,

620 2398 623 2399 ν
734 2344 845 2387 tiln
889 2333 942 2385 in
998 2332 1101 2384 line
1147 2329 1408 2384 sermonis
1446 2330 1548 2398 ipsi
1583 2327 2004 2383 benedictionem
2050 2330 2263 2383 emittas

731 2425 863 2478 Nam
889 2422 1105 2477 assidua
1152 2420 1244 2473 Dei
1275 2418 1573 2476 benedictio
1606 2418 1674 2473 ad
1716 2424 1922 2473 rectum
1960 2418 2259 2472 institutum

732 2514 893 2569 vitam
920 2512 1206 2567 concinnat
1241 2517 1503 2564 nostram.

1246 2619 1605 2677 ALLELUIA.
1646 2617 1778 2676 CIV.

798 2715 959 2771 Vsus.
996 2716 1047 2777 l,
1078 2714 1130 2769 ἓ.
1171 2711 1501 2783 Conﬁtemini
1552 2713 1788 2775 Domino,
1815 2721 1864 2766 et
1894 2714 2126 2767 invocate
2167 2729 2261 2767 no-

725 2823 843 2861 men
867 2807 998 2875 ejus,
1015 2807 1320 2858 annuntiate
1349 2804 1484 2859 inter
1510 2814 1682 2873 gentes
1705 2818 1859 2871 opera
1887 2803 2016 2872 ejus.
2039 2802 2259 2857 Cantate

726 2900 773 2953 ei
808 2908 854 2951 et
901 2896 1111 2963 psallite
1155 2896 1223 2958 ei,
1243 2902 1455 2947 narrate
1497 2895 1669 2946 omnia
1694 2894 1959 2967 mirabilia
1986 2894 2117 2961 ejus.
2161 2894 2258 2949 Hic

726 2989 968 3058 psalmus
998 2986 1206 3055 primus
1233 2999 1417 3038 eorum
1457 2991 1540 3037 est
1569 2983 1660 3052 qui
1701 2984 1926 3037 Alleluia
1956 2985 2257 3038 inscribun-

728 3090 834 3132 tur.
880 3077 971 3131 Est
1032 3084 1208 3129 autem
1268 3074 1493 3130 Alleluia
1558 3075 1860 3129 adhortatio
1911 3080 2157 3148 mystica,
2189 3079 2254 3131 ad

728 3179 892 3227 neum
936 3166 1258 3222 laudandum
1288 3183 1472 3222 aurem
1509 3166 1785 3231 excitans,
1827 3168 1900 3221 ita
1933 3177 1990 3221 ut
2026 3169 2137 3221 haec
2186 3170 2255 3222 sit

725 3264 844 3333 ejus
870 3261 1208 3331 signiﬁcatio,
1236 3258 1471 3313 Laudate
1496 3257 1795 3314 Dominum.
1819 3258 1949 3312 Nam
1978 3260 2031 3312 in
2060 3259 2253 3326 quibus

727 3362 925 3410 sanctae
979 3352 1271 3421 Scriptum
1325 3350 1569 3425 partibus
1612 3351 1723 3404 haec
1776 3366 1875 3404 vox
1934 3351 2251 3419 apponitur,

728 3444 960 3499 Laudate
1004 3442 1313 3509 Dominum,
1360 3439 1636 3494 Hebraicis
1674 3440 1851 3493 verbis
1892 3455 1985 3508 per
2030 3439 2256 3491 Alleluia

725 3532 1061 3603 exprimitur.
1090 3529 1191 3584 Per
1217 3529 1347 3583 illud
1379 3529 1519 3584 enim
1551 3529 1741 3592 Allelu,
1770 3530 1885 3581 laus
1916 3516 2252 3598 intelligitur,

723 3640 841 3694 quae
870 3623 934 3679 ad
974 3623 1138 3677 Deum
1164 3621 1425 3687 refertur;
1476 3620 1604 3674 illud
1638 3627 1813 3674 autem
1846 3620 1930 3684 la,
1966 3636 2131 3674 unum
2173 3629 2255 3675 est

722 3734 788 3771 ex
840 3716 1148 3770 nominibus
1202 3714 1356 3785 queis
1414 3712 1595 3768 divina
1654 3719 1844 3765 natura
1900 3713 2251 3783 signiﬁcatur.

723 3804 915 3859 Totum
970 3818 1094 3857 vero
1142 3803 1367 3856 Alleluia
1424 3804 1722 3872 explicatur
1780 3804 1894 3856 laus
1954 3802 2067 3857 Dei.
2116 3804 2250 3858 Cum

722 3897 902 3965 itaque
946 3896 1048 3949 hoc
1096 3910 1291 3949 nomen
1339 3896 1656 3966 inscriptum
1685 3896 1739 3949 in
1777 3895 2073 3966 psalmodia
2102 3910 2253 3965 repe—

720 3989 888 4051 ritur,
920 3994 1051 4040 tunc
1088 3986 1485 4058 intelligendum
1508 3996 1590 4042 est
1620 3987 1673 4042 id
1717 3987 1859 4058 quod
1911 3987 2253 4057 subjungitur

721 4078 785 4131 ad
814 4078 1024 4131 laudem
1056 4076 1147 4132 Dei
1180 4093 1485 4146 provocare.
1512 4079 1602 4132 Sic
1634 4081 1685 4132 in
1718 4082 2001 4147 postremis
2024 4081 2251 4133 maxime

722 4168 843 4222 libri
883 4168 1124 4237 psalmis,
1155 4169 1305 4222 multi
1355 4169 1661 4237 hujusmodi
1702 4170 1840 4223 tituli
1876 4173 2249 4240 reperiuntur:

716 4256 874 4327 queis
906 4257 1202 4327 intelligere
1225 4258 1349 4312 licet
1372 4260 1471 4319 eis,
1510 4259 1598 4325 qui
1633 4258 1697 4310 ad
1730 4259 1943 4312 virtutis
1974 4260 2253 4327 perfectio;

718 4366 840 4405 nem
872 4350 983 4420 jam
1020 4350 1351 4404 devenerunt
1379 4356 1431 4402 et
1455 4350 1543 4418 qui
1576 4364 1605 4401 a
1640 4350 2060 4417 praecedentibus
2106 4351 2251 4420 psal-

719 4444 909 4497 modia:
968 4444 1247 4513 partibus,
1300 4442 1593 4496 secundum
1658 4443 1974 4495 sententiam
2043 4440 2251 4510 purgati

718 4542 864 4599 sunt,
900 4533 995 4588 Dei
1043 4533 1226 4589 laudes
1262 4534 1592 4588 convenire:
1641 4540 1800 4600 atque
1840 4547 1902 4584 ea
1945 4531 2251 4583 conditione

719 4624 840 4678 illos
870 4638 992 4677 esse
1011 4638 1117 4691 qua
1144 4624 1453 4693 angelorum
1484 4632 1671 4675 natura
1696 4638 1814 4675 esse
1839 4623 2093 4675 creditur.
2116 4619 2247 4673 Nul-
2282 4595 2326 4653 θ

720 4718 821 4769 lam
875 4716 1018 4770 enim
1065 4715 1221 4767 aliam
1280 4730 1473 4777 eorum,
1519 4714 1921 4783 occupationem
1965 4713 2249 4767 didicimus

716 4821 858 4871 esse,
882 4821 1041 4876 quam
1066 4804 1229 4859 Deum
1252 4807 1504 4873 laudare;
1535 4822 1708 4876 neque
1742 4807 1807 4861 iis
1841 4807 1933 4876 qui
1966 4806 2020 4860 in
2052 4807 2249 4860 virtute

715 4896 936 4959 perfecti
985 4904 1110 4966 sunt
1137 4896 1239 4950 alia
1279 4913 1405 4952 cura
1438 4908 1490 4951 et
1536 4898 1772 4952 studium
1828 4906 1948 4963 est,
1982 4912 2142 4968 quam
2191 4905 2248 4949 ut

713 4989 943 5045 elliciant
962 4997 1125 5043 totam
1154 4988 1318 5041 vitam
1366 5002 1517 5043 suam
1545 4988 1637 5043 Dei
1677 4988 1885 5043 laudem
1934 5004 2075 5043 esse.
2100 4988 2245 5054 Quo-

716 5083 861 5135 niam
905 5082 1066 5149 igitur
1113 5080 1149 5133 ii
1194 5080 1386 5149 psalmi
1433 5081 1523 5149 qui
1572 5081 1972 5149 inscriptionem
2024 5080 2242 5143 habent,

714 5174 963 5237 Alleluia,
996 5190 1182 5229 omnes
1217 5171 1329 5227 fere
1359 5172 1412 5226 in
1458 5181 1727 5241 postrema
1760 5174 2066 5242 psalmodia:
2096 5184 2246 5243 parte

713 5264 1205 5335 deprehenduntur,
1247 5264 1372 5319 hinc
1412 5264 1707 5333 intelligere
1736 5265 1879 5328 licet,
1912 5264 2131 5320 sublimi
2166 5264 2243 5316 illi

713 5355 982 5418 ascensui,
1042 5356 1131 5424 qui
1180 5356 1234 5409 in
1286 5356 1508 5427 psalmis
1556 5356 1845 5423 reperitur,
1899 5355 2245 5424 praeeminere

712 5457 1037 5518 postremam
1085 5448 1391 5515 psalmodiam:
1435 5456 1671 5520 partem,
1721 5448 1772 5499 in
1818 5462 1956 5514 qua,
1991 5455 2050 5500 ut
2077 5445 2246 5515 pluri-

714 5554 879 5601 mum,
917 5539 1035 5594 laus
1064 5538 1177 5601 Dei,
1212 5540 1325 5594 sive
1352 5538 1656 5593 adhortatio
1704 5538 1768 5592 ad
1808 5537 1973 5592 Deum
2018 5536 2245 5591 laudan-

713 5631 860 5693 dum,
898 5632 1286 5700 frequentatur.
1331 5631 1388 5685 In
1435 5632 1535 5685 hoc
1584 5644 1710 5699 ergo
1750 5632 1952 5699 psalmo
1985 5628 2242 5698 apostolis

714 5721 948 5789 praecipit
975 5720 1205 5790 Spiritus
1236 5731 1476 5787 sanctus,
1510 5730 1567 5777 ut
1595 5723 1771 5777 omnia
1807 5721 2093 5785 mirabilia,
2121 5735 2243 5790 quae

712 5815 765 5868 in
795 5828 891 5869 suo
926 5814 1152 5871 adventu
1186 5808 1311 5871 fecit
1344 5815 1620 5882 Dominus,
1665 5816 1858 5881 populo
1896 5831 1959 5870 ex
1993 5815 2240 5881 gentibus

2372 614 2716 674 κατάστασιν,
2750 615 2838 667 ὅτε
2883 615 2974 667 uari.
3023 615 3399 685 εὐφραίνεσθαι
3448 614 3552 667 τὸν
3608 614 3798 684 Κύριον
3827 618 3888 667 ἐπὶ

2369 704 2479 765 τοῖς
2511 702 2687 773 ἔργοις
2711 702 2871 757 αὐτοῦ
2899 703 3065 772 λέγει,
3100 704 3421 758 ἐκλιπόντων
3453 704 3575 758 τῶν
3604 706 3887 774 unum}.

2369 791 2473 845 ἀπὸ
2495 794 2590 863 τῆς
2623 793 2744 863 γῆς.
2773 793 2900 859 Πῶς
2923 794 3029 864 γάρ
3052 812 3133 858 τις
3169 782 3228 859 ἐξ
3254 796 3537 866 ἁμαρτίας

2367 898 2476 947 ται,
2532 884 2629 954 τῆς
2665 885 2931 956 ἁμαρτίας
2974 886 3073 937 οὐκ
3131 884 3331 955 οὐοηςς
3374 885 3627 938 Τοιαῦτα
3658 884 3802 954 εὐχαί
3824 892 3886 937 nl

2371 976 2432 1027 σύ
2452 993 2465 1006 ’
2489 974 2751 1043 Ἀνοιξον,
2768 976 2956 1047 Κύριε,
2971 976 3068 1048 τὴν
3090 977 3341 1031 πλουσίαν
3367 995 3461 1031 σου
3480 981 3650 1049 χεῖρα
3671 979 3747 1037 εἰς
3767 996 3884 1046 χορε-

2366 1066 2488 1134 γίαν
2518 1068 2883 1138 πνευματικῆς
2921 1068 3232 1139 εὐεργεσίας
3253 1086 3267 1098 ·
3301 1069 3389 1122 ἵνα
3416 1071 3452 1139 ή
3502 1071 3800 1138 πικροτάτη
3823 1078 3884 1121 nl

2364 1158 2574 1230 ἀπηνής
2601 1175 2698 1230 μου
2738 1158 2881 1231 ψυχὴ
2920 1160 3130 1233 πλησθῇ
3169 1161 3560 1232 χρηστότητος.
3599 1162 3883 1213 Ἀπόστειλςν

2363 1247 2423 1300 τὸ
2455 1248 2674 1318 Πνεῦμα
2696 1265 2788 1302 σου
2822 1250 2884 1303 τὸ
2911 1249 3084 1319 ἅγιον,
3116 1250 3209 1303 καὶ
3246 1250 3605 1303 ἀνακαίνισον
3643 1248 3739 1319 τὴν
3770 1268 3882 1302 κατε-

2364 1337 2673 1410 φθαρμένην
2702 1357 2801 1410 μου
2831 1343 2952 1412 γῆν,
2981 1341 3066 1395 ἵνα
3106 1340 3224 1394 τάτε
3266 1340 3559 1411 εὐφρανθῶ
3589 1341 3686 1392 ἐπὶ
3704 1343 3799 1401 τοῖς
3821 1341 3881 1409 ἔρα

2362 1444 2475 1494 γοις
2501 1446 2613 1493 σου,
2645 1430 2751 1483 τῶν
2790 1431 3115 1501 δαιμονιλκῶν
3162 1433 3648 1501 μαγγανευμάτων
3691 1431 3881 1483 ἐκλιπόν-

2360 1535 2466 1572 των
2496 1520 2599 1572 ἀπὸ
2624 1520 2718 1591 τῆς
2748 1522 2967 1593 καρδίας
2997 1540 3116 1593 μου.

2426 1610 2688 1679 Εὐλόγει,
2713 1612 2750 1679 ἡ
2776 1611 2943 1681 ψυχή
2966 1631 3103 1680 μου,
3133 1611 3239 1665 τὸν
3263 1612 3506 1680 Κύριον.
3540 1602 3792 1664 Ἐνταῦθα
3815 1629 3876 1661 n-

2361 1697 2593 1763 ταλύσας
2622 1700 2682 1752 τὸ
2712 1702 2816 1754 πᾶν
2849 1703 2928 1764 είς
2956 1701 3276 1770 δοξολογίαν,
3308 1704 3384 1765 είς
3411 1702 3701 1770 εὐφημίαν
3724 1700 3790 1767 τῷ
3815 1702 3879 1749 αὐ-

2360 1787 2438 1857 τῷ
2468 1789 2630 1860 στίχῳ
2665 1789 2932 1859 συγκλείει
2963 1792 3051 1844 τὸν
3075 1791 3305 1861 ψαλμὸν,
3361 1792 3587 1860 ἀσφαλῆ
3646 1789 3771 1861 μετὰ
3816 1787 3877 1838 τιὸ

2293 1848 2336 1906 Β
2363 1848 2613 1947 θεμελίου.
2631 1878 2719 1933 τὸν
2741 1848 2945 1953 ’ὄροφον
2967 1848 3170 1944 ἐπιθεὶς
3187 1848 3270 1951 ’τῷ
3293 1848 3468 1952 ⁷λόγῳζ
3502 1848 3607 1933 καὶ
3744 1896 3879 1947 πρίω

2364 1970 2469 2039 μίῳ
2493 1971 2662 2032 ἐοικὸς
2680 1971 2739 2024 τὸ
2759 1972 2904 2035 τέλος
2931 1972 3237 2040 ἐπαγαγών.
3263 1972 3333 2024 Σὺ
3365 1971 3502 2042 γὰρ,
3539 1971 3724 2039 φησιν,
3754 1962 3789 2020 ὦ
3810 1968 3880 2033 ὐυο

2360 2060 2449 2129 χὴ,
2484 2061 2765 2130 ἐνδελεχῶς
2797 2064 2883 2115 τὸν
2911 2063 2999 2116 σὸν
3014 2063 3171 2133 ὕμνει
3192 2061 3525 2132 δημιουργὸν
3555 2062 3653 2114 καὶ
3680 2058 3875 2126 Σωτῆρι.

2359 2149 2525 2211 Αὐτὸς
2552 2151 2659 2219 γὰρ
2679 2151 2771 2202 καὶ
2804 2152 2895 2204 τοῦ
2914 2152 3025 2205 τῶν
3067 2151 3316 2222 πονηρῶν
3344 2150 3658 2220 ἀποστήσει
3702 2147 3876 2217 κλήρων

2359 2243 2453 2295 καὶ
2480 2241 2587 2313 τῶν
2603 2242 2768 2309 ἀγῖων
2797 2241 3070 2305 ἀξιοῦσθαι
3098 2244 3327 2312 ποιήσει.
3358 2243 3473 2295 Ka'l.
3510 2242 3691 2312 ἀρχὴν
3718 2240 3795 2292 τοῦ
3818 2241 3879 2290 λό-

2358 2349 2453 2401 γου
2488 2333 2579 2385 καὶ⁵
2607 2332 2754 2396 τέλος
2784 2333 2881 2402 τὴν
2906 2336 2985 2396 εἰς
3017 2332 3175 2386 αὐτὸν
3208 2334 3449 2401 εὐλογίαν
3484 2333 3667 2386 ποιοῦ.
3695 2332 3877 2399 Εὖὶςγὶι

2357 2419 2461 2491 γὰρ
2484 2418 2616 2473 Θεοῦ
2641 2419 2886 2491 διηνεκὴς
2916 2423 2995 2484 είς
3022 2419 3248 2486 εὐζωῖαν
3272 2421 3529 2492 ῥυθμίζει
3553 2422 3647 2475 τὸν
3662 2422 3879 2491 ἡμέτερον

2360 2509 2495 2579 βίον.

2803 2623 3234 2678 ἈΛΛΗΛΟΥΙΑ.
3268 2624 3387 2691 ΡΔο.

2437 2712 2910 2783 Ἐξομολοτεῒσθε
2942 2714 3022 2779 τῷ
3050 2716 3260 2783 Κυρίῳ,
3286 2715 3384 2769 καὶ
3420 2714 3802 2770 ἐπικαλεῖσθε
3833 2718 3877 2767 τὸ

2357 2803 2540 2873 θνομα
2565 2803 2768 2857 αὐτοῦ·
2797 2805 3185 2874 ἀπαγγείλατε
3202 2807 3270 2859 ἐν
3299 2805 3423 2871 τοῖς
3447 2806 3661 2861 ἔθνεσι
3688 2807 3756 2859 τὰ
3771 2806 3879 2871 Epit!

2355 2894 2553 2959 αὐτοῦ.
2612 2896 2826 2964 ’ᾼσατε
2881 2896 3037 2960 αὑτῷ
3090 2897 3182 2950 καί
3208 2896 3439 2964 unitate
3469 2896 3664 2961 αὐτῷ,
3716 2896 3877 2963 διηττῇ

2354 2989 2541 3038 σασθε
2565 2984 2754 3038 πάντα
2773 2988 2843 3038 τὰ
2877 2986 3168 3055 θαυμάσια
3195 2987 3398 3039 αὐτοῦ.
3418 2987 3542 3039 Τῶν
3572 2988 3879 3055 ἐπιγεγραμ-

2358 3076 2531 3144 μένων
2563 3077 2917 3142 Ἀλληλούτα
2933 3076 3142 3148 πρῶτος
3154 3079 3181 3130 ὁ
3194 3076 3379 3147 παρὼν
3398 3078 3666 3153 τυγχάνει
3684 3077 3875 3146 Mdg.

2358 3168 2420 3219 Ἒ
2428 3184 2507 3219 στι
2530 3166 2583 3219 δὲ
2600 3167 2659 3218 τὸ
2677 3166 2983 3237 Ἀλληλούῖα
3003 3169 3391 3240 παρακέλευσις
3406 3170 3650 3240 μυστικὴ
3668 3169 3795 3239 πρὸς
3806 3172 3877 3237 τὴν

2276 3222 2323 3283 c
2352 3257 2443 3310 τοῦ
2475 3256 2606 3310 Θεοῦ
2640 3222 2904 3328 ὑμνῳδίαν
2930 3258 3026 3329 τὴν
3045 3222 3210 3329 ἀκοὴν
3224 3222 3601 3333 ἐπεγείρουσα
3744 3222 3877 3312 τὸτοῦ

2353 3344 2496 3419 τονῇ
2537 3346 2723 3400 τούτου
2762 3347 2820 3399 τὸ
2847 3349 3250 3418 σημαινόμενον,
3280 3349 3506 3403 Αἰνεῖτε
3530 3350 3639 3404 τὸν
3677 3352 3875 3417 Κύριε-ν.

2366 3436 2451 3487 Ἐν
2467 3432 2547 3500 οἷς
2576 3437 2683 3509 γὰρ
2714 3436 2898 3508 μέρεσι
2924 3437 3021 3507 τῆς
3045 3439 3202 3507 ἁγίας
3232 3440 3449 3513 Γραφῆς
3471 3439 3618 3510 αῦτη
3648 3442 3875 3512 πρόσκει-

2352 3542 2439 3578 ται
2495 3530 2527 3597 ὴ
2572 3530 2741 3598 φωνὴ,
2765 3530 2798 3596 η
2840 3528 3089 3595 λέγουσα,
3130 3530 3353 3583 Αἰνεῖτε
3385 3532 3491 3583 τὸν
3535 3533 3775 3598 litim,
3812 3530 3878 3581 διὰ

2352 3620 2443 3672 τοῦ
2471 3623 2823 3691 “undatim
2855 3624 2910 3673 ὲν
2933 3626 3053 3686 ταῖς
3091 3624 3397 3695 Ἐὄραῖκαίς
3419 3627 3626 3692 φωναῖς
3648 3626 3713 3677 τὸ
3738 3623 3875 3677 τοιοῦ-

2352 3726 2440 3762 τον
2461 3711 2792 3781 σημαίνεται.
2814 3712 2885 3763 Τὸ
2902 3712 2999 3779 μὲν
3033 3714 3322 3782 Ἀλληλού
3345 3711 3489 3777 αἶνος
3512 3719 3738 3779 νοεῖται,
3758 3716 3875 3777 ὅςείς

2351 3800 2480 3853 Θεὸν
2510 3804 2604 3872 τὴν
2636 3802 2904 3873 ἀναφορὰν
2922 3803 3048 3872 ἔχει·
3076 3804 3203 3855 τὸδὲ
3238 3805 3326 3858 'Ia
3356 3806 3413 3856 ἓν
3444 3806 3554 3856 τῶν
3585 3808 3873 3875 ἑρμηνευτι-

2351 3893 2461 3945 κῶν
2507 3894 2605 3963 τῆς
2642 3893 2850 3962 φύσεως
2897 3892 2997 3963 τῆς
3050 3894 3195 3957 θείας
3228 3897 3370 3947 ἐστὶν
3412 3896 3605 3965 ὸνομα.
3652 3898 3800 3949 Ὀλον
3832 3897 3873 3947 ἐξ

2351 3986 2499 4053 κοινῇ
2516 3984 2595 4047 τὸ,
2614 3985 2976 4051 Ἀλληλούἵα,
2997 3980 3169 4050 Αἶνος
3185 3985 3330 4038 Θεοῦ
3347 3987 3725 4056 ἑρμηνεύεται.
3741 3989 3873 4040 Ὀταθ

2350 4076 2522 4128 τοίνυν
2542 4074 2695 4128 τοῦτο
2717 4076 2777 4128 τὸ
2805 4077 2951 4147 ῥῆμα
2982 4077 3463 4147 προγεγραμμένον
3550 4079 3654 4149 τῆς
3673 4079 3871 4148 deﬂua»

2348 4166 2481 4229 δίας,
2512 4166 2722 4235 νοητέον
2749 4166 2812 4219 ἂν
2858 4168 2939 4238 εἴη
2971 4166 3031 4219 τὸ
3066 4169 3171 4221 δεῖν
3204 4168 3416 4231 πάντως
3441 4167 3503 4221 τὸ
3544 4169 3871 4241 ὑποκείμενον

2349 4258 2427 4320 είς
2456 4257 2753 4324 δοξολογίαν
2774 4258 2924 4325 ἄγειν
2952 4258 3105 4310 Θεοῦ.
3136 4252 3286 4312 Οὕτω
3314 4259 3407 4312 καὶ
3436 4262 3552 4323 τοῖς
3579 4261 3867 4315 τελευταίοις

2353 4349 2579 4417 μάλιστα
2595 4353 2690 4418 τῆς
2723 4349 2900 4418 βίϐλου
2918 4351 3020 4402 τῶν
3044 4350 3267 4420 ψαλμῶν
3296 4352 3351 4403 αἱ
3379 4351 3574 4403 πολλαὶ
3603 4352 3715 4404 τῶν
3730 4350 3867 4403 τοιοᾲ

2350 4456 2452 4492 των
2473 4439 2773 4512 ἐπιγραφαὶ
2813 4442 3239 4511 ὲφευρίσκονται,
3272 4441 3338 4493 δι’
3367 4435 3443 4493 ὧν
3484 4442 3636 4494 ἐστιν
3684 4444 3866 4493 ἔνιοιοεῖνι.

2351 4538 2430 4590 ὅτι
2444 4539 2553 4600 τοῖς
2582 4534 2681 4605 ἥδη
2712 4532 2845 4604 πρὸς
2869 4534 2926 4584 τὸ
2945 4533 3143 4584 τέλειον
3160 4531 3392 4598 φθάσασι
3414 4530 3516 4599 τῆς
3550 4534 3671 4583 κατ’
3701 4532 3863 4601 ἁρετὴ

2350 4628 2635 4691 πολιτείας,
2674 4625 2767 4679 καὶ
2802 4622 2888 4677 διὰ
2918 4622 3022 4676 τῶν
3061 4621 3431 4693 προλαϐόντων
3464 4623 3562 4692 σῆς
3589 4621 3865 4692 animus;

2349 4718 2643 4789 τμημάτων
2695 4714 2832 4770 κατὰ
2884 4713 2980 4785 τὴν
3027 4712 3299 4785 νοηθείσαν
3330 4713 3416 4764 ἐπ’
3449 4713 3631 4766 αὐτῶν
3666 4712 3863 4782 θεωρίαν

2350 4809 2776 4879 ἐκκαθαρθείσιν,
2826 4805 3051 4877 ἁρμόζει
3089 4805 3150 4858 τὸ
3192 4806 3359 4858 αἰνεῖν
3394 4802 3484 4856 τὸν
3516 4802 3670 4866 Θεὸν,
3714 4804 3797 4856 καὶ
3822 4806 3859 4853 ἐι

2347 4896 2550 4961 τούτοις
2574 4893 2729 4961 εἶναι,
2760 4898 2816 4949 ἐν
2849 4890 2928 4959 οἷς
2964 4895 3057 4947 καὶ
3089 4893 3249 4965 ἡτῶν
3272 4891 3515 4960 ἀγγέλων
3540 4892 3701 4961 φύσις
3752 4886 3859 4943 sive:

2349 4988 2711 5043 πεπίστευται.
2757 4988 2892 5042 Οὔτε
2924 4987 3029 5057 γὰρ
3066 4985 3282 5040 ἐκείνων
3313 4982 3707 5054 μεμαθήκαμεν
3734 4985 3860 5049 aq:-

2348 5077 2462 5131 λίαν
2492 5080 2653 5151 ἄλλην
2684 5080 2803 5133 τινὰ
2840 5079 2974 5149 πλὴν
3006 5077 3099 5131 τοῦ
3127 5077 3290 5130 αἰνεῖν
3323 5074 3413 5126 τὸν
3444 5074 3595 5137 Θεὸν,
3629 5075 3751 5128 οὐτε

2349 5172 2463 5223 κατ’
2487 5173 2680 5244 ἀρετὴν
2725 5173 2940 5234 τελείοις
2971 5170 3151 5240 ἕτερόν
3173 5186 3225 5221 τι
3262 5166 3617 5229 σπουδάζεται
3644 5168 3678 5237 ἦ
3706 5167 3763 5218 τὸ
3788 5168 3859 5229 τὴν

2347 5264 2485 5334 ζωὴν
2528 5252 2712 5318 ἑαυτοῦ
2753 5260 2896 5317 αἶνον
2936 5258 3069 5313 εἶναι
3093 5260 3223 5313 Θεοῦ
3261 5260 3693 5331 παρασκευάσας,
3740 5256 3858 5310 Ἐπεὶ

2344 5356 2516 5407 τοίνυν
2561 5357 2609 5407 oi
2656 5356 2753 5425 τὴν
2795 5351 3096 5421 ἐπιγραφὴν
3138 5351 3347 5422 ἔχοντες
3379 5352 3472 5403 τοῦ
3509 5352 3855 5417 Ἀλληλσύῖιι.

2348 5447 2540 5508 πάντες
2572 5447 2751 5515 σχεδὸν
2782 5444 2857 5514 τῷ
2888 5442 3170 5512 τελευταίῳ
3198 5445 3439 5513 τμήματι
3456 5442 3557 5511 τῆς

2345 5538 2696 5607 εὑρίσκονται,
2738 5535 2920 5603 σαφῶς
2950 5533 3061 5586 ἐστι
3086 5536 3428 5604 κατανοῆσαι,
3463 5533 3558 5585 καὶ
3597 5532 3676 5583 δτι

2346 5628 2656 5701 ὑπέρκειται
2684 5628 2778 5697 τῆς
2808 5626 3009 5695 ὑψηλῆς
3055 5626 3139 5679 διὰ
3166 5626 3270 5677 τῶν
3313 5623 3544 5694 ψαλμῶν

2344 5720 2403 5773 τὸ
2430 5719 2726 5773 τελευταῖον
2757 5718 2948 5789 τμῆμα
2965 5718 3063 5787 τῆς
3076 5716 3415 5788 ,ψαλμῳδίας
3434 5718 3491 5767 ὲν
3506 5707 3627 5781 qm
3647 5710 3855 5761 πλεῖςτςλυ

2344 5815 2473 5870 Θεοῦ
2509 5811 2651 5879 αἷνός
2678 5815 2841 5879 ἐστιν,
2887 5813 3001 5880 ἢτοι
3033 5813 3111 5876 εἰς
3141 5810 3201 5865 τὸ
3221 5811 3388 5863 αἰνεῖν
3419 5808 3507 5861 τὸν
3553 5804 3681 5859 Θεὸν
3712 5818 3850 5868 παρα·
