3950 6350
47 432 175 485 1:297

1130 434 1618 491 COMMENTARIA
1653 435 1719 489 IN
1755 434 2080 497 PSALMOS.

3063 438 3194 493 1298

47 548 308 613 κέλευσις.
335 551 651 621 Προστάττει
679 552 852 619 μέντοι
876 552 932 604 ἐν
963 550 1039 620 τῷ
1066 538 1199 621 μετά
1230 554 1413 622 χεῖρας
1441 552 1572 621 ψαλ-

1678 552 2032 623 patefaciant:
2063 557 2291 622 itemque
2319 558 2538 607 narrent
2573 567 2689 621 qua:
2734 552 2989 628 beneﬁcia
3018 556 3197 624 prisco

49 639 132 708 μῷ
151 643 266 704 τοῖς
292 642 460 709 ἁγίοις
490 642 795 705 ἀποστόλοις
819 641 879 693 τὸ
902 641 1119 711 Πνεῦμα
1140 644 1199 695 τὸ
1239 643 1389 710 ἅγιον
1417 643 1492 713 τῷ
1518 643 1575 710 ἐξ

46 729 209 781 ἐθνῶν
258 731 368 801 λαῷ
403 733 632 802 φανερὰς
662 731 876 799 ποιῆσαι
903 732 1079 794 πάσας
1103 722 1210 795 τὰς’
1237 733 1574 803 θαυματουρ-

45 819 188 886 γίας,
226 820 295 884 ἃς
316 822 593 891 πεποίηται
625 821 715 873 ἐπὶ
743 821 841 891 τῆς
871 820 1031 874 αὐτού
1066 822 1360 890 παρουσίας
1390 825 1417 875 ό
1462 822 1574 875 Κύ-

48 926 175 978 ριος·
201 912 293 964 ναὶ
323 911 424 981 μὴν
454 913 543 963 καὶ
562 912 658 963 ὅσα
679 910 1003 981 εὐηργέτησε
1024 911 1114 964 τὸν
1132 911 1291 963 πάλαι
1310 911 1453 974 λαὸν,
1485 912 1577 966 καὶ

44 993 150 1050 οἷον
182 999 301 1052 ἀνθ’
330 1000 439 1051 οἴου
470 1000 732 1069 ἐποίησεν.
768 999 959 1052 Ἔτιδὲ
980 983 1036 1051 ἐν
1067 996 1237 1068 τούτῳ
1266 999 1358 1051 καὶ
1388 1002 1573 1069 μνήμη

44 1086 149 1139 τῶν
178 1088 317 1159 πρὸς
346 1085 467 1152 τοὺς
506 1090 836 1161 πατριάρχας
861 1090 963 1142 ὐπὸ
989 1088 1080 1141 τοῦ
1117 1088 1248 1141 Θεοῦ
1281 1089 1576 1159 γεγενημέ-

45 1194 146 1231 νων
168 1180 525 1250 ὑποσχέσεων,
570 1182 661 1233 καὶ
691 1180 796 1234 τῶν
819 1179 884 1233 δι’
918 1179 1149 1242 ἐκείνους
1175 1179 1263 1232 ὐπ’
1285 1178 1443 1241 αὐτοῦ
1471 1197 1573 1233 πα-

1677 644 1752 697 illi
1803 645 2009 714 populo
2039 631 2369 705 exhibuerit,
2418 651 2471 698 et
2536 659 2693 712 quam
2752 644 2917 699 vicem
2972 648 3197 716 singulis

1677 734 1860 786 eorum
1892 733 2055 801 gestis
2081 731 2387 784 reddiderit.
2418 729 2638 799 Insuper
2670 730 2755 784 hic
2781 733 3197 801 promissionum

1677 834 1707 873 a
1746 820 1853 875 Deo
1887 819 2207 890 patriarchis
2272 817 2533 873 factarum
2592 819 2789 873 mentio
2847 820 3102 885 habetur,
3144 828 3199 875 et

1676 917 1873 980 quanta
1911 910 2145 979 ipsorum
2175 907 2348 978 gratia
2372 909 2651 977 nepotibus
2686 924 2867 962 eorum
2901 911 3033 962 bona
3064 924 3197 963 con-

1673 1013 1825 1055 cessa
1856 998 2073 1054 fuerint.
2105 997 2307 1055 Horum
2334 1000 2531 1068 quippe
2562 1001 2996 1053 commemoratio
3016 1007 3100 1053 est
3129 1000 3197 1053 ad

1671 1089 1929 1146 beneﬁcio
1944 1090 2169 1157 donatos
2187 1091 2340 1147 avitae
2362 1092 2574 1147 virtutis
2594 1091 2772 1147 studio
2793 1090 3197 1169 inﬂammandos

1670 1180 1823 1236 satis.
1852 1178 2048 1236 Postea
2084 1195 2210 1237 vero
2257 1182 2413 1236 docet
2445 1198 2640 1237 novum
2684 1182 2957 1251 populum,
2991 1180 3197 1236 scilicet

48 1270 411 1337 ρασχεθέντων
454 1269 666 1337 ἀγαθῶν
695 1272 805 1332 τοῖς
850 1254 1067 1323 ἐκείνων
1096 1270 1350 1337 ἐκγόνοις.
1398 1269 1572 1339 Ὶκανὴ

1674 1285 1739 1324 ex
1767 1270 2036 1339 gentibus,
2058 1286 2116 1327 se
2162 1272 2421 1342 ingratam
2459 1274 2600 1327 illam
2643 1280 2849 1344 gentem
2872 1272 3049 1327 divina
3074 1287 3196 1341 pro-

48 1358 149 1429 γάρ
178 1360 379 1412 τούτων
407 1362 439 1430 ὴ
470 1362 651 1431 μνήμη
670 1362 793 1424 τοὺς
822 1360 1084 1414 τοσούτων
1114 1361 1433 1431 εὐεργεσιῶν
1455 1361 1572 1412 ἀπο-

1676 1360 1910 1414 videntia
1940 1377 2048 1417 non
2073 1362 2269 1431 injuste
2291 1365 2570 1432 spoliasse,
2592 1372 2647 1418 ut
2677 1365 2875 1433 pariter
2902 1381 2965 1418 ex
2990 1363 3196 1432 justitia

45 1449 343 1513 λαύσαντας
385 1453 461 1514 είς
481 1448 635 1525 ζῆλον
663 1452 758 1521 τῆς
782 1451 887 1504 τῶν
903 1452 1174 1521 προγόνων
1196 1451 1389 1522 ἀρετῆς
1417 1450 1572 1519 ἐρεθί-

1682 1452 1953 1505 sententiae
1984 1460 2171 1505 contra
2204 1453 2323 1507 illos
2353 1454 2491 1516 latae,
2519 1455 2633 1509 viso
2659 1456 2850 1524 ingrati
2879 1456 3039 1508 animi
3068 1470 3199 1525 pra:-

46 1554 151 1591 σαι.
186 1539 431 1592 Διδάσκει
452 1539 509 1591 δὲ
546 1521 679 1593 κατά
704 1541 862 1594 ταύτὸ
888 1541 977 1593 καὶ
998 1540 1085 1592 τὸν
1110 1539 1227 1597 νέον
1256 1538 1400 1601 λαὸν,
1418 1539 1572 1608 ηγουν

1684 1538 1811 1599 mio,
1843 1546 2160 1593 moneantur
2188 1555 2254 1594 ne
2287 1542 2339 1594 in
2372 1540 2555 1595 eadem
2589 1557 2691 1610 qua
2722 1541 2899 1598 ‘Judzei'
2934 1545 3017 1595 via
3052 1543 3198 1596 ince-

44 1628 165 1691 τοὺς
197 1630 257 1695 ἐξ
285 1628 449 1683 ἐθνῶν
473 1630 548 1692 ῶς
573 1631 669 1683 οὐκ
694 1630 888 1692 ἀδίκως
918 1630 1006 1683 τὸν
1049 1630 1337 1700 ἀχάριστον
1382 1630 1572 1680 ἐκεῖνον

1683 1626 1838 1691 dant,
1880 1628 1972 1684 sed
2002 1630 2056 1683 in
2086 1638 2234 1685 recto
2258 1631 2391 1685 calle
2422 1632 2688 1688 insistant.

46 1717 168 1771 λαὸν
193 1722 295 1791 τῆς
316 1720 514 1785 οίκείας
540 1721 849 1792 κηδεμονίας
872 1720 1197 1792 ἐγύμνωσεν,
1225 1721 1297 1783 ὡς
1334 1717 1465 1790 όμοῦ
1513 1720 1576 1770 ἐκ
1603 1719 1698 1787 τῆς
1722 1721 1837 1772 κατ’
1865 1721 2081 1775 ἐκείνων
2103 1721 2464 1795 ἐξενεχθείσης
2484 1724 2659 1793 ψήφου
2697 1724 2756 1775 τὸ
2786 1723 2995 1776 δίκαιον
3040 1737 3202 1775 κατα-

49 1813 289 1880 μάθοιεν,
324 1817 411 1869 καὶ
438 1816 535 1885 τῆς
570 1814 881 1885 ἀχαριστίας
935 1813 1163 1884 ὁρῶντες
1188 1812 1255 1867 τὰ
1303 1812 1571 1883 ἐπίχειρα,
1602 1812 1674 1883 μὴ
1704 1813 1802 1882 τὴν
1850 1814 2012 1885 αὐτὴν
2054 1813 2315 1879 Ἰουδαίοις
2361 1816 2639 1887 βαδίζοιεν.
2672 1818 2803 1872 ἀλλὰ
2859 1819 2954 1889 τὴν
2994 1816 3200 1870 εὐθεῖαν

46 1903 159 1954 ὁδὸν
185 1903 441 1958 όδεύοιεν.
2700 1931 2707 1939 ’

124 2048 598 2118 Ἐξομολοτεῖσθε
620 2046 700 2112 τῷ
734 2048 941 2114 Κυρίῳ,
970 2049 1064 2103 καί
1098 2018 1471 2102 ἐπικαλεῖσθε
1518 2048 1572 2101 τε

1746 2044 2071 2112 Conﬁlemini
2103 2046 2342 2108 Domino,
2374 2057 2421 2101 et
2450 2049 2677 2103 invocata
2707 2067 2887 2104 nomen
2917 2054 3198 2113 eius.Cum

47 2140 229 2207 ὄνομα
258 2140 460 2194 αὐτοῦ.
483 2138 681 2207 Διπλῆς
707 2136 868 2207 οὔσης
894 2140 949 2191 ἐν
973 2143 1037 2209 τῇ
1063 2143 1295 2210 γραφικῇ
1329 2140 1572 2211 συνηθείᾳ

1680 2132 1953 2202 Scriptura
2004 2135 2171 2188 soleat
2219 2134 2415 2203 duplici
2447 2152 2607 2191 sensu
2647 2137 3036 2194 confessionem
3073 2156 3199 2213 pro-

47 2230 138 2297 τῆς
183 2229 305 2281 κατ’
346 2229 720 2302 ἐξομολόγησιν
766 2230 1053 2301 σημασίας,
1097 2230 1189 2282 καὶ
1226 2228 1317 2282 νῦν
1356 2232 1450 2299 μὲν
1482 2229 1572 2298 τὴν

1677 2222 1836 2290 ferre,
1880 2238 1944 2278 ac
1992 2225 2151 2279 modo
2181 2226 2281 2281 hac
2317 2242 2445 2282 voce
2475 2237 2812 2297 peccatorum
2843 2231 3199 2288 denuntiatio-

47 2318 406 2389 ὲξαγόρευσιν,
427 2316 577 2384 αὖθις
597 2321 653 2374 δὲ
672 2320 767 2393 την
790 2320 1127 2391 εὐχαριστίαν
1156 2317 1572 2386 ἐνδεικνυμένης,

48 2410 275 2465 ἐνταῦθα
320 2414 435 2465 κατ’
467 2413 772 2484 ἀμφοτέρας
805 2411 899 2475 τὰς
928 2406 1128 2474 ἐννοίας
1160 2410 1293 2481 πρὸς
1324 2409 1411 2461 τὸν
1458 2408 1575 2461 κατ’

48 2501 242 2571 ἀρετὴν
289 2501 397 2570 βίον
424 2502 913 2573 χειραγωγούμεθαο
941 2503 975 2571 ἠ
1024 2518 1081 2553 τε
1106 2500 1212 2572 γὰρ
1239 2498 1577 2573 ἐξαγόρευσις

49 2591 319 2659 χωρισμόν
343 2608 462 2645 τινα
488 2593 578 2645 καὶ
593 2592 932 2662 ἀλλοτρίωσιν
953 2589 1058 2642 τῶν
1084 2587 1265 2643 κακῶν
1279 2586 1578 2659 ἀπεργάζε-

49 2697 152 2741 ται,
188 2681 249 2732 τό
270 2696 328 2732 τε
356 2681 489 2750 πρὸς
519 2682 613 2752 τὴν
631 2680 971 2753 εὐχαριστίαν
991 2678 1260 2750 πρόθυμον
1281 2678 1575 2744 πλεονάζει,

52 2771 136 2822 καὶ
150 2770 249 2841 τὴν
278 2770 400 2841 περὶ
425 2770 517 2823 τοῦ
532 2772 811 2840 εὐεργέτου
832 2770 986 2840 χάριν
1004 2770 1093 2822 ἐπὶ
1115 2768 1220 2823 τῶν
1252 2770 1577 2840 εὐαισθήτως

48 2864 338 2932 δεχομένων
351 2863 447 2926 τὰς
458 2863 714 2927 εὐποιίας.
744 2861 1171 2933 Παρακελεύεται
1186 2860 1358 2913 τοίνυν
1384 2861 1411 2913 ὁ
1426 2858 1579 2927 λόγος

48 2953 140 3023 την
174 2954 579 3025 εὐχαριστήριον
607 2954 871 3024 ὑμνῳδίαν
894 2951 1232 3024 προσφέρειν,
1259 2952 1350 3002 καὶ
1380 2949 1578 3019 διηγεῖ-

52 3045 166 3097 σθαι
196 3044 318 3108 ’τάς
358 3044 502 3109 θείας
548 3044 879 3112 εὐεργεσίας.
933 3044 1005 3095 Τὸ
1035 3042 1141 3111 γὰρ
1186 3039 1573 3102 ἐπικαλεῖσθε,

52 3136 376 3201 κηρύσσετε
418 3138 446 3189 ό
475 3134 765 3203 Σύμμαχος
802 3132 1155 3201 ὴρμήνευσεν·
1200 3129 1380 3199 ἕτερος
1408 3128 1463 3180 δέ
1490 3130 1578 3199 ἐρ-

55 3226 315 3295 μηνευτής
343 3242 491 3295 φησι,
516 3224 626 3301 Kal,
650 3221 1014 3277 ἐπικαλεῖσθε
1037 3222 1348 3289 ἑνόνόματι
1373 3220 1572 3275 αὐτοῦ·
1597 3282 1601 3285 _

55 3316 187 3385 μέγα
214 3332 271 3368 τι
298 3315 669 3384 αἰνιττόμενος.
704 3314 797 3366 “Av
846 3311 950 3384 γὰρ
989 3311 1369 3383 ἐξομολογήσῃ,
1423 3311 1573 3379 φησὶ,

1678 2328 1818 2379 nem,
1852 2313 2010 2369 modo
2041 2317 2330 2386 gratiarum
2364 2320 2623 2375 actionem
2666 2322 2957 2392 signiﬁcet;
2986 2324 3072 2378 hic
3104 2341 3198 2381 se-

1677 2402 1907 2457 cundum
1934 2414 2212 2476 utramque
2240 2410 2520 2476 rationem,
2551 2412 2617 2466 ad
2655 2412 2814 2467 vitam
2846 2429 2967 2469 cum
3000 2416 3198 2472 virtute

1677 2492 1930 2562 agendam
1960 2494 2303 2550 instituimur.
2335 2497 2467 2552 Nam
2507 2499 2822 2555 confessio'a
2848 2503 3003 2559 malis
3023 2504 3199 2560 homi-

1677 2598 1797 2637 nem
1827 2593 2061 2638 semovet
2110 2595 2163 2639 et
2193 2588 2259 2643 iis
2288 2590 2516 2643 alienum
2543 2589 2698 2644 elﬁeit
2724 2610 2737 2643 :
2782 2594 3071 2662 gratiarum
3100 2610 3195 2648 au-

1679 2680 1783 2726 tem
1825 2674 2047 2729 actionis
2105 2677 2336 2731 studium
2375 2680 2511 2750 apud
2554 2679 2843 2739 beneﬁcum
2884 2670 3038 2752 auget
3069 2698 3193 2753 gra-

1676 2762 1805 2816 tiam
1834 2768 1958 2836 erga
1985 2780 2078 2820 eos
2106 2769 2196 2835 qui
2222 2776 2372 2838 grato
2400 2770 2575 2824 animo
2597 2770 2846 2831 beneﬁcia
2877 2775 3018 2829 nacti
3045 2782 3189 2831 sunt.

1678 2850 1931 2907 Hortatur
1961 2856 2136 2924 itaque
2157 2873 2331 2913 sermo
2363 2859 2426 2913 ad
2460 2860 2683 2931 hymnos
2708 2862 2995 2931 gratiarum
3026 2864 3193 2918 actio«

1677 2944 1762 2999 nis
1782 2944 2095 3009 eﬁ‘erendos,
2120 2957 2172 3002 et
2192 2950 2258 3003 ad
2281 2950 2458 3004 divina
2480 2952 2729 3007 beneﬁcia
2760 2954 3039 3010 narranda.
3060 2954 3194 3009 Nam

1678 3032 1828 3095 illud,
1856 3033 2101 3097 invocata,
2130 3033 2501 3116 $ynnmachus,
2532 3042 2807 3107 prwdicate
2837 3042 2992 3094 vertit
3017 3061 3029 3094 :
3058 3042 3193 3097 alius

1678 3132 1851 3177 autem
1888 3124 2146 3193 interpres
2195 3128 2286 3190 ait,
2336 3126 2399 3180 Et
2444 3127 2668 3181 invocata
2712 3131 2765 3184 in
2804 3133 3006 3186 nomine
3046 3133 3190 3202 ejus:

1678 3229 1923 3284 magnum
1955 3216 2223 3287 quidpiam
2273 3217 2639 3273 subindicans.
2677 3221 2742 3273 At
2776 3224 2918 3276 enim
2964 3225 3009 3279 si
3065 3240 3193 3279 con-

1680 3304 1853 3361 fessus
1886 3305 2078 3369 fueris,
2134 3308 2239 3372 ait,
2285 3315 2338 3362 et
2370 3318 2583 3377 peccata
2612 3311 2952 3380 deposueris,
2997 3331 3193 3371 nomen

52 3378 141 3459 καί
156 3404 363 3475 ἀποθῇς
386 3404 450 3457 τὰ
474 3378 1093 3474 ἀμαρτήματαίδύνήσῃ,
1121 3378 1572 3471 μετάγπαρῤησίας

1674 3396 1790 3464 ejus
1844 3412 1965 3450 eum
2021 3395 2214 3451 ﬁducia
2255 3397 2551 3455 invocando
2591 3378 2782 3470 magna
2829 3401 2987 3461 edere
3032 3419 3192 3472 opera

46 3498 283 3566 τδδνομα
312 3494 469 3548 αὐτοῦ
499 3493 749 3556 καλέσας,
789 3492 994 3563 μεγάλα
1027 3490 1352 3561 ἐργάσασθαι
1378 3488 1569 3555 ἀγαθά.

50 3588 119 3639 Οὐ
146 3586 319 3656 μάτην
343 3584 403 3635 δὲ
423 3582 842 3652 ἐξομολογεῖσθαι
888 3582 1163 3652 πρότερον,
1198 3581 1292 3635 καὶ
1329 3579 1571 3650 δεύτερον

50 3673 679 3743 ἐπικαλεῖσθαιβούλεται·
714 3670 824 3725 ἀλλ’
854 3670 959 3735 ἵνα,
996 3669 1220 3740 καθαροὶ
1251 3668 1337 3721 διὰ
1365 3668 1461 3738 τῆς
1490 3668 1573 3735 ἐξ-

1674 3485 1894 3541 valebis.
1929 3485 2109 3555 Neque
2137 3487 2253 3542 sine
2280 3502 2440 3541 causa
2484 3489 2655 3557 primo
2698 3491 2972 3557 conﬁteri,
3008 3501 3192 3562 postea

1674 3576 1923 3631 invocare
1949 3584 2192 3646 exoptat;
2218 3577 2311 3653 sed
2342 3588 2398 3631 ut
2426 3594 2518 3647 per
2538 3578 2926 3635 confessionem
2956 3585 3188 3654 purgati,

1672 3679 1737 3718 ex
1766 3680 1898 3732 puro
1929 3667 2281 3723 instrumento
2308 3670 2560 3737 hymnum
2580 3670 2883 3727 offeramus.

50 3752 377 3837 αγορεύσεως
399 3764 691 3834 γενόμενοι,
719 3764 781 3815 ἐκ
798 3759 1030 3833 καθαροῦ
1054 3761 1278 3831 ὀργάνου
1298 3756 1389 3811 τὸν
1412 3758 1574 3830 ὕμνον
1604 3755 2064 3827 προσενέγκωμεν.

122 3901 528 3969 ﬂama-reflato
553 3900 620 3953 ἐν
645 3898 767 3965 τοῖς
793 3898 988 3952 ἔθνεσι
1014 3896 1082 3949 τὰ
1106 3896 1245 3963 ἔργα
1274 3896 1474 3949 αὐτοῦ.
1517 3896 1573 3949 '0

53 3990 177 4058 μετὰ
196 3992 383 4060 χεῖρας
411 3984 556 4052 αἶνος
589 3989 684 4057 τὴν
722 3987 955 4058 ἱστορίαν
981 3976 1319 4053 ἐπιτέμνεται
1339 3983 1434 4053 τὴν
1467 3984 1573 4037 ἀπὸ

61 4080 302 4151 Ἀϐραὰμ
325 4080 419 4131 καὶ¹
467 4081 559 4132 ἐπὶ
594 4078 763 4143 ἔξοδον
805 4076 909 4129 τῶν
950 4075 1076 4145 υἱῶν
1114 4073 1325 4143 Ἰσραὴλ
1347 4074 1443 4142 τὴν
1468 4074 1572 4126 ἀπὸ

49 4170 331 4237 Αίγύπτου·
362 4168 426 4236 ἢν
471 4168 563 4220 καὶ
606 4165 949 4233 ἐπαγγέλλειν
995 4167 1106 4227 τοῖς
1144 4162 1315 4215 ἔθνεσι
1336 4162 1396 4214 τὸ
1435 4162 1570 4215 θεῖον

51 4258 265 4329 Πνεῦμα
291 4256 725 4329 παρακελεύεται,
744 4255 879 4309 ὥστε
894 4253 979 4307 διὰ
1002 4253 1198 4329 τούτων
1220 4252 1386 4320 δηλῶν
1407 4253 1567 4317 ἐστιν,

49 4352 313 4421 ὡςδνησιν
340 4351 437 4402 οὐκ
466 4346 728 4408 Ἰουδαίοις
757 4345 931 4415 μόνον,
947 4342 1080 4396 ἀλλὰ
1105 4354 1197 4397 και
1214 4344 1321 4404 τοῖς
1336 4342 1391 4407 ἐξ
1407 4340 1570 4395 ἐθνῶν

53 4438 513 4511 πραγματεύεται,
533 4435 627 4489 τοῦ
652 4434 956 4517 Πνεύματος
985 4433 1108 4494 τοὺς
1150 4430 1255 4485 τῶν
1273 4430 1435 4483 ἐθνῶν
1467 4430 1571 4482 διε-

49 4532 312 4601 γείροντος
349 4530 588 4600 κήρυκας
618 4528 695 4588 είς
720 4526 781 4576 τὺ
808 4524 983 4593 ζητεῖν
1003 4522 1091 4575 τὸν
1120 4522 1317 4591 Κύριον
1355 4520 1445 4573 καὶ
1472 4536 1569 4590 κη-

53 4620 259 4689 ρύσσειν
286 4620 353 4671 τὰ
378 4618 515 4687 περὶ
540 4614 699 4670 αὐτοῦ
741 4613 1061 4683 διηγήματα.
1104 4611 1210 4663 Καὶ
1238 4608 1404 4661 ταῦτα
1449 4608 1565 4678 μεθ’

52 4707 243 4776 ὐμνωνο
264 4707 391 4776 φησι
402 4704 545 4772 γοῦν·
576 4706 790 4772 ’ᾼσατε
825 4699 981 4765 αὐτῷ
1004 4699 1101 4753 καί
1131 4698 1357 4767 grauate
1389 4696 1560 4761 αὐτῷ·

50 4798 160 4865 διιη
172 4793 610 4862 ὴσασθε,πάντα
640 4792 711 4847 τὰ
753 4788 1044 4860 θαυμάσια
1083 4788 1285 4844 αὐτοῦ.
1318 4787 1564 4841 Βούλεται

50 4883 441 4955 ἀπαγγελθῆναι
478 4884 587 4945 τοῖς
612 4881 830 4943 ἔθνεσιν,
858 4880 931 4942 ὡς
954 4878 1197 4946 ἀγνοοῦσι
1227 4878 1318 4931 καὶ
1348 4876 1566 4947 μηδέπω

55 4976 426 5047 μεμαθηκόσιν,
472 4971 651 5030 ὁποίας
692 4970 853 5025 πάλαι
900 4970 1155 5040 πρότερον
1199 4966 1505 5036 εὐεργεσίας
1536 4967 1563 5017 ὁ

51 5066 170 5128 Θεὸς
195 5063 275 5132 τῷ
305 5064 543 5133 προτέρῳ
566 5059 675 5128 λαῷ
702 5059 1013 5131 παρέσχετο·
1047 5060 1140 5112 καὶ
1166 5059 1326 5119 ὅπως,
1361 5056 1563 5125 μυρίων

52 5154 261 5222 ἀγαθῶν
285 5152 429 5224 παρά
448 5152 539 5205 τοῦ
560 5149 689 5202 Θεοῦ
708 5149 1075 5220 τετυχηκότες,
1112 5147 1423 5220 παρέϐησαν
1443 5144 1563 5200 ἀσνε-
1590 5152 1593 5155 “

55 5244 321 5312 δήσαντεςο
360 5242 452 5295 καὶ
492 5240 565 5302 ὡς
605 5238 690 5295 διὰ
728 5238 826 5302 τὰς
875 5238 1207 5311 παρανομίας
1252 5237 1424 5291 αὐτῶν
1465 5237 1562 5307 τῆς

55 5332 193 5394 θείας
250 5318 539 5400 ἐπισκοπῆς
593 5329 985 5385 ἐκπεπτώκασι.
1020 5328 1239 5383 Κελεύει
1261 5328 1327 5400 ,δὲ
1355 5329 1446 5381 καὶ
1481 5328 1564 5398 ἐρ-

60 5420 248 5491 μηνέας
280 5419 518 5486 γίνεσθαι
553 5416 644 5473 καὶ
682 5419 1005 5490 σαφηνιστάς
1036 5420 1141 5473 τῶν
1177 5420 1234 5472 ἐν
1256 5421 1366 5482 τοῖς
1401 5414 1564 5481 θείοις

56 5510 246 5577 λογίοις
274 5508 605 5580 ἀπορῤήπονδ
654 5503 793 5577 άπερ
833 5507 898 5563 ἂν
926 5508 1008 5579 εῐη
1050 5509 1119 5563 τὰ
1160 5507 1430 5578 θαυμάσια
1465 5508 1563 5560 αὐ-

58 5600 160 5653 τοῦ·
191 5596 287 5653 καὶ
315 5592 494 5660 ἁπλῶς
526 5596 811 5668 ὑμνῳδίαις
849 5596 1005 5652 αὐτὸν
1029 5597 1340 5669 ἀμείϐεσθαι
1372 5598 1461 5650 καὶ
1500 5598 1567 5651 τὰ

60 5691 176 5760 παρ’
203 5687 361 5743 αὑτοῦ
393 5686 651 5754 γενόμενα
690 5688 811 5753 τοὺς
848 5688 1161 5756 ἀγνοοῦντας
1193 5687 1393 5755 διδάξαι
1430 5688 1567 5746 ,θαυ-

67 5778 243 5842 μιδάιια,

1738 3892 2053 3945 Annuntiate
2096 3894 2229 3948 inter
2270 3904 2439 3963 gentes
2486 3910 2639 3962 opera
2691 3897 2849 3965 ejus.‘
2880 3895 3001 3951 [late
3049 3898 3188 3964 laus,

1671 3997 1826 4052 quam
1873 3990 2200 4048 tractamus,
2246 3984 2522 4040 historiam
2569 3988 2885 4055 compendio
2930 3997 3109 4042 narrat
3157 4005 3190 4043 a

1670 4080 1906 4140 tempore
1958 4071 2262 4128 Abrahami‘
2292 4075 2359 4129 ad
2403 4076 2601 4131 exitum
2632 4076 2862 4130 ﬁliorum
2909 4079 3072 4132 lsra’el
3122 4093 3188 4132 ex

1668 4161 1923 4231 Algypto;
1950 4176 2110 4231 quam
2141 4164 2386 4233 gentibus
2426 4167 2743 4221 annuntiare
2777 4168 2926 4234 jubet
2956 4167 3187 4237 Spiritus

1670 4252 1914 4319 divinus;
1943 4253 2014 4306 ita
2051 4261 2112 4308 ut
2140 4253 2224 4309 bis
2259 4254 2489 4310 declaret
2532 4272 2637 4309 non
2669 4255 2971 4310 Iudaeorum
3003 4258 3183 4322 modo,

1670 4350 1763 4405 sed
1788 4350 1947 4405 etiam
1979 4350 2211 4419 gentium
2244 4352 2522 4406 utilitatem
2556 4352 2732 4405 curari
2760 4370 2771 4403 :
2805 4350 3004 4418 Spiritu
3039 4350 3187 4406 scili-

1669 4447 1753 4495 cet
1806 4456 2077 4510 prazcones
2125 4442 2360 4513 gentium
2409 4443 2674 4497 excitante
2709 4442 2789 4502 .ad
2839 4442 3184 4511 qumrendum

1666 4515 1946 4585 Dominum
1991 4541 2043 4586 et
2065 4534 2131 4587 ad
2158 4532 2489 4605 praedicanda
2520 4532 2637 4601 ejus
2664 4547 2840 4601 opera.
2872 4531 3033 4601 quue
3063 4548 3185 4587 cum

1668 4620 1878 4691 hymnis
1906 4622 2166 4691 agendum
2213 4622 2402 4685 docet,
2454 4623 2529 4675 ait
2573 4622 2759 4678 enim:
2813 4620 3032 4677 Cantate
3058 4624 3184 4675 eiet

1665 4712 1964 4779 psallitegei,
2000 4719 2209 4766 narrate
2234 4713 2407 4766 omnia
2452 4712 2714 4765 mirabilia
2740 4714 2871 4782 ejus.
2904 4712 3025 4767 Vult
3056 4728 3184 4782 gen-

1667 4801 1842 4866 tibus,
1895 4808 2076 4870 utpqle
2121 4802 2499 4870 ignorantibus
2534 4817 2598 4856 ac
2648 4804 2884 4861 nondum
2933 4802 3136 4857 edoctis
3162 4842 3178 4868 ,

1667 4892 1967 4947 annuntiari
1996 4898 2193 4959 quanta
2243 4892 2369 4946 olim
2414 4893 2667 4948 beneﬁcia
2710 4895 2848 4949 Deus
2878 4886 3053 4962 prisco
3081 4908 3180 4961 po-

1666 4984 1792 5052 pulo
1832 4982 2178 5050 impertierit;
2220 4997 2284 5037 ac
2332 4985 2598 5052 quomodo
2628 4985 2706 5060 illi
2746 4985 2949 5039 inﬁnita
2992 4998 3021 5035 a
3074 4982 3181 5037 Deo

1666 5088 1881 5127 munera
1905 5073 2195 5135 consecuti,
2231 5073 2387 5143 impie
2414 5075 2733 5144 transgressi
2764 5074 2903 5138 sint;
2928 5088 3031 5142 qua
3054 5075 3179 5127 item

1663 5162 1867 5216 ratione
1897 5162 1965 5215 ob
1996 5161 2303 5231 iniquitates
2333 5178 2457 5218 suas
2483 5180 2513 5218 a
2547 5163 2638 5218 Dei
2680 5162 3008 5232 providentia
3046 5162 3181 5231 lapsi

1664 5250 1787 5306 sint.
1817 5247 1971 5304 lubet
1988 5258 2162 5303 autem
2188 5265 2280 5305 eos
2305 5251 2689 5319 et-interpretes
2716 5258 2768 5302 et
2810 5248 3184 5319 explanatores.

1663 5352 1782 5393 esse
1800 5351 2118 5392 arcanorum
2146 5353 2263 5407 quae
2283 5338 2460 5395 divina
2480 5323 2688 5405 eloquia
2714 5337 3136 5405 complectuntur
3159 5351 3174 5387 :

1661 5442 1780 5497 quae
1829 5440 1957 5480 sane
2004 5427 2265 5481 mirabilia
2294 5427 2411 5495 ejus
2448 5425 2681 5480 fuerint:
2717 5442 2781 5481 ac
2812 5424 3080 5497 praecipit,
3121 5432 3181 5479 ut

1664 5516 1875 5588 hymnis
1930 5516 2032 5586 ipsi
2084 5518 2251 5572 vicem
2296 5517 2621 5586 rependant.
2650 5526 2703 5573 et
2734 5518 2831 5573 abs
2861 5508 2918 5571 se
2970 5520 3195 5584 patrata.

1664 5606 1927 5661 mirabilia
1957 5605 2326 5689 ignorantibus
2358 5606 2622 5675 apesinut.
