3994 6354
180 419 310 472 ⁸301

1258 408 1847 494 ΟΟΜΜΕΝΤΑΒΙΑΞΙΝ
1885 407 2214 464 PSALMOS.

3210 403 3234 456 1
3244 400 3348 457 5οἏ

177 534 310 589 οεῖν.
343 533 405 585 El
437 533 543 604 γὰρ
596 534 685 587 ἐπὶ
733 533 890 587 λίθων
918 550 1109 603 τιμιων
1139 534 1246 586 τῶν
1292 532 1503 585 εἰδότων
1539 531 1710 602 χρεία,

1814 535 1867 583 et
1892 526 2180 597 quaerendo
2206 524 2446 580 invenire
2470 531 2667 594 potest.
2688 520 2817 575 Nam
2844 522 2889 577 si
2921 535 3041 574 cum
3064 521 3128 576 de
3156 519 3347 590 lapidi-

173 626 266 678 καὶ
285 626 375 677 ἐπὶ
399 625 745 696 κολυμϐητῶν
770 627 961 696 πολλῆς
987 627 1081 695 τῆς
1107 626 1406 695 ἐπιστήμης
1427 625 1525 688 δεῖ,
1545 613 1717 692 πολλῷ

174 715 373 783 μᾶλλον
400 718 488 769 ἐπὶ
519 717 669 770 Θεοῦ.
700 719 869 772 Πολλὰ
893 720 999 788 γάρ
1036 721 1148 770 ἐστι
1173 717 1238 769 τὰ
1262 717 1531 796 κιξιύοντα
1561 701 1741 768 αὑτὸν

170 804 373 875 εὑρεῖν,
402 808 494 860 καὶ
527 808 858 877 πραγμάτων
879 810 1049 879 ὄχλος,
1082 810 1174 862 καὶ
1208 808 1405 878 σαρκὸς
1421 807 1717 861 ἐπαναστά-

173 912 308 959 σεις,
352 899 444 951 καὶ
474 899 745 968 νοσήματα
764 899 966 969 ψυχῶν,
999 899 1091 952 καὶ
1124 898 1385 968 δαιμόνων
1417 897 1713 958 ἐπιϐουλαὶ,

172 986 268 1037 καὶ
318 987 553 1058 ῥᾳθυμία
611 988 848 1058 γνώμης.
915 989 1029 1042 Κᾶν
1062 988 1454 1057 ἀπαλλαγῶμεν
1514 987 1715 1040 τούτων

172 1075 446 1142 ἁπάντων,
483 1082 686 1150 ταχέως
719 1082 878 1135 αὑτὸν
917 1082 1234 1152 εὑρήσομεν,
1271 1081 1362 1133 καὶ
1395 1080 1490 1150 τὴν
1523 1080 1714 1133 κακίαν

170 1165 565 1237 ἀποδυσόμεθα,
617 1174 708 1224 καὶ
759 1172 860 1241 τὴν
898 1173 1092 1243 ἀρετὴν
1122 1172 1380 1242 ἑλώμεθα.
1431 1169 1573 1240 Αὕτη
1609 1169 1713 1239 γάρ

171 1257 320 1310 ἐστιν
351 1259 383 1330 ἡ
426 1262 539 1314 ἐκεῖ
561 1263 792 1334 φέρουσα
829 1263 961 1328 ὁδός.
998 1264 1060 1316 Τί
1087 1259 1177 1316 οῦν
1203 1265 1314 1316 ἐστι
1348 1263 1602 1332 ζήτησις;
1657 1261 1715 1313 τὸ

172 1351 410 1419 συνεχῶς
425 1353 623 1408 ἐκεῖνον
644 1358 838 1409 ἐννοεῖν
866 1358 956 1409 καὶ
988 1349 1305 1424 λογίζεσθαι·
1344 1358 1371 1407 ὁ
1403 1355 1508 1425 γὰρ
1541 1353 1713 1424 ζητῶν

169 1440 262 1494 ἐπὶ
285 1441 516 1508 διανοίας
537 1445 643 1502 ἔγει
667 1447 727 1500 τὺ
753 1447 1088 1509 ζττούαενον.

237 1614 545 1694 Ζητήσατε
583 1619 686 1675 τὸν
721 1623 934 1691 Κύριον)⁸
974 1623 1070 1676 καί
1102 1622 1505 1691 κωταιὼθητε·
1546 1620 1710 1690 ζητή-

165 1715 316 1758 Gate
343 1705 408 1759 τὸ
434 1710 751 1776 πρόσωπον
792 1713 974 1767 αὑτοῦ
1017 1715 1355 1780 διαπαντός.
1391 1715 1455 1767 Τί
1480 1715 1593 1767 ἐστι
1653 1714 1713 1766 τὸ

167 1799 351 1867 ζητεῖν
376 1804 466 1852 τὸν
498 1800 729 1872 Κύριονς
753 1803 812 1856 τὸ
845 1803 912 1857 τά
932 1803 1136 1858 ἐκείνου
1165 1807 1396 1874 φρονεῖν,
1418 1803 1478 1856 τὸ
1502 1805 1587 1856 ἀεὶ
1615 1805 1710 1856 αὑ-

163 1891 259 1943 τὸν
293 1890 613 1959 λογίζεσθαι,
657 1893 719 1945 τὸ
740 1895 824 1948 ἀεὶ
853 1896 910 1948 ὲν
952 1895 1152 1966 διανοίᾳ
1179 1895 1339 1965 ἔχειν,
1363 1893 1421 1946 τὸ
1454 1894 1711 1964 μηδέποτε

167 1977 436 2032 παύεσθαι
469 1980 750 2048 ὁμιλοῦντα
774 1981 918 2051 αὐτῷ
943 1982 1028 2034 διὰ
1053 1981 1150 2050 τῆς
1173 1979 1472 2052 προσευχῆς
1491 1981 1583 2034 καὶ
1609 1979 1713 2033 τῶν

168 2068 389 2135 ἀγαθῶν
421 2069 684 2139 πράξεων.
732 2073 959 2142 Ἀμαχοι
990 2072 1045 2125 δὲ
1079 2074 1127 2124 οἱ
1185 2069 1466 2142 ζητοῦντες
1509 2069 1712 2124 ἔσονται

171 2161 267 2211 καὶ
295 2159 565 2229 ἀήττητοι.
600 2161 961 2231 Παρορμήσας
995 2161 1173 2231 μέντοι
1213 2161 1424 2229 ό,λόγος
1458 2163 1581 2223 τοὺς
1607 2158 1712 2212 τῶν

169 2250 341 2303 ἐθνῶν
373 2254 614 2321 κήρυκας
648 2254 736 2306 ἐπὶ
763 2254 821 2306 τὸ
856 2252 1142 2325 προθύμως
1167 2254 1456 2324 ἐπιζητῆσαι
1491 2252 1578 2304 τὸν
1599 2251 1712 2304 Κύ-

169 2357 307 2410 ριον,
332 2341 409 2394 ἔτι
430 2343 621 2412 μᾶλλον
644 2344 833 2406 αὑτοὺς
845 2331 1200 2416 ἐπιρρώννυσι
1227 2344 1416 2410 λέγων,
1435 2339 1713 2409 Κραταιὼ-

169 2433 332 2496 θητε,
361 2433 620 2496 τουτέστι,
666 2431 757 2504 Μὴ
785 2431 1071 2500 χαυνοῦσθε
1111 2433 1188 2494 είς
1219 2431 1278 2484 τὸ
1327 2432 1506 2499 ζητεῖν
1532 2429 1708 2483 αὐτόν.

168 2519 342 2574 Τοῦτο
391 2521 447 2574 δὲ
485 2526 789 2593 προσφωνεί
833 2524 1031 2584 αὐτοῖς,
1081 2523 1154 2584 ὡς
1189 2520 1456 2591 δεομένοις
1483 2519 1710 2590 κράτους

168 2611 268 2663 καὶ
320 2612 594 2682 δυνάμεως
643 2614 719 2674 εἰς
771 2611 829 2662 τὸ
880 2610 1086 2680 ἰσχῦσαι
1138 2609 1198 2662 τὸ
1254 2608 1710 2680 προστεταγμένον

170 2700 412 2770 ποιῆσαι·
443 2702 578 2772 ὅπερ
607 2697 672 2771 ἦν
699 2701 756 2752 τὸ
792 2699 963 2752 ἔθνεσι
989 2697 1237 2769 κηρύξαι,
1274 2696 1493 2767 Ἕλλησί
1525 2713 1584 2749 τε
1617 2697 1710 2750 καὶ

168 2789 483 2862 βαρϐάροις,
512 2792 649 2845 κατὰ
679 2793 756 2850 τὸ,
795 2793 1002 2857 Κύριος
1016 2790 1187 2842 δώσει
1217 2787 1378 2856 ῥῆμα
1400 2787 1521 2852 τοῖς
1549 2789 1712 2852 εὐαν-

166 2881 558 2948 γελιζομένοις
588 2881 825 2948 δυνάμει
857 2878 1071 2947 πολλῇ.
1112 2879 1378 2933 Διδάσκων
1405 2877 1460 2930 δὲ
1486 2876 1597 2939 πῶς
1633 2876 1712 2928 δεῖ

164 2971 229 3024 τὸ
253 2970 429 3042 ζητεῖν
457 2977 644 3039 ποιεῖν,
668 2974 758 3026 καὶ
793 2973 871 3025 ὅτι
892 2973 988 3042 οὑχ
1019 2971 1164 3035 ama
1198 2970 1229 3040 ἢ
1256 2970 1356 3032 δὶς,
1399 2967 1538 3021 ἀλλὰ
1560 2965 1710 3037 παρὰ

164 3062 346 3116 πάντα
368 3065 457 3116 τὸν
481 3063 591 3132 βίον
615 3063 713 3134 τὴν
738 3061 937 3126 ἄνωθεν
974 3059 1282 3130 ἐπικουρίαν
1320 3059 1578 3129 προσήκει
1610 3057 1707 3125 ζη-

164 3155 279 3204 τεῖν
305 3153 399 3205 καὶ
426 3153 521 3223 τὴν
556 3152 810 3220 ὠφέλειαν
855 3142 1209 3219 καρποῦσθαι,
1237 3149 1497 3219 ἐπήγαγε·
1522 3147 1706 3215 Ζητή-
1731 3176 1774 3235 C

162 3256 315 3296 crate
361 3241 429 3296 τὸ
460 3243 775 3311 πρόσωπον
821 3241 1002 3296 αὐτοῦ
1043 3240 1379 3304 διαπαντός
1413 3238 1472 3291 οὐ
1529 3237 1706 3308 τρίτον

161 3330 258 3384 τοῦ
285 3333 548 3396 ἐνιαυτοῦ,
575 3333 713 3390 κατὰ
746 3332 834 3386 τὸν
863 3331 965 3386 ὑπὸ
995 3331 1265 3395 Μωῦσέως
1295 3329 1509 3383 δοθέντα
1547 3328 1706 3399 νόμον

161 3421 395 3488 ἐνώπιον
423 3423 582 3477 αὑτοῦ
608 3423 930 3492 φαινόμενοι,
951 3421 1081 3475 ἀλλὰ
1106 3421 1252 3491 παρὰ
1273 3420 1445 3474 πάντα
1458 3420 1546 3472 τὸν
1575 3418 1702 3488 βίον.

163 3515 459 3583 Πρόσωπον
485 3515 540 3567 δὲ
557 3512 782 3566 ἐνταῦθα
809 3513 906 3582 τήν
927 3512 1237 3579 ἐπιφάνειαν
1263 3509 1422 3563 αὑτοῦ
1443 3510 1592 3581 φησὶ,
1610 3509 1706 3580 τὴν

161 3599 483 3668 ἐπισκοπὴν,
512 3598 607 3669 τὴν
639 3597 906 3668 πρόνοιαν,
948 3596 1043 3667 τὴν
1073 3597 1408 3668 κηδεμονίαν,
1441 3597 1536 3668 τὴν
1581 3597 1706 3669 βοή-

162 3687 338 3750 θειαν,
364 3685 459 3755 τὴν
483 3686 809 3756 συμμαχίαν,
831 3687 929 3757 τὴν
948 3687 1159 3742 ἔννοιαν
1175 3687 1272 3759 τὴν
1293 3689 1417 3760 περὶ
1436 3687 1611 3740 αὐτόν.
1636 3687 1708 3740 Τὸ

162 3778 272 3847 γὰρ
304 3777 400 3846 τῆς
420 3778 603 3841 οὐσίας
641 3778 921 3848 πρόσωπον
941 3779 1108 3842 οὐδεὶς
1131 3777 1314 3848 ὄψεται
1339 3779 1429 3832 καὶ
1469 3778 1704 3850 ζήσεται.

163 3867 461 3939 Πρόσωπον
489 3868 545 3920 δὲ
572 3867 732 3927 αὑτοῦ
765 3869 858 3922 καὶ
884 3871 913 3922 ὁ
941 3869 1086 3932 Υἱός.
1150 3913 1153 3916 ι

234 3955 549 4024 Μνήσθητε
586 3957 701 4011 τῶν
730 3959 1070 4027 θαυμασίων
1110 3956 1293 4012 αὐτοῦ
1328 3951 1414 4009 ὧν
1440 3956 1703 4025 ἐποίησε,

159 4045 240 4109 τὰ
268 4045 478 4113 τέρατα
503 4049 687 4109 αὑτοῦ
726 4049 823 4105 καὶ
869 4048 941 4101 τὰ
980 4048 1226 4116 κρίματα
1266 4047 1371 4100 τοῦ
1417 4049 1706 4116 στόματος

161 4136 384 4190 αὐτοῦ·
417 4137 523 4189 εἴτε
561 4137 668 4190 τῶν
699 4139 756 4190 ὲν
789 4141 853 4208 τῇ
887 4138 1100 4208 Παλαιᾷ
1125 4138 1334 4208 Γραφῇ,
1363 4137 1470 4190 εἴτε
1506 4137 1611 4190 τῶν
1648 4141 1706 4192 ὲν

161 4227 280 4289 ⁴ςοῖς
319 4225 683 4306 Εὑαγγελίοις.
715 4227 896 4281 Ταῦτα
924 4228 1028 4300 γὰρ
1057 4229 1235 4298 δεήσει
1269 4228 1408 4296 ὑμᾶς
1441 4229 1565 4292 τοὺς
1599 4228 1706 4282 τῶν

161 4315 337 4383 ἐθνῶν
364 4318 604 4388 κήρυκας
641 4320 719 4383 είς
760 4320 933 4373 πάντα
974 4319 1041 4374 τὰ
1079 4319 1205 4389 ἔθνη
1245 4317 1540 4372 διαδοῦναι·
1588 4319 1706 4371 ἐπεὶ

166 4408 246 4489 μὴ
287 4407 544 4478 πρότερον
582 4408 717 4462 αὐτὰ
757 4409 904 4480 παρά
941 4427 1081 4473 τινος
1124 4409 1279 4469 ἄλλον
1313 4409 1700 4480 μεμαθήκασιν.

1815 621 1914 675 bus
1945 619 2196 689 pretiosis
2221 616 2414 686 agitur,
2450 613 2633 684 peritis
2660 621 2742 668 est
2765 627 2920 682 Opus,
2951 613 3075 702 etsi
3105 614 3347 666 urinato-

1814 727 1902 766 res
1934 711 2101 764 multa
2133 709 2357 764 scientia
2388 715 2580 777 egent,
2608 706 2776 759 multo
2799 693 3112 773 magisjcu'm
3143 703 3210 757 de
3237 703 3346 758 Deo

1815 803 2008 873 agitur.
2048 799 2210 854 Multa
2236 799 2378 854 enim
2404 797 2780 866 impedimento
2801 803 2925 850 sunt
2947 794 3232 862 quominus
3258 793 3344 846 in-

1815 871 2083 955 veniatur,
2140 890 2473 960 negotiorum
2529 887 2815 949 tumultus,
2862 883 3041 939 carnis
3087 871 3353 945 insultus,‘

1814 986 2113 1038 animarum
2153 982 2347 1046 morbi,
2393 981 2692 1035 daemonum
2721 978 2948 1042 insidiae,
2979 977 3139 1030 animi
3168 976 3347 1045 segni-

1814 1074 1949 1141 ties;
1974 1075 2020 1129 si
2046 1074 2129 1130 bis
2148 1055 2400 1128 omnibus
2425 1071 2736 1134 liberemur,
2755 1070 3145 1139 quamprimum
3169 1069 3344 1137 ipsum

1813 1165 2167 1230 inveniemus,
2223 1162 2481 1218 malitiam
2517 1175 2797 1231 ponemus,
2838 1167 2892 1213 et
2938 1161 3187 1214 virtutem
3231 1143 3353 1211 am-I

1812 1256 2164 1325 plexabimur.
2201 1253 2323 1308 Haec
2353 1254 2550 1322 quippe
2577 1250 2664 1305 via
2691 1257 2774 1306 est
2802 1251 2892 1305 illo
2934 1250 3177 1304 tendens.
3207 1247 3345 1312 Quid

1811 1360 1939 1415 ergo
1961 1354 2042 1400 est
2097 1345 2189 1397 illa
2240 1329 2551 1412 inquisitio?
2589 1330 2898 1410 frequenter
2935 1339 3083 1393 illum
3110 1337 3346 1407 cogitare

1810 1444 1864 1493 et
1884 1437 2063 1490 animo
2089 1449 2308 1490 versare
2341 1452 2354 1488 :
2387 1446 2512 1486 nam
2555 1431 2647 1501 qui
2679 1431 2889 1500 quaerit,
2940 1431 2995 1484 in
3028 1431 3143 1500 ipsa
3170 1434 3347 1483 mente

1810 1525 1952 1597 quod
1982 1525 2171 1596 quaerit
2211 1524 2388 1578 habet.

1882 1617 2109 1683 Quwrite
2131 1615 2408 1669 Dominum
2423 1625 2470 1667 et
2487 1611 2864 1682 conﬁrmamini
2887 1625 2904 1662 :
2925 1611 3135 1681 quaerite
3158 1609 3346 1678 faciem

1810 1708 1922 1777 ejus
1949 1723 2164 1775 semper.
2196 1703 2335 1771 Quid
2361 1711 2449 1759 est
2482 1703 2763 1759 Dominum
2814 1701 3094 1771 quaerere?
3127 1715 3245 1770 qua:
3279 1700 3343 1753 ad

1812 1799 1960 1852 illum
1981 1796 2246 1866 pertinent
2271 1808 2478 1864 sapere,
2495 1792 2561 1847 de
2582 1792 2672 1846 illo
2695 1795 2905 1860 semper
2933 1789 3189 1859 cogitare,
3220 1804 3340 1844 eum

1811 1890 1866 1942 in
1891 1897 2068 1942 mente
2091 1900 2300 1955 semper
2321 1898 2554 1946 versare,
2585 1896 2855 1952 nunquam
2879 1896 3001 1935 cum
3023 1895 3088 1935 eo
3108 1895 3200 1948 per
3223 1895 3338 1933 ora-

1811 1977 2008 2031 tionem
2030 1984 2083 2030 et
2099 1976 2238 2029 bona
2265 1989 2425 2044 opera
2455 1971 2809 2028 conversandi
2834 1970 2992 2026 linem
3021 1968 3215 2024 facere.
3241 1969 3339 2035 Qui

1811 2074 1987 2120 autem
2041 2065 2214 2133 ipsum
2263 2063 2559 2132 inquirunt,
2600 2061 2782 2115 invicti
2846 2067 2900 2113 et
2952 2058 3340 2127 insuperabile"

1809 2159 1983 2210 orunt.
2020 2153 2153 2207 Cum
2203 2151 2363 2221 igitur
2407 2165 2584 2206 sermo
2633 2150 2868 2219 gentium
2907 2162 3178 2219 praecones
3209 2147 3335 2202 inci-

1809 2251 1976 2298 tasset
2005 2253 2064 2296 ut
2090 2241 2372 2297 Dominum
2409 2242 2659 2310 alacriter
2681 2241 3042 2311 exquirerent,
3068 2253 3212 2292 nunc
3237 2253 3336 2291 ma-

1809 2319 1893 2404 gis
1929 2335 2201 2404 magisque
2231 2333 2508 2388 confirmat
2535 2333 2653 2388 illos
2675 2331 2895 2387 dicens:
2925 2329 3331 2399 Cou/irmams'ni.

1809 2425 1863 2479 id
1895 2432 1996 2487 est,
2018 2423 2096 2478 Ne
2122 2424 2355 2478 molliter
2382 2423 2434 2478 in
2465 2424 2554 2475 illo
2583 2423 2868 2492 quaerendo
2897 2421 3090 2491 agatis.
3127 2418 3215 2474 Sic
3244 2433 3334 2471 au-

1805 2521 1914 2570 tem
1945 2514 2092 2584 ipsos
2122 2514 2432 2584 alloquitur,
2463 2521 2522 2566 ut
2551 2514 2744 2567 robore
2766 2527 2829 2567 ac
2869 2512 3066 2565 virtute
3099 2509 3324 2579 indigen:

1808 2613 1910 2670 tes,
1943 2620 2048 2675 quo
2078 2604 2198 2658 illos
2236 2603 2300 2658 ad
2342 2605 2550 2673 jussum
2604 2601 2964 2672 peragendum
3007 2600 3286 2654 conﬁrmet
3327 2615 3340 2650 :

1806 2705 1923 2752 erat
1946 2710 2106 2767 porro
2133 2692 2285 2760 illud,
2314 2702 2370 2750 ut
2399 2694 2645 2764 gentibus
2668 2693 3038 2762 praedicarent,
3065 2689 3267 2745 Graecis
3288 2699 3344 2744 et

1806 2786 2070 2850 barbaris,
2116 2784 2408 2840 secundum
2446 2783 2577 2838 illud
2611 2799 2625 2834 :
2667 2782 2918 2836 Dominus
2961 2781 3105 2834 dabit
3132 2780 3330 2836 verbun.

1805 2877 2268 2947 euangelizantibus
2286 2877 2471 2930 virtute
2499 2877 2665 2929 multa
2682 2875 2748 2928 “.
2766 2874 3033 2944 Docetque
3056 2888 3163 2943 quo
3180 2881 3340 2943 pacto

1805 2982 2042 3039 quaerere
2070 2967 2218 3020 illum
2255 2974 2518 3037 oporteat,
2565 2976 2616 3023 et
2641 2965 2785 3036 quod
2811 2980 2918 3020 non
2930 2964 3094 3020 semel
3114 2973 3205 3018 aut
3230 2952 3335 3024 bis,

1807 3059 1900 3116 sed
1925 3074 2018 3130 per
2048 3066 2212 3113 totam
2235 3059 2420 3124 vitam,
2450 3073 2743 3129 supernum
2775 3056 3034 3113 auxilium
3056 3054 3316 3126 exquirero

1806 3165 1940 3222 opus
1972 3149 2061 3216 sit,
2119 3158 2279 3220 atque
2319 3150 2446 3206 hinc
2490 3151 2772 3205 utilitatem
2808 3162 3019 3220 capere.
3059 3145 3327 3203 Subsumi»

1805 3240 1995 3297 deinde
2019 3257 2033 3294 :
2058 3239 2287 3306 Quaerite
2320 3241 2504 3309 faciem
2532 3241 2643 3307 ejus
2670 3253 2882 3306 semper.
2903 3237 3019 3294 Non
3053 3251 3135 3293 ter
3163 3237 3217 3291 in
3243 3251 3311 3291 an

1775 3371 1781 3377 .
1805 3345 1896 3396 no,
1919 3336 1977 3384 ut
2005 3330 2060 3384 in
2090 3330 2203 3400 lege
2221 3329 2418 3401 Moysis
2446 3327 2818 3400 ferebatur,_in
2845 3336 3195 3397 conspectum
3219 3326 3337 3398 ejus

1807 3421 2107 3487 venientes,
2149 3419 2242 3475 sed
2268 3436 2362 3491 per
2397 3427 2562 3482 totam
2590 3420 2771 3481 vitam.
2820 3416 3033 3472 Faciem
3077 3433 3208 3472 vero
3252 3417 3340 3472 hic

1804 3520 1958 3567 vocat
1985 3511 2103 3582 ejus
2157 3511 2464 3574 adtentum,
2507 3508 2888 3574 visitationem,
2922 3499 3312 3578 providentiam

1803 3617 2009 3669 curam,
2035 3602 2311 3665 auxilium,
2331 3599 3183 3668 commilitium,benevolentiam.
3205 3596 3329 3651 Nan

1805 3694 2116 3749 substantia:
2136 3694 2254 3764 ejus
2281 3693 2469 3759 faciem
2495 3705 2653 3755 nemo
2679 3690 2880 3746 videbit
2899 3698 2952 3747 et
2975 3689 3133 3746 vivet.
3151 3686 3339 3744 Facies

1803 3785 1930 3840 item
1957 3785 2075 3856 ejus
2100 3793 2182 3842 est
2218 3783 2404 3851 Eilius.

1882 3959 2043 4026 Vens.
2098 3960 2149 4015 5.
2188 3959 2491 4023 Mementote
2526 3957 2845 4013 mirabilt'um
2889 3961 3000 4031 ejus
3046 3975 3160 4030 qua:
3198 3959 3337 4028 fecit,

1802 4051 2037 4122 prodigia
2080 4052 2191 4121 ejus
2232 4059 2281 4106 et
2318 4049 2522 4120 judicia
2551 4051 2657 4104 oris
2703 4049 2992 4113 eius;sive
3012 4050 3098 4104 illa
3133 4063 3252 4118 qua“:
3283 4047 3337 4101 in

1805 4141 1981 4197 Veteri
2017 4142 2316 4216 Scriptura,
2341 4143 2568 4210 siveilla
2585 4157 2702 4214 qua:
2721 4144 2776 4197 in
2807 4140 3109 4210 Evangeliis
3139 4153 3340 4193 memo-

1753 4273 1761 4285 -
1802 4242 2010 4297 tantur.
2049 4231 2174 4296 Haec
2190 4234 2333 4298 enim
2355 4249 2492 4308 opus
2519 4235 2622 4290 erit
2662 4248 2758 4289 vos
2796 4231 3033 4303 gentium
3067 4243 3340 4300 praecones

1804 4323 2054 4380 omnibus
2101 4325 2347 4394 gentibus
2391 4325 2634 4391 tradere;
2667 4322 2881 4393 quando
2930 4320 3036 4381 illa:
3079 4335 3141 4375 ea
3179 4333 3210 4371 a
3245 4333 3341 4372 ne-

1804 4416 1947 4471 mine
1993 4418 2218 4472 antebac
2253 4419 2605 4475 edidicerunt.
2660 4415 2997 4484 Quaecunque
3048 4412 3208 4483 igitur
3245 4410 3340 4467 Dei

163 4498 312 4551 Ὅσα
339 4499 513 4562 τοίνυν
554 4498 970 4585 ὲνανθρωπήσας
994 4502 1021 4555 ὀ
1051 4501 1216 4570 Λόγος
1251 4500 1567 4571 διεπράξατο
1597 4502 1705 4562 τοῖς

1805 4501 2038 4560 Verbum
2055 4505 2388 4570 incarnatum
2405 4505 2626 4575 peregit,
2644 4519 2764 4558 cum
2777 4503 3009 4573 antiquis
3030 4501 3337 4571 conjuncta,

160 4587 418 4662 παλαιοῖς
465 4589 596 4657 ὁμοῦ
650 4589 1005 4659 συνάψαντες,
1062 4591 1329 4662 μνήσθητε
1379 4588 1705 4660 παραδοῦναι

158 4679 281 4739 τοῖς
325 4677 547 4732 ἔθνεσιν.
590 4680 864 4738 Ἐνταῦθά-
893 4700 980 4755 μοι
1005 4683 1148 4734 δοκεῖ
1170 4682 1264 4754 τὴν
1293 4682 1406 4734 ὁδὸν
1441 4681 1705 4745 δεικνύναι

161 4767 234 4826 δι’
267 4759 335 4836 ἧς
363 4766 578 4821 δυνατὸν
602 4771 695 4833 καὶ
727 4769 902 4840 ζητεῖν
927 4773 1018 4826 ml.
1047 4774 1220 4844 εὑρεῖν
1250 4773 1338 4825 τὸν
1367 4771 1514 4826 Θεόν.
1539 4771 1633 4834 Τίς
1650 4771 1706 4829 δὲ

166 4860 200 4928 ἡ
230 4857 375 4923 ὁδός;
397 4859 458 4910 τὸ
481 4859 736 4929 διηνεκῶς
767 4862 856 4914 ἐπὶ
881 4864 1096 4935 μνήμης
1122 4866 1300 4936 φέρειν
1324 4863 1392 4915 τὰ
1432 4864 1706 4934 παράδοξα

171 4949 333 5006 αὑτοῦ
376 4949 528 5020 ἔργα,
569 4950 660 5002 καὶ
705 4951 827 5013 τοὺς
860 4951 1050 5020 νόμους
1094 4954 1185 5007 καὶ
1232 4955 1326 5017 τὰς
1353 4954 1594 5018 ἐντολάςο
1628 4956 1705 5009 διὸ

185 5041 382 5108 πάγει,
418 5041 490 5094 Τὰ
514 5039 720 5108 τέρατα
748 5041 930 5094 αὐτοῦ
956 5043 1053 5095 καί
1077 5043 1148 5096 τὰ
1174 5044 1421 5113 κρίματα
1443 5045 1546 5098 τοῦ
1569 5048 1706 5100 στό-

165 5145 351 5195 .tatqc
390 5130 602 5184 αὐτοῦ·
650 5131 842 5207 τέρατα
889 5133 984 5202 μὲν
1026 5131 1124 5196 τὰς
1166 5133 1483 5205 θεοσημείας
1515 5135 1703 5203 λέγων,

189 5218 484 5290 ,ρίματαδὲ
522 5221 620 5285 τὰς
657 5221 972 5291 ἀποφάσεις,
1003 5223 1100 5286 τὰς
1152 5223 1385 5288 ἐντολὰς,
1413 5224 1446 5295 ἢ
1479 5223 1546 5278 τὰ
1574 5226 1705 5279 ὲνδί-

184 5323 284 5369 ιως
317 5308 410 5360 καὶ
447 5310 619 5380 κρίσει
662 5311 840 5383 δικαίᾳ
895 5313 998 5366 ὑπὸ
1047 5311 1140 5366 τοῦ
1188 5311 1319 5366 Θεοῦ
1372 5314 1704 5386 γεγενημένα

173 5393 441 5464 ιαὺματα.
469 5400 602 5452 Ποῖα
622 5399 677 5453 δὲ
705 5399 922 5470 τέρατα,
952 5401 1071 5456 εἰπέ
1096 5419 1212 5473 μοι;
1236 5401 1313 5455 Τὰ
1333 5405 1390 5455 ὲν
1429 5391 1700 5474 Αίγύπτῳ,

167 5486 235 5540 τὰ
288 5484 423 5555 μετὰ
456 5489 552 5559 τὴν
601 5492 886 5558 Αἴγυπτον,
923 5493 991 5546 τὰ
1039 5494 1144 5564 πρὸ
1185 5494 1279 5566 τῆς
1323 5494 1611 5563 Αἰγύπτου,
1637 5496 1705 5548 τὰ

166 5574 313 5648 μετὰ
342 5575 440 5647 τὴν
479 5580 774 5649 παρουσίαν
811 5583 903 5653 τήν
950 5585 1127 5641 αὑτοῦ.
1166 5586 1346 5641 Πάντα
1389 5586 1495 5657 γὰρ
1534 5586 1704 5642 ταῦτα.

238 5755 290 5799 ιδ
328 5755 464 5822 Psal.
501 5775 668 5824 vau,
704 5763 782 5817 12.

1804 4597 2051 4667 gentibus
2069 4598 2280 4656 tradere
2303 4596 2668 4651 memineritis.
2686 4594 2784 4649 Hic
2804 4594 3012 4650 videtur
3037 4593 3169 4646 mihi
3196 4592 3340 4645 viam

1803 4683 2085 4739 ostendere
2113 4699 2217 4753 qua
2248 4684 2516 4752 possimus
2548 4683 2716 4737 Deum
2745 4697 2983 4753 quaerere
3003 4691 3055 4736 et
3077 4681 3334 4736 invenire.

1804 4773 2053 4845 Quaenam
2073 4758 2173 4827 ιιιεί-
2185 4773 2307 4826 via?
2332 4772 2594 4843 Perpetuo
2616 4773 2672 4827 in
2700 4774 2975 4836 memoria.
2996 4773 3208 4833 volvere
3230 4769 3334 4823 mi-

1803 4868 1991 4922 rabilia
2038 4866 2155 4935 ejus
2200 4880 2361 4934 Opera
2386 4906 2400 4931 ,
2435 4867 2578 4938 leges
2603 4850 2665 4922 et
2685 4874 2947 4938 praecepta
2974 4882 2985 4916 :
3016 4877 3181 4934 quare
3207 4861 3326 4917 sub-

1803 4957 1902 5020 dit.
1933 4955 2181 5024 Prodigia
2202 4954 2315 5023 ejus
2344 4964 2389 5008 et
2412 4957 2606 5017 iudicia
2634 4959 2739 5012 oris
2778 4957 2910 5026 ejus.
2944 4953 3192 5023 Prodigia
3226 4952 3332 5022 qui-

1804 5047 1924 5109 dem
1961 5046 2141 5101 divina
2193 5046 2344 5116 signa
2395 5047 2609 5114 dicens;
2636 5048 2836 5117 judicia
2865 5060 3012 5106 vero,
3040 5043 3252 5099 decreta
3285 5055 3338 5099 et

1803 5149 2084 5207 praecepta,
2109 5137 2220 5192 sive
2248 5153 2332 5203 ea,
2374 5154 2492 5208 quae
2519 5138 2586 5192 ad
2615 5140 2868 5194 ultionem
2898 5138 3046 5205 justo
3082 5136 3285 5206 judicio
3307 5149 3336 5186 ει

1803 5229 1910 5283 Deo
1937 5235 2140 5296 patrata
2164 5235 2309 5290 sunt,
2335 5229 2614 5284 mirabilia.
2637 5231 2762 5294 Quae
2778 5226 3041 5296 prodigia,
3067 5227 3156 5280 dic
3173 5225 3337 5277 mihi?

1802 5319 1929 5384 Quae
1979 5319 2030 5371 in
2061 5318 2309 5390 Egypto,
2347 5335 2466 5389 quae
2517 5327 2641 5374 ante
2685 5328 2738 5372 et
2773 5326 2893 5386 post
2937 5317 3232 5386 profectum
3282 5315 3335 5369 in

1804 5410 2111 5480 Egyptum,
2145 5427 2262 5482 qua:
2304 5419 2432 5481 post
2481 5412 2763 5466 adventum
2805 5411 2943 5479 ejus.
2978 5410 3101 5463 Haec
3140 5408 3335 5476 quippe

1803 5501 1980 5557 omnia
2007 5503 2318 5557 admiranda
2349 5511 2401 5557 et
2433 5504 2693 5572 stupenda
2719 5517 2881 5571 opera
2912 5507 3058 5562 sunt,
3082 5514 3200 5569 quae
3239 5499 3333 5551 liu-

1802 5590 2019 5650 manum
2080 5601 2293 5664 captum
2346 5585 2618 5664 superant.
2680 5592 2803 5648 Sive
2824 5591 3064 5662 prodigia
3097 5588 3356 5660 quidem,‘
