3994 6354
141 443 316 522 πω

1271 458 1760 518 (ΖΟΜΜΕΝΤΑΒΙΑ
1789 463 1857 520 IN
1879 451 2204 522 Ps'ALuos.

3170 471 3306 527 1506

164 581 246 645 τῷ
279 579 532 648 Ἀϐραὰμ,
565 580 656 633 καί
685 579 786 632 τοῦ
822 579 994 647 ὅρκου
1013 578 1192 632 αυτοῦ
1223 578 1301 643 τῷ
1331 579 1522 633 Ἰσαάκ
1545 599 1558 611 ο
1591 582 1686 634 καί

1795 582 2036 650 disposuit
2066 583 2132 636 ad
2160 582 2440 646 Abraham,
2467 591 2515 636 et
2534 583 2819 650 juramenti
2854 584 2935 635 sui
2965 582 3030 634 ad
3059 582 3231 645 Isaac.
3255 594 3304 637 et

145 672 428 737 ’ἔστησεν
450 669 630 722 αὐτὸν
653 668 728 733 τῷ
766 668 956 722 Ἰακὼό
985 670 1069 732 είς
1102 671 1459 738 πρόσταγμα,
1492 672 1586 724 καὶ
1617 671 1694 736 τῷ

176 760 414 827 Ἰσραὴλ
441 762 524 824 εἰς
550 757 830 824 διαθήκην
855 757 1085 810 αἰώνιον
1103 797 1118 822 ,
1152 757 1370 828 λέγων
1401 760 1498 813 Σοὶ
1528 759 1694 814 δώσω

168 853 284 919 τὴν
309 851 426 921 τῆν
455 849 708 913 Χαναὰν,
744 850 1063 916 σχοίνισμα
1092 851 1483 918 κληρονομίας
1510 849 1690 920 ὑμῶν.

177 945 282 996 Ἐν
303 941 383 1007 τῷ
408 939 556 996 εἶναι
578 940 791 1004 αὐτοὺς
817 939 1032 1007 ἀριθμῷ
1067 941 1331 1008 βραχεῖς,
1352 941 1696 1010 ὀλιγοστοὺς

166 1033 266 1085 καὶ
311 1033 625 1101 παροίκους
657 1031 724 1084 ἐν
762 1029 928 1098 αὐτῇ.
972 1031 1082 1083 Kal
1106 1029 1350 1098 διῆλθον
1385 1031 1452 1095 ἐξ
1487 1033 1696 1100 ἔθνους

165 1126 256 1187 εἰς
296 1124 498 1187 ἔθνος,
538 1120 634 1175 καὶ
680 1121 745 1172 ἐκ
787 1121 1102 1185 ,βασιλείας
1153 1122 1238 1184 εἰς
1282 1120 1432 1173 λαὸν
1473 1119 1691 1186 ἕτερον.

163 1215 286 1265 Οὐκ
308 1211 536 1279 ἀφῆκεν
555 1209 856 1278 ἄνθρωπον
877 1210 1150 1276 ἀδικῆσαι
1168 1211 1402 1274 αὐτοὺς,
1417 1206 1512 1264 καί
1529 1210 1696 1280 ἤλεγω

166 1303 275 1366 ξεν
301 1303 450 1369 ὑπὲρ
476 1303 668 1356 αὐτῶν
701 1301 993 1367 βασιλεῖς.
1022 1301 1117 1367 Μὴ
1163 1300 1415 1355 ἅπτεσθε
1443 1300 1559 1354 τῶν
1583 1318 1698 1367 χρι-

167 1393 332 1444 στῶν
356 1410 493 1460 μου,
528 1393 623 1445 καὶ
657 1392 724 1444 ἐν
755 1392 874 1456 τοῖς
903 1390 1224 1458 προφήταις
1260 1407 1375 1457 μου
1401 1389 1484 1456 μὴ
1517 1401 1698 1455 πονη-

163 1483 436 1549 ρεύεσθε.
481 1483 801 1551 Ἐπιστήσας
849 1479 1082 1550 ἀκριϐῶς
1125 1479 1206 1541 τίς
1257 1475 1324 1547 ἦν
1378 1481 1405 1530 ὁ
1447 1477 1598 1544 λόγος
1639 1478 1696 1530 ὃν

167 1572 466 1624 ἐνετείλατο
507 1573 585 1634 εἰς
623 1570 817 1632 πολλὰς
859 1569 1043 1636 γενεὰς
1074 1564 1458 1634 ἐξικνούμενον,
1502 1566 1560 1617 οὐ
1593 1565 1697 1634 γὰρ

167 1662 307 1716 ἐτῶν
360 1661 606 1732 ἀριθμὸν,
657 1660 788 1714 ἀλλὰ
817 1659 878 1712 τὺ
906 1658 1142 1726 διηνεκὲς
1179 1656 1462 1708 αἰνίττεται
1513 1655 1601 1707 καί
1639 1654 1699 1706 τὸ

168 1750 391 1821 πλῆθος,
425 1751 499 1812 ὡς
523 1749 584 1803 τὸ
622 1750 860 1813 ἑπτάκις,
896 1747 1092 1813 Στεῖρα
1124 1746 1327 1798 ἔτεκεν
1351 1745 1516 1808 ἑπτὰ,
1547 1751 1708 1798 τουτ-’

169 1842 287 1895 ἐστι
333 1841 518 1904 πολλὰ,
553 1843 665 1906 καὶ,
699 1839 959 1902 Ἑπτάκις
996 1836 1254 1890 πεσεῖται
1279 1840 1312 1890 ὁ
1337 1837 1574 1900 δίκαιος,
1603 1835 1698 1888 καὶ

169 1930 600 1996 ἀναστήσεταιο
625 1931 870 1999 εὑρήσεις
895 1929 1049 1981 αὑτὸν
1077 1927 1353 1997 εἰρημένον
1384 1926 1548 1988 οὕτως
1569 1927 1701 1997 πρὸς

181 2021 451 2092 Ἀϐραὰμ,
473 2021 580 2075 Kal
603 2018 1168 2087 ἐνευλοτηθήσονται
1193 2017 1262 2070 ἐν
1295 2016 1392 2070 σοί
1416 2015 1604 2070 πάντα
1629 2019 1701 2070 τὰ

167 2113 318 2178 ἔθνη
370 2111 477 2178 τῆς
520 2109 646 2179 τῆς.
700 2109 824 2172 Καὶ,
875 2106 1466 2175 Ἐνευλογηθήσονται
1511 2107 1579 2160 ἐν
1622 2105 1701 2171 τῷ

170 2199 466 2268 σπέρματι
499 2215 610 2252 σου
641 2198 824 2252 πᾶσαι
860 2199 918 2250 αἱ
938 2197 1117 2264 φυλαὶ
1144 2195 1251 2264 τῆς
1279 2196 1408 2264 τῆς,
1429 2193 1524 2249 καί
1551 2197 1699 2261 πλη-

172 2292 371 2344 θύνων
397 2289 674 2357 πληθυνῶ
704 2288 766 2342 τὸ
800 2290 1030 2357 σπέρμα
1064 2305 1196 2343 σου.
1234 2288 1424 2358 Εὖροις
1456 2287 1500 2340 δ’
1537 2287 1601 2339 ἂν
1634 2284 1702 2338 τὰ

171 2376 526 2447 παραπλήσια
573 2375 765 2446 καὶτῷ
812 2377 986 2428 Ἰσαὰκ
1026 2373 1402 2446 ἐπηγγελμένα
1446 2371 1538 2424 καὶ
1578 2372 1702 2440 ὀμο-

173 2468 371 2521 σθέντα
414 2467 536 2538 περί
578 2484 636 2520 τε
684 2467 781 2537 τῆς
829 2467 930 2536 γῆς
985 2467 1076 2518 καὶ
1117 2464 1205 2516 τοῦ
1260 2459 1567 2532 πληθυσμοῦ,
1609 2460 1700 2514 τοῦ

173 2557 503 2628 σπέρματος.
553 2555 734 2609 Ταῦτα
771 2556 826 2610 δὲ
866 2554 1002 2625 μετὰ
1055 2553 1302 2613 πλείστας
1347 2552 1471 2615 ὅσας
1515 2550 1702 2619 γενεὰς

172 2646 472 2717 ἐπληροῦτο
494 2645 578 2698 διὰ
611 2646 706 2716 τῆς
736 2644 1047 2713 ἐπιφανείας
1077 2642 1305 2712 Χριστοῦ
1331 2641 1423 2695 τοῦ
1446 2643 1509 2694 ἐκ
1541 2641 1704 2712 σπέρ-

177 2753 346 2806 ματος
384 2735 644 2804 Ἀϐραὰμ,
672 2735 953 2802 γενομένου
977 2734 1219 2803 Σωτῆρος
1248 2732 1418 2803 ήμῶν.
1449 2732 1624 2786 Εἰσέτι
1644 2748 1700 2784 τε

173 2826 271 2880 νῦν
298 2826 506 2896 ἐνεργεῖ
533 2826 622 2877 καὶ
653 2825 888 2894 διαμένει
926 2826 958 2892 ἠ
989 2824 1298 2891 ἐπαγγελία,
1339 2823 1522 2894 μέχρις
1547 2817 1606 2874 οὗ
1644 2820 1703 2875 τὺ

173 2916 448 2985 πλήρωμα
474 2914 576 2967 τῶν
602 2913 763 2967 ἐθνῶν
785 2913 1010 2985 εἰσέλθῃ.
1039 2909 1198 2978 Οὗτος
1223 2909 1314 2966 οὖν
1341 2913 1472 2983 μετὰ
1500 2911 1703 2982 μακρὸν

173 3005 366 3065 αἰῶνα,
397 3006 487 3057 καὶ
519 3004 652 3074 μετὰ
695 3003 942 3067 πλείστας
986 3004 1183 3073 σφόδρα
1218 3003 1425 3070 γενεὰς,
1459 3000 1554 3064 τὰς
1595 3002 1701 3070 γὰρ

173 3094 414 3162 χιλιάδας
453 3095 570 3147 ἀντὶ
606 3093 712 3155 τῶν
763 3093 984 3162 πολλιίιν,
1012 3092 1325 3162 παρείληφε,
1376 3091 1468 3144 καὶ
1504 3090 1702 3152 ταύτας

173 3187 414 3258 ἐπλήρου
462 3187 559 3250 τὰς
611 3186 742 3266 πρὸς
794 3187 917 3249 τοὺς
964 3185 1297 3255 πατριάρχας
1357 3181 1698 3251 ἐπαγγελίας,

1789 676 1971 729 statuit
2008 675 2137 728 illud
2165 673 2324 728 Jacob
2351 676 2403 726 in
2440 683 2764 741 praereptum,
2791 681 2838 726 et
2867 669 3046 746 Isaia},
3069 675 3122 726 in
3151 683 3306 727 testa-

1790 774 2014 820 mentum
2051 774 2315 826 wternum,
2361 765 2530 818 dicens
2570 779 2586 815 :
2621 763 2736 816 Tibi
2779 762 3128 840 dabo‘prram
3165 763 3304 816 Cha-

1790 873 1948 919 naan,
1979 855 2266 923 funiculum
2297 855 2605 908 hwreditatis
2635 866 2828 907 vestrm.
2863 852 2990 907 Cum
3019 863 3182 906 essent
3211 871 3307 909 nu-

1791 965 1930 1002 mero
1957 947 2113 1009 brevi,
2151 946 2447 1015 paucissimi
2469 954 2516 998 et
2542 945 2722 998 incolte
2749 945 2801 996 in
2837 960 2919 998 ea.
2945 942 3009 994 Et
3035 953 3303 1010 pertrans-

1790 1041 1958 1092 ierunt
1990 1038 2302 1116 degentein
2341 1045 2554 1104 gentem,
2599 1044 2647 1088 et
2674 1036 2735 1087 de
2768 1051 2919 1102 regno
2957 1032 3022 1084 ad
3065 1032 3307 1100 populum

1793 1129 2029 1182 alterum.
2064 1125 2184 1180 Non
2213 1126 2414 1195 reliquit
2446 1125 2698 1179 hominem
2734 1141 2910 1178 nocere
2942 1126 3036 1187 eis,
3073 1134 3118 1177 et
3148 1125 3307 1175 corri-

1790 1219 1898 1285 puit
1926 1234 2019 1286 pro
2053 1220 2126 1272 eis
2180 1234 2336 1286 reges.
2382 1216 2558 1270 Nolite
2596 1225 2796 1284 tangere
2831 1215 3047 1268 christos
3077 1231 3230 1277 meos,
3261 1223 3309 1265 et

1791 1310 1846 1361 in
1874 1309 2126 1376 prophetis
2151 1308 2272 1360 meis
2308 1307 2461 1361 nolite
2496 1307 2790 1376 malignari.
2829 1305 2884 1358 Si
2914 1315 3156 1358 accurate
3193 1321 3310 1373 per-

1793 1401 1993 1466 pendas
2031 1397 2173 1466 quod
2224 1397 2352 1450 illud
2385 1398 2597 1451 verbum
2628 1396 2803 1460 fuerit,
2839 1396 2981 1465 quod
3021 1395 3308 1456 mandavit,

1795 1487 1849 1540 in
1899 1487 2096 1540 multas
2123 1487 2490 1555 generationes
2523 1487 2818 1555 pervadens
2855 1504 2866 1539 :
2899 1500 3005 1538 non
3035 1486 3175 1538 enim
3209 1500 3309 1536 nu-

1753 1613 1756 1616 ι
1794 1592 1997 1630 mentm
2050 1590 2330 1639 annorum,
2378 1577 2469 1630 sed
2517 1586 2827 1645 perpetuum
2869 1575 3170 1630 subindicat
3216 1589 3312 1626 nu-

1795 1684 1972 1723 merus
2002 1667 2326 1737 hujusmodi,
2361 1675 2419 1721 ut
2444 1683 2494 1720 ν.
2519 1681 2570 1736 g.
2613 1667 2843 1734 septies,
2887 1663 3090 1718 Sterilis
3125 1666 3314 1732 peperit

1795 1767 1981 1824 septem
2003 1757 2069 1820 “,
2096 1757 2146 1811 id
2185 1764 2266 1812 est
2295 1756 2623 1821 multos;,et,
2659 1754 2854 1824 Septies
2882 1753 3027 1807 cadet
3041 1752 3217 1820 justus
3266 1760 3314 1804 et

1797 1857 2023 1918 resurget
2050 1849 2122 1913 ";
2152 1848 2251 1900 hac
2276 1848 2477 1900 ratione
2502 1845 2630 1899 illud
2660 1845 2885 1899 Abraha:
2934 1843 3135 1898 dictum
3163 1856 3311 1895 com-

1799 1937 1992 2005 peries,
2025 1935 2088 1988 Et
2114 1935 2532 1990 benedicenturin
2567 1943 2612 1987 te
2648 1950 2819 1987 omnes
2860 1942 3027 2002 gentes
3068 1941 3216 1984 terra:
3248 1931 3312 1981 ⁸³.

1798 2025 1883 2090 Ει,
1912 2025 2281 2080 Benedicentur
2315 2026 2366 2077 in
2397 2025 2584 2077 semine
2629 2032 2715 2075 tuo
2742 2038 2911 2076 omnes
2941 2021 3099 2073 tribus
3145 2029 3312 2073 terra'.

1798 2115 1868 2168 Et
1890 2113 2235 2181 multiplicans
2265 2111 2614 2180 multiplicabo
2643 2126 2811 2164 semen
2840 2119 2982 2161 tuum
3015 2107 3078 2160 ⁸⁸.
3110 2106 3314 2160 Similia

1798 2203 1923 2258 item
1954 2201 2136 2257 lsaaco
2167 2199 2428 2271 promissa
2472 2199 2709 2268 reperias
2743 2195 3088 2267 jurejurando
3119 2193 3315 2248 conﬁr-

1797 2302 1957 2357 mata,
1984 2300 2091 2346 tam
2121 2293 2186 2346 de
2214 2299 2377 2354 terra,
2399 2304 2556 2358 quam
2587 2289 2652 2343 de
2686 2287 3121 2355 multiplicatione
3154 2283 3316 2337 semi-

1799 2384 1903 2438 nis.
1935 2381 2048 2436 Hoc
2073 2396 2235 2452 porro
2278 2388 2396 2450 post
2435 2380 2690 2450 plurimas
2737 2376 3102 2449 generationes
3130 2373 3314 2442 imple-

1797 2483 1912 2527 tum
1931 2479 2014 2528 est
2030 2473 2084 2526 in
2107 2472 2333 2526 adventu
2345 2470 2544 2525 Christi
2558 2485 2619 2524 ex
2632 2469 2834 2524 semine
2850 2468 3073 2534 Abrahae
3083 2464 3311 2520 oriundi.

1797 2563 1864 2616 Et
1882 2563 1946 2618 ad
1983 2563 2084 2616 hoc
2103 2576 2271 2630 usque
2306 2569 2514 2630 tempus
2537 2559 2677 2629 viget
2696 2551 2758 2612 "et
2790 2562 3063 2626 permanet
3089 2554 3315 2624 promis—-

1797 2653 1898 2715 sio,
1930 2651 2100 2706 donec
2141 2647 2412 2718 plenitudo
2453 2651 2686 2717 gentium
2725 2646 2963 2715 ingressa
3010 2643 3185 2696 fuerit.
3218 2640 3316 2694 Hie

1801 2743 1976 2811 itaque
2002 2741 2308 2795 diuturnum
2338 2745 2454 2808 post
2500 2752 2692 2800 aevum,
2749 2742 2801 2790 et
2833 2743 2951 2804 post
2993 2734 3186 2787 multas
3216 2747 3314 2785 ex-

1799 2837 1947 2884 actas
1974 2827 2362 2899 generationes,
2393 2840 2515 2880 nam
2548 2825 2635 2880 hic
2660 2825 2903 2879 millenas
2942 2837 3037 2892 pro
3072 2819 3314 2890 plurimis

1797 2919 2018 2988 accepit,
2065 2918 2182 2973 illas
2231 2918 2548 2986 patriarcbis
2599 2917 2751 2972 datas
2793 2914 3174 2986 promissiones
3221 2925 3316 2981 per

1799 3004 2122 3060 Salvatorem
2153 3011 2394 3078 nostrum
2421 3002 2623 3071 Jesum,
2653 3019 2713 3058 ac
2750 3018 2841 3073 per
2872 3002 2988 3072 ejus
3016 2999 3312 3053 doctrinam

1797 3092 2049 3163 implevit,
2080 3092 2328 3148 omnibus
2365 3093 2610 3164 gentibus
2646 3092 2871 3148 Abraba:
2913 3088 3313 3162 promissionem

1798 3184 2121 3253 impertiens.

173 3274 262 3328 διὰ
293 3276 387 3330 τοῦ
419 3277 663 3346 Σωτῆρος
699 3276 851 3347 ἡμῶν
901 3275 1068 3348 Ἰησοῦ
1109 3277 1200 3328 καὶ
1248 3274 1335 3329 διὰ
1386 3276 1481 3344 τῆς
1529 3272 1687 3326 αὑτοῦ
1737 3273 2070 3337 διδασκαλίας
2111 3274 2242 3327 πᾶσι
2281 3275 2391 3335 τοῖς
2422 3272 2592 3324 ἔθνεσι
2622 3271 2717 3341 τὴν
2755 3271 2845 3324 τοῦ
2895 3271 3132 3340 Ἀϐραὰμ
3173 3268 3315 3321 e610-

173 3364 299 3432 τίαν
324 3366 702 3435 δεδωρημένος.

246 3483 360 3537 Kal
384 3483 630 3536 ἐκάλεσε
658 3479 831 3548 λιμὸν
852 3479 947 3531 ἐπὶ
977 3478 1087 3545 τὴν
1104 3477 1242 3544 τῆν,
1275 3475 1393 3529 πᾶν
1419 3475 1698 3543 στήριγμα

1865 3467 2027 3524 Vens.
2064 3467 2148 3521 16.
2184 3466 2251 3520 Et
2285 3467 2479 3521 vocavit
2511 3465 2700 3533 famem
2737 3478 2888 3530 super
2918 3475 3128 3531 terram,
3169 3484 3316 3524 omne

175 3575 357 3642 ἄρτου
391 3571 760 3637 συνέτριψεν.
799 3569 886 3619 Ἐν
918 3567 1120 3627 τούτοις
1152 3567 1178 3617 ὁ
1205 3565 1354 3632 λόγος
1379 3564 1470 3616 καί⁵
1501 3563 1622 3617 ἄλλο
1651 3581 1700 3616 τι

173 3663 399 3733 λεληθὸς
435 3662 556 3722 τοὺς
600 3659 818 3720 πολλοὺς
844 3657 1093 3712 διδάσκει.
1129 3656 1235 3726 Τὴν
1276 3655 1378 3724 γὰρ
1416 3654 1587 3706 αἰτίαν
1609 3653 1700 3705 τοῦ

175 3752 439 3824 κληθῆναι
471 3750 621 3818 δίκην
646 3748 880 3817 ἐμψύχου
911 3745 1042 3810 ζὼου
1069 3746 1156 3797 τὸν
1178 3744 1330 3813 λιμὸν
1353 3743 1441 3795 ἐπὶ
1458 3743 1551 3812 τὴν
1579 3744 1700 3813 γῆν,

173 3841 320 3908 λέγω
340 3839 403 3908 δὴ
432 3837 526 3908 τὴν
549 3835 889 3905 ἐνεργητικὴν
917 3833 1134 3901 δύναμιν
1163 3828 1253 3884 τοῦ
1284 3829 1457 3898 λιμοῦ,
1495 3828 1699 3882 καὶτοῦ

176 3929 522 3998 συντριϐῆναι
563 3929 668 3978 πᾶν
710 3925 979 3994 στήριγμα
1019 3920 1201 3989 ἄρτου,
1233 3919 1566 3990 παρίστησιν,
1619 3919 1702 3970 ἵνα

174 4020 272 4070 καὶ
304 4019 475 4084 φανιεί
511 4031 611 4066 που
644 4012 799 4082 ἄρτος
830 4011 901 4079 μὴ
936 4007 1169 4077 στηρίζοι
1200 4009 1322 4068 τοὺς
1359 4005 1700 4075 ἐμπιπλαμέ-

173 4123 301 4167 νους
334 4105 390 4168 ἐξ
437 4102 618 4164 αὐτοῦ,
651 4100 789 4153 κατὰ
824 4100 903 4161 τὸ,
942 4099 1138 4164 Ἀρτος
1169 4093 1702 4162 στηρίζειικαρδίαν

173 4193 505 4260 ἀνθρώπου.
531 4189 694 4256 Τοῦτο
730 4189 833 4257 γάρ
864 4189 1005 4239 ἐστιν
1032 4186 1060 4237 ὃ
1091 4186 1313 4254 μάλιστα
1339 4183 1615 4251 συμϐαίνει
1643 4184 1699 4236 ἐν

171 4289 285 4347 τοῖς
319 4283 508 4352 λιμοτς,
539 4281 655 4333 κατ’
689 4279 850 4350 ὀργὴν
875 4276 1004 4330 Θεοῦ
1027 4276 1353 4344 γιγνόμενον,
1377 4274 1435 4325 τὸ
1459 4273 1548 4326 καὶ
1579 4275 1701 4336 τοὺς

173 4371 450 4435 ἐσθίοντας
479 4370 550 4441 μὴ
578 4369 909 4440 στηρίζεσθαι
1185 4388 1188 4391 ·

256 4461 622 4516 Ἀπέστειλεν
665 4459 992 4527 ἔμπροσθεν
1034 4454 1226 4508 αὐτῶν
1266 4454 1584 4521 ἄνθρωπον,
1616 4456 1700 4518 εἰς

170 4554 399 4607 δοῦλον
434 4551 651 4620 ἐπράθη
689 4549 912 4616 Ἰωσήφ.
947 4549 1374 4601 Ἐταπείνωσαν
1408 4545 1474 4596 ἐν
1500 4543 1704 4608 πέδαις

171 4647 320 4711 τοὺς
350 4647 538 4710 πόδας
567 4645 764 4707 αὐτοῦ,
800 4643 1044 4710 σίδηρον
1075 4644 1312 4711 διῆλθεν
1350 4642 1388 4707 ’ὴ
1413 4639 1576 4708 ψυχὴ
1604 4642 1700 4692 αὺ-

175 4736 302 4798 τοῦ,
343 4735 515 4802 μέχρι
557 4735 660 4788 τοῦ
704 4734 896 4788 ἐλθεῖν
933 4736 1035 4787 τὸν
1063 4737 1242 4802 λόγυν
1273 4731 1472 4784 αὐτοῦ.
1521 4730 1699 4782 Πάντα

171 4821 345 4874 ταῦτα
392 4816 643 4889 ὑπέμεινε
685 4823 842 4891 μέχρι
882 4821 972 4872 τοῦ
1017 4819 1182 4871 ἐλθεῖν
1219 4820 1305 4870 τὸν
1335 4817 1484 4884 λόγον
1517 4816 1696 4880 αὐτοῦ,

171 4911 229 4962 δν
276 4910 370 4962 ἐπὶ
408 4910 515 4970 τοῖς
554 4909 810 4977 δράμασιν
856 4907 972 4960 ἰδὼν
997 4909 1171 4970 ἐξεῖπε
1214 4906 1290 4975 τῷ
1326 4904 1507 4958 ἐαυτοῦ
1538 4908 1699 4975 πατρὶ

173 5001 266 5052 καὶ
299 5002 412 5061 τοῖς
439 4997 676 5062 ἀδελφοῖς
708 5000 896 5067 φήσας,
922 5001 1212 5066 ἑωρακέναι
1241 4996 1396 5050 αὑτὸν
1419 4994 1699 5064 δράγματα

173 5091 266 5140 καὶ
308 5089 434 5151 τοὺς
478 5086 728 5153 ἀδελφοὺς
762 5090 954 5157 ὁμοίως
995 5088 1360 5155 ἀναλέγοντας,
1404 5085 1585 5138 ἔπειτα
1631 5086 1698 5141 τὰ

171 5177 394 5229 ἐκείνων
423 5177 483 5228 τὸ
511 5173 693 5228 ἐαυτοῦ
731 5177 1209 5248 προσκεκυνηκέναι
1239 5175 1474 5244 δράγμα’
1503 5174 1697 5242 ὁμοίως

171 5266 228 5318 δὲ
254 5266 348 5318 τὸν
368 5266 534 5336 ήλιον,
562 5266 650 5317 καὶ
677 5265 771 5334 τήν
806 5267 1046 5337 σελήνην,
1077 5268 1165 5319 καὶ
1189 5267 1308 5328 τοὺς
1331 5265 1513 5316 ἕνδεκα
1544 5265 1698 5316 ἀστέ-

174 5371 274 5427 ρας
303 5358 617 5424 προσκυνεῖν
645 5355 805 5422 αὐτῷ.
835 5358 1013 5424 Μέχρι
1046 5356 1147 5408 τοῦ
1171 5354 1362 5406 ἐλθεῖν
1391 5354 1493 5406 τὸν
1517 5354 1696 5421 λόγον

173 5445 380 5498 αὐτοῦ.
431 5445 501 5497 Τὸ
543 5447 743 5514 λόγιον
774 5448 985 5511 Κυρίου
1015 5446 1314 5512 ἐκύρωσεν
1355 5444 1549 5496 αὐτόν.
1601 5444 1691 5503 Τὸ,

174 5535 388 5602 Λότιον
410 5533 625 5598 Κυρίου
655 5533 955 5600 ὲπύρωσεν
985 5535 1181 5596 αὑτὸν,
1207 5534 1386 5602 ὅμοιον
1421 5531 1514 5600 τῷ,
1550 5532 1692 5599 Οὐχὶ

245 5709 288 5738 ⁸*
333 5708 350 5758 l
389 5709 516 5771 Reg.
551 5721 618 5767 ιι,
654 5709 702 5762 5.

184 5777 227 5808 ⁵⁸
266 5776 396 5833 Gen.
439 5790 538 5836 XL.
575 5774 624 5832 8.

803 5709 842 5740 "
881 5705 1035 5762 Prov.
1100 5723 1256 5771 xxiv,
1309 5705 1388 5759 (6.

1800 3566 2176 3633 ﬁrmamentum
2190 3562 2338 3630 panis
2355 3559 2609 3614 contriuit.
2627 3556 2686 3610 In
2705 3557 2789 3613 bis
2809 3573 2983 3613 sermo
2996 3559 3136 3613 aliud
3157 3565 3313 3629 quid-

1801 3653 2162 3724 piam,.multis
2185 3652 2472 3714 occultum,
2489 3648 2693 3704 edocet.
2721 3646 2946 3702 Causam
2971 3649 3108 3706 enim
3131 3664 3228 3703 cur
3246 3652 3318 3706 fa-

1798 3745 2140 3808 mem,instar
2170 3741 2414 3795 animalis
2445 3737 3022 3807 cujusdam,vocaverit
3048 3751 3317 3806 superter-
3360 3745 3363 3749 ’

1798 3850 1931 3898 ram,
1962 3834 2019 3897 id,
2046 3842 2126 3886 est
2157 3833 2404 3884 virtutem
2426 3829 2583 3882 famis
2609 3827 2944 3892 etlectricem,
2973 3821 3026 3883 et
3045 3843 3140 3883 cur
3162 3845 3317 3886 omne

1798 3925 2182 3977 ﬁrmamentum
2227 3921 2380 3990 panis
2427 3919 2767 3981 contriverit,
2803 3917 2889 3971 hic
2948 3917 3212 3983 declarat,
3258 3927 3316 3972 ut

1797 4011 2077 4084 patefaciat
2104 4024 2212 4081 quo
2234 4011 2290 4064 in
2320 4024 2448 4065 casu
2483 4008 2634 4078 panis
2665 4023 2771 4062 non
2795 4007 2964 4062 ﬁrmet
2994 4023 3088 4078 eos
3106 4009 3193 4076 qui
3225 4007 3315 4062 illo

1797 4103 2084 4172 replentur,
2111 4099 2404 4155 secundum
2443 4098 2594 4163 illud,
2628 4097 2788 4152 Panis
2822 4114 2908 4152 cor
2951 4097 3166 4150 hominis
3194 4113 3316 4149 con-

1797 4193 1972 4261 ﬁrmat
2003 4191 2066 4241 ⁸³.
2103 4191 2160 4244 id
2197 4191 2340 4244 enim
2376 4189 2606 4244 maxime
2638 4197 2878 4258 tempore
2928 4186 3084 4243 famis
3118 4188 3312 4252 evenit,

1796 4299 1859 4337 ex
1891 4284 1965 4335 ira
1994 4281 2084 4334 Dei
2112 4280 2433 4342 imissum,
2456 4288 2515 4334 ut
2547 4279 2747 4334 scilicet
2773 4279 2863 4348 qui
2894 4277 3177 4333 comedunt
3208 4293 3313 4332 non

1797 4373 2195 4425 conﬁrmentur.

1865 4461 2028 4515 Vens.
2075 4459 2254 4513 17-23.
2285 4457 2430 4512 Misit
2455 4468 2571 4510 ante
2600 4473 2684 4510 eos
2717 4444 2990 4518 hominem,
3026 4472 3078 4508 tn
3117 4470 3311 4508 servum

1796 4549 2126 4603 venumdatus
2145 4543 2447 4612 est'Joseph.
2480 4543 2890 4596 Humiliaverunt
2914 4545 2966 4596 in
2992 4541 3310 4608 compedibus

1795 4636 1940 4703 pedes
1951 4636 2079 4703 ejus,
2095 4634 2283 4701 ferrum
2300 4630 2594 4696 pertransiit
2614 4629 2786 4681 anima
2800 4629 2931 4696 ejus,
2956 4627 3110 4679 donec
3126 4627 3309 4678 veniret

1798 4727 2002 4780 verbum
2015 4721 2279 4792 ejuletec
2301 4719 2476 4773 omnia
2498 4718 2732 4786 pertulit,
2767 4718 2933 4772 donec
2959 4717 3161 4771 veniret
3191 4729 3308 4768 ver-

1798 4818 1921 4871 bum
1937 4811 2226 4884 ejus,‘quod
2245 4823 2364 4862 cum
2390 4807 2446 4860 in
2472 4806 2767 4861 visionibus
2791 4805 3076 4874 accepisset
3100 4801 3235 4870 patri
3256 4808 3311 4854 et

1800 4904 2051 4958 fratribus
2067 4900 2178 4954 suis
2191 4895 2532 4958 renuntiavit,
2545 4895 2727 4950 dicens
2740 4893 2936 4949 vidisse
2950 4891 3181 4957 seipsum
3205 4886 3308 4941 fra-

1797 4989 2008 5059 tresque
2025 5001 2150 5042 suos
2169 4984 2465 5054 manipulos
2479 4984 2805 5054 colligentes,
2822 4997 2884 5036 ac
2902 4980 3110 5052 illorum
3121 4977 3309 5032 deinde

1799 5079 2093 5146 manipulos
2103 5090 2258 5130 suum
2277 5075 2604 5144 manipulum
2628 5073 2905 5133 adorasse;
2924 5068 3309 5135 similiterquo-

1798 5183 1898 5235 quc
1917 5166 2080 5220 solem
2101 5171 2152 5218 et
2167 5163 2345 5217 lunam
2361 5169 2516 5232 atque
2533 5160 2774 5215 undecim
2798 5159 2976 5212 stellas
2995 5157 3166 5226 ipsum
3183 5156 3308 5208 ado-

1796 5272 1962 5312 rasse.
1991 5254 2160 5307 Donec
2194 5255 2380 5307 veniret
2404 5251 2607 5305 verbum
2626 5249 2755 5316 ejus.
2786 5245 3061 5315 Eloquium
3098 5243 3306 5298 Domini

1797 5345 2134 5414 inﬂammavit
2164 5359 2298 5397 eum
2346 5341 2502 5402 Illud,
2541 5338 2812 5408 Eloquium
2850 5337 3057 5391 Domini
3096 5335 3304 5401 iit/lam.

1798 5437 1952 5490 mavit
1997 5451 2134 5499 eum,
2164 5433 2337 5490 simile
2365 5441 2446 5487 est
2480 5432 2604 5486 huic
2637 5449 2650 5484 :
2682 5428 2866 5484 Nonne
2909 5444 2997 5498 per
3023 5426 3181 5479 Deum
3212 5426 3302 5478 de-

1797 5528 2012 5582 claratio
2055 5525 2262 5581 illorum
2289 5531 2365 5585 est
2391 5522 2478 5576 “1’
2542 5519 2724 5591 Neque
2765 5522 2938 5584 enim,
2974 5518 3066 5580 ait,
3100 5515 3302 5571 somnia

1545 5707 1673 5758 Gen.
1740 5717 1842 5767 xu,
1893 5702 1943 5755 '5.
2038 5699 2080 5732 “
2114 5695 2244 5753 Gen.
2304 5709 2447 5761 ml,
2510 5692 2710 5761 17,18.
2785 5693 2826 5723 ⁸³
2865 5690 3003 5746 Psal.
3059 5705 3181 5755 cm,
3215 5689 3298 5747 15.
