3994 6354
211 451 355 541 esus

1242 482 1734 542 COMMENTARIA
1770 481 1835 538 IN
1873 482 2195 540 PSALMOS.
2229 475 2234 479 ’

3238 485 3372 541 1510

203 601 293 653 τὸν
336 599 532 670 Ἰωσὴφ
573 599 781 670 πρῶτον
810 598 1075 669 συγχωρεῖ
1099 597 1393 665 δουλεῦσαι,
1434 600 1527 654 καὶ
1558 599 1732 662 πέδαις

1839 599 2042 665 evexit;
2075 599 2154 654 sic
2178 598 2340 652 etiam
2369 586 2513 653 nunc
2542 613 2663 672 cum
2693 599 2853 655 vellet
2912 600 3165 670 populum
3195 602 3374 671 provi-

196 693 296 750 ,καὶ
326 690 524 761 σιδήρῳ
561 689 978 758 ταπεινωθῆναι·
1004 687 1121 743 εἶτα
1148 689 1284 760 μετά
1321 689 1487 743 ταῦτα
1517 690 1739 760 δοκιμὴν

199 782 465 836 δεδωκότα
490 782 587 851 τῆς
608 781 807 844 οἰκείας
829 781 1042 852 ἀρετῆς,
1076 781 1409 851 προάγειίξπὶ
1439 773 1735 850 βασιλείαν·

199 871 343 924 οὕτω
370 873 462 924 καὶ
473 871 584 936 νῦν,
604 871 917 941 βουλόμενος
954 873 1052 942 τῆς
1080 870 1238 925 αὺτοῦ
1280 872 1576 938 ἐπισκοπῆς
1601 887 1736 924 κατ-

199 962 428 1028 αξιῶσαι
461 964 550 1014 τὸν
593 961 736 1026 λαὸν,
787 962 998 1034 πρῶτον
1021 963 1178 1016 αὐτὸν
1218 962 1580 1032 πειρατηρίοις
1607 961 1740 1013 ὲκδί-

197 1052 380 1117 δωσιν,
433 1052 497 1104 ἵν’
544 1050 764 1122 ὕστερον
808 1052 970 1122 λεχθῇ
1022 1051 1111 1104 τό·
1161 1051 1270 1104 Kal
1319 1049 1645 1113 ἐστέναξαν
1686 1053 1740 1103 οί

197 1142 317 1194 vlol
372 1139 635 1208 Ἰσραὴλ,
679 1141 775 1194 καὶ
824 1140 1148 1208 ἐκέκραξαν
1189 1138 1336 1206 πρὸς
1378 1139 1592 1205 Κύριον
1636 1137 1740 1191 τὸν

200 1229 350 1284 Θεὸν
378 1228 590 1294 αὐτῶν,
630 1230 726 1283 καὶ
770 1229 947 1298 ἀνέϐη
990 1232 1028 1298 ἠ
1054 1228 1176 1296 βοὴ
1223 1227 1417 1282 αὐτῶν
1445 1227 1602 1295 ,πρὸς
1634 1226 1740 1280 τὸν

202 1318 351 1372 Θεὸν
378 1319 494 1371 ἀπὸ
519 1319 634 1371 τῶν
661 1319 865 1387 ἔργων.
894 1319 1001 1371 Kal
1031 1315 1387 1382 είσήκουσεν
1406 1317 1438 1369 ό
1464 1315 1605 1378 Θεὸς
1634 1313 1743 1368 τὸν

199 1409 532 1478 στεναγμὸν
551 1408 773 1463 αὐτῶνθ
815 1409 912 1462 καὶ
937 1407 1201 1477 ἐμνήσθη
1225 1410 1257 1461 ό
1297 1406 1440 1470 Θεὸς
1470 1405 1578 1472 τῆς
1612 1403 1738 1457 δια-

198 1491 403 1566 θήκης(
433 1499 613 1554 αὐτοῦ
649 1498 758 1568 τῆς
801 1499 947 1567 πρὸς
982 1499 1222 1566 Ἀϐραὰμ
1268 1495 1366 1549 καί
1409 1496 1599 1550 Ἰσαὰκ
1639 1494 1735 1548 καί

210 1587 421 1644 Ἰακώϐ.
460 1589 569 1644 Kal
594 1589 826 1644 ἐπεῖδεν
854 1592 886 1643 ό
923 1588 1064 1653 Θεὸς
1109 1585 1249 1652 τοὺς
1277 1585 1444 1651 υίοὺς
1483 1584 1734 1652 Ἰσραὴλ,

196 1680 297 1734 καὶ
320 1680 584 1750 ἐγνώσθη
621 1680 840 1746 αὐτοῖς.
877 1678 1091 1749 Ἐπειδὴ
1121 1677 1177 1731 δὲ
1207 1679 1439 1749 εἴρηται,
1468 1677 1548 1729 ὅτι
1571 1675 1737 1744 μετέ-

195 1773 422 1838 στρεψε
463 1769 576 1838 τὴν
605 1771 851 1838 καρδίαν
893 1766 1104 1831 αὐτῶν,
1125 1785 1127 1787 ί
1149 1767 1385 1838 δηλονότι
1433 1765 1537 1819 τῶν
1576 1767 1737 1833 Λίγυ-

195 1861 388 1926 πτίων,
424 1861 527 1916 τοῦ
544 1861 798 1930 μισῆσαι
828 1859 934 1913 τὸν
959 1860 1110 1914 λαὸν
1134 1857 1335 1922 αὑτοῦ,
1363 1859 1523 1928 ἐρεῖς,
1559 1858 1637 1910 ὅτι
1661 1855 1736 1910 δι-

1845 689 2022 743 dentia
2047 705 2144 745 sua
2167 689 2398 758 dignari,
2432 691 2612 758 ipsum
2649 691 2820 760 primo
2850 693 3236 757 tentationibus
3269 702 3376 747 trag-

1847 779 2002 845 didit,
2030 788 2088 833 ut
2123 781 2462 850 postmodum
2496 779 2765 836 diceretur
2808 781 2937 835 illud
3011 764 3098 835 ⁴Εἴ
3119 784 3375 854 ingemue-

1845 877 1964 922 runt
2002 870 2101 937 ﬁlii
2146 869 2334 935 Israel,
2392 879 2440 923 et
2490 871 2908 925 exclamaverunt
2964 870 3030 924 ad
3095 871 3373 926 Dominum

1843 959 2009 1012 Deum
2037 974 2207 1025 suum,
2240 969 2288 1012 et
2319 959 2546 1012 ascendit
2576 959 2774 1013 clamor
2793 976 2970 1013 eorum
3007 958 3082 1012 ad-
3118 959 3279 1014 Deum
3307 961 3373 1014 ab

1843 1047 2079 1116 operibus
2116 1060 2204 1107 :et
2233 1050 2497 1103 exaudivit
2542 1047 2678 1103 Deus
2707 1052 2949 1120 gemitum
2975 1065 3169 1110 eorum,
3214 1059 3264 1102 et
3295 1066 3374 1104 re-

1843 1140 2086 1194 cordatus
2111 1124 2199 1196 est
2249 1140 2389 1195 Deus
2425 1142 2714 1194 testamenti
2767 1141 2852 1193 sui
2893 1140 2960 1192 ad
3015 1139 3277 1193 Abraham
3321 1152 3372 1195 et

1843 1227 2002 1282 Isaac
2039 1238 2091 1284 et
2131 1227 2317 1286 Iacob.
2351 1228 2420 1282 Et
2476 1230 2695 1296 respexit
2746 1227 2882 1280 Deus
2920 1226 3057 1295 ﬁlios
3107 1226 3296 1288 Israel,
3322 1236 3372 1280 et

1842 1317 2078 1385 cognitus
2103 1325 2180 1370 est
2203 1317 2312 1371 illis
2335 1317 2397 1369 ⁸⁸.
2420 1317 2555 1381 Quia
2593 1330 2724 1371 vero
2764 1316 2963 1370 dictum
2996 1323 3100 1381 est,
3127 1316 3372 1368 convertit

1841 1420 1931 1456 cor
1954 1420 2157 1468 eorum,
2205 1405 2410 1460 scilicet
2441 1405 2845 1476 Egyptiorum;
2902 1419 2957 1459 ut
2989 1405 3186 1459 adirent
3213 1420 3371 1473 popu-

1842 1495 1949 1547 lum
1977 1496 2086 1563 ejus
2112 1510 2131 1558 ;
2159 1494 2307 1550 dicas
2337 1496 2502 1552 Deum
2537 1497 2640 1552 hoc
2662 1498 2792 1566 jure.
2813 1497 3022 1552 fecisse.
3067 1496 3200 1562 Quia
3229 1497 3372 1550 enim

1840 1586 1895 1639 in
1931 1586 2099 1640 multa
2121 1585 2357 1653 licentia,
2407 1587 2654 1642 libertate
2693 1595 2746 1643 et
2782 1587 2987 1642 honore
3020 1587 3158 1659 apud
3210 1587 3374 1658 Egy-

1840 1678 1979 1746 ptios
2010 1676 2243 1741 fuerant,
2273 1677 2330 1731 in
2369 1678 2690 1733 oblivionem
2748 1676 2841 1734 Dei
2885 1678 3044 1749 patrii
3093 1678 3177 1733 sui
3212 1693 3374 1733 vene-

1839 1775 1987 1834 runt,
2006 1782 2070 1823 ac
2095 1783 2212 1824 sese
2241 1769 2411 1824 cultui
2445 1768 2819 1839 Egyptiornm
2867 1767 3130 1823 idolorum
3159 1768 3374 1824 dedide-

1839 1869 1984 1914 runl.
2012 1859 2366 1924 Quamobrem
2394 1861 2516 1930 jure
2541 1858 3110 1930 Egyptios'adversus
3141 1861 3260 1916 illos
3283 1875 3374 1916 ex-

195 1947 367 2012 καίως
398 1949 628 2020 ἔπραξεν
658 1950 686 2001 ό
721 1949 871 2011 Θεός.
915 1947 1125 2019 Ἐπειδὴ
1155 1949 1282 2019 γὰρ,
1312 1950 1369 2002 ὲν
1396 1949 1560 2019 πολλῇ
1590 1965 1732 2017 γεγο-

1836 1949 2040 2013 citavit,
2066 1950 2191 2019 quia
2234 1950 2336 2004 sibi
2387 1949 2517 2020 ipsis
2546 1949 2770 2006 ﬁdentes
2800 1951 2965 2004 Deum
2994 1952 3370 2021 neglexerant;

193 2038 345 2102 νότες
376 2041 554 2093 ἀνέσει
585 2038 676 2093 καὶ
723 2038 999 2110 ἐλευθερίᾳ
1039 2039 1131 2092 καὶ
1161 2040 1289 2108 τιμῇ
1323 2036 1471 2109 παρὰ
1511 2040 1620 2102 τοῖς
1646 2041 1738 2092 Αί-

193 2129 460 2195 γυπτίοις,
496 2132 574 2192 είς
604 2128 768 2200 λήθην
793 2123 951 2197 ἦλθον
971 2128 1062 2180 τοῦ
1095 2128 1342 2200 πατρῴου
1365 2128 1520 2193 Θεοῦ,
1544 2129 1730 2195 ἐξέδω-

193 2233 297 2270 καν
327 2219 382 2272 δὲ
406 2220 626 2282 ἑαυτοὺς
650 2221 765 2282 ταῖς
791 2219 898 2270 τῶν
927 2219 1230 2286 Αἰγυπτίων
1251 2217 1727 2291 είδωλολατρείαις·

1838 2047 1898 2093 ιιι
1925 2040 1993 2094 ab
2039 2040 2105 2096 iis
2150 2040 2353 2105 amicti,
2396 2041 2730 2105 ediscerent,
2780 2057 2951 2110 neque
3005 2043 3159 2112 ipsis,
3202 2058 3375 2114 neque

1837 2130 2126 2190 multorum
2154 2131 2434 2185 numinum
2477 2131 2848 2201 superstitioni
2880 2132 3187 2188 haerendum
3214 2149 3368 2202 esse;

1834 2228 1994 2289 atque
2044 2222 2111 2275 ad
2166 2220 2332 2277 Deum
2392 2233 2602 2291 patrum
2662 2238 2882 2278 suorum
2928 2237 3046 2278 sese
3096 2232 3374 2279 converte—

191 2304 282 2357 διὰ
331 2306 484 2360 τοῦτο
531 2308 748 2372 δικαίως
802 2283 1366 2390 αὐτοῖς-ἐπανέστηδε
1395 2283 1545 2371 τοὺς
1570 2311 1731 2377 Δίγυ-
1776 2352 1797 2360 ..
1831 2283 1952 2363 rent

194 2397 403 2462 πτίους,
462 2398 643 2469 ἐπειδὴ
692 2398 1002 2461 πεποιθότες
1048 2400 1254 2462 ἑαυτοῖς
1305 2397 1756 2469 κατωλιγώρησαν
1817 2399 1908 2451 τοῦ
1968 2400 2121 2464 Θεοῦ,
2168 2402 2312 2466 ὅπως
2360 2401 2625 2466 θλιϐέντες
2667 2407 2756 2456 ὑπ’
2803 2403 2977 2456 αὐτῶν
3025 2403 3229 2474 μάθωσι
3276 2404 3371 2474 μὲν

193 2489 272 2558 μὴ
305 2487 583 2559 προσέχειν
616 2489 857 2553 ἐκείνοις,
887 2488 1017 2560 μηδὲ
1054 2491 1118 2558 τῇ
1153 2487 1392 2555 πολυθέῳ
1456 2486 1631 2541 αὐτῶν
1666 2487 2063 2561 δεισιδαιμονίᾳ,
2100 2491 2461 2561 ὲπιστρέψωσι
2501 2491 2557 2544 δὲ
2597 2491 2691 2546 ἐπὶ
2745 2493 2836 2546 τὸν
2885 2492 3014 2548 Θεὸν
3067 2493 3173 2548 τῶν
3221 2493 3371 2547 πατέ-

193 2592 305 2647 ρων
331 2578 524 2633 αὐτῶν.

264 2695 373 2751 Καὶ
402 2694 688 2764 ἐξήγαγεν
712 2697 928 2762 αὐτοὺς
964 2696 1032 2748 ἐν
1067 2695 1322 2764 ἀργυρίῳ
1359 2696 1456 2749 καί
1478 2697 1727 2766 χρυσίῳ,

1897 2694 2060 2750 Vsus.
2094 2695 2186 2760 37,
2212 2695 2299 2751 58.
2323 2693 2389 2747 Et
2411 2692 2622 2748 deduxit
2644 2709 2729 2748 eos
2748 2710 2864 2748 cum
2893 2705 3103 2765 argento
3132 2706 3180 2751 et
3205 2715 3302 2752 aur
3318 2718 3388 2766 ο,

190 2785 293 2840 καὶ
321 2785 429 2838 οὐκ
455 2779 532 2852 ἦν
550 2783 619 2836 ἐν
645 2783 772 2849 ταῖς
802 2783 1017 2851 φυλαῖς
1035 2783 1226 2838 αὐτῶν
1254 2787 1286 2838 d
1312 2784 1594 2839 ἀσθενῶν.
1619 2788 1732 2839 Εὑ-

1834 2795 1879 2840 et
1911 2795 2152 2848 non,erat
2201 2787 2255 2838 in
2303 2784 2537 2837 tribubus
2565 2800 2742 2838 eorum
2771 2785 3029 2854 inﬁrmus.
3064 2785 3268 2842 Latata
3295 2800 3372 2844 est

193 2873 426 2949 φράνθη
451 2873 746 2942 Αιγυπτος
775 2873 842 2928 ἐν
875 2874 1059 2940 ἐξόδῳ
1079 2875 1293 2941 αὐτῶν,
1334 2875 1422 2929 ὅτι
1445 2876 1732 2930 ἐπέπεσεν

1835 2877 2093 2948 Egyptus
2124 2877 2177 2929 in
2224 2876 2537 2945 profectione
2567 2893 2765 2942 eorum,
2792 2878 2914 2949 quia
2958 2879 3192 2933 incubuit
3217 2883 3372 2936 timor

193 2968 228 3018 ό
264 2964 448 3032 φόϐος
475 2963 664 3018 αὐτῶν
688 2964 778 3016 ἐπ’
803 2965 1038 3030 αὐτούς.
1078 2965 1133 3018 Ὀ
1152 2965 1281 3029 Θεὸς
1317 2966 1633 3038 προστάττει
1663 2966 1732 3035 τῷ

1837 2983 2012 3021 eorum
2038 2982 2189 3035 super
2217 2983 2322 3022 eos.
2355 2965 2496 3022 Deus
2515 2982 2611 3036 per
2633 2965 2863 3038 Moysem
2883 2968 3078 3037 populo
3104 2971 3367 3040 praecipit,

189 3052 307 3123 λαῷ
338 3053 424 3107 διὰ
445 3053 716 3118 Μωῡσέως
745 3054 1026 3108 σκυλεῦσαι
1049 3056 1171 3118 τοὺς
1184 3056 1501 3122 Αἰγυπτίους
1511 3056 1584 3118 ὡς
1604 3073 1738 3109 νενι-

189 3144 498 3216 κημένους,
528 3143 623 3197 καὶ
651 3145 836 3214 μισθὸν
867 3145 996 3215 παρ’
1023 3143 1198 3200 αὐτῶν
1219 3144 1604 3214 εἰσπράξασθαι
1639 3146 1738 3215 τῆς

195 3237 590 3314 μακροχρονίου
634 3232 891 3297 δουλείας,
933 3229 999 3305 ἦς
1039 3234 1230 3296 αὐτοὺς
1263 3234 1733 3290 κατεδουλώσαντο.

189 3325 306 3379 Kal
337 3329 446 3380 οὐκ
476 3322 554 3396 ἦν
597 3324 722 3391 ταῖς
764 3326 979 3394 φυλαῖς
1023 3326 1219 3380 αὐτῶν
1260 3327 1292 3381 ὁ
1324 3325 1611 3382 ἀσθενῶν.
1665 3327 1736 3381 Τὶ

189 3416 304 3488 γὰρ
342 3417 518 3489 πολλῷ
557 3417 977 3487 παραδοξότερον
1026 3417 1180 3470 τοῦτο
1223 3412 1311 3486 ἦν,
1349 3420 1430 3471 ὅτι
1463 3418 1598 3488 μετά
1647 3419 1736 3472 τὸν

189 3505 374 3572 πόνον,
415 3508 552 3577 μετά
567 3506 662 3576 τὴν
692 3506 980 3569 πλινθείαν,
1014 3506 1147 3576 μετά
1162 3505 1256 3576 τὴν
1279 3507 1536 3577 τοσαύτην
1557 3509 1736 3560 ταλαι-

189 3594 401 3664 πωρίαν
423 3595 514 3647 καὶ
541 3595 637 3656 τὰς
663 3593 942 3662 μάστιγας,
972 3593 1088 3646 οὐδὲ
1113 3593 1192 3656 εἷς
1219 3591 1285 3664 ἦν
1312 3595 1340 3646 ὁ
1369 3596 1625 3659 ἀσθενῶν,
1644 3599 1734 3650 καὶ

187 3683 351 3736 τοῦτο
375 3683 635 3738 τοσούτων
667 3683 886 3754 πληγῶν
928 3686 985 3736 ὲν
1009 3683 1271 3754 Αἰγύπτῳ
1295 3687 1728 3756 κατενεχθεισῶν.

187 3772 365 3826 Τοῦτο
393 3773 486 3826 καὶ
512 3773 609 3845 τῆς
650 3774 859 3845 φύσεως
887 3777 1052 3847 αὐτῆς
1093 3777 1188 3848 τὴν
1235 3778 1545 3832 ἀκολουθίαν
1573 3780 1736 3851 ὑπερ-

189 3861 425 3916 έϐαινεν.
1117 3866 1120 3867 ⁷

261 3952 576 4020 Δωπέτασε
600 3954 858 4023 νεφέλην
876 3958 961 4022 είς
986 3957 1220 4025 mulir
1245 3973 1464 4025 αυτοις,
1496 3961 1590 4015 καί
1614 3959 1730 4029 πῦρ

192 4043 299 4097 ι’σῦ
329 4045 575 4111 φωτίσαι
598 4046 797 4111 αὐτοῖς
826 4046 939 4114 τὴν
957 4049 1162 4100 νύκτα.
1198 4049 1426 4103 Διελθὼν
1451 4053 1547 4114 τὰς
1595 4052 1732 4106 κατά

187 4133 297 4186 τῶν
325 4134 626 4200 Αἰγυπτίων
656 4136 937 4204 μάστιγας,
971 4136 1272 4202 ἀκολούθως
1299 4140 1605 4210 μεταϐαίνει
1639 4142 1731 4195 ἐπὶ

184 4221 294 4281 τὰς
319 4223 612 4291 γενομένας
641 4222 717 4293 τῷ
751 4226 960 4296 Ἰσραὴλ
990 4227 1327 4298 εὐεργεσίας·
1351 4229 1482 4299 ὁμοῦ
1511 4232 1606 4300 μὲν
1639 4235 1729 4286 καὶ

187 4311 338 4381 ἡμᾶς
374 4313 689 4382 προτρέπων
717 4315 932 4383 φεύγειν
958 4317 1046 4370 τὸν
1082 4319 1368 4381 Αίγύπτιον
1393 4322 1607 4386 τρόπον,
1657 4324 1730 4388 ὡς

185 4397 257 4450 ἂν
294 4397 366 4468 μὴ
385 4402 494 4462 τοῖς
524 4400 655 4463 ίσοις
684 4404 1061 4474 περιπέσωμεν
1079 4422 1091 4436 ·
1123 4405 1368 4477 εὔχεσθαι
1396 4410 1450 4462 δὲ
1480 4407 1614 4464 εῖναι
1634 4413 1729 4483 τῆς

1843 3066 1901 3111 ιιι
1933 3058 2213 3128 Egyptios
2230 3065 2486 3128 tanquam
2519 3061 2691 3113 victos
2724 3058 2971 3128 spolient,
3007 3074 3070 3113 ac
3101 3058 3372 3115 diuturnae

1841 3148 1980 3218 apud
2012 3148 2132 3203 illos
2158 3147 2455 3211 servitutis,
2487 3163 2594 3217 qua
2639 3149 2763 3202 illos
2802 3156 3199 3218 oppresserant,
3235 3165 3372 3220 pra:-

1839 3240 2000 3293 mium
2028 3245 2297 3307 expetant.
2329 3238 2396 3292 Et
2424 3255 2525 3296 non
2551 3248 2664 3293 erat
2694 3240 2748 3293 in
2773 3299 2780 3306 _
2810 3239 3040 3293 tribubus
3081 3257 3257 3294 eorum
3286 3243 3368 3295 in-

1836 3325 2037 3395 ﬁrmus.
2054 3322 2315 3393 Quodque
2332 3324 2500 3379 multo
2525 3324 2823 3379 mirabilius
2850 3332 2987 3389 erat,
3017 3329 3137 3395 po’st
3161 3333 3366 3381 tantum

1833 3417 2093 3477 laborem,
2123 3423 2246 3484 post
2286 3416 2514 3470 laterum
2542 3415 2861 3477 coctionem,
2883 3423 3006 3484 post
3033 3421 3234 3469 tantam
3269 3417 3365 3470 mi-

1835 3506 2026 3562 seriam
2058 3515 2111 3560 et
2161 3511 2238 3560 tot
2292 3505 2542 3567 verbera,
2586 3518 2655 3558 ne
2691 3519 2830 3558 unus
2864 3502 3078 3573 quidem
3115 3503 3367 3560 inﬁrmus

1831 3602 1975 3661 erat,
1994 3593 2152 3663 idque
2181 3593 2344 3649 tantis
2367 3593 2539 3663 plagis
2567 3589 2799 3663 ,Ευριο
2817 3591 2997 3647 illatis.
3038 3589 3151 3646 Hoc
3176 3596 3367 3647 .ntinue

1831 3691 2035 3738 natura
2064 3682 2305 3739 ordinem
2339 3679 2689 3737 transcendit.

1896 3958 2061 4013 Vens.
2095 3958 2181 4012 59.
2238 3954 2503 4025 Expendit
2533 3960 2717 4008 nubem
2761 3973 2816 4007 ιιι
2862 3954 3228 4020 protectionem
3270 3970 3359 4008 eo-

1830 4066 1966 4114 rum,
1997 4058 2046 4103 et
2072 4049 2259 4118 ignem,
2289 4055 2348 4100 ut
2371 4046 2558 4099 luceret
2586 4045 2659 4123 eis
2687 4059 2779 4114 per
2805 4055 3025 4101 noctem.
3060 4042 3362 4100 Recensitis

1831 4137 2204 4208 Egyptiorum
2235 4137 2428 4206 plagis,
2459 4143 2849 4204 consequenter
2880 4136 3074 4190 transit
3100 4135 3166 4189 ad
3200 4138 3361 4191 bene.

1829 4227 1947 4281 ﬁcia
1977 4226 2157 4281 lsraeli
2185 4227 2378 4281 collata
2417 4245 2429 4281 :
2457 4227 2613 4281 simul
2648 4241 2749 4281 nos
2770 4225 3064 4282 admonens
3098 4236 3158 4279 ut
3182 4227 3361 4296 Egy—

1828 4319 2034 4386 ptiacos
2064 4331 2243 4371 meres
2275 4316 2564 4387 fugiamus,
2598 4332 2666 4371 ne
2716 4317 2771 4369 in
2817 4316 2964 4385 paria
3019 4315 3356 4384 incidamus;

1829 4419 2212 4474 precemurque
2264 4413 2326 4459 ut
2369 4404 2425 4458 in
2471 4405 2716 4474 portione
2749 4401 2841 4474 Dei
2887 4404 3242 4474 ascribamur,
3270 4407 3358 4461 cui

189 4488 409 4578 μερίδος
430 4488 524 4578 τοιῖ
549 4490 701 4556 Θεοῦ,
723 4486 756 4565 ᾖ
777 4497 998 4564 παρεῖχε
1022 4495 1116 4560 τὰς
1137 4497 1194 4561 ἐξ
1220 4498 1381 4552 αὐτοῦ
1401 4501 1726 4571 εὐεργεσίας·

1834 4496 2083 4553 beneﬁcia
2127 4511 2232 4565 sua
2273 4495 2570 4566 impertiit:
2620 4496 2852 4563 itemque
2908 4508 3357 4564 commemorans,

135 4616 137 4618 .
185 4575 329 4646 ὁμοῦ
359 4577 450 4630 καὶ
481 4571 554 4632 ὧν
577 4578 877 4652 ἠξιώθησαν
907 4584 1216 4654 παραδόξων
1237 4587 1367 4641 Θεοῦ
1405 4592 1452 4641 ot
1484 4591 1547 4642 ὲκ
1571 4607 1724 4660 περι-

185 4666 366 4735 τομῆς
395 4670 756 4738 μνημονεύων,
777 4673 859 4751 ⁸είς
892 4669 1106 4744 ἔλεγχον
1141 4677 1237 4746 μὲν
1260 4675 1352 4730 τοῦ
1387 4678 1560 4731 αὐτῶν
1583 4681 1724 4732 ὲκεί-

186 4768 302 4805 νων
353 4754 568 4830 τρόπου,
620 4759 907 4827 ἀπολογίαν
934 4762 989 4816 δὲ
1038 4763 1138 4833 τῆς
1183 4765 1319 4835 μετά
1351 4764 1520 4818 ταῦτα
1550 4768 1725 4823 αὐτῶν

187 4843 479 4915 ἀποϐολῆς.

274 4936 515 5005 ᾟτησε,
536 4938 631 4990 καὶ
656 4937 1264 5013 ἦλθενόρτυτομήτρα,
1299 4946 1393 4999 καί
1418 4946 1606 5013 ἀρτων
1630 4951 1725 5002 οὐ-

178 5024 378 5095 ρανοῦ
400 5025 730 5094 ἐνέπλησεν
759 5033 991 5097 αὐτούς.
1036 5032 1341 5102 Ἀνέρῤηξε
1371 5035 1608 5101 πέτραν,
1630 5038 1726 5092 καί

187 5117 498 5186 ἐρρύησαν
542 5117 743 5183 ὕδατα,
773 5122 1180 5190 ἐπορεύθησαν
1212 5125 1279 5176 ἐν
1314 5124 1587 5193 ἀνύδροις
1621 5141 1727 5180 πο-

187 5207 410 5273 ταμοίο,
431 5206 519 5260 ὅτι
543 5206 808 5278 ἐμνήσθη
848 5212 952 5265 τοῦ
974 5214 1157 5282 λότου
1187 5213 1292 5265 τοῦ
1328 5213 1495 5280 ἁγίου
1523 5217 1726 5281 αὐτοῦ,

185 5292 303 5346 τοῦ
328 5295 472 5362 πρὸς
505 5297 741 5365 Ἀϐραὰμ
752 5300 855 5352 τὸν
869 5301 1294 5356 δοῦλοναύτοῦ.
1328 5303 1435 5356 Καὶ
1453 5305 1480 5355 ὁ
1495 5305 1624 5358 Μωῦ
1633 5307 1728 5376 σῆς

185 5381 250 5434 δὲ
292 5382 351 5466 ἀν
391 5383 780 5465 Δευτερονομίῳ
823 5390 955 5459 πρὸς
985 5389 1176 5453 αὐτούς
1207 5407 1364 5458 φησιο
1403 5390 1499 5458 Μὴ
1533 5393 1722 5464 ετπῃς·

188 5469 300 5522 Διὰ
321 5470 428 5535 τὰς
466 5471 844 5540 δικαιοσύνας
882 5496 1000 5546 μου
1040 5479 1290 5550 ἐξήγαγέ
1311 5495 1385 5548 με
1419 5479 1630 5547 Κύριος
1659 5484 1726 5536 ὲκ

189 5553 309 5625 γῆς
328 5558 642 5625 Αίγύπτου,
662 5563 816 5615 ἀλλὰ
841 5563 937 5617 διὰ
957 5568 1060 5621 τὸν
1090 5567 1265 5634 ὅρκον
1289 5567 1358 5620 ὃν
1387 5567 1578 5637 ὤμοσε
1612 5573 1724 5624 Κύ-

175 5663 319 5716 ριος
362 5645 485 5712 τοῖς
517 5650 806 5717 πατράσιν
847 5655 1027 5723 ὑμῶν.
1068 5659 1174 5716 Kal
1208 5656 1403 5729 γνώσῃ
1431 5659 1718 5731 σήμερον,

269 5801 318 5837 ⁸⁸
352 5798 521 5856 Exod.
561 5816 630 5855 lt.
665 5801 869 5855 23—95

1830 4588 2043 4659 quantis
2089 4586 2182 4641 Dei
2228 4586 2565 4640 mirabilibus
2617 4585 2864 4655 dignatus
2916 4585 2987 4639 sit
3035 4586 3264 4654 populus
3293 4603 3355 4642 ex

1829 4682 2266 4745 circumcisione;
2289 4687 2349 4733 ιιι
2369 4691 2554 4733 eorum
2602 4692 2780 4733 mores
2819 4685 3096 4748 coarguat,
3127 4679 3356 4746 justam-

1828 4789 1932 4844 que
1955 4771 2268 4842 abjegtionis
2294 4781 2478 4822 eorum
2506 4781 2722 4822 causam
2759 4767 3166 4823 commonstret.

1892 4946 2051 4999 ἲιςιιε.
2084 4940 2264 4998 4045.
2297 4937 2480 5003 Petiit,
2508 4947 2557 4994 et
2599 4955 2735 4999 venit
2765 4953 3026 5006 coturnix,
3054 4948 3103 4992 et
3133 4938 3353 5006 panibus

1822 5035 1932 5089 cali
1945 5032 2154 5102 replevit
2183 5047 2288 5084 eos.
2321 5029 2530 5097 Dirupit
2549 5040 2775 5098 petram,
2819 5040 2869 5085 et
2896 5031 3157 5099 ﬂuxerunt
3183 5045 3350 5099 aqua,

1823 5131 2099 5179 manarunt
2118 5123 2174 5175 in
2202 5122 2468 5190 inaquosis
2491 5121 2729 5189 ﬂumina.
2756 5121 3012 5187 Quoniam
3043 5135 3236 5173 memor
3255 5121 3354 5189 fuit

1824 5214 1960 5269 verbi
2021 5213 2190 5266 sancti
2235 5213 2335 5275 sui,
2371 5211 2504 5281 quod
2535 5210 2715 5265 habuit
2754 5210 2821 5263 ad
2847 5208 3112 5263 Abraham
3152 5227 3352 5265 servum

1827 5319 1996 5358 suum.
2019 5301 2112 5357 Sic
2135 5302 2264 5356 item
2305 5299 2514 5372 Moyses
2553 5292 2672 5356 illos
2700 5299 2753 5352 in
2785 5297 3195 5355 Denteronomio
3221 5300 3352 5355 allo-

1826 5393 2008 5462 quitur
2032 5410 2045 5445 :
2072 5390 2152 5444 Ne
2179 5389 2324 5444 dicas
2356 5407 2374 5444 :
2402 5390 2620 5459 Propter
2646 5389 2881 5458 justitias
2907 5406 3048 5444 meas
3074 5390 3252 5444 eduxit
3273 5407 3353 5444 me

1828 5480 2077 5534 Dominus
2121 5480 2182 5533 de
2211 5489 2350 5533 terra
2372 5478 2606 5549 Egypti,
2632 5479 2720 5533 sed
2739 5487 2939 5547 propter
2974 5476 3348 5546 jusjurandum

1820 5570 1953 5640 quod
1974 5569 2170 5637 juravit
2197 5568 2447 5624 Dominus
2475 5569 2709 5638 patribus
2753 5568 2951 5623 vestris.
2996 5566 3062 5618 Et
3082 5582 3348 5636 cognosces

1820 5660 1967 5718 hodie
1989 5661 2111 5731 quia
2148 5677 2248 5716 non
2276 5669 2479 5732 propter
2498 5660 2732 5728 justitias
2771 5669 2887 5713 tuas
2927 5657 3175 5714 Dominus
3209 5656 3346 5724 Deus
3461 5695 3470 5703 .
