3994 6354
677 451 806 506 15η

1381 451 1637 508 EUSEBII
1673 450 2131 504 C/ESARIENSIS
2165 451 2314 511 OPP.
2353 453 2527 508 PARS
2564 453 2647 509 lll.
2679 483 2750 496 -—-
2782 445 3177 511 EXEGETICA.

3661 457 3799 512 1312

677 577 792 618 tuus
838 565 927 617 dat
975 566 1064 618 tibi
1106 575 1292 620 terram
1329 569 1510 621 bonam
1538 570 1665 621 hanc
1702 569 1767 620 ad
1811 568 2185 636 possidendum,

2308 575 2373 625 iu
2397 574 2523 640 οὐχὶ
2555 573 2648 627 διὰ
2673 573 2775 638 τὰς
2804 573 3181 639 δικαιοσύνας
3211 588 3340 637 σου,
3374 555 3581 642 Κύριος
3607 579 3639 627 ὁ
3659 578 3802 641 Θεός

674 659 794 726 quia
823 657 1034 722 populus
1065 657 1206 710 dum:
1232 660 1440 711 cervicis
1481 675 1534 711 es
1558 660 1621 712 θ’.
1653 659 1718 716 Et
1747 659 1921 711 eduxit
1945 659 2185 726 populum

677 764 829 801 suum
863 749 914 799 in
946 748 1302 811 exsultatione,
1329 759 1376 801 et
1395 752 1576 804 electos
1615 766 1733 803 suos
1766 751 1818 804 in
1852 750 2049 802 laztitia.
2069 749 2188 802 Sin-

675 838 795 906 gula
812 839 948 891 enim
972 854 1088 903 qua:
1113 839 1444 906 contigerunt
1467 839 1813 893 admiratione
1840 839 1998 908 digna
2015 847 2185 903 erant,

675 936 729 981 et
779 928 1031 998 prodigiis
1077 929 1249 997 plena,
1283 936 1339 981 ut
1367 928 1508 996 quod
1542 929 1670 997 ipsis
1712 931 2026 998 pellentibus
2067 944 2188 982 cum

679 1019 944 1087 voluptate
1003 1018 1373 1080 liberarentur,
1407 1018 1546 1086 quod
1593 1033 1714 1071 cum
1757 1019 2081 1072 abundantia
2110 1008 2191 1072 re—

680 1123 816 1172 rum,
841 1109 982 1178 quod
1029 1123 1150 1162 cum
1206 1108 1436 1177 perfecta
1478 1110 1719 1162 sanitate.
1777 1109 1841 1161 Et
1904 1109 2041 1164 dedit
2084 1109 2188 1161 illis

678 1200 902 1269 regiones
932 1200 1178 1268 gentium,
1206 1208 1253 1252 et
1279 1199 1476 1252 labores
1507 1185 1808 1266 populorum
1839 1198 2187 1266 possederunt.

679 1293 793 1346 Non
823 1293 962 1346 enim
1014 1293 1183 1345 aulum
1220 1307 1251 1345 a
1301 1292 1542 1359 pristinis
1600 1293 1863 1355 liberavit,
1894 1293 1985 1348 sed
2034 1293 2190 1346 etiam

676 1384 850 1438 aliena
870 1381 999 1450 ipsis
1028 1382 1264 1445 tradidit,
1294 1399 1465 1452 neque
1497 1384 1730 1452 permisit
1757 1391 1814 1436 ut
1847 1383 2014 1437 labori
2038 1397 2193 1436 vaca-

679 1479 818 1537 rent,
854 1481 909 1523 ut
935 1473 1228 1524 custodiant
1259 1473 1653 1540 justiﬁcationes
1678 1473 1870 1542 ejus,et
1901 1473 2054 1540 legem
2084 1471 2190 1538 ejus

679 1563 962 1631 requirant.
993 1560 1113 1616 Haec
1141 1562 1402 1628 promisit,
1441 1564 1561 1631 quia
1600 1562 1963 1615 custodierant
1997 1560 2194 1627 justiﬁ-

681 1653 918 1706 cationes
947 1652 1080 1719 ejus.
1112 1648 1253 1706 Talis
1284 1654 1476 1722 quippe
1504 1652 1643 1706 Deus
1673 1661 1771 1712 est,
1808 1661 1863 1703 ut
1896 1651 2195 1704 misericor-

683 1742 826 1794 diam
865 1754 1015 1795 suam
1051 1741 1393 1810 diligentibus
1446 1759 1504 1796 se
1553 1740 1881 1794 in'millibus
1931 1738 2191 1793 exhibeat.

684 1827 778 1882 llis
798 1837 972 1883 autem
998 1830 1211 1886 illorum
1235 1831 1515 1888 nepotibus
1537 1829 1663 1881 talia
1691 1829 1931 1896 praestitit
1956 1835 2009 1882 et
2037 1827 2195 1895 largi—

2288 680 2399 718 σου
2422 665 2626 717 δίδωσι
2654 681 2749 721 σοι
2769 665 2880 730 τὴν
2892 661 3004 732 γῆν
3031 664 3141 732 τὴν
3168 663 3394 732 ἀγαθὴν
3416 666 3634 728 ταύτην
3659 669 3805 731 adn-

2282 754 2628 823 ρονομῆσαι,
2673 755 2757 809 ὅτι
2773 753 2924 819 ’λαὸς
2948 753 3470 822 σκληροτράχηλος
3491 750 3561 805 εἷ.
3581 754 3685 806 Kal
3709 755 3810 816 ἐξ-

2288 845 2467 913 ήγαγε
2515 846 2618 897 τὸν
2659 845 2808 898 λαὸν
2839 845 3017 904 αὐτοῦ
3040 845 3495 913 crematam,
3528 849 3622 898 καὶ
3666 846 3811 909 τοὺς

2289 933 2596 997 ἐκλεκτοὺς
2615 933 2794 986 αὐτοῦ
2815 915 2883 984 ἐν
2912 934 3265 1001 εὐφροσύνη.
3295 934 3554 986 Ἐκαστον
3576 934 3680 1004 γὰρ
3699 934 3814 985 τῶν

2289 1023 2584 1093 γενομένων
2614 1026 2691 1086 είς
2721 1022 2900 1092 θαῦμα
2940 1023 3183 1091 μέγιστον
3211 1022 3295 1094 ἦν,
3340 1026 3430 1078 καὶ
3461 1026 3652 1095 πολλὴν
3697 1021 3816 1094 εἶχε

2290 1115 2389 1183 τὴν
2413 1111 2868 1183 παραδοξοποιίαν,
2892 1112 2950 1162 τὸ
2977 1113 3336 1182 ἀπαλλαγῆναι
3360 1115 3473 1184 μεθ’
3494 1115 3682 1184 ἡδονῆς
3703 1115 3818 1166 τῶν

2292 1203 2564 1255 ὠθούντων
2586 1202 2818 1264 ἐκείνων,
2850 1202 2938 1259 καὶ
2962 1202 3073 1269 μετ’
3107 1202 3356 1270 εὐπορίας
3389 1204 3615 1270 ἁπάσης,
3651 1203 3710 1254 τὸ
3751 1204 3822 1254 ἐν

2299 1290 2452 1359 ὑγεία
2501 1288 2709 1358 καθαρᾷ
2757 1289 2888 1356 (sic).
2947 1287 3056 1341 Kal
3101 1288 3312 1341 ἔδωκεν
3375 1289 3570 1354 αὐτοῖς
3619 1289 3824 1357 χώρας

2291 1379 2494 1444 ἐθνῶν,
2534 1380 2627 1430 καὶ
2659 1380 2877 1442 πόνους
2914 1377 3073 1430 λαῶν
3108 1381 3710 1446 κατεκληρονόμησαν.
3734 1381 3826 1431 Οὐ

2293 1469 2396 1540 γὰρ
2424 1469 2483 1539 δὴ
2506 1469 2655 1537 μόνον
2692 1468 2795 1520 τῶν
2823 1468 3091 1537 προτέρων
3127 1467 3444 1536 ἀπήλλαξεν,
3471 1469 3601 1520 ἀλλὰ
3626 1470 3715 1520 καὶ
3743 1469 3828 1519 τὰ

2293 1558 2396 1610 τῶν
2413 1559 2604 1624 ἐτέρων
2628 1557 3026 1618 ἐδωκεναύτοίς,
3056 1556 3282 1624 οὐδαμοῦ
3311 1560 3482 1607 πονεῖν
3506 1556 3824 1625 συγχωρῶν,

2295 1648 2447 1712 ὅπως
2467 1649 2541 1700 ἂν
2570 1647 2873 1714 φυλάξωσι
2910 1647 2979 1699 τὰ
3010 1646 3356 1713 δικαιώματα
3383 1647 3686 1711 αὺτοῦ,καὶ
3711 1647 3830 1698 τὸν

2295 1739 2475 1804 νόμον
2520 1737 2700 1789 αὑτοῦ
2757 1736 3140 1803 ἐκζητήσωσι.
3194 1736 3371 1788 Ταῦτα
3422 1737 3776 1806 ἐπηγγείλατο
3805 1777 3827 1801 ,

2297 1826 2477 1894 ἐπειδὴ
2504 1825 2764 1894 ἐφύλαξαν
2788 1825 2852 1877 τὰ
2876 1826 3207 1894 δικαιώματα
3234 1824 3414 1879 αὑτοῦ.
3447 1825 3686 1886 Τοιοῦτος
3708 1825 3832 1892 γάρ

686 1926 772 1972 tus
799 1925 914 1971 est:
948 1919 1231 1974 cobortans
1261 1927 1314 1973 et
1359 1920 1634 1974 concitans
1668 1933 1760 1973 eos
1789 1919 1854 1972 ad
1899 1918 2200 1981 custodien-

2308 1917 2438 1967 ἐστιν
2473 1917 2501 1966 ό
2524 1916 2671 1978 Θεὸς,
2706 1915 2872 1969 ποιῶν
2912 1915 3055 1977 ἔλεος
3088 1917 3164 1976 εἰς
3210 1914 3441 1986 χιλιάδας
3468 1916 3574 1974 τοῖς
3597 1913 3834 1980 ἀγαπῶ-

687 2006 787 2059 das
810 2007 1222 2074 justiticationes
1253 2009 1419 2076 ipsius
1455 2015 1508 2062 et
1528 2009 1690 2076 legem
1726 2009 1893 2076 ipsius
1922 2007 2202 2077 exquiren-

687 2095 827 2147 dam.
878 2094 980 2148 Sed
1032 2098 1156 2166 quia
1211 2107 1287 2153 tot
1334 2098 1535 2167 dignati
1585 2097 1756 2162 bonis,
1800 2098 2047 2166 praedicta
2096 2114 2202 2154 non

688 2185 1083 2250 custodierunt,
1122 2197 1248 2240 tunc
1293 2187 1465 2240 ablata
1508 2187 1572 2239 ab
1607 2187 1738 2255 ipsis
1768 2171 1935 2258 gratia
1968 2195 2070 2252 est,
2105 2202 2203 2242 nec

689 2275 844 2329 modo
899 2282 1094 2329 terram
1148 2279 1458 2341 amiserunt,
1490 2278 1582 2332 sed
1626 2279 1785 2330 etiam
1832 2291 1860 2328 a
1913 2277 2019 2330 Deo
2069 2277 2203 2345 lapsi

691 2373 832 2431 sunt,
881 2381 944 2422 ac
987 2366 1222 2437 gentium
1270 2377 1321 2420 et
1369 2367 1704 2421 inimicorum
1751 2366 1890 2420 servi
1934 2365 2058 2422 sunt
2130 2365 2207 2421 ef-

690 2454 836 2510 fecti.

2305 2022 2386 2060 σιν
2409 2005 2585 2062 αὐτόν.
2624 2006 2838 2068 Τούτοις
2867 2007 2920 2058 δέ
2953 2008 3063 2067 τοῖς
3087 2004 3300 2057 ἐκείνων
3337 2004 3613 2070 ἀπογόνοις
3637 2001 3705 2053 τὰ
3729 2019 3837 2054 τοο

2309 2092 2476 2149 σαῦτα
2508 2094 2742 2162 παρέσχε
2789 2094 2879 2147 καὶ
2923 2092 3225 2167 ἐχαρίσατο,
3269 2093 3581 2164 προτρέπων
3625 2090 3838 2149 αὐτοὺς

2304 2185 2396 2236 καὶ
2422 2182 2710 2252 παρορμῶν
2743 2184 2820 2243 είς
2850 2182 2910 2234 τὸ
2937 2181 3215 2248 φυλάττειν
3245 2183 3312 2234 τὰ
3354 2179 3684 2248 δικαιώματα
3718 2183 3838 2232 αὑ-

2303 2272 2423 2336 τοῦ,
2460 2272 2550 2323 καὶ
2590 2271 2676 2322 τὸν
2719 2271 2874 2338 νόμον
2914 2270 3072 2322 αὑτοῦ
3116 2273 3374 2339 ἐκζητείν.
3429 2270 3561 2320 Ἀλλ’
3590 2271 3668 2319 ὅτι
3712 2268 3842 2321 τῶν

2300 2362 2560 2416 τοσούτων
2586 2361 2868 2430 ἠξιωμένοι
2908 2361 3004 2411 οὐκ
3041 2359 3300 2426 ἐφύλαξαν
3335 2359 3402 2414 τὰ
3433 2360 3717 2426 εἰρημένα,
3765 2359 3844 2408 τὸ

2311 2452 2590 2522 τηνικαῦτα
2616 2451 2752 2520 ἠρθη
2780 2452 2870 2503 ἀπ’
2899 2451 3072 2503 αὐτῶν
3097 2453 3128 2519 ἡ
3158 2449 3330 2517 χάρις,
3355 2447 3446 2499 καὶ
3473 2448 3529 2498 ού
3554 2449 3706 2515 μόνον
3724 2447 3844 2514 τὴν

690 2543 791 2604 γῆν
819 2542 958 2594 απυδ)
971 2559 1112 2608 εσαν,
1133 2542 1264 2598 ἀλλὰ
1291 2545 1379 2596 καὶ
1406 2543 1496 2597 τοῦ
1515 2543 1647 2596 Θεοῦ
1672 2544 2061 2606 ἐκπεπτωκασι,
2083 2543 2254 2596 δοῦλοί
2290 2559 2349 2597 τε
2370 2542 2475 2596 τῶν
2507 2540 2670 2595 ἐθνῶν
2701 2542 2789 2594 καὶ
2821 2539 3084 2609 πολεμίων
3115 2538 3378 2606 γεγόνασι.

1198 2743 1549 2798 ALLELUIA.
1579 2742 1687 2797 CV.

761 2833 922 2889 Vsus.
976 2835 1084 2888 i--5.
1127 2833 1453 2903 Conﬁtemini
1479 2833 1720 2898 Domino,
1750 2834 1991 2903 quoniam
2029 2831 2208 2894 bonus,

695 2928 935 2995 quoniam
955 2928 1007 2979 in
1026 2906 1271 2980 secutum
1291 2925 1642 2978 misericordia
1675 2925 1805 2992 ejus.
1832 2924 1958 2988 Quis
1981 2923 2211 2992 loquetur

695 3016 947 3082 potentias
980 3013 1207 3076 Domini,
1241 3012 1445 3064 auditas
1471 3011 1622 3077 faciet
1647 3027 1817 3064 omnes
1852 3010 2029 3066 laudes
2056 3010 2211 3078 ejus?

697 3104 845 3159 Beati
863 3105 948 3173 qui
971 3105 1263 3157 custodiunt
1285 3101 1560 3170 judicium,
1591 3109 1640 3155 et
1663 3102 1860 3169 faciunt
1873 3096 2137 3170 justitiam
2157 3100 2212 3153 in

700 3195 838 3249 omni
868 3203 1103 3259 tempore.
1135 3191 1385 3246 Memento
1421 3191 1606 3254 nostri,
1637 3190 1873 3255 Domine,
1902 3192 1954 3244 in
1979 3189 2213 3257 ἑσπερία-

698 3285 800 3338 cito
819 3256 989 3350 populi
1028 3283 1122 3345 tui,
1145 3283 1296 3335 visita
1325 3298 1414 3334 nos
1443 3283 1498 3334 in
1530 3281 1758 3335 salutari
1788 3288 1896 3335 tuo.
1919 3279 2000 3333 Ad
2031 3256 2210 3332 viden-
2238 3256 2278 3312 Ο

699 3371 822 3424 dum
856 3372 909 3423 in
941 3370 1162 3424 bonitate
1187 3369 1484 3433 electorum,
1524 3369 1591 3421 ad
1638 3368 1918 3422 uelandum
1955 3369 2008 3421 in
2036 3367 2217 3421 lwtitia

701 3462 863 3531 gentis
909 3470 1027 3522 tuae,
1074 3469 1130 3513 ut
1188 3460 1410 3514 lauderis
1462 3476 1576 3514 cum
1621 3458 1925 3514 hereditate
1979 3468 2087 3514 tua.
2120 3456 2219 3510 Hic

703 3564 912 3619 quoque
942 3551 1179 3618 psalmus
1210 3551 1416 3608 laudem
1440 3553 1800 3621 bymnumque
1825 3550 1879 3602 in
1905 3548 2070 3602 Deum
2093 3562 2220 3601 con-

703 3640 856 3700 tinet,
893 3653 1056 3708 quare
1086 3640 1375 3708 inscriptus
1410 3648 1512 3704 est,
1544 3640 1789 3701 Alleluia,
1819 3638 1960 3706 quod
1997 3637 2222 3705 explica-

705 3736 812 3790 tur,
840 3727 1075 3780 Laudate
1102 3717 1395 3782 Dominum.
1449 3726 1636 3781 Statim
1673 3733 1848 3780 autem
1881 3739 1910 3776 a
1964 3723 2223 3791 principio

668 3809 674 3814 ί
708 3818 946 3888 praecipit
969 3818 1034 3870 iis
1063 3819 1200 3886 quia
1220 3819 1452 3887 peccatis
1477 3814 1878 3889 aguntur,utad
1908 3812 2000 3866 Dei
2033 3811 2221 3865 Filium

709 3921 964 3976 tanquam
987 3908 1051 3960 ad
1085 3907 1343 3961 medicum
1359 3915 1410 3962 et
1430 3915 1753 3962 servatorem
1778 3904 2056 3966 accedant,
2071 3913 2226 3971 atque

713 4001 925 4070 propria
969 3997 1281 4052 conﬁtentes
1339 4007 1578 4067 peccata,
1632 3997 1822 4051 animze
1862 3996 2082 4050 vulnera
2127 3993 2228 4061 ipsi

713 4089 978 4157 detegant.
1007 4085 1107 4149 Qui
1150 4101 1276 4139 vero
1327 4084 1382 4138 id
1425 4086 1634 4140 sincere
1682 4091 1900 4154 praestat
1948 4098 2010 4138 ac
2039 4081 2230 4137 delicta

715 4178 941 4247 pristina
974 4173 1146 4242 deﬂet,
1181 4175 1232 4228 id
1256 4182 1440 4229 utnon
1477 4175 1653 4228 verbis
1678 4168 1903 4237 tantum,
1934 4171 2028 4227 sed
2054 4171 2231 4224 animo

715 4282 925 4337 quoque
941 4277 993 4319 et
1012 4267 1261 4338 operibus
1286 4273 1519 4336 peragat,
1551 4279 1580 4316 a
1605 4263 1885 4318 Psalmista
1915 4261 2230 4319 instituitur.

717 4356 970 4409 Hortatur
1023 4371 1179 4424 porro
1217 4355 1282 4409 ad
1324 4356 1574 4407 alacriter
1621 4351 1999 4416 conﬁtendum,
2035 4363 2236 4404 annun-

718 4446 919 4510 tiando,
957 4446 1211 4510 Quoniam
1263 4445 1419 4499 bonus
1466 4454 1548 4498 est
1595 4442 1870 4506 Dominus,
1918 4444 2154 4510 quoniam
2182 4441 2235 4492 in

719 4538 964 4590 saeculum
984 4536 1336 4589 misericordia
1359 4539 1490 4604 ejus.
1521 4535 1721 4588 Idcirco
1749 4534 1822 4586 ait
1852 4538 2094 4601 prompto
2114 4529 2233 4583 ani-

2784 2737 3201 2793 ἈΛΛΗΛΟΥΙΔ.
3223 2736 3343 2794 ΡΕ’.

2385 2829 2850 2899 Ἐξομολογεῖσθε
2868 2829 2944 2893 τῷ
2971 2829 3178 2895 Κυρίῳ,
3199 2826 3287 2878 ὅτι
3319 2837 3591 2894 χρηστος,
3625 2823 3713 2876 ὅτι
3741 2837 3856 2889 εις

2306 2922 2410 2976 τὸν
2437 2920 2617 2976 αἰῶνα
2645 2919 2706 2971 τὸ
2739 2918 2908 2981 ἕλεος
2949 2915 3149 2968 αὐτοῦ.
3193 2915 3284 2977 Τίς
3323 2911 3566 2975 λαλήσει
3594 2911 3692 2974 τὰς
3722 2910 3854 2961 δυ-

2310 3012 2584 3076 ναστείας
2615 3008 2719 3063 τοῦ
2765 3008 2999 3074 Κυρίου,
3051 3002 3345 3066 ἀκουστὰς
3368 3001 3594 3066 ποιήσει
3629 2998 3854 3062 πάσας

2309 3103 2414 3166 τὰς
2457 3099 2708 3162 αἱνέσεις
2743 3095 2960 3157 αὐτοῦς
3007 3091 3290 3158 Μακάριοι
3333 3091 3384 3140 οὶ
3415 3085 3857 3154 φυλάσσοντες

2313 3191 2526 3258 κρίσιν,
2567 3186 2866 3250 ποιοῦντες
2911 3182 3291 3245 δικαιοσύνην
3318 3179 3384 3230 ἐν
3415 3173 3584 3234 παντὶ
3629 3173 3857 3240 καιρῷ-

2309 3279 2611 3348 Μνήσθητι
2637 3275 2818 3344 ἡμῶν,
2846 3275 3036 3338 Κύριε,
3078 3271 3146 3323 ἐν
3175 3268 3246 3335 τῇ
3275 3266 3512 3329 εὐδοκία
3542 3262 3647 3317 τοῦ
3687 3262 3860 3316 λαοῦ

2310 3384 2440 3436 σου,
2471 3370 2779 3434 ἐπίσκεψαι
2798 3363 3027 3433 ἡμᾶςὲν
3041 3361 3118 3426 τῷ
3136 3358 3394 3426 σωτηρίῳ
3414 3373 3542 3418 σου,
3567 3353 3676 3406 τοῦ
3699 3355 3863 3407 ἰδεῖν

2311 3462 2377 3514 ἐν
2397 3458 2469 3527 τῇ
2495 3457 2845 3527 χρηστότητί
2872 3471 2982 3507 σου
2997 3451 3111 3505 τῶν
3124 3446 3434 3510 ἐκλεκτῶν,
3462 3444 3563 3496 τοῦ
3582 3445 3865 3511 augear-

2314 3551 2483 3620 θῆναι
2517 3550 2582 3602 ἐν
2605 3547 2940 3616 εὐφροσύνῃ
2968 3543 3070 3597 τοῦ
3100 3539 3248 3594 λαοῦ
3283 3554 3417 3602 σου,
3453 3533 3554 3587 τοῦ
3579 3533 3863 3584 ἐπαινεῖ-

2316 3644 2449 3694 σθαι
2470 3640 2615 3708 μετὰ
2642 3637 2746 3704 τῆς
2775 3633 3165 3702 κληρονομίας
3207 3646 3341 3682 σου.
3372 3623 3521 3679 Αϊνον
3552 3623 3646 3675 καὶ
3679 3621 3866 3691 ὕμνον

2319 3728 2449 3797 πρὸς
2474 3727 2562 3778 τὸν
2603 3725 2732 3776 Θεὸν
2780 3721 2871 3775 καὶ
2903 3722 2930 3771 ὁ
2972 3717 3156 3787 παρὼν
3193 3713 3400 3783 ψαλμὸς
3446 3710 3726 3780 περιέχει⁶
3775 3710 3870 3761 διὸ

2321 3815 2746 3884 ἐπιγέγραπται,
2806 3808 3150 3874 Ἀλληλούτα
3178 3821 3192 3835 ο
3246 3804 3378 3870 ὅπερ
3436 3798 3813 3869 ἑρμηνεύεται
3851 3837 3870 3861 ,

2322 3905 2539 3959 Αἰνεῖτε
2562 3904 2664 3956 τὸν
2696 3904 2928 3968 Κύριον.
2955 3895 3277 3968 Προστάττει
3299 3892 3353 3944 δὲ
3373 3889 3526 3950 εὐθὺς
3549 3888 3872 3955 ἀρχόμενος

2322 3997 2429 4057 τοῖς
2482 3992 2876 4063 ἁμαρτημάτων
2923 3980 3480 4058 ὁρμωμένοιςίῶσπερ
3535 3975 3710 4046 ἰατρῷ
3765 3979 3876 4030 καὶ

2329 4084 2527 4155 σωτῆρι
2559 4083 2832 4153 προσιέναι
2873 4078 2948 4148 τῷ
2985 4071 3352 4146 θεραπευτικῷ
3403 4067 3493 4122 τοῦ
3532 4066 3670 4118 Θεοῦ
3720 4067 3875 4136 Υἰῷ,

2326 4175 2416 4230 καὶ
2440 4176 2506 4228 τὰ
2529 4172 2808 4242 τραύματα
2824 4168 2922 4236 τῆς
2950 4167 3120 4236 ψυχῆς
3139 4158 3469 4232 ἀπογυμνοῦν
3488 4155 3656 4227 αὐτῷ,
3686 4157 3783 4210 διὰ
3810 4157 3880 4208 τὸ

2328 4261 2746 4333 ἐξομολογεῖσθαι
2777 4259 2872 4321 τὰς
2914 4256 3111 4317 οἰκείας
3157 4251 3440 4323 ἁμαρτίας.
3467 4248 3541 4301 -'O
3559 4246 3650 4333 _8k
3707 4246 3881 4299 τοῦτο

2328 4331 2574 4424 πράττων
2601 4349 2849 4419 γνησίως,
2868 4346 2959 4398 καὶ
2991 4343 3405 4411 ἀποκλαιόμενος
3427 4337 3508 4406 ἐφ’
3531 4331 3610 4424 οἷς

2333 4421 2602 4512 πρότερον,
2640 4440 2718 4491 ὅτι
2753 4437 2824 4505 μὴ
2852 4435 3024 4501 λόγοις
3053 4434 3227 4502 μόνοις
3273 4429 3426 4481 τοῦτο
3472 4423 3700 4494 πρᾶξαι,
3731 4421 3872 4474 ille

2331 4536 2396 4601 τῇ
2426 4528 2653 4584 διαθέσει
2704 4525 2796 4581 καὶ
2842 4525 3018 4584 αὐτοῖς
3066 4524 3176 4581 τοῖς
3208 4520 3506 4588 πράγμασι,
3561 4513 3722 4601 παρὰ
3778 4515 3874 4601 τοί

721 4640 808 4678 mo
833 4625 1178 4687 conﬁtemini,
1204 4626 1327 4692 quia
1355 4586 1407 4679 ei
1435 4627 1548 4693 ipse
1569 4624 1634 4677 ad
1660 4622 1992 4678 clementiam
2019 4627 2209 4689 paratu.

2333 4586 2626 4689 ‘li'alpgﬁoﬁ
2664 4613 2935 4682 κομίζεται
2982 4608 3077 4678 τὴν
3121 4586 3412 4693 εἰσήγησιν,
3448 4599 3763 4693 Πρρτρέπει
3800 4600 3887 4693 _

721 4721 821 4776 est,
840 4728 1036 4783 gnarus
1067 4729 1151 4767 res
1175 4715 1449 4782 praesentis
1475 4714 1654 4767 saeculi
1680 4709 2044 4766 misericordia
2059 4725 2208 4780 egere

2336 4708 2621 4780 προθύμως
2658 4706 2750 4757 ἐπί
2778 4703 2874 4771 τὴν
2902 4696 3297 4767 ἐξομολόγησιν,
3337 4691 3423 4748 διὰ
3451 4689 3543 4743 τοῦ
3583 4690 3879 4783 ἐπαγῖέλ-

724 4811 904 4870 utpote
925 4817 1042 4871 quae
1070 4803 1313 4857 mortales
1346 4813 1399 4858 et
1427 4804 1579 4857 ﬂuxae
1610 4807 1734 4858 sint.

2335 4778 2534 4860 λεσθαι,
2569 4797 2689 4847 Ὅτι
2716 4786 2973 4861 χρηστὸς
3000 4787 3028 4837 ὁ
3066 4786 3263 4854 Κύριος
3285 4820 3300 4846 ,
3331 4782 3418 4833 ὅτι
3445 4783 3526 4844 εἰς
3549 4779 3660 4832 τὸν
3687 4778 3889 4832 αἰῶνα

724 4893 791 4945 τὸ
831 4893 996 4957 ἕλεος
1019 4892 1217 4945 αὐτοῦ.
1265 4894 1361 4946 Διὰ
1406 4895 1570 4947 ταῦτα
1619 4895 1744 4963 γὰρ,
1776 4895 1924 4965 φησὶ,
1955 4892 2239 4962 προθύμως
2300 4886 2716 4959 ἐξομολογεῖσθε,
2754 4886 2835 4936 ὅτι
2888 4880 2980 4934 καὶ
3010 4876 3167 4938 αὐτὸς
3199 4874 3407 4965 ἕτοιμός
3445 4873 3584 4925 ἔστιν
3638 4872 3722 4932 εἱς
3755 4872 3888 4938 φιλ-

729 4985 1051 5054 ανθρωπίαν,
1078 4983 1229 5047 εἰδὼς
1251 4985 1331 5036 ὅτι
1356 4985 1500 5038 ἐλέου
1519 4987 1687 5061 δεῖται.
1708 4987 1775 5038 τὰ
1794 4986 1882 5038 τοῦ
1913 4982 2192 5045 ἐνεστῶτος
2221 4980 2408 5042 αἰῶνος
2435 4979 2721 5050 πράγματα
2745 4971 2909 5041 θνητὰ
2929 4969 3058 5061 cura.
3085 4967 3175 5032 nui.
3208 4964 3458 5061 ἐπίκηρα.

798 5071 1031 5126 γεοειθ.
1063 5073 1391 5126 Peccavimus
1417 5089 1528 5125 cum
1551 5074 1781 5140 patribus
1815 5075 2025 5136 nostris,
2054 5074 2244 5140 injuste

732 5161 945 5229 egimus,
977 5163 1293 5229 iniquitatem
1340 5163 1572 5230 fecimus.
1615 5161 1729 5216 Non
1763 5164 1882 5226 soli,
1902 5164 2092 5231 inquit,
2124 5175 2218 5229 pec

2416 5047 2763 5134 Ἠμάρτομεν
2806 5058 2953 5129 μετὰ
2977 5055 3093 5111 τῶν
3122 5053 3379 5121 πατέρων
3405 5048 3583 5120 ἡμῶν,
3642 5047 3887 5116 1670;";-

2341 5153 2950 5225 σαμεν,ὴδικήσαμεν.
2989 5146 3062 5200 Οὐ
3106 5144 3270 5214 μόνοι,
3305 5141 3482 5212 φησὶν,
3513 5134 3886 5225 ἡμάρτομεν·

734 5223 1004 5316 cavimus;
1033 5223 1123 5306 sed
1150 5254 1193 5307 si
1224 5223 1469 5322 quis'jam
1491 5251 1612 5305 inde
1645 5266 1674 5303 a
1692 5223 1886 5319 priscis
1919 5223 2209 5320 temporibu

2344 5223 2455 5302 ἀλλ’
2487 5246 2538 5298 εῐ
2565 5259 2646 5306 τις
2668 5242 2962 5307 ἐξετάσειεν
2985 5235 3183 5290 ἄνωθεν
3214 5233 3328 5322 iam
3347 5229 3452 5322 τῶν
3483 5223 3709 5322 πρώτων
3755 5230 3891 5322 χρε-

736 5341 990 5406 exploret,
1012 5355 1177 5408 genus
1199 5316 1441 5395 nostrum
1494 5316 1723 5409 peccatis
1764 5356 1971 5408 semper
2011 5316 2209 5394 deditur

2347 5351 2468 5398 νων,
2502 5335 2647 5403 εὖροι
2678 5332 2742 5384 ἂν
2783 5330 2868 5384 ἀεὶ
2916 5326 3007 5380 καὶ
3036 5325 3100 5376 ἐκ
3145 5321 3235 5374 τοῦ
3266 5319 3456 5409 παντὸς
3495 5316 3893 5409 ἁμαρτητικὸν

741 5402 904 5483 fuisse
925 5402 1296 5498 deprehendet.
1314 5431 1446 5483 Cum
1467 5402 1608 5485 enim
1635 5444 1664 5481 a
1683 5429 1860 5499 Moyse
1879 5402 1959 5482 tot
1991 5429 2209 5482 miracul

2347 5402 2598 5492 τυγχάνον
2622 5422 2682 5473 τὸ
2711 5419 2970 5490 ἡμέτερον
2999 5413 3166 5480 γένοςο
3215 5407 3484 5499 Τοσούτφν
3524 5402 3630 5499 ΤῩΡ
3658 5402 3892 5499 ea???

740 5517 1039 5581 ederentur,
1061 5533 1168 5571 non
1197 5519 1599 5582 intellexerunt;
1629 5521 1721 5573 sed
1755 5521 1980 5572 salutem
2013 5519 2209 5580 nacti,t

2352 5516 2475 5566 σίων
2505 5512 2591 5566 διὰ
2619 5509 2889 5568 Μωῦσέως
2915 5500 3350 5570 ἐπιτελουμένων,
3369 5494 3430 5547 οὐ
3459 5492 3716 5561 συνῆκαν,

744 5603 1185 5675 abAﬁgyptiorum
1211 5608 1461 5663 servitute
1488 5581 1714 5674 liberati,
1740 5624 1844 5664 non
1867 5617 2209 5679 cognoveram

2351 5604 2441 5658 καὶ
2468 5599 2729 5675 σωτηρίας
2749 5596 3015 5668 τυχόντες,
3049 5590 3138 5646 καὶ
3167 5589 3261 5658 τῆς
3287 5586 3376 5639 ὑπ’
3400 5582 3717 5651 Αιγυπτίοις
3756 5581 3888 5638 δου-

812 5775 856 5807 εο
890 5773 1042 5832 Deut.
1075 5791 1146 5843 ix,
1179 5777 1290 5837 4-6.
