3994 6354
244 388 393 445 1518

1318 388 1809 462 consummaui
1850 406 1916 464 IN
1952 365 2282 468 pSALuos‘.
2376 433 2386 451 ο

3240 417 3378 475 1514

238 499 379 602 λείας
408 500 872 575 ἐλευθερωθέντες,
913 509 1296 579 ούκιέγνωσαν,
1328 516 1409 569 ὃτι
1456 520 1516 571 ού
1552 520 1640 574 διὰ
1664 521 1739 574 ea

1858 526 1999 594 quod
2034 541 2139 581 non
2158 527 2379 596 iustitiae
2399 538 2509 583 suae
2537 542 2720 595 causa,
2751 536 2922 600 neque
2950 531 3091 602 quod
3142 532 3244 601 ipsi
3283 532 3378 589 Dei

236 590 406 644 αὐτῶν
433 593 789 661 δικαιοσύνας,
808 598 927 652 οὕτε
948 600 1037 683 ’διὰ
1049 602 1108 654 τὸ
1136 600 1271 657 εἶναι
1304 608 1603 679 ἐπισκοπῆς
1625 610 1756 664 Θεοῦ

234 680 429 747 ἀξίους,
475 684 560 738 διὰ
601 686 657 741 δέ
694 687 754 740 τὸ
781 680 978 759 πλῆθος
1008 692 1098 745 τοῦ
1129 694 1307 759 ἐλέους
1344 699 1518 772 ,αὐτοῦ
1560 700 1757 756 τούτων

230 774 571 844 τετυχήκασι.

300 864 364 915 Ol
401 864 641 933 πατέρες
678 867 842 937 ἡμῶν
873 868 942 921 ἐν
970 871 1237 939 Αἰγύπτῳ
1275 876 1346 927 οὐ
1390 875 1659 943 συνῆκαν
1686 877 1759 931 τὰ

229 948 520 1017 θαυμάσια
540 968 674 1018 σου,
697 957 805 1009 οὐκ
830 955 1214 1025 ἐμνήσθησαν
1236 961 1340 1015 τοῦ
1363 964 1627 1031 πλήθους
1654 965 1756 1019 τοῦ

226 1037 431 1106 ἐλέους
459 1054 590 1096 σου.
629 1045 735 1098 Καὶ
777 1048 1219 1114 παρεπίκραναν
1251 1050 1667 1119 ἀναϐαίνοντες
1688 1055 1756 1107 ἐν

225 1126 301 1197 τῇ
343 1131 581 1200 Ἐρυθρᾷ
632 1136 926 1205 θαλάσσῃ.
985 1136 1165 1192 Ταῦτα
1217 1141 1315 1211 μὲν
1358 1143 1389 1193 ό
1431 1144 1534 1214 πρὸ
1568 1144 1752 1198 τούτου

222 1493 316 1545 καὶ
374 1496 548 1559 πάσας
607 1498 698 1551 τοῦ
762 1499 889 1552 λαοῦ
953 1501 1051 1564 τὰς
1118 1502 1425 1568 δυσσεϐείας
1488 1505 1749 1569 διέξεισιν.

226 1584 378 1638 Ἐστι
403 1585 457 1637 δὲ
490 1588 582 1640 καὶ
615 1590 642 1642 ό
685 1589 973 1659 πᾶς’λόγος
995 1589 1088 1645 τοῦ
1140 1593 1400 1667 Ἰουδαίων
1430 1595 1557 1648 λαοῦ
1587 1614 1751 1667 κατη-

220 1675 453 1745 γορικός.
511 1678 613 1731 Καὶ
656 1682 1093 1749 παρεπίκραναν
1122 1683 1536 1757 ἀναϐαίνοντες
1576 1687 1643 1739 ἑν
1677 1684 1751 1755 τῇ
1778 1750 1785 1757 _

231 1764 469 1833 Ἐρυθρᾷ
490 1768 778 1839 θαλάσσῃ.
798 1772 1182 1842 Προσελθόντες
1210 1777 1411 1847 Μωῦσῇ
1436 1778 1527 1830 καὶ
1555 1794 1626 1848 φη
1636 1794 1753 1829 σαν-

1861 616 2189 684 providentia
2228 617 2376 687 digni
2427 625 2646 683 essent,
2701 620 2794 675 sed
2840 622 2908 683 ob
2962 622 3378 693 magnitudinem

1860 705 2238 763 misericordia:
2266 706 2456 775 ipsius,
2494 706 2605 761 huic
2631 709 2903 763 consecuti
2927 709 3055 769 sint.

1925 875 2087 931 Vsus.
2117 877 2168 941 7,
2190 877 2243 932 8.
2271 874 2456 931 Patres
2486 878 2648 931 nostri
2675 880 2730 931 in
2757 877 2981 950 Egypto
3001 896 3100 934 non
3120 881 3379 935 intellexe-

1857 976 1979 1019 runt
2005 967 2268 1020 mirabilia
2303 977 2412 1033 tua,
2457 984 2558 1022 non
2595 968 2804 1037 fuerunt
2853 985 3095 1024 memores
3140 970 3380 1023 multitu-

1856 1053 1992 1109 diris
2022 1056 2389 1113 misericordia:
2428 1066 2548 1110 tum.
2586 1056 2650 1110 Et
2681 1058 3011 1113 irritaverant
3052 1052 3376 1114 ascendentes
3412 1131 3416 1136 '

1856 1142 1911 1194 in
1934 1158 2075 1195 mare
2097 1141 2343 1197 Rubrum.
2378 1141 2498 1197 11ωο
2518 1143 2729 1213 quidem
2778 1146 3085 1214 praecedens
3136 1148 3377 1217 psalmus

1854 1234 2143 1296 enarravit,
2175 1234 2438 1314 mirabilia
2472 1249 2599 1289 vero
2629 1234 2683 1287 in
2732 1235 2941 1291 deserto
2984 1244 3191 1306 patrata
3226 1253 3376 1292 com-

1855 1322 2047 1390 pendio
2072 1324 2274 1388 retulit,
2308 1324 2616 1393 nullamque
2665 1325 2718 1379 in
2772 1327 3022 1395 populum
3080 1330 3375 1382 accusatio-

1854 1426 1974 1465 nem
2017 1412 2267 1467 instituit.
2302 1411 2400 1466 Hic
2444 1429 2572 1467 vero
2598 1415 2836 1482 psalmus
2866 1418 3083 1470 resumit
3112 1419 3375 1473 narratio-

1815 1510 1994 1565 ‘nem,
2050 1515 2341 1571 omnesque
2397 1504 2577 1571 populi
2624 1505 2919 1571 impietates
2970 1516 3370 1562 commemorat.

1852 1587 2124 1659 Totusque
2161 1603 2337 1643 sermo
2355 1588 2589 1644 Iudaicae
2610 1593 2785 1660 gentis
2829 1593 3101 1647 accusatio
3150 1602 3252 1649 est.
3304 1593 3372 1649 Et

1851 1678 2180 1732 irritaverant
2205 1677 2529 1733 ostendentes
2552 1680 2606 1733 in
2632 1696 2774 1734 mare
2799 1680 3025 1736 Rubrum
3047 1684 3122 1749 ’°;
3156 1698 3276 1737 cum
3305 1685 3373 1739 ad

1852 1766 2088 1837 Moysem
2128 1768 2444 1823 accedentes
2472 1769 2710 1829 dicerent
2738 1786 2752 1821 :
2785 1768 2997 1825 Utinam
3022 1775 3212 1827 mortui
3236 1791 3373 1829 esse-

216 1869 327 1917 τες,
348 1858 596 1924 Ὄφελον
608 1860 721 1927 μὲν
735 1861 1100 1932 ἀπεθάνομεν
1114 1866 1181 1917 ἐν
1199 1864 1275 1933 γῇ
1291 1868 1578 1935 Αἰγύπτῳ,
1591 1867 1628 1936 ἢ
1644 1866 1739 1921 ἐπὶ

1844 1871 1957 1909 mus
1993 1856 2048 1937 in
2076 1854 2322 1925 ngypto,
2348 1866 2437 1909 aut
2466 1858 2520 1910 in
2548 1861 2643 1911 hac
2671 1860 2980 1914 solitudine!
3003 1870 3056 1917 et
3088 1880 3100 1915 :
3133 1864 3214 1916 An
3248 1865 3371 1933 quia

216 1943 325 2012 τῆς
342 1945 558 2016 ἐρήμου
569 1952 803 2018 ταύτης·
827 1953 938 2016 καὶ,
956 1954 1118 2021 Παρὰ
1139 1957 1203 2007 τὸ
1218 1955 1303 2023 μὴ
1316 1956 1463 2009 εἶναι
1482 1958 1739 2026 μνήματα

1851 1942 2086 2011 sepulcra
2118 1960 2220 1998 non
2248 1954 2397 2000 erant
2429 1948 2483 1999 in
2506 1946 2729 2018 Egypto
2773 1950 2995 2005 eduxistt'
3030 1969 3142 2016 nos,
3186 1964 3245 2007 ut
3290 1956 3371 2008 in-

202 2033 285 2086 -ἐν
310 2038 598 2106 Αἰγύπτῳ,
646 2040 929 2110 ἐξήγαγες
979 2042 1153 2111 ἡμᾶς,
1200 2045 1525 2099 θανατῶσαι
1565 2048 1633 2099 ἐν
1678 2046 1751 2115 τῇ

214 2123 445 2193 ἐρήμφ;
478 2129 537 2180 Τί
562 2128 735 2183 τοῦτο
765 2131 1050 2198 ἐποίησας
1080 2133 1219 2201 ἡμῖν
1243 2134 1541 2205 ἐξαγαγὼν
1566 2136 1633 2200 ἐξ
1656 2138 1751 2191 ΔΖ-

214 2216 475 2283 γύπτους
502 2219 581 2272 Οὐ
604 2220 776 2275 τοῦτο
798 2218 873 2292 ἦν
895 2218 961 2277 τὸ
974 2224 1134 2294 ῥῆμα
1158 2226 1190 2280 δ
1211 2226 1587 2296 ἐλαλήσαμεν
1605 2229 1750 2295 πρὸς

180 2370 181 2373 η
213 2307 285 2358 σὲ
310 2306 379 2359 ὲν
397 2310 665 2377 Αίγύπτῳ
699 2311 993 2380 λέγοντες·
1022 2315 1210 2383 Πάρες
1240 2314 1412 2385 ἡμᾶς,
1438 2317 1592 2382 ὅπως
1622 2306 1749 2371 δου-

210 2395 518 2466 λεύσωμεν
563 2399 686 2465 τοῖς
730 2404 1097 2470 Αἰγυπτίοις;
1124 2404 1416 2472 Κρεῒσσον
1448 2405 1556 2472 γὰρ
1592 2404 1746 2473 ἡμᾶς

210 2484 518 2540 δουλεύειν
564 2489 686 2554 τοῖς
734 2494 1084 2559 Αἰγυπτίοις,
1126 2494 1163 2559 ἢ
1202 2494 1516 2547 ἀποθανεῖν
1558 2495 1626 2547 ἐν
1671 2493 1746 2565 τῇ

210 2574 404 2645 ἐρήμῳ
439 2579 639 2646 ταύτῃ.
673 2581 779 2632 Καὶ
806 2583 935 2639 ὅσον
962 2583 1057 2652 μὲν
1096 2585 1179 2635 ἐπ’
1217 2585 1396 2651 αὐτοῖς
1434 2585 1625 2655 πικρὸν
1650 2588 1746 2640 αύ-

208 2670 323 2726 τοίς
344 2669 460 2720 ἀντὶ
483 2669 714 2739 χρηστοῦ
742 2671 829 2723 τὸν
853 2672 981 2724 Θεὸν
1007 2668 1414 2741 κατεστήσαντο.
1462 2676 1517 2727 Ὀ
1539 2675 1595 2729 δὲ
1620 2677 1747 2743 ἀγα-

210 2759 300 2819 θὸς
353 2758 482 2821 Θεὸς
538 2759 774 2813 πλουτῶν
820 2762 951 2832 ἐλέῳ
1003 2764 1095 2818 καὶ
1142 2764 1527 2836 φιλανθρωπίᾳ,
1588 2766 1744 2820 πάλιν

208 2847 424 2907 ἔσωζεν
453 2848 669 2915 αὐτοὺς
700 2850 903 2903 ἕνεκεν
936 2852 1040 2906 τοῦ
1086 2842 1368 2922 ὀνόματος
1400 2854 1600 2919 αὑτοῦ,
1635 2855 1739 2910 tat~

208 2938 486 3005 γνωρίσαι
515 2938 627 3006 τὴν
656 2938 1015 2994 δυναστείαν
1046 2943 1249 2996 αὐτοῦ·
1291 2944 1437 3007 ὅπως
1466 2944 1539 3014 μὴ
1572 2944 1738 2999 εἴπω-

209 3043 294 3079 σιν
332 3030 378 3081 οἱ
410 3030 642 3094 ἀσεϐεῖς,
676 3031 793 3086 Ποῦ
816 3032 983 3085 ἐστιν
1008 3032 1035 3083 ό
1067 3032 1207 3098 Θεὸς
1233 3033 1454 3097 αὑτῶν;
1478 3034 1563 3087 διὰ
1590 3034 1741 3088 τοῦτο

1850 2034 2102 2101 terﬁceres
2134 2034 2191 2086 in
2224 2035 2545 2093 solitudine?
2576 2037 2712 2103 Quid
2752 2039 2845 2093 hoc
2876 2040 3044 2109 fecisti
3071 2042 3216 2096 nobis
3243 2037 3370 2097 edu-

1780 2140 1781 2143 ‘
1848 2139 1963 2177 cens
1994 2139 2057 2177 ex
2091 2123 2358 2194 ﬁgypto?
2387 2125 2569 2181 Nonne
2601 2128 2681 2181 hic
2724 2137 2835 2182 erat
2876 2146 3061 2193 sermo.
3090 2148 3237 2201 quem
3288 2136 3367 2187 lo-

1846 2213 1952 2265 cuti
1990 2229 2167 2268 sumus
2204 2215 2272 2269 ad
2314 2225 2359 2269 te
2390 2217 2445 2270 in
2485 2216 2711 2288 Egypto
2734 2218 2953 2275 dicentes
2983 2237 3002 2274 :
3034 2220 3246 2277 Dimitte
3274 2240 3367 2277 nos

1844 2310 1901 2355 ut
1933 2305 2214 2358 serviamus
2246 2304 2548 2376 Ai'gypliis?
2580 2308 2765 2364 Melius
2790 2320 2867 2365 est
2912 2313 3046 2365 enim
3069 2330 3158 2366 nos
3181 2315 3368 2370 servire

1844 2391 2125 2463 Egyptiis,
2155 2412 2311 2465 quam
2342 2401 2474 2453 mori
2496 2401 2549 2453 in
2594 2401 2870 2456 solitudine
2892 2403 3063 2458 hac".
3090 2402 3174 2468 Et,
3197 2418 3365 2474 quan-

1842 2492 1952 2536 tum
1977 2486 2029 2537 in
2053 2485 2184 2555 ipsis
2210 2488 2422 2556 quidem
2457 2491 2619 2544 situm
2650 2500 2786 2555 erat,
2822 2492 2985 2547 Deum
3029 2494 3129 2549 sibi
3160 2510 3223 2550 ex
3254 2497 3364 2551 cle-

1842 2582 2017 2629 mente
2051 2578 2301 2631 acerbum
2336 2579 2653 2634 eﬂiciebant.
2684 2581 2753 2632 At
2795 2582 2966 2636 bonus
2995 2582 3155 2650 Deus,
3204 2585 3366 2640 mise-

1841 2664 2071 2719 ricordia
2116 2673 2170 2721 et
2207 2667 2618 2723 mansuetudine
2664 2667 2852 2733 dives,
2908 2684 3096 2725 rursus
3147 2673 3365 2727 saluauit

1839 2772 1924 2809 eos
1964 2765 2170 2825 propter
2209 2773 2394 2811 nomen
2427 2774 2610 2823 suum,
2649 2767 2707 2812 ut
2747 2768 2923 2814 notam
2961 2760 3150 2829 faceret
3184 2760 3363 2830 poten-

1840 2847 1966 2898 tiam
2016 2862 2197 2909 suam;
2236 2861 2303 2900 ne
2347 2846 2497 2916 impii
2544 2846 2825 2903 dicerent:
2860 2847 2957 2902 Ubi
3001 2860 3079 2904 est
3115 2850 3251 2905 Deus
3275 2866 3363 2906 eo-

1836 2937 2041 2989 rum"?
2069 2935 2192 2991 Ideo
2232 2936 2364 3007 ipsis
2401 2939 2625 2994 salutem
2684 2947 2812 2995 tunc
2872 2940 3125 3011 impertiit
3158 2961 3170 2995 :
3202 2944 3363 2998 undi-

1839 3016 1943 3096 que
1964 3026 2083 3080 illos
2113 3025 2179 3081 ad
2205 3028 2805 3099 salutemlcompellens.
2836 3028 2915 3082 Illi
2938 3038 3113 3085 autem
3143 3031 3266 3085 victi
3294 3032 3360 3084 ad

207 3123 463 3190 παρεῖχεν
488 3123 665 3185 αὐτοῖς
693 3122 786 3174 καὶ
811 3122 929 3175 τότε
961 3124 1057 3193 τὴν
1088 3125 1372 3195 σωτηρίαν,
1412 3126 1739 3197 πανταχόθεν

1839 3117 2107 3173 modicum
2159 3127 2368 3187 tempus
2410 3120 2586 3173 verbis
2640 3120 2757 3188 ejus
2805 3119 3168 3189 crediderunt,
3214 3133 3361 3191 post-

204 3211 401 3273 αὐτοὺς
446 3212 772 3264 συνελαύνων
815 3214 905 3265 ἐπὶ
955 3213 1039 3284 τὴν
1072 3213 1340 3285 σωτὴρίαν
1370 3216 1563 3270 αὐτῶν.
1598 3218 1657 3269 Ol
1683 3217 1739 3270 δὲ

1837 3223 1994 3279 quam
2025 3222 2172 3262 mare
2190 3207 2427 3263 Rubrum
2454 3208 2793 3285 transierant.

203 3300 511 3370 νικηθέντες
547 3302 680 3372 πρὸς
727 3304 823 3373 μὲν
860 3302 1033 3372 ὀλίγον
1066 3305 1384 3360 ἐπίστευσαν
1423 3308 1531 3371 τοῖς
1565 3300 1740 3375 λόγοις
1771 3299 1951 3362 αὐτοῦ,
1976 3297 2266 3361 διελθόντες
2283 3299 2381 3370 τὴν
2424 3298 2680 3370 Ἐρυθρὰν
2710 3298 2997 3354 θάλασσαν.

271 3392 381 3443 Kal
426 3392 739 3461 ἐπετίμησε
781 3392 851 3461 τῇ
892 3394 1127 3463 Ἐρυθρᾷ
1173 3397 1447 3466 θαλάσσῃ
1465 3439 1479 3461 ,
1523 3398 1618 3452 καὶ
1651 3396 1739 3463 ἐξ·

198 3479 452 3549 ηράνθη,
491 3483 587 3534 καὶ
630 3482 939 3551 ὡδήγησεν
968 3487 1184 3551 αὐτοὺς
1211 3487 1277 3539 ἐν
1297 3489 1539 3555 άόὐσσῳ
1568 3491 1646 3555 ὡς
1672 3490 1739 3543 ὲν

197 3570 412 3639 ἐρήμῳ.
469 3571 526 3624 '0
570 3573 891 3643 ἐπιτιμήσας
937 3576 1002 3644 τῇ
1060 3575 1290 3647 Ἐρυθρᾷ
1328 3576 1566 3650 θαλάσσῃ
1604 3581 1735 3632 πᾶσι

192 3663 331 3725 Θεὸς
363 3664 783 3733 ἀνωμολόγηται.
822 3666 885 3718 El
918 3663 1008 3719 οὖν
1042 3668 1135 3719 καὶ
1179 3668 1379 3737 Ἰησοῦς
1411 3669 1734 3743 κλονουμένῃ

195 3755 475 3808 ἐπιτάσσει
508 3758 575 3827 τῇ
605 3756 863 3828 θαλάσσῃ,
888 3760 1019 3811 πᾶσι
1041 3758 1169 3821 Θεὸς
1197 3759 1620 3831 ἀνωμολόγηται,
1650 3762 1733 3813 ἵνα

193 3848 260 3900 ἐκ
302 3847 588 3918 τρικυμίας
626 3849 658 3918 ἢ
695 3849 955 3919 κλύδωνος
983 3849 1182 3919 γαλήνη
1226 3850 1461 3919 γένηται.
1502 3852 1629 3915 Θεὸς
1659 3850 1733 3905 ὢν

176 3939 357 4002 ,αὐτὸς
397 3941 425 3992 ό
452 3942 783 4011 ἐπιτιμήσας
813 3943 875 4010 τῇ
918 3942 1147 4011 Ἐρυθρᾷ
1171 3941 1406 4013 θαλάσσῃ
1433 3942 1523 3995 καὶ
1552 3942 1734 4013 ξηραί-

191 4047 301 4082 νων
330 4029 513 4100 αὐτὴν,
542 4032 616 4092 ὡς
647 4030 973 4098 διοδεύσιμον
1004 4031 1170 4099 αὐτὴν
1196 4032 1458 4097 γενέσθαι,
1498 4032 1593 4101 τὴν
1630 4032 1733 4085 πά-

189 4118 283 4172 λαι
308 4118 573 4172 θάλασσαν
601 4119 691 4171 καὶ
717 4119 947 4173 ἄϐυσσον
969 4120 1055 4171 διὰ
1082 4120 1140 4171 τὸ
1164 4119 1274 4172 τῶν
1299 4120 1498 4173 ὑδάτων
1532 4122 1729 4191 πλῆθος

188 4207 337 4273 οὕτω
361 4208 709 4281 καλουμένην.
1172 4264 1177 4273 ,

261 4300 373 4355 Καὶ
407 4300 597 4354 ἔσωσε
638 4300 853 4366 αὐτοὺς
902 4300 968 4353 ἐκ
1015 4301 1206 4369 χειρὸς
1243 4299 1579 4368 μισοῦντος,
1632 4300 1729 4354 καὶ

186 4391 564 4461 ἐλυτρώσατο
584 4391 799 4457 αὐτοὺς
822 4392 891 4445 ἐκ
916 4393 1106 4461 χειρὸς
1134 4388 1363 4459 ἐχθροῦ.
1404 4391 1727 4461 Ἐκάλυψεν

186 4481 350 4550 ὕδωρ
380 4470 520 4547 τοὺς
561 4482 868 4547 θλίϐοντας
908 4480 1142 4547 αὐτοὺς,
1186 4476 1271 4546 εἷς
1301 4480 1367 4546 ἐξ
1393 4478 1586 4535 αὐτῶν
1616 4484 1726 4551 οὐχ

183 4575 536 4643 ὑπελείφθη.
576 4575 788 4646 Ζητήσῃ
820 4590 901 4637 τις
944 4572 1008 4627 ἂν
1038 4573 1159 4645 περὶ
1184 4572 1288 4625 τῶν
1314 4574 1607 4643 ἐπιμίκτων
1633 4575 1727 4627 Αἰ-

1908 3390 2068 3445 Veus.
2087 3389 2138 3443 9.
2158 3387 2226 3442 Et
2249 3390 2499 3458 increpuit
2520 3404 2663 3443 mare
2688 3388 2938 3456 Rubrum,
2969 3401 3025 3445 et
3045 3396 3360 3452 exsiccatum

1834 3493 1932 3551 est,
1961 3491 2008 3537 et
2033 3480 2245 3535 deduxit
2267 3497 2353 3535 eos
2370 3484 2424 3535 in
2474 3481 2658 3551 abysso
2712 3487 2847 3537 sicut
2897 3482 2952 3536 in
3001 3483 3220 3546 deserto.
3256 3489 3360 3556 Qui

1834 3572 2099 3642 increpuit
2125 3586 2268 3626 mare
2302 3569 2563 3635 Rubrum,
2600 3571 2666 3625 ab
2698 3570 2945 3627 omnibus
2976 3570 3117 3628 Deus
3144 3575 3357 3634 habitus

1833 3672 1885 3718 et
1906 3664 2204 3718 declaratus
2254 3671 2357 3718 est.
2394 3661 2527 3716 Cum
2583 3677 2710 3732 ergo
2754 3650 2924 3718 JeSus'
2968 3665 3167 3735 agitato
3220 3670 3357 3725 mari

1831 3751 2091 3820 imperat,
2120 3752 2256 3821 apud
2278 3767 2463 3807 omnes
2488 3751 2542 3804 in
2591 3750 2836 3806 confesso
2866 3751 2965 3806 fuit
3007 3754 3181 3824 ipsum
3233 3773 3355 3816 esse

1830 3838 2017 3905 Deum,
2050 3847 2108 3894 ut
2154 3856 2221 3899 ex
2258 3847 2572 3917 tempestate
2604 3848 2656 3893 et
2709 3842 2963 3910 procella,
2991 3846 3354 3914 tranquillitas
3468 3881 3472 3887 -

1829 3930 2131 3985 exsisteret.
2189 3930 2334 3986 idem
2372 3930 2569 3999 quippe
2615 3926 2755 3985 Deus
2797 3936 2880 3986 est
2928 3934 3025 4003 ‘qui
3059 3935 3355 4006 increpavit

1827 4035 1974 4076 mare
2005 4019 2245 4075 Rubrum
2268 4028 2320 4075 et
2343 4020 2807 4085 exsiccavitillud,
2842 4022 2916 4077 ita
2942 4032 3001 4079 ut
3036 4030 3353 4096 pertransiri

1826 4122 2008 4182 posset
2038 4112 2111 4175 id,
2170 4113 2313 4181 quod
2358 4112 2485 4167 olim
2527 4112 2598 4168 ob
2639 4114 3033 4185 multitudinem
3096 4133 3349 4189 aquarum

1826 4217 1973 4256 mare
1998 4211 2051 4256 et
2072 4202 2298 4273 abyssus
2316 4202 2627 4259 vocabatur.

1898 4292 2053 4348 Vsus.
2090 4293 2176 4357 10,
2203 4293 2287 4349 11.
2320 4292 2390 4346 Et
2410 4296 2627 4349 saluauit
2655 4312 2741 4350 eos
2760 4295 2822 4351 de
2844 4312 3002 4351 manu
3036 4298 3274 4363 odientis,
3301 4313 3350 4355 et

1824 4387 2037 4440 redemit
2055 4402 2139 4440 eos
2165 4386 2227 4439 de
2252 4379 2409 4439 manu
2442 4388 2655 4442 inimici.
2684 4387 2897 4456 Operuit
2930 4407 3066 4460 aqua
3094 4392 3351 4446 tribulan-

1826 4485 1898 4533 tes
1924 4495 2029 4543 eos,
2056 4494 2187 4532 unus
2216 4490 2281 4531 ea:
2312 4478 2383 4531 eis
2413 4493 2514 4531 non
2543 4480 2807 4533 remansit.
2830 4480 3041 4547 Quaerat
3060 4483 3347 4553 quispiam,

1824 4568 1891 4624 de
1913 4568 2231 4639 promiscuis
2282 4566 2549 4642 Egyptiis
2576 4570 2667 4639 qui
2713 4585 2861 4625 mare
2914 4572 3258 4635 transierunt,
3294 4579 3347 4625 et

186 4663 455 4731 γυπτίων,
480 4662 584 4716 τῶν
608 4662 915 4716 διελθόντων
944 4663 1038 4734 τὴν
1068 4662 1352 4725 θάλασσαν,
1400 4664 1489 4716 καί
1521 4666 1598 4727 είς
1627 4664 1724 4736 τὴν

1836 4676 1931 4716 una
1960 4676 2080 4717 cum
2109 4661 2304 4733 papulo
2342 4662 2395 4714 in
2440 4661 2652 4718 deserto
2704 4662 3075 4717 versabantur.
3110 4658 3209 4717 Cui
3255 4664 3343 4718 fe-

188 4751 395 4821 l‘pmtov
417 4752 528 4820 ἅμα
549 4751 625 4821 τῷ
649 4751 759 4822 λαῷ
782 4752 1099 4821 γενομένων.
1129 4751 1266 4822 Πρὸς
1289 4751 1345 4803 ὃν
1367 4753 1613 4824 ἐροῦμεν,
1640 4755 1722 4807 ὅτι

1836 4753 2227 4823 spondebimus,
2257 4767 2352 4807 eos
2392 4766 2500 4808 non
2556 4752 2619 4806 ex
2661 4767 2886 4808 numero
2934 4754 3344 4824 opprimentium

190 4840 267 4910 μὴ
295 4839 404 4893 τῶν
435 4840 713 4893 θλιϐόντων
747 4836 882 4909 ἦσαν
927 4840 1016 4892 τὸν
1060 4841 1286 4911 Ἰσραήλ.
1342 4842 1473 4913 Περὶ
1519 4844 1573 4896 δὲ
1617 4843 1722 4897 τῶν

186 4930 473 4983 θλιϐόντων
498 4930 677 5002 εἴρητο
699 4931 776 4993 τὸ,
808 4925 908 4994 Εἷς
931 4929 998 4994 ἐξ
1024 4929 1217 4983 αὐτῶν
1244 4934 1353 5000 οὐχ
1378 4935 1719 5003 ὑπελείφθη.

199 5023 259 5077 ’0
278 5024 337 5078 δὲ
364 5027 645 5097 ἐπίμικτος
672 5026 796 5089 λαὸς
822 5025 1109 5093 Αἰγύπτιος
1138 5026 1234 5095 μὲν
1256 5022 1346 5096 ἦν,
1377 5028 1641 5083 πιστεύων
1664 5029 1723 5083 δὲ

183 5118 308 5179 ταῖς
332 5117 602 5181 Μωῦσέως
639 5121 856 5187 φωναῖς,
885 5117 1146 5187 σωτηρίας
1175 5118 1377 5187 ἔτυχεν.

258 5207 369 5260 Kal
394 5206 757 5262 ἐπίστευσαν
780 5208 858 5274 τῷ
884 5210 1039 5277 λόγῳ
1069 5208 1271 5269 αὐτοῦ,
1302 5206 1407 5261 καὶ·
1422 5204 1580 5279 ᾖσαν
1609 5210 1723 5279 τὴν

1826 4844 2070 4899 lsraelem
2121 4832 2306 4898 fuisse.
2340 4842 2414 4897 De
2464 4844 2839 4900 tribulantibus
2912 4854 3086 4899 autem
3141 4844 3344 4898 dictum

1825 4944 1908 4990 est
1936 4951 1949 4985 :
1986 4932 2128 4987 Unus
2152 4950 2215 4987 ea:
2241 4934 2314 4989 eis
2348 4950 2448 4989 non
2499 4938 2764 4990 remansit.
2828 4935 3187 4993 Promiscuus~
3217 4952 3345 4990 vero

1825 5022 2072 5092 populus,
2095 5020 2377 5093 IEgyptius
2402 5022 2617 5091 quidem
2668 5032 2804 5089 erat,
2832 5023 2925 5077 sed
2972 5036 3095 5075 cum
3144 5021 3344 5090 Moysis

1820 5114 2041 5167 vocibus
2064 5113 2324 5176 crederet,
2360 5113 2584 5168 salutem
2619 5120 2701 5167 est
2723 5119 3062 5167 consecutus.

1887 5201 2049 5258 Vens.
2092 5202 2179 5267 12,
2207 5204 2290 5257 15.
2318 5201 2383 5257 Et
2415 5202 2737 5269 crediderunt
2764 5202 2911 5254 verbo
2929 5199 3063 5267 ejus,
3088 5210 3136 5254 et
3160 5209 3342 5255 conta-

182 5299 421 5353 αινεσιν
459 5298 660 5353 αὑτοῦ.
719 5299 1055 5369 Ἐτάχυναν,
1090 5299 1459 5365 ’ἐπελάθοντο
1488 5300 1602 5353 τῶν
1627 5302 1727 5369 ἕρ·-

1836 5292 2011 5349 ierunt
2040 5293 2245 5347 laudem
2289 5294 2421 5363 ejus.
2444 5290 2559 5347 Cito
2604 5292 2849 5359 fecerunt,
2881 5290 3029 5343 obliti
3066 5301 3184 5343 sunt
3223 5307 3339 5359 ope—

183 5405 301 5460 γων
345 5387 545 5452 αὐτοῦ,
588 5390 699 5457 οὐχ
745 5390 1063 5459 ὑπέμειναν
1097 5391 1211 5459 τὴν
1243 5388 1480 5455 ,βουλὴν
1513 5391 1715 5444 αὑτοῦ.

185 5483 291 5534 Σὺν
313 5478 389 5550 τῷ
412 5480 613 5550 Μωῦσῇ
638 5479 729 5533 καὶ
762 5480 965 5552 ’Δαρὼν
991 5482 1085 5552 τὴν
1102 5482 1240 5552 ᾠδὴν
1267 5481 1362 5551 τὴν
1384 5482 1442 5533 ἐν
1466 5482 1529 5550 τῇ
1556 5480 1715 5551 ἐξόδῳ

183 5570 495 5643 παραυτίκα
510 5570 602 5622 καὶ
612 5570 943 5641 παραχρῆμα
967 5572 1411 5642 μεταϐαλλόμενοι
1434 5571 1710 5639 ἐτάχυναν,

181 5662 504 5718 ἐπελάθοντο
531 5660 635 5715 τῶν
656 5661 825 5733 ἔργων
850 5663 1028 5716 αὐτοῦ.

1816 5402 1930 5440 rum
1960 5385 2092 5454 ejus,
2147 5402 2252 5439 non
2293 5386 2646 5439 sustinuerunt
2701 5381 2970 5435 consilium
3025 5382 3159 5451 ejus.
3201 5380 3339 5449 Cum

1818 5476 1998 5546 Moyse
2040 5482 2092 5530 et
2118 5475 2293 5532 Aaron
2318 5478 2370 5530 in
2390 5476 2531 5531 exitu
2559 5474 2826 5528 canticum
2875 5472 3214 5536 cecinerunt;
3242 5473 3339 5527 sed

1817 5567 2211 5638 quamprimum
2235 5577 2289 5626 et
2335 5567 2513 5625 statim
2537 5565 2817 5631 immutati,
2856 5564 3008 5620 obliti
3050 5572 3175 5620 sunt
3210 5579 3340 5635 ope-

1814 5675 1931 5713 rum
1955 5674 2100 5728 ejus.

253 5782 300 5813 "
336 5778 496 5835 Num.
528 5794 633 5845 xw,
666 5778 716 5832 3.
790 5780 831 5810 “
873 5778 1037 5836 Exod.
1074 5796 1182 5847 xw,
1218 5780 1300 5846 11,
1336 5778 1422 5836 li.
1490 5778 1539 5815 ³⁸
1578 5776 1719 5834 Psal.
1757 5788 1923 5844 cxm,
1958 5777 2046 5831 ιθ.
