3950 6350
642 386 780 451 ίὸίδ
866 389 873 392 ’

1326 389 1588 448 EGSEBII
1619 378 2087 483 casARIENSIs
2112 375 2260 443 OPP.
2297 378 2475 442 PARS
2511 378 2599 442 Ill.
2627 405 2696 431 -—-
2727 378 3126 457 EXEGE'ncs.
3196 422 3199 423 κ

3691 392 3814 452 13h

710 508 877 565 Vatis.
919 506 1102 564 “.18.
1140 507 1206 561 Et
1235 511 1606 576 concupierunt
1631 507 2098 577 concupiscentiam
2125 507 2171 559 in

2348 506 2458 561 Kal
2502 506 2884 578 ἐπεθύμησαν
2928 507 3242 576 ἐπιθυμίαν
3277 506 3348 562 ἐν
3372 505 3448 575 τῇ
3476 508 3692 579 ἐρήμῳ,
3732 514 3817 567 καὶ

640 604 867 664 deserto,
897 611 945 655 et
972 610 1293 661 tentaverunt
1345 599 1513 654 Deum
1543 600 1597 653 in
1636 600 1906 668 inaquoso.
1943 596 2009 651 Et
2041 596 2182 650 dedit

640 693 716 747 eis
744 692 1042 761 petitionem
1072 680 1324 759 ipsorum,
1343 703 1391 745 et
1429 692 1574 743 misit
1617 690 1950 744 saturitatem
1981 690 2037 742 in
2072 693 2183 741 ani-

642 800 757 838 mas
784 799 980 839 eorum.
1011 780 1081 836 Et
1118 783 1454 836 irritaverant
1502 779 1720 852 Moysen
1760 782 1815 834 in
1848 781 2060 845 castris,
2080 780 2183 833 Aa-

641 891 759 940 ron,
782 884 1016 928 sanctum
1048 873 1278 928 Domini.
1302 873 1543 938 Quando
1562 880 1905 927 tentaverunt
1926 870 2090 927 Deum
2125 872 2178 925 in

639 966 924 1036 inaquoso,
945 965 1048 1019 etsi
1096 964 1509 1033 tentationibus,
1539 960 1628 1018 ille
1673 978 1781 1017 non
1831 966 2028 1032 pateat.
2056 978 2179 1017 cum

633 1057 961 1126 ,injuriarum
990 1055 1271 1108 immemor
1300 1055 1390 1116 sit,
1427 1067 1533 1107 non
1566 1053 1712 1107 ultus
1759 1068 1875 1117 eos,
1912 1051 2058 1107 dedit
2099 1052 2178 1106 eis

637 1147 947 1219 petitionem
982 1145 1241 1215 ipsorum.
1266 1143 1405 1210 Quin
1445 1144 1606 1197 etiam
1644 1158 1768 1197 cum
1796 1143 2179 1198 exacerbarent

636 1253 758 1293 eum
789 1236 1142 1292 ascendentes
1186 1235 1242 1288 in
1289 1248 1438 1289 mare
1483 1230 1750 1297 Rubrum,
1780 1242 1910 1287 tunc
1942 1234 2178 1288 ostendit

635 1329 714 1384 eis
745 1326 1035 1410 pgtentiam
1067 1338 1219 1385 suam
1256 1342 1269 1377 :
1298 1338 1421 1378 cum
1444 1330 1623 1377 autem
1653 1322 2001 1377 irritaverunt
2032 1320 2179 1393 Moy-

634 1435 729 1475 sen
758 1412 813 1473 et
841 1418 1019 1472 Aaron
1054 1418 1111 1471 in
1162 1416 1377 1479 castris,
1400 1424 1531 1470 tunc
1584 1422 1770 1486 aperta
1825 1421 1909 1468 est
1936 1422 2099 1475 terra,
2123 1421 2177 1467 et

632 1511 914 1583 deglutivit
941 1524 1034 1565 eos
1068 1528 1081 1564 :
1114 1525 1221 1564 non
1243 1507 1521 1577 oportebat
1543 1507 1688 1562 enim
1720 1504 1952 1561 famulos
2005 1505 2174 1575 ipsius

632 1602 926 1657 contemni.
962 1598 1067 1655 Sed
1124 1598 1521 1676 quia_bonitas
1566 1604 1621 1651 et
1695 1596 1958 1650 severitas
2011 1593 2205 1666 penes

559 1762 571 1772 _
632 1693 786 1745 illum
813 1697 967 1755 sunt,
998 1690 1172 1766 primo
1195 1688 1578 1759 benignitatem
1604 1687 1848 1741 exhibuit
1874 1687 2017 1754 illis;
2050 1703 2175 1742 cum

632 1790 814 1837 autem
858 1782 990 1836 nihil
1044 1779 1326 1856 prodesset
1378 1780 1476 1842 eis,
1506 1786 1901 1848 consequenter
1928 1777 2172 1832 ultricem

2284 598 2606 667 ἐπείρασαν
2644 599 2752 653 τὸν
2791 599 2938 653 Θεὸν
2976 600 3045 652 ἐν
3071 598 3321 668 ἀνύδρῳ.
3356 592 3465 654 Kal
3494 599 3717 656 ἔδωκεν
3737 609 3824 658 air-

2284 690 2406 757 τοῖς
2438 679 2521 746 τό
2550 692 2766 761 αἴτημα
2802 690 3017 755 αὐτῶν,
3053 690 3438 756 ἐξαπέστειλε
3473 694 3819 762 πλησμονὴν

2281 784 2368 849 εις
2390 782 2497 849 τὰς
2522 782 2724 851 ψυχὰς
2754 781 2969 836 αὐτῶν.
2999 783 3109 838 Kal
3138 782 3495 852 παρώξυναν
3525 785 3635 837 τὸν
3671 785 3821 841 Hui»

2282 871 2405 941 σῆν
2449 872 2520 925 ὲν
2566 871 2643 941 τῇ
2690 871 3050 942 παρεμϐολῇ,
3098 872 3205 927 τὸν
3259 872 3489 941 Ἀαρὼν,
3523 874 3634 927 τόν
3668 875 3821 945 ἄτιον

2282 965 2522 1031 Κυρίου.
2552 964 2679 1017 Ὅτε
2730 961 2828 1035 μὲν
2868 962 2961 1016 τὸν
2992 963 3123 1017 Θεὸν
3161 963 3451 1035 ἐπείρασαν
3494 965 3553 1016 ἐν
3596 965 3820 1037 ἃνύδρφ,

2279 1053 2624 1125 ἀπείραστος,
2655 1051 2730 1106 ὢν
2758 1053 3151 1124 ἀμνησίκακος,
3192 1055 3289 1121 οὐκ
3326 1054 3703 1126 ἀμειψάμενος
3739 1058 3822 1110 αὖ·

2280 1142 2405 1205 τοὺς
2434 1142 2628 1195 ἔδωκεν
2658 1143 2837 1208 αὐτοῖς
2868 1143 2930 1197 τὸ
2960 1142 3165 1213 αἴτημα
3187 1142 3383 1197 αὐτῶν.
3430 1143 3591 1197 Ἀλλὰ
3623 1145 3722 1197 καὶ
3744 1146 3819 1199 ὅτε

2280 1234 2693 1306 παρεπίκραναν
2722 1234 3096 1299 ἀναῦαίνοντες
3122 1236 3180 1289 ὲν
3207 1238 3272 1307 τῇ
3307 1235 3536 1308 Ἐρυθρᾷ
3565 1237 3817 1310 θαλάσσῃ,

2281 1328 2374 1380 καὶ
2398 1328 2517 1380 τότε
2549 1327 2841 1397 ἐγνώρισεν
2862 1328 3045 1390 αὐτοῖς
3066 1328 3166 1398 τὴν
3184 1327 3494 1380 δυναστείαν
3523 1328 3713 1381 αὑτοῦ·
3742 1328 3818 1381 Gre

2277 1419 2335 1472 δὲ
2365 1419 2715 1491 παρώρτισαν
2742 1420 2832 1472 τὸν
2858 1418 3101 1491 Μωῦοῆν
3136 1419 3227 1472 καὶ
3266 1419 3356 1473 τὸν
3405 1419 3615 1489 Ἀαρὼν
3666 1422 3725 1472 ἐν
3762 1422 3817 1491 τῇ

2280 1509 2614 1581 παρεμϐολῇ,
2660 1508 2719 1562 τὺ
2760 1509 3061 1579 τηνικαῦτα
3106 1507 3324 1580 ἠνοίχθη
3353 1511 3387 1581 ή
3422 1513 3515 1581 γῆ,
3547 1511 3645 1564 καὶ
3674 1512 3818 1565 uati-

2280 1617 2400 1654 πιεν
2424 1601 2647 1666 αὐτούς.
2669 1603 2767 1655 οὐκ
2795 1602 2900 1655 ἔδει
2938 1601 3046 1674 γὰρ
3088 1603 3562 1673 καταφρονηθῆναι
3590 1605 3718 1666 τοὺς
3750 1602 3819 1655 θε-

2280 1692 2570 1763 ράποντας.
2624 1691 2784 1745 Ἀλλὰ
2831 1693 2925 1747 καὶ
2968 1692 3196 1763 ἐπείπερ
3234 1694 3535 1765 χρηστότης
3577 1694 3697 1746 ἐστὶ
3738 1696 3817 1746 ml

2279 1780 2547 1852 ἀποτομία
2573 1782 2697 1852 παρ’
2721 1781 2889 1853 αὐτῷ,
2920 1781 3111 1853 πρῶτα
3140 1782 3207 1835 τὰ
3231 1781 3327 1852 τῆς
3355 1782 3722 1852 χρηστότητος
3742 1783 3817 1835 αὑ-

631 1872 894 1928 medelam
934 1872 1068 1942 ipsis
1114 1869 1362 1934 adhibet;
1396 1883 1562 1938 quare
1609 1868 1794 1922 subdit
1823 1885 1837 1921 :
1864 1866 2063 1935 Aperta
2095 1873 2171 1920 est

2273 1876 2383 1937 τοῖς
2406 1870 2726 1945 παρέσχετο·
2757 1873 2833 1938 ὡς
2864 1874 2921 1927 δὲ
2946 1874 3045 1926 οὐκ
3073 1871 3275 1927 ὤναντο
3294 1872 3362 1927 δι’
3391 1874 3582 1945 αὐτῆς,
3614 1874 3817 1927 ἀκολού-

632 1972 793 2028 terra,
840 1972 889 2017 et
922 1961 1191 2030 deglutivit
1240 1946 1473 2025 Dathan,
1496 1967 1545 2012 et
1593 1957 1794 2026 operuit
1839 1972 1992 2026 super
2023 1965 2177 2025 caput

631 2054 849 2109 Abiron.
894 2051 963 2106 Et
986 2053 1182 2106 exarsit
1211 2051 1345 2121 ignis
1370 2051 1425 2102 in
1447 2065 1707 2119 synagoga
1728 2065 1927 2116 eorum,
1958 2048 2177 2117 ﬂamma

630 2143 913 2199 combussit
960 2151 1275 2212 peccatores.
1326 2138 1548 2211 Moysen
1596 2140 1777 2208 itaque
1827 2138 2177 2193 irritaverant

630 2235 839 2291 Dathan
862 2243 914 2288 et
941 2232 1146 2287 Abiron
1164 2231 1407 2287 dicentes
1448 2250 1462 2286 :
1505 2228 1649 2282 Num
1681 2226 1857 2299 Moysi
1886 2228 1987 2283 soli
2027 2229 2177 2283 locu-

630 2337 714 2380 tus
744 2334 822 2381 est
855 2324 1013 2391 Deus,
1054 2339 1221 2377 nonne
1257 2321 1415 2377 etiam
1458 2320 1705 2375 nobis"?
1740 2320 2008 2375 Aaronem
2050 2336 2177 2377 vero

626 2418 769 2473 Core
798 2424 853 2471 et
879 2424 1053 2470 castus
1103 2414 1270 2479 illius,
1316 2413 1496 2483 ignem
1539 2413 1797 2477 alienum,
1825 2421 1880 2468 et
1912 2413 2174 2467 sacriﬁcia

628 2508 740 2564 Deo
765 2509 887 2563 loco
916 2504 1257 2563 sacerdotum
1276 2504 1470 2559 oﬂerre
1492 2502 1631 2567 ausi,
1673 2503 2040 2558 irritaverant.
2069 2501 2175 2558 Sed

626 2613 729 2655 eos
747 2600 838 2669 qui
860 2605 1048 2653 contra
1075 2595 1293 2667 Moysen
1317 2594 1483 2649 locuti
1514 2591 1747 2658 fuerant,
1778 2591 1985 2647 Dathan
2025 2584 2173 2648 scili-

628 2698 718 2747 cet
739 2705 863 2745 cum
896 2697 1012 2744 toto
1044 2702 1239 2760 genere
1265 2702 1366 2741 suo
1395 2685 1579 2751 hians,
1604 2691 1749 2740 terra
1790 2685 2088 2756 deglutivit,
2120 2693 2174 2739 et

628 2782 842 2855 operuit
897 2796 1060 2851 super
1107 2776 1578 2849 congregationem
1619 2777 1855 2842 Abiron;
1888 2774 2027 2831 Core
2074 2790 2170 2830 au-

625 2882 734 2931 tem
765 2881 819 2930 et
837 2889 933 2929 eos
960 2872 1051 2943 qui
1082 2886 1207 2926 cum
1237 2870 1330 2929 illo
1358 2871 1578 2925 incensa
1610 2883 1705 2924 sua
1729 2868 1963 2923 ohlaturi
1991 2877 2165 2935 erant,

601 2956 837 3020 'ﬂamma
866 2962 932 3018 de
961 2956 1308 3016 tabernaculo
1341 2956 1593 3029 pro'diens
1612 2946 1929 3012 combussit.

2278 1963 2385 2027 θως
2415 1962 2732 2036 καταλλήλῳ
2778 1963 3096 2035 μετέρχεται
3132 1963 3327 2029 αὐτοὺς
3364 1966 3644 2035 φαρμάκῳ
3680 1964 3818 2017 κῶα-

2280 2054 2500 2125 στηρίῳ·
2550 2056 2821 2125 Ἠνοίχθη
2854 2056 2892 2124 ή
2924 2054 3024 2125 τῆ,
3058 2055 3154 2109 real
3191 2055 3429 2109 κατέπιε
3470 2057 3692 2121 Δαθὰτ,
3730 2056 3818 2109 και

2277 2146 2585 2214 ἐκάλυψεν
2620 2145 2717 2199 ἐπὶ
2760 2145 2875 2213 τὴν
2939 2146 3216 2215 κεφαλὴν
3262 2143 3544 2213 Ἁὸειρών.
3585 2146 3697 2198 Kal
3731 2144 3817 2209 ἑξ-

2283 2238 2506 2304 εκαύθη
2531 2235 2650 2305 πῦρ
2679 2236 2747 2290 ὲν
2780 2235 2856 2306 τῇ
2890 2236 3207 2306 συναγωγῇ
3224 2234 3441 2299 αὐτῶν,
3468 2234 3627 2303 φλὸξ
3667 2234 3821 2288 κατέ-

2278 2327 2500 2397 φλεξεν
2525 2328 2926 2397 ἁμαρτωλούς.
2958 2330 3197 2399 Μωῡσῆν
3228 2328 3326 2399 μὲν
3352 2323 3445 2381 οὖν
3473 2326 3820 2399 παριὲιργισαν

2278 2421 2329 2473 οἱ
2357 2421 2485 2486 περὶ
2518 2420 2692 2473 Δαθὰιν
2736 2419 2830 2473 καὶ
2881 2420 3134 2495 ’Δὸειρὼν
3162 2420 3423 2482 εἰπόντες⁸
3453 2420 3555 2487 Μὴ
3598 2420 3823 2474 Μωῦσεῖ

2270 2498 2433 2577 μόνῳ
2468 2503 2806 2577 λελάληκεν
2846 2511 2880 2563 d
2917 2509 3083 2576 Θεὸς,
3129 2509 3264 2579 οὐχὶ
3312 2510 3415 2563 real
3445 2508 3627 2578 r'ut'ir;
3662 2511 3820 2563 τὸνδὲ

2286 2596 2492 2671 ’Δαρὼν
2519 2600 2663 2671 Κορὲ
2695 2600 2846 2671 καὶὴ
2889 2600 3175 2673 συναγωγὴ
3212 2598 3376 2654 αὐτοῦ
3405 2600 3518 2672 πῦρ
3558 2600 3821 2673 ἀλλότριον

2273 2693 2659 2761 προσαγαγεῖν,
2686 2693 2781 2746 καί
2804 2692 2995 2757 θυσίας
3017 2692 3094 2763 τῷ
3117 2692 3235 2764 Θεῷ
3254 2694 3312 2747 ὲν
3336 2692 3491 2765 χώρᾳ
3511 2692 3625 2746 τῶν
3646 2693 3821 2764 ἱερέων

2272 2780 2653 2853 τολμήσαντες,
2686 2782 3210 2855 παρώργισανοάλλὰ
3240 2784 3364 2848 τοὺς
3406 2785 3506 2855 μὲν

2275 2888 2473 2936 σαντας
2495 2872 2590 2953 τοῦ
2612 2874 2905 2941 Μωῦσέως,
2930 2874 3020 2929 τὸν
3036 2874 3211 2928 Δαθὰν
3239 2876 3502 2944 πατγενεῖ
3525 2874 3819 2946 ἀωιχθείω

2272 2964 2305 3032 ή
2336 2963 2405 3034 γῆ
2427 2965 2673 3029 κατέπιε,
2696 2966 2789 3020 καὶ
2804 2966 3067 3035 ἐκάλυψεν
3091 2967 3182 3019 ἐπὶ
3204 2968 3301 3037 τὴν
3318 2968 3645 3037 συναγωγὴν
3670 2965 3817 3019 16a-

623 3059 750 3132 ρῶν·
787 3058 877 3111 τὸν
930 3056 987 3109 δὲ
1019 3049 1171 3123 ’Κορὲ
1222 3051 1313 3106 καὶ
1360 3052 1486 3115 τοὺς
1512 3051 1607 3104 σὺν
1627 3036 1774 3122 αὐτῷ
1797 3051 2087 3122 μέλλοντας
2116 3056 2440 3123 προσφέρειν
2479 3060 2549 3113 τὰ
2583 3058 2927 3133 -θυμιατήρια
2967 3059 3143 3114 αυτῶν
3188 3036 3320 3130 φλδξ
3356 3059 3467 3114 ἀπὸ
3492 3061 3600 3132 τῆς
3623 3059 3814 3131 σκηνῆς

623 3153 960 3230 προελθοῦσα
995 3148 1337 3218 κατέφλεξεν.
1394 3204 1401 3209 ,

612 3198 860 3303 νηγνειιε.
897 3244 1073 3299 19-51.
1121 3198 1189 3297 ἐι
1227 3198 1459 3311 fecerunt
1512 3240 1735 3296 vitulum
1776 3242 1832 3297 in
1877 3224 2171 3307 Chore'b,et

2331 3242 2441 3297 Kal
2467 3242 2763 3313 ἐποίησαν
2788 3243 3023 3314 μόσχον
3044 3244 3114 3297 ἐν
3136 3242 3362 3312 Χωρὴϐ,
3397 3243 3500 3297 καὶ
3524 3248 3812 3311 προσεκύ-

621 3341 974 3417 adorauerunt
1015 3334 1275 3405 sculptile,
1299 3342 1349 3388 et
1388 3342 1721 3387 mutaverunt
1751 3332 1977 3404 gloriam
2016 3348 2169 3388 suam

622 3436 678 3489 in
729 3428 1124 3486 similitudinem
1157 3427 1304 3481 vituli
1367 3424 1682 3481 eomedentis
1750 3424 1945 3494 fenum.
2008 3422 2171 3480 Obliti

623 3530 747 3578 sunt
797 3520 961 3575 Deum
998 3521 1089 3591 qui
1156 3518 1375 3573 saluauit
1427 3534 1536 3583 eos,
1570 3517 1660 3588 qui
1691 3515 1816 3585 fecit
1864 3531 2055 3585 magna
2113 3515 2169 3568 in

622 3613 873 3686 Egypto,
898 3611 1165 3667 mirabilia
1190 3611 1245 3665 in
1275 3621 1417 3665 terra
1441 3607 1629 3675 Cham,
1654 3607 1914 3662 terribilia
1942 3607 1996 3660 in
2034 3606 2170 3659 mari

623 3705 816 3762 Rubro.
858 3702 927 3759 Et
946 3706 1082 3759 dixit
1125 3713 1183 3757 ut
1218 3702 1536 3772 disperderet
1572 3716 1679 3765 eos,
1710 3700 1814 3753 nisi
1848 3695 2054 3770 Moyses
2074 3699 2171 3754 ele-

622 3811 735 3853 ctus
757 3798 872 3867 ejus
899 3798 1145 3859 stetisset,
1177 3795 1234 3848 in
1255 3792 1611 3863 confractione
1640 3793 1694 3845 in
1735 3800 2003 3859 conspectu
2027 3790 2162 3860 ejus,

624 3901 681 3944 ut
706 3899 955 3944 auerteret
970 3889 1107 3943 iram
1128 3888 1240 3959 ejus
1257 3904 1320 3941 ne
1334 3884 1651 3955 disperderet
1678 3901 1786 3950 eos,
1812 3893 1860 3937 et
1882 3898 1975 3952 pro
2005 3884 2166 3938 nihilo

626 3982 920 4037 habuerunt
966 3990 1159 4035 terram
1203 3977 1622 4034 desiderabilem.
1669 3967 1793 4029 Non
1835 3974 2166 4031 crediderunt

620 4073 771 4128 verbo
799 4072 936 4142 ejus,
967 4077 1015 4125 et
1051 4076 1505 4124 murmuraverunt
1551 4069 1604 4121 in
1637 4066 1985 4121 tabernaculis
2030 4066 2163 4131 suis,

622 4183 725 4229 non
759 4150 1106 4219 exaudierunt
1133 4176 1305 4217 roum
1344 4160 1578 4215 Domini.
1612 4158 1680 4213 Et
1713 4158 1926 4213 elevavit
1952 4173 2185 4228 manum»

619 4274 770 4314 suam
804 4271 959 4325 super
985 4271 1092 4319 eos,
1119 4263 1176 4307 ut
1200 4260 1544 4321 prosterneret
1573 4267 1659 4305 eos
1699 4252 1754 4306 in
1781 4250 2002 4316 deserto,
2031 4259 2079 4304 et
2107 4260 2165 4304 ut

616 4350 861 4421 dejiceret
885 4363 1058 4403 semen
1078 4359 1256 4399 eorum
1307 4342 1362 4397 in
1403 4339 1723 4407 nationibus,
1754 4348 1804 4394 et
1852 4339 2165 4410 dispergeret

615 4460 704 4498 eos
732 4444 788 4496 in
838 4438 1157 4511 regionibus.
1214 4433 1285 4488 Et
1336 4434 1534 4487 initiati
1590 4421 1709 4486 sunt
1746 4431 2077 4502 Beelphegor,
2114 4441 2164 4485 et

615 4535 946 4591 comederunt
988 4530 1257 4600 sacriﬁcia
1306 4532 1652 4581 mortuorum.
1706 4522 1775 4579 Et
1824 4525 2164 4578 irritaverant

2272 3350 2470 3402 νησαν
2492 3334 2572 3401 τῷ
2594 3334 2855 3404 τλυπτῷ,
2877 3337 2976 3391 real
2998 3336 3341 3405 ἠλλάξαντο
3366 3336 3482 3403 τὴν
3505 3336 3694 3402 δόξαν
3720 3341 3814 3394 ai!-

2272 3426 2376 3480 τοῦ
2394 3426 2464 3479 ἐν
2483 3424 2793 3496 ὁμοιώματι
2808 3427 3044 3497 μόσχου
3066 3428 3373 3495 ἐσθίοντος
3395 3430 3635 3499 χόρτον.
3677 3432 3817 3487 “Ets-

2272 3514 2522 3600 Jddoe-ro
2570 3517 2675 3573 τοῦ
2730 3520 2875 3575 Θεοῦ
2930 3519 3036 3574 τοῦ
3092 3518 3380 3589 σώζοντος
3426 3524 3669 3591 αὐτοὺς,
3716 3524 3815 3579 τοῦ

2274 3608 2636 3678 ποιήσαντος
2655 3609 2978 3683 μεγάλα-ἐν
3004 3612 3294 3682 Αἰγύπτῳ,
3321 3610 3627 3682 θαυμάσια
3648 3615 3718 3669 ἐν·
3745 3614 3813 3683 τῇ

2272 3700 2417 3774 xu”,
2458 3701 2675 3771 φοϐερὰ
2717 3702 2814 3754 ἐπὶ
2853 3702 3166 3770 θαλάσσης
3209 3704 3506 3772 Ἐρυθρᾶς.
3547 3708 3658 3761 Kal
3693 3703 3814 3761 size

2270 3792 2377 3847 τοῦ
2401 3792 2823 3863 ἐξολοθρεῦσαι
2852 3792 3091 3858 αὐτοὺς,
3119 3796 3172 3847 sl
3196 3793 3281 3862 μὴ
3306 3795 3569 3865 Μωῦσῆς
3596 3802 3631 3852 ό
3654 3800 3810 3853 bas-

2269 3886 2410 3953 κτὸς
2444 3884 2627 3940 αὐτοῦ
2668 3886 2815 3951 ἔστη
2854 3881 2925 3937 ἐν
2950 3882 3033 3952 τῇ
3064 3884 3307 3951 θραύσει
3331 3884 3592 3941 ἐνώπιον
3616 3891 3809 3951 αὐτοῦ,

2267 3977 2376 4033 τοῦ
2406 3975 2777 4045 ἀποστρέψαι
2805 3974 2912 4030 τὸν
2932 3964 3124 4044 ’θυμὸν
3154 3974 3337 4029 αὐτοῦ
3368 3976 3477 4031 τοῦ
3496 3977 3585 4047 μὴ

2269 4068 2511 4140 θρεῦσαι
2530 4067 2779 4143 αὐτοὺς,
2812 4066 2909 4121 καὶ
2942 4064 3355 4130 ἐξουδένωσαν
3386 4063 3505 4136 γῆν
3534 4068 3809 4139 ἐπιθυμη-

2268 4161 2399 4228 τήν.
2432 4162 2550 4214 Οὐκ
2576 4159 2944 4218 ἐπίστευσαν
2980 4154 3060 4222 τῷ
3096 4158 3255 4226 λόγῳ
3280 4158 3489 4224 αὑτοῦ,
3520 4160 3622 4213 καὶ
3655 4160 3810 4230 ἐτύγ-

2267 4268 2462 4324 τνσαν
2478 4252 2546 4306 ἐν
2562 4250 2685 4317 τοῖς
2694 4248 3079 4318 σκηνώμασιν
3091 4249 3306 4313 αὐτῶν,
3323 4252 3435 4305 οὐκ
3445 4252 3810 4321 εἰσήκουσαν

2266 4345 2373 4414 τῆς
2400 4343 2603 4415 φωνῆς
2633 4343 2875 4410 Κυρίου.
2917 4342 3027 4396 Kal
3067 4341 3249 4411 ἐπῇρε
3285 4344 3400 4411 τὴν
3434 4345 3607 4415 χεῖρα
3636 4348 3811 4403 αὐτοῦ

2266 4434 2357 4492 ἐπ’
2384 4434 2623 4501 αὐτοὺς,
2647 4433 2753 4489 τοῦ
2782 4431 3130 4513 καταϐαλεῖν
3154 4433 3374 4501 αὐτοὺς
3409 4434 3482 4488 ἐν
3512 4436 3591 4505 τῇ
3609 4436 3809 4506 ἐρήμῳ,

2265 4528 2363 4583 καὶ
2403 4526 2509 4581 τοῦ
2556 4523 2908 4579 καταϐαλεῖν
2945 4523 3016 4577 τὸ
3058 4522 3292 4594 σπέρμα
3332 4526 3536 4580 αὐτῶν
3581 4528 3649 4582 ἐν
3699 4528 3809 4593 τοῖς

614 4644 733 4684 eum
764 4629 820 4681 in
874 4624 1327 4680 adinuentionibus
1373 4620 1483 4675 suis
1514 4628 1564 4674 et
1600 4612 1953 4686 multiplicata
1997 4626 2075 4672 est
2109 4617 2163 4669 in

2273 4622 2480 4681 Mrem,
2508 4616 2607 4671 καὶ
2632 4615 3051 4683 διασκορπίσαι
3073 4616 3293 4682 αὐτοὺς
3322 4616 3395 4669 ὲν
3422 4617 3556 4686 ταῖς
3582 4619 3806 4688 χώραις.

613 4723 689 4777 eis
717 4721 892 4775 ruina.
930 4716 1001 4771 Et
1045 4718 1188 4771 stetit
1237 4715 1460 4769 Phinees
1513 4723 1562 4768 et
1600 4710 1850 4783 placavit,
1875 4701 1923 4767 et
1948 4712 2164 4765 cessauit

613 4816 912 4887 quassatio.
951 4811 1019 4865 Et
1061 4817 1360 4878 reputatum
1410 4814 1488 4861 est
1513 4806 1561 4860 ei
1584 4806 1641 4859 in
1676 4804 1968 4875 justitiam.
1994 4804 2165 4874 inge-

614 4910 936 4964 nerationem
957 4913 1007 4960 et
1038 4902 1418 4973 generationem
1471 4903 1631 4969 usque
1679 4899 1732 4952 in
1776 4898 2159 4965 sempiternum.

619 4997 812 5053 Exstat
844 4996 897 5049 in
940 4991 1189 5047 Nu’meris
1217 4989 1443 5043 historia
1486 4984 1757 5057 quomodo
1785 4994 2004 5056 accepta
2036 4983 2165 5039 Phi-

615 5104 746 5144 nees
778 5087 935 5142 hasta
969 5081 1395 5145 Madianitidem,
1417 5087 1472 5135 et
1492 5075 1655 5135 simul
1705 5079 1855 5134 illum
1908 5079 2000 5148 qui
2040 5092 2161 5133 cum

613 5197 679 5236 ea
707 5195 821 5234 rem
873 5177 1128 5239 habebat,
1172 5172 1504 5227 transfixerit
1539 5191 1552 5225 :
1586 5187 1693 5242 quo
1737 5171 1882 5226 edito
1923 5169 2163 5224 facinore

616 5267 798 5323 statim
851 5266 931 5319 ira
967 5265 1057 5320 Dei
1082 5266 1291 5335 placata
1316 5262 1424 5316 illis
1470 5269 1574 5317 est.
1599 5260 1698 5316 Hic
1725 5275 1886 5331 porro
1915 5261 2161 5315 declara-

614 5369 703 5414 tur
730 5364 993 5428 quantum
1021 5356 1160 5425 apud
1192 5354 1357 5409 Deum
1382 5353 1559 5409 valeat
1583 5354 1744 5408 unius
1786 5353 1890 5407 viri
1914 5352 2157 5423 iustitia;

614 5451 689 5506 ita
723 5457 778 5505 ut
800 5449 870 5503 ob
898 5446 1114 5502 Phinea:
1138 5463 1233 5518 pro
1270 5447 1378 5502 Deo
1413 5448 1585 5501 zelum
1613 5446 1691 5499 ira
1720 5444 2079 5511 frangeretur,
2107 5450 2161 5497 et

612 5542 891 5615 quassatio
910 5550 1219 5611 peccatores
1248 5540 1506 5595 invadens
1532 5545 1882 5593 averteretur.

2268 4712 2376 4768 Kal
2402 4707 2808 4777 ἐτελέσθησαν
2842 4704 2921 4771 τῷ
2943 4705 3303 4778 Beatam,
3330 4707 3449 4761 καί
3466 4707 3694 4779 ἔφατον
3716 4715 3807 4765 θυ-

2269 4803 2406 4869 σίας
2432 4799 2677 4871 νεκρῶν.
2716 4797 2824 4853 Kal
2864 4794 3216 4865 παρώξυναν
3245 4797 3432 4852 αὐτὸν
3454 4799 3529 4852 ἐν
3555 4799 3677 4866 τοῖς
3696 4800 3807 4853 ea.

2267 4895 2633 4965 τηδεύμασιν
2658 4890 2886 4953 αὐτῶν,
2932 4888 3031 4943 real
3073 4880 3416 4959 ἐπληθύνθη
3442 4891 3515 4944 ἐν
3542 4894 3737 4960 αὐτοῖς
3767 4895 3803 4959 ἠ

2267 4983 2507 5048 πτῶσις.
2542 4982 2650 5036 Kal
2677 4980 2824 5047 ἔστη
2849 4976 3051 5043 Φινεὲς
3075 4978 3171 5032 καὶ
3193 4976 3538 5045 ἐξάάσατο,
3566 4982 3668 5035 καὶ
3690 4983 3805 5037 eut-

2268 5090 2461 5139 πασεν
2491 5076 2530 5143 ’ἠ
2550 5073 2822 5143 ,θραῦσιςμ
2856 5070 2955 5128 καὶ
2979 5070 3259 5142 ἐλογίσθη
3288 5072 3448 5139 αὐτῷ
3474 5077 3566 5141 εις
3595 5076 3804 5129 δικαιο-

2267 5169 2462 5236 aur-nr
2495 5169 2581 5233 εἰς
2622 5164 2830 5237 τεν-εὰν
2877 5162 2975 5217 καὶ
3020 5163 3230 5234 γενεὰν
3270 5164 3381 5232 ἕως
3429 5164 3541 5218 τοῦ
3580 5167 3799 5232 αἰῶνος.

2261 5260 2449 5312 Κείται
2486 5260 2542 5311 ὲν
2583 5260 2692 5321 τοῖς
2732 5253 3001 5327 Ἀριθμοῖς
3041 5256 3075 5325 ἡ
3121 5254 3342 5326 ἱστορία,
3386 5256 3537 5320 ὅπως
3573 5256 3746 5311 λαϐὼν
3774 5258 3805 5311 ὁ

2260 5350 2438 5413 Φινεὲς
2458 5346 2546 5403 τὸν
2580 5347 2937 5420 σειρομάστην
2965 5346 3199 5419 διέπειρε
3230 5348 3671 5420 τὴνηΜαδιανίτιν
3698 5353 3801 5422 ἅμα

2262 5439 2338 5510 τῷ
2361 5442 2453 5493 σὺν
2477 5439 2611 5510 αὐτῇ
2644 5434 3047 5508 πεπορνευκότι,
3077 5436 3171 5489 καὶ
3198 5437 3434 5490 ἐκόπασε
3472 5439 3801 5511 παραχρῆμα

2262 5536 2295 5604 ὴ
2321 5529 2437 5588 κατ’
2458 5532 2633 5586 αὐτῶν
2650 5531 2785 5603 ὀργὴ
2810 5531 2923 5601 ἅμα
2939 5531 3009 5600 τῇ
3032 5528 3249 5602 τοιαύτῃ
3270 5530 3484 5601 πράξει.
3509 5531 3800 5603 [lapis-ngas

609 5639 665 5694 δὲ
703 5642 731 5692 ὁ
768 5639 943 5707 λόγος,
991 5634 1153 5687 πόσον
1202 5636 1370 5705 ἰσχύει
1405 5635 1553 5707 παρὰ
1579 5632 1695 5703 Θεῷ
1726 5633 1841 5696 ἐνὸς
1872 5632 2061 5704 ἀνδρὸς
2082 5629 2408 5700 δικαιοσύνη,
2434 5630 2508 5692 ὡς
2537 5626 2771 5680 κοπάσαι
2798 5626 2897 5697 τὴν
2920 5623 3103 5695 ὀργὴν,
3136 5626 3228 5680 καὶ
3249 5626 3681 5696 ἀνακρουσθῆναι
3708 5624 3802 5695 τὴν

611 5731 754 5787 κατὰ
779 5732 884 5785 τῶν
910 5729 1300 5801 ἡμαρτηκότων
1338 5730 1581 5801 Θραῦσιν,
1616 5729 1702 5784 διὰ
1730 5729 1819 5784 τὸν
1860 5729 2038 5792 Φινεὲς
2066 5727 2205 5798 ὑπὲρ
2234 5727 2326 5782 τοῦ
2358 5725 2490 5781 Θεοῦ
2523 5724 2699 5794 ζῆλον.

682 5850 729 5881 ⁷³
768 5848 927 5902 Num.
964 5863 1074 5905 xu.
1109 5847 1163 5901 2.
