3950 6350
31 37 352 179 μ

65 423 196 479 1³517

1124 416 1609 475 COMMENTARIA
1649 413 1714 470 IN
1750 399 2077 471 PSALMOS.

3080 405 3215 466 1318

132 538 237 591 Kal
267 536 637 607 παρώρτισαν
658 535 840 601 αὑτὸν
866 532 961 586 ἐπὶ
993 531 1202 597 ὕδατος
1235 530 1590 597 ἀντιλογίας,

1758 526 1922 581 Vens.
1956 525 2145 580 52—40.
2173 523 2239 577 Et
2274 522 2606 576 irritarerunt
2637 530 2752 575 eum
2782 519 2850 573 ad
2888 497 3073 589 aquam
3092 536 3219 573 conv
3288 544 3295 555 κ

63 628 159 680 καὶ
187 627 447 693 ἐκακώθη
477 624 732 693 Μωῦσῆς
758 624 829 676 δι’
857 621 1094 686 αὐτοὺς,
1125 620 1211 673 ὅτι
1243 620 1592 687 παρεπίκρα-

63 733 175 769 ναν
212 715 276 768 τὸ
324 716 553 784 πνεῦμα
596 712 795 767 αὐτοῦ.
846 710 955 764 Kal
994 710 1320 763 διέστειλεν
1362 709 1430 761 ἐν
1472 707 1594 772 τοῖς

64 808 331 876 χείλεσιν
374 806 573 868 αὑτοῦ,
622 806 730 858 οὐκ
774 802 1222 868 ἐξωλόθρευσαν
1262 802 1333 853 τὰ
1381 798 1519 865 ἔθνη
1555 799 1595 851 α

64 896 189 952 εἷπε
215 898 421 965 Κύριος
443 894 658 960 αὐτοῖς.
690 892 796 947 Kal
826 892 1112 961 ἐμίγησαν
1133 891 1200 943 ἐν
1227 890 1348 956 τοῖς
1374 890 1591 953 ἔθνεσι,

64 990 157 1041 καὶ
180 989 396 1058 ἔμαθον
420 987 489 1040 τὰ
506 986 647 1055 ἔργα
667 984 881 1046 αὐτῶν,
905 981 1002 1036 καὶ
1025 981 1454 1035 ἐδουλεύσαηο
1474 978 1596 1043 τοῖς

66 1079 343 1149 γλυπτοῖς
370 1076 580 1140 αὐτῶν,
616 1076 711 1129 καί
734 1073 980 1145 ἐγενήθη
1006 1071 1205 1137 αὐτοῖς
1230 1073 1314 1136 είς
1340 1069 1597 1122 σκάνδα-

62 1174 191 1223 λον.
226 1169 333 1223 Kal
355 1168 579 1222 ἔθυσαν
603 1166 742 1231 τσὺς
770 1165 935 1230 υιοὺς
961 1162 1154 1217 αὐτῶν
1180 1162 1274 1214 καὶ
1303 1161 1405 1225 τὰς
1432 1164 1596 1228 θυγα-

63 1260 235 1327 τέρας
270 1256 463 1311 αὐτῶν
498 1256 621 1322 τοῖς
658 1255 993 1325 δαιμονίοις.
1043 1254 1144 1308 Kal
1178 1250 1420 1319 ἐξέχεαν
1458 1246 1597 1317 αἷμα

63 1348 275 1409 ἀθῶον,
300 1342 436 1416 αἷμα
460 1346 602 1400 υἱῶν
629 1344 823 1399 αὐτῶν
855 1344 951 1398 καὶ
986 1342 1330 1413 θυγατέρων,
1356 1334 1440 1392 ὧν
1462 1342 1592 1394 ἐθυ-

64 1454 183 1489 σαν
219 1436 338 1502 τοῖς
365 1435 643 1505 γλυπτοῖς
674 1433 1067 1487 Xaradr.‘Kal
1095 1433 1529 1500 ἐφονοκτονὴθη

63 1526 139 1594 τῆ
183 1527 251 1579 ἐν
282 1526 401 1591 τοῖς
432 1527 657 1595 αἵμασι,
707 1526 804 1577 καὶ
847 1522 1087 1593 ἐμιάνθη
1140 1522 1207 1573 ἐν
1249 1520 1371 1585 τοῖς
1409 1519 1600 1588 ἔργοις

65 1614 280 1677 αὐτῶν,
309 1615 403 1667 καὶ
447 1615 815 1682 ἐπόρνευσαν
850 1612 946 1665 ἐπὶ
986 1610 1107 1675 τοῖς
1147 1609 1603 1678 ἐπιτηδεύμασιν

67 1704 282 1758 αὐτῶν.
324 1706 429 1758 Kal
456 1704 709 1774 ὠργίσθη
739 1701 897 1771 θυμῷ
929 1703 1139 1770 Κύριος
1176 1702 1271 1753 ἐπὶ
1309 1699 1413 1753 τὸν
1452 1683 1603 1752 λαὸν

68 1797 270 1861 αὐτοῦ,
289 1798 380 1849 καὶ
398 1794 746 1859 ἐϐδελύξατο
767 1794 879 1861 τὴν
898 1794 1294 1861 κληρονομίαν
1315 1790 1514 1843 αὑτοῦ.
1536 1790 1599 1841 El

1692 622 2040 682 tradictionis,
2074 627 2123 671 et
2163 626 2373 671 vexatus
2406 625 2483 668 est
2518 614 2720 683 Moyses
2740 622 2944 681 propter
2963 627 3068 675 eos,
3098 611 3221 679 quia

1690 712 2120 766 exacerbaverunt
2160 709 2402 778 spiritum
2435 704 2668 776 ejus.|Et
2712 704 2953 756 distinxit
2989 703 3042 755 in
3070 702 3221 754 labiis

1691 808 1824 870 suis,
1847 820 1949 858 non
1969 802 2383 871 disperdiderunt
2416 807 2610 869 gentes,
2637 812 2763 865 quas
2798 793 2931 847 dixit
2967 793 3223 846 Dominus

1692 897 1822 953 illis.
1872 894 1940 948 Et
1971 894 2227 947 commisti
2272 900 2391 946 sunt
2436 892 2571 944 inter
2600 898 2792 958 gentes,
2838 895 2885 939 et
2932 885 3224 938 didicerunt

1694 1001 1847 1054 opera
1867 1000 2066 1049 eorum,
2099 994 2147 1037 et
2183 983 2465 1036 servierunt
2494 977 2816 1047 sculptilibus
2849 991 3043 1037 eorum,
3070 983 3117 1027 et
3139 972 3224 1040 fa-
3286 1006 3289 1009 ν

1694 1088 1833 1131 ctum
1858 1087 1935 1131 est
1960 1077 2068 1129 illis
2106 1076 2161 1128 in
2188 1073 2514 1128 scandalum.
2550 1071 2613 1123 Et
2660 1069 3047 1123 immolaverunt
3085 1067 3224 1134 ﬁlios

1695 1186 1815 1223 suos
1856 1178 1905 1222 et
1934 1168 2073 1237 ﬁlias
2105 1182 2228 1219 suas
2269 1164 2562 1217 damoniis.
2600 1160 2666 1213 Et
2704 1158 2990 1229 effuderunt
3018 1158 3227 1227 sangui-

1695 1275 1808 1314 nem
1834 1260 2174 1319 innocentem,
2204 1254 2506 1323 sanguinem
2524 1252 2750 1321 ﬁliorum
2780 1265 2989 1302 suorum
3017 1258 3062 1300 et
3086 1246 3227 1314 ﬁlia—

1696 1338 2083 1423 rum‘suaru'm,
2126 1361 2257 1414 quas
2295 1342 2717 1413 sacriﬁcaverunt
2751 1338 3069 1407 sculptilibus
3090 1334 3228 1389 Cita-

1697 1458 1855 1497 naan.
1885 1438 1952 1493 Et
1990 1438 2181 1506 infecta
2210 1448 2284 1490 est
2318 1446 2455 1488 terra
2485 1434 2538 1486 in
2579 1432 2933 1501 sanguinibus,
2976 1437 3025 1482 et
3057 1436 3230 1481 conta-

1697 1533 1897 1586 minata
1939 1532 2095 1591 est.in
2141 1527 2375 1596 operibus
2420 1540 2620 1590 eorum,
2665 1531 2714 1576 et
2759 1522 3001 1591 fornicati
3029 1527 3145 1573 sunt
3174 1519 3227 1571 in

1700 1620 2144 1676 adinventionibus
2181 1620 2309 1672 suis.
2340 1615 2406 1669 Et
2442 1618 2610 1668 iratus
2643 1622 2717 1667 est
2759 1613 2931 1682 furore
2976 1610 3228 1665 Dominus

1699 1714 1754 1767 in
1801 1713 2043 1781 populum
2092 1726 2261 1771 suum,
2311 1720 2357 1762 et
2401 1705 2731 1761 abominatus
2775 1713 2849 1758 est
2881 1702 3229 1757 hareditatem

1701 1822 1871 1859 suam.
1906 1804 1963 1858 Si
1994 1810 2208 1873 propter
2234 1802 2345 1855 haec
2380 1792 2557 1855 omnia
2590 1798 2928 1873 abominatus
2956 1803 3037 1848 est
3062 1793 3231 1848 haereo

68 1884 154 1937 διὰ
172 1885 341 1937 ταῦτα
370 1885 543 1939 πάντα
577 1882 884 1947 ὲὸδελύξατο
906 1881 1000 1952 τὴν
1033 1880 1383 1951 κληρονομίαν
1414 1876 1597 1940 αὑτοῦ,

1714 1896 1914 1949 iitatem
1946 1868 2117 1959 suam,
2154 1908 2249 1946 cur
2280 1906 2439 1961 supra
2482 1891 2681 1944 dictum
2713 1868 2920 1953 est,Ad
2959 1885 3231 1940 videndum

69 1976 185 2038 πῶς
217 1976 468 2046 ἀνωτέρω
492 1975 719 2046 εἴρηται*
754 1974 860 2027 Τοῦ
886 1973 1031 2026 ίδεῐν
1059 1973 1126 2026 ἐν
1154 1971 1224 2038 τῇ
1250 1972 1604 2039 χρηστότητι

1714 1987 1756 2039 ῐη
1778 1987 2004 2039 bonitate
2024 1985 2297 2038 electorum
2328 1993 2553 2045 tuorum,
2584 1980 2649 2033 ad
2674 1978 2951 2032 (tutandum
2979 1978 3029 2029 in
3048 1976 3231 2029 laetitia

70 2067 187 2120 τῶν
226 2066 518 2121 ἐκλεκτῶν
558 2083 694 2133 σου,
742 2066 847 2119 τοῦ
889 2063 1283 2133 εὐφρανθῆναι
1319 2063 1386 2115 ἐν
1414 2061 1486 2129 τῇ
1513 2064 1606 2114 εὑ·-

72 2159 344 2227 φροσύνη
380 2158 484 2213 τοῦ
522 2158 745 2223 ἔθνους
765 2173 897 2219 σου,
937 2156 1041 2209 τοῦ
1076 2154 1433 2209 ἐπαινεῖσθαι
1460 2151 1608 2223 μετὰ

73 2250 179 2317 τῆς
212 2251 605 2319 κληρονομίας
633 2265 746 2302 σου
768 2265 784 2312 ;
822 2247 979 2301 Ἀλλὰ
1004 2248 1105 2319 ὅρα
1131 2249 1179 2299 εί
1207 2246 1281 2318 μὴ
1308 2246 1489 2321 σαφῶς
1516 2244 1607 2297 καὶ

72 2341 169 2409 τὴν
216 2338 585 2409 βδελυχθεῖσαν
634 2337 986 2410 κληρονομίαν
1031 2337 1124 2391 τοῦ
1178 2337 1433 2407 προτέρου
1482 2334 1606 2387 λαοῦ

75 2430 411 2501 παρέστησεν
454 2433 483 2485 ὁ
520 2430 692 2499 λόγος,
732 2430 826 2483 καὶ
863 2429 990 2499 περὶ
1030 2428 1217 2498 ἑτέρας
1257 2424 1609 2494 κληρονομίας

76 2519 338 2585 Θεσπίζει,
367 2521 441 2585 ὡς
470 2523 561 2575 καὶ
587 2524 714 2593 περ)⁵
744 2522 926 2592 ἐτέρου
958 2521 1084 2575 λαοῦ
1116 2519 1230 2589 μεθ’
1259 2512 1331 2571 ὧν
1363 2516 1609 2587 εῠχεσθαι

78 2612 537 2685 καταριθμηθῆναι
558 2612 809 2666 διδάσκει.

142 2706 257 2759 Kal
289 2702 618 2771 παρέδωκεν
645 2702 861 2766 αὐτοὺς
889 2703 973 2766 είς
1008 2698 1206 2769 χεῖρας
1238 2696 1479 2767 ἐχθρῶν,
1513 2696 1610 2749 καί

80 2794 431 2861 ἐκυρίευσαν
459 2791 652 2846 αὐτῶν
680 2795 732 2845 ol
755 2790 1071 2860 μισοῦντες
1104 2791 1338 2855 αὐτούς.
1387 2789 1459 2840 Oi:
1504 2801 1612 2841 πα-

84 2885 332 2955 ραδίδωσι
357 2882 412 2936 δὲ
438 2882 637 2954 Κύριος
656 2882 746 2934 τὸν
773 2882 895 2934 λαὸν
923 2881 1106 2943 αὑτοῦ,
1131 2880 1223 2933 ἐὰν
1256 2879 1329 2949 μὴ
1357 2878 1614 2950 πρότερον

84 2974 391 3044 βδελύξηται
420 2973 592 3025 αὐτόν·
630 2972 965 3041 βδελύσσεται
990 2972 1045 3024 δὲ
1070 2971 1227 3023 αὐτὸν
1255 2970 1339 3023 διὰ
1368 2970 1463 3031 τὰς
1487 2984 1616 3038 προ-

81 3065 402 3135 λελεγμένας
430 3064 669 3136 πράξεις.
716 3064 957 3116 Ἐπειδὰν
994 3062 1050 3115 δὲ
1086 3064 1113 3115 ὁ
1146 3060 1341 3131 Κύριος
1371 3059 1610 3129 παραδῷ,

80 3156 159 3219 τίς
191 3156 259 3208 οὐ
287 3152 499 3208 δύναται
530 3151 636 3206 τῶν
672 3151 831 3206 αὐτοῦ
866 3150 1194 3220 κυριεύσειν;
1226 3148 1336 3202 Καὶ
1361 3149 1616 3217 ἐθλιψαν

1701 2078 1864 2146 gentis
1898 2087 2020 2139 tute,
2039 2084 2094 2127 ut
2127 2074 2352 2128 lauderis
2381 2090 2496 2126 cum
2524 2070 2824 2125 hareditate
2853 2070 2979 2123 tua?
3005 2067 3072 2121 At
3108 2081 3232 2137 per-

1703 2171 1875 2240 pende
1916 2183 2042 2222 num
2081 2174 2261 2236 aperte
2306 2181 2480 2221 sermo
2522 2163 2879 2218 abominatam
2919 2159 3109 2230 prioris
3135 2172 3233 2228 po—

1704 2261 1816 2330 puli
1864 2260 2227 2315 haereditatem
2266 2258 2516 2319 declaret,
2565 2270 2626 2310 ac
2658 2255 2723 2309 de
2776 2254 2879 2308 alia
2924 2249 3233 2307 hereditate

1705 2352 2055 2417 vaticinetur;
2085 2359 2145 2405 ut
2176 2358 2230 2405 et
2267 2350 2331 2403 de
2368 2348 2473 2402 alio
2506 2348 2701 2418 populo
2729 2348 2947 2418 quicum
2975 2357 3232 2399 annume-

1705 2441 1813 2495 rari
1842 2442 2135 2512 optandum
2162 2456 2283 2497 esse
2306 2440 2480 2495 docet.

1776 2701 1939 2757 Vens.
1963 2698 2146 2755 41-43.
2173 2698 2238 2753 Et
2267 2698 2484 2754 tradidit
2503 2716 2589 2755 eos
2610 2701 2661 2754 in
2682 2716 2866 2756 manus
2886 2697 3248 2766 inimicorum,-

1708 2802 1757 2848 et
1786 2791 2039 2848 deminuti
2061 2800 2179 2845 sunt
2206 2806 2382 2843 eorum
2425 2791 2513 2860 qui
2541 2790 2754 2849 oderunt
2779 2807 2886 2844 eos.
2927 2789 3043 2846 Non
3073 2791 3237 2847 tradit

1709 2882 1968 2939 Dominus
2016 2882 2273 2952 populum
2319 2896 2500 2945 suum,
2546 2881 2651 2935 nisi
2704 2871 2858 2950 prius
2905 2882 3238 2937 abominetur

1711 2977 1889 3046 ipsum
1936 2993 1948 3029 :
1995 2974 2168 3043 ipsum
2221 2982 2397 3027 autem
2450 2972 2786 3027 abominatur
2838 2973 2906 3028 ob
2946 2977 3237 3029 memorata

1713 3077 1893 3133 Opera.
1922 3060 2058 3116 Cum
2102 3067 2297 3117 autem.
2324 3061 2437 3127 ipse
2477 3060 2732 3116 Dominus
2775 3063 3073 3129 tradiderit,
3117 3064 3239 3133 quis

1715 3170 1820 3209 non
1876 3152 2049 3222 possit
2081 3152 2291 3221 populis
2322 3152 2385 3205 ad
2427 3152 2601 3221 ipsum
2648 3154 3037 3223 pertinentibus
3070 3153 3239 3210 domi-

82 3248 300 3314 ιιῠτοὺς
325 3249 378 3301 οί
404 3245 595 3317 ἐχθροὶ
623 3242 835 3307 αὐτῶν,
874 3243 970 3297 καὶ
998 3242 1470 3309 ἐταπεινώθησαν
1499 3240 1616 3293 ὑπὸ

1716 3247 1872 3302 nari?
1905 3246 1971 3319 Et
2004 3246 2377 3299 tribulaverunt
2420 3258 2511 3299 eos
2536 3247 2732 3299 inimici
2771 3263 2968 3312 eorum,
2996 3257 3043 3302 et
3073 3249 3243 3302 humi-

85 3340 186 3405 τὰς
217 3338 419 3408 χεῖρας
451 3334 659 3390 αὐτῶν·
701 3332 1017 3399 πλεονάκις
1054 3333 1339 3402 ἐρρύσατο
1380 3331 1614 3396 αὐτούς.

88 3430 258 3483 Αὐτοὶ
287 3428 357 3481 δέ
395 3410 1047 3494 παρεπίκρανανάὐτὸν
1084 3425 1151 3477 ἐν
1177 3422 1251 3491 τῇ
1285 3421 1484 3490 βουλῇ
1512 3422 1618 3475 αὐ-

90 3519 221 3585 τῶν,
254 3520 355 3572 καὶ
382 3516 853 3582 ἐταπεινώθησαν
884 3516 950 3568 ἐν
970 3514 1095 3579 ταῖς
1116 3515 1383 3582 ἀνομίαις
1405 3512 1616 3567 αὐτῶν.

90 3612 250 3673 Αὐτὸς
292 3611 410 3680 μὲν,
443 3609 623 3679 φησὶν,
658 3606 899 3678 ἐρρύετο,
938 3606 1166 3676 χρηστὸς
1206 3604 1279 3657 ὢν
1315 3606 1492 3667 αὐτοῖς
1530 3606 1621 3658 καὶ

90 3704 284 3770 γλυκὺς
321 3700 621 3769 γενόμενος’
652 3699 701 3752 οί
731 3698 786 3750 δὲ
817 3697 1242 3767 παρεπίκραναν,
1278 3696 1467 3767 πικρὸν
1498 3696 1623 3749 law

90 3796 195 3857 τοῖς
234 3792 509 3854 ποιοῦντες
553 3789 729 3844 αὐτόν·
772 3790 862 3842 καὶ
904 3789 1061 3842 πάλιν
1102 3781 1258 3850 αὐτὸς
1304 3786 1499 3851 ἔσωζεν
1538 3781 1625 3839 οἷα

94 3886 289 3955 σωτήρ·
326 3885 374 3935 oi
410 3881 465 3935 δὲ
506 3876 831 3946 ἀπώλλυντο,
877 3880 1055 3952 ἔργοις
1096 3879 1362 3942 ἀπωλείας
1404 3881 1625 3942 ἑαυτοὺς

93 3974 509 4047 περιπείροντες·
540 3972 634 4026 καὶ
672 3971 823 4025 τοῦτο
867 3971 1145 4033 πλεονάκις
1177 3971 1398 4039 ἐγίνετο,
1431 3970 1533 4033 ἕως
1564 3960 1624 4024 οὗ

92 4069 240 4120 αὐτοὶ
263 4067 483 4129 ἑαυτοὺς
509 4063 871 4125 ἐταπείνωσαν
899 4066 954 4116 ἐν
980 4065 1094 4125 ταῖς
1123 4062 1297 4115 αὐτῶν
1322 4062 1583 4133 ἀνομίαις.

157 4157 264 4210 Kal
302 4152 424 4210 εἶδε
447 4156 656 4221 Κύριος
680 4154 748 4207 ἐν
770 4152 848 4217 τῷ
876 4154 1175 4207 θλίϐεσθαι
1195 4153 1427 4216 αὐτοὺς,
1454 4154 1521 4205 ἐν
1546 4153 1625 4218 τῷ

94 4247 273 4300 αὑτὸν
294 4244 639 4298 εἰσακοῦσαι
668 4242 775 4311 τῆς
798 4242 1053 4311 δεήσεως
1082 4242 1292 4296 αὐτῶν.
1324 4242 1428 4296 Kal
1449 4242 1649 4311 ἐμνήί

96 4342 206 4405 σθη
233 4335 345 4407 τῆς
372 4335 649 4401 διαθήκης
675 4334 878 4397 αὑτοῦ,
912 4334 1007 4386 καί
1037 4333 1361 4402 μετεϐλήθη
1385 4335 1530 4387 κατὰ
1559 4333 1625 4386 τὸ

96 4428 325 4497 πλῆθος
346 4427 452 4481 τοῦ
477 4426 681 4491 ἐλέους
707 4425 907 4479 αὐτοῦ.
937 4425 1044 4478 Kal
1074 4425 1290 4478 ἔδωκεν
1309 4425 1523 4489 αὐτοὺς
1542 4427 1628 4491 είς

99 4518 427 4588 οὶκτιρμοὺς
474 4517 745 4570 ἐναντίον
792 4516 1026 4569 πάντων
1076 4514 1193 4569 τῶν
1239 4518 1629 4586 αίχμαλωτευ-
1658 4541 1704 4598 ι)

99 4607 332 4661 σάντων
356 4608 590 4673 αὐτούς.
628 4606 736 4659 Καὶ
762 4606 917 4659 τοῦτο
940 4604 1251 4676 ἐπληροῦτο,
1275 4606 1360 4658 ὅτε
1387 4606 1630 4659 ἐνέϐαλεν

100 4702 126 4749 ὁ
146 4700 273 4763 Θεὸς
296 4702 374 4763 είς
394 4700 492 4769 τὴν
511 4698 733 4770 καρδίαν
754 4698 933 4769 Κύρου
961 4697 1051 4750 τοῦ
1076 4697 1350 4768 βασιλέως,
1378 4699 1469 4751 καὶ
1500 4697 1632 4767 μετὰ

102 4789 264 4841 ταῦτα
306 4788 528 4859 Δαρείου
569 4790 660 4842 καὶ
701 4788 1046 4859 Ἀρταξέρξου
1075 4787 1457 4857 φιλανθρώπως
1496 4788 1629 4857 χρή·

104 4878 291 4931 σασθαι
317 4878 395 4947 τῷ
436 4878 695 4932 Ἰουδαίων
720 4878 878 4941 ἔθνει,
901 4877 1037 4930 κατὰ
1061 4877 1127 4930 τὰ
1152 4880 1207 4930 ὲν
1234 4881 1299 4947 τῇ
1332 4879 1512 4948 Γραφῇ
1539 4877 1630 4930 τοῦ

108 4968 304 5037 Ἐσδρα
334 4967 622 5037 φερόμενα.
665 4969 817 5021 Ἀλλὰ
842 4970 932 5022 καὶ
957 4970 1123 5021 εἰσέτι
1147 4966 1240 5020 νῦν
1269 4971 1333 5039 τῇ
1359 4970 1495 5039 ἀρχῇ
1526 4969 1632 5021 τῶν

117 5056 390 5127 Ῥωμαίων
424 5058 754 5122 δουλεύοντες
781 5062 837 5112 ὲν
863 5061 1155 5128 οἰκτιρμοῖς
1181 5059 1514 5127 τυγχάνουσι,
1539 5057 1632 5110 τοῦ

106 5147 232 5200 Θεοῦ
255 5148 412 5201 τοῦτο
444 5149 622 5211 αὐτοῖς
658 5149 854 5221 δεδωρη
865 5152 1039 5219 μένου·
1080 5151 1174 5219 οὐχ
1208 5151 1285 5202 ὅτι
1310 5147 1446 5219 ἦσαν
1474 5151 1631 5216 ἄξιοι,

110 5239 234 5292 ἀλλὰ
260 5240 418 5293 πάλιν
444 5242 527 5294 διὰ
550 5242 608 5294 τὸ
635 5243 830 5314 πλῆθος
853 5243 945 5296 τοῦ
973 5242 1166 5305 ἐλέους.
1189 5242 1294 5295 Kal
1308 5242 1633 5312 μετεϐλήθη

110 5329 249 5382 κατὰ
288 5331 354 5384 τὸ
392 5331 618 5400 πλῆθος
648 5333 751 5387 τοῦ
786 5335 991 5400 ἐλέους
1037 5333 1234 5389 αὐτοῦ.
1271 5324 1663 5403 Μεταμέλειαν

111 5418 162 5469 δὲ
193 5418 343 5472 καλεί
372 5420 471 5489 τῆς
500 5421 742 5486 παιδείας
770 5425 866 5493 τὴν
894 5423 1116 5477 παῦλαν.
1155 5422 1213 5475 Ὀ
1244 5422 1349 5492 γὰρ
1378 5422 1510 5486 ,Θεὸς
1540 5423 1635 5494 τῆς

117 5510 462 5579 μεταμελείας
490 5512 587 5564 οὐκ
603 5511 715 5581 ἔχει
742 5514 802 5567 τὸ
820 5514 1005 5578 πάθος,
1028 5515 1145 5566 οὐδὲ
1173 5512 1262 5565 νῦν
1291 5513 1385 5582 μὲν
1411 5513 1635 5578 τούτοις,

114 5599 201 5651 νῦν
232 5600 287 5653 δὲ
315 5602 538 5665 ἐκείνοις
566 5604 871 5675 ἀρέσκεται,
903 5607 1032 5659 ἀλλὰ
1063 5606 1234 5674 σοφῶς
1266 5608 1472 5659 ἅπαντα
1506 5624 1639 5677 πρυ-

115 5689 380 5757 τανεύων,
429 5695 522 5747 καὶ
572 5695 807 5759 παιδείας
857 5698 1045 5765 ἐπάγει
1098 5699 1187 5751 καὶ
1244 5696 1637 5767 φιλανθρωπίας

118 5776 285 5831 ὀρέγει

148 5794 285 5847 ρςγει

1720 3339 1836 3393 liati
1866 3346 1983 3392 sunt
2033 3338 2124 3391 sub
2168 3336 2405 3391 manibus
2453 3352 2827 3407 eorumua’pe
2875 3339 3241 3397 liberaviteos.

1720 3432 1831 3500 Ipsi
1861 3441 2027 3484 autem
2057 3430 2487 3484 exacerbaverunt
2518 3445 2632 3482 eum
2662 3430 2715 3482 in
2766 3431 2982 3501 consilio
3022 3447 3114 3485 suo
3142 3448 3161 3486 :
3196 3439 3247 3486 et

1719 3522 1975 3575 humiliati
2003 3532 2119 3575 sunt
2151 3521 2205 3573 in
2226 3518 2584 3590 iniquitatibus
2612 3513 2748 3572 suis?
2768 3517 2884 3588 Ipse
2912 3520 3126 3589 quidem
3147 3522 3245 3586 ait,

1718 3615 1893 3668 bonus
1918 3628 2038 3667 cum
2077 3620 2219 3667 esset
2254 3626 2314 3664 ac
2344 3609 2697 3680 mitigaretur,
2731 3598 2985 3663 liberabat
3017 3624 3141 3679 eos;
3169 3612 3247 3666 illi

1719 3720 1847 3759 vero
1870 3704 2324 3759 exacerbaverunt
2348 3716 2488 3767 eum,
2513 3700 2762 3754 acerbum
2799 3700 2899 3756 sibi
2924 3702 3250 3759 constituen-

1720 3803 1801 3849 tes
1832 3813 1845 3848 :
1877 3810 1939 3849 ac
1978 3810 2167 3848 rursus
2194 3794 2301 3856 ille,
2334 3800 2515 3860 utpote
2556 3799 2816 3859 servator,
2860 3793 3081 3857 eruebat
3120 3810 3248 3867 eos,

1721 3881 1797 3935 illi
1817 3895 1947 3935 vero
1975 3881 2236 3949 peribant,
2262 3880 2405 3934 exitii
2433 3879 2684 3947 operibus
2700 3895 2820 3935 sese
2840 3882 3245 3943 confodientes',

1722 3972 1882 4041 idque
1920 3986 2054 4037 saepe
2080 3958 2278 4023 factum
2305 3981 2405 4035 est,
2430 3970 2599 4026 donec
2631 3986 2689 4025 se
2710 3954 2809 4042 ipsi
2832 3972 3250 4032 bumiliaverunt

1720 4062 1777 4117 in
1814 4060 2186 4130 iniquitatibus
2215 4061 2346 4115 suis.
2994 4112 2997 4113 ν

1791 4150 1955 4206 Vsus.
1988 4150 2172 4204 ιρι-ιδ.
2216 4150 2283 4204 Ει
2320 4152 2448 4207 vidit
2491 4152 2741 4209 Dominus
2778 4172 2893 4209 cum
2943 4158 3254 4213 tribularen-

1726 4250 1830 4305 tur,
1874 4257 1990 4294 cum
2031 4240 2233 4295 audiret
2272 4242 2677 4311 deprecationem
2719 4262 2917 4301 eorum.
2955 4247 3025 4302 Et
3061 4267 3255 4305 memor

1726 4332 1826 4402 fuit
1855 4334 2146 4405 testamenti
2180 4334 2281 4397 sui,
2310 4344 2359 4388 et
2389 4336 2627 4403 paenituit
2657 4350 2771 4390 eum
2803 4341 3082 4394 secundum
3121 4344 3255 4397 mul-

1729 4423 2000 4478 titudinem
2029 4424 2395 4479 misericordia:
2432 4441 2558 4479 suae.
2589 4425 2656 4479 Et
2694 4427 2831 4481 dedit
2858 4444 2943 4483 eos
2980 4432 3033 4485 in
3061 4434 3273 4487 miseri.

1728 4514 1932 4567 cordias
1976 4514 2029 4566 in
2063 4524 2330 4589 conspectu
2372 4517 2600 4569 omnium
2630 4519 2717 4586 qui
2747 4532 2982 4588 ceperant
3008 4539 3113 4579 eos.
3144 4521 3258 4579 Hoc

1731 4606 2070 4675 implebatur,
2100 4604 2311 4675 quando
2355 4604 2577 4660 immisit
2623 4607 2769 4663 Deus
2798 4610 2853 4664 in
2899 4626 2994 4665 cor
3018 4612 3141 4683 Cyri
3172 4630 3258 4670 re—

1731 4696 1836 4765 gis,
1864 4703 1915 4749 et
1947 4700 2130 4764 postea
2160 4693 2304 4747 Darii
2334 4700 2387 4748 et
2423 4696 2757 4763 Artaxerxis,
2801 4706 2858 4754 ut
2884 4714 3007 4755 cum
3035 4701 3257 4758 Judaica

1732 4792 1887 4856 gente
1912 4784 2136 4853 benigne
2160 4792 2393 4852 agerent,
2423 4786 2718 4840 secundum
2755 4804 2817 4845 ea
2846 4806 2962 4860 quae
2994 4792 3046 4845 in
3075 4791 3259 4847 Esdrae

1734 4875 2007 4944 Scriptura
2033 4874 2295 4928 feruntur.
2322 4874 2459 4939 Quin
2486 4878 2645 4932 etiam
2688 4896 2829 4936 nunc
2878 4881 3119 4937 Romano
3164 4883 3260 4937 im-

1732 4969 1880 5041 perio
1922 4973 2169 5036 parentes
2209 4967 2671 5035 miserationibus,
2719 4972 2828 5027 Deo
2865 4982 3113 5038 auctore,
3163 4976 3260 5031 do-

1733 5067 1928 5113 nantur
1957 5073 1969 5107 :
2006 5072 2111 5110 non
2145 5057 2285 5126 quod
2309 5058 2452 5128 digni
2493 5060 2633 5126 sint;
2667 5062 2757 5116 sed
2788 5063 2855 5115 ob
2881 5062 3259 5119 misericordiae.

1733 5151 1849 5216 eius
1879 5150 2315 5218 magnitudinem.
2339 5150 2403 5203 Et
2419 5154 2652 5219 paenituit
2675 5170 2797 5211 eum
2823 5152 3097 5208 secundum
3125 5162 3259 5211 mul-

1737 5241 2006 5295 titudinem
2068 5242 2435 5297 misericordia:
2485 5262 2613 5299 sum.
2666 5245 3036 5300 Pmnitentiam
3082 5258 3259 5305 autem

1734 5341 1889 5387 vocat
1925 5332 2289 5403 castigationis
2330 5338 2703 5391 cessationem.
2736 5337 2874 5393 Deus
2919 5340 3116 5411 quippe
3142 5313 3259 5411 pa;-

1736 5424 1971 5479 nitentize
2001 5423 2246 5480 allectum
2284 5425 2477 5481 habere
2502 5428 2685 5496 nequit
2718 5446 2730 5481 :
2764 5445 2935 5500 neque
2965 5432 3123 5487 modo
3153 5433 3258 5500 his,

1735 5517 1893 5572 modo
1914 5517 2247 5592 illisoplacita
2278 5518 2419 5584 edit;
2453 5517 2543 5572 sed
2567 5520 2833 5588 sapienter
2870 5522 3047 5575 omnia
3075 5525 3259 5579 mode-

1737 5623 1881 5670 rans,
1922 5617 1974 5664 et
2004 5609 2379 5681 castigationes
2425 5609 2648 5676 inducit,
2698 5620 2750 5665 et
2793 5612 3125 5669 clementiam
3175 5630 3264 5673 ex-

1738 5701 1900 5755 hibet.
