3994 6354
152 396 287 453 ﬂii

1251 375 1742 450 communia
1769 392 1843 448 ἸΝ
1879 389 2230 451 mauros.-

3178 398 3199 450 1
3210 396 3312 453 322

148 500 475 579 συνάγεσθαι
511 511 568 565 δέ
607 510 698 564 ἐπὶ
726 510 823 583 τὴν
862 510 1113 564 Ἰουδαίαν
1158 508 1279 579 γῆν.
1319 506 1551 562 Τοιαῦτα
1588 508 1664 578 τὰ,

1757 549 1767 571 ι
1794 507 2101 578 captivitate
2130 508 2454 579 Babylonica
2481 510 2635 566 annis
2665 524 2831 580 prope
2860 510 3024 574 mille,
3055 509 3188 565 nihil
3218 508 3316 563 hu-

147 600 316 661 ιίσέτι
353 601 446 655 καὶ
483 600 575 655 νῦν
614 602 798 665 παῖδες
836 598 1093 654 Ἰουδαίων
1130 598 1503 667 φαντάζονται.
1549 598 1684 651 Ἀλλ’

147 691 270 744 ἐπὶ
307 690 382 762 μὴ
407 691 576 745 ταῦτα
599 692 725 763 πιηοὶ
751 690 941 763 αὐτοὺς
970 691 1081 752 τοῖς
1117 689 1294 761 ἔργοις
1318 689 1686 761 ὁρᾶταιχεγε-

147 781 376 852 νημὲνα,
402 781 500 853 ἠδη
526 798 627 835 που
662 780 847 852 χιλίοις
874 780 1037 849 ἐγγὺς
1066 780 1205 833 ἔτεσι
1230 780 1326 849 τῆς
1352 779 1459 833 άπὸ
1486 780 1585 852 τῆς
1606 782 1685 844 είς

1784 600 2023 670 jusmodi
2052 600 2105 653 in
2134 600 2344 655 illorum
2366 600 2588 672 gratiam
2620 611 2894 672 peractum
2874 603 3026 673 dsit;
3060 607 3229 657 restat
3257 610 3316 655 ut

1777 706 1968 746 rerum
2009 691 2223 747 eventui
2271 690 2385 746 haec
2412 694 2575 747 verba
2620 692 3116 757 accommodemus,
3158 700 3214 747 et
3250 691 3317 747 ad

1778 780 2021 852 gentium
2056 780 2389 836 voeationcm
2412 782 2743 853 pr0phetiam
2780 781 3109 836 reducamus.

144 875 435 931 Βαϐυλῶνα
459 876 821 948 αἰχμαλωσίας
847 876 1020 929 αὐτῶν
1047 874 1263 947 μηδενὸς
1286 874 1519 929 τοιούτου
1546 875 1671 945 περὶ
1695 875 1885 937 αὐτοὺς
1909 873 2249 946 πραχθέντος·
2291 873 2405 944 ῶρα
2435 878 2500 946 τῇ
2559 874 2665 930 τῶν
2719 874 3044 943 πραγμάτων
3102 871 3315 927 ἐκϐάσει

143 969 271 1031 τοὺς
316 968 502 1039 λόγους
540 967 909 1042 ἐφαρμόττειν,
952 966 1044 1020 καὶ
1087 966 1177 1019 ἐπὶ⁵
1218 964 1314 1037 τὴν
1355 965 1463 1019 τῶν
1504 965 1671 1019 ἐθνῶν
1706 965 1890 1045 κλῆσιν
1926 964 2141 1034 ἀνάγειν
2173 964 2269 1037 τὴν
2300 964 2642 1037 προφητείαν.

224 1078 679 1155 Ἕᾱτλανήθησαν
706 1087 775 1140 ὲν
802 1086 878 1155 τῇ
908 1085 1098 1155 ἐρήμῳ
1133 1085 1229 1149 καὶ
1262 1078 1511 1153 ἀνύδρῳ,
1540 1083 1684 1138 ὁδὸν

140 1180 377 1244 πόλεως
406 1180 847 1248 κατοικητηρίου
875 1180 988 1247 οὐχ
1016 1174 1214 1246 εὗρον·
1249 1175 1564 1242 πεινῶντες
1584 1176 1681 1229 καὶ

138 1268 455 1337 διψῶντες,
499 1270 537 1337 ἠ
586 1269 754 1337 ψυχὴ
791 1266 987 1323 αὐτῶν
1025 1268 1109 1325 ὲν,
1139 1267 1354 1332 αὐτοῖς
1381 1265 1675 1330 ἐξέλιπεν.

148 1357 343 1430 Ἡμεῖς
364 1360 461 1431 μὲν
483 1360 533 1413 ot
553 1359 658 1431 πρὸ
692 1360 789 1429 τῆς
807 1357 902 1412 τοῦ
935 1359 1177 1430 Σωτῆρος
1200 1356 1352 1428 ἡμῶν
1376 1354 1678 1419 θεοσεϐείας

140 1452 234 1503 καὶ
259 1452 318 1504 ἐν
337 1451 586 1521 άκάρπῳ,
608 1449 817 1521 ἀνύδρῳ
842 1464 908 1502 τε
920 1450 1013 1503 κα)⁵
1031 1448 1206 1519 άγόνῳ
1230 1448 1340 1518 ζωῇ
1365 1446 1530 1500 πάλαι
1559 1445 1683 1516 πρό·

124 1555 297 1611 τερον
328 1538 747 1610 πεπλανημένοι,
783 1540 872 1592 ὅτε
901 1533 1038 1608 ἦμεν
1068 1536 1191 1608 ἔθνη
1229 1536 1414 1603 ἄλογα,
1448 1533 1583 1605 πρὸς
1612 1533 1679 1588 τὰ

134 1630 335 1686 εἴδωλα
366 1631 436 1684 τὰ
467 1631 652 1699 ἄφωνα
688 1630 1039 1700 ἀπαγόμενοι,
1068 1632 1116 1683 oi
1146 1627 1409 1700 μηδέποτε
1439 1626 1553 1680 όδὸν
1581 1625 1680 1679 πό-

135 1718 279 1781 λεως
301 1718 711 1789 κατοικητηρίου
733 1717 997 1788 εὑρόντες·
1022 1717 1108 1769 ὅτε
1130 1711 1269 1787 ἦμεν
1298 1713 1561 1786 ἀλλότριοι
1586 1712 1681 1783 τῆς

136 1808 415 1872 πολιτείας
436 1809 527 1862 τοῦ
575 1792 805 1880 Ἰσραὴλ,
836 1808 1021 1862 ἐλπίδα
1048 1807 1121 1879 μὴ
1150 1806 1381 1878 ἔχοντες,
1414 1805 1508 1858 καὶ
1533 1802 1678 1857 ἄθεοι

132 1898 193 1950 ἐν
223 1897 307 1968 τῷ
335 1898 539 1968 κόσμῳ·
588 1899 638 1951 οί
687 1899 1043 1970 μεμισημένοι
1086 1896 1271 1960 πάλαι,
1309 1897 1365 1949 ἐν
1409 1894 1550 1966 λιμῷ
1586 1896 1679 1949 καὶ

128 1987 279 2057 δίψει
302 1988 398 2058 τὴν
423 1988 595 2061 ψυχὴν
618 1988 974 2051 ἐκλείποντες,
997 1986 1084 2040 διὰ
1112 1987 1173 2040 τὸ
1197 1985 1517 2057 ἐστερῆσθαι
1544 1985 1678 2055 λογι-

128 2078 241 2147 κῆς
281 2078 375 2132 καὶ
410 2078 727 2148 ἐπουρανίου
765 2076 966 2148 τροφῆς
998 2075 1159 2131 παιοῦ
1194 2094 1253 2130 τε
1290 2079 1675 2149 πνευματικοῦ,

127 2157 277 2219 κάτά
308 2167 388 2219 τό·
430 2166 830 2231 Ἐξαποστελῶ
863 2170 937 2222 οὐ
965 2166 1141 2237 λιμὸν
1165 2167 1365 2236 ἄρτου,
1408 2168 1547 2223 οὐδὲ
1589 2168 1680 2221 δί-

125 2260 262 2325 ψαν
291 2257 525 2323 ὓδατος,
554 2258 713 2313 ἀλλὰ
738 2257 915 2327 λιμὸν
943 2258 1049 2312 τοῦ
1077 2257 1330 2313 ἀκοῦσαι
1356 2261 1539 2329 λόγον
1559 2261 1674 2313 Κυ-

122 2346 283 2412 ρίου.
313 2346 425 2400 Kal
454 2346 929 2414 σαλευθήσονται
964 2346 1150 2401 ὕδατα
1182 2348 1296 2403 ἀπὸ
1325 2337 1433 2415 τῆς
1455 2347 1673 2427 θαλάσ-

123 2453 253 2505 σης
278 2436 389 2504 ἕως
418 2437 526 2507 τῆς
556 2438 885 2507 θαλάσσης,
914 2439 1011 2493 καὶ
1044 2439 1161 2494 ἀπὸ
1183 2435 1372 2506 ,βοῤῥᾶ
1391 2438 1499 2504 ἕως
1531 2438 1672 2491 ἀνα-

123 2526 346 2592 τολῶν,
370 2527 854 2598 περιδραμοῦνται
882 2527 1185 2597 ζητοῦντες
1212 2526 1316 2581 τὸν
1347 2528 1528 2597 λόγον
1554 2531 1671 2582 Κυ-

118 2617 283 2685 ρίου,
334 2618 429 2672 καὶ
459 2620 530 2672 οὐ
555 2619 640 2687 μὴ
688 2619 928 2688 εὕρωσι·
977 2619 1059 2672 διὸ
1103 2619 1194 2671 καὶ
1240 2620 1297 2672 ἐν
1337 2618 1526 2689 ἐρήμῳ
1565 2617 1670 2671 τῶν

122 2705 340 2776 άρετῶν
371 2706 520 2771 ϐντες
545 2707 915 2779 ἐπλανὼμεθα,
949 2708 1178 2779 ποδηγδν
1202 2709 1292 2760 καὶ
1323 2706 1562 2777 ἡγεμόνα
1594 2707 1669 2778 μὴ

120 2794 364 2865 ἑχοντες,
384 2789 428 2863 ᾧ
447 2796 692 2867 ἑπόμενοι
720 2798 893 2870 εὑρεῖν
914 2792 1086 2851 οἷοίτε
1112 2793 1146 2869 ἦ
1154 2814 1249 2869 μεν
1274 2797 1407 2867 μετὰ
1437 2797 1533 2869 τὴν
1554 2797 1668 2851 ὁδὸν

120 2880 282 2935 πόλιν
314 2877 373 2937 εὖ
405 2883 817 2956 διατεταγμένην
858 2885 985 2958 ἱερῷ
1026 2887 1191 2957 νόμῳ,
1238 2888 1294 2942 ἐν
1403 2889 1668 2941 κατοικεῖν

120 2974 435 3046 ἠδυνάμεθα
480 2976 553 3048 μὴ
602 2978 1030 3049 ἀναχωροῦντες·
1067 2978 1198 3048 αὕτη
1228 2978 1286 3031 δέ
1325 2981 1468 3033 ἐστιν
1501 2978 1665 3050 ἀρετὴ

117 3067 219 3121 καὶ
248 3065 385 3121 θεοῦ
410 3068 587 3137 σοφία.
620 3070 726 3124 Καὶ
753 3068 1077 3137 ἐκέκραξαν
1097 3068 1244 3136 πρὸς
1262 3068 1572 3166 μύρων-,ὲν
1586 3067 1681 3136 τῷ,
1690 3109 1730 3167 c

116 3156 426 3211 θλίϐεσθαι
448 3157 681 3224 αὐτοὺς,
710 3159 805 3211 καὶ
829 3159 895 3210 ἐκ
922 3156 1038 3209 τῶν
1060 3154 1333 3227 ἀναγκῶν
1353 3155 1549 3210 αὐτῶν
1572 3156 1666 3225 ιερο

110 3244 349 3311 ῥύσατο
380 3247 613 3312 αὐτούς.
649 3246 766 3300 Τῶν
810 3246 976 3300 ἐθνῶν
1019 3244 1266 3300 ἁπάντων
1303 3244 1662 3318 πλανωμένων

113 3334 176 3386 ἐν
198 3337 272 3405 γῇ
298 3336 489 3408 ἐρήμῳ
508 3336 600 3390 καὶ
627 3336 855 3411 ἀνύδρῳ,
883 3338 1091 3409 καὶτῆς
1110 3328 1480 3409 ψυχῆςαὺτῶν
1500 3337 1663 3391 ἐκλει-

111 3424 331 3493 πούσης
351 3425 410 3489 ἐξ
433 3427 688 3498 άτροφίας
713 3428 988 3501 σωτηρίων
1015 3428 1202 3496 λόγων,
1226 3429 1392 3483 ἐϐόων
1417 3428 1551 3500 πρὸς
1572 3430 1660 3483 τὸν

108 3515 251 3570 Θεὸν
281 3516 625 3580 ἱκετεύοντες,
656 3517 828 3571 κοινὸν
870 3519 1040 3571 ἅπασι
1068 3518 1517 3590 καταπεμφθῆναι
1550 3521 1660 3573 Σω-
1686 3508 1691 3513 ’

107 3608 278 3677 τῆρα.
304 3606 413 3659 Καὶ
433 3606 756 3675 ἐκέκραξαν
782 3606 928 3676 πρὸς
949 3608 1245 3677 Κύρωνέν
1263 3608 1343 3675 τῷ
1361 3611 1661 3667 θλίϐεσθαι

105 3697 359 3761 αὐτούς.
384 3695 527 3759 Τοὺς
549 3699 1045 3770 ἐγκεχειρισμένους
1072 3700 1265 3765 αὐτοὺς
1290 3702 1658 3775 ὑπερπάσχον-

104 3802 211 3849 τες
232 3787 331 3839 καὶ
358 3786 780 3859 ὑπεραλγοῦντες
807 3788 983 3845 αὐτῶν
1009 3792 1103 3844 καὶ
1124 3791 1396 3862 διψώντων
1437 3795 1529 3847 καὶ
1558 3795 1655 3865 τὴν

101 3875 293 3948 ψυχὴν
315 3876 412 3950 ήδη
431 3878 497 3932 δι’
519 3879 779 3949 ἀτροφίαν
804 3882 1174 3952 ἐκλειπόντων,
1201 3883 1365 3937 ἐϐόων
1386 3885 1535 3937 αὐτοὶ
1562 3886 1655 3938 καὶ

101 3967 347 4038 ἔκραζον
396 3966 529 4040 πρὸς
571 3969 790 4041 Κύριον,
836 3971 974 4044 ὑπὲρ
1016 3972 1123 4025 τῶν
1171 3975 1381 4026 οίκείων
1428 3967 1653 4038 ἕκαστος

99 4061 523 4132 πρεσϐεύοντες.

176 4153 293 4207 Καὶ
314 4152 620 4222 ὡδήγησεν
638 4155 853 4220 αὐτοὺς
879 4157 964 4222 εις
990 4155 1132 4210 ὁδὸν
1153 4157 1403 4225 εὐθεῖαν,
1429 4158 1534 4212 τοῦ
1555 4172 1650 4212 πο·

91 4241 395 4313 ρευθῆναι
430 4245 513 4309 είς
554 4245 733 4299 πόλιν
767 4247 1230 4315 κατοικητηρίου.
1275 4246 1648 4316 Ἐξομολογη-

91 4334 439 4390 σάσθωσαν
470 4332 551 4399 τῷ
584 4337 774 4405 Κυρίῳ
798 4337 869 4390 τὰ
896 4336 1034 4404 usq
1062 4338 1264 4400 αὐτοῦ,
1298 4339 1394 4391 καὶ
1419 4339 1487 4393 τὰ
1510 4341 1648 4392 θαυ-

88 4428 295 4521 μάσια
320 4426 645 4521 αὐτοῦτοῖς
668 4426 817 4521 υἱοῖς
834 4427 1304 4521 Ὶτῶνρἀθρώπων.
1321 4430 1398 4521 “Ol
1428 4430 1644 4521 liturae
1675 4464 1719 4521 ῃ

90 4514 481 4589 ἐπλανήθησαν
504 4518 562 4571 ἐν
582 4519 650 4588 γῇ
675 4516 861 4589 ἐρήμῳ
888 4518 980 4571 καὶ
1006 4518 1232 4589 ἀνύδρῳ,
1255 4518 1409 4573 τοῦτο
1431 4517 1640 4591 πρῶτον

86 4609 322 4678 νόσημα
346 4610 686 4679 νενοσηκότες
714 4608 773 4661 τὸ
795 4607 891 4680 τῆς
916 4608 1140 4681 πλάνης·
1176 4610 1267 4663 καὶ
1290 4610 1520 4681 δευτέρῳ
1542 4626 1639 4662 κα-

88 4698 178 4767 κῷ
216 4700 602 4766 περιπεσόντες
638 4699 754 4752 ὁδὸν
787 4699 988 4764 πόλεως
1029 4700 1437 4771 κατοικητηρίου
1468 4700 1641 4753 αὐτῶν

85 4791 193 4858 οὐχ
246 4781 423 4857 εὖρον·
474 4792 567 4843 καὶ
615 4792 794 4862 τρίτον
840 4790 897 4844 δὲ
929 4774 1404 4861 αὐτοὺςπεριέσχε
1453 4792 1638 4855 κακὸν,

85 4879 336 4949 ἐπείπερ
360 4874 497 4950 ἦσαν
522 4884 805 4947 πεινῶντες
828 4885 919 4937 καὶ
948 4884 1220 4954 διψῶντες,
1247 4884 1321 4947 ὡς
1349 4884 1444 4956 τὴν
1468 4886 1640 4958 ψυχὴν

83 4967 285 5025 αὐτῶν
319 4968 584 5027 ἐκλείπειν
618 4974 674 5027 ἐν
713 4976 908 5037 αὐτοῖς.
949 4974 1005 5027 Ὃ
1029 4974 1083 5027 δὲ
1115 4974 1485 5047 φιλάνθρωπος
1510 4977 1639 5042 Θεὸς

83 5063 185 5115 καὶ
222 5061 429 5129 ἀγαθὸς
453 5063 639 5134 Σωτὴρ
674 5065 884 5136 πρῶτον
915 5066 1008 5137 μὲν
1031 5066 1305 5138 ὡδήγησεν
1332 5069 1521 5134 αὐτοὺς
1561 5074 1638 5145 είς

83 5154 212 5208 ὁδὸν
237 5152 471 5208 εὐθεῖαν·
501 5154 685 5237 ἔπειτα
716 5157 912 5225 ἔδειξεν
936 5161 1113 5223 αὐτοῖς
1140 5159 1252 5223 πῶς
1274 5162 1376 5232 χρὴ
1409 5162 1637 5230 βαδίζειν

82 5246 190 5317 τὴν
226 5243 495 5316 φέρουσαν
532 5249 609 5311 είς
635 5247 728 5319 τὴν
759 5250 909 5304 πόλιν
948 5251 1037 5305 τοῦ
1069 5253 1494 5324 κατοικητηρίου.
1530 5255 1635 5308 Καὶ

84 5338 173 5402 τίς
195 5336 273 5391 ἂν
296 5336 379 5409 είη
412 5338 444 5410 ή
477 5339 652 5393 εὐθεῖα
680 5340 794 5405 ὁδὸς
821 5344 853 5414 ἢ
881 5344 909 5395 ὁ
942 5344 1198 5416 σωτήριος
1240 5344 1391 5413 λόγος
1418 5346 1447 5398 ὁ
1475 5346 1635 5413 εύαγ-

84 5424 333 5497 γελικὺς,
365 5428 395 5480 δ
428 5430 582 5499 μόνος
617 5432 760 5501 ἡμᾶς
786 5432 933 5501 ἄγων
960 5435 1039 5497 είς
1069 5434 1167 5506 τὴν
1207 5434 1519 5505 ἐπουράνιον
1549 5437 1636 5489 πό-

84 5527 192 5575 λιν·
229 5520 293 5573 ἐν
317 5510 353 5591 ᾖ
379 5521 650 5591 γενόμενοι
683 5523 743 5576 τὸ
775 5527 1183 5598 κατοικητήριον
1219 5527 1371 5598 ήμῶν
1415 5527 1634 5599 εὑρήσο-

81 5627 229 5676 ww;
285 5607 954 5681 Ἑξομολογησάσθωσαν
1011 5614 1090 5681 τῷ
1141 5617 1328 5685 Κυρίῳ
1382 5617 1451 5697 τὰ
1493 5616 1631 5672 ἐλέπ

156 5795 208 5824 ’³
260 5788 419 5845 Amos
451 5804 580 5853 vm,
618 5792 675 5846 ll
701 5831 715 5855 ,
756 5793 863 5859 l2.

384 5886 650 5949 Ρηιιοι..
689 5889 802 5981 Gn.
839 5890 1046 5951 XXI“

1802 1090 1808 1095 '
1852 1082 2015 1138 Vens.
2050 1083 2101 1138 5.
2141 1082 2458 1137 Erraverunt
2487 1083 2540 1136 in
2570 1081 2850 1137 solitudine
2884 1091 2933 1136 et
2962 1083 3013 1136 in
3040 1083 3309 1152 inaquosa,

1782 1175 1918 1227 viam
1950 1174 2172 1228 civitatis
2208 1161 2494 1228 habitaculi
2537 1188 2640 1227 non
2679 1170 3310 1226 invenerunt:esurientes

1779 1273 1830 1317 et
1862 1260 2115 1328 sitientes,
2150 1265 2326 1318 anima
2353 1280 2532 1319 eorum
2556 1266 2612 1318 in
2638 1265 2766 1333 ipsis
2798 1261 3002 1332 defecit.
3026 1260 3135 1318 Nos
3161 1261 3309 1318 scili-

1780 1363 1866 1410 cet
1900 1355 1989 1424 qui
2023 1360 2147 1408 ante
2170 1348 2406 1408 divinum
2453 1352 2753 1409 Servatoris
2781 1353 2951 1407 nostri
2992 1351 3213 1415 cultum,
3252 1350 3308 1404 in

1775 1444 1883 1499 vita
1928 1442 2265 1513 infrugilera,
2302 1443 2564 1512 inaquosa
2605 1443 2881 1513 sterilique
2925 1443 3052 1498 olim
3093 1442 3305 1503 erraba-

1773 1548 1917 1600 mus,
1947 1549 2070 1589 cum
2098 1542 2284 1606 gentes
2314 1534 2715 1591 irrationabiles
2755 1550 3018 1602 essemus,
3045 1543 3205 1603 atque
3241 1532 3305 1586 ad

1774 1630 1921 1678 muta
1948 1622 2089 1678 idola
2117 1623 2505 1679 abduceremur
2529 1644 2543 1680 :
2568 1625 2659 1696 qui
2686 1639 2964 1695 nunquam
2999 1623 3143 1677 viam
3176 1622 3309 1677 civi-

1775 1711 1901 1769 latis
1933 1714 2225 1769 habitaculi
2262 1713 2657 1782 inveneramus,
2690 1730 2811 1771 cum
2836 1714 2993 1771 alieni
3015 1726 3307 1770 essemusa

1713 1788 1992 1859 Bcivitate
2032 1802 2264 1867 lsraelis,
2299 1819 2422 1859 cum
2460 1805 2664 1860 nullam
2704 1820 2853 1876 spem
2895 1804 3213 1859 haberemus
3253 1810 3308 1858 et

1775 1891 1917 1946 athei
1938 1891 1996 1946 in
2024 1891 2226 1946 mundo
2247 1906 2489 1948 essemus
2515 1911 2528 1947 :
2552 1892 2645 1963 qui
2677 1892 2804 1948 olim
2827 1893 2952 1949 odio
2981 1906 3219 1957 eramus,
3248 1891 3306 1946 in

1774 1978 1914 2034 fame
1944 1985 1998 2033 et
2029 1978 2117 2034 siti
2143 1980 2322 2034 animo
2348 1978 2678 2047 deﬁcientes,
2713 1981 2857 2051 quod
2902 1980 3206 2037 rationabili
3250 1990 3306 2037 et

1772 2068 1976 2125 caelesti
1999 2068 2121 2125 cibo
2148 2071 2521 2142 spiritualique
2552 2080 2678 2143 potu
2703 2073 2898 2143 privati
2921 2088 3185 2141 essemus,
3213 2086 3323 2135 se:

1774 2160 2008 2214 cundum
2034 2159 2163 2215 illud
2192 2179 2206 2215 :
2234 2159 2483 2217 Emittam
2515 2180 2617 2219 non
2644 2163 2831 2233 famem
2858 2163 3029 2232 panis,
3057 2179 3213 2234 neque
3232 2162 3306 2217 si-

1771 2252 1863 2304 tim
1891 2267 2070 2329 aqute;
2112 2252 2200 2307 sed
2240 2253 2432 2323 famem
2464 2255 2708 2310 audiendi
2736 2254 2939 2311 verbum
2971 2254 3200 2310 Domini.
3234 2254 3303 2309 Et

1768 2346 2219 2399 commovebuntur
2258 2362 2406 2417 aqua:
2431 2365 2464 2402 a
2495 2349 2630 2402 mari
2675 2364 2831 2420 usque
2861 2347 2928 2403 ad
2955 2364 3116 2413 mare,
3157 2356 3207 2402 et
3237 2350 3302 2401 ab

1768 2436 2006 2505 aquilone
2041 2454 2200 2507 usque
2236 2438 2303 2492 ad
2343 2439 2587 2494 orientem
2625 2455 2643 2493 :
2687 2440 2975 2495 circuibunt
3022 2449 3301 2511 querentes

1768 2525 1972 2579 verbum
2032 2526 2284 2592 Domini,
2335 2535 2385 2582 et
2433 2544 2535 2582 non
2594 2528 3189 2600 invenient";;idcirco
3245 2530 3300 2583 in

1767 2614 1979 2673 deserto
2000 2618 2255 2674 virtutum
2289 2618 2614 2674 exsistentes
2650 2620 2985 2683 errabamus,
3016 2620 3205 2676 ducem
3236 2635 3300 2675 ac

1767 2710 2062 2780 principem
2099 2724 2206 2764 non
2251 2709 2416 2774 nacti,
2447 2725 2605 2779 quem
2635 2719 2920 2781 sequentes
2949 2711 3177 2767 decursa
3212 2712 3297 2766 via

1765 2800 1997 2869 reperire
2017 2815 2294 2870 possemus
2317 2799 2584 2855 civitatem
2610 2814 2761 2856 sacra
2777 2801 2891 2873 lege
2910 2803 3011 2858 rite
3029 2804 3295 2861 constitu-

1763 2894 1890 2952 tam,
1914 2888 1967 2941 in
1983 2902 2084 2957 qua
2103 2888 2339 2944 habitare
2360 2888 2657 2959 possemus,
2677 2907 2948 2963 nunquam
2969 2892 3092 2949 inde
3120 2908 3294 2951 reces-

1762 2982 1873 3035 suri
1890 2980 2031 3050 πρωί)
2052 2988 2227 3035 autem
2245 2988 2328 3036 est
2344 2982 2513 3038 virtus
2525 2990 2575 3039 et
2592 2980 2679 3038 Dei
2698 2982 3214 3054 sapientia.-—\lnns.
3238 2985 3290 3041 6.

1767 3066 1833 3122 Et
1860 3070 2213 3122 clamauerunt
2251 3068 2319 3123 ad
2351 3069 2628 3149 Dominum
2663 3087 2778 3125 cum
2809 3072 3203 3141 tribularentur,
3243 3084 3293 3129 et

1763 3160 2151 3214 necessitatibus
2184 3163 2576 3231 eorumeripuit
2599 3177 2705 3216 eos.
2733 3160 2930 3219 Gentes
2960 3179 3291 3221 omnes-cum

1761 3249 1817 3304 in
1853 3250 2065 3307 deserto
2091 3260 2145 3309 et
2192 3253 2455 3321 inaquoso
2498 3241 2953 3329 errarent,'atque
2988 3256 3163 3311 anima
3205 3271 3291 3313 ea-

1749 3356 1879 3396 .rum
1934 3357 1998 3397 ex
2043 3344 2268 3413 penuria
2314 3344 2629 3401 salutarium
2674 3345 2958 3402 verborum
3019 3347 3289 3414 deﬁceret,

1760 3431 2060 3486 clamabant
2101 3433 2165 3487 ad
2214 3431 2383 3489 Deum
2434 3435 2828 3505 supplicantes,
2876 3447 2935 3491 ut
2989 3440 3289 3496 communis

1758 3522 2009 3579 omnibus
2052 3522 2307 3579 Servator
2345 3524 2689 3581 mitteretur:
2721 3526 2786 3581 Et
2837 3526 3186 3602 clamauerunt
3221 3533 3289 3586 ad

1762 3611 2034 3668 Dominum
2060 3632 2175 3669 eum
2209 3616 2601 3672 tribularentur.
2643 3617 2879 3689 Captivis
2914 3620 3281 3685 condolentes,

1754 3719 1971 3776 acerga
2010 3706 2257 3763 sitientes
2286 3716 2339 3762 et
2382 3722 2489 3778 prae
2518 3707 2623 3762 cibi
2677 3708 2901 3778 penuria
2947 3710 3127 3765 animo
3152 3710 3283 3768 dell-

1753 3794 1957 3849 cientes
1984 3794 2353 3850 misericordia
2375 3797 2527 3867 moti,
2558 3796 2862 3851 clamabant
2891 3798 2989 3867 ipsi
3018 3807 3072 3854 et
3091 3800 3282 3857 vocife-

1753 3883 2008 3938 rabantur
2028 3883 2093 3937 ad
2113 3883 2417 3949 Dominum,
2441 3896 2538 3955 pro
2562 3886 2675 3941 suis
2695 3887 2891 3957 singuli
2912 3887 3279 3959 deprecantes.

1818 4138 1978 4194 Vens.
2008 4139 2057 4202 7,
2090 4142 2143 4193 ὃ.
2187 4138 2252 4192 Et
2270 4139 2482 4195 deduxit
2502 4157 2586 4197 eos
2609 4144 2662 4197 in
2680 4138 2816 4200 viam
2836 4159 3045 4220 rectam,
3067 4165 3125 4208 ut
3146 4156 3279 4213 irent

1746 4226 1797 4278 in
1825 4228 2079 4281 civitatem
2110 4228 2468 4284 habitationis.
2492 4228 2851 4302 Conﬁteantur
2877 4238 3097 4297 Domino
3127 4246 3278 4301 mise-

1746 4318 1985 4372 ricordia:
2022 4318 2156 4388 ejus,
2185 4329 2234 4374 et
2262 4320 2527 4401 mirabilia
2562 4322 2674 4393 ejus
2714 4326 2841 4395 [iliis
2884 4330 3165 4388 hominum.
3197 4334 3275 4390 llli

1745 4410 2007 4480 siquidem
2038 4422 2356 4466 erraverunt
2387 4413 2444 4467 in
2486 4421 2631 4469 terra
2661 4416 2872 4473 deserta
2906 4431 2958 4477 et
2993 4423 3272 4495 inaquosa,

1744 4502 1844 4557 hac
1874 4504 2043 4573 prima
2070 4504 2412 4575 aegritudine,
2444 4509 2657 4564 erroris
2680 4512 2905 4574 scilicet,
2950 4514 3271 4575 laborantes.

1741 4592 1879 4649 Hinc
1902 4595 1953 4649 in
1983 4595 2275 4650 secundum
2304 4596 2503 4653 malum
2526 4598 2749 4671 delapsi,
2772 4602 2912 4659 viam
2942 4608 3193 4672 civitatis,
3218 4610 3270 4664 in

1740 4702 1842 4756 qua
1874 4686 2198 4750 habitarent,
2230 4701 2337 4741 non
2382 4689 2706 4749 invenerunt
2737 4711 2750 4749 :
2779 4708 2842 4749 ac
2870 4698 3268 4770 tertiumipsos
3338 4740 3343 4755 λ

1735 4777 1938 4830 malum
1971 4777 2186 4840 invasit,
2222 4776 2349 4847 quia
2381 4781 2692 4838 esuriebant
2717 4791 2772 4839 et
2803 4784 3073 4852 sitiebant,
3116 4789 3189 4844 ita
3214 4802 3267 4847 ul

1738 4869 1913 4920 anima
1961 4882 2145 4921 eorum
2190 4868 2246 4920 in
2290 4868 2424 4938 ipsis
2471 4871 2741 4929 deﬁceret.
2782 4874 3048 4948 Benignus
3094 4891 3266 4938 autem

1738 4959 1879 5014 Deus
1911 4973 1974 5013 ac
2012 4959 2189 5013 bonus
2219 4958 2485 5027 Salvator,
2510 4963 2685 5033 primo
2706 4966 2917 5036 quidem
2940 4969 3156 5026 deduxit
3176 4990 3264 5032 eos

1737 5051 1790 5104 in
1830 5051 1968 5104 viam
2013 5058 2250 5119 rectam;
2299 5051 2493 5110 deinde
2532 5054 2715 5112 docuit
2759 5072 2853 5113 eos
2880 5074 2987 5128 quo
3018 5073 3175 5131 pacto
3204 5046 3263 5121 in

1735 5147 1819 5201 via
1857 5144 1922 5198 ad
1952 5143 2223 5199 civitatem
2274 5146 2564 5203 habitaculi
2607 5147 2855 5215 ducente,
2893 5152 3259 5221 graderentur.

1735 5236 1915 5307 Ecqua
1955 5250 2083 5291 vero
2118 5236 2208 5292 illa
2260 5247 2409 5293 recta
2448 5238 2536 5293 via
2592 5238 2789 5302 fuerit,
2846 5240 2951 5295 nisi
3012 5244 3257 5301 salutaris

1734 5344 1910 5387 sermo
1939 5329 2301 5399 evangelicus,
2333 5330 2425 5401 qui
2455 5329 2602 5385 solus
2643 5344 2743 5386 nos
2770 5330 2835 5384 ad
2866 5334 3134 5389 cmlestem
3170 5337 3255 5393 du-

1733 5424 1807 5479 cit
1832 5422 2136 5489 c'ivitatem;
2187 5422 2240 5477 in
2270 5438 2375 5493 qua
2409 5422 2707 5487 constituti,
2750 5423 3108 5480 habitaculum
3160 5444 3253 5485 no-

1732 5525 1901 5570 strum
1928 5514 2300 5584 reperiemus?
2330 5512 2687 5583 Conﬁteantur
2715 5514 2936 5571 Domino
2971 5516 3252 5574 misericor-

1730 5608 1833 5662 dia:
1860 5608 1991 5678 ejus,
2034 5614 2095 5665 et
2123 5605 2387 5661 mirabilia
2418 5607 2528 5677 ejus
2568 5607 2694 5677 ﬁliis
2736 5606 2999 5662 hominum
3023 5626 3041 5663 :
3070 5612 3249 5681 praedi-

2877 5888 2952 5949 lt'l
