3994 6354
166 418 303 487 laus
382 484 387 489 .

1244 427 1736 485 COMMENTARIA
1775 427 1840 481 IN
1879 426 2209 483 PSALMOS.

3217 420 3351 480 i326

163 539 347 612 ψυχῶν
375 538 642 612 σωτήριον
685 540 912 612 τροφὴν,¹
934 538 1169 603 νεῐκότως
1202 538 1523 604 ἀποσταλεὶς
1550 542 1579 594 ὁ
1614 539 1711 593 τοῦ

1810 540 2100 596 salutarem
2122 554 2301 595 escam
2334 538 2740 603 aversabantur,
2781 538 2974 594 merito
3001 539 3201 616 missus
3232 541 3353 595 uni-

163 630 296 685 Θεοῦ
324 631 614 703 μονογενὴς
642 632 769 695 Υἱὸς
798 631 955 703 μέχρι
986 629 1093 683 τῶν
1134 630 1227 684 τοῦ
1266 630 1495 685 θανάτου
1532 632 1712 684 πυλῶν

164 723 386 793 ἔφθασε,
418 705 717 795 σαρκωθεὶς
745 724 837 776 καὶ
864 722 1303 795 ὲνανθρωπήσας,
1350 725 1506 795 χεῖρα
1548 741 1714 794 σωτη-

165 813 285 885 ρίας
308 812 500 886 ὀρέξας
531 814 626 867 καὶ
656 816 765 877 τοῖς
787 812 965 884 ,μέχρι
1006 811 1190 866 τούτου
1238 815 1710 879 καταπετπωκόσι,

163 907 257 961 καὶ
294 896 431 977 πρδς
468 905 630 960 αὐτὸν
661 904 1010 974 ἀναϐοήσασι.
1061 903 1170 956 Καὶ
1209 902 1537 971 ἐκέκραξαν
1565 905 1714 972 πρὸς

161 998 379 1068 Κύριον
401 999 470 1052 ἐν
488 996 569 1063 τῷ
593 999 898 1052 θλίϐεσθαι
919 993 1157 1060 αὐτοὺς,
1194 995 1290 1049 καὶ
1312 995 1380 1048 ἐκ
1407 995 1525 1048 τῶν
1544 997 1714 1065 ἀναγέ

161 1089 284 1142 κῶν
310 1086 507 1142 αὐτῶν
529 1086 763 1141 ἔσωσεν
786 1087 1024 1154 αὐτούς.
1063 1084 1388 1140 Ἀπέστειλε
1410 1086 1516 1139 τὸν
1532 1087 1715 1157 λόγον

160 1180 367 1245 αὐτοῦ,
396 1180 491 1233 καὶ
526 1177 732 1233 ἰάσατο
756 1177 1003 1243 αὐτοὺς,
1053 1178 1150 1231 καὶ
1175 1177 1464 1246 ἐρρύσατο
1497 1177 1715 1243 αὐτοὺς

160 1276 229 1328 ἐκ
252 1274 373 1328 τῶν
408 1272 738 1344 διαφθορῶν
755 1272 971 1329 αὐτῶν.
1027 1269 1715 1341 Ἐξομολογ-ησάσθωσαν

161 1365 240 1431 τῷ
265 1365 458 1434 Κυρίῳ
486 1364 559 1420 τὰ
584 1364 724 1434 ἐλέη
748 1365 953 1429 αὐτοῦ,
986 1364 1186 1426 καὶτὰ
1210 1363 1505 1432 θαυμάσια
1532 1360 1715 1416 αὑτοῦ

161 1456 287 1523 τοῖς
311 1456 462 1522 υἱοῖς
498 1456 615 1509 τῶν
650 1456 991 1533 ἀνθρώπων.
1035 1457 1143 1511 Καὶ
1174 1455 1530 1512 θυσάτωσαν
1556 1452 1715 1519 αὑτῷ

162 1546 387 1600 θυσίαν
417 1545 736 1612 αἰνέσεως,
782 1547 879 1600 καὶ
914 1546 1426 1617 ἐξαττειλάτωσαν
1462 1546 1535 1600 τὰ
1576 1544 1717 1613 ἔργα

1812 633 2023 702 genitus
2046 630 2139 686 Dei
2162 630 2351 696 Filius,
2371 646 2534 687 carne
2548 640 2603 687 et
2618 632 2847 686 humana
2868 638 3057 685 natura
3084 640 3351 702 suscepta,

1812 718 1879 772 ad
1907 726 2092 789 portas
2133 734 2302 789 usque
2322 720 2511 775 mortis
2544 718 2837 789 prolectus,
2869 719 2955 783 iis,
2999 718 3090 789 qui
3117 732 3357 790 eousque

1811 808 2122 864 deciderant
2139 818 2191 864 et
2216 810 2280 863 ad
2310 811 2483 880 ipsum
2507 811 2889 875 clamaverant,
2917 811 3107 867 salutis
3134 825 3359 865 manum

1812 902 2069 971 porrexit.
2105 901 2171 954 Et
2210 903 2561 956 clamauerunt
2607 903 2674 957 ad
2714 902 2988 958 Dominum
3026 920 3141 958 cum
3193 894 3359 958 tribu-

1814 992 2083 1057 larentur,
2119 1001 2167 1046 et
2209 993 2271 1047 de
2311 993 2699 1048 necessitatibus
2741 1010 2919 1049 eorum
2968 994 3199 1050 liberavit
3246 1012 3355 1053 eos.

1814 1083 1964 1138 Misit
2005 1083 2222 1137 Verbum
2256 1101 2408 1139 suum
2440 1093 2487 1139 et
2516 1086 2721 1139 sanavit
2749 1102 2856 1151 eos,
2886 1095 2937 1140 et
2969 1086 3151 1154 eripuit
3181 1103 3266 1142 eos
3295 1086 3358 1141 de

1813 1174 2198 1230 interitionibus
2236 1193 2434 1232 eorum.
2482 1174 2846 1245 Conﬁteantur
2886 1176 3107 1232 Domino
3141 1178 3359 1233 miseri-

1813 1266 2008 1322 cordia:
2028 1268 2164 1335 ejus,
2182 1276 2243 1324 .et
2276 1268 2540 1322 mirabilia
2562 1268 2672 1338 ejus
2697 1269 2823 1338 filiis
2859 1268 3143 1326 hominum.
3180 1268 3249 1324 Et
3269 1286 3360 1325 sa—

1815 1360 2047 1431 criﬁcent
2079 1361 2128 1413 ei
2170 1360 2489 1429 sacriﬁcium
2520 1360 2715 1426 laudis,
2760 1370 2809 1415 et
2856 1362 3161 1416 annuntient
3205 1378 3359 1433 opera

1814 1449 1926 1519 ejus
1961 1450 2016 1503 in
2038 1440 2514 1521 exsultatione,lqui
2541 1449 2855 1504 descendunt
2878 1466 3021 1515 mare
3042 1451 3095 1504 in
3122 1451 3356 1517 navibus,

1816 1540 2067 1608 facientes
2106 1542 2453 1617 operationem
2478 1542 2531 1594 in
2565 1542 2714 1611 aquis
2738 1542 2937 1596 multis.
2969 1541 3102 1597 Cum
3133 1540 3361 1598 Redem-

160 1626 349 1691 αὖτοῦ
377 1635 449 1690 ἐν
474 1636 847 1706 ἀγαλλιάσει,
896 1641 951 1693 ol
994 1638 1447 1703 καταϐαίνοντες
1490 1639 1574 1703 είς
1619 1634 1711 1691 θά-

1815 1629 1988 1699 ptoris
2019 1637 2073 1684 et
2103 1628 2406 1685 Servatoris
2428 1628 2716 1685 adventum
2744 1641 3236 1695 commemorasset,
3266 1648 3360 1702 per

76 1796 81 1802 ν
160 1730 409 1784 λασσαν
433 1729 503 1783 ἐν
525 1729 785 1816 πλοίοις,
811 1730 1123 1797 ποιοῦντες
1151 1729 1516 1800 ἐργασίανέν
1538 1727 1716 1782 ὕδασι

1817 1736 1977 1791 quem
2004 1720 2259 1791 praedicta
2289 1721 2468 1775 omnia
2499 1721 2642 1777 edita
2663 1721 2876 1777 fuerant
2906 1742 2920 1777 :
2953 1722 3147 1779 deinde
3175 1724 3362 1793 adjicit

162 1818 437 1886 πολλοῖς.
489 1812 882 1891 Μνημονεύσας
918 1822 946 1874 ὁ
996 1820 1151 1889 λόγος
1197 1818 1295 1889 τῆς
1318 1817 1573 1887 ,ἀφίξεως
1622 1817 1711 1871 τοῦ

1819 1813 1886 1867 de
1915 1813 2178 1883 apostolis
2232 1812 2402 1883 ipsius
2439 1813 2772 1869 vaticinium.
2806 1815 2911 1886 Ipsi
2935 1830 3165 1887 namque
3206 1827 3363 1871 erant

159 1906 451 1979 Λυτρωτοῦ
509 1908 601 1961 καὶ
655 1906 935 1977 Σωτῆρος,
991 1908 1059 1962 δι’
1110 1901 1171 1961 οὗ
1225 1908 1293 1961 τὰ
1346 1907 1715 1979 προλεγόμενα

163 1996 343 2052 πάντα
379 1996 752 2070 κατώρθωται,
807 1999 933 2072 ἑξῆς
984 1998 1240 2054 συνάπτει
1282 1992 1391 2071 τὴν
1436 2000 1562 2071 περὶ
1610 1998 1714 2053 τῶν

116 2100 124 2109 ·
160 2087 475 2142 ἀποστόλων
524 2088 686 2143 αὐτοῦ
728 2086 1081 2160 προφητείαν.
1143 2089 1306 2143 Αὐτοὶ
1344 2089 1452 2161 γὰρ
1492 2086 1631 2161 ἦσαν
1663 2092 1713 2143 οἰ

160 2180 575 2244 καταϐαίνοντες
607 2182 685 2244 είς
711 2181 983 2245 Θάλασσαν
1030 2184 1087 2235 ὲν
1134 2182 1355 2247 πλοίοις,
1399 2181 1579 2252 ῥητῶς
1622 2182 1714 2236 καὶ

160 2272 304 2326 κατὰ
334 2271 479 2338 λέξιν
498 2290 511 2303 ·
548 2272 736 2345 ὥσπερ
762 2263 854 2327 οὖν
884 2276 917 2344 ἡ
968 2272 1086 2327 θεία
1111 2274 1301 2347 Γραφὴ
1338 2273 1444 2327 τῶν
1469 2273 1713 2339 Εὐαγγε-

158 2363 292 2417 ηλίων
329 2366 611 2436 μαρτυρεῖ.
653 2362 953 2434 Τοιγαροῦν
985 2363 1093 2418 τῶν
1132 2363 1440 2417 ἀποστόλων
1484 2362 1575 2415 καὶ
1603 2360 1710 2414 τῶν

159 2456 279 2527 ἅμα
299 2457 481 2520 αὐτοῖς
507 2458 541 2527 ἡ
569 2454 815 2527 παροῦσα
839 2456 1139 2526 προφητεία
1153 2455 1251 2523 τὴν
1275 2454 1491 2524 μνήμην
1512 2451 1712 2525 σφόδρα

158 2547 469 2613 ἀκολούθως
502 2547 704 2618 συνῆψε
742 2549 806 2618 τῇ
837 2544 940 2614 ζτοῦ
985 2545 1118 2599 Θεοῦ
1168 2544 1337 2613 Λόγου
1376 2546 1457 2609 εἰς
1502 2542 1710 2616 ἀνθρώ-

1819 1905 1910 1975 qui
1942 1892 2342 1961 descendebant
2375 1920 2526 1961 mare
2551 1906 2606 1959 in
2630 1907 2878 1971 navibus,
2901 1908 3061 1978 idque
3075 1924 3199 1967 vere
3216 1918 3269 1965 et
3293 1911 3361 1964 ad

1820 1997 2076 2060 litteram,
2101 1996 2549 2065 quemadmodum
2577 1996 2757 2052 divina
2781 1997 3190 2070 Evangeliornm
3210 1998 3359 2055 Scri-

1817 2098 1974 2161 ptura
2002 2090 2345 2146 testiﬁcatur.
2386 2092 2769 2163 Apostolorum
2796 2094 2976 2165 itaque
3010 2095 3360 2168 ipsorumque

1817 2181 2073 2235 comitum
2116 2182 2444 2239 mentionem
2501 2182 2788 2241 admodum
2848 2197 3208 2259 congruenter
3246 2189 3362 2245 haec

1816 2268 2095 2343 Scriptura
2123 2272 2219 2331 Dei
2240 2272 2403 2329 Verbi
2424 2275 2492 2331 ad
2511 2276 2757 2334 homines
2777 2279 3027 2335 adventui
3061 2280 3358 2351 subiunxit.

1814 2363 1883 2417 At
1922 2364 2064 2419 enim
2098 2365 2207 2422 illis
2240 2366 2372 2437 ipsis
2412 2384 2549 2424 nova
2584 2368 2717 2425 Novi
2758 2370 3087 2427 Testamenti
3110 2375 3362 2445 mysteria

1814 2471 2072 2529 peragere
2101 2460 2353 2530 praecepit
2371 2460 2567 2516 dicens
2594 2480 2606 2515 :
2634 2462 2703 2515 Et
2724 2464 3018 2533 sacriﬁcent
3042 2466 3361 2535 sacri/icium

1816 2548 2011 2617 laudis,
2029 2558 2078 2604 et
2102 2552 2407 2606 annuntient
2434 2568 2591 2621 opera
2621 2554 2736 2621 ejus
2765 2554 2819 2607 in
2851 2555 3219 2611 exsultatione.

157 2639 296 2723 παυς
329 2638 617 2708 παρουσίᾳ.
668 2637 858 2701 Αὐτοϊς
910 2637 1207 2709 τοιγαροῦν,
1232 2637 1438 2700 τούτοις
1468 2636 1563 2691 καὶ
1591 2634 1661 2690 τὰ
1687 2637 1781 2691 νέα
1834 2643 2102 2713 μυστήρια
2156 2642 2253 2712 τῆς
2282 2642 2482 2713 Καινῆς
2523 2641 2792 2714 Διαθήκης
2829 2644 3083 2715 πράττειν
3131 2660 3362 2715 παρεχει-

157 2728 365 2795 λεύετο,
402 2730 598 2800 λέγων·
645 2730 755 2785 Kal
810 2729 1167 2785 θυσάτωσαν
1187 2730 1407 2786 θυσίαν
1424 2728 1724 2815 αἰνέσεως.
1750 2732 1849 2786 καὶ
1890 2735 2398 2805 ὲξατγειλάτωσαν
2428 2736 2499 2791 τὰ
2530 2737 2670 2805 ἔργα
2723 2736 2905 2790 αὐτοῦ
2954 2735 3024 2789 ἐν
3073 2735 3355 2791 ἀναλλιά-
3396 2728 3403 2737 ’

156 2836 277 2879 σει.

206 2922 396 3000 Elite,
427 2936 524 2991 καὶ
549 2936 958 3008 ἕστηπνεῦμα
982 2936 1336 3007 καταιγίδος,
1371 2935 1469 2990 καὶ
1505 2933 1710 3004 ὑψώθη

1891 2935 2055 2991 Vens.
2114 2936 2301 2993 25-40.
2370 2941 2524 2993 Dixit
2576 2947 2627 2993 et
2664 2939 2805 2994 stetit
2843 2940 3055 3007 spiritus
3097 2942 3358 3009 procella,

158 3027 231 3082 τὰ
266 3029 500 3097 κύματα
536 3027 745 3097 αὐτῆς.
789 3028 1230 3084 Ἆναϐαίνουσιν
1263 3027 1373 3093 ἕως
1402 3026 1521 3081 τῶν
1543 3029 1711 3097 οὐρα-

1816 3036 1865 3081 et
1894 3026 2117 3082 exaltati
2162 3038 2285 3082 sunt
2334 3030 2523 3099 ﬂuctus
2551 3031 2684 3100 ejus.
2740 3030 3035 3085 Ascendunt
3083 3047 3241 3103 usque
3293 3033 3361 3086 ad

156 3118 282 3208 νῷν
302 3120 404 3174 καὶ
423 3122 883 3175 καταϐαίνουσιν
894 3121 1003 3187 ἕως
1026 3118 1143 3174 τῶν
1161 3120 1461 3186 ἀϐύσσων,
1489 3120 1527 3188 ἠ
1544 3117 1711 3188 ψυχὴ

1818 3116 1971 3172 caelos
2009 3126 2059 3172 et
2086 3117 2401 3174 descendunt
2428 3136 2587 3190 usque
2617 3120 2685 3173 ad
2714 3119 2949 3191 abyssos,
2983 3121 3159 3175 anima
3184 3138 3363 3177 eorum

158 3203 362 3267 αὐτῶν
399 3213 471 3268 ἐν
512 3212 715 3281 κακοῖς
744 3212 1008 3281 ἐτήκετο.
1062 3212 1524 3283 Ὲταράχσησαν,
1573 3213 1711 3267 ἐσα-

1814 3211 1869 3264 in
1894 3209 2049 3264 malis
2078 3210 2389 3267 tabescebat.
2418 3210 2637 3273 Turbati
2661 3222 2803 3280 sunt,
2826 3214 3070 3269 commoti
3086 3222 3207 3268 sunt
3228 3213 3365 3269 sicut

156 3287 471 3373 λεύθησαν
491 3305 571 3371 ὡς
596 3306 629 3358 ὁ
654 3306 908 3375 μεθύων,
934 3304 1031 3359 καὶ
1064 3304 1230 3361 πᾶσα
1256 3306 1293 3374 ὴ
1316 3304 1500 3373 σοφία
1519 3302 1716 3357 αὐτῶν

158 3399 481 3467 κατεπόθη.
534 3399 645 3453 Καὶ
693 3399 1024 3470 ἐκέκραξαν
1072 3400 1221 3469 πρὸς
1262 3401 1481 3468 Κύριον
1520 3399 1615 3461 ἐν.
1634 3399 1715 3465 τῷ

156 3489 469 3543 θλίϐεσθαι
485 3489 721 3556 αὐτοὺς,
738 3492 838 3544 καὶ
859 3489 927 3544 ἐκ
949 3489 1065 3543 τῶν
1079 3480 1353 3560 ἀναγκῶν
1383 3489 1581 3545 αὐτῶν
1618 3490 1717 3555 ἐξ·

158 3577 389 3647 ήγαγεν
428 3580 665 3646 αὐτούς.
698 3579 809 3633 Kal
846 3579 1101 3645 ἐπάταξε
1152 3571 1227 3648 τῇ
1254 3580 1564 3650 καταιγίδι,
1616 3582 1714 3636 καὶ

155 3666 310 3735 ἔστη
343 3669 431 3734 είς
454 3668 666 3737 αὔραν,
701 3667 800 3722 καί
825 3665 1122 3739 ἐσίγησαν
1146 3670 1219 3723 τὰ
1250 3670 1480 3740 κύματα
1505 3665 1711 3739 αὐτῆς.

158 3756 350 3813 Ταῦτα
405 3754 757 3835 προφητικῶς
804 3760 1162 3835 θεσπιζόμενα
1198 3760 1494 3833 ἐπληροῦτο
1540 3761 1716 3833 ῥητῶς

158 3854 255 3906 καὶ
295 3852 432 3922 πρὸς
484 3851 626 3918 λέξιν
662 3870 676 3883 ·
726 3853 834 3908 τῶν
878 3854 985 3927 γὰρ
1037 3851 1289 3926 μαθητῶν
1330 3853 1421 3907 τοῦ
1470 3849 1715 3923 Σωτῆρος

154 3944 318 4015 ἡμῶν
364 3936 704 4016 ἐμπλεόντων
739 3948 835 4000 σὺν
869 3944 1033 4015 αὐτῷ,
1073 3943 1339 4015 σεισμὸς,
1372 3944 1554 4015 φησὶν,
1594 3943 1719 4012 ἐγέ-

152 4050 296 4090 νετο
323 4036 512 4105 μέγας
534 4036 603 4091 ἐν
628 4030 703 4104 τῇ
722 4036 1023 4103 θαλάσσῃ,
1066 4034 1221 4088 ὥστε
1255 4034 1317 4087 τὸ
1352 4033 1566 4088 πλοῖον
1611 4042 1714 4086 κα-

150 4128 492 4181 λύπτεσθαι
515 4128 632 4181 ὑπὸ
666 4122 785 4178 τῶν
808 4120 1103 4195 κυμάτων.
1141 4125 1201 4178 Οἱ
1229 4116 1286 4177 δὲ
1319 4122 1715 4196 προσπεσόντες

151 4206 308 4270 εἷπον
339 4215 517 4285 αὐτῷ·
553 4217 748 4284 Κύριε,
784 4214 993 4269 σῶσον
1010 4212 1184 4284 ἡμᾶς,
1225 4206 1626 4284 ἀπολλύμεθα.
1655 4213 1715 4267 '0

150 4302 207 4360 δὲ
237 4296 381 4379 πρὸς
412 4306 607 4370 αὐτοὺς
665 4308 878 4378 φήσας·
935 4306 995 4361 Τί
1029 4306 1215 4360 δειλοί
1259 4307 1417 4374 ἐστε,
1462 4308 1716 4376 ὀλιτόέτι-

149 4414 324 4463 στοι;
373 4397 694 4468 ἐπετίμησε
737 4388 860 4465 τοῖς
883 4396 1119 4467 ἀνέμοις
1151 4396 1246 4453 καὶ
1294 4396 1372 4467 τῇ
1408 4397 1711 4468 θαλάσσῃ,

1811 3300 2006 3368 ebrius,
2035 3298 2091 3356 et
2113 3304 2282 3357 omnis
2330 3304 2589 3373 sapientia
2636 3318 2816 3359 eorum
2853 3303 3101 3358 decorata
3143 3318 3239 3360 est.
3298 3304 3363 3357 Et

1813 3394 2167 3448 clamauerunt
2214 3394 2283 3448 ad
2320 3394 2601 3450 Dominum
2632 3412 2749 3449 cum
2788 3394 3187 3463 tribularentur,
3216 3406 3269 3451 et
3301 3396 3364 3451 de

1813 3486 2207 3541 necessitatibus
2248 3502 2426 3541 eorum
2476 3484 2663 3541 eduxit
2706 3503 2811 3541 eos.
2848 3484 2917 3540 Et
2960 3486 3365 3558 p'ercussit'pro-

1815 3576 2022 3641 cellam,
2046 3590 2095 3632 et
2127 3578 2270 3633 stetit
2300 3579 2588 3643 inauram,
2618 3586 2667 3633 et
2704 3580 2961 3633 siluerunt
3003 3577 3192 3646 ﬂuctus
3224 3578 3359 3648 ejus.

1817 3667 1944 3724 Haec
1977 3669 2289 3739 prophetice
2330 3669 2685 3739 praenuntiata
2714 3670 2892 3739 reipsa
2946 3675 2999 3724 et
3030 3668 3095 3723 ad
3127 3668 3361 3724 litteram

1816 3761 2033 3831 impleta
2057 3767 2200 3817 sunt.
2232 3746 2365 3815 Nam
2405 3771 2527 3815 cum
2565 3759 2814 3832 discipuli
2864 3760 3159 3816 Salvatoris
3191 3761 3359 3814 nostri

1815 3866 1938 3906 cum
1967 3852 2089 3922 ipso
2118 3852 2454 3921 navigarent,
2488 3861 2681 3917 motus,
2708 3851 2904 3922 inquit,
2944 3869 3161 3922 magnus
3189 3852 3360 3923 {actus

1813 3948 1891 3995 est
1908 3941 1965 3996 in
1986 3942 2141 4010 mari,
2161 3940 2326 3995 itaut
2346 3930 2585 3996 navicula
2611 3937 2896 4012 operiretur
2912 3943 3157 4013 ﬂuctibus
3178 3945 3243 4002 ⁷⁸.
3285 3943 3363 3997 Illi

1812 4046 1941 4086 vero
1970 4032 2385 4102 procumbentes
2412 4031 2662 4088 dicebant
2683 4033 2733 4088 ei
2772 4048 2788 4088 :
2820 4033 3058 4113 Domine,
3082 4033 3227 4089 salva
3244 4050 3359 4095 nos,

1812 4122 2062 4191 perimus.
2095 4123 2188 4179 Ille
2210 4138 2340 4179 vero
2370 4139 2493 4179 cum
2526 4123 2755 4180 dixisset
2795 4143 2809 4179 :
2851 4124 2989 4191 Quid
3019 4125 3189 4179 timidi
3209 4126 3359 4185 estis.

1774 4242 1781 4245 ε
1815 4214 2033 4270 modica:
2067 4214 2530 4287 ﬁdeilincrepauit
2562 4226 2736 4279 uentos
2764 4224 2813 4271 et
2834 4220 2996 4280 mare,
3030 4225 3077 4269 et
3110 4216 3252 4285 facta
3281 4226 3359 4270 est

1818 4292 2173 4385 tranquillitas
2201 4321 2394 4376 magna
2410 4296 2475 4365 Ϋτ.
2500 4305 2568 4360 Et
2588 4306 2827 4362 lwtentur
2856 4298 2980 4375 quia
3006 4304 3281 4366 siluerunt,
3312 4316 3361 4360 et

1815 4396 2032 4453 deduxit
2060 4414 2147 4451 eos
2179 4397 2233 4451 in
2256 4408 2461 4467 partum
2504 4398 2784 4452 voluntatis
2828 4409 2957 4452 suae.
2999 4397 3360 4467 Conﬁteantur

151 4491 249 4546 καὶ
280 4490 517 4561 ἐγένετο
534 4488 767 4559 γαλήνη
788 4489 1037 4560 μεγάλη.
1064 4487 1173 4563 Kal
1188 4488 1708 4559 εὐφρανθήτωσαν,

1818 4491 2038 4545 Domino
2084 4489 2459 4547 misericordia
2503 4486 2650 4561 ejus,
2692 4500 2742 4545 et
2779 4492 3046 4545 mirabilia
3076 4492 3187 4561 ejus
3227 4493 3358 4561 ﬁliis

149 4570 240 4660 ὅτι
278 4583 625 4652 ἡσύχασαν,
666 4578 765 4635 καὶ
799 4580 1109 4651 ὡδήγησεν
1148 4576 1367 4647 αὐτοὺς
1392 4584 1478 4649 είς
1498 4583 1711 4653 λιμένα

149 4673 486 4743 θελήματος
509 4673 713 4729 αὑτοῦ.
763 4670 1445 4745 Ἑξομολογησάσθωσαν
1470 4674 1552 4741 τῷ
1595 4673 1709 4729 Κυ-

144 4762 256 4828 ρίῳ
280 4762 354 4816 τὰ
382 4756 523 4831 ἐλέη
544 4764 753 4828 αὐτοῦ,
786 4765 884 4818 καὶ
920 4764 993 4818 τὰ
1030 4762 1327 4833 θαυμάσια
1370 4765 1554 4821 αὐτοῦ
1585 4766 1707 4832 τοῖς

147 4853 303 4920 υἱοῖς
351 4850 471 4906 τῶν
513 4845 850 4933 ἀνθρώπων.
915 4851 928 4877 ⁶
941 4854 1355 4925 Υψωσάτωσαν
1407 4859 1591 4912 αὐτὸν
1637 4860 1707 4912 ἐν

147 4946 454 5015 ἐκκλησίᾳ
487 4946 659 5023 λαοῦ,
709 4948 806 5001 καί
876 4944 946 5002 ἐν
990 4940 1242 5015 καθέδρᾳ
1283 4947 1706 5017 ιπρεσϐυτέρων

147 5036 567 5092 αίνεσάτωσαν
584 5037 786 5092 αὐτόν.
829 5039 1211 5113 Ὁδηγηθέντες
1229 5040 1320 5092 ὲπὶ
1340 5038 1531 5110 λιμένα
1559 5040 1707 5112 θελήα

152 5145 324 5200 ματος
349 5129 513 5183 αὐτοῦ
536 5148 547 5160 ·
583 5131 666 5200 ἐφ’
694 5126 773 5194 οἷς
798 5133 826 5183 ὁ
851 5132 1006 5201 λόγος
1049 5132 1356 5201 ἀναγκαίως
1384 5134 1706 5204 προστάττει

145 5220 409 5291 τέταρτον
436 5220 576 5275 οὕτω
610 5220 671 5274 τὸ
700 5221 1130 5293 ἐξομολογεῖσθαι
1154 5223 1232 5296 τῷ
1263 5224 1471 5296 Κυρίῳ,
1503 5225 1595 5278 καὶ
1636 5225 1705 5280 τὰ

146 5308 275 5380 ὲλέη
307 5308 472 5363 αὐτοῦ
512 5309 600 5364 διὰ
625 5310 886 5381 στόματος
913 5312 1096 5384 φέρειν
1120 5330 1133 5344 ·
1167 5315 1447 5386 παρεγγυᾷ
1486 5316 1616 5368 πᾶσι
1644 5333 1703 5369 τε

145 5405 258 5467 τοῖς
286 5402 425 5463 υἱοῖς
452 5402 559 5456 τῶν
597 5401 894 5474 ἀνθρώπων
936 5405 1293 5475 ἀπαγγέλλειν
1320 5406 1703 5478 τὰ’θαυμάσια

145 5492 338 5549 αὐτοῦ.
363 5494 571 5567 ΔἝθετο
608 5493 906 5565 ποταμοὺς
940 5497 1026 5561 είς
1073 5497 1391 5569 ἐρήμωσιν,
1437 5499 1535 5553 καὶ
1571 5490 1701 5564 ἐξό-

144 5585 298 5653 δους
352 5583 583 5647 ὑδάτων
632 5590 717 5655 εις
760 5586 975 5654 δίψαν,
1033 5586 1149 5658 γῆν
1192 5592 1568 5661 καρποφόρον
1613 5596 1699 5659 είς

145 5678 350 5749 ἅλμην
377 5675 496 5731 ἀπὸ
539 5680 747 5746 κακίας
792 5677 907 5733 τῶν
948 5683 1382 5736 κατοικούντων
1409 5683 1479 5737 ἐν
1519 5683 1695 5747 αὐτῆ.

214 5832 263 5869 ⁷⁸
305 5834 494 5903 Matth.
530 5852 655 5900 vm.
690 5834 778 5891 2t.
852 5836 894 5868 "
936 5833 1063 5891 ibid.
1102 5836 1203 5902 25,
1237 5837 1305 5892 28

1812 4582 2097 4638 hominum.
2150 4580 2397 4636 Exaltent
2449 4597 2567 4637 eum
2610 4583 2671 4636 in.
2712 4582 2929 4637 ecclesia
2973 4583 3169 4653 plebis,
3204 4592 3253 4638 et
3302 4585 3356 4637 in

1810 4672 2060 4728 cathedra
2108 4674 2368 4726 seniorum
2408 4671 2621 4731 laudent
2669 4686 2806 4727 eum.
2857 4672 3084 4729 Deducti
3124 4680 3255 4729 sunt
3301 4675 3355 4728 in

1808 4773 2025 4837 portum
2056 4762 2347 4818 voluntatis
2374 4762 2492 4832 ejus
2520 4783 2532 4817 :
2566 4779 2672 4835 qua
2714 4765 2782 4821 de
2828 4780 2994 4821 causa
3047 4766 3133 4822 hic
3162 4776 3357 4836 quarto

1804 4858 2061 4930 jubentur
2089 4855 2315 4911 Domino
2348 4858 2593 4912 conﬁteri
2637 4865 2691 4913 et
2726 4858 3129 4914 misericordias
3157 4858 3276 4929 ejus
3303 4860 3355 4914 in

1805 4967 1898 5008 ore
1952 4950 2111 5007 ferre;
2160 4949 2410 5021 Praecipit
2449 4952 2578 5006 item
2619 4952 2870 5007 omnibus
2930 4952 3240 5006 hominibus
3294 4960 3353 5007 ut

1804 5040 2127 5095 annuntient
2161 5040 2431 5095 mirabilia
2458 5040 2597 5110 ejus.
2629 5036 2815 5095 Posuit
2838 5041 3058 5110 ﬂumina
3085 5041 3140 5094 in
3177 5040 3353 5096 deser-

1804 5143 1932 5192 tum.
1961 5143 2008 5186 et
2030 5132 2197 5187 exitus
2222 5149 2478 5203 aquarum
2498 5135 2556 5188 in
2598 5134 2763 5196 sitim,
2796 5142 2990 5186 terram
3026 5132 3353 5201 fructifera":

1801 5229 1857 5281 in
1885 5225 2197 5296 salsuginem
2229 5243 2261 5279 a
2290 5226 2499 5280 malitia
2528 5226 2935 5279 inhabitantium
2962 5225 3013 5278 in
3056 5242 3138 5280 ea.
3164 5224 3351 5279 Posuit

1800 5300 2059 5373 desertum
2083 5320 2135 5372 in
2165 5328 2352 5389 stagna
2376 5334 2651 5389 aquarum,
2678 5316 2729 5370 et
2766 5325 2961 5370 terram
2986 5320 3098 5371 sine
3126 5333 3262 5386 aqua
3295 5318 3347 5369 in

1807 5410 1978 5484 exitus
2024 5421 2299 5477 aquarum.
2340 5409 2408 5464 Et
2455 5410 2692 5462 habitare
2734 5407 2855 5476 fecit
2892 5408 3003 5461 illic
3047 5408 3349 5469 esurientes,

1805 5510 1854 5556 et
1892 5496 2268 5557 constituerunt
2295 5502 2530 5557 civitates
2572 5500 2934 5555 habitationis.
2960 5497 3023 5552 Et
3069 5498 3352 5553 seminave-

1805 5604 1927 5648 runt
1961 5610 2112 5665 agros
2142 5604 2191 5649 et
2219 5595 2585 5663 plantauerunt
2630 5594 2827 5657 vineas,
2867 5601 2917 5646 et
2957 5590 3187 5659 fecerunt
3241 5589 3353 5651 fru-

1802 5697 1941 5742 ctum
1987 5687 2366 5757 productionis.
2399 5684 2465 5741 Et
2511 5684 2769 5742 benedixit
2808 5685 2881 5740 eis
2926 5692 2973 5738 et
3016 5679 3356 5752 multiplicati
