3950 6350
193 376 221 425 1
238 374 352 428 529

1264 374 1758 429 COMMENTMHA
1800 375 1862 429 IN
1903 374 2227 430 PSALMUS.

3233 377 3364 429 1330

193 497 559 567 μακαρισμοῦ
587 498 866 568 γενόμενος
904 493 1064 561 ἄξιος,
1097 495 1160 548 δι’
1186 491 1244 549 οὗ
1280 496 1516 568 εἴρηται·
1547 497 1722 551 Maud-

1838 498 2005 551 l'ectus
2037 506 2137 559 est,
2164 512 2268 565 qua
2297 495 2492 548 dicitur
2518 515 2528 549 :
2554 511 2700 550 neuti
2723 477 2915 549 mundo
2933 496 3100 559 corde,
3123 494 3362 564 quoniam

187 601 326 651 ριοι
353 589 405 638 ol
432 587 666 654 καθαροί
710 584 783 652 τῇ
835 583 1061 652 καρδίᾳ,
1112 584 1196 636 ὅτι
1237 585 1403 638 αὐτοὶ
1454 585 1556 638 τὸν
1599 587 1741 639 Θεὸν

191 674 480 741 ὄψονται,
509 678 646 728 εῐποι
674 675 737 728 ἂν
773 672 985 744 θαρῥῶν
1005 689 1017 701 ·
1056 673 1285 742 Ἐτοίμη
1316 675 1352 741 η
1377 675 1582 742 καρδία
1602 694 1738 744 μου,

190 764 231 813 ὀ
275 767 439 829 Θεός.
488 765 543 816 '0
579 763 862 834 Προφήτης
894 757 1006 822 οὖν,
1037 760 1103 814 τὰ
1137 760 1261 828 φίλα
1295 763 1386 814 καὶ
1410 765 1638 835 συγγενῆ
1665 765 1741 835 τῷ

191 852 352 922 ἁγίῳ
393 852 660 921 Πνεύματι
689 851 752 904 δι’
791 850 1052 920 ὲναρέτων
1083 849 1254 920 ἔργων
1295 852 1623 917 ἐπιτελέσας,
1665 855 1740 923 τῷ

190 945 462 997 τοιούτων
517 944 699 1013 δοτῆρι
731 941 846 1011 Θεῷ
889 942 987 1012 τὴν
1025 941 1381 1013 προκειμένην
1420 943 1578 1012 εὐχὴν
1615 946 1740 997 ἀνα-

191 1034 434 1102 πέμπει.
465 1036 709 1102 ’ᾼσομαι
743 1032 838 1084 καὶ
878 1031 1048 1099 ψαλῶ
1070 1032 1140 1084 ἐν
1165 1030 1236 1099 τῇ
1259 1031 1404 1100 δόξῃ
1427 1050 1544 1100 μου
1564 1050 1577 1062 ·
1607 1036 1739 1087 ἀπο-

188 1124 386 1176 λαϐὼν
416 1125 510 1193 τὴν
546 1123 777 1192 ἐμαυτοῦ
809 1123 980 1188 δόξαν,
1009 1123 1249 1176 τουτέστι
1281 1121 1375 1192 τὴν
1405 1123 1738 1194 προφητικὴν

189 1212 386 1284 χάριν.
426 1212 801 1282 Ἐξεγέρθητι,
829 1214 864 1280 ἠ
884 1212 1029 1277 δόξα
1053 1230 1187 1282 μου,
1211 1212 1558 1281 ἐξεγέρθητι,
1586 1215 1737 1280 ψαλ-

187 1304 410 1371 τήριον
426 1303 519 1356 καὶ
545 1303 769 1372 κιθάρα,
791 1302 1240 1378 ἐξεγερθήσομαι
1266 1302 1488 1370 ὄρθρου.
1516 1304 1736 1372 Μήποτε

189 1397 304 1460 τὰς
347 1397 599 1466 δυνάμεις
646 1397 741 1466 τῆς
782 1395 969 1448 ἑαυτοῦ
1010 1395 1182 1466 ψυχῆς
1224 1396 1316 1450 καὶ
1353 1394 1444 1447 τοῦ
1493 1395 1736 1465 σώματος

185 1487 454 1557 διεγείρει
493 1487 577 1539 διὰ
613 1487 710 1558 τὴν
743 1485 1034 1556 μέλλουσαν
1075 1486 1152 1547 είς
1183 1484 1339 1537 αὐτὸν
1371 1484 1612 1551 γενέσθαι
1641 1484 1734 1537 τοῦ

183 1574 348 1628 Θείου
390 1577 695 1646 Πνεύματος
727 1559 1021 1628 ’ἐπίπνοιαν
1041 1592 1052 1605 ·
1093 1576 1186 1628 καὶ
1218 1574 1355 1628 κατὰ
1384 1573 1613 1627 διάνοιαν
1640 1575 1733 1643 μὲν

187 1667 643 1735 ἐκλαμϐανὸντων
673 1666 825 1737 ἡμῶν
867 1667 932 1720 τὰ
974 1666 1109 1736 μέλη
1150 1667 1240 1719 τοῦ
1271 1665 1512 1735 σώματος
1550 1666 1643 1718 καὶ
1667 1667 1733 1741 τά

185 1756 541 1826 αἰσθητήρια,
574 1759 639 1810 δι’
666 1751 739 1812 ὧν
770 1761 796 1812 6
821 1759 940 1822 νοῦς
973 1759 1322 1830 ἀνακρούεται
1349 1761 1432 1812 ὅτε
1456 1760 1499 1812 δ’
1526 1759 1590 1812 ἂν
1617 1758 1732 1828 βού-

1845 590 1941 656 ipsi
1977 588 2137 642 Deum
2177 586 2410 640 videbunt
2437 587 2505 648 ⁸²,
2536 587 2862 644 conﬁdenter
2894 586 3035 640 dicat
3067 603 3078 636 :
3113 585 3361 638 Paratum

1843 697 1931 732 cor
1977 696 2163 741 meum,
2215 679 2366 730 Deus.
2423 676 2684 746 Propheta
2732 679 2888 747 igitur
2931 693 3049 730 cum
3095 693 3189 746 per
3225 678 3360 730 bona

1843 784 2001 837 Opera
2031 785 2139 822 rem
2173 768 2391 836 Spiritui
2433 776 2620 820 sancto
2644 774 2843 835 gratam
2873 776 2924 820 et
2953 776 3220 834 acceptam
3244 781 3361 834 per-

1844 858 2076 920 fecisset,
2101 858 2281 909 talium
2315 855 2549 926 largitori
2582 855 2686 910 Deo
2725 862 3034 923 praesentem
3065 856 3360 908 orationem

1839 951 2050 1004 emittit.
2080 947 2310 1003 Cantabo
2343 959 2390 1002 et
2422 948 2644 1016 psallam
2687 948 2739 1000 in
2786 947 2954 1015 gloria
2995 961 3104 998 mea
3137 960 3154 997 :
3188 945 3238 999 id
3258 953 3357 1008 est,

1841 1044 2123 1106 assumpta.
2153 1037 2318 1112 gloria
2368 1051 2505 1099 mea,
2539 1052 2632 1091 seu
2659 1035 3004 1104 prophetandi
3034 1035 3218 1103 gratia.
3252 1021 3382 1086 Ex:

1839 1143 2006 1196 surge,
2023 1121 2189 1196 gloria
2219 1144 2353 1188 mea,
2371 1141 2605 1195 exsurge,
2634 1125 2938 1194 psalterium
2951 1135 3000 1179 ct
3027 1125 3248 1188 cithara,
3270 1139 3358 1176 ea:-

1839 1233 2048 1285 surgant
2075 1216 2322 1276 diluculo.
2357 1214 2492 1269 Num
2518 1216 2652 1270 forte
2688 1215 2879 1270 anima:
2906 1215 3252 1284 corporisque
3275 1215 3359 1268 sui

1839 1307 1980 1361 vires
2020 1307 2217 1360 excitat
2258 1307 2326 1361 ob
2377 1307 2724 1360 adventuram
2763 1306 2864 1373 ipsi
2905 1303 3136 1374 Spiritus
3189 1305 3358 1359 sancti

1839 1397 2280 1465 inspirationem;
2313 1397 2385 1448 ita
2417 1404 2475 1449 ut
2512 1410 2610 1450 nos
2647 1395 2910 1465 spirituali
2952 1411 3098 1450 more
3125 1395 3358 1449 membra

1837 1486 2076 1554 corporis
2104 1492 2155 1538 et
2189 1499 2378 1538 sensus
2409 1483 2758 1554 excipiamus,
2787 1485 2982 1554 quibus
3009 1499 3163 1540 mens
3186 1499 3358 1553 quan-

1837 1577 2115 1644 doeunque
2146 1574 2372 1628 voluerit
2398 1575 2676 1641 pulsatur;
2711 1575 3014 1644 psalterium
3042 1589 3166 1628 vero
3189 1573 3357 1641 expli-

1837 1681 2018 1721 cemus
2051 1666 2391 1734 incorporeas
2419 1671 2471 1718 et
2500 1665 2848 1721 rationabiles
2885 1664 3074 1718 animm
3115 1665 3355 1725 virtutes,

1837 1773 1969 1828 quas
1999 1759 2062 1810 ad
2089 1756 2318 1826 Spiritus
2338 1757 2734 1826 susceptionem
2773 1770 3074 1826 praeparans
3102 1755 3173 1807 ait
3200 1773 3212 1808 :
3248 1753 3356 1806 Ea:-

186 1844 385 1913 ληται·
419 1846 708 1918 ψαλτήριον
734 1849 793 1900 δὲ
815 1849 910 1911 τὰς
937 1850 1251 1918 ἀσωμάτους
1277 1850 1367 1902 καὶ
1398 1847 1613 1916 λογικὰς
1639 1848 1722 1916 τῆς

1831 1863 1998 1915 surge,
2027 1846 2333 1912 psalterium
2355 1854 2403 1898 et
2435 1845 2656 1898 cithara.

181 1935 375 2003 ψυχῆς
416 1935 686 2004 δυνάμεις,
723 1937 786 2000 ἃς
825 1937 886 2008 δὴ
928 1937 1345 2008 παρασκευάζων
1383 1939 1462 2002 είς
1505 1939 1603 2007 τὴν
1645 1937 1734 1990 τοῦ
1786 1935 2092 2005 Πνεύματος
2128 1935 2386 2005 ὑποδοχήν
2426 1951 2612 2004 φησιν’
2678 1933 3059 2001 Ἐξετέρθητι,
3127 1929 3354 2000 ψαλτή-

179 2043 329 2092 ριον
356 2027 452 2078 καὶ
479 2011 685 2093 κιθάβα

279 2121 566 2188 Ὑψώθητι
609 2121 703 2172 ἐπὶ
740 2121 878 2186 τοὺς
914 2121 1222 2189 οὐρανοὺς,
1250 2126 1282 2176 ὀ
1321 2123 1481 2188 Θεὸς,
1509 2123 1603 2176 καὶ
1631 2120 1728 2174 ἐπὶ

182 2210 402 2265 πᾶσαν
427 2211 535 2277 τὴν
559 2209 674 2278 γῆν
698 2212 734 2278 ἠ
757 2211 903 2276 δόξα
927 2227 1062 2278 σου,
1087 2212 1242 2278 ὅπως
1263 2213 1338 2267 ἂν·
1351 2210 1656 2280 ρυσθῶσιν
1675 2214 1726 2264 ol

177 2301 485 2368 ἀγαπητοί
516 2317 648 2354 σου.
675 2300 878 2354 Σῶσυν
905 2301 976 2369 τῇ
1002 2299 1166 2369 δεειᾷ
1194 2316 1330 2363 σου,
1356 2301 1452 2355 καὶ
1481 2301 1727 2354 ἐπάκου-
1763 2321 1766 2324 ’

183 2392 314 2443 σόν
340 2407 475 2458 μου.
520 2392 571 2442 '0
618 2391 759 2454 Θεὸς
796 2390 1098 2457 ἐλάλησεν
1135 2391 1202 2443 ἐν
1229 2389 1308 2454 τῷ
1335 2389 1478 2456 ἁγίῳ
1505 2387 1686 2442 αὑτοῦ
1707 2405 1721 2419 ⁸

195 2480 622 2548 ’Υψωθήσομαι
659 2480 756 2532 καὶ
783 2479 1051 2548 διαμεριῶ
1079 2480 1306 2547 Σίκιμα,
1339 2479 1436 2531 καί
1463 2478 1574 2546 τὴν
1603 2495 1726 2532 κοι-

180 2570 350 2622 λάδα
379 2569 494 2622 τῶν
530 2570 770 2635 σκηνῶν
807 2569 1185 2638 διαμετρήσω.
1224 2568 1464 2622 ’ἱκετεύω
1499 2570 1586 2622 καὶ
1614 2569 1726 2622 δέο-

185 2679 295 2730 μαι
336 2662 494 2729 τάχος
526 2660 798 2730 ἐπιστῆναι
826 2661 923 2730 τὴν
953 2661 1126 2730 χάριν,
1165 2661 1257 2713 καὶ
1296 2661 1353 2713 σὲ
1393 2661 1482 2714 τὸν
1509 2660 1726 2730 ὕψιστον

181 2751 325 2804 Θεὸν
343 2751 431 2804 τὸν
455 2752 512 2804 ὲν
546 2753 653 2813 τοῖς
677 2751 917 2822 οὐρανοῖς
941 2751 1266 2821 ὑμνούμενον
1291 2751 1610 2822 γνωσθῆναι,
1636 2753 1724 2805 καὶ

179 2842 288 2910 τὴν
331 2835 523 2894 σαυτοῦ
560 2839 711 2905 δόξαν
754 2839 987 2912 φανερὰν
1031 2843 1247 2912 ποιῆσαι
1293 2843 1382 2895 ἐπὶ
1423 2843 1597 2897 πᾶσαν
1628 2840 1723 2911 τὴν

179 2931 311 3000 γῆν.
344 2930 538 2983 Τούτου
567 2931 672 3002 γάρ
706 2933 1010 3001 γενομένου,
1054 2933 1401 3003 ρυσΘὴσονται
1432 2934 1480 2984 οἱ
1513 2933 1723 3001 ἀγαπη-

177 3022 268 3073 τοί
300 3039 393 3074 σου
419 3024 522 3076 ἀπὸ
546 3024 641 3093 τῆς
666 3026 863 3094 πικρᾶς
890 3024 1126 3085 δουλείας
1153 3022 1244 3074 καὶ⁸
1270 3023 1634 3090 αἰχμαλωσίας
1657 3025 1721 3093 ἢν

180 3109 512 3163 πεπόνθασιν
557 3113 850 3182 ὑποχείριοι
891 3112 1185 3180 γενόμενοι.
1224 3109 1428 3164 Σῶσον
1455 3108 1527 3178 τῇ
1558 3109 1722 3176 δεξιᾷ

175 3216 324 3262 σου,
357 3201 449 3253 καὶ
477 3201 957 3270 ἐπάκουσόνμου,
999 3203 1057 3254 '0
1075 3201 1214 3266 Θεὸς
1234 3199 1531 3267 ἐλάλησεν
1555 3200 1626 3253 ἐν·
1644 3199 1720 3265 τῷ

179 3290 330 3356 ἁγίῳ
377 3290 574 3343 αὑτοῦ.
607 3289 697 3351 Τίς
723 3285 789 3360 ἦν
833 3293 860 3343 6
898 3291 1047 3358 ἅγιος
1093 3289 1319 3359 αὑτοῦὴ
1363 3291 1390 3341 6
1435 3287 1719 3359 μονογενὴς

1900 2115 2058 2171 Vens.
2095 2115 2127 2168 6
2150 2143 2168 2154 -
2188 2115 2240 2169 8.
2272 2113 2520 2166 Exaltare
2549 2128 2698 2182 super
2728 2112 2899 2173 ccelos,
2932 2111 3089 2174 Deus,
3127 2123 3174 2165 et
3205 2125 3356 2182 super

1829 2224 2025 2261 omnem
2061 2215 2251 2260 terram
2278 2205 2447 2275 gloria
2491 2213 2599 2267 tua,
2630 2215 2686 2256 ut
2726 2202 3009 2266 liberentur,
3031 2202 3208 2256 dilecti
3254 2208 3350 2260 tui.

1829 2299 2038 2355 Salvum
2066 2299 2150 2367 [ac
2173 2297 2383 2351 dextera
2411 2307 2518 2359 tua,
2549 2304 2597 2349 et
2633 2295 2819 2350 exaudi
2849 2311 2943 2349 me.
2987 2294 3120 2348 Deus
3151 2296 3351 2349 locutus

1826 2401 1901 2446 est
1929 2393 1981 2444 in
2010 2399 2186 2445 sancto
2215 2406 2309 2444 suo
2332 2404 2350 2440 :
2385 2387 2666 2441 Exaltabor
2697 2396 2744 2440 et
2769 2385 2998 2439 dividant
3031 2385 3276 2449 Sichima,
3303 2396 3352 2441 ct

1827 2483 2105 2538 convallem
2129 2480 2574 2534 tabernaculorum
2599 2478 2859 2531 dimetiar.
2883 2477 3117 2532 Obsecro
3147 2492 3362 2546 precor;

1827 2589 1949 2643 que,
1979 2575 2086 2626 cito
2113 2570 2300 2624 adesse
2328 2568 2571 2638 gratiam,
2603 2581 2706 2634 qua
2731 2574 2780 2622 te
2827 2565 3147 2619 altissimum
3185 2564 3348 2619 Deum

1826 2660 1881 2713 in
1927 2658 2077 2714 caelis
2121 2656 2441 2710 celebratum
2477 2667 2779 2714 noscamus,
2812 2659 2866 2706 et
2910 2650 3075 2720 gloria
3123 2660 3211 2706 tua
3257 2667 3352 2721 per

1826 2763 2031 2802 onmem
2063 2755 2256 2799 terram
2297 2742 2574 2796 manifesta
2602 2740 2872 2794 reddatur.
2908 2739 3018 2794 Hoc
3040 2740 3181 2795 enim
3216 2755 3359 2809 perw.

1827 2847 1966 2904 acto,
1990 2837 2169 2891 dilecti
2200 2835 2277 2887 tui
2309 2848 2340 2885 a
2369 2832 2502 2886 dura
2537 2832 2791 2887 servitute
2821 2839 3076 2885 eruentur
3114 2839 3167 2885 et
3196 2847 3229 2884 a
3259 2846 3352 2884 ca-

1826 2928 2058 2997 ptivitate
2077 2940 2179 2995 qua
2197 2924 2400 2979 subacti
2417 2929 2470 2978 et
2487 2922 2663 2976 aﬂlicti
2685 2929 2827 2977 sunt.
2847 2919 3056 2975 Salvum
3075 2921 3159 2987 [ac
3179 2920 3350 2983 dexte-

1825 3035 1885 3070 ra
1925 3028 2033 3077 tua,
2056 3025 2104 3068 et
2129 3013 2318 3076 exaudi
2349 3030 2445 3066 me.
2476 3011 2609 3066 Deus
2637 3013 2833 3065 locutus
2862 3021 2937 3065 est
2957 3012 3009 3063 in
3029 3020 3205 3064 sancta
3231 3025 3344 3064 sua.

1823 3108 1954 3173 Quis
1999 3114 2112 3161 erat
2153 3112 2370 3160 sanctus
2415 3103 2505 3157 Dei
2548 3102 2650 3156 nisi
2693 3100 2858 3156 Filius
2898 3096 3222 3169 unigénitus,
3254 3101 3347 3168 qui

1822 3213 1944 3253 vere
1971 3203 2190 3250 sanctus
2217 3201 2270 3248 et
2302 3194 2527 3248 dilectus
2563 3199 2646 3246 est
2682 3211 2693 3243 :
2726 3206 2818 3259 per
2848 3205 3005 3259 quem
3032 3188 3172 3244 Deus
3215 3189 3346 3257 ipsis

1823 3288 1890 3340 ad
1917 3285 2277 3354 supradictam
2305 3281 2619 3345 orationem,
2646 3293 2762 3345 quae
2785 3278 2862 3331 sic
2886 3278 3041 3332 habet
3063 3295 3076 3331 :
3097 3275 3346 3330 Ezaltarc

179 3379 342 3443 Παῖς,
376 3383 402 3439 6
441 3378 514 3431 ὢν
557 3379 765 3448 ἀληθῶς
804 3381 953 3448 ἅγιος
989 3380 1078 3432 καὶ
1108 3380 1400 3449 ἀγαπητὸς,
1430 3381 1497 3432 δι’
1534 3372 1592 3431 οὗ
1618 3379 1713 3449 τὴν

1822 3392 1961 3444 super
1990 3374 2159 3436 oculos,
2197 3372 2354 3434 Deus,
2395 3370 2694 3438 respondet,
2739 3368 3060 3430 Exaltabor;
3106 3367 3173 3421 ad
3215 3367 3345 3421 illud

177 3469 470 3538 ἀπόκρισιν
497 3470 780 3539 ἐποιήσατο
801 3470 934 3540 πρὸς
960 3471 1054 3539 τὴν
1074 3470 1417 3524 ἀποδοθεῖσαν
1444 3471 1602 3541 εὐχὴν
1624 3473 1718 3523 αύ-

176 3563 294 3622 τοῖς
324 3562 352 3612 6
379 3559 535 3622 Θεός⁶
569 3561 698 3628 πρὸς
730 3562 824 3630 μὲν
859 3558 950 3612 οὖν
989 3560 1084 3629 τὴν
1125 3560 1284 3630 εὐχὴν
1320 3560 1416 3630 τὴν
1440 3563 1712 3630 φήσασαν·

189 3652 201 3668 ”
218 3647 484 3716 rerum;
509 3650 604 3702 ἐπὶ
623 3651 760 3717 τοὺς
792 3649 1100 3716 οὐρανοὺς,
1131 3653 1163 3702 ό
1192 3649 1353 3714 Θεὸς,
1375 3650 1717 3720 ἀποκρίνεται

178 3738 372 3804 λέγων,
412 3737 838 3807 ’Υψωθήσομαι,
873 3739 1003 3808 πρὸς
1030 3738 1085 3789 δὲ
1127 3738 1214 3790 τό·
1250 3738 1356 3792 Καὶ
1389 3739 1483 3792 ἐπὶ
1518 3738 1718 3792 πᾶσαν

176 3827 297 3894 τὴν
335 3827 448 3896 γῆν
490 3831 526 3896 ἡ
569 3829 712 3893 δόξα
747 3846 879 3891 σου,
913 3827 1067 3881 πάλιν
1104 3828 1444 3896 ἀποκρίνεται
1483 3828 1551 3880 τὰ
1591 3830 1716 3881 ἀκό-

177 3915 344 3968 λουθα
369 3915 474 3969 ἀπὸ
512 3916 623 3977 τοῦ,
663 3914 1063 3983 Ὑψωθήσομαι
1087 3912 1182 3964 καὶ
1205 3912 1472 3979 διαμεριῶ
1491 3915 1716 3980 Σίκιμα,

177 4007 277 4059 καὶ
302 4005 413 4072 τὴν
440 4005 680 4058 κοιλάδα
700 4003 814 4056 τῶν
837 4000 1076 4068 σκηνῶν
1098 4001 1480 4068 διαμετρήσω.
1507 4004 1716 4072 Ταύτην

177 4094 376 4154 τοίνυν,
411 4093 558 4162 φησὶ,
592 4093 687 4158 τὴν
728 4091 961 4152 κοιλάδα,
990 4089 1228 4141 τουτέστι
1257 4090 1432 4140 πᾶσαν
1475 4089 1569 4158 τὴν
1609 4091 1712 4142 τῶν

177 4180 472 4253 ἀνθρώπων
492 4181 822 4250 οἰκουμένην,
840 4182 916 4242 είς
940 4179 1136 4271 σκηνάς
1157 4179 1512 4248 διαμετρήσω,
1531 4180 1714 4250 ὥσπερ

1819 3475 1940 3524 vero’
1974 3489 1986 3522 :
2021 3467 2081 3518 Et
2128 3480 2276 3533 super
2315 3479 2511 3516 omnem
2565 3472 2754 3515 terram
2797 3462 2966 3531 gloria
3001 3469 3111 3523 tua,
3157 3476 3345 3515 rursus

1816 3566 2171 3628 congruenter
2211 3554 2417 3625 reponit
2459 3553 2526 3606 ab
2573 3554 2655 3606 his
2686 3553 2864 3607 verbis
2915 3571 2927 3606 :
2975 3550 3261 3605 Exaltabor
3296 3559 3344 3605 et

1816 3650 2041 3702 dividant
2071 3647 2316 3705 Sic/timo,
2342 3653 2389 3698 et
2411 3643 2685 3695 convallem
2714 3642 3156 3696 tabernaculorum
3185 3642 3343 3694 dime-

1817 3742 1939 3794 tiar.
1978 3738 2144 3800 Hanc.
2178 3738 2368 3806 inquit,
2397 3735 2711 3798 convallem,
2738 3733 2789 3786 id
2812 3739 2894 3787 est
2921 3733 3226 3786 universum
3256 3747 3342 3785 or-

1819 3830 1958 3891 bem,
1992 3828 2046 3896 in
2080 3827 2421 3880 tabernacula
2477 3824 2742 3886 dimetiar,
2796 3823 2947 3891 quasi
2998 3823 3111 3875 loca
3157 3837 3341 3877 eorum

1821 3910 2042 3972 metiens
2065 3925 2117 3970 et
2144 3916 2484 3978 describens;
2514 3913 2744 3967 dividant
2795 3913 2848 3966 in
2873 3913 3212 3967 tabernacula
3250 3927 3341 3981 per

1814 4009 2056 4076 'singttlas
2081 4007 2343 4070 civitates,
2372 4013 2424 4059 et
2464 4004 2710 4073 regiones
2733 4012 2783 4058 et
2807 4003 2952 4056 vicos
2980 4021 2992 4057 :
3015 4017 3077 4055 ac
3105 4018 3338 4066 rursum,

1773 4092 1778 4098 ’
1817 4095 2157 4148 tabernacula
2203 4096 2329 4148 inihi
2375 4094 2681 4160 dimetiens,
2727 4109 2789 4147 ac
2844 4108 2938 4163 per
2990 4084 3338 4145 loca'distri-

1815 4185 2016 4251 buens;
2051 4185 2103 4239 id
2128 4194 2210 4239 est
2237 4186 2514 4239 universas
2543 4199 2636 4253 per
2673 4184 2854 4238 orbem
2887 4183 3168 4238 Ecclesias.

177 4271 531 4341 χωρομετρῶν
579 4272 671 4322 καὶ
713 4270 1067 4340 καταγράφων
1101 4267 1306 4332 ἀύτούς
1325 4287 1336 4298 ·
1377 4269 1712 4341 διαμετρήσω
1744 4277 1820 4337 εἰς
1851 4275 2048 4344 σκηνὰς
2076 4275 2214 4328 κατὰ
2245 4267 2415 4357 πᾶσαν
2438 4275 2605 4338 πόλιν,
2631 4275 2721 4327 καὶ
2768 4274 2942 4343 χώραν
2987 4274 3077 4325 καὶ
3118 4271 3334 4342 κώμην·

178 4366 272 4418 καὶ
307 4366 482 4428 πάλιν,
531 4364 727 4433 σκηνὰς
762 4363 977 4433 ἐμαυτῴ
1013 4364 1310 4432 διαμετρῶν
1351 4365 1440 4416 καὶ
1471 4368 1843 4437 χωρομετρῶν,
1868 4369 2106 4422 τουτέστι
2134 4369 2230 4432 τάς
2256 4368 2556 4437 ἅπανταχοῦ
2590 4367 2923 4428 Ἐκκλησίας.

263 4483 431 4550 Ἐμός
460 4483 587 4534 ἐστι
606 4480 866 4544 Γαλαὰδ,
897 4481 991 4534 καί
1020 4481 1158 4550 ἐμός
1193 4482 1319 4536 ἐστι
1351 4486 1709 4552 Μανασσῆς·

1888 4487 2048 4542 Vens.
2093 4489 2146 4551 9,
2186 4489 2271 4556 10.
2305 4486 2450 4540 Meus
2478 4496 2553 4538 est
2587 4483 2808 4546 Galaad,
2843 4493 2888 4536 et
2935 4499 3074 4536 meus
3107 4492 3182 4536 est
3220 4481 3335 4535 Ma-

176 4571 274 4622 καὶ
319 4571 553 4639 Ἐφραὶμ
593 4571 909 4638 ἀντίληψις
946 4569 1052 4638 τῆς
1095 4573 1359 4640 κεφαλῆς
1397 4592 1533 4642 μου.
1577 4577 1708 4629 Ἰού-

175 4657 284 4722 δας
337 4661 628 4726 βασιλεύς
683 4679 828 4729 μου,
879 4663 1055 4715 Μωὰὸ
1099 4663 1274 4727 λέϐης
1322 4662 1428 4729 τῆς
1470 4666 1709 4733 ἐλπίδος

145 4763 308 4814 μου.
353 4749 560 4817 Ἐπειδὴ
601 4750 828 4821 Ἐφραϊμ
861 4754 952 4804 καὶ
980 4753 1266 4821 Μανασσῆς
1299 4753 1402 4805 υἱοὶ
1430 4755 1708 4821 γεγόνασιν

189 4837 398 4906 Ἰωσὴφ,
437 4840 785 4908 κατέσχονδὲ
825 4844 874 4893 οἱ
921 4843 983 4894 ὲκ
1021 4843 1220 4895 τούτων
1249 4843 1345 4912 τὴν
1377 4844 1706 4918 καλουμένην

175 4927 355 4999 χώραν
384 4929 607 4991 Γαλαὰδ,
657 4932 749 4982 καὶ
790 4932 885 5002 τὴν
921 4934 1096 5004 Συχὲμ
1127 4936 1216 4986 καὶ
1247 4935 1344 5004 τὴν
1377 4937 1703 5007 Σαμάρειαν,

179 5016 301 5071 ἔνθα
319 5019 376 5070 τὸ
402 5018 658 5087 βασίλειον
681 5025 1009 5093 συνειστήκει
1036 5023 1125 5075 τοῦ
1172 5023 1379 5094 Ἰσραήλ
1399 5042 1412 5054 '
1444 5027 1530 5079 διά
1552 5028 1706 5083 τοῦτο

177 5107 363 5160 ἑαυτοῦ
391 5125 546 5178 φησιν
580 5103 713 5163 εἶναι
747 5114 835 5164 καὶ
859 5113 1092 5176 τούτους,
1129 5115 1216 5166 τὸν
1241 5115 1298 5167 δὲ
1327 5115 1559 5186 Ἐφραῒμ
1589 5123 1704 5172 κατ’

180 5196 444 5268 ἐξαίρετον
465 5195 548 5252 διὰ
574 5199 668 5269 τὴν
690 5201 746 5266 ἐξ
779 5203 937 5256 αὐτοῦ
967 5206 1231 5257 συστᾶσαν
1258 5205 1548 5273 βασιλείαν,
1581 5228 1704 5278 xpu-

179 5284 388 5336 ταίωσιν
420 5289 663 5358 ὀνομάζει
690 5291 786 5360 τῆς
824 5295 1055 5364 κεφαλῆς
1085 5294 1292 5348 ἑαυτοῦ,
1347 5295 1571 5363 Ἰούδας
1590 5302 1704 5362 βα-

179 5371 380 5438 σιλεύς
406 5394 542 5443 μου,
579 5381 743 5458 Μοὰϐ
773 5381 950 5447 λέϐης
998 5383 1104 5451 τῆς
1144 5383 1384 5448 ἐλπίδος
1417 5403 1552 5452 μου.
1602 5389 1703 5442 Τὸν

189 5459 378 5514 Ἰούδαν
421 5465 634 5531 βασιλέα
663 5469 846 5520 ἑαυτοῦ
885 5470 1037 5534 εἶναι,
1071 5474 1232 5541 λέγει.
1263 5475 1524 5544 Πρόδηλον
1549 5477 1602 5528 δὲ
1626 5479 1702 5531 ὅτι

183 5552 311 5604 κατὰ
335 5554 422 5605 τὸν
461 5557 770 5611 Ἀπόστολον
801 5563 858 5628 ἐξ
902 5566 1064 5619 Ἰούδα
1091 5565 1439 5619 ἀνατέταλκεν
1462 5569 1489 5619 6
1515 5569 1699 5638 Σωτὴρ

247 5708 289 5738 ⁸³
329 5708 509 5762 Matth.
551 5729 597 5770 v,
632 5713 681 5766 8.

1813 4596 1988 4632 nasses
2014 4595 2030 4631 :
2056 4587 2104 4631 et
2128 4577 2378 4645 Ephraim
2401 4576 2652 4643 susceptio
2678 4575 2863 4641 capitis
2903 4574 3017 4627 mei.
3058 4573 3200 4624 Juda
3247 4589 3336 4625 rex

1812 4685 1974 4730 meus,
2016 4666 2167 4720 Moab
2220 4666 2350 4724 lcbes
2395 4664 2499 4730 spei
2540 4677 2680 4716 mete.
2710 4662 2972 4727 Quoniam
3009 4661 3254 4731 Ephraim
3283 4668 3336 4714 et

1815 4758 2084 4828 Manasses
2114 4757 2204 4810 filii
2254 4755 2452 4823 Joseph
2503 4754 2768 4816 feruntur,
2813 4767 3104 4820 eorumque
3137 4751 3333 4820 posteri

1810 4850 2099 4919 regionem,
2144 4861 2262 4913 qua:
2302 4833 2857 4903 Galaad'vocabatur,
2902 4851 3249 4911 occuparunt,
3283 4849 3336 4895 et

1811 4938 2034 5008 Sychem
2068 4943 2120 4990 et
2146 4935 2462 4999 Samariam,
2490 4934 2577 4988 ubi
2621 4936 2762 5006 regia
2793 4929 3002 4988 lsraelis
3042 4941 3187 4991 erat;
3216 4931 3336 4986 ideo

1808 5030 1928 5082 illos
1963 5042 2089 5081 suos
2129 5041 2247 5080 esse
2275 5025 2424 5087 dicit,
2455 5038 2516 5084 ac
2557 5016 2802 5093 Ephraim
2839 5022 2963 5090 quia
2993 5035 3056 5075 ex
3101 5020 3221 5090 ipso
3250 5037 3336 5074 re-

1806 5133 1965 5186 gnum
1989 5115 2290 5178 constabat,
2321 5115 2684 5168 fortitudinem
2707 5113 2899 5180 capitis
2919 5113 3002 5166 sui
3037 5127 3131 5182 per
3156 5110 3331 5166 excel-

1808 5208 2019 5261 lentiam
2048 5213 2220 5258 vocat.
2247 5203 2388 5258 Juda
2413 5220 2501 5256 rex
2525 5220 2684 5267 meus,
2714 5201 2867 5255 Hoab
2893 5203 3024 5256 lebes
3051 5205 3156 5270 spei
3183 5219 3328 5256 mew.

1804 5296 1992 5350 Judam
2033 5310 2208 5363 regem
2237 5310 2354 5349 esse
2383 5292 2536 5348 suum
2567 5293 2713 5346 dicit.
2777 5292 3110 5348 Manifestum
3152 5300 3328 5346 autem

1804 5397 1885 5443 est
1915 5387 2202 5441 secundum
2236 5385 2565 5452 Apostolum,
2611 5383 2938 5437 Salvatorem
2965 5393 3018 5436 et
3047 5381 3326 5436 Dominum

1769 5533 1771 5536 ,
1807 5485 2044 5531 nostrum
2082 5475 2259 5530 Jesum
2291 5475 2559 5528 Clit-istum
2595 5481 2839 5528 exortum
2867 5488 2989 5528 esse
3017 5469 3264 5545 exﬂJuda,
3297 5490 3323 5524 a

1805 5582 1909 5636 quo
1958 5567 2158 5636 regium
2207 5581 2377 5635 genus
2429 5565 2782 5622 constitutum
2810 5569 2910 5620 est.
2961 5566 3019 5617 In
3061 5562 3147 5620 his
3197 5565 3323 5617 item
