3994 6354
192 396 331 454 1553

1264 394 1401 451 (ΞοΜ
1411 394 1759 451 MENTARIA
1792 393 1855 449 IN
1895 395 2228 453 PSALIOS.

3236 404 3369 458 1554

192 512 292 582 μὲν
329 511 554 577 Ἀκύλας
584 511 766 580 φησὶν,
812 509 942 564 Ἐπί
976 507 1376 575 μφυλισταίους
1405 523 1731 576 συνεταιρι-

1842 509 2029 575 editio,
2079 510 2218 579 apud
2267 511 2557 582 allophylos
2604 511 2928 576 honorabor;
2996 514 3375 586 quinquagesi-

188 598 519 669 σθήσομαν
558 602 591 669 ὴ
614 598 672 651 δὲ
696 599 914 669 πέμπτη
929 596 1155 659 ἐκδοσις,
1189 595 1463 662 Ἐπιτοὺς
1474 596 1734 665 ἀλλοφύ-

186 689 338 753 λους
362 686 823 757 ἐντιμωθήσομαι
841 702 854 716 ⁸
886 688 914 739 ὁ
940 685 997 739 δὲ
1027 685 1098 739 νϐ’
1122 684 1348 756 ψαλμὺς,
1389 685 1540 754 Ἐμοί
1558 686 1737 739 ἀλλό-

188 781 372 844 φυλοι
404 776 804 847 ὑπετάγησαν.
860 762 1113 839 Γνώσεως
1154 775 1211 828 δὲ
1252 764 1385 828 Θεοῦ
1436 777 1527 828 καὶ
1558 775 1735 845 φιλίας

190 871 287 922 καὶ
325 871 591 941 ἑταιρείας
634 870 726 922 καὶ
776 867 999 937 ἀγάπης
1041 869 1259 938 σημεῖον
1305 855 1368 918 τδ
1406 866 1736 935 ὑποταγῆναι

193 960 340 1031 αύτῷ
365 961 488 1023 τοὺς
527 958 707 1025 πάλαι
732 956 1148 1020 ἀνυποτάκτους,
1173 955 1269 1009 καὶ
1306 954 1607 1024 ἀλλοτρίους
1643 955 1737 1024 μὲν

194 1050 287 1104 τοῦ
329 1049 485 1116 Θεοῦ,
518 1050 852 1121 ὑποχειρίους
881 1048 938 1102 δὲ
958 1047 1170 1119 δαίμοσι
1196 1049 1463 1118 πονηροῖς.

332 1161 442 1213 ΕΙΣ
458 1162 545 1215 ΤΟ
576 1159 1108 1227 ΤΕΛΟΣ,ΨΑΛΜΟΣ
1132 1158 1216 1228 Τῼ
1227 1158 1440 1214 ΔΑΥΙΔ.
1474 1155 1598 1211 PH'.

270 1250 326 1301 Ὁ
359 1250 520 1315 Θεὸς,
561 1250 674 1317 τὴν
718 1216 951 1304 αίνεσίν
975 1266 1093 1317 μου
1131 1216 1218 1318 μῆ
1247 1245 1731 1317 παρασιωπήσῃς
1771 1216 1777 1225 ἢ

193 1340 282 1395 ὅτι
322 1344 514 1411 στόμα
556 1340 900 1411 ἁμαρτωλοῦ
928 1339 1024 1393 καὶ
1059 1339 1251 1408 στόμα
1290 1338 1495 1392 δολίου
1522 1336 1613 1390 ἐπ’
1636 1335 1740 1406 ἐμὲ

191 1430 464 1502 ἠνοίχθη.
518 1429 855 1496 Ἐλάλησαν
900 1427 1022 1481 κατ’
1082 1425 1225 1495 ἐμοῦ
1250 1424 1495 1494 γλώσσῃ
1547 1423 1737 1491 δολία,

193 1520 291 1572 καί
312 1521 512 1589 λόγοις
520 1519 739 1588 μίσους
752 1517 1107 1572 ἐκύκλωσαν
1125 1532 1222 1585 με,
1241 1514 1336 1569 καί
1359 1512 1741 1584 ἐπολέμησιὺ

191 1628 263 1680 με
310 1610 551 1680 δωρεάν.
609 1607 857 1680 Συνήθως
878 1596 972 1661 uel.
996 1609 1052 1660 έν
1070 1606 1241 1676 τούτῳ
1264 1606 1381 1659 ἀντὶ
1403 1604 1519 1668 τοῦ,
1560 1608 1645 1670 είς
1674 1610 1738 1656 το

192 1700 386 1766 τέλος,
440 1702 468 1753 ό
520 1701 614 1771 μὲν
655 1698 902 1766 Ἀκύλας,
946 1696 1027 1763 τῷ
1063 1693 1361 1773 νικοποιῷ,
1413 1695 1700 1747 ἐκδέδωκεν
1722 1710 1736 1723 ·

190 1793 220 1845 ὁ
270 1792 330 1846 δὲ
372 1791 662 1863 Σύμμαχος
710 1790 1002 1845 ἐπινίκιον
1057 1787 1274 1858 εἴρηκε·
1335 1787 1612 1856 μονονουχὶ
1666 1786 1742 1838 δι-

190 1860 478 1946 δάσκοντος
677 1879 770 1937 τοῦ
792 1880 948 1949 ἁγίου
969 1877 1297 1948 Πνεύματος,
1325 1878 1405 1929 ὅτι
1432 1875 1496 1946 δὴ
1515 1877 1605 1929 ἐπὶ
1632 1878 1744 1938 τοῖς
1774 1860 1814 1913 Β

192 1974 477 2037 ἐπινικίοις
499 1972 592 2026 τοῦ
626 1970 872 2041 Σωτῆρος
906 1968 1079 2040 ἡμῶν,
1112 1967 1205 2019 καὶ
1239 1968 1350 2029 τοῖς
1375 1968 1515 2019 κατά
1535 1964 1626 2017 τοῦ
1652 1964 1745 2017 8a-

190 2066 350 2119 νάτου
401 2064 703 2136 τροπαίοις,
742 2062 834 2115 καὶ
865 2059 963 2124 τὰς
992 2058 1267 2128 παρούσας
1297 2057 1475 2127 φωνὰς
1511 2058 1743 2124 ἐγκατα-

191 2154 368 2222 λέγειν
398 2154 683 2224 προσήκει,
708 2152 765 2203 ὲν
797 2143 1272 2219 αἷςόάνθρώπινος
1285 2144 1449 2199 αὐτοῦ
1478 2142 1743 2214 παρίστα-

191 2260 279 2295 ται
306 2228 440 2312 βίος,
472 2241 563 2295 καὶ
596 2242 629 2309 ἡ
670 2237 912 2309 ὑπομονὴ
946 2236 1052 2291 τῶν
1091 2236 1443 2308 παθημάτων.
1497 2234 1549 2288 '0
1580 2232 1741 2298 Θεὸς,

191 2334 306 2402 τὴν
331 2333 570 2386 αἴγεσιν
601 2349 718 2401 μου
750 2331 835 2400 μὴ
874 2328 1379 2416 παρασιωπῄσῃψ
1424 2326 1513 2379 ὅτι
1554 2326 1745 2394 στόμα

191 2423 538 2494 ἁμαρτωλώ
584 2421 686 2476 καί
735 2423 926 2491 στόμα
956 2419 1162 2474 δολίου
1187 2414 1296 2471 ἐπ’
1328 2414 1431 2484 ἐμὲ
1472 2414 1739 2483 ἠνοίχθη.

204 2516 543 2583 Ἐλάλησαν
592 2516 717 2568 κατ’
743 2512 888 2582 ἐμοῦ
913 2510 1156 2582 γλώσσῃ
1183 2508 1375 2574 δολίᾳ,
1408 2506 1504 2560 καί
1542 2507 1745 2575 λόγοις

191 2604 406 2671 μίσους
441 2601 793 2677 ἐκύκλωσάν
823 2618 913 2670 με,
961 2599 1057 2653 καί
1098 2596 1481 2668 ἐπολέμησαν
1521 2614 1597 2667 με
1637 2597 1745 2650 δω-

191 2693 355 2761 ρεάν.
409 2694 466 2745 Ὁ
525 2692 714 2762 παρὼν
769 2691 977 2763 ψαλμδς
1025 2689 1345 2762 ἀναφέρεται
1395 2690 1473 2752 είς
1532 2689 1743 2761 πρόσω-

193 2800 293 2837 πον
338 2782 432 2836 τοῦ
487 2780 743 2851 Χριστοῦ,
771 2781 838 2834 τὰ
876 2779 1020 2850 πάθη
1073 2778 1337 2849 περιέχων
1386 2777 1745 2847 cunniling-

194 2876 346 2945 τυρεῖ
390 2872 449 2925 δὲ
480 2872 558 2943 τῷ
584 2871 725 2942 λόγῳ
754 2873 787 2941 ή
812 2869 1002 2942 Γραφὴ
1030 2870 1137 2923 τῶν
1168 2869 1425 2939 Πράξεων
1476 2867 1581 2921 τῶν
1612 2868 1745 2920 ἀπο-

196 2963 415 3025 στόλων,
468 2960 593 3014 ἐνθα
640 2964 668 3015 ὁ
708 2960 929 3029 Πέτρος,
968 2958 1065 3029 τῆς
1104 2956 1197 3011 τοῦ
1252 2956 1506 3027 προδότου
1578 2955 1745 3008 Ἰούδα

194 3050 516 3113 ἐκπτώσεως
569 3049 988 3120 μνημονεύσας,
1060 3047 1151 3099 καὶ
1193 3044 1519 3115 παραινέσας
1562 3046 1745 3115 ἕτερον

194 3142 303 3194 δεῖν
346 3140 753 3235 παραληφθῆναι
784 3139 863 3202 είς
918 3137 1010 3190 τὸν
1036 3134 1143 3189 τῶν
1181 3134 1245 3204 ιβ’
1288 3133 1592 3187 ἀποστόλων
1636 3135 1746 3205 ἀρι-
1770 3178 1813 3235 C

197 3231 350 3302 θμὸν,
404 3210 672 3303 μαρτυρίᾳ
723 3230 981 3301 κέχρηται
1040 3229 1342 3299 προφητικῇ
1390 3227 1446 3280 ὲν
1467 3225 1545 3297 τῷ
1608 3243 1744 3299 προ-

194 3321 433 3393 κειμένῳ
471 3320 669 3392 ψαλμῷ
716 3319 996 3390 φασκούσῃ
1019 3336 1033 3349 ·
1060 3316 1374 3385 Γενηθήτω
1410 3318 1449 3385 ἠ
1498 3317 1749 3383 ἔπαυλις

194 3415 379 3468 αὐτοῦ
411 3415 645 3483 ἕρημος,
686 3412 785 3465 καὶ
806 3410 891 3480 μὴ
918 3413 1072 3465 ἔστω
1102 3414 1134 3463 ό
1171 3408 1455 3464 κατοικῶν
1476 3410 1545 3463 ἐν
1572 3409 1745 3478 αὐτῇ,

195 3505 293 3558 καὶ
341 3504 455 3573 τὴν
495 3500 832 3569 ἐπισκοπὴν
892 3496 1073 3555 αὐτοῦ
1121 3498 1289 3553 λάϐοι
1334 3498 1557 3567 ἕτερος·
1609 3498 1748 3554 ὥστε

195 3596 337 3649 κατά
366 3596 463 3663 τὴν
519 3593 722 3663 Πέτρου
774 3588 1116 3644 διδασκαλίαν
1158 3589 1284 3659 περὶ
1324 3588 1418 3641 τοῦ
1457 3589 1625 3643 Ἰούδα
1653 3592 1747 3643 αὺ-

194 3686 290 3756 τὴν
349 3682 549 3753 ταύτην
601 3681 846 3754 εἰρῆσθαι
865 3681 961 3751 τὴν
991 3680 1191 3751 φωνὴν,
1224 3682 1317 3734 καὶ
1350 3680 1445 3743 τὰς
1472 3680 1661 3745 λοιπάς
1689 3681 1746 3732 ἐν

194 3774 272 3845 τῷ
294 3772 492 3844 ψαλμῷ
518 3773 838 3845 φερομένας.
882 3773 939 3825 ὐ
963 3773 1141 3825 τοίνυν
1166 3770 1352 3851 Σωτὴρ
1380 3770 1467 3824 διὰ
1487 3770 1592 3826 τῶν
1616 3787 1757 3843 προ-ν

195 3864 461 3935 κειμένων
489 3864 784 3935 ἀρχόμενος
812 3862 1182 3934 ἀνθρωπίνως,
1227 3860 1302 3923 ὡς
1339 3862 1620 3931 γενόμενος
1656 3860 1747 3914 ἀν·-

197 3956 434 4028 θρωπος,
486 3955 670 4027 μείνας
697 3955 753 4008 δὲ
785 3953 934 4015 Θεὸς,
975 3952 1108 4022 ὅπερ
1136 3936 1222 4020 ἦν,
1254 3948 1480 4002 ἱκετεύει
1504 3951 1594 4003 τὸν
1631 3952 1747 4002 ὲαυ-

197 4047 295 4124 τοῖε
325 4046 541 4117 Πατέρα
569 4046 642 4117 μὴ
676 4042 1012 4114 κατορθῶσαι
1041 4042 1163 4105 τοὺς
1202 4040 1640 4103 ἐπιϐουλεύοντας
1678 4043 1745 4111 τῇ

197 4135 396 4209 ἑαυτοῦ
449 4136 670 4205 σπουδῇ.
723 4132 928 4203 Σπουδὴ
965 4131 1021 4184 δὲ
1066 4129 1227 4185 αὐτοῦ
1275 4132 1422 4184 πᾶσα
1461 4126 1529 4202 ἦν
1558 4130 1744 4183 σϐέσαι

200 4222 299 4291 μὲν
329 4220 389 4284 ἐξ
426 4218 722 4292 ἀνθρώπων
760 4220 936 4272 πᾶσαν
976 4218 1658 4287 εἰδωλολατρείαν,αῐνεσιν
1690 4212 1757 4273 δὲ

196 4309 270 4381 τῷ
306 4311 482 4380 Πατρὶ
512 4309 946 4380 καταστήσασθαι
980 4308 1071 4360 ἐπὶ
1113 4306 1211 4377 τῆς
1240 4311 1339 4379 γῆς
1359 4325 1371 4337 ·
1402 4308 1430 4361 ὃ
1464 4309 1527 4381 δὴ
1553 4311 1609 4362 ὲν
1635 4310 1747 4362 ἐτέ-

202 4419 312 4473 ροις
359 4400 595 4454 διδάσκει
660 4399 860 4469 λέγων’
914 4398 1236 4469 Ἀπαγγελῶ
1285 4399 1350 4453 τό
1400 4400 1583 4470 ὄνομα
1631 4417 1745 4456 σου

1838 615 1958 654 mus
2007 615 2136 655 vero
2180 616 2360 655 nonus
2407 602 2647 672 psalmus
2679 602 2856 665 habet,
2917 594 3376 675 Mihialienigena

1838 690 2033 744 subditi
2065 701 2206 747 sunt.
2238 691 2450 749 Notilia:
2477 710 2606 750 vero
2629 693 2719 748 Dei
2762 701 2818 748 et
2846 685 3095 749 amicitiae
3124 702 3179 749 et
3209 696 3379 751 socie-

1838 784 1965 838 tatis
1992 791 2045 838 et
2074 783 2379 839 dilectionis
2412 785 2624 855 signum
2652 790 2754 850 est,
2780 784 2879 853 ipsi
2911 784 3104 853 subjici
3142 799 3259 849 eos,
3285 787 3378 854 qui

1838 875 1965 927 olim
2023 873 2438 945 inobsequentes
2470 885 2524 930 et
2568 874 2675 932 Deo
2705 876 2865 930 alieni
2888 883 3063 941 erant,
3092 874 3380 946 pravisque

1838 964 2173 1020 daemonibus
2198 964 2419 1025 subditi.

1931 1161 1977 1212 ι.
2014 1159 2078 1214 IN
2108 1125 2662 1223 elusumsswus
2690 1134 2814 1214 lPSl
2848 1155 3067 1212 nmo.
3099 1156 3275 1212 cvm.

1916 1247 2074 1305 Vens.
2104 1249 2158 1316 2,
2189 1251 2242 1305 5.
2277 1250 2435 1313 Deus,
2463 1249 2671 1304 laudem
2698 1265 2864 1304 meam
2896 1252 2959 1302 ne
2989 1246 3377 1316 tacueris,quia

1841 1354 1897 1390 os
1923 1340 2207 1405 peccatoris
2238 1347 2286 1391 et
2322 1354 2379 1393 os
2410 1338 2582 1393 dolosi
2613 1354 2764 1406 super
2792 1354 2869 1392 nte
2900 1348 3132 1407 apertum
3154 1346 3248 1389 est.
3277 1333 3379 1388 Le-

1816 1430 1947 1481 -cuti
1972 1438 2090 1482 sunt
2123 1428 2394 1483 adversum
2427 1444 2508 1483 me
2540 1428 2718 1498 lingua
2753 1428 2956 1491 dolosa.
2983 1437 3032 1482 et
3062 1425 3378 1481 sermonibus

1843 1518 1951 1571 odii
1983 1518 2427 1579 circumdederunt
2455 1534 2555 1582 me,
2576 1528 2626 1571 et
2649 1523 3169 1589 oppugnaverunt‘me
3193 1517 3376 1585 gratis.

1844 1607 1901 1663 In
1938 1609 2039 1664 hoc
2064 1609 2190 1663 item
2214 1609 2282 1663 de
2305 1623 2457 1663 more
2481 1623 2579 1679 pro
2608 1608 2720 1673 illo,
2751 1608 2805 1661 in
2838 1608 3019 1685 ﬁnem,
3047 1606 3240 1679 Aquila
3262 1647 3278 1671 ,
3305 1607 3377 1660 oi-

1844 1704 2021 1756 ctorice
2062 1701 2282 1764 auctori,
2318 1698 2673 1770 Symmachus
2697 1714 2846 1763 vero,
2881 1698 3210 1768 triumphale,
3261 1697 3379 1753 edi-

1845 1792 1942 1846 dit.
1972 1793 2173 1862 Spiritu
2229 1802 2415 1847 sancto
2467 1798 2677 1847 tantum
2732 1804 2840 1847 non
2896 1790 3126 1846 docente
3162 1804 3286 1854 nos,
3326 1789 3377 1843 iu

1843 1880 2254 1951 triumphalibus
2281 1878 2576 1934 Salvatoris
2607 1879 2781 1935 nostri
2799 1886 2854 1934 et
2869 1878 3084 1948 tropaeis
3119 1877 3187 1932 de
3213 1884 3379 1933 morte:

1844 1972 2031 2043 partis,
2079 1972 2177 2026 has
2224 1985 2385 2026 voces
2434 1969 2675 2041 proferre
2712 1968 2927 2033 debere,
2957 1969 3013 2025 in
3053 1969 3252 2040 quibus
3284 1969 3356 2022 bu

1842 2080 1999 2119 mana
2030 2063 2148 2133 ejus
2168 2063 2277 2116 vita
2299 2071 2354 2118 et
2384 2063 2670 2118 tolerantia
2692 2064 3039 2119 cruciatuum.
3053 2060 3358 2116 declaratur

1842 2151 2002 2217 Deus,
2028 2149 2235 2203 laudem
2280 2165 2449 2204 meam
2476 2166 2537 2204 ne
2582 2151 2805 2204 tacueris
2829 2192 2842 2213 ,
2880 2149 2998 2219 auia
3020 2163 3075 2200 os
3100 2144 3367 2215 percntari.

1841 2250 1889 2295 et
1918 2257 1975 2294 os
2007 2239 2177 2295 dolosi
2192 2256 2354 2307 super
2385 2256 2465 2294 me
2495 2248 2745 2311 apertum
2773 2250 2870 2294 est.
2922 2238 3116 2295 Locuti-
3150 2246 3269 2290 sunt
3290 2234 3373 2287 ad—

1842 2332 2042 2386 uersum
2063 2346 2143 2384 me
2174 2330 2352 2401 lingua
2376 2330 2583 2396 dolosa,
2611 2318 2659 2385 et
2682 2330 3003 2385 sermonibus
3023 2320 3129 2382 odii
3161 2328 3378 2380 circum—

1841 2423 2093 2478 dederunt
2134 2438 2233 2485 me,
2265 2433 2314 2476 et
2363 2430 2779 2491 oppugnaverunt
2812 2436 2890 2474 me
2918 2418 3101 2489 gratis.
3141 2415 3374 2470 Praesens

1841 2516 2039 2585 quippe
2060 2514 2309 2585 psalmus
2328 2511 2559 2567 refertur
2580 2511 2645 2564 ad
2667 2524 2950 2579 personam
2968 2506 3188 2571 Christi,
3202 2511 3372 2575 utpoti

1842 2606 1935 2676 qui
1988 2604 2268 2676 paSsiones
2316 2602 2435 2671 ejus
2492 2600 2898 2669 complectatur,
2954 2604 3013 2650 ut
3068 2594 3382 2651 testiﬁcatur

1840 2682 2068 2752 Actuum
2090 2693 2455 2765 apostolorum
2471 2690 2769 2760 Scriptura,
2788 2689 2881 2743 ubi
2905 2690 3091 2743 Petrus
3116 2700 3237 2740 cum
3264 2698 3381 2753 pro-

1842 2787 2031 2841 ditoris
2045 2785 2193 2840 Julia:
2208 2787 2415 2854 lapsum
2437 2787 2807 2845 memorasset,
2836 2793 2897 2833 ac
2911 2778 3205 2833 monuisset
3222 2775 3382 2828 alium

1844 2877 1911 2931 ad
1955 2875 2235 2931 duodecim
2290 2876 2666 2946 apostolorum
2702 2885 2982 2927 numerum
3012 2865 3382 2940 complendum

1843 2969 2116 3041 aggregari
2138 2975 2408 3037 oportere,
2441 2967 2750 3024 testimonio
2780 2980 2913 3020 usus
2942 2970 3024 3019 est
3051 2956 3383 3033 prophetiéo,

1844 3067 1905 3113 ut
1941 3059 1996 3114 in
2031 3059 2280 3130 praesenti
2318 3059 2531 3129 psalmo
2552 3058 2816 3113 habetur:
2850 3055 2974 3109 Fiat
2999 3053 3251 3107 habitatio
3272 3050 3383 3119 ejus

1844 3152 2069 3215 deserta,
2107 3160 2155 3206 et
2186 3167 2289 3205 non
2315 3152 2384 3206 sit
2420 3151 2509 3219 qui
2549 3148 2800 3202 inhabitet
2840 3147 2892 3200 in
2922 3163 3005 3210 ea,
3044 3155 3091 3199 et
3125 3143 3380 3213 episcopa-

1846 3254 1956 3298 tum
1998 3242 2109 3307 eius
2163 3243 2386 3311 accipiat
2430 3238 2656 3305 alter”;
2687 3238 2761 3291 ita
2807 3246 2864 3291 ut
2905 3233 3199 3291 secundum
3243 3229 3383 3289 Petri

1844 3334 2142 3392 doctrinam
2172 3331 2288 3387 haec
2318 3346 2420 3387 vox
2449 3328 2516 3384 de
2542 3326 2678 3382 Juda
2703 3325 2906 3395 prolata
2932 3324 3023 3386 sit,
3051 3334 3110 3377 ut
3138 3330 3191 3378 et
3228 3328 3387 3377 caete--

1828 3442 1918 3482 ra
1940 3426 1994 3480 in
2021 3426 2123 3479 hoc
2149 3424 2355 3493 psaimo
2385 3435 2674 3492 expressae.
2698 3418 2945 3472 Salvator
2968 3416 3129 3485 igitur
3160 3412 3228 3467 ab
3256 3411 3383 3466 alla-

1844 3518 1917 3573 tis
1935 3516 2160 3572 vocibus
2175 3514 2415 3567 bumano
2436 3524 2587 3565 more
2607 3523 2788 3571 orsus,
2807 3512 2992 3575 utpote
3007 3505 3169 3558 homo
3189 3501 3383 3564 factus,

1844 3621 2069 3661 manens
2118 3614 2297 3659 tamen
2331 3602 2474 3657 Deus
2506 3608 2566 3655 ut
2606 3607 2742 3664 erat,
2782 3596 2991 3652 Patrem
3019 3594 3266 3649 obsecrat
3318 3606 3383 3646 ne

1844 3697 2192 3752 insidiatores
2222 3692 2453 3750 consilio
2479 3706 2580 3747 suo
2606 3689 2871 3755 ofﬁciant;
2899 3685 3185 3742 Consilium
3206 3692 3383 3736 autem

1844 3786 1962 3854 ejus
2016 3792 2186 3839 totum
2237 3792 2379 3846 erat,
2429 3790 2489 3836 ut
2543 3797 2610 3836 ex
2668 3780 2980 3835 hominibus
3025 3775 3383 3831 idololatriam

1844 3890 2055 3929 omnem
2104 3874 2490 3944 exstingueret,
2513 3871 2661 3926 Patri
2713 3887 2842 3926 vero
2894 3869 3102 3924 laudem
3145 3868 3200 3921 in
3242 3874 3381 3921 terra

1844 3965 2195 4019 constitueret
2237 3983 2251 4017 :
2286 3963 2430 4033 quod
2486 3964 2611 4030 item
2664 3964 2786 4019 alibi
2838 3962 2995 4017 docet
3038 3948 3125 4014 bis
3159 3956 3334 4011 verbis
3368 3973 3381 4006 :

1849 4054 2095 4109 Narrabo
2127 4070 2310 4109 nomen
2358 4066 2505 4109 tuum
2534 4055 2787 4130 fratribus
2832 4052 3059 4117 meierin
3089 4049 3255 4103 medio
3286 4045 3381 4100 Ec-

1844 4148 2015 4203 claim
2057 4146 2283 4201 laudabo
2329 4148 2454 4202 te“.
2490 4147 2591 4213 Qui
2622 4155 2798 4201 autem
2833 4146 2953 4200 vitae
3000 4143 3120 4212 ejus
3160 4138 3383 4194 insidias

1828 4238 2127 4308 parabant,
2182 4252 2393 4292 summo
2440 4236 2621 4294 studio
2672 4234 2984 4305 satagebant
3031 4240 3090 4285 ut
3131 4231 3243 4284 lucc
3270 4228 3382 4297 ipsa

1845 4329 1964 4381 laus
1991 4328 2209 4382 silentio
2242 4332 2477 4398 prorsus
2498 4329 2815 4382 mitteretur.
2851 4324 3047 4378 Verum
3079 4332 3157 4386 tu,
3190 4320 3383 4390 inquit,

1845 4418 2023 4481 Pater,
2052 4433 2117 4473 ne
2144 4419 2292 4474 sinas
2329 4418 2538 4473 laudem
2584 4417 2750 4473 taceri
2782 4431 2976 4477 meam,
2999 4429 3119 4484 quae
3146 4415 3199 4467 in
3229 4413 3382 4466 bono

197 4491 323 4557 τοῖς
354 4490 631 4559 ἀδελφοῖς
657 4508 791 4559 μου,
821 4491 889 4543 ἐν
913 4490 1077 4558 μέσῳ
1116 4491 1468 4559 Ἐκκλησίας
1498 4493 1744 4560 ὑμνήσω

1844 4524 1955 4563 rem
1991 4519 2043 4563 et
2077 4509 2299 4578 gloriam
2316 4534 2324 4542 -
2342 4518 2484 4562 tuam
2508 4488 2884 4562 concinnatur.
2911 4505 3049 4570 Quia
3079 4522 3133 4558 os
3157 4497 3383 4571 peccato-

198 4595 292 4635 σε.
319 4582 381 4635 Οί
404 4581 461 4668 δξ
488 4582 567 4644 είς
586 4580 805 4635 θάνατον
831 4580 977 4651 αὐτῷ
998 4580 1433 4656 ἐπιϐουλεύοντες
1459 4584 1747 4651 κατασιγά-

199 4687 293 4725 σαι
317 4673 518 4742 ταύτην
539 4672 707 4743 αὐτὴν
721 4671 819 4741 τὴν
839 4672 1037 4735 αίνεσιν
1053 4674 1145 4725 καὶ
1158 4672 1570 4741 κατασιωπῆσαι
1593 4688 1748 4726 σπου-

198 4762 296 4834 δὴν
323 4762 619 4819 ἐποιοῦντο.
662 4762 820 4816 Ἀλλά
869 4763 953 4826 σὺ,
979 4763 1159 4831 φησὶν,
1204 4757 1249 4814 ὦ
1285 4760 1482 4835 Πάτερ,
1514 4760 1586 4833 μὴ
1617 4779 1745 4831 συγ-

200 4854 454 4925 χωρήσῃς
475 4852 915 4921 ἀποσιωπηθῆναι
930 4852 1026 4920 τὴν
1051 4849 1252 4903 αῖνεσίν
1278 4867 1400 4919 μου,
1423 4850 1519 4921 τὴν
1551 4853 1629 4914 είς
1647 4853 1745 4922 τὴν

200 4941 298 5012 σὴν
350 4939 512 5010 τιμὴν
562 4942 654 4994 καὶ
697 4941 848 5006 δόξαν
892 4938 1339 5009 σπουδαζομένην.
1391 4942 1516 4995 Ὅτι
1554 4943 1745 5011 στόμα

200 5026 547 5097 ἁμαρτωλοῦ
606 5028 703 5081 καί
743 5030 933 5097 στόμα
968 5028 1170 5081 δολίου
1201 5027 1292 5080 ἐπ’
1324 5028 1427 5096 ἐμὲ
1470 5028 1736 5097 ἠνοίχθη.

1846 4597 1919 4651 ris
1957 4607 2006 4651 et
2051 4614 2108 4651 os
2156 4598 2326 4651 dolosi
2377 4611 2530 4667 super
2550 4612 2630 4650 me
2656 4605 2890 4666 apertum
2938 4603 3032 4647 est.
3084 4591 3156 4646 Os
3211 4600 3385 4644 autem

1843 4689 2141 4756 peccatoris
2185 4697 2239 4742 et
2268 4698 2353 4761 pos
2378 4686 2553 4740 dolosi
2592 4686 2935 4755 potissimum
2968 4692 3085 4747 erat
3121 4698 3182 4737 os
3209 4679 3389 4734 Phari-
3446 4710 3449 4713 λ

1843 4792 2071 4830 saaorum
2109 4785 2179 4831 et-
2209 4774 2541 4838 Scribarum,
2578 4776 2670 4845 qui
2712 4790 2834 4829 cum
2891 4772 3162 4845 hypocrisi
3216 4771 3388 4838 ipsum

1850 4858 2159 4929 Magistrum
2204 4870 2257 4913 et
2307 4859 2477 4913 Rabbi
2531 4854 2824 4925 vocabant;
2876 4856 3175 4928 praesertim
3211 4862 3386 4905 autem

1846 4948 2015 5013 Judae,
2048 4951 2138 5019 qui
2194 4948 2529 5005 Salvaterem
2584 4959 2636 5003 el
2678 4949 2958 5003 Dominum
3011 4958 3168 5002 suum
3205 4941 3389 4995 osculo

1847 5037 2101 5105 prodidit.

202 5120 384 5190 Στόμα
430 5118 487 5171 δὲ
526 5112 842 5189 ἀμαρτωλοῦ
871 5122 964 5175 καὶ
990 5133 1158 5193 στόμα
1190 5120 1361 5174 δολίου
1393 5121 1621 5190 μάλιστα
1647 5126 1744 5194 μὲν
1775 5124 1865 5183 καὶ
1888 5134 1992 5184 πᾶν
2017 5134 2076 5184 τὸ
2098 5132 2202 5185 τῶν
2222 5134 2521 5205 Φαρισαίων
2559 5135 2651 5187 καὶ
2688 5127 3060 5203 Γραμματέων
3109 5124 3382 5192 ἐτύγχανε-

202 5214 309 5266 τῶν
350 5210 466 5283 μεθ’
514 5205 845 5282 ύποκρίσεως
916 5216 1074 5269 αὐτὸν
1118 5214 1434 5269 Διδάσκαλον
1477 5219 1570 5269 καὶ
1616 5219 1801 5278 Ῥαϐϐὶ
1854 5226 2286 5290 ἀποκαλούντων,
2343 5225 2627 5299 ἐξαιρέτως
2672 5224 2735 5277 ,δὲ
2782 5224 2874 5279 τοῦ
2936 5220 3139 5289 Ἰούδα,
3194 5217 3250 5287 ὃς
3302 5216 3383 5273 τοι.

204 5306 399 5359 ἑαυτοῦ
422 5306 645 5377 Σωτῆρα
670 5308 763 5360 καὶ
790 5309 989 5379 Κύριον
1026 5311 1287 5381 φιλήματι
1314 5310 1608 5380 προεδίδου.
1634 5362 1635 5365 η

288 5425 628 5495 Ἕλάλησαν
661 5426 783 5482 κατ’
809 5424 953 5495 ἐμοῦ
980 5428 1225 5498 γλώσσῃ
1265 5429 1458 5496 δολία,
1512 5432 1611 5485 καὶ
1657 5436 1751 5487 λό-

206 5530 331 5582 γοις
354 5514 574 5584 μίσους
600 5516 947 5572 ἐκύκλωσόν
986 5536 1085 5587 με,
1128 5521 1241 5574 καὶ·
1265 5521 1646 5591 ἐπσλέμησάν
1674 5544 1751 5593 με

206 5604 455 5675 δωρεάν.
494 5607 638 5667 Ἀντί
666 5610 771 5669 τοῦ
817 5609 1049 5678 ἀγαπᾷν
1092 5629 1167 5680 με
1211 5613 1593 5668 ἐνδιέϐαλλόν
1642 5634 1747 5687 με·

366 5759 485 5815 Act.
522 5775 557 5821 I,
593 5761 680 5811 ΞΟ.
756 5764 799 5797 ⁸⁵
842 5764 952 5820 Psal
1018 5783 1112 5839 xx;
1172 5767 1239 5820 1'5

1924 5434 2081 5490 Vens.
2118 5436 2170 5488 4.
2206 5434 2389 5488 Loculi
2420 5444 2537 5490 sunt
2566 5433 2835 5518 adversum
2873 5447 2949 5485 me
2982 5431 3158 5497 lingua
3186 5426 3365 5483 dolosa

1853 5535 1900 5579 et
1931 5525 2249 5579 sermonibus
2289 5526 2397 5579 odii
2444 5523 2885 5577 circumdederunt
2922 5534 3018 5582 me,
3049 5525 3096 5570 el
3126 5531 3390 5585 oppugna-

1856 5625 2032 5677 verunt
2062 5633 2139 5672 me
2171 5619 2356 5688 gratis.
2390 5591 2495 5669 Pro
2526 5632 2583 5669 eo
2612 5624 2668 5666 ut
2699 5630 2778 5667 me
2821 5611 3113 5681 diligerent,
3154 5603 3388 5662 detrahe-
