  <div class='ocr_page' id='page_1' title='image "/cluster/home/n/w/nwhite01/storage/ocr_20150623/23/pst.000005712076/675.png"; bbox 0 0 3950 6350; ppageno 0'>
   <div class='ocr_carea' id='block_1_1' title="bbox 713 451 839 506">
    <p class='ocr_par' dir='ltr' id='par_1_1' title="bbox 713 451 839 506">
     <span class='ocr_line' id='line_1_1' title="bbox 713 451 839 506; baseline 0.024 -3"><span class='ocrx_word' id='word_1_1' title='bbox 713 451 839 506; x_wconf 74' lang='grc'><strong>1555</strong></span> 
     </span>
    </p>
   </div>
   <div class='ocr_carea' id='block_1_2' title="bbox 1347 453 3175 517">
    <p class='ocr_par' dir='ltr' id='par_1_2' title="bbox 1347 453 3175 517">
     <span class='ocr_line' id='line_1_2' title="bbox 1347 453 3175 517; baseline 0.005 -12"><span class='ocrx_word' id='word_1_2' title='bbox 1347 453 1604 508; x_wconf 78' lang='lat' dir='ltr'><strong>EUSEB&quot;</strong></span> <span class='ocrx_word' id='word_1_3' title='bbox 1642 455 2107 515; x_wconf 63' lang='lat' dir='ltr'><strong>CESARIENSIS</strong></span> <span class='ocrx_word' id='word_1_4' title='bbox 2141 458 2286 516; x_wconf 87' lang='lat' dir='ltr'><strong>OPP.</strong></span> <span class='ocrx_word' id='word_1_5' title='bbox 2329 460 2504 516; x_wconf 79' lang='lat' dir='ltr'><strong>PARS</strong></span> <span class='ocrx_word' id='word_1_6' title='bbox 2539 461 2602 516; x_wconf 85' lang='lat' dir='ltr'><strong>Ill</strong></span> <span class='ocrx_word' id='word_1_7' title='bbox 2626 504 2637 517; x_wconf 97' lang='lat'><strong>.</strong></span> <span class='ocrx_word' id='word_1_8' title='bbox 2678 489 2744 500; x_wconf 84' lang='lat'><strong>—-</strong></span> <span class='ocrx_word' id='word_1_9' title='bbox 2781 459 3175 515; x_wconf 78' lang='lat' dir='ltr'><strong>EXEGETICA.</strong></span> 
     </span>
    </p>
   </div>
   <div class='ocr_carea' id='block_1_3' title="bbox 3730 459 3830 514">
    <p class='ocr_par' dir='ltr' id='par_1_3' title="bbox 3730 459 3830 514">
     <span class='ocr_line' id='line_1_3' title="bbox 3730 459 3830 514; baseline 0 0"><span class='ocrx_word' id='word_1_10' title='bbox 3730 459 3830 514; x_wconf 52' lang='lat' dir='ltr'><strong>lﬁ</strong></span> 
     </span>
    </p>
   </div>
   <div class='ocr_carea' id='block_1_4' title="bbox 705 563 2226 639">
    <p class='ocr_par' dir='ltr' id='par_1_4' title="bbox 705 563 2226 634">
     <span class='ocr_line' id='line_1_4' title="bbox 705 563 2226 634; baseline 0.003 -18"><span class='ocrx_word' id='word_1_11' title='bbox 705 564 822 617; x_wconf 79' lang='lat' dir='ltr'><strong>bant</strong></span> <span class='ocrx_word' id='word_1_12' title='bbox 859 563 1023 616; x_wconf 82' lang='lat' dir='ltr'><strong>mihi:</strong></span> <span class='ocrx_word' id='word_1_13' title='bbox 1055 580 1143 634; x_wconf 83' lang='lat' dir='ltr'><strong>ego</strong></span> <span class='ocrx_word' id='word_1_14' title='bbox 1167 574 1333 618; x_wconf 88' lang='lat' dir='ltr'><strong>autem</strong></span> <span class='ocrx_word' id='word_1_15' title='bbox 1356 567 1588 620; x_wconf 85' lang='lat' dir='ltr'><strong>orabam.</strong></span> <span class='ocrx_word' id='word_1_16' title='bbox 1625 566 1754 619; x_wconf 81' lang='lat' dir='ltr'><strong>Cum</strong></span> <span class='ocrx_word' id='word_1_17' title='bbox 1783 568 1924 621; x_wconf 91' lang='lat' dir='ltr'><strong>enim</strong></span> <span class='ocrx_word' id='word_1_18' title='bbox 1949 567 2120 631; x_wconf 87' lang='lat' dir='ltr'><strong>illum,</strong></span> <span class='ocrx_word' id='word_1_19' title='bbox 2145 577 2226 621; x_wconf 89' lang='lat' dir='ltr'><strong>ut-</strong></span> 
     </span>
    </p>
   </div>
   <div class='ocr_carea' id='block_1_5' title="bbox 2323 563 3830 639">
    <p class='ocr_par' dir='ltr' id='par_1_5' title="bbox 2327 566 3830 639">
     <span class='ocr_line' id='line_1_5' title="bbox 2327 566 3830 639; baseline -0.002 -16"><span class='ocrx_word' id='word_1_20' title='bbox 2327 570 2438 639; x_wconf 78' lang='grc' dir='ltr'><strong>ὲτὼ</strong></span> <span class='ocrx_word' id='word_1_21' title='bbox 2501 570 2567 623; x_wconf 83' lang='grc' dir='ltr'>δὲ</span> <span class='ocrx_word' id='word_1_22' title='bbox 2613 571 3054 638; x_wconf 82' lang='grc' dir='ltr'>προσηυχόμην.</span> <span class='ocrx_word' id='word_1_23' title='bbox 3087 568 3212 620; x_wconf 87' lang='grc' dir='ltr'><strong>Δέον</strong></span> <span class='ocrx_word' id='word_1_24' title='bbox 3245 573 3352 638; x_wconf 84' lang='grc' dir='ltr'><strong>γὰρ</strong></span> <span class='ocrx_word' id='word_1_25' title='bbox 3373 566 3592 636; x_wconf 80' lang='grc' dir='ltr'>αγαπᾷν</span> <span class='ocrx_word' id='word_1_26' title='bbox 3618 567 3687 629; x_wconf 79' lang='grc' dir='ltr'>ὡς</span> <span class='ocrx_word' id='word_1_27' title='bbox 3720 570 3830 638; x_wconf 74' lang='grc' dir='ltr'>εὐερ-</span> 
     </span>
    </p>
   </div>
   <div class='ocr_carea' id='block_1_6' title="bbox 704 652 2224 730">
    <p class='ocr_par' dir='ltr' id='par_1_6' title="bbox 704 652 2224 730">
     <span class='ocr_line' id='line_1_6' title="bbox 704 652 2224 730; baseline 0.007 -26"><span class='ocrx_word' id='word_1_28' title='bbox 704 662 822 724; x_wconf 92' lang='lat' dir='ltr'><strong>pote</strong></span> <span class='ocrx_word' id='word_1_29' title='bbox 849 652 1170 730; x_wconf 75' lang='lat' dir='ltr'><strong>beneﬁcum,</strong></span> <span class='ocrx_word' id='word_1_30' title='bbox 1194 669 1256 708; x_wconf 89' lang='lat' dir='ltr'><strong>ac</strong></span> <span class='ocrx_word' id='word_1_31' title='bbox 1284 671 1390 708; x_wconf 90' lang='lat' dir='ltr'><strong>non</strong></span> <span class='ocrx_word' id='word_1_32' title='bbox 1417 670 1697 725; x_wconf 80' lang='lat' dir='ltr'><strong>corporum</strong></span> <span class='ocrx_word' id='word_1_33' title='bbox 1737 658 1913 722; x_wconf 90' lang='lat' dir='ltr'><strong>modo,</strong></span> <span class='ocrx_word' id='word_1_34' title='bbox 1947 659 2036 713; x_wconf 88' lang='lat' dir='ltr'><strong>sed</strong></span> <span class='ocrx_word' id='word_1_35' title='bbox 2065 661 2224 714; x_wconf 84' lang='lat' dir='ltr'><strong>etiam</strong></span> 
     </span>
    </p>
   </div>
   <div class='ocr_carea' id='block_1_7' title="bbox 703 743 2225 814">
    <p class='ocr_par' dir='ltr' id='par_1_7' title="bbox 703 743 2225 814">
     <span class='ocr_line' id='line_1_7' title="bbox 703 743 2225 814; baseline 0.004 -16"><span class='ocrx_word' id='word_1_36' title='bbox 703 743 998 798; x_wconf 75' lang='lat' dir='ltr'><strong>animarum</strong></span> <span class='ocrx_word' id='word_1_37' title='bbox 1027 744 1292 799; x_wconf 91' lang='lat' dir='ltr'><strong>medicum</strong></span> <span class='ocrx_word' id='word_1_38' title='bbox 1327 744 1544 814; x_wconf 83' lang='lat' dir='ltr'><strong>diligere</strong></span> <span class='ocrx_word' id='word_1_39' title='bbox 1573 746 1903 813; x_wconf 74' lang='lat' dir='ltr'><strong>debuissent,</strong></span> <span class='ocrx_word' id='word_1_40' title='bbox 1930 749 2004 802; x_wconf 90' lang='lat' dir='ltr'><strong>illi</strong></span> <span class='ocrx_word' id='word_1_41' title='bbox 2039 758 2225 804; x_wconf 89' lang='lat' dir='ltr'><strong>contra</strong></span> 
     </span>
    </p>
   </div>
   <div class='ocr_carea' id='block_1_8' title="bbox 702 831 1780 887">
    <p class='ocr_par' dir='ltr' id='par_1_8' title="bbox 702 831 1780 887">
     <span class='ocr_line' id='line_1_8' title="bbox 702 831 1780 887; baseline 0.004 -5"><span class='ocrx_word' id='word_1_42' title='bbox 702 831 996 887; x_wconf 71' lang='lat' dir='ltr'><strong>calumnias</strong></span> <span class='ocrx_word' id='word_1_43' title='bbox 1022 833 1280 886; x_wconf 86' lang='lat' dir='ltr'><strong>adversus</strong></span> <span class='ocrx_word' id='word_1_44' title='bbox 1310 848 1429 886; x_wconf 88' lang='lat' dir='ltr'><strong>eum</strong></span> <span class='ocrx_word' id='word_1_45' title='bbox 1460 833 1780 887; x_wconf 82' lang='lat' dir='ltr'><strong>conﬂabant.</strong></span> 
     </span>
    </p>
   </div>
   <div class='ocr_carea' id='block_1_9' title="bbox 766 918 2225 992">
    <p class='ocr_par' dir='ltr' id='par_1_9' title="bbox 766 918 2225 992">
     <span class='ocr_line' id='line_1_9' title="bbox 766 918 2225 992; baseline 0.002 -20"><span class='ocrx_word' id='word_1_46' title='bbox 766 918 925 976; x_wconf 73' lang='lat' dir='ltr'><strong>Vens.</strong></span> <span class='ocrx_word' id='word_1_47' title='bbox 959 922 1011 976; x_wconf 80' lang='grc'><strong>5.</strong></span> <span class='ocrx_word' id='word_1_48' title='bbox 1043 921 1148 975; x_wconf 88' lang='lat' dir='ltr'><strong>Pro</strong></span> <span class='ocrx_word' id='word_1_49' title='bbox 1169 937 1224 974; x_wconf 87' lang='lat' dir='ltr'><strong>eo</strong></span> <span class='ocrx_word' id='word_1_50' title='bbox 1251 931 1305 974; x_wconf 90' lang='lat' dir='ltr'><strong>ut</strong></span> <span class='ocrx_word' id='word_1_51' title='bbox 1327 938 1403 975; x_wconf 87' lang='lat' dir='ltr'><strong>me</strong></span> <span class='ocrx_word' id='word_1_52' title='bbox 1421 921 2040 992; x_wconf 81' lang='lat' dir='ltr'><strong>diligerent,detrahebant</strong></span> <span class='ocrx_word' id='word_1_53' title='bbox 2063 926 2186 979; x_wconf 82' lang='lat' dir='ltr'><strong>mihi</strong></span> <span class='ocrx_word' id='word_1_54' title='bbox 2209 939 2225 976; x_wconf 94' lang='lat'><strong><em>:</em></strong></span> 
     </span>
    </p>
   </div>
   <div class='ocr_carea' id='block_1_10' title="bbox 700 1011 2228 1080">
    <p class='ocr_par' dir='ltr' id='par_1_10' title="bbox 700 1011 2228 1080">
     <span class='ocr_line' id='line_1_10' title="bbox 700 1011 2228 1080; baseline 0.004 -18"><span class='ocrx_word' id='word_1_55' title='bbox 700 1025 786 1079; x_wconf 85' lang='lat' dir='ltr'><strong>ego</strong></span> <span class='ocrx_word' id='word_1_56' title='bbox 815 1020 983 1065; x_wconf 82' lang='lat' dir='ltr'><strong>autem</strong></span> <span class='ocrx_word' id='word_1_57' title='bbox 1012 1012 1243 1065; x_wconf 87' lang='lat' dir='ltr'><strong>orabam.</strong></span> <span class='ocrx_word' id='word_1_58' title='bbox 1281 1011 1346 1064; x_wconf 88' lang='lat' dir='ltr'><strong>Et</strong></span> <span class='ocrx_word' id='word_1_59' title='bbox 1371 1023 1647 1080; x_wconf 85' lang='lat' dir='ltr'><strong>posuerunt</strong></span> <span class='ocrx_word' id='word_1_60' title='bbox 1669 1015 1937 1067; x_wconf 85' lang='lat' dir='ltr'><strong>adversum</strong></span> <span class='ocrx_word' id='word_1_61' title='bbox 1975 1032 2054 1069; x_wconf 89' lang='lat' dir='ltr'><strong>me</strong></span> <span class='ocrx_word' id='word_1_62' title='bbox 2088 1016 2228 1068; x_wconf 90' lang='lat' dir='ltr'><strong>mala</strong></span> 
     </span>
    </p>
   </div>
   <div class='ocr_carea' id='block_1_11' title="bbox 699 1101 2228 1174">
    <p class='ocr_par' dir='ltr' id='par_1_11' title="bbox 699 1101 2228 1174">
     <span class='ocr_line' id='line_1_11' title="bbox 699 1101 2228 1174; baseline 0.006 -20"><span class='ocrx_word' id='word_1_63' title='bbox 699 1117 790 1168; x_wconf 79' lang='lat' dir='ltr'><strong>pro</strong></span> <span class='ocrx_word' id='word_1_64' title='bbox 819 1101 985 1164; x_wconf 87' lang='lat' dir='ltr'><strong>bonis,</strong></span> <span class='ocrx_word' id='word_1_65' title='bbox 1023 1112 1070 1155; x_wconf 91' lang='lat' dir='ltr'><strong>et</strong></span> <span class='ocrx_word' id='word_1_66' title='bbox 1106 1103 1279 1154; x_wconf 90' lang='lat' dir='ltr'><strong>odium</strong></span> <span class='ocrx_word' id='word_1_67' title='bbox 1311 1119 1403 1170; x_wconf 88' lang='lat' dir='ltr'><strong>pro</strong></span> <span class='ocrx_word' id='word_1_68' title='bbox 1445 1103 1716 1168; x_wconf 75' lang='lat' dir='ltr'><strong>dilectione</strong></span> <span class='ocrx_word' id='word_1_69' title='bbox 1746 1120 1856 1156; x_wconf 90' lang='lat' dir='ltr'><strong>mea</strong></span> <span class='ocrx_word' id='word_1_70' title='bbox 1889 1121 1905 1157; x_wconf 90' lang='lat'><strong><em>:</em></strong></span> <span class='ocrx_word' id='word_1_71' title='bbox 1936 1104 2228 1174; x_wconf 85' lang='lat' dir='ltr'><strong>discipulos</strong></span> 
     </span>
    </p>
   </div>
   <div class='ocr_carea' id='block_1_12' title="bbox 700 1193 2225 1262">
    <p class='ocr_par' dir='ltr' id='par_1_12' title="bbox 700 1193 2225 1262">
     <span class='ocr_line' id='line_1_12' title="bbox 700 1193 2225 1262; baseline 0.003 -18"><span class='ocrx_word' id='word_1_72' title='bbox 700 1205 846 1246; x_wconf 90' lang='lat' dir='ltr'><strong>meos</strong></span> <span class='ocrx_word' id='word_1_73' title='bbox 874 1198 1078 1246; x_wconf 89' lang='lat' dir='ltr'><strong>tantum</strong></span> <span class='ocrx_word' id='word_1_74' title='bbox 1103 1208 1207 1246; x_wconf 91' lang='lat' dir='ltr'><strong>non</strong></span> <span class='ocrx_word' id='word_1_75' title='bbox 1232 1208 1390 1262; x_wconf 88' lang='lat' dir='ltr'><strong>opere</strong></span> <span class='ocrx_word' id='word_1_76' title='bbox 1408 1193 1607 1247; x_wconf 86' lang='lat' dir='ltr'><strong>docens</strong></span> <span class='ocrx_word' id='word_1_77' title='bbox 1629 1194 1813 1261; x_wconf 85' lang='lat' dir='ltr'><strong>quales</strong></span> <span class='ocrx_word' id='word_1_78' title='bbox 1839 1209 1957 1248; x_wconf 82' lang='lat' dir='ltr'><strong>esse</strong></span> <span class='ocrx_word' id='word_1_79' title='bbox 1979 1196 2225 1256; x_wconf 89' lang='lat' dir='ltr'><strong>debeant,</strong></span> 
     </span>
    </p>
   </div>
   <div class='ocr_carea' id='block_1_13' title="bbox 699 1281 2226 1354">
    <p class='ocr_par' dir='ltr' id='par_1_13' title="bbox 699 1281 2226 1354">
     <span class='ocr_line' id='line_1_13' title="bbox 699 1281 2226 1354; baseline 0.003 -19"><span class='ocrx_word' id='word_1_80' title='bbox 699 1281 743 1335; x_wconf 89' lang='lat' dir='ltr'><strong>si</strong></span> <span class='ocrx_word' id='word_1_81' title='bbox 777 1282 990 1351; x_wconf 81' lang='lat' dir='ltr'><strong>quando</strong></span> <span class='ocrx_word' id='word_1_82' title='bbox 1032 1283 1086 1344; x_wconf 86' lang='lat' dir='ltr'><strong>in</strong></span> <span class='ocrx_word' id='word_1_83' title='bbox 1134 1284 1280 1354; x_wconf 85' lang='lat' dir='ltr'><strong>paria</strong></span> <span class='ocrx_word' id='word_1_84' title='bbox 1327 1281 1584 1337; x_wconf 77' lang='lat' dir='ltr'><strong>incidant.</strong></span> <span class='ocrx_word' id='word_1_85' title='bbox 1617 1282 1750 1348; x_wconf 87' lang='lat' dir='ltr'><strong>Quia</strong></span> <span class='ocrx_word' id='word_1_86' title='bbox 1796 1299 1923 1337; x_wconf 85' lang='lat' dir='ltr'><strong>vero</strong></span> <span class='ocrx_word' id='word_1_87' title='bbox 1950 1285 2003 1336; x_wconf 91' lang='lat' dir='ltr'><strong>in</strong></span> <span class='ocrx_word' id='word_1_88' title='bbox 2051 1286 2226 1340; x_wconf 88' lang='lat' dir='ltr'><strong>medio</strong></span> 
     </span>
    </p>
   </div>
   <div class='ocr_carea' id='block_1_14' title="bbox 701 1371 2226 1442">
    <p class='ocr_par' dir='ltr' id='par_1_14' title="bbox 701 1371 2226 1442">
     <span class='ocr_line' id='line_1_14' title="bbox 701 1371 2226 1442; baseline 0.003 -17"><span class='ocrx_word' id='word_1_89' title='bbox 701 1371 913 1434; x_wconf 83' lang='lat' dir='ltr'><strong>dicitur,</strong></span> <span class='ocrx_word' id='word_1_90' title='bbox 946 1371 1053 1441; x_wconf 85' lang='lat' dir='ltr'><strong>Ego</strong></span> <span class='ocrx_word' id='word_1_91' title='bbox 1092 1383 1260 1426; x_wconf 89' lang='lat' dir='ltr'><strong>autem</strong></span> <span class='ocrx_word' id='word_1_92' title='bbox 1308 1373 1539 1435; x_wconf 89' lang='lat' dir='ltr'><strong>orabam,</strong></span> <span class='ocrx_word' id='word_1_93' title='bbox 1570 1373 1662 1428; x_wconf 84' lang='lat' dir='ltr'><strong>sed</strong></span> <span class='ocrx_word' id='word_1_94' title='bbox 1703 1388 1945 1442; x_wconf 65' lang='lat' dir='ltr'><strong>quaenam</strong></span> <span class='ocrx_word' id='word_1_95' title='bbox 1997 1388 2094 1442; x_wconf 91' lang='lat' dir='ltr'><strong>pro</strong></span> <span class='ocrx_word' id='word_1_96' title='bbox 2122 1375 2226 1431; x_wconf 83' lang='lat' dir='ltr'><strong>illis</strong></span> 
     </span>
    </p>
   </div>
   <div class='ocr_carea' id='block_1_15' title="bbox 700 1461 2224 1531">
    <p class='ocr_par' dir='ltr' id='par_1_15' title="bbox 700 1461 2224 1531">
     <span class='ocr_line' id='line_1_15' title="bbox 700 1461 2224 1531; baseline 0.003 -19"><span class='ocrx_word' id='word_1_97' title='bbox 700 1468 1011 1529; x_wconf 79' lang='lat' dir='ltr'><strong>precaretur</strong></span> <span class='ocrx_word' id='word_1_98' title='bbox 1042 1463 1242 1530; x_wconf 89' lang='lat' dir='ltr'><strong>scripto</strong></span> <span class='ocrx_word' id='word_1_99' title='bbox 1275 1476 1379 1513; x_wconf 90' lang='lat' dir='ltr'><strong>non</strong></span> <span class='ocrx_word' id='word_1_100' title='bbox 1411 1461 1671 1514; x_wconf 90' lang='lat' dir='ltr'><strong>traditur:</strong></span> <span class='ocrx_word' id='word_1_101' title='bbox 1704 1463 1967 1531; x_wconf 85' lang='lat' dir='ltr'><strong>quispiam</strong></span> <span class='ocrx_word' id='word_1_102' title='bbox 2005 1478 2111 1518; x_wconf 93' lang='lat' dir='ltr'><strong>non</strong></span> <span class='ocrx_word' id='word_1_103' title='bbox 2140 1463 2224 1517; x_wconf 89' lang='lat' dir='ltr'><strong>in-</strong></span> 
     </span>
    </p>
   </div>
   <div class='ocr_carea' id='block_1_16' title="bbox 698 1548 2226 1622">
    <p class='ocr_par' dir='ltr' id='par_1_16' title="bbox 698 1548 2226 1622">
     <span class='ocr_line' id='line_1_16' title="bbox 698 1548 2226 1622; baseline 0.005 -21"><span class='ocrx_word' id='word_1_104' title='bbox 698 1548 974 1604; x_wconf 90' lang='lat' dir='ltr'><strong>commode</strong></span> <span class='ocrx_word' id='word_1_105' title='bbox 1013 1549 1223 1614; x_wconf 82' lang='lat' dir='ltr'><strong>dixerit,</strong></span> <span class='ocrx_word' id='word_1_106' title='bbox 1258 1551 1428 1620; x_wconf 89' lang='lat' dir='ltr'><strong>ipsum</strong></span> <span class='ocrx_word' id='word_1_107' title='bbox 1474 1553 1583 1607; x_wconf 81' lang='lat' dir='ltr'><strong>haec</strong></span> <span class='ocrx_word' id='word_1_108' title='bbox 1616 1568 1733 1622; x_wconf 64' lang='lat' dir='ltr'><strong>quae</strong></span> <span class='ocrx_word' id='word_1_109' title='bbox 1771 1553 1948 1620; x_wconf 88' lang='lat' dir='ltr'><strong>jacent</strong></span> <span class='ocrx_word' id='word_1_110' title='bbox 1994 1568 2090 1622; x_wconf 92' lang='lat' dir='ltr'><strong>pro</strong></span> <span class='ocrx_word' id='word_1_111' title='bbox 2122 1554 2226 1608; x_wconf 86' lang='lat' dir='ltr'><strong>illis</strong></span> 
     </span>
    </p>
   </div>
   <div class='ocr_carea' id='block_1_17' title="bbox 696 1636 2227 1711">
    <p class='ocr_par' dir='ltr' id='par_1_17' title="bbox 696 1636 2227 1711">
     <span class='ocr_line' id='line_1_17' title="bbox 696 1636 2227 1711; baseline 0.005 -22"><span class='ocrx_word' id='word_1_112' title='bbox 696 1636 859 1690; x_wconf 87' lang='lat' dir='ltr'><strong>etiam</strong></span> <span class='ocrx_word' id='word_1_113' title='bbox 913 1646 1182 1711; x_wconf 89' lang='lat' dir='ltr'><strong>precatum</strong></span> <span class='ocrx_word' id='word_1_114' title='bbox 1215 1655 1354 1704; x_wconf 90' lang='lat' dir='ltr'><strong>csse,</strong></span> <span class='ocrx_word' id='word_1_115' title='bbox 1401 1657 1517 1710; x_wconf 72' lang='lat' dir='ltr'><strong>qua:</strong></span> <span class='ocrx_word' id='word_1_116' title='bbox 1555 1641 1810 1696; x_wconf 68' lang='lat' dir='ltr'><strong>doctrina:</strong></span> <span class='ocrx_word' id='word_1_117' title='bbox 1844 1641 2008 1710; x_wconf 87' lang='lat' dir='ltr'><strong>ipsius</strong></span> <span class='ocrx_word' id='word_1_118' title='bbox 2053 1643 2227 1696; x_wconf 84' lang='lat' dir='ltr'><strong>allinia</strong></span> 
     </span>
    </p>
   </div>
   <div class='ocr_carea' id='block_1_18' title="bbox 696 1725 2226 1796">
    <p class='ocr_par' dir='ltr' id='par_1_18' title="bbox 696 1725 2226 1796">
     <span class='ocr_line' id='line_1_18' title="bbox 696 1725 2226 1796; baseline 0.001 -18"><span class='ocrx_word' id='word_1_119' title='bbox 696 1731 850 1778; x_wconf 75' lang='lat' dir='ltr'><strong>erant</strong></span> <span class='ocrx_word' id='word_1_120' title='bbox 878 1725 1102 1780; x_wconf 85' lang='lat' dir='ltr'><strong>dicentis</strong></span> <span class='ocrx_word' id='word_1_121' title='bbox 1129 1726 1318 1782; x_wconf 88' lang='lat' dir='ltr'><strong>:Orate</strong></span> <span class='ocrx_word' id='word_1_122' title='bbox 1352 1745 1443 1796; x_wconf 92' lang='lat' dir='ltr'><strong>pro</strong></span> <span class='ocrx_word' id='word_1_123' title='bbox 1471 1729 1772 1782; x_wconf 66' lang='lat' dir='ltr'><strong>laedentibus</strong></span> <span class='ocrx_word' id='word_1_124' title='bbox 1804 1737 1852 1782; x_wconf 91' lang='lat' dir='ltr'><strong>et</strong></span> <span class='ocrx_word' id='word_1_125' title='bbox 1887 1731 2226 1796; x_wconf 87' lang='lat' dir='ltr'><strong>persequenti-</strong></span> 
     </span>
    </p>
   </div>
   <div class='ocr_carea' id='block_1_19' title="bbox 699 1810 2224 1886">
    <p class='ocr_par' dir='ltr' id='par_1_19' title="bbox 699 1810 2224 1886">
     <span class='ocr_line' id='line_1_19' title="bbox 699 1810 2224 1886; baseline 0.006 -22"><span class='ocrx_word' id='word_1_126' title='bbox 699 1812 793 1866; x_wconf 88' lang='lat' dir='ltr'><strong>bus</strong></span> <span class='ocrx_word' id='word_1_127' title='bbox 823 1829 908 1867; x_wconf 79' lang='lat' dir='ltr'><strong>vos</strong></span> <span class='ocrx_word' id='word_1_128' title='bbox 931 1814 995 1869; x_wconf 85' lang='grc'><strong>⁸⁷.</strong></span> <span class='ocrx_word' id='word_1_129' title='bbox 1047 1814 1112 1868; x_wconf 88' lang='lat' dir='ltr'><strong>Et</strong></span> <span class='ocrx_word' id='word_1_130' title='bbox 1153 1826 1438 1884; x_wconf 85' lang='lat' dir='ltr'><strong>posuerunt</strong></span> <span class='ocrx_word' id='word_1_131' title='bbox 1469 1817 1736 1871; x_wconf 84' lang='lat' dir='ltr'><strong>adversum</strong></span> <span class='ocrx_word' id='word_1_132' title='bbox 1762 1833 1840 1871; x_wconf 90' lang='lat' dir='ltr'><strong>me</strong></span> <span class='ocrx_word' id='word_1_133' title='bbox 1857 1810 2104 1886; x_wconf 31' lang='lat' dir='ltr'><strong>mala-pro</strong></span> <span class='ocrx_word' id='word_1_134' title='bbox 2134 1818 2224 1874; x_wconf 84' lang='lat' dir='ltr'><strong>bo-</strong></span> 
     </span>
    </p>
   </div>
   <div class='ocr_carea' id='block_1_20' title="bbox 2325 657 3830 732">
    <p class='ocr_par' dir='ltr' id='par_1_20' title="bbox 2325 657 3830 732">
     <span class='ocr_line' id='line_1_20' title="bbox 2325 657 3830 732; baseline -0.003 -18"><span class='ocrx_word' id='word_1_135' title='bbox 2325 663 2503 732; x_wconf 81' lang='grc' dir='ltr'>γέτην,</span> <span class='ocrx_word' id='word_1_136' title='bbox 2553 661 2643 713; x_wconf 72' lang='grc' dir='ltr'>καὶ</span> <span class='ocrx_word' id='word_1_137' title='bbox 2691 661 2762 730; x_wconf 80' lang='grc' dir='ltr'><strong>μὴ</strong></span> <span class='ocrx_word' id='word_1_138' title='bbox 2796 661 2949 729; x_wconf 88' lang='grc' dir='ltr'>μόνον</span> <span class='ocrx_word' id='word_1_139' title='bbox 2989 661 3094 712; x_wconf 85' lang='grc' dir='ltr'>τῶν</span> <span class='ocrx_word' id='word_1_140' title='bbox 3137 660 3421 730; x_wconf 82' lang='grc' dir='ltr'>σωμάτων,</span> <span class='ocrx_word' id='word_1_141' title='bbox 3467 657 3605 711; x_wconf 76' lang='grc' dir='ltr'>ἀλλὰ</span> <span class='ocrx_word' id='word_1_142' title='bbox 3636 660 3722 711; x_wconf 75' lang='grc' dir='ltr'><strong>καὶ</strong></span> 
     </span>
    </p>
   </div>
   <div class='ocr_carea' id='block_1_21' title="bbox 2322 747 3831 828">
    <p class='ocr_par' dir='ltr' id='par_1_21' title="bbox 2322 747 3831 828">
     <span class='ocr_line' id='line_1_21' title="bbox 2322 747 3831 828; baseline -0.001 -24"><span class='ocrx_word' id='word_1_143' title='bbox 2322 751 2504 828; x_wconf 71' lang='grc' dir='ltr'>ψυχῶν</span> <span class='ocrx_word' id='word_1_144' title='bbox 2541 750 2716 819; x_wconf 76' lang='grc' dir='ltr'>ἰατρόν</span> <span class='ocrx_word' id='word_1_145' title='bbox 2735 766 2748 779; x_wconf 87' lang='grc'><strong>·</strong></span> <span class='ocrx_word' id='word_1_146' title='bbox 2779 749 2826 800; x_wconf 86' lang='grc' dir='ltr'>οί</span> <span class='ocrx_word' id='word_1_147' title='bbox 2863 749 2918 801; x_wconf 85' lang='grc' dir='ltr'>δὲ</span> <span class='ocrx_word' id='word_1_148' title='bbox 2957 747 3199 811; x_wconf 80' lang='grc' dir='ltr'>διαϐολὰς</span> <span class='ocrx_word' id='word_1_149' title='bbox 3228 747 3496 820; x_wconf 75' lang='grc' dir='ltr'>ἔρραπτον</span> <span class='ocrx_word' id='word_1_150' title='bbox 3532 749 3651 802; x_wconf 77' lang='grc' dir='ltr'>κατ’</span> <span class='ocrx_word' id='word_1_151' title='bbox 3679 749 3831 802; x_wconf 65' lang='grc' dir='ltr'><strong>αὑτοῦ.</strong></span> 
     </span>
    </p>
   </div>
   <div class='ocr_carea' id='block_1_22' title="bbox 2405 899 3835 968">
    <p class='ocr_par' dir='ltr' id='par_1_22' title="bbox 2405 899 3835 968">
     <span class='ocr_line' id='line_1_22' title="bbox 2405 899 3835 968; baseline -0.001 -16"><span class='ocrx_word' id='word_1_152' title='bbox 2405 899 2548 952; x_wconf 78' lang='grc' dir='ltr'>Ἀντί</span> <span class='ocrx_word' id='word_1_153' title='bbox 2575 899 2677 952; x_wconf 91' lang='grc' dir='ltr'><strong>τοῦ</strong></span> <span class='ocrx_word' id='word_1_154' title='bbox 2704 899 2936 967; x_wconf 78' lang='grc' dir='ltr'><strong>ἀγαπᾷν</strong></span> <span class='ocrx_word' id='word_1_155' title='bbox 2975 916 3050 968; x_wconf 83' lang='grc' dir='ltr'><strong>με</strong></span> <span class='ocrx_word' id='word_1_156' title='bbox 3087 899 3464 953; x_wconf 58' lang='lat' dir='ltr'><strong>emissam</strong></span> <span class='ocrx_word' id='word_1_157' title='bbox 3485 915 3563 967; x_wconf 76' lang='grc' dir='ltr'><strong>με</strong></span> <span class='ocrx_word' id='word_1_158' title='bbox 3584 916 3597 927; x_wconf 90' lang='grc'><strong>·</strong></span> <span class='ocrx_word' id='word_1_159' title='bbox 3642 899 3750 966; x_wconf 72' lang='grc' dir='ltr'><strong>ἐγὼ</strong></span> <span class='ocrx_word' id='word_1_160' title='bbox 3785 899 3835 951; x_wconf 71' lang='grc' dir='ltr'><strong>ἑὲ</strong></span> 
     </span>
    </p>
   </div>
   <div class='ocr_carea' id='block_1_23' title="bbox 2325 988 3832 1057">
    <p class='ocr_par' dir='ltr' id='par_1_23' title="bbox 2325 988 3832 1057">
     <span class='ocr_line' id='line_1_23' title="bbox 2325 988 3832 1057; baseline -0.001 -17"><span class='ocrx_word' id='word_1_161' title='bbox 2325 992 2762 1057; x_wconf 79' lang='grc' dir='ltr'>προσηυχόμην.</span> <span class='ocrx_word' id='word_1_162' title='bbox 2811 989 2918 1044; x_wconf 83' lang='grc' dir='ltr'><strong>Καὶ</strong></span> <span class='ocrx_word' id='word_1_163' title='bbox 2954 989 3153 1043; x_wconf 71' lang='grc' dir='ltr'>ἔθεντο</span> <span class='ocrx_word' id='word_1_164' title='bbox 3194 989 3317 1042; x_wconf 82' lang='grc' dir='ltr'>κατ’</span> <span class='ocrx_word' id='word_1_165' title='bbox 3346 989 3491 1057; x_wconf 79' lang='grc' dir='ltr'>ἐμοῦ</span> <span class='ocrx_word' id='word_1_166' title='bbox 3540 988 3690 1041; x_wconf 80' lang='grc' dir='ltr'>κακὰ</span> <span class='ocrx_word' id='word_1_167' title='bbox 3729 990 3832 1041; x_wconf 71' lang='grc' dir='ltr'>ἀντὶ</span> 
     </span>
    </p>
   </div>
   <div class='ocr_carea' id='block_1_24' title="bbox 2325 1078 3835 1147">
    <p class='ocr_par' dir='ltr' id='par_1_24' title="bbox 2325 1078 3835 1147">
     <span class='ocr_line' id='line_1_24' title="bbox 2325 1078 3835 1147; baseline -0.011 -12"><span class='ocrx_word' id='word_1_168' title='bbox 2325 1078 2571 1146; x_wconf 79' lang='grc' dir='ltr'>ἀγαθῶν,</span> <span class='ocrx_word' id='word_1_169' title='bbox 2621 1080 2716 1132; x_wconf 78' lang='grc' dir='ltr'><strong>καὶ</strong></span> <span class='ocrx_word' id='word_1_170' title='bbox 2733 1079 2909 1147; x_wconf 84' lang='grc' dir='ltr'>μῖσος</span> <span class='ocrx_word' id='word_1_171' title='bbox 2939 1079 3068 1132; x_wconf 79' lang='grc' dir='ltr'>ἀντὶ</span> <span class='ocrx_word' id='word_1_172' title='bbox 3096 1078 3203 1146; x_wconf 79' lang='grc' dir='ltr'><strong>τῆς</strong></span> <span class='ocrx_word' id='word_1_173' title='bbox 3228 1079 3577 1146; x_wconf 73' lang='grc' dir='ltr'>ἀγαπήσεώς</span> <span class='ocrx_word' id='word_1_174' title='bbox 3600 1093 3737 1146; x_wconf 82' lang='grc' dir='ltr'><strong>μου-</strong></span> <span class='ocrx_word' id='word_1_175' title='bbox 3765 1097 3835 1147; x_wconf 38' lang='grc' dir='ltr'><strong>με</strong></span> 
     </span>
    </p>
   </div>
   <div class='ocr_carea' id='block_1_25' title="bbox 2325 1168 3834 1240">
    <p class='ocr_par' dir='ltr' id='par_1_25' title="bbox 2325 1168 3834 1240">
     <span class='ocr_line' id='line_1_25' title="bbox 2325 1168 3834 1240; baseline -0.001 -19"><span class='ocrx_word' id='word_1_176' title='bbox 2325 1169 2528 1240; x_wconf 82' lang='grc' dir='ltr'>νονουχὶ</span> <span class='ocrx_word' id='word_1_177' title='bbox 2553 1170 2786 1232; x_wconf 76' lang='grc' dir='ltr'>καὶτοὺς</span> <span class='ocrx_word' id='word_1_178' title='bbox 2817 1168 2937 1238; x_wconf 74' lang='grc' dir='ltr'>ἐμοὶ</span> <span class='ocrx_word' id='word_1_179' title='bbox 2956 1168 3409 1238; x_wconf 83' lang='grc' dir='ltr'>μαθητευομένους</span> <span class='ocrx_word' id='word_1_180' title='bbox 3436 1169 3580 1240; x_wconf 73' lang='grc' dir='ltr'><strong>ἔργῳ</strong></span> <span class='ocrx_word' id='word_1_181' title='bbox 3601 1169 3834 1221; x_wconf 60' lang='grc' dir='ltr'>διδάσκω</span> 
     </span>
    </p>
   </div>
   <div class='ocr_carea' id='block_1_26' title="bbox 2324 1253 3837 1328">
    <p class='ocr_par' dir='ltr' id='par_1_26' title="bbox 2324 1253 3837 1328">
     <span class='ocr_line' id='line_1_26' title="bbox 2324 1253 3837 1328; baseline -0.001 -16"><span class='ocrx_word' id='word_1_182' title='bbox 2324 1259 2531 1322; x_wconf 80' lang='grc' dir='ltr'>ὁποίους</span> <span class='ocrx_word' id='word_1_183' title='bbox 2547 1259 2637 1313; x_wconf 73' lang='grc' dir='ltr'><strong>καὶ</strong></span> <span class='ocrx_word' id='word_1_184' title='bbox 2657 1260 2848 1321; x_wconf 78' lang='grc' dir='ltr'>αὐτοὺς</span> <span class='ocrx_word' id='word_1_185' title='bbox 2869 1253 3002 1310; x_wconf 80' lang='grc' dir='ltr'>εῖναι</span> <span class='ocrx_word' id='word_1_186' title='bbox 3019 1259 3293 1328; x_wconf 80' lang='grc' dir='ltr'>προσήκει,</span> <span class='ocrx_word' id='word_1_187' title='bbox 3315 1261 3364 1311; x_wconf 80' lang='grc' dir='ltr'>ετ</span> <span class='ocrx_word' id='word_1_188' title='bbox 3386 1276 3512 1312; x_wconf 79' lang='grc' dir='ltr'>ποτε</span> <span class='ocrx_word' id='word_1_189' title='bbox 3531 1261 3643 1322; x_wconf 83' lang='grc' dir='ltr'>τοῖς</span> <span class='ocrx_word' id='word_1_190' title='bbox 3663 1261 3837 1328; x_wconf 63' lang='grc' dir='ltr'>ὁμοίοις</span> 
     </span>
    </p>
   </div>
   <div class='ocr_carea' id='block_1_27' title="bbox 2324 1348 3838 1420">
    <p class='ocr_par' dir='ltr' id='par_1_27' title="bbox 2324 1348 3838 1420">
     <span class='ocr_line' id='line_1_27' title="bbox 2324 1348 3838 1420; baseline -0.003 -18"><span class='ocrx_word' id='word_1_191' title='bbox 2324 1350 2711 1420; x_wconf 81' lang='grc' dir='ltr'>περιπίπτοιεν.</span> <span class='ocrx_word' id='word_1_192' title='bbox 2761 1349 2907 1401; x_wconf 76' lang='grc' dir='ltr'>Ἐπεὶ</span> <span class='ocrx_word' id='word_1_193' title='bbox 2938 1348 2992 1399; x_wconf 83' lang='grc' dir='ltr'>δὲ</span> <span class='ocrx_word' id='word_1_194' title='bbox 3028 1349 3202 1418; x_wconf 81' lang='grc' dir='ltr'><strong>μέσως</strong></span> <span class='ocrx_word' id='word_1_195' title='bbox 3250 1350 3454 1418; x_wconf 74' lang='grc' dir='ltr'>εἴρηται</span> <span class='ocrx_word' id='word_1_196' title='bbox 3495 1349 3588 1402; x_wconf 75' lang='grc' dir='ltr'><strong>τόο</strong></span> <span class='ocrx_word' id='word_1_197' title='bbox 3631 1349 3762 1416; x_wconf 77' lang='grc' dir='ltr'><strong>Ὲτὼ</strong></span> <span class='ocrx_word' id='word_1_198' title='bbox 3787 1349 3838 1400; x_wconf 68' lang='grc' dir='ltr'>δὲ</span> 
     </span>
    </p>
   </div>
   <div class='ocr_carea' id='block_1_28' title="bbox 2325 1433 3835 1507">
    <p class='ocr_par' dir='ltr' id='par_1_28' title="bbox 2325 1433 3835 1507">
     <span class='ocr_line' id='line_1_28' title="bbox 2325 1433 3835 1507; baseline 0 -17"><span class='ocrx_word' id='word_1_199' title='bbox 2325 1440 2747 1506; x_wconf 80' lang='grc' dir='ltr'>προσηυχόμην</span> <span class='ocrx_word' id='word_1_200' title='bbox 2768 1455 2781 1468; x_wconf 72' lang='grc' dir='ltr'><strong>ο</strong></span> <span class='ocrx_word' id='word_1_201' title='bbox 2811 1438 2929 1490; x_wconf 82' lang='grc' dir='ltr'>τίνα</span> <span class='ocrx_word' id='word_1_202' title='bbox 2954 1437 3010 1488; x_wconf 86' lang='grc' dir='ltr'><strong>δέ</strong></span> <span class='ocrx_word' id='word_1_203' title='bbox 3048 1433 3114 1507; x_wconf 78' lang='grc' dir='ltr'><strong>ἦν</strong></span> <span class='ocrx_word' id='word_1_204' title='bbox 3161 1437 3197 1491; x_wconf 77' lang='grc' dir='ltr'><strong>ἃ</strong></span> <span class='ocrx_word' id='word_1_205' title='bbox 3231 1436 3562 1507; x_wconf 77' lang='grc' dir='ltr'>προσηύχετο</span> <span class='ocrx_word' id='word_1_206' title='bbox 3603 1439 3698 1490; x_wconf 73' lang='grc' dir='ltr'>καὶ</span> 
     </span>
    </p>
   </div>
   <div class='ocr_carea' id='block_1_29' title="bbox 2324 1527 3837 1599">
    <p class='ocr_par' dir='ltr' id='par_1_29' title="bbox 2324 1527 3837 1599">
     <span class='ocr_line' id='line_1_29' title="bbox 2324 1527 3837 1599; baseline -0.001 -19"><span class='ocrx_word' id='word_1_207' title='bbox 2324 1529 2558 1593; x_wconf 88' lang='grc' dir='ltr'>ἐκείνων,</span> <span class='ocrx_word' id='word_1_208' title='bbox 2586 1529 2684 1581; x_wconf 80' lang='grc' dir='ltr'>οὐκ</span> <span class='ocrx_word' id='word_1_209' title='bbox 2719 1528 3040 1599; x_wconf 77' lang='grc' dir='ltr'>ὲμφέρεται’</span> <span class='ocrx_word' id='word_1_210' title='bbox 3076 1527 3215 1582; x_wconf 80' lang='grc' dir='ltr'>εἴποι</span> <span class='ocrx_word' id='word_1_211' title='bbox 3231 1528 3274 1580; x_wconf 81' lang='grc' dir='ltr'>δ’</span> <span class='ocrx_word' id='word_1_212' title='bbox 3307 1529 3368 1582; x_wconf 76' lang='grc' dir='ltr'>ἄν</span> <span class='ocrx_word' id='word_1_213' title='bbox 3402 1545 3482 1590; x_wconf 86' lang='grc' dir='ltr'><strong>τις</strong></span> <span class='ocrx_word' id='word_1_214' title='bbox 3511 1528 3750 1593; x_wconf 77' lang='grc' dir='ltr'>εἰκότως,</span> <span class='ocrx_word' id='word_1_215' title='bbox 3775 1529 3837 1579; x_wconf 74' lang='grc' dir='ltr'><strong>ὅτι</strong></span> 
     </span>
    </p>
   </div>
   <div class='ocr_carea' id='block_1_30' title="bbox 2324 1618 3838 1689">
    <p class='ocr_par' dir='ltr' id='par_1_30' title="bbox 2324 1618 3838 1689">
     <span class='ocr_line' id='line_1_30' title="bbox 2324 1618 3838 1689; baseline -0.001 -18"><span class='ocrx_word' id='word_1_216' title='bbox 2324 1619 2492 1673; x_wconf 81' lang='grc' dir='ltr'>ταῦτα</span> <span class='ocrx_word' id='word_1_217' title='bbox 2513 1620 2843 1688; x_wconf 77' lang='grc' dir='ltr'><strong>προσηύχετο</strong></span> <span class='ocrx_word' id='word_1_218' title='bbox 2873 1619 2966 1672; x_wconf 78' lang='grc' dir='ltr'><strong>καὶ</strong></span> <span class='ocrx_word' id='word_1_219' title='bbox 3007 1619 3142 1689; x_wconf 83' lang='grc' dir='ltr'>ὑπὲρ</span> <span class='ocrx_word' id='word_1_220' title='bbox 3171 1618 3406 1682; x_wconf 84' lang='grc' dir='ltr'>ἐκείνων,</span> <span class='ocrx_word' id='word_1_221' title='bbox 3439 1618 3474 1672; x_wconf 77' lang='grc' dir='ltr'>ἃ</span> <span class='ocrx_word' id='word_1_222' title='bbox 3513 1618 3578 1689; x_wconf 76' lang='grc' dir='ltr'>δὴ</span> <span class='ocrx_word' id='word_1_223' title='bbox 3604 1618 3838 1685; x_wconf 64' lang='grc' dir='ltr'>σύμφωνα</span> 
     </span>
    </p>
   </div>
   <div class='ocr_carea' id='block_1_31' title="bbox 2324 1701 3837 1778">
    <p class='ocr_par' dir='ltr' id='par_1_31' title="bbox 2324 1701 3837 1778">
     <span class='ocr_line' id='line_1_31' title="bbox 2324 1701 3837 1778; baseline 0 -18"><span class='ocrx_word' id='word_1_224' title='bbox 2324 1705 2391 1778; x_wconf 82' lang='grc' dir='ltr'><strong>ἦν</strong></span> <span class='ocrx_word' id='word_1_225' title='bbox 2413 1711 2528 1772; x_wconf 81' lang='grc' dir='ltr'>ταῖς</span> <span class='ocrx_word' id='word_1_226' title='bbox 2563 1707 2722 1762; x_wconf 78' lang='grc' dir='ltr'>αὑτοῦ</span> <span class='ocrx_word' id='word_1_227' title='bbox 2748 1708 3127 1772; x_wconf 77' lang='grc' dir='ltr'><strong>διδασκαλίαις,</strong></span> <span class='ocrx_word' id='word_1_228' title='bbox 3152 1709 3219 1761; x_wconf 81' lang='grc' dir='ltr'><strong>δι’</strong></span> <span class='ocrx_word' id='word_1_229' title='bbox 3240 1701 3312 1761; x_wconf 84' lang='grc' dir='ltr'><strong>ὧν</strong></span> <span class='ocrx_word' id='word_1_230' title='bbox 3343 1708 3544 1778; x_wconf 76' lang='grc' dir='ltr'>ἔφασκε</span> <span class='ocrx_word' id='word_1_231' title='bbox 3570 1727 3584 1739; x_wconf 90' lang='grc'><strong>·</strong></span> <span class='ocrx_word' id='word_1_232' title='bbox 3615 1711 3837 1775; x_wconf 63' lang='grc' dir='ltr'><strong>Προσώ</strong></span> 
     </span>
    </p>
   </div>
   <div class='ocr_carea' id='block_1_32' title="bbox 2327 1796 3836 1867">
    <p class='ocr_par' dir='ltr' id='par_1_32' title="bbox 2327 1796 3836 1867">
     <span class='ocr_line' id='line_1_32' title="bbox 2327 1796 3836 1867; baseline -0.002 -16"><span class='ocrx_word' id='word_1_233' title='bbox 2327 1803 2504 1867; x_wconf 85' lang='grc' dir='ltr'>χεσθε</span> <span class='ocrx_word' id='word_1_234' title='bbox 2555 1798 2701 1866; x_wconf 83' lang='grc' dir='ltr'>ὑπὲρ</span> <span class='ocrx_word' id='word_1_235' title='bbox 2746 1797 2863 1850; x_wconf 86' lang='grc' dir='ltr'><strong>τῶν</strong></span> <span class='ocrx_word' id='word_1_236' title='bbox 2913 1796 3345 1866; x_wconf 66' lang='grc' dir='ltr'>ἐπηρεαζὸντων</span> <span class='ocrx_word' id='word_1_237' title='bbox 3391 1798 3488 1853; x_wconf 77' lang='grc' dir='ltr'><strong>καὶ</strong></span> <span class='ocrx_word' id='word_1_238' title='bbox 3538 1799 3836 1852; x_wconf 55' lang='lat' dir='ltr'><strong>ﬂuendi-risv</strong></span> 
     </span>
    </p>
   </div>
   <div class='ocr_carea' id='block_1_33' title="bbox 699 1885 2226 1973">
    <p class='ocr_par' dir='ltr' id='par_1_33' title="bbox 699 1902 2226 1973">
     <span class='ocr_line' id='line_1_33' title="bbox 699 1902 2226 1973; baseline 0.005 -19"><span class='ocrx_word' id='word_1_239' title='bbox 699 1902 799 1964; x_wconf 84' lang='lat' dir='ltr'><strong>nis,</strong></span> <span class='ocrx_word' id='word_1_240' title='bbox 828 1912 877 1956; x_wconf 84' lang='lat' dir='ltr'><strong>et</strong></span> <span class='ocrx_word' id='word_1_241' title='bbox 918 1903 1093 1973; x_wconf 78' lang='lat' dir='ltr'><strong>odium</strong></span> <span class='ocrx_word' id='word_1_242' title='bbox 1129 1920 1220 1972; x_wconf 87' lang='lat' dir='ltr'><strong>pro</strong></span> <span class='ocrx_word' id='word_1_243' title='bbox 1247 1905 1516 1970; x_wconf 78' lang='lat' dir='ltr'><strong>dilectione</strong></span> <span class='ocrx_word' id='word_1_244' title='bbox 1543 1924 1674 1960; x_wconf 89' lang='lat' dir='ltr'><strong>mea.</strong></span> <span class='ocrx_word' id='word_1_245' title='bbox 1719 1905 1827 1961; x_wconf 82' lang='lat' dir='ltr'><strong>Hac</strong></span> <span class='ocrx_word' id='word_1_246' title='bbox 1857 1907 1923 1962; x_wconf 89' lang='lat' dir='ltr'><strong>de</strong></span> <span class='ocrx_word' id='word_1_247' title='bbox 1967 1923 2022 1962; x_wconf 89' lang='lat' dir='ltr'><strong>re</strong></span> <span class='ocrx_word' id='word_1_248' title='bbox 2045 1908 2226 1963; x_wconf 88' lang='lat' dir='ltr'><strong>dicen-</strong></span> 
     </span>
    </p>
   </div>
   <div class='ocr_carea' id='block_1_34' title="bbox 2323 1885 3837 1973">
    <p class='ocr_par' dir='ltr' id='par_1_34' title="bbox 2326 1885 3837 1957">
     <span class='ocr_line' id='line_1_34' title="bbox 2326 1885 3837 1957; baseline -0.004 -15"><span class='ocrx_word' id='word_1_249' title='bbox 2326 1885 2494 1956; x_wconf 82' lang='grc' dir='ltr'><strong>ὑμᾶς.</strong></span> <span class='ocrx_word' id='word_1_250' title='bbox 2517 1917 2585 1927; x_wconf 92' lang='lat'><strong>-—</strong></span> <span class='ocrx_word' id='word_1_251' title='bbox 2605 1888 2708 1941; x_wconf 83' lang='lat' dir='ltr'><strong>Kal</strong></span> <span class='ocrx_word' id='word_1_252' title='bbox 2735 1887 2936 1943; x_wconf 78' lang='grc' dir='ltr'><strong>ἔθεντο</strong></span> <span class='ocrx_word' id='word_1_253' title='bbox 2959 1890 3083 1940; x_wconf 83' lang='grc' dir='ltr'>κατ’</span> <span class='ocrx_word' id='word_1_254' title='bbox 3111 1888 3253 1957; x_wconf 83' lang='grc' dir='ltr'><strong>ἐμοῦ</strong></span> <span class='ocrx_word' id='word_1_255' title='bbox 3281 1889 3429 1943; x_wconf 72' lang='grc' dir='ltr'>κακὰ</span> <span class='ocrx_word' id='word_1_256' title='bbox 3451 1889 3585 1942; x_wconf 74' lang='grc' dir='ltr'><strong>ἀντὶ</strong></span> <span class='ocrx_word' id='word_1_257' title='bbox 3611 1886 3837 1956; x_wconf 65' lang='grc' dir='ltr'>ἀγαθῶν,</span> 
     </span>
    </p>
   </div>
   <div class='ocr_carea' id='block_1_35' title="bbox 698 1991 2226 2067">
    <p class='ocr_par' dir='ltr' id='par_1_35' title="bbox 698 1991 2226 2067">
     <span class='ocr_line' id='line_1_35' title="bbox 698 1991 2226 2067; baseline 0.005 -24"><span class='ocrx_word' id='word_1_258' title='bbox 698 1991 825 2044; x_wconf 90' lang='lat' dir='ltr'><strong>dum</strong></span> <span class='ocrx_word' id='word_1_259' title='bbox 855 1993 1022 2058; x_wconf 88' lang='lat' dir='ltr'><strong>nihil,</strong></span> <span class='ocrx_word' id='word_1_260' title='bbox 1065 2009 1184 2048; x_wconf 92' lang='lat' dir='ltr'><strong>cum</strong></span> <span class='ocrx_word' id='word_1_261' title='bbox 1230 1995 1453 2050; x_wconf 80' lang='lat' dir='ltr'><strong>historia</strong></span> <span class='ocrx_word' id='word_1_262' title='bbox 1497 1998 1798 2067; x_wconf 84' lang='lat' dir='ltr'><strong>evangelica</strong></span> <span class='ocrx_word' id='word_1_263' title='bbox 1828 1997 2226 2062; x_wconf 77' lang='lat' dir='ltr'><strong>multitudinem</strong></span> 
     </span>
    </p>
   </div>
   <div class='ocr_carea' id='block_1_36' title="bbox 699 2079 2225 2159">
    <p class='ocr_par' dir='ltr' id='par_1_36' title="bbox 699 2079 2225 2159">
     <span class='ocr_line' id='line_1_36' title="bbox 699 2079 2225 2159; baseline 0.004 -23"><span class='ocrx_word' id='word_1_264' title='bbox 699 2079 1101 2147; x_wconf 83' lang='lat' dir='ltr'><strong>beneﬁciorum,</strong></span> <span class='ocrx_word' id='word_1_265' title='bbox 1125 2099 1240 2156; x_wconf 72' lang='lat' dir='ltr'><strong>qua:</strong></span> <span class='ocrx_word' id='word_1_266' title='bbox 1276 2086 1583 2142; x_wconf 86' lang='lat' dir='ltr'><strong>incarnatus</strong></span> <span class='ocrx_word' id='word_1_267' title='bbox 1611 2087 1920 2143; x_wconf 91' lang='lat' dir='ltr'><strong>hominibus</strong></span> <span class='ocrx_word' id='word_1_268' title='bbox 1950 2088 2225 2159; x_wconf 86' lang='lat' dir='ltr'><strong>impertiit,</strong></span> 
     </span>
    </p>
   </div>
   <div class='ocr_carea' id='block_1_37' title="bbox 698 2172 2225 2247">
    <p class='ocr_par' dir='ltr' id='par_1_37' title="bbox 698 2172 2225 2247">
     <span class='ocr_line' id='line_1_37' title="bbox 698 2172 2225 2247; baseline 0.005 -24"><span class='ocrx_word' id='word_1_269' title='bbox 698 2172 1098 2241; x_wconf 88' lang='lat' dir='ltr'><strong>complectatur,</strong></span> <span class='ocrx_word' id='word_1_270' title='bbox 1146 2189 1266 2228; x_wconf 92' lang='lat' dir='ltr'><strong>cum</strong></span> <span class='ocrx_word' id='word_1_271' title='bbox 1299 2175 1504 2230; x_wconf 89' lang='lat' dir='ltr'><strong>scilicet</strong></span> <span class='ocrx_word' id='word_1_272' title='bbox 1551 2185 1762 2245; x_wconf 79' lang='lat' dir='ltr'><strong>curaret</strong></span> <span class='ocrx_word' id='word_1_273' title='bbox 1794 2192 2004 2247; x_wconf 85' lang='lat' dir='ltr'><strong>omnem</strong></span> <span class='ocrx_word' id='word_1_274' title='bbox 2043 2193 2225 2232; x_wconf 90' lang='lat' dir='ltr'><strong>eorum</strong></span> 
     </span>
    </p>
   </div>
   <div class='ocr_carea' id='block_1_38' title="bbox 699 2258 1484 2330">
    <p class='ocr_par' dir='ltr' id='par_1_38' title="bbox 699 2258 1484 2330">
     <span class='ocr_line' id='line_1_38' title="bbox 699 2258 1484 2330; baseline 0.01 -21"><span class='ocrx_word' id='word_1_275' title='bbox 699 2258 1004 2328; x_wconf 85' lang='lat' dir='ltr'><strong>languorem</strong></span> <span class='ocrx_word' id='word_1_276' title='bbox 1027 2269 1080 2316; x_wconf 90' lang='lat' dir='ltr'><strong>et</strong></span> <span class='ocrx_word' id='word_1_277' title='bbox 1107 2262 1484 2330; x_wconf 76' lang='lat' dir='ltr'><strong>inﬁrmitatem.</strong></span> 
     </span>
    </p>
   </div>
   <div class='ocr_carea' id='block_1_39' title="bbox 764 2411 2226 2491">
    <p class='ocr_par' dir='ltr' id='par_1_39' title="bbox 764 2411 2226 2491">
     <span class='ocr_line' id='line_1_39' title="bbox 764 2411 2226 2491; baseline 0.003 -25"><span class='ocrx_word' id='word_1_278' title='bbox 764 2411 926 2488; x_wconf 71' lang='lat' dir='ltr'><strong>Vens.</strong></span> <span class='ocrx_word' id='word_1_279' title='bbox 953 2414 1105 2468; x_wconf 75' lang='lat'><strong>6-10.</strong></span> <span class='ocrx_word' id='word_1_280' title='bbox 1155 2413 1418 2491; x_wconf 75' lang='lat' dir='ltr'><strong>constitue</strong></span> <span class='ocrx_word' id='word_1_281' title='bbox 1468 2434 1618 2485; x_wconf 82' lang='lat' dir='ltr'><strong>super</strong></span> <span class='ocrx_word' id='word_1_282' title='bbox 1643 2434 1756 2471; x_wconf 88' lang='lat' dir='ltr'><strong>eum</strong></span> <span class='ocrx_word' id='word_1_283' title='bbox 1802 2431 2134 2490; x_wconf 73' lang='lat' dir='ltr'><strong>peccatorem,</strong></span> <span class='ocrx_word' id='word_1_284' title='bbox 2179 2429 2226 2478; x_wconf 86' lang='lat' dir='ltr'><strong>et</strong></span> 
     </span>
    </p>
   </div>
   <div class='ocr_carea' id='block_1_40' title="bbox 697 2502 2228 2578">
    <p class='ocr_par' dir='ltr' id='par_1_40' title="bbox 697 2502 2228 2578">
     <span class='ocr_line' id='line_1_40' title="bbox 697 2502 2228 2578; baseline 0.006 -22"><span class='ocrx_word' id='word_1_285' title='bbox 697 2502 934 2556; x_wconf 77' lang='lat' dir='ltr'><strong>diabolus</strong></span> <span class='ocrx_word' id='word_1_286' title='bbox 965 2512 1062 2558; x_wconf 89' lang='lat' dir='ltr'><strong>stet</strong></span> <span class='ocrx_word' id='word_1_287' title='bbox 1093 2521 1123 2555; x_wconf 92' lang='lat' dir='ltr'><strong><em>a</em></strong></span> <span class='ocrx_word' id='word_1_288' title='bbox 1152 2505 1346 2559; x_wconf 78' lang='lat' dir='ltr'><strong>dextris</strong></span> <span class='ocrx_word' id='word_1_289' title='bbox 1384 2507 1515 2571; x_wconf 85' lang='lat' dir='ltr'><strong>ejus.</strong></span> <span class='ocrx_word' id='word_1_290' title='bbox 1541 2507 1642 2575; x_wconf 86' lang='lat' dir='ltr'><strong>Qui</strong></span> <span class='ocrx_word' id='word_1_291' title='bbox 1681 2509 1841 2562; x_wconf 87' lang='lat' dir='ltr'><strong>etiam</strong></span> <span class='ocrx_word' id='word_1_292' title='bbox 1875 2510 2045 2578; x_wconf 90' lang='lat' dir='ltr'><strong>ipsum</strong></span> <span class='ocrx_word' id='word_1_293' title='bbox 2076 2527 2228 2565; x_wconf 89' lang='lat' dir='ltr'><strong>ener-</strong></span> 
     </span>
    </p>
   </div>
   <div class='ocr_carea' id='block_1_41' title="bbox 699 2593 2227 2665">
    <p class='ocr_par' dir='ltr' id='par_1_41' title="bbox 699 2593 2227 2665">
     <span class='ocr_line' id='line_1_41' title="bbox 699 2593 2227 2665; baseline 0.01 -25"><span class='ocrx_word' id='word_1_294' title='bbox 699 2593 858 2655; x_wconf 79' lang='lat' dir='ltr'><strong>vavit,</strong></span> <span class='ocrx_word' id='word_1_295' title='bbox 887 2607 948 2646; x_wconf 92' lang='lat' dir='ltr'><strong>ac</strong></span> <span class='ocrx_word' id='word_1_296' title='bbox 981 2594 1243 2658; x_wconf 90' lang='lat' dir='ltr'><strong>omnibus,</strong></span> <span class='ocrx_word' id='word_1_297' title='bbox 1273 2611 1390 2665; x_wconf 66' lang='lat' dir='ltr'><strong>quae</strong></span> <span class='ocrx_word' id='word_1_298' title='bbox 1419 2597 1567 2665; x_wconf 85' lang='lat' dir='ltr'><strong>prius</strong></span> <span class='ocrx_word' id='word_1_299' title='bbox 1598 2597 1652 2650; x_wconf 90' lang='lat' dir='ltr'><strong>in</strong></span> <span class='ocrx_word' id='word_1_300' title='bbox 1682 2597 1866 2652; x_wconf 81' lang='lat' dir='ltr'><strong>dextra</strong></span> <span class='ocrx_word' id='word_1_301' title='bbox 1902 2600 2092 2653; x_wconf 80' lang='lat' dir='ltr'><strong>animae</strong></span> <span class='ocrx_word' id='word_1_302' title='bbox 2118 2615 2227 2655; x_wconf 69' lang='lat' dir='ltr'><strong>sua:</strong></span> 
     </span>
    </p>
   </div>
   <div class='ocr_carea' id='block_1_42' title="bbox 697 2683 2224 2760">
    <p class='ocr_par' dir='ltr' id='par_1_42' title="bbox 697 2683 2224 2760">
     <span class='ocr_line' id='line_1_42' title="bbox 697 2683 2224 2760; baseline 0.009 -28"><span class='ocrx_word' id='word_1_303' title='bbox 697 2692 846 2749; x_wconf 88' lang='lat' dir='ltr'><strong>parte</strong></span> <span class='ocrx_word' id='word_1_304' title='bbox 893 2683 1165 2751; x_wconf 85' lang='lat' dir='ltr'><strong>possidere</strong></span> <span class='ocrx_word' id='word_1_305' title='bbox 1211 2685 1513 2754; x_wconf 79' lang='lat' dir='ltr'><strong>videbatur,</strong></span> <span class='ocrx_word' id='word_1_306' title='bbox 1560 2689 1733 2758; x_wconf 90' lang='lat' dir='ltr'><strong>ipsum</strong></span> <span class='ocrx_word' id='word_1_307' title='bbox 1781 2691 2045 2760; x_wconf 85' lang='lat' dir='ltr'><strong>spoliavit.</strong></span> <span class='ocrx_word' id='word_1_308' title='bbox 2094 2691 2224 2747; x_wconf 86' lang='lat' dir='ltr'><strong>Cum</strong></span> 
     </span>
    </p>
   </div>
   <div class='ocr_carea' id='block_1_43' title="bbox 694 2771 2225 2851">
    <p class='ocr_par' dir='ltr' id='par_1_43' title="bbox 694 2771 2225 2851">
     <span class='ocr_line' id='line_1_43' title="bbox 694 2771 2225 2851; baseline 0.009 -29"><span class='ocrx_word' id='word_1_309' title='bbox 694 2771 979 2835; x_wconf 69' lang='lat' dir='ltr'><strong>iudicatur,</strong></span> <span class='ocrx_word' id='word_1_310' title='bbox 1015 2783 1160 2838; x_wconf 66' lang='lat' dir='ltr'><strong>exeat</strong></span> <span class='ocrx_word' id='word_1_311' title='bbox 1191 2776 1578 2846; x_wconf 76' lang='lat' dir='ltr'><strong>condemnatus,</strong></span> <span class='ocrx_word' id='word_1_312' title='bbox 1610 2789 1658 2834; x_wconf 88' lang='lat' dir='ltr'><strong>et</strong></span> <span class='ocrx_word' id='word_1_313' title='bbox 1698 2783 1864 2835; x_wconf 78' lang='lat' dir='ltr'><strong>oratio</strong></span> <span class='ocrx_word' id='word_1_314' title='bbox 1898 2781 2006 2850; x_wconf 85' lang='lat' dir='ltr'><strong>ejus</strong></span> <span class='ocrx_word' id='word_1_315' title='bbox 2042 2784 2137 2851; x_wconf 79' lang='lat' dir='ltr'><strong>ﬁat</strong></span> <span class='ocrx_word' id='word_1_316' title='bbox 2173 2785 2225 2836; x_wconf 76' lang='lat' dir='ltr'><strong>in</strong></span> 
     </span>
    </p>
   </div>
   <div class='ocr_carea' id='block_1_44' title="bbox 696 2863 2226 2943">
    <p class='ocr_par' dir='ltr' id='par_1_44' title="bbox 696 2863 2226 2943">
     <span class='ocr_line' id='line_1_44' title="bbox 696 2863 2226 2943; baseline 0.01 -29"><span class='ocrx_word' id='word_1_317' title='bbox 696 2871 975 2928; x_wconf 76' lang='lat' dir='ltr'><strong>peccatum.</strong></span> <span class='ocrx_word' id='word_1_318' title='bbox 1011 2863 1170 2918; x_wconf 80' lang='lat' dir='ltr'><strong>Fiant</strong></span> <span class='ocrx_word' id='word_1_319' title='bbox 1193 2866 1299 2920; x_wconf 84' lang='lat' dir='ltr'><strong>dies</strong></span> <span class='ocrx_word' id='word_1_320' title='bbox 1327 2868 1437 2936; x_wconf 83' lang='lat' dir='ltr'><strong>ejus</strong></span> <span class='ocrx_word' id='word_1_321' title='bbox 1465 2870 1638 2936; x_wconf 80' lang='lat' dir='ltr'><strong>pauci,</strong></span> <span class='ocrx_word' id='word_1_322' title='bbox 1667 2879 1715 2924; x_wconf 90' lang='lat' dir='ltr'><strong>et</strong></span> <span class='ocrx_word' id='word_1_323' title='bbox 1749 2873 2092 2940; x_wconf 77' lang='lat' dir='ltr'><strong>episcopatum</strong></span> <span class='ocrx_word' id='word_1_324' title='bbox 2116 2873 2226 2943; x_wconf 83' lang='lat' dir='ltr'><strong>ejus</strong></span> 
     </span>
    </p>
   </div>
   <div class='ocr_carea' id='block_1_45' title="bbox 697 2955 2225 3030">
    <p class='ocr_par' dir='ltr' id='par_1_45' title="bbox 697 2955 2225 3030">
     <span class='ocr_line' id='line_1_45' title="bbox 697 2955 2225 3030; baseline 0.006 -22"><span class='ocrx_word' id='word_1_325' title='bbox 697 2955 914 3021; x_wconf 85' lang='lat' dir='ltr'><strong>accipiat</strong></span> <span class='ocrx_word' id='word_1_326' title='bbox 946 2955 1076 3008; x_wconf 86' lang='lat' dir='ltr'><strong>alter</strong></span> <span class='ocrx_word' id='word_1_327' title='bbox 1114 2973 1131 3009; x_wconf 92' lang='lat'><strong><em>:</em></strong></span> <span class='ocrx_word' id='word_1_328' title='bbox 1181 2957 1310 3024; x_wconf 83' lang='lat' dir='ltr'><strong>ﬁant</strong></span> <span class='ocrx_word' id='word_1_329' title='bbox 1339 2958 1436 3025; x_wconf 77' lang='lat' dir='ltr'><strong>ﬁlii</strong></span> <span class='ocrx_word' id='word_1_330' title='bbox 1482 2959 1592 3026; x_wconf 87' lang='lat' dir='ltr'><strong>ejus</strong></span> <span class='ocrx_word' id='word_1_331' title='bbox 1614 2959 1850 3027; x_wconf 80' lang='lat' dir='ltr'><strong>orphani,</strong></span> <span class='ocrx_word' id='word_1_332' title='bbox 1883 2973 1930 3015; x_wconf 89' lang='lat' dir='ltr'><strong>et</strong></span> <span class='ocrx_word' id='word_1_333' title='bbox 1963 2979 2093 3016; x_wconf 75' lang='lat' dir='ltr'><strong>uxor</strong></span> <span class='ocrx_word' id='word_1_334' title='bbox 2114 2964 2225 3030; x_wconf 90' lang='lat' dir='ltr'><strong>ejus</strong></span> 
     </span>
    </p>
   </div>
   <div class='ocr_carea' id='block_1_46' title="bbox 695 3043 2226 3119">
    <p class='ocr_par' dir='ltr' id='par_1_46' title="bbox 695 3043 2226 3119">
     <span class='ocr_line' id='line_1_46' title="bbox 695 3043 2226 3119; baseline 0.009 -25"><span class='ocrx_word' id='word_1_335' title='bbox 695 3043 867 3096; x_wconf 80' lang='lat' dir='ltr'><strong>uidua.</strong></span> <span class='ocrx_word' id='word_1_336' title='bbox 887 3043 1141 3100; x_wconf 81' lang='lat' dir='ltr'><strong>Nutantes</strong></span> <span class='ocrx_word' id='word_1_337' title='bbox 1171 3047 1549 3114; x_wconf 75' lang='lat' dir='ltr'><strong>transferantur</strong></span> <span class='ocrx_word' id='word_1_338' title='bbox 1578 3050 1676 3115; x_wconf 84' lang='lat' dir='ltr'><strong>ﬁlii</strong></span> <span class='ocrx_word' id='word_1_339' title='bbox 1701 3052 1832 3118; x_wconf 86' lang='lat' dir='ltr'><strong>ejus,</strong></span> <span class='ocrx_word' id='word_1_340' title='bbox 1850 3063 1897 3105; x_wconf 87' lang='lat' dir='ltr'><strong>et</strong></span> <span class='ocrx_word' id='word_1_341' title='bbox 1923 3054 2226 3119; x_wconf 89' lang='lat' dir='ltr'><strong>mendicent,</strong></span> 
     </span>
    </p>
   </div>
   <div class='ocr_carea' id='block_1_47' title="bbox 702 3133 2229 3208">
    <p class='ocr_par' dir='ltr' id='par_1_47' title="bbox 702 3133 2229 3208">
     <span class='ocr_line' id='line_1_47' title="bbox 702 3133 2229 3208; baseline 0.011 -26"><span class='ocrx_word' id='word_1_342' title='bbox 702 3133 970 3199; x_wconf 79' lang='lat' dir='ltr'><strong>ejiciantur</strong></span> <span class='ocrx_word' id='word_1_343' title='bbox 997 3133 1061 3208; x_wconf 87' lang='lat' dir='ltr'><strong>de</strong></span> <span class='ocrx_word' id='word_1_344' title='bbox 1084 3134 1484 3193; x_wconf 85' lang='lat' dir='ltr'><strong>habitationibus</strong></span> <span class='ocrx_word' id='word_1_345' title='bbox 1511 3139 1640 3193; x_wconf 89' lang='lat' dir='ltr'><strong>suis.</strong></span> <span class='ocrx_word' id='word_1_346' title='bbox 1674 3140 1974 3197; x_wconf 80' lang='lat' dir='ltr'><strong>Verisimile</strong></span> <span class='ocrx_word' id='word_1_347' title='bbox 2000 3153 2082 3198; x_wconf 92' lang='lat' dir='ltr'><strong>est</strong></span> <span class='ocrx_word' id='word_1_348' title='bbox 2118 3144 2229 3199; x_wconf 66' lang='lat' dir='ltr'><strong>haec</strong></span> 
     </span>
    </p>
   </div>
   <div class='ocr_carea' id='block_1_48' title="bbox 703 3205 2294 3302">
    <p class='ocr_par' dir='ltr' id='par_1_48' title="bbox 703 3205 2294 3302">
     <span class='ocr_line' id='line_1_48' title="bbox 703 3205 2294 3302; baseline 0.01 -30"><span class='ocrx_word' id='word_1_349' title='bbox 703 3221 872 3294; x_wconf 85' lang='lat' dir='ltr'><strong>reipsa</strong></span> <span class='ocrx_word' id='word_1_350' title='bbox 901 3236 962 3274; x_wconf 89' lang='lat' dir='ltr'><strong>ac</strong></span> <span class='ocrx_word' id='word_1_351' title='bbox 987 3205 1276 3277; x_wconf 87' lang='lat' dir='ltr'><strong>secundum</strong></span> <span class='ocrx_word' id='word_1_352' title='bbox 1299 3227 1496 3280; x_wconf 88' lang='lat' dir='ltr'><strong>nudam</strong></span> <span class='ocrx_word' id='word_1_353' title='bbox 1527 3229 1756 3283; x_wconf 88' lang='lat' dir='ltr'><strong>litteram</strong></span> <span class='ocrx_word' id='word_1_354' title='bbox 1786 3239 1969 3285; x_wconf 88' lang='lat' dir='ltr'><strong>contra</strong></span> <span class='ocrx_word' id='word_1_355' title='bbox 1990 3233 2224 3302; x_wconf 85' lang='lat' dir='ltr'><strong>prodito-</strong></span> <span class='ocrx_word' id='word_1_356' title='bbox 2253 3205 2294 3263; x_wconf 63' lang='grc' dir='ltr'>α</span> 
     </span>
    </p>
   </div>
   <div class='ocr_carea' id='block_1_49' title="bbox 697 3313 2225 3388">
    <p class='ocr_par' dir='ltr' id='par_1_49' title="bbox 697 3313 2225 3388">
     <span class='ocr_line' id='line_1_49' title="bbox 697 3313 2225 3388; baseline 0.009 -27"><span class='ocrx_word' id='word_1_357' title='bbox 697 3323 809 3364; x_wconf 89' lang='lat' dir='ltr'><strong>rem</strong></span> <span class='ocrx_word' id='word_1_358' title='bbox 842 3317 962 3378; x_wconf 85' lang='lat' dir='ltr'><strong>post</strong></span> <span class='ocrx_word' id='word_1_359' title='bbox 997 3313 1402 3382; x_wconf 81' lang='lat' dir='ltr'><strong>suspensionem</strong></span> <span class='ocrx_word' id='word_1_360' title='bbox 1444 3316 1568 3385; x_wconf 23' lang='lat' dir='ltr'><strong>ejus.</strong></span> <span class='ocrx_word' id='word_1_361' title='bbox 1613 3319 1873 3386; x_wconf 86' lang='lat' dir='ltr'><strong>completa</strong></span> <span class='ocrx_word' id='word_1_362' title='bbox 1925 3319 2116 3388; x_wconf 81' lang='lat' dir='ltr'><strong>fuisse;</strong></span> <span class='ocrx_word' id='word_1_363' title='bbox 2152 3324 2225 3375; x_wconf 89' lang='lat' dir='ltr'><strong>ita</strong></span> 
     </span>
    </p>
   </div>
   <div class='ocr_carea' id='block_1_50' title="bbox 698 3397 2226 3478">
    <p class='ocr_par' dir='ltr' id='par_1_50' title="bbox 698 3397 2226 3478">
     <span class='ocr_line' id='line_1_50' title="bbox 698 3397 2226 3478; baseline 0.009 -27"><span class='ocrx_word' id='word_1_364' title='bbox 698 3408 758 3473; x_wconf 85' lang='lat' dir='ltr'><strong>ut</strong></span> <span class='ocrx_word' id='word_1_365' title='bbox 783 3397 876 3452; x_wconf 82' lang='lat' dir='ltr'><strong>ﬁlii</strong></span> <span class='ocrx_word' id='word_1_366' title='bbox 900 3401 1116 3468; x_wconf 89' lang='lat' dir='ltr'><strong>quidem</strong></span> <span class='ocrx_word' id='word_1_367' title='bbox 1141 3402 1256 3472; x_wconf 85' lang='lat' dir='ltr'><strong>ejus</strong></span> <span class='ocrx_word' id='word_1_368' title='bbox 1287 3405 1511 3474; x_wconf 86' lang='lat' dir='ltr'><strong>orphani</strong></span> <span class='ocrx_word' id='word_1_369' title='bbox 1540 3416 1741 3472; x_wconf 88' lang='lat' dir='ltr'><strong>essent,</strong></span> <span class='ocrx_word' id='word_1_370' title='bbox 1765 3416 1818 3462; x_wconf 92' lang='lat' dir='ltr'><strong>et</strong></span> <span class='ocrx_word' id='word_1_371' title='bbox 1846 3425 1979 3462; x_wconf 80' lang='lat' dir='ltr'><strong>uxor</strong></span> <span class='ocrx_word' id='word_1_372' title='bbox 2009 3410 2124 3478; x_wconf 89' lang='lat' dir='ltr'><strong>ejus</strong></span> <span class='ocrx_word' id='word_1_373' title='bbox 2146 3412 2226 3464; x_wconf 82' lang='lat' dir='ltr'><strong>vi-</strong></span> 
     </span>
    </p>
   </div>
   <div class='ocr_carea' id='block_1_51' title="bbox 696 3489 2222 3567">
    <p class='ocr_par' dir='ltr' id='par_1_51' title="bbox 696 3489 2222 3567">
     <span class='ocr_line' id='line_1_51' title="bbox 696 3489 2222 3567; baseline 0.009 -25"><span class='ocrx_word' id='word_1_374' title='bbox 696 3489 824 3561; x_wconf 87' lang='lat' dir='ltr'><strong>dua,</strong></span> <span class='ocrx_word' id='word_1_375' title='bbox 851 3500 1146 3562; x_wconf 68' lang='lat' dir='ltr'><strong>caateraque</strong></span> <span class='ocrx_word' id='word_1_376' title='bbox 1168 3494 1345 3550; x_wconf 87' lang='lat' dir='ltr'><strong>omnia</strong></span> <span class='ocrx_word' id='word_1_377' title='bbox 1369 3510 1487 3564; x_wconf 67' lang='lat' dir='ltr'><strong>quae</strong></span> <span class='ocrx_word' id='word_1_378' title='bbox 1518 3506 1868 3567; x_wconf 87' lang='lat' dir='ltr'><strong>recensentur</strong></span> <span class='ocrx_word' id='word_1_379' title='bbox 1897 3499 1960 3552; x_wconf 92' lang='lat' dir='ltr'><strong>ad</strong></span> <span class='ocrx_word' id='word_1_380' title='bbox 1994 3501 2222 3556; x_wconf 75' lang='lat' dir='ltr'><strong>litteram</strong></span> 
     </span>
    </p>
   </div>
   <div class='ocr_carea' id='block_1_52' title="bbox 699 3578 2223 3656">
    <p class='ocr_par' dir='ltr' id='par_1_52' title="bbox 699 3578 2223 3656">
     <span class='ocr_line' id='line_1_52' title="bbox 699 3578 2223 3656; baseline 0.007 -24"><span class='ocrx_word' id='word_1_381' title='bbox 699 3578 856 3635; x_wconf 82' lang='lat' dir='ltr'><strong>ﬁnem</strong></span> <span class='ocrx_word' id='word_1_382' title='bbox 914 3583 1254 3647; x_wconf 84' lang='lat' dir='ltr'><strong>sortirentur,</strong></span> <span class='ocrx_word' id='word_1_383' title='bbox 1294 3591 1346 3638; x_wconf 88' lang='lat' dir='ltr'><strong>et</strong></span> <span class='ocrx_word' id='word_1_384' title='bbox 1395 3586 1668 3654; x_wconf 66' lang='lat' dir='ltr'><strong>praedictio</strong></span> <span class='ocrx_word' id='word_1_385' title='bbox 1711 3585 2004 3643; x_wconf 86' lang='lat' dir='ltr'><strong>Salvatoris</strong></span> <span class='ocrx_word' id='word_1_386' title='bbox 2032 3591 2223 3656; x_wconf 86' lang='lat' dir='ltr'><strong>nostri,</strong></span> 
     </span>
    </p>
   </div>
   <div class='ocr_carea' id='block_1_53' title="bbox 697 3665 2225 3744">
    <p class='ocr_par' dir='ltr' id='par_1_53' title="bbox 697 3665 2225 3744">
     <span class='ocr_line' id='line_1_53' title="bbox 697 3665 2225 3744; baseline 0.008 -24"><span class='ocrx_word' id='word_1_387' title='bbox 697 3669 788 3736; x_wconf 87' lang='lat' dir='ltr'><strong>qui</strong></span> <span class='ocrx_word' id='word_1_388' title='bbox 819 3669 930 3723; x_wconf 58' lang='lat' dir='ltr'><strong>haec</strong></span> <span class='ocrx_word' id='word_1_389' title='bbox 962 3668 1142 3741; x_wconf 82' lang='lat' dir='ltr'><strong>futura</strong></span> <span class='ocrx_word' id='word_1_390' title='bbox 1186 3671 1239 3724; x_wconf 92' lang='lat' dir='ltr'><strong>in</strong></span> <span class='ocrx_word' id='word_1_391' title='bbox 1285 3665 1490 3741; x_wconf 84' lang='lat' dir='ltr'><strong>psalmo</strong></span> <span class='ocrx_word' id='word_1_392' title='bbox 1537 3675 1949 3744; x_wconf 69' lang='lat' dir='ltr'><strong>praenuntiabat,</strong></span> <span class='ocrx_word' id='word_1_393' title='bbox 1991 3692 2114 3732; x_wconf 75' lang='lat' dir='ltr'><strong>vera</strong></span> <span class='ocrx_word' id='word_1_394' title='bbox 2135 3678 2225 3732; x_wconf 89' lang='lat' dir='ltr'><strong>de-</strong></span> 
     </span>
    </p>
   </div>
   <div class='ocr_carea' id='block_1_54' title="bbox 696 3749 2226 3835">
    <p class='ocr_par' dir='ltr' id='par_1_54' title="bbox 696 3749 2226 3835">
     <span class='ocr_line' id='line_1_54' title="bbox 696 3749 2226 3835; baseline 0.006 -23"><span class='ocrx_word' id='word_1_395' title='bbox 696 3757 1131 3832; x_wconf 75' lang='lat' dir='ltr'><strong>prehenderetur.</strong></span> <span class='ocrx_word' id='word_1_396' title='bbox 1163 3759 1284 3834; x_wconf 58' lang='lat' dir='ltr'><strong>Hasc</strong></span> <span class='ocrx_word' id='word_1_397' title='bbox 1322 3762 1448 3816; x_wconf 88' lang='lat' dir='ltr'><strong>item</strong></span> <span class='ocrx_word' id='word_1_398' title='bbox 1474 3749 1738 3833; x_wconf 77' lang='lat' dir='ltr'><strong>intelligas</strong></span> <span class='ocrx_word' id='word_1_399' title='bbox 1773 3767 1967 3835; x_wconf 89' lang='lat' dir='ltr'><strong>populo</strong></span> <span class='ocrx_word' id='word_1_400' title='bbox 2003 3765 2226 3821; x_wconf 84' lang='lat' dir='ltr'><strong>Judaico</strong></span> 
     </span>
    </p>
   </div>
   <div class='ocr_carea' id='block_1_55' title="bbox 700 3847 2225 3919">
    <p class='ocr_par' dir='ltr' id='par_1_55' title="bbox 700 3847 2225 3919">
     <span class='ocr_line' id='line_1_55' title="bbox 700 3847 2225 3919; baseline 0.007 -20"><span class='ocrx_word' id='word_1_401' title='bbox 700 3853 821 3915; x_wconf 83' lang='lat' dir='ltr'><strong>post</strong></span> <span class='ocrx_word' id='word_1_402' title='bbox 864 3847 1086 3919; x_wconf 77' lang='lat' dir='ltr'><strong>insidias</strong></span> <span class='ocrx_word' id='word_1_403' title='bbox 1120 3850 1172 3902; x_wconf 91' lang='lat' dir='ltr'><strong>in</strong></span> <span class='ocrx_word' id='word_1_404' title='bbox 1206 3849 1478 3918; x_wconf 76' lang='lat' dir='ltr'><strong>Christum</strong></span> <span class='ocrx_word' id='word_1_405' title='bbox 1516 3859 1748 3916; x_wconf 84' lang='lat' dir='ltr'><strong>structas</strong></span> <span class='ocrx_word' id='word_1_406' title='bbox 1785 3855 2062 3911; x_wconf 86' lang='lat' dir='ltr'><strong>accidisse.</strong></span> <span class='ocrx_word' id='word_1_407' title='bbox 2094 3855 2225 3910; x_wconf 84' lang='lat' dir='ltr'><strong>Nam</strong></span> 
     </span>
    </p>
   </div>
   <div class='ocr_carea' id='block_1_56' title="bbox 697 3936 2226 4014">
    <p class='ocr_par' dir='ltr' id='par_1_56' title="bbox 697 3936 2226 4014">
     <span class='ocr_line' id='line_1_56' title="bbox 697 3936 2226 4014; baseline 0.007 -25"><span class='ocrx_word' id='word_1_408' title='bbox 697 3936 882 4007; x_wconf 82' lang='lat' dir='ltr'><strong>paucis</strong></span> <span class='ocrx_word' id='word_1_409' title='bbox 920 3938 1117 4008; x_wconf 86' lang='lat' dir='ltr'><strong>elapsis</strong></span> <span class='ocrx_word' id='word_1_410' title='bbox 1154 3947 1271 4008; x_wconf 85' lang='lat' dir='ltr'><strong>post</strong></span> <span class='ocrx_word' id='word_1_411' title='bbox 1302 3955 1517 3994; x_wconf 90' lang='lat' dir='ltr'><strong>crucem</strong></span> <span class='ocrx_word' id='word_1_412' title='bbox 1561 3943 1736 4006; x_wconf 90' lang='lat' dir='ltr'><strong>annis,</strong></span> <span class='ocrx_word' id='word_1_413' title='bbox 1785 3951 1894 3998; x_wconf 87' lang='lat' dir='ltr'><strong>tota</strong></span> <span class='ocrx_word' id='word_1_414' title='bbox 1926 3960 2054 4014; x_wconf 80' lang='lat' dir='ltr'><strong>gens</strong></span> <span class='ocrx_word' id='word_1_415' title='bbox 2084 3946 2226 4000; x_wconf 87' lang='lat' dir='ltr'><strong>sedi-</strong></span> 
     </span>
    </p>
   </div>
   <div class='ocr_carea' id='block_1_57' title="bbox 696 4026 2220 4105">
    <p class='ocr_par' dir='ltr' id='par_1_57' title="bbox 696 4026 2220 4105">
     <span class='ocr_line' id='line_1_57' title="bbox 696 4026 2220 4105; baseline 0.006 -27"><span class='ocrx_word' id='word_1_416' title='bbox 696 4026 796 4080; x_wconf 86' lang='lat' dir='ltr'><strong>bus</strong></span> <span class='ocrx_word' id='word_1_417' title='bbox 836 4027 984 4093; x_wconf 86' lang='lat' dir='ltr'><strong>pulsa</strong></span> <span class='ocrx_word' id='word_1_418' title='bbox 1022 4035 1147 4082; x_wconf 87' lang='lat' dir='ltr'><strong>est:</strong></span> <span class='ocrx_word' id='word_1_419' title='bbox 1200 4037 1357 4098; x_wconf 87' lang='lat' dir='ltr'><strong>atque</strong></span> <span class='ocrx_word' id='word_1_420' title='bbox 1391 4030 1466 4083; x_wconf 89' lang='lat' dir='ltr'><strong>illi</strong></span> <span class='ocrx_word' id='word_1_421' title='bbox 1515 4031 1725 4100; x_wconf 88' lang='lat' dir='ltr'><strong>quidem</strong></span> <span class='ocrx_word' id='word_1_422' title='bbox 1772 4032 2034 4105; x_wconf 77' lang='lat' dir='ltr'><strong>interfecti</strong></span> <span class='ocrx_word' id='word_1_423' title='bbox 2077 4041 2220 4099; x_wconf 80' lang='lat' dir='ltr'><strong>sunt,</strong></span> 
     </span>
    </p>
   </div>
   <div class='ocr_carea' id='block_1_58' title="bbox 2326 1976 3838 2047">
    <p class='ocr_par' dir='ltr' id='par_1_58' title="bbox 2326 1976 3838 2047">
     <span class='ocr_line' id='line_1_58' title="bbox 2326 1976 3838 2047; baseline -0.003 -17"><span class='ocrx_word' id='word_1_424' title='bbox 2326 1977 2420 2030; x_wconf 77' lang='grc' dir='ltr'><strong>καὶ</strong></span> <span class='ocrx_word' id='word_1_425' title='bbox 2456 1976 2634 2046; x_wconf 81' lang='grc' dir='ltr'>μῖσος</span> <span class='ocrx_word' id='word_1_426' title='bbox 2657 1978 2786 2031; x_wconf 76' lang='grc' dir='ltr'><strong>ἀντὶ</strong></span> <span class='ocrx_word' id='word_1_427' title='bbox 2818 1977 2926 2045; x_wconf 83' lang='grc' dir='ltr'><strong>τῆς</strong></span> <span class='ocrx_word' id='word_1_428' title='bbox 2964 1978 3312 2046; x_wconf 73' lang='grc' dir='ltr'><strong>ὀγαπήσεώς</strong></span> <span class='ocrx_word' id='word_1_429' title='bbox 3343 1995 3476 2046; x_wconf 79' lang='grc' dir='ltr'>μου.</span> <span class='ocrx_word' id='word_1_430' title='bbox 3504 1979 3641 2047; x_wconf 73' lang='grc' dir='ltr'>Περὶ</span> <span class='ocrx_word' id='word_1_431' title='bbox 3667 1976 3838 2028; x_wconf 52' lang='grc' dir='ltr'>τούτω.</span> 
     </span>
    </p>
   </div>
   <div class='ocr_carea' id='block_1_59' title="bbox 2325 2067 3839 2138">
    <p class='ocr_par' dir='ltr' id='par_1_59' title="bbox 2325 2067 3839 2138">
     <span class='ocr_line' id='line_1_59' title="bbox 2325 2067 3839 2138; baseline -0.001 -20"><span class='ocrx_word' id='word_1_432' title='bbox 2325 2068 2472 2119; x_wconf 81' lang='grc' dir='ltr'>οὐδὲν</span> <span class='ocrx_word' id='word_1_433' title='bbox 2525 2067 2604 2119; x_wconf 84' lang='grc' dir='ltr'><strong>δεῖ</strong></span> <span class='ocrx_word' id='word_1_434' title='bbox 2650 2067 2842 2134; x_wconf 88' lang='grc' dir='ltr'>λέγειν,</span> <span class='ocrx_word' id='word_1_435' title='bbox 2884 2069 2980 2138; x_wconf 83' lang='grc' dir='ltr'><strong>τῆς</strong></span> <span class='ocrx_word' id='word_1_436' title='bbox 3018 2069 3074 2120; x_wconf 78' lang='grc' dir='ltr'>ἐν</span> <span class='ocrx_word' id='word_1_437' title='bbox 3109 2071 3219 2130; x_wconf 82' lang='grc' dir='ltr'>τοῖς</span> <span class='ocrx_word' id='word_1_438' title='bbox 3263 2068 3606 2137; x_wconf 79' lang='grc' dir='ltr'>Εύαγτελίοις</span> <span class='ocrx_word' id='word_1_439' title='bbox 3632 2067 3839 2135; x_wconf 73' lang='grc' dir='ltr'>ἱστορίας</span> 
     </span>
    </p>
   </div>
   <div class='ocr_carea' id='block_1_60' title="bbox 2327 2151 3839 2228">
    <p class='ocr_par' dir='ltr' id='par_1_60' title="bbox 2327 2151 3839 2228">
     <span class='ocr_line' id='line_1_60' title="bbox 2327 2151 3839 2228; baseline -0.011 -6"><span class='ocrx_word' id='word_1_440' title='bbox 2327 2154 2675 2225; x_wconf 72' lang='grc' dir='ltr'>περιεχούσης</span> <span class='ocrx_word' id='word_1_441' title='bbox 2695 2156 2756 2207; x_wconf 79' lang='grc' dir='ltr'><strong>τὸ</strong></span> <span class='ocrx_word' id='word_1_442' title='bbox 2781 2157 2976 2226; x_wconf 82' lang='grc' dir='ltr'>πλῆθος</span> <span class='ocrx_word' id='word_1_443' title='bbox 3003 2157 3108 2210; x_wconf 84' lang='grc' dir='ltr'>τῶν</span> <span class='ocrx_word' id='word_1_444' title='bbox 3138 2158 3456 2228; x_wconf 81' lang='grc' dir='ltr'>εὐεργεσιῶν</span> <span class='ocrx_word' id='word_1_445' title='bbox 3497 2151 3577 2210; x_wconf 80' lang='grc' dir='ltr'>ὧν</span> <span class='ocrx_word' id='word_1_446' title='bbox 3602 2157 3839 2225; x_wconf 53' lang='grc' dir='ltr'>ὲνανθριιμ</span> 
     </span>
    </p>
   </div>
   <div class='ocr_carea' id='block_1_61' title="bbox 2325 2245 3840 2316">
    <p class='ocr_par' dir='ltr' id='par_1_61' title="bbox 2325 2245 3840 2316">
     <span class='ocr_line' id='line_1_61' title="bbox 2325 2245 3840 2316; baseline -0.001 -19"><span class='ocrx_word' id='word_1_447' title='bbox 2325 2247 2398 2314; x_wconf 87' lang='grc' dir='ltr'>πή</span> <span class='ocrx_word' id='word_1_448' title='bbox 2407 2262 2503 2307; x_wconf 91' lang='grc' dir='ltr'><strong>σας</strong></span> <span class='ocrx_word' id='word_1_449' title='bbox 2532 2246 2710 2307; x_wconf 79' lang='grc' dir='ltr'>αὐτοῖς</span> <span class='ocrx_word' id='word_1_450' title='bbox 2727 2247 2969 2315; x_wconf 76' lang='grc' dir='ltr'>παρεῖχε,</span> <span class='ocrx_word' id='word_1_451' title='bbox 2987 2245 3295 2316; x_wconf 83' lang='grc' dir='ltr'>θεραπεύων</span> <span class='ocrx_word' id='word_1_452' title='bbox 3322 2248 3494 2300; x_wconf 79' lang='grc' dir='ltr'>αὐτῶν</span> <span class='ocrx_word' id='word_1_453' title='bbox 3516 2249 3695 2300; x_wconf 78' lang='grc' dir='ltr'>πᾶσαν</span> <span class='ocrx_word' id='word_1_454' title='bbox 3718 2247 3840 2297; x_wconf 58' lang='grc' dir='ltr'>νόσοι</span> 
     </span>
    </p>
   </div>
   <div class='ocr_carea' id='block_1_62' title="bbox 2329 2335 2935 2406">
    <p class='ocr_par' dir='ltr' id='par_1_62' title="bbox 2329 2335 2935 2406">
     <span class='ocr_line' id='line_1_62' title="bbox 2329 2335 2935 2406; baseline -0.003 -17"><span class='ocrx_word' id='word_1_455' title='bbox 2329 2338 2417 2389; x_wconf 76' lang='grc' dir='ltr'>καὶ</span> <span class='ocrx_word' id='word_1_456' title='bbox 2446 2339 2624 2389; x_wconf 75' lang='grc' dir='ltr'>πᾶσαν</span> <span class='ocrx_word' id='word_1_457' title='bbox 2653 2335 2935 2406; x_wconf 74' lang='grc' dir='ltr'>μαλακίαν.</span> 
     </span>
    </p>
   </div>
   <div class='ocr_carea' id='block_1_63' title="bbox 2394 2423 3840 2492">
    <p class='ocr_par' dir='ltr' id='par_1_63' title="bbox 2394 2423 3840 2492">
     <span class='ocr_line' id='line_1_63' title="bbox 2394 2423 3840 2492; baseline -0.003 -12"><span class='ocrx_word' id='word_1_458' title='bbox 2394 2425 2785 2492; x_wconf 81' lang='grc' dir='ltr'>Κατάστησον</span> <span class='ocrx_word' id='word_1_459' title='bbox 2799 2425 2888 2478; x_wconf 77' lang='grc' dir='ltr'>ἐπ’</span> <span class='ocrx_word' id='word_1_460' title='bbox 2922 2424 3104 2478; x_wconf 86' lang='grc' dir='ltr'>αὐτὸν</span> <span class='ocrx_word' id='word_1_461' title='bbox 3142 2425 3506 2492; x_wconf 72' lang='grc' dir='ltr'><strong>ἁμαρτωλὸν,</strong></span> <span class='ocrx_word' id='word_1_462' title='bbox 3536 2425 3629 2476; x_wconf 80' lang='grc' dir='ltr'>καί</span> <span class='ocrx_word' id='word_1_463' title='bbox 3676 2423 3840 2476; x_wconf 67' lang='grc' dir='ltr'>διάει»</span> 
     </span>
    </p>
   </div>
   <div class='ocr_carea' id='block_1_64' title="bbox 2325 2513 3841 2582">
    <p class='ocr_par' dir='ltr' id='par_1_64' title="bbox 2325 2513 3841 2582">
     <span class='ocr_line' id='line_1_64' title="bbox 2325 2513 3841 2582; baseline -0.007 -8"><span class='ocrx_word' id='word_1_464' title='bbox 2325 2520 2429 2581; x_wconf 78' lang='grc' dir='ltr'><strong>λος</strong></span> <span class='ocrx_word' id='word_1_465' title='bbox 2460 2515 2652 2582; x_wconf 80' lang='grc' dir='ltr'><em>στήτω</em></span> <span class='ocrx_word' id='word_1_466' title='bbox 2672 2516 2739 2570; x_wconf 82' lang='grc' dir='ltr'><strong>ἐκ</strong></span> <span class='ocrx_word' id='word_1_467' title='bbox 2786 2515 2997 2580; x_wconf 79' lang='grc' dir='ltr'><strong>δεξιῶν</strong></span> <span class='ocrx_word' id='word_1_468' title='bbox 3021 2516 3226 2570; x_wconf 83' lang='grc' dir='ltr'><strong>αὐτοῦ.</strong></span> <span class='ocrx_word' id='word_1_469' title='bbox 3281 2516 3337 2567; x_wconf 84' lang='lat'><strong>&#39;0</strong></span> <span class='ocrx_word' id='word_1_470' title='bbox 3363 2515 3456 2567; x_wconf 72' lang='grc' dir='ltr'>καὶ</span> <span class='ocrx_word' id='word_1_471' title='bbox 3500 2513 3747 2575; x_wconf 80' lang='grc' dir='ltr'>σκελίσας</span> <span class='ocrx_word' id='word_1_472' title='bbox 3767 2516 3841 2565; x_wconf 70' lang='grc' dir='ltr'><strong>αξι-</strong></span> 
     </span>
    </p>
   </div>
   <div class='ocr_carea' id='block_1_65' title="bbox 2324 2603 3843 2677">
    <p class='ocr_par' dir='ltr' id='par_1_65' title="bbox 2324 2603 3843 2677">
     <span class='ocr_line' id='line_1_65' title="bbox 2324 2603 3843 2677; baseline -0.003 -18"><span class='ocrx_word' id='word_1_473' title='bbox 2324 2607 2432 2668; x_wconf 86' lang='grc' dir='ltr'>τὸν,</span> <span class='ocrx_word' id='word_1_474' title='bbox 2475 2607 2649 2660; x_wconf 81' lang='grc' dir='ltr'>πάντα</span> <span class='ocrx_word' id='word_1_475' title='bbox 2690 2607 2724 2660; x_wconf 73' lang='grc' dir='ltr'><strong>ἃ</strong></span> <span class='ocrx_word' id='word_1_476' title='bbox 2774 2607 3028 2677; x_wconf 79' lang='grc' dir='ltr'>πρότερον</span> <span class='ocrx_word' id='word_1_477' title='bbox 3073 2606 3240 2658; x_wconf 80' lang='grc' dir='ltr'>ἐδόκει</span> <span class='ocrx_word' id='word_1_478' title='bbox 3278 2604 3570 2674; x_wconf 79' lang='grc' dir='ltr'>κεκτῆσθαι</span> <span class='ocrx_word' id='word_1_479' title='bbox 3602 2603 3747 2673; x_wconf 74' lang='grc' dir='ltr'>δεξιᾷ</span> <span class='ocrx_word' id='word_1_480' title='bbox 3767 2604 3843 2671; x_wconf 72' lang='grc' dir='ltr'><strong>τῆς</strong></span> 
     </span>
    </p>
   </div>
   <div class='ocr_carea' id='block_1_66' title="bbox 2327 2694 3843 2767">
    <p class='ocr_par' dir='ltr' id='par_1_66' title="bbox 2327 2694 3843 2767">
     <span class='ocr_line' id='line_1_66' title="bbox 2327 2694 3843 2767; baseline -0.003 -17"><span class='ocrx_word' id='word_1_481' title='bbox 2327 2697 2485 2750; x_wconf 79' lang='grc' dir='ltr'>αὐτοῦ</span> <span class='ocrx_word' id='word_1_482' title='bbox 2521 2697 2696 2766; x_wconf 78' lang='grc' dir='ltr'>ψυχῆς</span> <span class='ocrx_word' id='word_1_483' title='bbox 2713 2697 3066 2767; x_wconf 81' lang='grc' dir='ltr'>ἀποσυλήσας.</span> <span class='ocrx_word' id='word_1_484' title='bbox 3098 2697 3190 2749; x_wconf 81' lang='grc' dir='ltr'>Ἐν</span> <span class='ocrx_word' id='word_1_485' title='bbox 3209 2695 3287 2761; x_wconf 85' lang='grc' dir='ltr'><strong>τῷ</strong></span> <span class='ocrx_word' id='word_1_486' title='bbox 3308 2697 3610 2764; x_wconf 78' lang='grc' dir='ltr'>κρίνεσθαι</span> <span class='ocrx_word' id='word_1_487' title='bbox 3638 2694 3843 2754; x_wconf 64' lang='grc' dir='ltr'>ἐξέλθοι</span> 
     </span>
    </p>
   </div>
   <div class='ocr_carea' id='block_1_67' title="bbox 2327 2782 3843 2853">
    <p class='ocr_par' dir='ltr' id='par_1_67' title="bbox 2327 2782 3843 2853">
     <span class='ocr_line' id='line_1_67' title="bbox 2327 2782 3843 2853; baseline -0.004 -14"><span class='ocrx_word' id='word_1_488' title='bbox 2327 2785 2908 2853; x_wconf 78' lang='grc' dir='ltr'><strong>καταδεδικασμένος,</strong></span> <span class='ocrx_word' id='word_1_489' title='bbox 2929 2787 3023 2837; x_wconf 79' lang='grc' dir='ltr'><strong>καὶ</strong></span> <span class='ocrx_word' id='word_1_490' title='bbox 3038 2786 3076 2852; x_wconf 79' lang='grc' dir='ltr'>ἡ</span> <span class='ocrx_word' id='word_1_491' title='bbox 3090 2783 3392 2852; x_wconf 83' lang='grc' dir='ltr'>προσευχὴ</span> <span class='ocrx_word' id='word_1_492' title='bbox 3404 2783 3590 2837; x_wconf 80' lang='grc' dir='ltr'>αὑτοῦ</span> <span class='ocrx_word' id='word_1_493' title='bbox 3610 2782 3843 2851; x_wconf 58' lang='grc' dir='ltr'>γενέσθω</span> 
     </span>
    </p>
   </div>
   <div class='ocr_carea' id='block_1_68' title="bbox 2324 2871 3844 2945">
    <p class='ocr_par' dir='ltr' id='par_1_68' title="bbox 2324 2871 3844 2945">
     <span class='ocr_line' id='line_1_68' title="bbox 2324 2871 3844 2945; baseline -0.005 -16"><span class='ocrx_word' id='word_1_494' title='bbox 2324 2879 2408 2942; x_wconf 84' lang='grc' dir='ltr'><strong>εις</strong></span> <span class='ocrx_word' id='word_1_495' title='bbox 2463 2876 2764 2945; x_wconf 79' lang='grc' dir='ltr'><strong>ἁμαρτίαν.</strong></span> <span class='ocrx_word' id='word_1_496' title='bbox 2820 2874 3250 2941; x_wconf 82' lang='grc' dir='ltr'>Γενηθήτωσαν</span> <span class='ocrx_word' id='word_1_497' title='bbox 3292 2876 3351 2926; x_wconf 74' lang='grc' dir='ltr'><strong>αἱ</strong></span> <span class='ocrx_word' id='word_1_498' title='bbox 3403 2875 3610 2941; x_wconf 74' lang='grc' dir='ltr'>ἡμέραι</span> <span class='ocrx_word' id='word_1_499' title='bbox 3685 2871 3844 2924; x_wconf 62' lang='grc' dir='ltr'>αὐτοῦ</span> 
     </span>
    </p>
   </div>
   <div class='ocr_carea' id='block_1_69' title="bbox 2326 2961 3845 3034">
    <p class='ocr_par' dir='ltr' id='par_1_69' title="bbox 2326 2961 3845 3034">
     <span class='ocr_line' id='line_1_69' title="bbox 2326 2961 3845 3034; baseline -0.005 -17"><span class='ocrx_word' id='word_1_500' title='bbox 2326 2966 2535 3034; x_wconf 62' lang='grc' dir='ltr'><strong>ὀλίγαι,</strong></span> <span class='ocrx_word' id='word_1_501' title='bbox 2567 2963 2663 3016; x_wconf 81' lang='grc' dir='ltr'><strong>καὶ</strong></span> <span class='ocrx_word' id='word_1_502' title='bbox 2703 2964 2814 3030; x_wconf 80' lang='grc' dir='ltr'><strong>τὴν</strong></span> <span class='ocrx_word' id='word_1_503' title='bbox 2845 2961 3177 3028; x_wconf 77' lang='grc' dir='ltr'><strong>ἐπισκοπὴν</strong></span> <span class='ocrx_word' id='word_1_504' title='bbox 3222 2961 3405 3014; x_wconf 87' lang='grc' dir='ltr'>αὑτοῦ</span> <span class='ocrx_word' id='word_1_505' title='bbox 3455 2961 3624 3015; x_wconf 70' lang='grc' dir='ltr'><strong>,λάϐοι</strong></span> <span class='ocrx_word' id='word_1_506' title='bbox 3651 2962 3845 3028; x_wconf 53' lang='grc' dir='ltr'><strong>ἔτεμες.</strong></span> 
     </span>
    </p>
   </div>
   <div class='ocr_carea' id='block_1_70' title="bbox 2284 3050 3846 3121">
    <p class='ocr_par' dir='ltr' id='par_1_70' title="bbox 2284 3050 3846 3121">
     <span class='ocr_line' id='line_1_70' title="bbox 2284 3050 3846 3121; baseline -0.007 -14"><span class='ocrx_word' id='word_1_507' title='bbox 2284 3070 2288 3075; x_wconf 93' lang='grc'><strong>·</strong></span> <span class='ocrx_word' id='word_1_508' title='bbox 2324 3053 2752 3121; x_wconf 76' lang='grc' dir='ltr'>Γενηθήτωσαν</span> <span class='ocrx_word' id='word_1_509' title='bbox 2778 3055 2827 3105; x_wconf 80' lang='grc' dir='ltr'><strong>οὶ</strong></span> <span class='ocrx_word' id='word_1_510' title='bbox 2856 3052 2969 3106; x_wconf 71' lang='grc' dir='ltr'>υἱοὶ</span> <span class='ocrx_word' id='word_1_511' title='bbox 2993 3050 3172 3104; x_wconf 86' lang='grc' dir='ltr'>αὑτοῦ</span> <span class='ocrx_word' id='word_1_512' title='bbox 3214 3050 3478 3118; x_wconf 67' lang='grc' dir='ltr'>ὀρφανοὶ,</span> <span class='ocrx_word' id='word_1_513' title='bbox 3522 3050 3623 3102; x_wconf 72' lang='grc' dir='ltr'><strong>καί</strong></span> <span class='ocrx_word' id='word_1_514' title='bbox 3649 3051 3686 3115; x_wconf 79' lang='grc' dir='ltr'><strong>ἡ</strong></span> <span class='ocrx_word' id='word_1_515' title='bbox 3717 3050 3846 3116; x_wconf 61' lang='grc' dir='ltr'><strong>μιγῇ</strong></span> 
     </span>
    </p>
   </div>
   <div class='ocr_carea' id='block_1_71' title="bbox 2325 3137 3847 3210">
    <p class='ocr_par' dir='ltr' id='par_1_71' title="bbox 2325 3137 3847 3210">
     <span class='ocr_line' id='line_1_71' title="bbox 2325 3137 3847 3210; baseline -0.003 -16"><span class='ocrx_word' id='word_1_516' title='bbox 2325 3143 2504 3196; x_wconf 83' lang='grc' dir='ltr'>αὐτοῦ</span> <span class='ocrx_word' id='word_1_517' title='bbox 2544 3141 2724 3210; x_wconf 80' lang='grc' dir='ltr'>χήρα·</span> <span class='ocrx_word' id='word_1_518' title='bbox 2783 3141 3166 3208; x_wconf 82' lang='grc' dir='ltr'><strong>σαλευόμενοι</strong></span> <span class='ocrx_word' id='word_1_519' title='bbox 3211 3137 3752 3207; x_wconf 75' lang='grc' dir='ltr'>μεταναστήτωσαγ</span> <span class='ocrx_word' id='word_1_520' title='bbox 3806 3145 3847 3189; x_wconf 72' lang='lat' dir='ltr'><strong>ci</strong></span> 
     </span>
    </p>
   </div>
   <div class='ocr_carea' id='block_1_72' title="bbox 2326 3224 3846 3294">
    <p class='ocr_par' dir='ltr' id='par_1_72' title="bbox 2326 3224 3846 3294">
     <span class='ocr_line' id='line_1_72' title="bbox 2326 3224 3846 3294; baseline -0.006 -10"><span class='ocrx_word' id='word_1_521' title='bbox 2326 3231 2439 3285; x_wconf 81' lang='grc' dir='ltr'>υἱοὶ</span> <span class='ocrx_word' id='word_1_522' title='bbox 2475 3231 2676 3292; x_wconf 83' lang='grc' dir='ltr'>αὑτοῦ,</span> <span class='ocrx_word' id='word_1_523' title='bbox 2721 3229 2814 3282; x_wconf 79' lang='grc' dir='ltr'><strong>καὶ</strong></span> <span class='ocrx_word' id='word_1_524' title='bbox 2857 3229 3372 3294; x_wconf 77' lang='grc' dir='ltr'>ἐπαιτησάτωσαν·</span> <span class='ocrx_word' id='word_1_525' title='bbox 3409 3224 3846 3291; x_wconf 74' lang='grc' dir='ltr'>ἐκέληθήτωσσγ</span> 
     </span>
    </p>
   </div>
   <div class='ocr_carea' id='block_1_73' title="bbox 2326 3313 3846 3383">
    <p class='ocr_par' dir='ltr' id='par_1_73' title="bbox 2326 3313 3846 3383">
     <span class='ocr_line' id='line_1_73' title="bbox 2326 3313 3846 3383; baseline -0.005 -12"><span class='ocrx_word' id='word_1_526' title='bbox 2326 3319 2393 3371; x_wconf 76' lang='grc' dir='ltr'><strong>ἐκ</strong></span> <span class='ocrx_word' id='word_1_527' title='bbox 2422 3317 2537 3370; x_wconf 86' lang='grc' dir='ltr'><strong>τῶν</strong></span> <span class='ocrx_word' id='word_1_528' title='bbox 2577 3316 2896 3370; x_wconf 71' lang='grc' dir='ltr'>οἰκοπέδων</span> <span class='ocrx_word' id='word_1_529' title='bbox 2943 3315 3152 3368; x_wconf 84' lang='grc' dir='ltr'><strong>αὐτῶν.</strong></span> <span class='ocrx_word' id='word_1_530' title='bbox 3187 3316 3341 3376; x_wconf 77' lang='grc' dir='ltr'>Εἰκὸς</span> <span class='ocrx_word' id='word_1_531' title='bbox 3392 3316 3487 3366; x_wconf 79' lang='grc' dir='ltr'><strong>καὶ</strong></span> <span class='ocrx_word' id='word_1_532' title='bbox 3528 3313 3704 3383; x_wconf 80' lang='grc' dir='ltr'><strong>ῥητῶς</strong></span> <span class='ocrx_word' id='word_1_533' title='bbox 3731 3317 3846 3365; x_wconf 68' lang='grc' dir='ltr'>κατὰ</span> 
     </span>
    </p>
   </div>
   <div class='ocr_carea' id='block_1_74' title="bbox 2326 3401 3846 3477">
    <p class='ocr_par' dir='ltr' id='par_1_74' title="bbox 2326 3401 3846 3477">
     <span class='ocr_line' id='line_1_74' title="bbox 2326 3401 3846 3477; baseline -0.006 -18"><span class='ocrx_word' id='word_1_534' title='bbox 2326 3407 2482 3477; x_wconf 72' lang='grc' dir='ltr'>ψιλὴν</span> <span class='ocrx_word' id='word_1_535' title='bbox 2506 3407 2602 3476; x_wconf 84' lang='grc' dir='ltr'><strong>τὴν</strong></span> <span class='ocrx_word' id='word_1_536' title='bbox 2625 3405 2763 3471; x_wconf 81' lang='grc' dir='ltr'>λέξιν</span> <span class='ocrx_word' id='word_1_537' title='bbox 2786 3404 2956 3458; x_wconf 76' lang='grc' dir='ltr'>ταῦτα</span> <span class='ocrx_word' id='word_1_538' title='bbox 2995 3403 3167 3471; x_wconf 78' lang='grc' dir='ltr'>πάντα</span> <span class='ocrx_word' id='word_1_539' title='bbox 3199 3403 3588 3473; x_wconf 81' lang='grc' dir='ltr'>πεπληρῶσθαι</span> <span class='ocrx_word' id='word_1_540' title='bbox 3612 3401 3746 3453; x_wconf 73' lang='grc' dir='ltr'>κατὰ</span> <span class='ocrx_word' id='word_1_541' title='bbox 3770 3401 3846 3450; x_wconf 73' lang='grc' dir='ltr'>τε]</span> 
     </span>
    </p>
   </div>
   <div class='ocr_carea' id='block_1_75' title="bbox 2327 3489 3845 3567">
    <p class='ocr_par' dir='ltr' id='par_1_75' title="bbox 2327 3489 3845 3567">
     <span class='ocr_line' id='line_1_75' title="bbox 2327 3489 3845 3567; baseline -0.008 -19"><span class='ocrx_word' id='word_1_542' title='bbox 2327 3497 2578 3567; x_wconf 80' lang='grc' dir='ltr'><strong>προδότου</strong></span> <span class='ocrx_word' id='word_1_543' title='bbox 2611 3495 2744 3564; x_wconf 82' lang='grc' dir='ltr'>μετὰ</span> <span class='ocrx_word' id='word_1_544' title='bbox 2760 3493 2854 3564; x_wconf 86' lang='grc' dir='ltr'>τὴν</span> <span class='ocrx_word' id='word_1_545' title='bbox 2876 3494 3164 3563; x_wconf 82' lang='grc' dir='ltr'>ἀνάρτησιν</span> <span class='ocrx_word' id='word_1_546' title='bbox 3196 3490 3380 3554; x_wconf 74' lang='grc' dir='ltr'>αὑτοῦ,</span> <span class='ocrx_word' id='word_1_547' title='bbox 3417 3491 3533 3559; x_wconf 77' lang='grc' dir='ltr'>ἅμα</span> <span class='ocrx_word' id='word_1_548' title='bbox 3565 3489 3664 3560; x_wconf 78' lang='grc' dir='ltr'>μὲν</span> <span class='ocrx_word' id='word_1_549' title='bbox 3703 3490 3845 3559; x_wconf 68' lang='lat'><strong>69;:-</strong></span> 
     </span>
    </p>
   </div>
   <div class='ocr_carea' id='block_1_76' title="bbox 2325 3579 3846 3656">
    <p class='ocr_par' dir='ltr' id='par_1_76' title="bbox 2325 3579 3846 3656">
     <span class='ocr_line' id='line_1_76' title="bbox 2325 3579 3846 3656; baseline -0.004 -16"><span class='ocrx_word' id='word_1_550' title='bbox 2325 3587 2427 3640; x_wconf 87' lang='grc' dir='ltr'><strong>νῶν</strong></span> <span class='ocrx_word' id='word_1_551' title='bbox 2458 3586 2752 3656; x_wconf 83' lang='grc' dir='ltr'>γενομένων</span> <span class='ocrx_word' id='word_1_552' title='bbox 2773 3583 2946 3655; x_wconf 38' lang='grc' dir='ltr'>,αὐτοῦ</span> <span class='ocrx_word' id='word_1_553' title='bbox 2987 3583 3094 3636; x_wconf 84' lang='grc' dir='ltr'>τῶν</span> <span class='ocrx_word' id='word_1_554' title='bbox 3117 3582 3334 3645; x_wconf 79' lang='grc' dir='ltr'>παίδων,</span> <span class='ocrx_word' id='word_1_555' title='bbox 3381 3581 3498 3649; x_wconf 75' lang='grc' dir='ltr'><strong>ἅμα</strong></span> <span class='ocrx_word' id='word_1_556' title='bbox 3537 3580 3596 3632; x_wconf 83' lang='grc' dir='ltr'>δὲ</span> <span class='ocrx_word' id='word_1_557' title='bbox 3632 3579 3721 3631; x_wconf 74' lang='grc' dir='ltr'><strong>καὶ</strong></span> <span class='ocrx_word' id='word_1_558' title='bbox 3770 3581 3846 3644; x_wconf 63' lang='grc' dir='ltr'><strong>τῆς</strong></span> 
     </span>
    </p>
   </div>
   <div class='ocr_carea' id='block_1_77' title="bbox 2324 3668 3832 3745">
    <p class='ocr_par' dir='ltr' id='par_1_77' title="bbox 2324 3668 3832 3745">
     <span class='ocr_line' id='line_1_77' title="bbox 2324 3668 3832 3745; baseline -0.007 -16"><span class='ocrx_word' id='word_1_559' title='bbox 2324 3676 2574 3745; x_wconf 80' lang='grc' dir='ltr'>γυναικὸς</span> <span class='ocrx_word' id='word_1_560' title='bbox 2593 3676 2650 3727; x_wconf 83' lang='grc' dir='ltr'><strong>ἐν</strong></span> <span class='ocrx_word' id='word_1_561' title='bbox 2681 3673 2876 3744; x_wconf 68' lang='grc' dir='ltr'>χηρείᾳ</span> <span class='ocrx_word' id='word_1_562' title='bbox 2907 3673 3261 3743; x_wconf 75' lang='grc' dir='ltr'>καταστάσης,</span> <span class='ocrx_word' id='word_1_563' title='bbox 3285 3671 3378 3723; x_wconf 71' lang='grc' dir='ltr'>καὶ</span> <span class='ocrx_word' id='word_1_564' title='bbox 3422 3669 3532 3721; x_wconf 83' lang='grc' dir='ltr'><strong>τῶν</strong></span> <span class='ocrx_word' id='word_1_565' title='bbox 3554 3668 3680 3737; x_wconf 75' lang='grc' dir='ltr'><strong>ἑξῆς</strong></span> <span class='ocrx_word' id='word_1_566' title='bbox 3710 3684 3832 3720; x_wconf 74' lang='grc' dir='ltr'>κατα</span> 
     </span>
    </p>
   </div>
   <div class='ocr_carea' id='block_1_78' title="bbox 2324 3759 3846 3834">
    <p class='ocr_par' dir='ltr' id='par_1_78' title="bbox 2324 3759 3846 3834">
     <span class='ocr_line' id='line_1_78' title="bbox 2324 3759 3846 3834; baseline -0.006 -17"><span class='ocrx_word' id='word_1_567' title='bbox 2324 3764 2615 3834; x_wconf 80' lang='grc' dir='ltr'>λεχθέντων</span> <span class='ocrx_word' id='word_1_568' title='bbox 2637 3764 2883 3816; x_wconf 83' lang='grc' dir='ltr'>ἁπάντων</span> <span class='ocrx_word' id='word_1_569' title='bbox 2911 3761 3042 3832; x_wconf 82' lang='grc' dir='ltr'>πρὸς</span> <span class='ocrx_word' id='word_1_570' title='bbox 3067 3760 3206 3824; x_wconf 81' lang='grc' dir='ltr'>λέξιν</span> <span class='ocrx_word' id='word_1_571' title='bbox 3237 3761 3384 3820; x_wconf 78' lang='grc' dir='ltr'>τέλος</span> <span class='ocrx_word' id='word_1_572' title='bbox 3432 3759 3747 3827; x_wconf 72' lang='grc' dir='ltr'><strong>εἰληφότων,</strong></span> <span class='ocrx_word' id='word_1_573' title='bbox 3787 3759 3846 3816; x_wconf 64' lang='grc' dir='ltr'><strong>ἐς</strong></span> 
     </span>
    </p>
   </div>
   <div class='ocr_carea' id='block_1_79' title="bbox 2325 3843 3846 3920">
    <p class='ocr_par' dir='ltr' id='par_1_79' title="bbox 2325 3843 3846 3920">
     <span class='ocr_line' id='line_1_79' title="bbox 2325 3843 3846 3920; baseline -0.004 -18"><span class='ocrx_word' id='word_1_574' title='bbox 2325 3848 2612 3918; x_wconf 80' lang='grc' dir='ltr'>ἀληθεῦσαι</span> <span class='ocrx_word' id='word_1_575' title='bbox 2641 3848 2737 3920; x_wconf 81' lang='grc' dir='ltr'>τὴν</span> <span class='ocrx_word' id='word_1_576' title='bbox 2763 3847 3055 3918; x_wconf 74' lang='grc' dir='ltr'>πρόρρησιν</span> <span class='ocrx_word' id='word_1_577' title='bbox 3088 3847 3176 3898; x_wconf 78' lang='grc' dir='ltr'>τοῦ</span> <span class='ocrx_word' id='word_1_578' title='bbox 3207 3845 3457 3915; x_wconf 82' lang='grc' dir='ltr'>Σωτῆρος</span> <span class='ocrx_word' id='word_1_579' title='bbox 3493 3848 3525 3914; x_wconf 73' lang='grc' dir='ltr'>ὴ</span> <span class='ocrx_word' id='word_1_580' title='bbox 3536 3845 3650 3914; x_wconf 84' lang='grc' dir='ltr'>μῶν</span> <span class='ocrx_word' id='word_1_581' title='bbox 3666 3846 3749 3898; x_wconf 73' lang='grc' dir='ltr'><strong>διὰ</strong></span> <span class='ocrx_word' id='word_1_582' title='bbox 3766 3843 3846 3896; x_wconf 60' lang='grc' dir='ltr'><strong>τοῦ</strong></span> 
     </span>
    </p>
   </div>
   <div class='ocr_carea' id='block_1_80' title="bbox 2325 3933 3841 4010">
    <p class='ocr_par' dir='ltr' id='par_1_80' title="bbox 2325 3933 3841 4010">
     <span class='ocr_line' id='line_1_80' title="bbox 2325 3933 3841 4010; baseline -0.006 -17"><span class='ocrx_word' id='word_1_583' title='bbox 2325 3938 2532 4010; x_wconf 77' lang='grc' dir='ltr'>ψαλμοῦ</span> <span class='ocrx_word' id='word_1_584' title='bbox 2559 3938 2727 3992; x_wconf 78' lang='grc' dir='ltr'>ταῦτα</span> <span class='ocrx_word' id='word_1_585' title='bbox 2745 3937 2974 3990; x_wconf 81' lang='grc' dir='ltr'>ἔσεσθαι.</span> <span class='ocrx_word' id='word_1_586' title='bbox 3004 3937 3229 4006; x_wconf 82' lang='grc' dir='ltr'><strong>Νοήσεις</strong></span> <span class='ocrx_word' id='word_1_587' title='bbox 3257 3935 3311 3987; x_wconf 81' lang='grc' dir='ltr'>δὲ</span> <span class='ocrx_word' id='word_1_588' title='bbox 3341 3935 3517 3987; x_wconf 80' lang='grc' dir='ltr'>ταῦτα.</span> <span class='ocrx_word' id='word_1_589' title='bbox 3545 3935 3640 3987; x_wconf 74' lang='grc' dir='ltr'><strong>καὶ</strong></span> <span class='ocrx_word' id='word_1_590' title='bbox 3658 3936 3746 3985; x_wconf 68' lang='grc' dir='ltr'>ἐπὶ</span> <span class='ocrx_word' id='word_1_591' title='bbox 3767 3933 3841 3984; x_wconf 61' lang='lat' dir='ltr'><strong>rei</strong></span> 
     </span>
    </p>
   </div>
   <div class='ocr_carea' id='block_1_81' title="bbox 2325 4023 3843 4092">
    <p class='ocr_par' dir='ltr' id='par_1_81' title="bbox 2325 4023 3843 4092">
     <span class='ocr_line' id='line_1_81' title="bbox 2325 4023 3843 4092; baseline -0.007 -11"><span class='ocrx_word' id='word_1_592' title='bbox 2325 4029 2450 4082; x_wconf 82' lang='grc' dir='ltr'>λαοῦ</span> <span class='ocrx_word' id='word_1_593' title='bbox 2483 4028 2574 4082; x_wconf 84' lang='grc' dir='ltr'><strong>τοῦ</strong></span> <span class='ocrx_word' id='word_1_594' title='bbox 2610 4027 2865 4086; x_wconf 83' lang='grc' dir='ltr'>Ἰουδαίων</span> <span class='ocrx_word' id='word_1_595' title='bbox 2894 4027 3073 4088; x_wconf 73' lang='grc' dir='ltr'>ἔθνους</span> <span class='ocrx_word' id='word_1_596' title='bbox 3108 4024 3245 4078; x_wconf 81' lang='grc' dir='ltr'>κατὰ</span> <span class='ocrx_word' id='word_1_597' title='bbox 3283 4023 3421 4088; x_wconf 80' lang='grc' dir='ltr'>λέξιν</span> <span class='ocrx_word' id='word_1_598' title='bbox 3470 4024 3843 4092; x_wconf 67' lang='grc' dir='ltr'>πεπληρωμένα</span> 
     </span>
    </p>
   </div>
   <div class='ocr_carea' id='block_1_82' title="bbox 696 4111 2226 4187">
    <p class='ocr_par' dir='ltr' id='par_1_82' title="bbox 696 4117 2225 4178">
     <span class='ocr_line' id='line_1_82' title="bbox 696 4117 2225 4178; baseline 0.009 -13"><span class='ocrx_word' id='word_1_599' title='bbox 696 4117 948 4176; x_wconf 81' lang='lat' dir='ltr'><strong>mulieres</strong></span> <span class='ocrx_word' id='word_1_600' title='bbox 1002 4131 1128 4171; x_wconf 83' lang='lat' dir='ltr'><strong>vero</strong></span> <span class='ocrx_word' id='word_1_601' title='bbox 1191 4133 1312 4173; x_wconf 85' lang='lat' dir='ltr'><strong>cum</strong></span> <span class='ocrx_word' id='word_1_602' title='bbox 1367 4119 1546 4177; x_wconf 85' lang='lat' dir='ltr'><strong>liberis</strong></span> <span class='ocrx_word' id='word_1_603' title='bbox 1615 4121 1668 4173; x_wconf 91' lang='lat' dir='ltr'><strong>in</strong></span> <span class='ocrx_word' id='word_1_604' title='bbox 1727 4123 2036 4178; x_wconf 86' lang='lat' dir='ltr'><strong>servitutem</strong></span> <span class='ocrx_word' id='word_1_605' title='bbox 2093 4135 2225 4178; x_wconf 70' lang='lat' dir='ltr'><strong>acta:</strong></span> 
     </span>
    </p>
   </div>
   <div class='ocr_carea' id='block_1_83' title="bbox 2323 4111 3840 4187">
    <p class='ocr_par' dir='ltr' id='par_1_83' title="bbox 2330 4111 3840 4187">
     <span class='ocr_line' id='line_1_83' title="bbox 2330 4111 3840 4187; baseline -0.006 -15"><span class='ocrx_word' id='word_1_606' title='bbox 2330 4119 2463 4187; x_wconf 84' lang='grc' dir='ltr'>μετὰ</span> <span class='ocrx_word' id='word_1_607' title='bbox 2503 4118 2597 4187; x_wconf 81' lang='grc' dir='ltr'><strong>τὴν</strong></span> <span class='ocrx_word' id='word_1_608' title='bbox 2638 4118 2716 4179; x_wconf 82' lang='grc' dir='ltr'><strong>εἰς</strong></span> <span class='ocrx_word' id='word_1_609' title='bbox 2760 4117 2848 4168; x_wconf 82' lang='grc' dir='ltr'>τὸν</span> <span class='ocrx_word' id='word_1_610' title='bbox 2880 4115 3112 4186; x_wconf 84' lang='grc' dir='ltr'>Χριστὸν</span> <span class='ocrx_word' id='word_1_611' title='bbox 3153 4113 3470 4184; x_wconf 73' lang='grc' dir='ltr'>ἐπιϐουλήν·</span> <span class='ocrx_word' id='word_1_612' title='bbox 3519 4112 3738 4180; x_wconf 78' lang='grc' dir='ltr'>Ὀλίγων</span> <span class='ocrx_word' id='word_1_613' title='bbox 3754 4111 3840 4177; x_wconf 52' lang='grc' dir='ltr'>γὰρ</span> 
     </span>
    </p>
   </div>
   <div class='ocr_carea' id='block_1_84' title="bbox 697 4203 3839 4280">
    <p class='ocr_par' dir='ltr' id='par_1_84' title="bbox 697 4203 3839 4280">
     <span class='ocr_line' id='line_1_84' title="bbox 697 4203 3839 4280; baseline -0 -23"><span class='ocrx_word' id='word_1_614' title='bbox 697 4212 841 4277; x_wconf 80' lang='lat' dir='ltr'><strong>sunt.</strong></span> <span class='ocrx_word' id='word_1_615' title='bbox 2328 4211 2464 4280; x_wconf 81' lang='grc' dir='ltr'><strong>μετὰ</strong></span> <span class='ocrx_word' id='word_1_616' title='bbox 2498 4209 2586 4261; x_wconf 80' lang='grc' dir='ltr'>τὸν</span> <span class='ocrx_word' id='word_1_617' title='bbox 2615 4207 2848 4277; x_wconf 75' lang='grc' dir='ltr'>σταυρὸν,</span> <span class='ocrx_word' id='word_1_618' title='bbox 2867 4205 3171 4258; x_wconf 86' lang='grc' dir='ltr'>διελθόντων</span> <span class='ocrx_word' id='word_1_619' title='bbox 3195 4204 3345 4267; x_wconf 83' lang='grc' dir='ltr'>ἐτῶν,</span> <span class='ocrx_word' id='word_1_620' title='bbox 3377 4205 3605 4257; x_wconf 79' lang='grc' dir='ltr'>ἄστατον</span> <span class='ocrx_word' id='word_1_621' title='bbox 3638 4203 3770 4256; x_wconf 72' lang='grc' dir='ltr'>ἅπαν</span> <span class='ocrx_word' id='word_1_622' title='bbox 3795 4206 3839 4256; x_wconf 72' lang='grc' dir='ltr'>τὲ</span> 
     </span>
    </p>
   </div>
   <div class='ocr_carea' id='block_1_85' title="bbox 695 4292 3626 4368">
    <p class='ocr_par' dir='ltr' id='par_1_85' title="bbox 695 4292 3626 4368">
     <span class='ocr_line' id='line_1_85' title="bbox 695 4292 3626 4368; baseline -0.004 -11"><span class='ocrx_word' id='word_1_623' title='bbox 695 4293 837 4356; x_wconf 73' lang='grc' dir='ltr'>ἔθνος</span> <span class='ocrx_word' id='word_1_624' title='bbox 859 4294 1094 4361; x_wconf 69' lang='grc' dir='ltr'>ἐγένετο·</span> <span class='ocrx_word' id='word_1_625' title='bbox 1129 4296 1218 4348; x_wconf 76' lang='grc' dir='ltr'><strong>καὶ</strong></span> <span class='ocrx_word' id='word_1_626' title='bbox 1244 4297 1288 4346; x_wconf 77' lang='lat' dir='ltr'><strong>oi</strong></span> <span class='ocrx_word' id='word_1_627' title='bbox 1334 4294 1428 4364; x_wconf 82' lang='grc' dir='ltr'>μὲν</span> <span class='ocrx_word' id='word_1_628' title='bbox 1460 4295 1813 4367; x_wconf 74' lang='grc' dir='ltr'><strong>ἀνῃρέθησαν,</strong></span> <span class='ocrx_word' id='word_1_629' title='bbox 1848 4301 1902 4351; x_wconf 83' lang='lat' dir='ltr'><strong>al</strong></span> <span class='ocrx_word' id='word_1_630' title='bbox 1933 4301 1990 4352; x_wconf 82' lang='grc' dir='ltr'>δὲ</span> <span class='ocrx_word' id='word_1_631' title='bbox 2027 4299 2228 4366; x_wconf 80' lang='grc' dir='ltr'>τούτων</span> <span class='ocrx_word' id='word_1_632' title='bbox 2255 4302 2501 4366; x_wconf 81' lang='grc' dir='ltr'>γυναῖκες</span> <span class='ocrx_word' id='word_1_633' title='bbox 2540 4297 2674 4368; x_wconf 75' lang='grc' dir='ltr'>μετὰ</span> <span class='ocrx_word' id='word_1_634' title='bbox 2699 4295 2803 4348; x_wconf 84' lang='grc' dir='ltr'>τῶν</span> <span class='ocrx_word' id='word_1_635' title='bbox 2824 4294 3024 4351; x_wconf 76' lang='grc' dir='ltr'>παίδων</span> <span class='ocrx_word' id='word_1_636' title='bbox 3049 4292 3626 4364; x_wconf 76' lang='grc' dir='ltr'>ἐξηνδραποδίσθησαν.</span> 
     </span>
    </p>
   </div>
   <div class='ocr_carea' id='block_1_86' title="bbox 759 4383 2226 4458">
    <p class='ocr_par' dir='ltr' id='par_1_86' title="bbox 759 4386 2226 4458">
     <span class='ocr_line' id='line_1_86' title="bbox 759 4386 2226 4458; baseline 0.005 -19"><span class='ocrx_word' id='word_1_637' title='bbox 759 4386 920 4448; x_wconf 75' lang='lat' dir='ltr'><strong>Vens.</strong></span> <span class='ocrx_word' id='word_1_638' title='bbox 952 4387 1132 4440; x_wconf 75' lang='grc'><strong>11-15.</strong></span> <span class='ocrx_word' id='word_1_639' title='bbox 1168 4386 1436 4441; x_wconf 84' lang='lat' dir='ltr'><strong>Scrutetur</strong></span> <span class='ocrx_word' id='word_1_640' title='bbox 1485 4390 1742 4458; x_wconf 79' lang='lat' dir='ltr'><strong>fenerator</strong></span> <span class='ocrx_word' id='word_1_641' title='bbox 1763 4407 1959 4445; x_wconf 86' lang='lat' dir='ltr'><strong>omnem</strong></span> <span class='ocrx_word' id='word_1_642' title='bbox 1988 4394 2226 4446; x_wconf 89' lang='lat' dir='ltr'><strong>substan-</strong></span> 
     </span>
    </p>
   </div>
   <div class='ocr_carea' id='block_1_87' title="bbox 2323 4383 3840 4458">
    <p class='ocr_par' dir='ltr' id='par_1_87' title="bbox 2408 4383 3840 4458">
     <span class='ocr_line' id='line_1_87' title="bbox 2408 4383 3840 4458; baseline -0.008 -13"><span class='ocrx_word' id='word_1_643' title='bbox 2408 4389 2876 4458; x_wconf 75' lang='grc' dir='ltr'>Ἐξερευνησάτω</span> <span class='ocrx_word' id='word_1_644' title='bbox 2910 4385 3228 4453; x_wconf 78' lang='grc' dir='ltr'>δανειστὴς</span> <span class='ocrx_word' id='word_1_645' title='bbox 3255 4385 3446 4438; x_wconf 80' lang='grc' dir='ltr'>πάντα</span> <span class='ocrx_word' id='word_1_646' title='bbox 3471 4385 3588 4436; x_wconf 82' lang='grc' dir='ltr'><strong>ὅσα</strong></span> <span class='ocrx_word' id='word_1_647' title='bbox 3619 4383 3840 4449; x_wconf 64' lang='grc' dir='ltr'>ὑπάρχει</span> 
     </span>
    </p>
   </div>
   <div class='ocr_carea' id='block_1_88' title="bbox 699 4473 2226 4545">
    <p class='ocr_par' dir='ltr' id='par_1_88' title="bbox 699 4478 2222 4545">
     <span class='ocr_line' id='line_1_88' title="bbox 699 4478 2222 4545; baseline 0.004 -18"><span class='ocrx_word' id='word_1_648' title='bbox 699 4478 824 4530; x_wconf 86' lang='lat' dir='ltr'><strong>tiam</strong></span> <span class='ocrx_word' id='word_1_649' title='bbox 845 4478 976 4544; x_wconf 88' lang='lat' dir='ltr'><strong>ejus,</strong></span> <span class='ocrx_word' id='word_1_650' title='bbox 1006 4486 1052 4530; x_wconf 91' lang='lat' dir='ltr'><strong>et</strong></span> <span class='ocrx_word' id='word_1_651' title='bbox 1077 4478 1322 4545; x_wconf 83' lang='lat' dir='ltr'><strong>diripiant</strong></span> <span class='ocrx_word' id='word_1_652' title='bbox 1350 4480 1505 4533; x_wconf 88' lang='lat' dir='ltr'><strong>alieni</strong></span> <span class='ocrx_word' id='word_1_653' title='bbox 1545 4481 1749 4536; x_wconf 87' lang='lat' dir='ltr'><strong>divitias</strong></span> <span class='ocrx_word' id='word_1_654' title='bbox 1788 4498 1981 4536; x_wconf 85' lang='lat' dir='ltr'><strong>eorum.</strong></span> <span class='ocrx_word' id='word_1_655' title='bbox 2009 4481 2129 4534; x_wconf 86' lang='lat' dir='ltr'><strong>Non</strong></span> <span class='ocrx_word' id='word_1_656' title='bbox 2155 4483 2222 4535; x_wconf 89' lang='lat' dir='ltr'><strong>sit</strong></span> 
     </span>
    </p>
   </div>
   <div class='ocr_carea' id='block_1_89' title="bbox 2323 4473 3841 4545">
    <p class='ocr_par' dir='ltr' id='par_1_89' title="bbox 2325 4473 3841 4544">
     <span class='ocr_line' id='line_1_89' title="bbox 2325 4473 3841 4544; baseline -0.008 -11"><span class='ocrx_word' id='word_1_657' title='bbox 2325 4479 2480 4544; x_wconf 88' lang='grc' dir='ltr'><strong>αὑτῷ</strong></span> <span class='ocrx_word' id='word_1_658' title='bbox 2498 4496 2510 4508; x_wconf 75' lang='grc' dir='ltr'>ο</span> <span class='ocrx_word' id='word_1_659' title='bbox 2534 4477 2628 4530; x_wconf 74' lang='grc' dir='ltr'><strong>καὶ</strong></span> <span class='ocrx_word' id='word_1_660' title='bbox 2649 4475 3136 4544; x_wconf 79' lang='grc' dir='ltr'>διαρπασάτωσαν</span> <span class='ocrx_word' id='word_1_661' title='bbox 3152 4476 3447 4540; x_wconf 68' lang='grc' dir='ltr'>ἀλλότριοι</span> <span class='ocrx_word' id='word_1_662' title='bbox 3479 4473 3586 4525; x_wconf 79' lang='grc' dir='ltr'>τὸν</span> <span class='ocrx_word' id='word_1_663' title='bbox 3605 4473 3841 4525; x_wconf 66' lang='grc' dir='ltr'>πλοῦτίτ·</span> 
     </span>
    </p>
   </div>
   <div class='ocr_carea' id='block_1_90' title="bbox 695 4561 2226 4640">
    <p class='ocr_par' dir='ltr' id='par_1_90' title="bbox 695 4565 2222 4640">
     <span class='ocr_line' id='line_1_90' title="bbox 695 4565 2222 4640; baseline 0.004 -24"><span class='ocrx_word' id='word_1_664' title='bbox 695 4565 774 4617; x_wconf 86' lang='lat' dir='ltr'><strong>illi</strong></span> <span class='ocrx_word' id='word_1_665' title='bbox 815 4577 1095 4632; x_wconf 87' lang='lat' dir='ltr'><strong>susceptor,</strong></span> <span class='ocrx_word' id='word_1_666' title='bbox 1127 4583 1215 4620; x_wconf 90' lang='lat' dir='ltr'><strong>nec</strong></span> <span class='ocrx_word' id='word_1_667' title='bbox 1251 4569 1317 4621; x_wconf 91' lang='lat' dir='ltr'><strong>sit</strong></span> <span class='ocrx_word' id='word_1_668' title='bbox 1345 4571 1615 4629; x_wconf 86' lang='lat' dir='ltr'><strong>miserator</strong></span> <span class='ocrx_word' id='word_1_669' title='bbox 1643 4571 1852 4640; x_wconf 84' lang='lat' dir='ltr'><strong>pupillis</strong></span> <span class='ocrx_word' id='word_1_670' title='bbox 1901 4571 2031 4637; x_wconf 87' lang='lat' dir='ltr'><strong>ejus.</strong></span> <span class='ocrx_word' id='word_1_671' title='bbox 2063 4570 2222 4623; x_wconf 86' lang='lat' dir='ltr'><strong>Fiant</strong></span> 
     </span>
    </p>
   </div>
   <div class='ocr_carea' id='block_1_91' title="bbox 2323 4561 3842 4640">
    <p class='ocr_par' dir='ltr' id='par_1_91' title="bbox 2326 4561 3842 4635">
     <span class='ocr_line' id='line_1_91' title="bbox 2326 4561 3842 4635; baseline -0.009 -12"><span class='ocrx_word' id='word_1_672' title='bbox 2326 4570 2538 4625; x_wconf 83' lang='grc' dir='ltr'><strong>αὐτῶν.</strong></span> <span class='ocrx_word' id='word_1_673' title='bbox 2595 4565 2687 4635; x_wconf 82' lang='grc' dir='ltr'><strong>Μὴ</strong></span> <span class='ocrx_word' id='word_1_674' title='bbox 2741 4563 3051 4632; x_wconf 79' lang='grc' dir='ltr'>ὑπαρξάτω</span> <span class='ocrx_word' id='word_1_675' title='bbox 3109 4562 3265 4626; x_wconf 87' lang='grc' dir='ltr'><strong>αὺτῷ</strong></span> <span class='ocrx_word' id='word_1_676' title='bbox 3299 4561 3842 4629; x_wconf 56' lang='grc' dir='ltr'>ἀντιλήπτωρ,μοπι’ὲ</span> 
     </span>
    </p>
   </div>
   <div class='ocr_carea' id='block_1_92' title="bbox 694 4649 2226 4732">
    <p class='ocr_par' dir='ltr' id='par_1_92' title="bbox 694 4649 2226 4729">
     <span class='ocr_line' id='line_1_92' title="bbox 694 4649 2226 4729; baseline 0.004 -22"><span class='ocrx_word' id='word_1_677' title='bbox 694 4657 804 4708; x_wconf 90' lang='lat' dir='ltr'><strong>nati</strong></span> <span class='ocrx_word' id='word_1_678' title='bbox 849 4656 958 4723; x_wconf 87' lang='lat' dir='ltr'><strong>ejus</strong></span> <span class='ocrx_word' id='word_1_679' title='bbox 1001 4657 1056 4709; x_wconf 88' lang='lat' dir='ltr'><strong>in</strong></span> <span class='ocrx_word' id='word_1_680' title='bbox 1097 4657 1381 4722; x_wconf 88' lang='lat' dir='ltr'><strong>interitum,</strong></span> <span class='ocrx_word' id='word_1_681' title='bbox 1415 4659 1468 4712; x_wconf 89' lang='lat' dir='ltr'><strong>in</strong></span> <span class='ocrx_word' id='word_1_682' title='bbox 1509 4663 1830 4729; x_wconf 87' lang='lat' dir='ltr'><strong>generatione</strong></span> <span class='ocrx_word' id='word_1_683' title='bbox 1854 4649 1966 4713; x_wconf 82' lang='lat' dir='ltr'><strong>una</strong></span> <span class='ocrx_word' id='word_1_684' title='bbox 1995 4661 2226 4714; x_wconf 89' lang='lat' dir='ltr'><strong>deleatur</strong></span> 
     </span>
    </p>
   </div>
   <div class='ocr_carea' id='block_1_93' title="bbox 2323 4649 3840 4732">
    <p class='ocr_par' dir='ltr' id='par_1_93' title="bbox 2325 4650 3840 4732">
     <span class='ocr_line' id='line_1_93' title="bbox 2325 4650 3840 4732; baseline -0.008 -18"><span class='ocrx_word' id='word_1_685' title='bbox 2325 4659 2617 4732; x_wconf 74' lang='grc' dir='ltr'>γενηθήτω</span> <span class='ocrx_word' id='word_1_686' title='bbox 2647 4657 2954 4723; x_wconf 60' lang='grc' dir='ltr'>οἰκτίρμων</span> <span class='ocrx_word' id='word_1_687' title='bbox 2989 4653 3110 4717; x_wconf 81' lang='grc' dir='ltr'><strong>τοῖς</strong></span> <span class='ocrx_word' id='word_1_688' title='bbox 3141 4650 3414 4719; x_wconf 68' lang='grc' dir='ltr'><strong>ὀρφανοῖς</strong></span> <span class='ocrx_word' id='word_1_689' title='bbox 3438 4651 3644 4703; x_wconf 73' lang='grc' dir='ltr'><strong>αὑτοῦ.</strong></span> <span class='ocrx_word' id='word_1_690' title='bbox 3679 4653 3840 4712; x_wconf 86' lang='grc' dir='ltr'><em>Γ</em></span> 
     </span>
    </p>
   </div>
   <div class='ocr_carea' id='block_1_94' title="bbox 695 4738 2226 4822">
    <p class='ocr_par' dir='ltr' id='par_1_94' title="bbox 695 4743 2226 4822">
     <span class='ocr_line' id='line_1_94' title="bbox 695 4743 2226 4822; baseline 0.004 -25"><span class='ocrx_word' id='word_1_691' title='bbox 695 4761 873 4798; x_wconf 89' lang='lat' dir='ltr'><strong>nomen</strong></span> <span class='ocrx_word' id='word_1_692' title='bbox 895 4746 1026 4813; x_wconf 85' lang='lat' dir='ltr'><strong>ejus.</strong></span> <span class='ocrx_word' id='word_1_693' title='bbox 1078 4743 1426 4815; x_wconf 75' lang='lat' dir='ltr'><strong>Symmachus</strong></span> <span class='ocrx_word' id='word_1_694' title='bbox 1458 4765 1582 4804; x_wconf 87' lang='lat' dir='ltr'><strong>vero</strong></span> <span class='ocrx_word' id='word_1_695' title='bbox 1615 4751 1692 4805; x_wconf 90' lang='lat' dir='ltr'><strong>sic</strong></span> <span class='ocrx_word' id='word_1_696' title='bbox 1714 4794 1727 4812; x_wconf 90' lang='lat'><strong>,</strong></span> <span class='ocrx_word' id='word_1_697' title='bbox 1767 4750 1990 4822; x_wconf 73' lang='lat' dir='ltr'><strong>Colligat</strong></span> <span class='ocrx_word' id='word_1_698' title='bbox 2015 4763 2226 4807; x_wconf 76' lang='lat' dir='ltr'><strong>exactor</strong></span> 
     </span>
    </p>
   </div>
   <div class='ocr_carea' id='block_1_95' title="bbox 2323 4738 3842 4822">
    <p class='ocr_par' dir='ltr' id='par_1_95' title="bbox 2325 4738 3842 4809">
     <span class='ocr_line' id='line_1_95' title="bbox 2325 4738 3842 4809; baseline -0.007 -9"><span class='ocrx_word' id='word_1_699' title='bbox 2325 4748 2477 4808; x_wconf 84' lang='grc' dir='ltr'>θήτω</span> <span class='ocrx_word' id='word_1_700' title='bbox 2500 4751 2572 4798; x_wconf 79' lang='grc' dir='ltr'><strong>τὰ</strong></span> <span class='ocrx_word' id='word_1_701' title='bbox 2605 4744 2779 4798; x_wconf 80' lang='grc' dir='ltr'>τέκνα</span> <span class='ocrx_word' id='word_1_702' title='bbox 2800 4741 2981 4795; x_wconf 84' lang='grc' dir='ltr'>αὑτοῦ</span> <span class='ocrx_word' id='word_1_703' title='bbox 3027 4743 3108 4803; x_wconf 79' lang='grc' dir='ltr'>είς</span> <span class='ocrx_word' id='word_1_704' title='bbox 3129 4739 3566 4804; x_wconf 74' lang='grc' dir='ltr'>ἐξολόθρευσιν,</span> <span class='ocrx_word' id='word_1_705' title='bbox 3602 4741 3672 4792; x_wconf 84' lang='grc' dir='ltr'>ἐν</span> <span class='ocrx_word' id='word_1_706' title='bbox 3693 4738 3842 4809; x_wconf 66' lang='grc' dir='ltr'>γεντᾷ</span> 
     </span>
    </p>
   </div>
   <div class='ocr_carea' id='block_1_96' title="bbox 695 4835 2222 4904">
    <p class='ocr_par' dir='ltr' id='par_1_96' title="bbox 695 4835 2222 4904">
     <span class='ocr_line' id='line_1_96' title="bbox 695 4835 2222 4904; baseline 0.005 -17"><span class='ocrx_word' id='word_1_707' title='bbox 695 4838 866 4887; x_wconf 87' lang='lat' dir='ltr'><strong>omnia</strong></span> <span class='ocrx_word' id='word_1_708' title='bbox 892 4851 1006 4904; x_wconf 67' lang='lat' dir='ltr'><strong>qua:</strong></span> <span class='ocrx_word' id='word_1_709' title='bbox 1036 4844 1152 4887; x_wconf 88' lang='lat' dir='ltr'><strong>sunt</strong></span> <span class='ocrx_word' id='word_1_710' title='bbox 1185 4835 1301 4902; x_wconf 87' lang='lat' dir='ltr'><strong>ipsi.</strong></span> <span class='ocrx_word' id='word_1_711' title='bbox 1340 4837 1629 4895; x_wconf 79' lang='lat' dir='ltr'><strong>Exactores</strong></span> <span class='ocrx_word' id='word_1_712' title='bbox 1657 4849 1832 4895; x_wconf 85' lang='lat' dir='ltr'><strong>autem</strong></span> <span class='ocrx_word' id='word_1_713' title='bbox 1865 4843 2222 4895; x_wconf 78' lang='lat' dir='ltr'><strong>Romanorum</strong></span> 
     </span>
    </p>
   </div>
   <div class='ocr_carea' id='block_1_97' title="bbox 697 4925 2223 5000">
    <p class='ocr_par' dir='ltr' id='par_1_97' title="bbox 697 4925 2223 5000">
     <span class='ocr_line' id='line_1_97' title="bbox 697 4925 2223 5000; baseline 0.005 -23"><span class='ocrx_word' id='word_1_714' title='bbox 697 4926 1043 4991; x_wconf 87' lang='lat' dir='ltr'><strong>imperatores</strong></span> <span class='ocrx_word' id='word_1_715' title='bbox 1070 4935 1216 4987; x_wconf 88' lang='lat' dir='ltr'><strong>sunt,</strong></span> <span class='ocrx_word' id='word_1_716' title='bbox 1243 4925 1544 4995; x_wconf 87' lang='lat' dir='ltr'><strong>impositum</strong></span> <span class='ocrx_word' id='word_1_717' title='bbox 1571 4931 1796 5000; x_wconf 75' lang='lat' dir='ltr'><strong>vectigal</strong></span> <span class='ocrx_word' id='word_1_718' title='bbox 1836 4932 2125 5000; x_wconf 81' lang='lat' dir='ltr'><strong>exigentes.</strong></span> <span class='ocrx_word' id='word_1_719' title='bbox 2159 4931 2223 4985; x_wconf 83' lang='lat' dir='ltr'><strong>lli</strong></span> 
     </span>
    </p>
   </div>
   <div class='ocr_carea' id='block_1_98' title="bbox 696 5012 2222 5087">
    <p class='ocr_par' dir='ltr' id='par_1_98' title="bbox 696 5012 2222 5087">
     <span class='ocr_line' id='line_1_98' title="bbox 696 5012 2222 5087; baseline 0.006 -23"><span class='ocrx_word' id='word_1_720' title='bbox 696 5025 855 5079; x_wconf 89' lang='lat' dir='ltr'><strong>porro</strong></span> <span class='ocrx_word' id='word_1_721' title='bbox 879 5014 1055 5065; x_wconf 89' lang='lat' dir='ltr'><strong>omnia</strong></span> <span class='ocrx_word' id='word_1_722' title='bbox 1083 5012 1385 5066; x_wconf 64' lang='lat' dir='ltr'><strong>Judaaorum</strong></span> <span class='ocrx_word' id='word_1_723' title='bbox 1417 5015 1556 5069; x_wconf 87' lang='lat' dir='ltr'><strong>bona</strong></span> <span class='ocrx_word' id='word_1_724' title='bbox 1585 5019 1940 5087; x_wconf 88' lang='lat' dir='ltr'><strong>diripuerunt,</strong></span> <span class='ocrx_word' id='word_1_725' title='bbox 1976 5028 2222 5073; x_wconf 88' lang='lat' dir='ltr'><strong>accurate</strong></span> 
     </span>
    </p>
   </div>
   <div class='ocr_carea' id='block_1_99' title="bbox 697 5101 2220 5172">
    <p class='ocr_par' dir='ltr' id='par_1_99' title="bbox 697 5101 2220 5172">
     <span class='ocr_line' id='line_1_99' title="bbox 697 5101 2220 5172; baseline 0.007 -20"><span class='ocrx_word' id='word_1_726' title='bbox 697 5101 876 5154; x_wconf 87' lang='lat' dir='ltr'><strong>omnia</strong></span> <span class='ocrx_word' id='word_1_727' title='bbox 905 5111 1226 5166; x_wconf 84' lang='lat' dir='ltr'><strong>scrutantes,</strong></span> <span class='ocrx_word' id='word_1_728' title='bbox 1259 5105 1329 5155; x_wconf 88' lang='lat' dir='ltr'><strong>ita</strong></span> <span class='ocrx_word' id='word_1_729' title='bbox 1377 5114 1430 5156; x_wconf 89' lang='lat' dir='ltr'><strong>ut</strong></span> <span class='ocrx_word' id='word_1_730' title='bbox 1473 5109 1682 5161; x_wconf 87' lang='lat' dir='ltr'><strong>occulta</strong></span> <span class='ocrx_word' id='word_1_731' title='bbox 1707 5110 1875 5172; x_wconf 22' lang='lat' dir='ltr'><strong>“etiam</strong></span> <span class='ocrx_word' id='word_1_732' title='bbox 1921 5111 2220 5164; x_wconf 85' lang='lat' dir='ltr'><strong>invenirent</strong></span> 
     </span>
    </p>
   </div>
   <div class='ocr_carea' id='block_1_100' title="bbox 697 5193 2215 5270">
    <p class='ocr_par' dir='ltr' id='par_1_100' title="bbox 697 5193 2215 5270">
     <span class='ocr_line' id='line_1_100' title="bbox 697 5193 2215 5270; baseline 0.006 -27"><span class='ocrx_word' id='word_1_733' title='bbox 697 5193 903 5260; x_wconf 86' lang='lat' dir='ltr'><strong>sibique</strong></span> <span class='ocrx_word' id='word_1_734' title='bbox 932 5193 1277 5249; x_wconf 83' lang='lat' dir='ltr'><strong>vindicarent.</strong></span> <span class='ocrx_word' id='word_1_735' title='bbox 1313 5195 1404 5250; x_wconf 85' lang='lat' dir='ltr'><strong>His</strong></span> <span class='ocrx_word' id='word_1_736' title='bbox 1436 5212 1557 5249; x_wconf 81' lang='lat' dir='ltr'><strong>vero</strong></span> <span class='ocrx_word' id='word_1_737' title='bbox 1592 5201 1770 5264; x_wconf 75' lang='lat' dir='ltr'><strong>gestis,</strong></span> <span class='ocrx_word' id='word_1_738' title='bbox 1803 5209 2081 5270; x_wconf 91' lang='lat' dir='ltr'><strong>postquam</strong></span> <span class='ocrx_word' id='word_1_739' title='bbox 2115 5201 2215 5253; x_wconf 84' lang='lat' dir='ltr'><strong>ini-</strong></span> 
     </span>
    </p>
   </div>
   <div class='ocr_carea' id='block_1_101' title="bbox 699 5282 2219 5350">
    <p class='ocr_par' dir='ltr' id='par_1_101' title="bbox 699 5282 2219 5350">
     <span class='ocr_line' id='line_1_101' title="bbox 699 5282 2219 5350; baseline 0.007 -20"><span class='ocrx_word' id='word_1_740' title='bbox 699 5282 816 5333; x_wconf 86' lang='lat' dir='ltr'><strong>mici</strong></span> <span class='ocrx_word' id='word_1_741' title='bbox 851 5282 990 5334; x_wconf 91' lang='lat' dir='ltr'><strong>bona</strong></span> <span class='ocrx_word' id='word_1_742' title='bbox 1019 5283 1249 5350; x_wconf 86' lang='lat' dir='ltr'><strong>ipsorum</strong></span> <span class='ocrx_word' id='word_1_743' title='bbox 1281 5285 1417 5339; x_wconf 90' lang='lat' dir='ltr'><strong>inter</strong></span> <span class='ocrx_word' id='word_1_744' title='bbox 1439 5301 1495 5339; x_wconf 89' lang='lat' dir='ltr'><strong>se</strong></span> <span class='ocrx_word' id='word_1_745' title='bbox 1527 5285 1824 5349; x_wconf 86' lang='lat' dir='ltr'><strong>diviserint,</strong></span> <span class='ocrx_word' id='word_1_746' title='bbox 1857 5304 2011 5343; x_wconf 91' lang='lat' dir='ltr'><strong>nemo</strong></span> <span class='ocrx_word' id='word_1_747' title='bbox 2035 5290 2098 5343; x_wconf 88' lang='lat' dir='ltr'><strong>iis</strong></span> <span class='ocrx_word' id='word_1_748' title='bbox 2127 5288 2219 5340; x_wconf 89' lang='lat' dir='ltr'><strong>ad-</strong></span> 
     </span>
    </p>
   </div>
   <div class='ocr_carea' id='block_1_102' title="bbox 699 5367 2224 5446">
    <p class='ocr_par' dir='ltr' id='par_1_102' title="bbox 699 5367 2224 5446">
     <span class='ocr_line' id='line_1_102' title="bbox 699 5367 2224 5446; baseline 0.01 -30"><span class='ocrx_word' id='word_1_749' title='bbox 699 5367 836 5430; x_wconf 80' lang='lat' dir='ltr'><strong>iutor</strong></span> <span class='ocrx_word' id='word_1_750' title='bbox 861 5371 984 5430; x_wconf 90' lang='lat' dir='ltr'><strong>erit,</strong></span> <span class='ocrx_word' id='word_1_751' title='bbox 1011 5383 1107 5422; x_wconf 89' lang='lat' dir='ltr'><strong>nec</strong></span> <span class='ocrx_word' id='word_1_752' title='bbox 1127 5385 1305 5424; x_wconf 88' lang='lat' dir='ltr'><strong>eorum</strong></span> <span class='ocrx_word' id='word_1_753' title='bbox 1331 5374 1452 5428; x_wconf 80' lang='lat' dir='ltr'><strong>filiis</strong></span> <span class='ocrx_word' id='word_1_754' title='bbox 1481 5385 1743 5443; x_wconf 85' lang='lat' dir='ltr'><strong>parcetur.</strong></span> <span class='ocrx_word' id='word_1_755' title='bbox 1769 5374 1966 5431; x_wconf 90' lang='lat' dir='ltr'><strong>Deinde</strong></span> <span class='ocrx_word' id='word_1_756' title='bbox 1994 5377 2224 5446; x_wconf 52' lang='lat' dir='ltr'><strong>quadras</strong></span> 
     </span>
    </p>
   </div>
   <div class='ocr_carea' id='block_1_103' title="bbox 701 5458 2219 5537">
    <p class='ocr_par' dir='ltr' id='par_1_103' title="bbox 701 5458 2219 5537">
     <span class='ocr_line' id='line_1_103' title="bbox 701 5458 2219 5537; baseline 0.009 -30"><span class='ocrx_word' id='word_1_757' title='bbox 701 5458 838 5524; x_wconf 88' lang='lat' dir='ltr'><strong>ginta</strong></span> <span class='ocrx_word' id='word_1_758' title='bbox 867 5459 1099 5512; x_wconf 89' lang='lat' dir='ltr'><strong>nondum</strong></span> <span class='ocrx_word' id='word_1_759' title='bbox 1128 5461 1320 5528; x_wconf 87' lang='lat' dir='ltr'><strong>elapsis</strong></span> <span class='ocrx_word' id='word_1_760' title='bbox 1349 5467 1523 5533; x_wconf 87' lang='lat' dir='ltr'><strong>annis,</strong></span> <span class='ocrx_word' id='word_1_761' title='bbox 1553 5464 1854 5521; x_wconf 73' lang='lat' dir='ltr'><strong>Judaeorum</strong></span> <span class='ocrx_word' id='word_1_762' title='bbox 1890 5469 2115 5537; x_wconf 87' lang='lat' dir='ltr'><strong>populus</strong></span> <span class='ocrx_word' id='word_1_763' title='bbox 2139 5469 2219 5520; x_wconf 88' lang='lat' dir='ltr'><strong>in-</strong></span> 
     </span>
    </p>
   </div>
   <div class='ocr_carea' id='block_1_104' title="bbox 702 5548 1342 5604">
    <p class='ocr_par' dir='ltr' id='par_1_104' title="bbox 702 5548 1342 5604">
     <span class='ocr_line' id='line_1_104' title="bbox 702 5548 1342 5604; baseline 0.011 -7"><span class='ocrx_word' id='word_1_764' title='bbox 702 5551 999 5602; x_wconf 73' lang='lat' dir='ltr'><strong>ternecione</strong></span> <span class='ocrx_word' id='word_1_765' title='bbox 1031 5548 1234 5602; x_wconf 86' lang='lat' dir='ltr'><strong>deletus</strong></span> <span class='ocrx_word' id='word_1_766' title='bbox 1261 5559 1342 5604; x_wconf 83' lang='lat' dir='ltr'><strong>est</strong></span> 
     </span>
    </p>
   </div>
   <div class='ocr_carea' id='block_1_105' title="bbox 768 5799 1242 5866">
    <p class='ocr_par' dir='ltr' id='par_1_105' title="bbox 768 5799 1242 5866">
     <span class='ocr_line' id='line_1_105' title="bbox 768 5799 1242 5866; baseline 0 -12"><span class='ocrx_word' id='word_1_767' title='bbox 768 5805 806 5835; x_wconf 67' lang='grc' dir='ltr'>θ’</span> <span class='ocrx_word' id='word_1_768' title='bbox 849 5799 1028 5855; x_wconf 77' lang='lat' dir='ltr'><strong>Matth.</strong></span> <span class='ocrx_word' id='word_1_769' title='bbox 1069 5820 1125 5866; x_wconf 70' lang='grc' dir='ltr'>γ,</span> <span class='ocrx_word' id='word_1_770' title='bbox 1157 5803 1242 5861; x_wconf 69' lang='grc'><strong>44.</strong></span> 
     </span>
    </p>
   </div>
   <div class='ocr_carea' id='block_1_106' title="bbox 2319 4827 3842 4905">
    <p class='ocr_par' dir='ltr' id='par_1_106' title="bbox 2319 4827 3842 4905">
     <span class='ocr_line' id='line_1_106' title="bbox 2319 4827 3842 4905; baseline -0.006 -18"><span class='ocrx_word' id='word_1_771' title='bbox 2319 4835 2421 4905; x_wconf 81' lang='grc' dir='ltr'>μιᾷ</span> <span class='ocrx_word' id='word_1_772' title='bbox 2439 4835 2805 4903; x_wconf 73' lang='grc' dir='ltr'>ἐξαλειφθείη</span> <span class='ocrx_word' id='word_1_773' title='bbox 2852 4831 2918 4884; x_wconf 86' lang='grc' dir='ltr'><strong>τὸ</strong></span> <span class='ocrx_word' id='word_1_774' title='bbox 2948 4830 3129 4898; x_wconf 79' lang='grc' dir='ltr'>ὄνομα</span> <span class='ocrx_word' id='word_1_775' title='bbox 3161 4827 3359 4880; x_wconf 80' lang='grc' dir='ltr'><strong>αὐτοῦ.</strong></span> <span class='ocrx_word' id='word_1_776' title='bbox 3415 4828 3472 4879; x_wconf 91' lang='lat'><strong>&#39;0</strong></span> <span class='ocrx_word' id='word_1_777' title='bbox 3492 4828 3549 4881; x_wconf 79' lang='grc' dir='ltr'>δὲ</span> <span class='ocrx_word' id='word_1_778' title='bbox 3573 4830 3842 4899; x_wconf 73' lang='grc' dir='ltr'>Σύμμαχες</span> 
     </span>
    </p>
   </div>
   <div class='ocr_carea' id='block_1_107' title="bbox 2323 4915 3842 4990">
    <p class='ocr_par' dir='ltr' id='par_1_107' title="bbox 2323 4915 3842 4990">
     <span class='ocr_line' id='line_1_107' title="bbox 2323 4915 3842 4990; baseline -0.004 -16"><span class='ocrx_word' id='word_1_779' title='bbox 2323 4924 2479 4986; x_wconf 73' lang='grc' dir='ltr'>οὓτω,</span> <span class='ocrx_word' id='word_1_780' title='bbox 2508 4920 2873 4990; x_wconf 82' lang='grc' dir='ltr'>Συγκρούσαι</span> <span class='ocrx_word' id='word_1_781' title='bbox 2895 4915 3162 4983; x_wconf 81' lang='grc' dir='ltr'>πράκτωρ</span> <span class='ocrx_word' id='word_1_782' title='bbox 3193 4915 3382 4967; x_wconf 80' lang='grc' dir='ltr'>πάντα</span> <span class='ocrx_word' id='word_1_783' title='bbox 3407 4916 3477 4968; x_wconf 87' lang='grc' dir='ltr'><strong>τὰ</strong></span> <span class='ocrx_word' id='word_1_784' title='bbox 3494 4917 3842 4983; x_wconf 67' lang='grc' dir='ltr'>,ὑπάρχοντα</span> 
     </span>
    </p>
   </div>
   <div class='ocr_carea' id='block_1_108' title="bbox 2324 5007 3841 5081">
    <p class='ocr_par' dir='ltr' id='par_1_108' title="bbox 2324 5007 3841 5081">
     <span class='ocr_line' id='line_1_108' title="bbox 2324 5007 3841 5081; baseline -0.005 -16"><span class='ocrx_word' id='word_1_785' title='bbox 2324 5013 2495 5076; x_wconf 83' lang='grc' dir='ltr'><strong>αὐτῷ.</strong></span> <span class='ocrx_word' id='word_1_786' title='bbox 2553 5012 2859 5081; x_wconf 84' lang='grc' dir='ltr'>Πράκτορες</span> <span class='ocrx_word' id='word_1_787' title='bbox 2886 5007 2941 5058; x_wconf 84' lang='grc' dir='ltr'><strong>δὲ</strong></span> <span class='ocrx_word' id='word_1_788' title='bbox 2972 5008 3063 5059; x_wconf 69' lang='grc' dir='ltr'><strong>καὶ</strong></span> <span class='ocrx_word' id='word_1_789' title='bbox 3084 5008 3132 5057; x_wconf 90' lang='grc' dir='ltr'>οἱ</span> <span class='ocrx_word' id='word_1_790' title='bbox 3179 5007 3452 5076; x_wconf 89' lang='grc' dir='ltr'>Ῥωμαίων</span> <span class='ocrx_word' id='word_1_791' title='bbox 3498 5007 3734 5074; x_wconf 79' lang='grc' dir='ltr'><strong>βασιλεῖς</strong></span> <span class='ocrx_word' id='word_1_792' title='bbox 3769 5008 3841 5058; x_wconf 55' lang='grc' dir='ltr'><strong>τὸ,</strong></span> 
     </span>
    </p>
   </div>
   <div class='ocr_carea' id='block_1_109' title="bbox 2323 5089 3842 5171">
    <p class='ocr_par' dir='ltr' id='par_1_109' title="bbox 2323 5089 3842 5171">
     <span class='ocr_line' id='line_1_109' title="bbox 2323 5089 3842 5171; baseline -0.006 -19"><span class='ocrx_word' id='word_1_793' title='bbox 2323 5101 2655 5171; x_wconf 79' lang='grc' dir='ltr'>ἐπικείμενον</span> <span class='ocrx_word' id='word_1_794' title='bbox 2689 5096 3120 5167; x_wconf 78' lang='grc' dir='ltr'>εἰσπραττόμενοι</span> <span class='ocrx_word' id='word_1_795' title='bbox 3155 5095 3330 5163; x_wconf 77' lang='grc' dir='ltr'>φόρον.</span> <span class='ocrx_word' id='word_1_796' title='bbox 3359 5089 3516 5148; x_wconf 70' lang='grc' dir='ltr'>Οὗτοι</span> <span class='ocrx_word' id='word_1_797' title='bbox 3546 5093 3601 5148; x_wconf 73' lang='grc' dir='ltr'>δὲ</span> <span class='ocrx_word' id='word_1_798' title='bbox 3633 5095 3701 5147; x_wconf 71' lang='grc' dir='ltr'>τὰ</span> <span class='ocrx_word' id='word_1_799' title='bbox 3735 5096 3842 5146; x_wconf 57' lang='grc' dir='ltr'>Ἰεν-</span> 
     </span>
    </p>
   </div>
   <div class='ocr_carea' id='block_1_110' title="bbox 2321 5186 3843 5260">
    <p class='ocr_par' dir='ltr' id='par_1_110' title="bbox 2321 5186 3843 5260">
     <span class='ocr_line' id='line_1_110' title="bbox 2321 5186 3843 5260; baseline -0.003 -17"><span class='ocrx_word' id='word_1_800' title='bbox 2321 5191 2479 5243; x_wconf 81' lang='grc' dir='ltr'>δαίων</span> <span class='ocrx_word' id='word_1_801' title='bbox 2506 5192 2825 5260; x_wconf 84' lang='grc' dir='ltr'>διήρπασαν,</span> <span class='ocrx_word' id='word_1_802' title='bbox 2855 5188 3060 5238; x_wconf 73' lang='grc' dir='ltr'>ἅπαντα</span> <span class='ocrx_word' id='word_1_803' title='bbox 3085 5187 3319 5255; x_wconf 73' lang='grc' dir='ltr'>ἀκριϐῶς</span> <span class='ocrx_word' id='word_1_804' title='bbox 3350 5187 3753 5257; x_wconf 77' lang='grc' dir='ltr'>ἐρευνήσαντες,</span> 
     </span>
    </p>
   </div>
   <div class='ocr_carea' id='block_1_111' title="bbox 2323 5273 3842 5348">
    <p class='ocr_par' dir='ltr' id='par_1_111' title="bbox 2323 5273 3842 5348">
     <span class='ocr_line' id='line_1_111' title="bbox 2323 5273 3842 5348; baseline -0.004 -19"><span class='ocrx_word' id='word_1_805' title='bbox 2323 5280 2413 5330; x_wconf 72' lang='grc' dir='ltr'>καὶ</span> <span class='ocrx_word' id='word_1_806' title='bbox 2433 5279 2496 5331; x_wconf 75' lang='grc' dir='ltr'>τὰ</span> <span class='ocrx_word' id='word_1_807' title='bbox 2513 5277 2859 5348; x_wconf 82' lang='grc' dir='ltr'>κεκρυμμένα</span> <span class='ocrx_word' id='word_1_808' title='bbox 2872 5277 3045 5342; x_wconf 80' lang='grc' dir='ltr'>εὑρεῖν</span> <span class='ocrx_word' id='word_1_809' title='bbox 3059 5291 3117 5325; x_wconf 89' lang='grc' dir='ltr'><strong>τε</strong></span> <span class='ocrx_word' id='word_1_810' title='bbox 3134 5276 3221 5327; x_wconf 71' lang='grc' dir='ltr'><strong>καὶ</strong></span> <span class='ocrx_word' id='word_1_811' title='bbox 3241 5273 3784 5344; x_wconf 69' lang='grc' dir='ltr'>σφετερίσαι.Τοὺτων</span> <span class='ocrx_word' id='word_1_812' title='bbox 3797 5275 3842 5323; x_wconf 67' lang='grc' dir='ltr'>δὲ</span> 
     </span>
    </p>
   </div>
   <div class='ocr_carea' id='block_1_112' title="bbox 2322 5364 3840 5438">
    <p class='ocr_par' dir='ltr' id='par_1_112' title="bbox 2322 5364 3840 5438">
     <span class='ocr_line' id='line_1_112' title="bbox 2322 5364 3840 5438; baseline -0.003 -20"><span class='ocrx_word' id='word_1_813' title='bbox 2322 5369 2638 5438; x_wconf 80' lang='grc' dir='ltr'>γενομένων,</span> <span class='ocrx_word' id='word_1_814' title='bbox 2679 5366 2769 5417; x_wconf 74' lang='grc' dir='ltr'>καὶ</span> <span class='ocrx_word' id='word_1_815' title='bbox 2795 5364 2900 5415; x_wconf 81' lang='grc' dir='ltr'><strong>τῶν</strong></span> <span class='ocrx_word' id='word_1_816' title='bbox 2939 5364 3200 5432; x_wconf 88' lang='grc' dir='ltr'>πολεμίων</span> <span class='ocrx_word' id='word_1_817' title='bbox 3216 5367 3280 5417; x_wconf 82' lang='grc' dir='ltr'><strong>τὰ</strong></span> <span class='ocrx_word' id='word_1_818' title='bbox 3295 5365 3498 5424; x_wconf 78' lang='grc' dir='ltr'>τούτοις</span> <span class='ocrx_word' id='word_1_819' title='bbox 3517 5367 3840 5433; x_wconf 62' lang='grc' dir='ltr'>προσήκοντα</span> 
     </span>
    </p>
   </div>
   <div class='ocr_carea' id='block_1_113' title="bbox 2321 5452 3836 5527">
    <p class='ocr_par' dir='ltr' id='par_1_113' title="bbox 2321 5452 3836 5527">
     <span class='ocr_line' id='line_1_113' title="bbox 2321 5452 3836 5527; baseline -0.005 -19"><span class='ocrx_word' id='word_1_820' title='bbox 2321 5458 2732 5527; x_wconf 82' lang='grc' dir='ltr'>διανεμομένων,</span> <span class='ocrx_word' id='word_1_821' title='bbox 2751 5454 2916 5515; x_wconf 75' lang='grc' dir='ltr'>οὐδεὶς</span> <span class='ocrx_word' id='word_1_822' title='bbox 2929 5454 3102 5517; x_wconf 83' lang='grc' dir='ltr'>αὐτοῖς</span> <span class='ocrx_word' id='word_1_823' title='bbox 3124 5456 3404 5525; x_wconf 82' lang='grc' dir='ltr'>ἐπίκουρος</span> <span class='ocrx_word' id='word_1_824' title='bbox 3426 5452 3591 5515; x_wconf 78' lang='grc' dir='ltr'>ἔσται,</span> <span class='ocrx_word' id='word_1_825' title='bbox 3603 5455 3721 5506; x_wconf 71' lang='grc' dir='ltr'>οὐδὲ</span> <span class='ocrx_word' id='word_1_826' title='bbox 3737 5471 3836 5520; x_wconf 56' lang='grc' dir='ltr'>φεμ</span> 
     </span>
    </p>
   </div>
   <div class='ocr_carea' id='block_1_114' title="bbox 2322 5540 3818 5614">
    <p class='ocr_par' dir='ltr' id='par_1_114' title="bbox 2322 5540 3818 5614">
     <span class='ocr_line' id='line_1_114' title="bbox 2322 5540 3818 5614; baseline -0.001 -18"><span class='ocrx_word' id='word_1_827' title='bbox 2322 5545 2438 5608; x_wconf 79' lang='grc' dir='ltr'>δούς</span> <span class='ocrx_word' id='word_1_828' title='bbox 2465 5546 2696 5612; x_wconf 60' lang='grc' dir='ltr'>αὐτῶν,οί</span> <span class='ocrx_word' id='word_1_829' title='bbox 2724 5545 2905 5606; x_wconf 79' lang='grc' dir='ltr'>παῖδες</span> <span class='ocrx_word' id='word_1_830' title='bbox 2929 5544 3321 5614; x_wconf 77' lang='grc' dir='ltr'>ἀξιωθήσονταιι.</span> <span class='ocrx_word' id='word_1_831' title='bbox 3334 5540 3468 5610; x_wconf 63' lang='grc' dir='ltr'>,Εἶτα</span> <span class='ocrx_word' id='word_1_832' title='bbox 3482 5551 3535 5614; x_wconf 87' lang='grc' dir='ltr'>μ’</span> <span class='ocrx_word' id='word_1_833' title='bbox 3549 5547 3606 5598; x_wconf 68' lang='grc' dir='ltr'><strong>οὗ</strong></span> <span class='ocrx_word' id='word_1_834' title='bbox 3624 5546 3818 5598; x_wconf 65' lang='grc' dir='ltr'>διελθέν</span> 
     </span>
    </p>
   </div>
   <div class='ocr_carea' id='block_1_115' title="bbox 2322 5633 3744 5704">
    <p class='ocr_par' dir='ltr' id='par_1_115' title="bbox 2322 5633 3744 5704">
     <span class='ocr_line' id='line_1_115' title="bbox 2322 5633 3744 5704; baseline -0.004 -14"><span class='ocrx_word' id='word_1_835' title='bbox 2322 5653 2424 5690; x_wconf 84' lang='grc' dir='ltr'>των</span> <span class='ocrx_word' id='word_1_836' title='bbox 2439 5637 2594 5702; x_wconf 77' lang='grc' dir='ltr'>ἐτῶν,</span> <span class='ocrx_word' id='word_1_837' title='bbox 2607 5635 2951 5704; x_wconf 86' lang='grc' dir='ltr'>πανολεθρίαν</span> <span class='ocrx_word' id='word_1_838' title='bbox 2969 5635 3248 5704; x_wconf 79' lang='grc' dir='ltr'>ὑπέμεινεν</span> <span class='ocrx_word' id='word_1_839' title='bbox 3262 5637 3290 5688; x_wconf 87' lang='grc' dir='ltr'>ὁ</span> <span class='ocrx_word' id='word_1_840' title='bbox 3320 5633 3581 5690; x_wconf 79' lang='grc' dir='ltr'>Ἰουδαίων</span> <span class='ocrx_word' id='word_1_841' title='bbox 3603 5636 3744 5696; x_wconf 73' lang='grc' dir='ltr'>λαός.</span> 
     </span>
    </p>
   </div>
  </div>
