3994 6354
47 45 163 209 Ι

150 112 163 125 ι-

150 112 163 125 ι-

165 460 292 517 1857

1167 463 1176 469 ’
1220 460 1710 518 COMMENTARIA
1748 462 1810 517 IN
1852 461 2181 553 PSALMOS.

3179 462 3314 518 1558

238 575 655 647 Ἀναμνησθείη
700 577 740 647 ἠ
770 577 983 648 ἀνομία
1035 566 1151 637 τῶν
1202 580 1465 650 πατέρων
1506 582 1687 636 αὐτοῦ
1715 600 1729 643 λ

1856 580 2016 637 Vens.
2049 582 2229 637 H-lﬁ.
2290 580 2355 634 In
2386 584 2681 635 memoriam
2731 580 2903 635 redeat
2946 568 3191 650 iniquitas
3223 596 3318 648 pa-

162 666 359 722 ἔναντι
389 669 627 737 Κυρίου,
654 670 749 723 καὶ
778 670 818 738 ἡ
858 670 1105 741 ἁμαρτία
1135 673 1245 742 τῆς
1266 674 1485 744 μητρὸς
1515 675 1697 731 αὐτοῦ

159 758 239 827 μὴ
263 758 655 829 ἐξαλειφθείη.
686 760 995 829 Γενηθήτω
1020 763 1291 819 ἐναντίον
1320 768 1536 836 Κυρίου
1586 766 1702 821 δια-

160 852 406 917 παντὸς,
423 854 516 907 καί
531 854 974 924 ἐξολοθρευθείη
1007 856 1075 910 ἐκ
1096 856 1209 925 γῆς
1227 858 1292 911 τὸ
1309 862 1703 929 μνημόσυνον

161 940 378 1005 αὐτῶν,
405 943 530 996 ἀνθ’
565 936 651 997 ὧν
672 944 779 997 οὐκ
802 943 1067 1013 ἐμνήσθη
1099 946 1345 1013 ποιῆσαι
1372 948 1561 1015 ἔλεος.
1588 950 1701 1002 Πα-

162 1028 336 1100 τὲρων
374 1024 538 1100 ἀρετή
578 1029 828 1093 πολλάκις
875 1032 966 1085 καὶ
1006 1032 1488 1105 πλημμελήσαντας
1530 1035 1703 1106 ὢνησε

166 1120 382 1186 παῖδας,
411 1121 487 1183 ὡς
540 1122 663 1184 τοὺς
715 1121 992 1185 Ἰουδαίους
1028 1122 1117 1177 τοῦ
1172 1124 1413 1196 Ἀϐραὰμ
1442 1128 1475 1195 ἡ
1507 1126 1704 1190 πίστις,

166 1211 245 1274 ὡς
274 1213 365 1265 τὸν
390 1212 701 1283 Σολομῶντα
738 1213 830 1267 τοῦ
865 1214 1026 1268 Δαυτδ
1045 1217 1077 1285 ἡ
1109 1214 1352 1270 εὐσέϐεια
1371 1236 1384 1247 ·
1409 1217 1635 1289 πονηρία
1652 1219 1707 1272 δὲ

167 1300 416 1369 πατέρων
440 1303 552 1364 τοῖς
594 1302 798 1371 ὁμοίοις
824 1304 1007 1355 παισὶν
1034 1304 1251 1368 ὲπαύξει
1288 1304 1384 1376 τὴν
1413 1307 1702 1378 τιμωρίαψ

167 1388 395 1458 οὐδεμία
429 1390 537 1459 γὰρ
563 1389 852 1460 οὐδαμόθεν
884 1389 1188 1461 εὑρίσκεται
1227 1390 1435 1460 φειδοῦς
1471 1394 1707 1464 ἀφορμή.

182 1479 602 1547 Ἀναμνησθείη
620 1481 656 1547 ἠ
673 1480 887 1550 ἀνομία
900 1479 1016 1533 τῶν
1030 1482 1293 1550 πατέρων
1315 1483 1454 1535 αὐτο
1464 1482 1495 1535 ὖ
1510 1482 1710 1535 ἔναντι

170 1572 413 1639 Κυρίου.
463 1571 705 1643 Πατέρας
743 1571 798 1624 δὲ
840 1571 1017 1627 αὐτῶν
1052 1573 1205 1626 καλεῖ
1219 1573 1339 1636 τοὺς
1364 1576 1419 1626 ὲν
1439 1576 1503 1644 τῇ
1528 1575 1711 1646 ἐρήμῳ

1797 680 1931 724 trum
1953 672 2065 740 ejus
2096 672 2151 724 in
2195 681 2464 738 conspectu
2497 670 2724 734 Domini,
2759 680 2807 724 et
2844 679 3106 739 peccatum
3132 671 3317 724 matris

1795 763 1907 831 ejus
1932 779 2032 815 non
2051 762 2302 816 deleatur.
2335 761 2455 816 Fiat
2499 772 2680 817 contra
2724 761 2999 817 Dominum
3024 777 3238 830 semper,
3270 774 3319 815 et

1797 856 2054 922 dispereat
2093 854 2154 908 de
2208 862 2347 908 terra
2388 855 2682 910 memoriale
2726 871 2922 918 eorum,
2967 868 3060 920 pro
3095 870 3153 907 eo
3185 850 3323 923 quod

1799 962 1900 998 non
1919 955 1995 999 est
2022 944 2318 1010 recordatus
2344 946 2509 1013 facere
2535 946 2957 1001 misericordiam.
2981 944 3195 998 Patrum
3221 943 3326 995 vir-

1799 1044 1887 1091 tus
1916 1040 2277 1105 saapenumero
2304 1038 2462 1090 etiam
2491 1035 2612 1092 ﬁliis
2643 1036 2986 1105 peccantibus
3010 1033 3231 1103 profuit,
3266 1042 3324 1086 ut

1803 1124 1933 1179 ﬁdes
1955 1124 2176 1179 Abrahae
2200 1122 2418 1187 Iudaeis,
2442 1122 2657 1179 Davidis
2689 1123 2857 1193 pietas
2888 1119 3153 1176 Salomoni
3187 1137 3201 1173 :
3231 1116 3325 1172 sed

1804 1216 2038 1284 pravitas
2072 1223 2352 1284 parentum
2382 1214 2505 1269 ﬁliis
2530 1213 2792 1268 similibus
2823 1226 3035 1282 pinnam
3066 1207 3324 1278 adauget;

1806 1323 1870 1361 ex
1899 1307 2047 1361 nullo
2074 1294 2269 1377 quippe
2310 1306 2428 1359 loco
2471 1304 2648 1373 aliqua
2689 1302 2972 1357 miserendi
3002 1298 3213 1355 occasio
3242 1311 3328 1351 re-

1807 1397 2031 1465 peritur.
2064 1394 2128 1448 In
2170 1394 2469 1448 memoriam
2502 1392 2675 1445 redeat
2712 1390 2957 1460 iniquitas
2985 1398 3189 1457 patrum
3216 1384 3327 1454 ejus

1806 1485 1861 1535 in
1914 1494 2183 1551 conspectu
2224 1482 2450 1536 Domini.
2499 1480 2686 1535 Patres
2733 1490 2905 1533 autem
2947 1492 3131 1532 eorum
3178 1484 3332 1529 vocat

1810 1572 1951 1634 illos,
1999 1573 2089 1641 qui
2123 1574 2175 1625 in
2207 1572 2420 1626 deserto
2464 1570 2622 1639 impie
2652 1583 2710 1623 se
2747 1575 3046 1639 gesserunt,
3082 1558 3173 1634 qui
3199 1572 3334 1618 tem-

171 1663 241 1732 τῇ
296 1660 575 1732 δυσσεϐείᾳ
614 1661 1000 1733 χρησαμένους,
1048 1664 1171 1727 τοὺς
1211 1664 1301 1716 ἐπὶ
1349 1662 1454 1716 τῶν
1490 1644 1706 1735 κριτῶν,

1826 1674 1934 1714 lore
1962 1660 2199 1728 iudicum
2246 1667 2300 1713 et
2338 1674 2542 1729 regum,
2583 1644 2780 1726 quique
2818 1663 2937 1725 post
2989 1653 3215 1709 reditum
3268 1668 3334 1707 ex

173 1753 300 1814 τοὺς
319 1753 410 1804 ἐπὶ
422 1752 525 1806 τῶν
541 1753 837 1823 βασιλειῶν,
860 1755 982 1818 τοὺς
999 1754 1135 1824 μετὰ
1161 1752 1256 1824 τὴν
1279 1753 1384 1806 ἀπὸ
1403 1748 1711 1817 Βαϐυλῶνος

174 1839 430 1893 ἐπάνοδον
442 1842 747 1912 παρανομίᾳ
769 1843 1117 1914 αὐξήσαντας.
1147 1843 1253 1896 Καὶ
1278 1844 1315 1909 ἡ
1340 1842 1587 1910 ἁμαρτία
1606 1840 1714 1909 τῆς

167 1929 395 1997 μητρὸς
436 1931 618 1985 αὑτοῦ
662 1930 746 2000 μὴ
802 1930 1189 1999 ἐξαλειφθείη.
1251 1929 1475 2000 Μητέρα
1521 1929 1574 1981 δὲ
1622 1928 1718 1998 τὴν

185 2018 552 2090 Ἰερουσαλὴμ,
598 2021 656 2073 ὲν
685 2016 839 2094 ᾖτῆς
874 2020 1014 2074 κατὰ
1053 2019 1145 2073 τοῦ
1184 2019 1446 2072 Δεσπότου
1487 2016 1717 2090 Χριστοῦ

182 2110 489 2179 μιαιφονίας
513 2110 775 2183 ἐτολμήθη
801 2110 860 2164 τὸ
879 2110 1063 2180 μῦσος.
1098 2109 1411 2179 Γενηθήτω
1448 2108 1719 2163 ἐναντίον

180 2198 399 2265 Κυρίου
428 2197 764 2264 διαπαντὸς,
790 2199 885 2253 καὶ
924 2198 1361 2267 ἐξολοθρευθείη
1401 2200 1469 2252 ἐκ
1512 2198 1623 2268 m'c
1652 2197 1719 2250 τὸ

175 2288 571 2357 μνημόσυνον
623 2289 835 2354 αὐτῶν,
867 2284 994 2345 ἄνθ’
1026 2282 1112 2348 ὧν
1128 2292 1241 2344 οὐκ
1266 2291 1529 2359 ἐμνήσθη
1561 2287 1722 2355 ποιῆ-

184 2364 504 2448 σαίέλεος.
538 2380 737 2445 Πάντα,
784 2383 936 2453 φησι,
965 2381 1032 2435 τὰ
1071 2372 1160 2435 ὑπ’
1190 2382 1364 2435 αὐτῶν
1392 2378 1722 2450 τολμηθέντα

186 2469 474 2540 παράνομα
528 2470 615 2524 ἀεὶ
659 2469 921 2540 θεώμενος
969 2473 997 2524 ὁ
1029 2471 1192 2533 Θεὸς.
1239 2470 1487 2540 οὐδεμιᾶς
1532 2470 1725 2533 αὐτοὺς

186 2560 406 2627 ἀξιώσει
447 2558 677 2627 φειδοῦς,
712 2559 843 2614 ἀλλὰ
886 2558 1204 2629 πανολεθρίᾳ
1252 2557 1571 2631 παραδώσει.
1617 2561 1725 2613 Καὶ

188 2651 433 2705 ἐντεῦθεν
459 2651 635 2720 μέντοι
663 2650 836 2720 δῆλον,
860 2649 933 2712 ὡς
956 2651 1014 2703 οὐ
1046 2652 1169 2720 περὶ
1217 2651 1374 2720 μόνου
1410 2649 1502 2702 τοῦ
1534 2650 1721 2716 Ἰούδα,

190 2743 328 2797 ἀλλὰ
358 2744 482 2812 περὶ
512 2743 722 2796 πάντων
745 2741 850 2793 τῶν
878 2741 1247 2811 ὴπιστηκότων
1263 2740 1520 2794 Ἰουδαίων
1547 2740 1723 2810 λέγει’

1812 1752 2101 1822 Babylonia
2128 1751 2601 1820 inique'vixerunt.
2632 1748 2700 1802 Et
2724 1759 2984 1818 peccatum
3016 1747 3199 1799 matris
3224 1744 3336 1814 ejus

1816 1857 1918 1895 non
1951 1839 2203 1894 deleatur.
2236 1838 2457 1894 Matrem
2486 1854 2612 1893 vero
2660 1847 2816 1892 vocat
2849 1835 3253 1906 Jerosolymam,
3282 1835 3338 1888 in

1814 1944 1917 1998 qua
1945 1936 2225 1983 cruentum
2275 1936 2463 1983 contra
2496 1925 2777 1982 Dominum
2818 1926 3093 1981 Christum
3134 1925 3341 1979 facinus

1818 2028 2123 2092 perpetrare
2150 2020 2268 2074 ausi
2287 2028 2427 2075 sunt.
2457 2018 2583 2072 Fiat
2608 2027 2787 2072 contra
2816 2017 3094 2072 Dominum
3124 2032 3340 2084 semper,

1819 2120 1868 2164 et
1888 2110 2145 2179 dispereat
2175 2111 2238 2165 de
2277 2120 2414 2164 terra
2450 2109 2746 2164 memoriale
2768 2124 2965 2172 eorum,
3003 2123 3095 2175 pro
3122 2125 3181 2162 eo
3208 2112 3343 2177 quod

1819 2210 2023 2278 nonest
2052 2201 2351 2256 recordatus
2392 2201 2560 2269 facere
2606 2200 3033 2259 misericordiam.
3066 2198 3200 2254 Cum
3231 2214 3347 2252 om-

1819 2294 1930 2356 nia,
1959 2292 2153 2362 inquit,
2180 2292 2247 2346 ab
2271 2292 2351 2347 eis
2375 2291 2607 2347 admissa
2631 2291 2833 2347 scelera
2852 2289 2993 2346 Deus
3030 2302 3239 2357 semper
3265 2288 3349 2340 in~

1818 2391 2056 2448 tueatur,
2078 2384 2234 2454 [nulla
2275 2384 2421 2453 ipsos
2449 2385 2605 2439 venia
2643 2383 2966 2454 dignabitur,
2997 2380 3087 2436 sed
3114 2381 3350 2434 interne-

1820 2473 1965 2528 cioni
2008 2473 2203 2527 tradet.
2250 2474 2424 2544 Atque
2457 2474 2583 2528 hinc
2626 2475 2798 2543 palam
2840 2482 2942 2536 est,
2994 2486 3103 2527 non
3139 2469 3206 2525 de
3237 2468 3353 2524 solo

1818 2561 1976 2627 Juda,
2015 2563 2110 2619 sed
2139 2563 2205 2618 de
2235 2564 2482 2617 omnibus
2511 2561 2801 2617 incredulis
2828 2561 3025 2618 Judaais
3052 2562 3164 2617 haec
3190 2558 3298 2615 dici
3332 2576 3349 2613 :

1820 2668 1945 2708 nam
1972 2668 2002 2707 a
2019 2654 2272 2725 singulari
2286 2667 2513 2724 persona
2539 2652 2603 2706 a'd
2634 2651 2832 2707 multos
2851 2664 3149 2706 sermonem
3172 2658 3355 2704 trans-

1823 2746 1969 2813 tulit;
1998 2748 2105 2801 no'n
2131 2744 2272 2801 enim
2294 2744 2404 2813 jam
2434 2742 2583 2812 dicit,
2610 2742 2743 2811 ejus,
2798 2740 2915 2805 sed,
2939 2757 3133 2796 eorum.

190 2836 300 2888 ἀπὸ
347 2834 451 2904 γὰρ
495 2833 670 2887 ἑνικοῦ
716 2833 1000 2904 προσώπου
1037 2833 1126 2886 ἐπὶ
1174 2834 1235 2885 τὸ
1287 2832 1637 2897 πληθυντικὸν
1684 2835 1774 2890 τὸν
1821 2835 1973 2905 λόγον
2019 2838 2369 2908 μετήνεγκεν·
2401 2835 2578 2890 οὐκέτι
2620 2834 2728 2905 γὰρ
2775 2830 2943 2894 εἶπεν,
2988 2830 3188 2897 αὐτοῦ,
3219 2828 3359 2910 ἀλλ’,

191 2923 411 2979 αὐτῶν.

262 3035 374 3089 Καὶ
410 3034 756 3100 κατεδίωξεν
779 3035 1084 3103 ἄνθρωπον
1104 3037 1327 3101 πένητα
1353 3034 1451 3087 καὶ
1475 3034 1726 3104 πτωχὸν,

1896 3033 2059 3099 Vens,
2100 3036 2279 3091 17—20.
2319 3033 2389 3089 Et
2416 3044 2709 3104 persecutus
2746 3043 2823 3089 est
2866 3034 3125 3088 hominem
3160 3035 3360 3104 inopem

195 3128 295 3181 καί
331 3126 838 3196 κατανενυτμένον
873 3124 948 3192 τῇ
970 3125 1179 3192 καρδίᾳ
1214 3123 1331 3178 τοῦ
1360 3123 1691 3179 θανατῶσαι
1714 3142 1728 3155 ·

196 3218 437 3271 τουτέστι
460 3215 831 3285 πεπληγμένον
860 3215 924 3267 δι’
953 3214 1017 3278 ἃς
1041 3214 1184 3286 ἑώρα
1217 3215 1275 3266 ὲν
1300 3213 1478 3277 αὐτοῖς
1503 3227 1736 3285 παρανο-

202 3309 348 3379 μίας.
382 3308 537 3362 Ὅθεν
558 3308 649 3360 καὶ
675 3306 808 3378 πρὸς
834 3306 929 3377 τὴν
986 3304 1331 3376 Ἰερουσαλὴμ
1361 3304 1507 3373 ἔλεγε
1538 3305 1736 3359 κλαίων

199 3404 395 3473 αὐτήνο
416 3403 485 3455 Εί
516 3398 701 3467 ἔγνως
729 3398 920 3451 καὶσὺ
948 3398 1017 3449 τὰ
1034 3395 1446 3463 πρὸςοείρήνην
1474 3409 1598 3448 σοι·
1622 3395 1739 3449 νῦν

198 3492 269 3546 δὲ
286 3486 510 3559 ’ἐκρύϐη
555 3486 671 3542 ἀπὸ
704 3486 820 3540 τῶν
866 3484 1178 3554 ὀφθαλμῶν
1223 3499 1356 3537 σου.
1412 3484 1738 3538 Ἐθανάτωσε

199 3584 257 3637 δὲ
307 3581 483 3643 αὐτὸν,
526 3578 694 3640 αίτιος
718 3576 1001 3645 γενόμενος
1028 3572 1120 3625 τοῦ
1154 3574 1232 3636 είς
1262 3572 1482 3627 θάνατον
1511 3574 1741 3644 παραδο-

203 3675 381 3743 θῆναι.
416 3668 522 3744 Καὶ
538 3667 811 3737 ἠγάπησε
840 3664 1117 3733 κατάραν,
1153 3663 1247 3718 καί
1278 3664 1407 3732 ἥξει
1427 3664 1615 3730 αὐτῷ’
1644 3666 1739 3719 καὶ

201 3765 314 3815 οὐκ
338 3758 632 3826 ἠθέλησεν
651 3756 945 3825 εὐλογίαν,
1001 3757 1098 3810 καί
1139 3755 1616 3824 μακρυνθήσεται
1642 3758 1740 3810 ἀπ’

202 3849 408 3905 αὑτοῦ.
437 3848 546 3903 Καί
585 3848 904 3904 ἐνεδύσατο
928 3846 1187 3913 κατάραν
1225 3846 1304 3911 ὡς
1349 3845 1601 3914 ἱμάτιον,
1644 3844 1743 3899 καί

203 3938 489 4008 είσῆλθεν
512 3939 591 4004 ὡς
604 3937 757 4006 ὕδωρ
782 3940 867 4003 εις
887 3936 960 3991 τὰ
1002 3935 1219 4005 ἔγκατα
1242 3936 1445 3998 αὐτοῦ,
1474 3934 1572 3989 καί
1602 3936 1743 3990 ὡσεί

204 4029 412 4083 ἔλαιον
436 4029 505 4082 ἐν
532 4028 656 4092 τοῖς
685 4027 915 4091 ὀστέοις
936 4026 1138 4080 αὐτοῦ.
1170 4024 1479 4090 Γενηθήτω
1493 4023 1649 4089 αὑτῷ
1667 4025 1745 4089 ὡς

205 4119 435 4188 ιμάτιον
464 4118 496 4170 ὃ
538 4116 961 4185 περιϐάλλεται,
1013 4116 1110 4169 καὶ
1163 4116 1303 4168 ὡσεὶ
1327 4114 1473 4183 (Enen
1515 4113 1593 4182 ῆν
1623 4114 1747 4169 διαο

206 4208 430 4272 παντὸς
478 4204 904 4274 περιζώννυται.
951 4205 1127 4259 Τοῦτο
1172 4206 1239 4258 τὸ
1270 4205 1443 4273 ἔργον
1483 4204 1599 4259 τῶν
1627 4204 1747 4258 δια-

210 4297 551 4351 ϐαλλόντων
574 4311 651 4364 με
693 4294 847 4364 παρὰ
873 4295 1109 4361 Κυρίου,
1135 4294 1233 4347 καὶ
1268 4293 1384 4346 τῶν
1405 4295 1747 4348 λαλούντων

1829 3134 1877 3177 et
1909 3125 2216 3189 mendicum,
2250 3137 2299 3181 et
2348 3135 2704 3195 compunctum
2736 3124 2886 3179 corde
2939 3124 3268 3194 morti/icere,
3306 3126 3360 3181 id

1831 3223 1932 3279 est,
1964 3230 2276 3284 percussum
2315 3218 2383 3271 ob
2410 3216 2719 3285 iniquitates
2741 3230 2873 3286 quas
2900 3217 2951 3269 in
2978 3216 3107 3284 ipsis
3128 3215 3358 3269 videbat.

1834 3307 2010 3372 Quare
2049 3305 2432 3377 Jerosolymam
2474 3305 2674 3362 deﬂens
2709 3306 2938 3360 dixitei:
2966 3305 3026 3361 Si
3044 3306 3361 3376 cagnovisses

1833 3409 1881 3452 et
1910 3409 1965 3451 tu
2015 3413 2128 3467 qua:
2176 3398 2243 3449 ad
2282 3413 2460 3466 pacem
2509 3396 2639 3450 tibi:
2676 3413 2808 3450 nunc
2840 3407 3011 3450 autem
3061 3397 3364 3454 abscondita

1835 3497 1954 3541 sunt
1991 3488 2053 3540 ab
2097 3487 2259 3540 oculis
2313 3487 2413 3540 tuis
2440 3486 2504 3540 ⁸⁸.
2562 3476 2898 3541 mortiﬁcavit
2949 3492 3126 3540 autem
3163 3486 3362 3555 ipsum,

1836 3577 1959 3647 quia
1993 3577 2047 3631 in
2101 3590 2265 3631 causa
2310 3574 2409 3631 fuit
2445 3590 2542 3630 cur
2572 3576 2638 3630 ad
2672 3584 2898 3631 mortem
2940 3574 3258 3629 traderetur.
3296 3574 3367 3628 Et

1826 3668 2020 3721 dilexit
2060 3666 2489 3729 maledictionem,
2522 3674 2571 3717 et
2613 3666 2775 3718 veniet
2820 3666 2901 3728 ei;
2933 3664 3185 3719 et‘noluit
3218 3665 3367 3719 bette-

1837 3758 2132 3821 dictionem,
2179 3766 2227 3811 et
2257 3756 2584 3825 elongabitur
2615 3755 2678 3807 ab
2710 3772 2790 3810 eo.
2841 3755 2906 3808 Et
2951 3755 3117 3809 induit
3153 3754 3367 3808 maledi-

1839 3846 2056 3900 ctionem
2081 3845 2215 3909 sicut
2257 3843 2629 3903 vestimentum,
2659 3849 2713 3895 et
2742 3841 2952 3895 intravit
2973 3841 3105 3894 sicut
3153 3855 3286 3908 aqua
3313 3839 3369 3892 in

1840 3936 2086 3990 interiora
2112 3932 2245 4000 ejus,
2278 3940 2328 3985 et
2356 3932 2488 3986 sicut
2516 3931 2682 3985 oleum
2719 3933 2773 3985 in
2798 3930 2995 3985 ossibus
3014 3931 3143 3999 ejus.
3173 3928 3295 3983 Fiat
3322 3930 3371 3984 ei

1840 4026 1972 4077 sicut
2021 4022 2376 4077 uestimentum
2414 4038 2511 4091 quo
2545 4022 2788 4089 operitur,
2825 4029 2872 4072 et
2916 4020 3047 4072 sicut
3090 4036 3242 4082 zona,
3268 4037 3371 4087 qua

1841 4128 2037 4182 semper
2077 4112 2427 4181 praecingitur.
2454 4111 2567 4166 Hoc
2605 4128 2729 4180 opus
2761 4126 2935 4164 eorum
2971 4112 3058 4178 qui
3097 4111 3371 4163 detrahunt

1842 4204 1967 4258 mihi
1991 4220 2024 4257 α
2052 4202 2292 4264 Domino,
2322 4214 2371 4257 et
2399 4202 2485 4272 qui
2515 4205 2790 4272 loquuntur
2823 4200 2963 4251 mala
2997 4199 3238 4252 adversus
3258 4199 3373 4251 ani-

1844 4309 1981 4353 mam
2010 4308 2194 4345 meam.
2227 4292 2376 4351 Cum.
2402 4290 2684 4362 prophetia
2719 4288 2786 4342 de
2822 4302 3049 4357 persona
3084 4286 3381 4345 Salvatoris

209 4385 444 4455 πονηρὰ
485 4385 632 4439 κατὰ
682 4384 789 4452 τῆς
837 4383 1041 4451 ψυχῆς
1083 4401 1219 4452 μου.
1258 4385 1368 4453 Τῆς
1422 4386 1729 4455 προφητείας

1844 4383 1985 4437 dicat
2010 4382 2143 4448 τρυε
2189 4380 2536 4436 θεηεάίεενὶηι
2558 4389 2605 4433 te
2632 4378 2876 4449 benedicti
2902 4387 3057 4439 sunt;
3083 4387 3130 4431 et
3156 4378 3242 4447 qui
3269 4393 3378 4429 ma-

210 4474 472 4544 λεγούσης
508 4476 585 4536 είς
604 4472 887 4543 πρόσωπον
910 4471 1000 4548 τοῦ
1022 4471 1267 4541 Σωτῆρος
1292 4488 1306 4501 ν
1345 4474 1406 4525 οι
1428 4471 1746 4541 εὐλογοῡν-

210 4567 311 4631 τές
331 4580 405 4619 σε
436 4565 804 4634 εὐλόιπηνται,
840 4562 937 4615 καὶ
968 4564 1021 4615 oi
1048 4561 1438 4630 καταρώμενοί
1470 4578 1543 4615 σε
1579 4576 1748 4613 κεκα-

212 4653 513 4719 τήρανται,
546 4654 689 4713 ὅπως
714 4650 811 4720 μὲν
838 4651 888 4703 oi
909 4649 1026 4702 καθ’
1055 4648 1180 4720 ὅλης
1193 4648 1291 4717 τῆς
1314 4648 1629 4715 οἰκουμένης
1662 4645 1749 4698 τὸν

212 4744 346 4797 Θεὸν
371 4743 438 4795 δι’
458 4742 618 4795 αὐτοῦ
651 4739 978 4807 ἐπιγνόντες,
1014 4738 1107 4793 καὶ
1143 4736 1517 4795 πιστεύσαντες
1550 4736 1628 4795 εἰς
1655 4733 1750 4786 αὐ-

213 4833 327 4893 τὸν,
355 4830 454 4899 τῆς
502 4831 565 4881 ὲκ
628 4831 759 4884 Θεοῦ
806 4826 1177 4891 καταξιοῦνται
1210 4824 1469 4891 εὐλογίας,
1510 4822 1582 4884 ὡς
1620 4822 1751 4891 πλη-

215 4918 393 4970 θύνειν
421 4918 511 4969 καὶ
533 4915 731 4981 αὔξειν,
749 4916 924 4970 καὶτὰ
946 4916 1232 4986 σύμπαντα
1258 4912 1487 4983 πληροῦν
1508 4912 1605 4979 τὴν
1623 4911 1753 4981 Χρι-

216 5006 345 5061 στοῦ
377 5007 713 5077 Ἐκκλησίαν,
735 5011 845 5071 τοῖς
866 5010 996 5063 πᾶσι
1022 5008 1275 5077 τυγχάνει
1298 5002 1556 5075 πρόδηλον
1579 5017 1591 5030 ·
1610 5002 1754 5064 ὅπως

214 5101 275 5155 δὲ
308 5101 565 5164 Ἰουδαῖοι,
590 5097 853 5169 ἀρώμενοι
894 5100 1051 5153 αὐτὸν
1073 5100 1166 5151 καὶ
1205 5092 1634 5167 βλασφημοῦντες
1667 5092 1748 5159 ἐφ’

217 5190 454 5262 ἑκάστης
478 5190 703 5261 ἡμέρας,
732 5190 833 5257 τὴν
870 5191 934 5241 ὲκ
955 5187 1087 5241 Θεοῦ
1132 5188 1370 5257 κατάραν
1415 5186 1493 5245 εἰς
1530 5182 1750 5244 ἑαυτοὺς

216 5281 574 5345 ἐπισπῶνται,
604 5278 697 5333 καὶ
731 5279 883 5333 τοῦτο
910 5278 1063 5348 δῆλον
1092 5278 1198 5331 ἀπὺ
1218 5276 1309 5329 τοῦ
1334 5275 1405 5345 μὴ
1430 5270 1556 5343 ἆραι
1584 5288 1751 5339 κεφα-

216 5374 339 5441 λὴν,
375 5374 507 5441 μηδὲ
566 5371 849 5426 ἀνανεῦσαι
894 5372 1086 5434 αὐτοὺς
1129 5371 1235 5424 άπὸ
1281 5368 1388 5421 τῶν
1428 5368 1628 5438 χρόνων
1654 5368 1751 5435 τῆς

218 5460 363 5521 κατὰ
391 5462 485 5513 τοῦ
505 5463 748 5531 Σωτῆρος
776 5459 925 5529 ἡμῶν
956 5459 1259 5528 ἐπιϐουλῆς.

290 5550 399 5604 Καὶ
425 5548 525 5611 σὺ,
570 5550 763 5617 Κύριε,
790 5548 1041 5613 ποίησον
1068 5549 1191 5615 μετ’
1241 5545 1381 5614 ἐμοῦ
1417 5546 1621 5598 ἕνεκεν
1652 5543 1755 5597 τοῦ

224 5640 513 5711 ὀνόματός
533 5652 667 5705 σου,
700 5638 785 5691 ὅτι
808 5638 1066 5707 χρηστὸν
1093 5637 1157 5691 τὸ
1182 5637 1349 5701 ἔλεός
1373 5651 1505 5689 σου.
1554 5634 1759 5689 Ῥῦσαί

297 5794 343 5826 ⁸⁸
381 5793 513 5847 Luc.
551 5806 633 5843 xu
662 5830 675 5857 ,
711 5790 796 5844 42.
872 5791 913 5825 δ’
951 5786 1080 5855 Gen.
1118 5803 1290 5858 xxv",
1328 5787 1423 5850 29.

1845 4474 2115 4527 ledixerint
2156 4481 2202 4526 te
2233 4470 2491 4547 maledicti
2528 4479 2647 4524 sunt
2670 4469 2751 4533 ⁸⁹;
2802 4470 3070 4538 quomodo
3098 4467 3309 4537 quidem
3338 4466 3377 4522 ii

1847 4562 1937 4630 qui
1966 4561 2021 4614 in
2049 4567 2161 4615 toto
2193 4558 2320 4613 orbe
2365 4557 2526 4611 Deum
2568 4571 2661 4627 per
2688 4558 2861 4625 ipsum
2902 4561 3282 4625 cognoverunt,
3314 4568 3378 4605 ae

1848 4652 1903 4705 in
1941 4652 2113 4718 ipsum
2142 4648 2505 4711 crediderunt,
2546 4644 2639 4700 Dei
2667 4645 3037 4701 benedictione
3063 4643 3374 4712 dignentur;

1847 4744 1919 4796 ita
1935 4749 1991 4796 ut
2013 4739 2429 4808 multiplicemur
2447 4743 2499 4790 et
2518 4743 2832 4805 augeantur,
2858 4743 2910 4789 et
2928 4733 3162 4787 Ecclesia
3178 4730 3376 4785 Christi

1846 4836 2022 4888 omnia
2056 4815 2292 4901 impleat,
2350 4828 2623 4897 prepalam
2656 4826 2905 4880 omnibus
2950 4829 3072 4877 est:
3114 4818 3383 4888 quomodo

1847 4932 2023 4978 autem
2051 4920 2239 4981 Judazi,
2287 4918 2378 4988 qui
2431 4918 2482 4971 in
2532 4917 2706 4986 ipsum
2750 4914 2985 4986 quotidie
3015 4909 3290 4964 maledicta
3327 4918 3381 4961 et

1848 5013 2156 5083 hlasphema
2184 5010 2346 5065 verba
2372 5008 2670 5077 proferunt,
2704 5006 2797 5061 Dei
2826 5002 3249 5058 maledictionem
3278 4998 3384 5052 sibi

1852 5106 1984 5175 ipsis
2034 5101 2327 5163 attraham,
2359 5101 2517 5153 etiam
2566 5098 2667 5151 hoc
2715 5092 3053 5149 manifestum
3101 5096 3184 5146 est
3219 5102 3281 5141 ex
3316 5101 3381 5139 eo

1854 5193 1996 5263 quod
2026 5199 2183 5261 caput
2206 5207 2311 5246 non
2351 5191 2614 5251 attollant,
2647 5201 2818 5253 neque
2856 5188 3147 5250 emergant,
3176 5194 3240 5233 ex
3273 5192 3380 5246 quo

1858 5295 2092 5353 tempore
2123 5281 2383 5335 Salvatori
2418 5291 2600 5334 nostro
2622 5273 2849 5329 insidias
2881 5276 3206 5327 struxerunt.

1933 5537 2091 5591 Vens.
2121 5536 2307 5589 ‘21-‘24.
2344 5533 2408 5585 Et
2443 5544 2515 5595 tu,
2553 5533 2781 5597 Domine,
2820 5529 2903 5598 [ac
2948 5542 3139 5580 mecum
3176 5537 3377 5593 propter

1865 5646 2043 5687 nomen
2076 5640 2236 5695 tuum,
2266 5629 2387 5697 quia
2432 5625 2603 5685 suavis
2646 5633 2721 5679 est
2766 5619 3120 5675 misericordia
3150 5628 3257 5671 tua.
3291 5616 3383 5680 Li-
