3950 6350
588 388 589 393 ‘
660 410 804 489 1359

1362 409 1629 468 EUSEBII
1661 407 2133 467 CESARIENSIS
2169 408 2316 463 OPP.
2352 405 2533 462 PARS
2567 404 2652 460 Ill.
2683 436 2749 446 -—
2772 399 3180 458 EXEGETICA.

3720 399 3844 455 {5W

655 523 775 577 bcra
807 540 905 589 me,
931 524 1053 594 quia
1075 538 1259 593 egenus
1286 531 1334 576 et
1351 504 1549 593 pauper
1573 536 1664 591 ego
1686 537 1823 585 sum,
1851 514 1901 575 et
1920 536 2010 573 cor
2038 535 2201 573 meum

2314 534 2392 580 ue,
2427 516 2515 570 ὅτι
2546 514 2776 599 πτωχὸς
2801 516 2895 570 καὶ
2919 514 3106 582 πένης
3126 510 3243 582 εὶμί
3272 510 3409 579 ἐγὼ,
3433 510 3531 563 καὶ
3568 510 3607 577 ἠ
3649 512 3846 577 καρδία

654 612 1023 667 conturbatum
1043 623 1120 667 est
1153 613 1293 666 intra
1316 626 1416 665 mc.
1451 610 1600 665 Sicut
1626 609 1813 664 umbra
1833 625 1949 663 cum
1973 609 2197 663 declinat

656 702 866 757 ablatus
890 719 1025 768 sum,
1048 718 1294 759 excussus
1314 719 1429 756 sum
1461 693 1593 755 sicut
1622 701 1857 757 locusta.
1884 699 2061 755 Genua
2087 717 2201 755 mea

657 795 924 863 inﬁrmata
963 804 1084 859 sunt
1115 794 1386 865 ajcjunio,
1430 806 1479 850 et
1515 811 1638 848 caro
1674 810 1788 854 mea
1819 795 2096 848 immutata
2124 802 2201 848 est

659 894 863 953 propter
902 885 1094 944 oleum.
1135 885 1267 941 Cum
1316 885 1385 939 de
1411 886 1711 941 animarum
1757 894 1865 939 tam
1909 884 2201 956 proditoris

659 976 819 1044 quam
865 976 1242 1032 insidiatorum
1275 964 1533 1047 pernicie,
1576 990 1785 1033 necnon
1814 976 1882 1032 de
1916 977 2084 1031 totius
2108 972 2203 1029 Ju-

644 1064 823 1121 -daicae
863 1066 1039 1137 gentis
1078 1064 1448 1135 repudiatione
1490 1066 1779 1121 admodum
1814 1065 2079 1122 sollicitus
2110 1066 2200 1133 sit,

659 1147 842 1225 utpote
886 1156 1167 1211 hominum
1210 1171 1426 1220 amans;
1467 1172 1527 1211 se
1566 1145 1760 1212 eorum
1796 1171 1960 1213 causa
1996 1157 2201 1212 turbari

657 1245 979 1315 proﬁtetur:
1028 1260 1195 1316 quare
1236 1246 1331 1313 ait,
1380 1244 1451 1299 Et
1495 1262 1587 1300 cor
1622 1244 1792 1301 meum
1836 1248 2204 1305 conturbatum

658 1347 733 1391 est
762 1340 904 1392 intra
933 1341 1065 1394 me.“
1382 1338 1385 1341 “

726 1513 887 1569 Vens.
921 1514 1106 1570 25-29.
1139 1513 1205 1568 Et
1238 1530 1327 1586 ego
1350 1515 1523 1585 factus
1548 1532 1665 1578 sum
1695 1516 2033 1587 opprobrium
2056 1517 2202 1576 illis:

607 1595 612 1604 ’
662 1604 900 1662 viderunt
938 1622 1038 1668 me,
1083 1616 1131 1660 et
1174 1618 1439 1662 mouerunt
1483 1608 1657 1678 capita
1693 1625 1810 1663 sua.
1858 1608 2061 1678 Adjuva
2097 1626 2201 1674 me,

662 1686 883 1752 Domine
910 1697 1048 1753 Deus
1078 1716 1239 1764 meus,
1266 1708 1315 1754 et
1342 1700 1546 1754 salvum
1569 1716 1651 1754 me
1670 1699 1755 1769 fac
1781 1699 2063 1754 secundum
2104 1699 2205 1752 mi-

662 1789 999 1845 sericordiam
1025 1800 1190 1846 tuam.
1228 1790 1295 1845 Et
1324 1793 1492 1846 sciant
1515 1792 1638 1862 quia
1660 1807 1846 1845 manus
1877 1800 1967 1844 tua
2005 1791 2134 1857 haec,
2157 1800 2206 1845 et

2298 627 2417 681 μου
2470 608 2808 679 τετάρακται
2825 607 3002 673 ’ἐντός
3018 625 3155 676 μου.
3201 603 3359 659 Ὠσει
3388 604 3533 657 σκιὰ
3563 603 3636 656 ἐν
3665 602 3743 668 τῷ
3760 606 3845 659 ἐκ·

2298 706 2501 762 ’κλῖναι
2548 702 2739 772 αὐτὴν
2781 700 3185 769 ἀντανῃρέθην
3199 737 3215 762 ,
3276 696 3671 765 ἐξετινάχθην
3716 695 3842 751 ὡσεὶ

2304 797 2558 867 ἀκρίδες.
2591 794 2668 850 Τὰ
2694 791 2913 864 γόνατά
2922 810 3038 861 μου
3053 790 3405 859 ήσθένησαν
3416 788 3536 871 ἀπὸ
3552 789 3841 856 νηστείας,

2305 890 2402 946 καὶ
2434 889 2474 957 ή
2510 887 2664 956 σάρξ
2703 903 2822 956 μου
2851 884 3144 954 ἠλλοιώθη
3190 882 3264 937 δι’
3296 884 3522 938 ἔλαιον.
3554 878 3845 952 Φροντίξων

2307 976 2433 1044 περὶ
2491 974 2591 1044 τῆς
2642 972 2910 1036 ἀπωλείας
2953 971 3059 1025 τῶν
3116 971 3300 1041 ψυχῶν
3343 970 3544 1026 αὐτῶν.
3591 967 3757 1021 αὑτοῦ
3795 984 3845 1019 τε

2306 1065 2511 1120 ἐκείνου
2540 1063 2635 1118 τοῦ
2671 1063 2925 1135 προδότου
2964 1063 3060 1117 καὶ
3088 1062 3199 1115 τῶν
3241 1062 3339 1132 τὴν
3384 1060 3678 1129 ἐπιϐουλὴν
3715 1059 3843 1127 αὐτῷ

2308 1155 2835 1225 συνεσκευασμένων,
2859 1152 2983 1226 περί
3003 1169 3060 1205 τε
3079 1152 3178 1222 τῆς
3195 1150 3462 1221 ἀποϐολῆς
3494 1150 3589 1204 καὶ
3607 1149 3843 1204 ἁπαιττὺ-

2308 1264 2444 1310 σεως
2472 1246 2566 1300 τοῦ
2602 1246 2799 1309 παντὸς
2844 1242 3127 1299 Ἰουδαϊκοῦ
3154 1242 3357 1307 ἔθνους,
3392 1242 3757 1314 ταράττεσθαι

2307 1338 2680 1409 φιλάνθρωπος
2703 1337 2840 1407 ὑπὲρ
2871 1335 3051 1389 αὐτῶν
3091 1336 3353 1411 ὁμολογεῖή
3386 1336 3475 1386 Διὸ
3506 1351 3660 1404 φησι·
3690 1336 3843 1405 Καξὴ

2307 1429 2516 1498 καρδία
2537 1447 2653 1500 μου
2677 1428 3021 1498 τετάρακται
3040 1428 3209 1493 ἐντός
3221 1446 3359 1498 μου.

2378 1519 2545 1587 Κάγὼ
2571 1517 2858 1589 ἐγενήθην
2882 1517 3107 1583 ὄνειδος
3130 1517 3351 1584 αὐτοῖς·
3370 1518 3733 1586 εῑδοσάνμε,
3764 1518 3842 1571 zai

2308 1608 2650 1665 ἐσάλευσαν
2686 1606 2950 1677 κεφαλὰς
2968 1605 3195 1661 αὐτῶν.
3228 1607 3548 1675 Βοήθησόν
3586 1625 3715 1677 μοι,
3754 1611 3844 1661 Κίν-

2301 1720 2395 1771 ριε
2422 1702 2609 1767 deeds;
2635 1718 2772 1771 μου,
2802 1684 3121 1755 καίσῶσόν
3142 1690 3385 1769 uexata
3415 1698 3480 1753 τὸ
3512 1698 3695 1765 ἔλεός
3730 1714 3843 1753 σου.

2310 1792 2419 1849 Καὶ
2439 1790 2774 1863 γνώτωσαν,
2807 1789 2895 1845 ὅτι
2921 1792 2959 1858 ἠ
2987 1784 3115 1861 χείρ
3140 1804 3253 1844 σου
3279 1789 3452 1856 αὕτη,
3476 1790 3580 1843 καὶ
3609 1788 3721 1853 σὺ,
3750 1790 3844 1842 K6-

662 1889 744 1943 tu,
780 1878 1011 1942 Domine,
1042 1878 1209 1948 fecisti
1233 1896 1369 1933 eam.
1394 1878 1453 1933 In
1483 1878 1878 1934 resurrectione
1905 1892 1935 1930 a
1956 1877 2205 1940 mortuis,

2314 1901 2412 1950 ριε,
2449 1884 2737 1951 ἐποίησας
2757 1881 2967 1951 αὑτήν.
3013 1882 3101 1935 Ἐν
3136 1884 3201 1951 τῇ
3244 1881 3309 1933 ὲκ
3333 1880 3542 1951 νεκρῶν
3576 1881 3846 1936 ἀναστάσει

662 1982 857 2024 manus
889 1968 1003 2035 Dei;
1031 1970 1086 2024 id
1114 1976 1217 2035 est.
1248 1969 1587 2041 unigenitum
1619 1970 1741 2039 ejus
1770 1966 2024 2033 Verbum,
2053 1966 2209 2021 inno-

652 2058 789 2127 ‘tuit,
828 2069 882 2123 et
920 2061 967 2115 is
1008 2061 1101 2130 qui
1150 2060 1415 2117 hactenus
1462 2060 1711 2131 plurimis
1752 2059 2005 2123 latuerat,
2046 2073 2209 2128 appa-

664 2151 805 2216 ruit;
845 2151 1063 2221 quando
1090 2166 1282 2220 nempe
1317 2152 1431 2221 ipse
1467 2151 1654 2207 volens
1681 2151 1933 2223 sustinuit
1975 2166 2205 2217 crucem,

664 2242 967 2309 confusione
997 2251 1291 2311 cantempta
1322 2245 1395 2306 νο,
1427 2250 1588 2312 atque
1633 2242 1772 2297 idem
1811 2257 2009 2312 corpus
2049 2257 2207 2297 suum

666 2334 973 2398 suscitavit,
1000 2349 1123 2387 cum
1150 2333 1224 2387 sit
1254 2332 1474 2387 dextera
1515 2340 1567 2388 et
1594 2334 1767 2387 virtus
1785 2325 1993 2389 Patris.
2028 2321 2209 2390 Sciant

664 2423 849 2493 igitur,
881 2425 975 2486 ait,
1010 2424 1132 2492 quia
1175 2439 1279 2476 mat
1310 2440 1363 2477 »ιε
1402 2432 1490 2475 tua
1534 2422 1663 2485 Ιιωο,
1699 2439 1861 2492 quam
1902 2424 2209 2493 opprobriis

666 2521 720 2569 et
740 2515 1018 2570 cachinnis
1052 2514 1363 2578 traducunt,
1386 2523 1439 2583 et
1466 2523 1539 2580 tu,
1582 2512 1819 2578 Domine,
1850 2514 2021 2582 fecisti
2052 2531 2167 2570 eam
2189 2529 2208 2567 :

666 2603 810 2672 quod
856 2603 950 2656 tibi
995 2594 1257 2673 placuerit
1288 2611 1349 2657 ut
1390 2617 1457 2657 ea
1486 2618 1683 2673 corpus
1712 2609 2030 2659 assumeret.
2070 2601 2206 2662 Nam

667 2708 859 2749 manus
902 2692 997 2748 Dei
1030 2701 1113 2749 est
1152 2694 1269 2763 ejus
1314 2694 1489 2748 virtus
1523 2694 1764 2767 omnium
1792 2693 2055 2757 eﬂ‘ectrix,
2089 2708 2209 2763 quae

667 2799 777 2838 non
806 2784 907 2838 alia
938 2791 1022 2839 est
1065 2798 1097 2838 a
1143 2783 1235 2838 Dei
1286 2782 1482 2848 Verbo,
1515 2800 1612 2855 per
1652 2783 1798 2855 quod
1840 2788 2019 2838 omnia
2063 2783 2208 2842 facta

668 2883 815 2929 sunt.
852 2872 1165 2930 Maledicent
1203 2875 1315 2940 illi,
1333 2886 1383 2929 et
1409 2885 1460 2929 tu
1487 2875 1773 2931 benedices.
1801 2876 1905 2943 Qui
1934 2877 2211 2945 insurgunt

664 2967 723 3023 in
750 2982 832 3022 me
874 2967 1262 3043 confundantur
1288 2985 1306 3022 :
1350 2985 1522 3023 servus
1563 2979 1735 3023 autem
1773 2977 1891 3023 tuus
1925 2967 2208 3023 laetabitur.

668 3056 752 3111 Ad
801 3058 941 3113 hanc
968 3074 1141 3129 usque
1186 3059 1328 3115 diem
1377 3067 1724 3130 perseverant
1754 3048 1925 3114 Judaei
1959 3057 2211 3113 Servato-

670 3163 784 3204 rem
820 3148 1148 3217 blasphemis
1177 3149 1337 3206 dictis
1364 3150 1654 3221 impetere:
1684 3157 1739 3203 at
1764 3150 1871 3204 illis
1899 3149 2211 3219 blasphema

2307 1976 2519 2046 γνωστὴ
2540 1976 2756 2044 γέγονεν
2776 1976 2808 2046 ἡ
2831 1975 2953 2045 χεὶρ
2974 1972 3067 2026 τοῦ
3099 1972 3254 2036 Θεοῦ,
3283 1970 3564 2025 τουτέστιν
3592 1975 3622 2026 ὁ
3641 1990 3846 2043 pavore.

2306 2066 2401 2138 νὴς
2430 2067 2592 2121 αὑτοῦ
2616 2066 2805 2134 Λόγος,
2836 2066 2927 2119 καὶ
2948 2067 2977 2118 ὁ
3003 2065 3139 2127 τέως
3166 2064 3291 2128 τοὺς
3312 2062 3545 2127 πολλοὺς
3572 2064 3847 2129 λανθάνων,

2307 2155 2642 2228 ἐφανερώθη,
2680 2156 2755 2219 ὡς
2780 2156 2939 2220 αὐτὸς
2968 2154 3108 2209 ἑκὼν
3138 2154 3416 2225 ὑπέμεινε
3452 2156 3744 2224 σταυρὸν,
3778 2161 3846 2209 ai-

2307 2247 2540 2316 σχύνης
2582 2243 3053 2313 καταφρονήσας,
3099 2246 3191 2299 καί
3216 2245 3375 2310 αὐτὸς
3402 2245 3469 2299 τὸ
3517 2246 3716 2300 ἑαυτοῦ

2310 2324 2471 2411 στησε
2529 2337 2705 2409 σῶμα,
2746 2334 2894 2401 δεειά
2939 2336 3032 2389 καί
3081 2336 3309 2406 δύναμις
3357 2335 3435 2389 ὣν
3490 2337 3591 2389 τοῦ
3638 2340 3846 2411 Πατρός.

2308 2430 2640 2485 Γνώτωσαν
2671 2428 2868 2493 τοίνυν,
2900 2427 3081 2499 φησὶν,
3114 2427 3200 2480 ὅτι
3222 2429 3262 2497 ή
3291 2428 3420 2505 χείρ
3450 2444 3574 2482 σου
3598 2429 3765 2495 αὕτη,
3798 2432 3848 2499 ᾗ

2306 2520 2619 2583 ὀνειδίζουσι
2643 2520 2735 2572 καὶ
2761 2518 3093 2589 χλευάζουσι,
3115 2518 3211 2571 καί
3236 2518 3339 2583 σὺ,
3364 2520 3567 2586 Κύριε,
3585 2520 3848 2585 ἐποίησας

2310 2607 2516 2677 αὐτὴν,
2555 2607 2632 2679 τῷ
2668 2608 2950 2678 εύδοκῆσαι
2985 2609 3143 2679 σῶμα
3174 2610 3343 2680 αὐτὴν
3378 2608 3691 2662 ἀναλαϐεῖν.
3736 2609 3850 2681 Χιίρ

2309 2698 2417 2769 γὰρ
2443 2697 2537 2750 τοῦ
2560 2696 2742 2770 Θεοῦή
2776 2697 3028 2768 ποιητικὴ
3062 2697 3309 2754 ἁπάντων
3329 2698 3564 2769 δύναμις
3582 2700 3849 2769 αὑτοῦ,οὴ

2310 2788 2468 2858 ἑτέρα
2489 2781 2620 2841 οὖσα
2631 2783 2722 2840 τοῦ
2747 2786 2813 2839 δι’
2841 2780 2900 2839 οὗ
2921 2785 3106 2854 γέγονε
3132 2787 3199 2840 τὰ
3215 2789 3393 2840 πάντα
3405 2788 3504 2841 τοῦ
3521 2788 3657 2841 Θεοῦ
3675 2790 3848 2857 Λόγου.

2309 2877 2751 2945 Καταράσονται
2774 2878 2961 2943 αὐτοὶ,
2995 2876 3091 2931 καί
3120 2878 3200 2932 σὺ
3238 2879 3620 2948 εὐλογήσας.
3658 2883 3721 2935 01
3760 2880 3848 2933 ἐι-

2310 2967 2689 3039 ανιστάμενοί
2704 2985 2802 3037 μοι
2820 2966 3331 3038 αἰσχυνθήτωσαν·
3360 2972 3394 3022 ό
3419 2968 3491 3022 δὲ
3510 2970 3730 3036 δοῦλός
3754 2987 3849 3024 σου

2310 3060 2794 3129 εὐφρανθήσεται.
2852 3061 3027 3133 Μέχρι
3057 3067 3146 3115 καὶ
3205 3062 3449 3133 σήμερον
3490 3062 3772 3132 διέμειναν
3808 3063 3845 3113 oi

2328 3150 2561 3207 Ἰουδαῖοι
2604 3155 2722 3215 ταῖς
2760 3152 2900 3206 κατά
2930 3150 3025 3206 τοῦ
3050 3152 3298 3223 Σωτῆρος
3316 3149 3613 3224 χρώμενοι
3637 3152 3849 3221 βλαστη-

632 3288 636 3292 Α
671 3237 1090 3310 proierentibus,
1126 3240 1457 3310 splendidior
1489 3239 1729 3310 quotidie
1754 3234 2215 3311 pmdicatio'eva-

2319 3241 2485 3313 μίαις·
2519 3242 2631 3295 ἀλλ’
2657 3242 2875 3305 ἐκείνων
2901 3243 3377 3315 βλασφημούντων,
3415 3243 3850 3314 περιφανέστερον

670 3324 1115 3385 diﬁwlnduantur
1146 3332 1235 3401 qui
1278 3328 1557 3386 detrahunt
1588 3331 1715 3385 mihi
1749 3331 1964 3400 pudore,
2011 3344 2060 3392 et
2100 3350 2217 3404 ope—

672 3420 881 3474 riuntur
903 3421 1035 3474 sicut
1063 3421 1291 3504 diploide
1315 3422 1616 3491 confusione
1645 3439 1762 3477 sua.
1792 3422 1961 3479 Judaei
1986 3440 2220 3496 namque

673 3517 795 3585 post
834 3511 1061 3567 insidias
1105 3512 1363 3568 adversus
1402 3513 1698 3579 Christum,
1750 3514 1843 3569 Dei
1889 3515 2220 3585 providentia

640 3646 642 3648 ,
674 3600 939 3667 destituti,
974 3602 1179 3672 pudore
1207 3603 1526 3659 circumfusi
1554 3613 1679 3659 sunt
1708 3621 1722 3656 :
1765 3603 2010 3661 Salvator
2040 3600 2218 3663 autem

636 3765 642 3771 π
675 3701 730 3747 et
761 3690 1016 3748 Dominus
1041 3702 1227 3749 noster
1254 3693 1440 3748 laetitia
1468 3693 1535 3750 ad
1565 3695 1668 3770 hoc
1696 3710 1869 3766 usque
1889 3696 2099 3767 tempus
2128 3698 2224 3751 im-

680 3784 879 3853 pletur,
923 3781 1161 3859 Ecclesia
1199 3799 1294 3854 per
1320 3791 1493 3839 totum
1538 3785 1725 3841 orbem
1756 3788 1811 3840 in
1848 3786 2065 3841 nomine
2101 3787 2220 3857 ejus

677 3871 992 3960 co'n‘stituta.
1018 3874 1204 3930 Servus
1234 3887 1407 3931 autem
1433 3886 1551 3931 tuus
1584 3878 1868 3933 lambitur.
1904 3877 2087 3948 Neque
2117 3878 2222 3934 alio
2258 3862 2261 3863 ν

680 3964 841 4043 modo
877 3971 932 4020 et
971 3966 1235 4039 sententia
1272 3968 1413 4023 servi
1462 3983 1657 4025 nomen
1702 3969 1790 4023 hic
1836 3968 2086 4039 accipere
2129 3985 2223 4033 ne-

676 4058 831 4111 cesse
851 4061 967 4111 est:
992 4055 1231 4110 divinum
1258 4061 1453 4128 quippe
1471 4058 1697 4113 Paulum
1721 4059 1969 4114 audimus
1997 4059 2111 4127 haec
2142 4058 2224 4113 di-

633 4163 642 4170 ·
677 4157 886 4203 centem
918 4146 1295 4217 :Semetipsum
1327 4151 1609 4204 exinanivit
1642 4151 1866 4218 formam
1912 4151 2044 4203 servi
2086 4151 2220 4227 acci-

679 4241 822 4306 piens
850 4241 932 4307 ⁹¹;
984 4242 1205 4312 ipseque
1228 4257 1325 4310 per
1352 4241 1543 4309 Isaiam
1574 4234 1807 4297 Clamat:
1838 4238 1925 4308 Sic
1957 4242 2083 4295 dicit
2116 4236 2225 4296 Do-

682 4331 852 4401 minus
888 4328 1230 4399 formansme
1258 4345 1321 4384 ea:
1349 4337 1493 4385 utero
1524 4320 1724 4383 servum
1756 4329 1855 4384 sibi
1886 4331 1952 4393 ν’.
1990 4329 2224 4390 Ιηάαοη-

684 4428 771 4473 tur
803 4421 890 4488 qui
925 4421 1199 4479 detrahunt
1231 4421 1355 4474 mihi
1400 4419 1613 4490 pudore,
1659 4428 1710 4477 et
1754 4410 2055 4490 aperiantur.
2090 4422 2223 4475 sicut

683 4509 909 4578 diploide
938 4511 1237 4579 confusione
1255 4528 1371 4566 sua.
1401 4510 1513 4565 Hoc
1546 4519 1724 4581 autem
1753 4512 1984 4577 ediscas,
2013 4513 2059 4567 si
2088 4527 2221 4566 con-

2317 3331 2586 3403 bonpépat
2639 3333 2701 3385 τὺ
2765 3332 3024 3405 κήρυγμα
3079 3334 3303 3401 γίνεται.
3366 3332 3850 3388 Ἐνδυσόσθωσαγ

2318 3423 2372 3473 ol
2393 3419 2881 3486 ἐνδιαϐάλλοντές
2901 3421 3305 3490 μεέντροπὴν,
3327 3421 3425 3474 καί
3449 3419 3854 3488 ccepth

2318 3528 2438 3569 σαν
2456 3512 2600 3566 ὡσεὶ
2630 3510 2903 3584 διπλοΐδα
2939 3511 3051 3579 τὴν
3087 3514 3389 3580 αἰσχύνην
3425 3509 3649 3567 αὐτῶν.
3677 3508 3741 3564 οι
3763 3510 3855 3579 γὰρ

2332 3602 2571 3656 Ἰουδαῖοι
2605 3601 2741 3672 μετὰ
2771 3603 2871 3671 τὴν
2906 3602 3045 3654 κατὰ
3076 3601 3308 3674 Χριστοῦ
3340 3602 3658 3673 ἐπιϐουλὴν,
3682 3599 3849 3672 ἔρημοι

2318 3695 2417 3763 τῆς
2435 3693 2528 3747 τοῦ
2561 3695 2694 3747 Θεοῦ
2730 3693 3031 3769 ἐπισκοπῆς
3083 3695 3381 3763 γενόμενοι,
3422 3695 3688 3765 αἰσχύνην
3724 3709 3852 3760 πρι-

2321 3784 2587 3839 εὸἀλοντο·
2634 3787 2662 3838 ὀ
2687 3784 2763 3845 ,δὲ
2792 3784 2979 3857 Σωτὴρ
3008 3784 3099 3839 καὶ
3130 3783 3329 3854 Κύριος
3359 3784 3521 3854 ἡμῶν
3546 3784 3849 3855 εὐφροσύνης

2320 3876 2484 3929 εἰσέτι
2516 3892 2609 3939 και
2637 3894 2728 3930 νυν
2774 3875 3090 3952 πληροῦται,
3141 3874 3226 3929 διὰ
3273 3876 3367 3928 τοῦ
3402 3874 3671 3946 ὀνόματος
3713 3874 3848 3927 αὐτοῦ

2321 3968 2439 4021 καθ’
2466 3967 2592 4039 ὅλης
2636 3968 2735 4038 τῆς
2787 3969 3104 4041 οἰκουμένης
3135 3968 3483 4040 καθεστώσης
3537 3967 3845 4039 Ἐκκλησίας.

2334 4061 2395 4113 '0
2409 4060 2476 4113 δὲ
2506 4059 2723 4125 δοῦλός
2736 4073 2850 4118 σου
2871 4059 3355 4131 εὐφρανθήσεται.
3382 4060 3520 4112 Οὐδὲ
3552 4059 3709 4112 τοῦτο
3729 4061 3845 4129 ἡμᾶς

2321 4149 2382 4202 τὸ
2432 4144 2582 4220 ῥῆμα
2636 4148 2816 4211 λαϐεῖν
2875 4150 2955 4212 εἰς
3014 4150 3202 4220 ἑτέραν
3252 4150 3508 4203 ὑπόθεσιν
3563 4152 3845 4218 ἀναγκάσει⁴

2314 4238 2589 4309 ἀκούομεν
2633 4238 2739 4309 γὰρ
2769 4238 2861 4291 καὶ
2905 4237 2996 4291 τοῦ
3025 4238 3304 4293 θεσπεσίου
3345 4238 3564 4293 Παύλου
3611 4242 3845 4308 λέγοντι-ς.

2321 4333 2402 4386 ὅτι
2438 4330 2685 4385 Ἑαυτὸν
2703 4330 2993 4395 ἐκένωσε,
3012 4328 3250 4405 μορφὴν
3289 4329 3515 4391 δούλου
3540 4330 3752 4393 λαϐὼν·
3776 4330 3847 4382 καὶ

2323 4421 2481 4483 αὐτὸς
2532 4419 2605 4473 δὲ
2632 4420 2720 4474 διὰ
2772 4421 2990 4481 Ἡσαΐου
3050 4420 3167 4492 βοᾷ·
3233 4420 3404 4475 Οὕτω.
3447 4421 3623 4494 λέπει
3671 4423 3846 4488 Κέρκι-

2325 4516 2358 4567 ό
2387 4510 2626 4576 πλάσας
2749 4510 3071 4577 ἐκκοιλίας
3096 4511 3315 4570 δοῦλον
3340 4509 3556 4574 ἐαυτῷ.
3603 4509 3846 4563 ’ἓν-δυσό-

686 4600 890 4656 sideres
910 4607 1014 4669 qua
1038 4611 1215 4657 mente
1249 4603 1357 4676 sint
1383 4598 1573 4669 Judzei,
1616 4607 1860 4660 videntes
1888 4603 2102 4673 quidem
2130 4618 2217 4657 ve-

2328 4606 2569 4658 σθωσαν
2600 4605 2650 4655 ol
2681 4598 3170 4666 ἐνδίαὸάλλοντές
3199 4618 3274 4669 με
3301 4599 3640 4668 ἐντροπὴνλ
3654 4602 3744 4654 καὶ
3768 4618 3845 4654 πε-

687 4691 925 4745 neranda
958 4703 1009 4746 et
1038 4703 1221 4747 sancta
1242 4710 1350 4749 sua
1380 4694 1622 4751 funditus
1650 4696 1854 4765 deleta;
1900 4696 2045 4752 illius
2076 4710 2221 4757 vero,

686 4784 775 4851 qui
805 4785 873 4840 ab
912 4785 1043 4854 ipsis
1085 4786 1381 4855 ignominia
1429 4787 1674 4855 aﬂ‘ectus,
1708 4804 1777 4843 ac
1814 4789 1871 4843 in
1912 4803 2128 4844 crucem
2174 4795 2227 4841 et

686 4883 912 4931 mortem
956 4878 1185 4932 traditus
1217 4887 1320 4946 est,
1355 4882 1659 4950 sepulcrum
1689 4880 1872 4935 studio
1909 4887 1964 4935 et
1994 4878 2225 4935 honori-

662 4967 789 5021 obus
820 4968 1109 5035 celebrari;
1143 4968 1411 5027 Ecclesias
1445 4989 1571 5028 vero
1600 4973 1873 5043 qum'ejus
1895 4974 2093 5032 virtute
2128 4988 2226 5043 per

689 5062 857 5107 totum
906 5058 1093 5111 orbem
1115 5051 1350 5114 fundata:
1394 5070 1519 5115 sunt
1558 5063 1610 5115 in
1656 5062 1772 5118 dies
1813 5077 2120 5118 accrescere
2161 5078 2225 5117 ac

690 5143 1056 5211 multiplicari,
1092 5161 1155 5201 ac
1184 5164 1306 5201 cum
1334 5148 1504 5218 gloria
1534 5151 1854 5219 promoveri.
1882 5150 2005 5205 Hec
2031 5152 2227 5223 quippe

688 5234 831 5300 ipsis
848 5235 1020 5288 oculis
1045 5246 1324 5294 cernentes
1350 5238 1541 5303 Judaei,
1566 5243 1655 5310 qui
1692 5256 1799 5295 non
1829 5242 2148 5297 confusione
2172 5249 2227 5297 et

696 5323 895 5404 pudore
922 5323 1113 5377 merito
1146 5325 1471 5383 induantur?

2320 4692 2770 4761 ριόαλέσθωσαν
2791 4693 2871 4761 ὡς
2894 4691 3167 4751 διπλοΐδα
3196 4690 3308 4759 τὴν
3335 4692 3645 4760 αἰσχύνην
3665 4692 3842 4747 αὐτὰ.

2310 4785 2438 4837 Καὶ
2462 4783 2616 4837 τοῦτο
2646 4783 2835 4860 μάθοις
2864 4782 2937 4837 ἂν.
2957 4783 3249 4853 ἐπιστήσας
3281 4781 3432 4854 ποίας
3465 4782 3582 4855 ἄρα
3618 4783 3841 4844 Ἰουδαίων

2328 4875 2512 4941 παῖδες
2554 4876 2840 4946 κέκτηνται
2876 4874 3106 4937 διανοίας
3151 4873 3379 4945 ὁρῶντες
3424 4874 3494 4927 τὰ
3548 4875 3651 4945 μὲν
3677 4874 3839 4927 διιπτιὲ⁹

2330 4965 2501 5036 σεμνά
2528 4968 2617 5030 καί
2644 4965 2773 5035 ἅγια
2802 4968 2867 5019 ὲκ
2895 4964 3108 5037 βάθρων
3130 4965 3488 5035 ἠφανισμένα,
3522 4964 3624 5020 τοῦ
3654 4966 3708 5019 δὲ
3740 4965 3836 5035 ερὲς

2330 5059 2504 5111 αὐτῶν
2532 5060 2721 5131 ἀτιμίᾳ
2749 5059 3176 5131 περιόληθέντος.
3212 5058 3423 5130 σταυρῷ
3454 5076 3516 5112 τε
3547 5060 3645 5114 καὶ
3668 5058 3838 5124 θανάτῳ

2331 5147 2739 5219 παραδοθέντος,
2790 5150 2851 5202 τὸ
2903 5152 2999 5221 μὲν
3023 5148 3115 5202 τοῦ
3145 5148 3369 5207 θανάτου
3399 5148 3593 5219 μνῆμα
3626 5147 3837 5207 σπονδαῖς

2330 5256 2389 5291 τε
2420 5239 2512 5292 καὶ
2552 5238 2886 5310 φιλοτιμίαις
2904 5238 3278 5310 τετιμημένον,
3310 5238 3407 5302 τὰς
3442 5238 3501 5293 δὲ
3542 5236 3635 5290 διὰ
3660 5240 3748 5307 τῆς
3772 5238 3839 5288 αἱ»

2310 5329 2419 5397 τοῦ
2450 5330 2723 5399 δυνάμεως
2768 5329 2885 5384 καθ’
2917 5330 3042 5401 ὅλης
3069 5330 3171 5399 τῆς
3202 5330 3525 5400 οἰκουμένης
3574 5330 3837 5401 ἰδρυθείαπις

705 5413 1017 5483 Ἐκκλησίας
1046 5416 1304 5481 αύξούσας
1324 5421 1607 5491 ὁσημέραι,
1638 5421 1732 5475 καί
1764 5420 2148 5490 πληθυνούσας,
2172 5423 2268 5475 καὶ
2291 5421 2369 5474 ἔτι
2401 5421 2536 5492 μετά
2576 5422 2730 5491 δόξης
2756 5419 3065 5492 προῖούσας.
3114 5419 3295 5474 Ταῦτα
3332 5420 3438 5490 γὰρ
3479 5419 3714 5488 ὁρῶντες
3765 5420 3837 5486 ὀο-

656 5510 659 5513 ’
697 5501 909 5571 θαλμοῖς
950 5506 1209 5561 Ἰουδαίων
1238 5511 1438 5577 παῖδες,
1469 5512 1583 5575 πῶς
1613 5514 1711 5565 ούκ
1746 5513 2005 5584 ἐντροπὴν
2028 5514 2117 5566 καί
2142 5512 2398 5584 αἰσχύνην
2430 5514 2649 5577 εἰκότως
2677 5512 3112 5584 περιϐάλλονταις

767 5593 927 5650 Vens.
961 5598 1146 5652 50.31.
1178 5598 1470 5670 ConﬁtebOr
1486 5604 1705 5658 Domino
1725 5605 1878 5658 nimis
1904 5606 1957 5658 in
1973 5622 2060 5683 ore
2085 5622 2216 5669 meo.

696 5692 741 5735 et
789 5683 839 5734 in
885 5687 1050 5741 medio
1079 5688 1360 5744 multorum
1404 5692 1629 5747 laudabo
1664 5710 1801 5757 eum,
1829 5696 1949 5763 quia
1995 5696 2161 5749 astitit
2190 5713 2223 5748 a

2410 5605 2947 5677 Ἔξομολοτήσομαι
2968 5601 3047 5668 τῷ
3067 5603 3257 5670 Κυρίῳ
3283 5600 3512 5671 σφόδρα
3542 5603 3616 5657 ἐν
3646 5606 3820 5669 tam

2322 5699 2462 5765 ματί
2480 5715 2616 5766 μου,
2641 5695 2738 5751 καί
2762 5697 2830 5750 ὲν
2852 5694 3017 5766 μέσῳ
3037 5690 3277 5749 πολλῶν
3305 5692 3522 5749 αἰνέσω
3550 5697 3745 5751 αὐτόν·
3768 5691 3834 5748 bt’

762 5798 807 5829 "
850 5797 1009 5855 Hebr.
1044 5819 1151 5861 ιιι.
1183 5803 1235 5857 2.
1310 5806 1355 5879 9⁸
1400 5804 1624 5873 Philipp.
1661 5823 1733 5869 ll.
1770 5809 1821 5865 7.
1896 5811 1940 5842 "
1982 5808 2061 5867 lsn
2118 5827 2235 5871 χιιι
2262 5850 2275 5876 ,
2313 5812 2362 5865 5.
