3994 6354
141 486 250 547 1541

1180 464 1675 524 COMMENTARIA
1714 462 1779 516 IN
1811 459 2138 517 PSALMOS.

3157 446 3288 502 1542

139 590 465 665 ιαρόστηὲιι
499 586 707 654 δεξιῶν
737 587 1006 654 πένητος,
1046 583 1150 637 τοῦ
1189 581 1381 636 σῶσαι
1424 582 1491 635 ἐκ
1545 583 1663 634 τῶν

1771 578 1953 632 dextris
1985 572 2245 646 pauperis,
2272 580 2329 625 ut
2362 570 2562 624 salvam
2591 567 2781 638 faceret
2817 582 2849 619 a
2880 561 3289 637 persequentibus

138 680 592 737 καταδιωοιόντων
625 678 736 748 τὴν
754 675 961 746 ψυχήν
972 691 1111 743 μου.
1148 671 1412 727 Πολλῶνο
1445 671 1603 725 τίνων
1629 669 1661 740 ῆ

138 772 337 827 πάντων
355 772 461 827 τῶν
484 772 563 851 είς
593 769 749 824 αὑτὸν
779 765 1211 821 πεπιστευκότων
1235 763 1420 827 ἐθνῶν,
1446 752 1536 816 καὶ
1559 762 1664 815 τῶν

137 862 243 918 καθ’
292 862 420 934 ὅλης
579 846 896 930 οίκουμένης
920 854 1288 926 ⁶Εκκλησιῶν;
1340 852 1508 916 Αὐτὸς
1559 853 1665 923 γάρ

136 957 271 1035 ἐστιν
291 953 322 1007 6
342 951 527 1009 εἰπών’
550 953 730 1006 Ὅπου
757 948 864 1003 δύο
878 948 915 1017 ἣ
931 946 1087 1016 τρεῖς
1103 946 1463 1015 συνηγμένοι
1490 944 1559 997 ἐν
1586 942 1666 1008 τῷ

137 1034 365 1114 ὀνόματι
393 1060 527 1113 μου,
580 1034 709 1109 ἐκεῖ
756 1042 871 1109 ειμι
899 1038 967 1092 ἐν
1000 1032 1165 1107 μέσῳ
1191 1033 1404 1090 αὐτῶν.
1429 1034 1518 1087 Διὸ
1544 1034 1663 1086 καθ’

136 1135 251 1205 ὅλης
292 1133 389 1203 τῆς
411 1130 727 1202 οἰκουμένης
758 1131 814 1183 ὲν
853 1128 998 1199 μέσῳ
1025 1125 1129 1192 τῶν
1158 1123 1488 1195 Ἐκκλησιῶν
1518 1122 1667 1193 παρά

137 1222 219 1276 τοῦ
248 1223 449 1294 Κυρίου
471 1221 546 1291 τῷ
573 1208 759 1291 Πατρῖ
776 1218 1016 1289 μεγίστην
1053 1216 1293 1289 πρόεισιν
1329 1212 1663 1285 εὐχαριστία.

506 1314 793 1369 ΨΑΛΜΟΣ
820 1313 905 1382 Τῼ
936 1312 1149 1365 ΔΑΥΙΔ.
1172 1309 1293 1365 PB’.

199 1403 383 1460 Elter
408 1406 443 1459 ό
463 1405 674 1473 Κύριος
690 1402 769 1468 τῷ
791 1402 981 1470 Κυρίῳ
1001 1416 1137 1470 μου·
1156 1398 1351 1455 Κάθου
1376 1396 1667 1463 ἐκδεξιῶν

137 1510 260 1560 μου,
295 1493 405 1558 ἕως
427 1493 504 1548 ἂν
528 1491 608 1549 θῶ
628 1492 766 1557 τοὺς
790 1490 1036 1558 ἐχθρούς
1061 1502 1175 1543 σου
1204 1487 1528 1544 ὑποπόδιον
1553 1483 1667 1539 τῶν

138 1580 328 1635 ποδῶν
348 1597 483 1635 σου.
516 1580 723 1652 Σφόδρα
745 1578 943 1653 ἀκριδῆ
978 1579 1070 1632 καὶ
1099 1578 1271 1649 ἀληθῆ
1303 1578 1454 1647 λόγον
1473 1578 1667 1647 ἐπεση-

138 1673 335 1742 μήνατο
359 1673 388 1725 6
432 1670 616 1742 Σωτὴρ
648 1669 801 1741 ἡμῶν
842 1667 1091 1741 εἰρηκώς·
1144 1670 1215 1723 El
1244 1665 1356 1723 οὖν
1400 1666 1578 1721 Δαυῒδ
1602 1667 1669 1720 ὲν

138 1763 420 1833 πνεύματι
450 1760 626 1815 καλεῖ
667 1759 849 1816 αὑτὸν
878 1760 1114 1826 Κύρων,
1166 1756 1289 1825 πῶς
1331 1757 1459 1824 υἱὸς
1486 1756 1668 1811 αὐτοῦ

138 1855 333 1916 ἐστιν;
361 1846 558 1921 οὐγὰρ
591 1850 741 1914 ἐκτὸς
768 1847 1078 1921 Πνεύματος
1121 1848 1273 1917 ἁγίου
1300 1843 1409 1911 οἷός
1437 1864 1497 1899 τε
1528 1842 1596 1918 ἦν
1639 1847 1669 1899 6

137 1945 289 2000 Δαυτδ
309 1946 479 2000 είπεῖν
498 1945 577 1998 τό’
595 1939 775 1999 Εἶπεν
796 1946 829 1997 ό
857 1943 1069 2011 Κύριος
1099 1940 1177 2006 τῷ
1194 1941 1384 2009 Κυρίῳ
1396 1957 1531 2009 μου·
1555 1937 1669 1993 Κά-

138 2041 235 2111 θου
261 2037 331 2089 ἐκ
347 2033 556 2110 δεξιῶν
567 2052 703 2106 μου.
728 2032 895 2087 Πόθεν
918 2032 1025 2105 γὰρ
1046 2033 1219 2104 παρῆν
1246 2018 1561 2101 ἀνθρωπίνῳ
1583 2030 1667 2083 λορ

137 2125 358 2196 γισμῷή
392 2124 640 2195 γνῶσιςή
666 2122 760 2177 τοῦ
777 2122 987 2195 Πατρὸς
1013 2119 1147 2194 πρὸς
1177 2121 1264 2173 τὸν
1293 2119 1667 2191 ὠνομασμένον

138 2214 292 2268 αὐτοῦ
320 2214 518 2285 Κύριον
562 2211 916 2280 κοινολογίας;
957 2210 1014 2262 '0
1071 2209 1167 2281 μὲν
1215 2204 1307 2271 οὖν
1338 2207 1520 2280 θρόνος
1571 2207 1669 2280 τὴν

136 2301 407 2373 βασιλικὴν
438 2299 600 2353 αὑτοῦ
627 2298 777 2363 ἀξίαν
803 2298 1215 2369 κατασημαίνει,
1248 2298 1280 2367 ἡ
1304 2294 1584 2358 δὲκαθισις
1610 2296 1671 2348 τὸ

137 2392 343 2469 βέϐαιον
361 2391 452 2444 καὶ
474 2390 677 2460 ἑδραῖον
703 2388 794 2442 καὶ
820 2374 1107 2459 ἀσάλευτον
1138 2386 1237 2456 τῆς
1265 2387 1398 2454 ὲντῇ
1430 2384 1671 2455 βασιλείᾳ

138 2483 405 2553 διαμονῆς
432 2481 490 2533 τὺ
535 2479 611 2547 δὲ,
660 2480 728 2535 ἐκ
773 2477 1000 2543 δεξιῶν,
1045 2468 1181 2535 ebant
1227 2476 1320 2533 καὶ
1366 2474 1549 2543 δεξιῶν
1578 2473 1669 2529 τοῦ

140 2574 342 2644 Πατρὸς
382 2571 710 2645 δωρημάτων
740 2568 1005 2643 κοινωνόν.
1040 2568 1219 2621 Πάντα
1261 2567 1369 2638 γὰρ
1404 2564 1474 2620 τά
1502 2564 1669 2632 δεξιὰ,

136 2665 333 2742 φαιδρὰ
358 2682 416 2717 τε
443 2665 535 2717 καὶ
562 2662 738 2731 ἀγαθά
766 2664 856 2716 καὶ
879 2662 1114 2733 σωτήρια
1140 2664 1361 2732 χορηγεῖ
1387 2662 1415 2714 6
1440 2660 1566 2723 Υἱὸς
1595 2660 1671 2724 ᾡς

138 2754 281 2831 παρὰ
303 2754 528 2828 Πατρός.
579 2752 830 2822 Ἐχθροὺς
851 2751 906 2805 δὲ
940 2751 1069 2821 φησὶ
1099 2752 1221 2815 τοὺς
1251 2750 1338 2804 διὰ
1355 2750 1447 2813 τοῦ
1478 2767 1670 2825 προτεη

139 2844 400 2914 ταγμένου
416 2841 636 2912 ψαλμοῦ
666 2840 1074 2913 δεδηλωμένουςο
1104 2842 1196 2911 καὶ
1238 2842 1296 2894 οὐ
1332 2840 1506 2913 μόνον,
1540 2840 1673 2895 ἀλλὰ

138 2934 225 2985 καὶ
268 2932 447 2995 πάσας
491 2932 588 2995 τὰς
620 2932 987 3003 ἀντικειμένας
1024 2932 1291 3003 δυνάμεις.
1333 2932 1543 2995 Πάντας
1568 2930 1674 3002 γάρ

139 3021 235 3074 ὑπὸ
264 3021 390 3083 τοὺς
437 3019 598 3084 πόδας
630 3021 787 3074 αὐτοῦ
826 3020 1008 3093 θήσειν
1033 3024 1061 3075 6
1105 3023 1288 3091 Πατὴρ
1310 3021 1672 3090 διαγγέλλεται

137 3111 220 3163 διά
248 3111 347 3199 rat”:
379 3112 729 3190 προκειμένου
751 3109 982 3189 ψαλμοῦτ
1562 3110 1565 3113 ’

216 3282 465 3337 Ῥάδδον
490 3284 789 3353 δυνάμεως
806 3279 1193 3348 securowa
1203 3285 1413 3354 Κύριος
1426 3287 1493 3339 ἐκ
1507 3285 1675 3351 Σιὼνν
1702 3247 1744 3309 C‘

138 3375 235 3428 καὶ
261 3376 649 3445 κατακυριευε
708 3377 777 3430 ἐν
794 3377 957 3446 μέσῳ
983 3377 1100 3431 τῶν
1127 3375 1351 3446 ἐχθρῶν
1384 3392 1517 3431 σου.
1561 3379 1679 3432 Ῥἀ-

137 3463 259 3515 ὁδον
288 3463 566 3535 δυνάμεως
584 3465 639 3518 ὲν
657 3465 859 3528 τούτοις
884 3465 1013 3535 ήγοῢ
1020 3483 1116 3536 μαι
1135 3465 1221 3518 τὸν
1234 3450 1576 3535 εύαγγελικὺν
1594 3466 1682 3520 λό-

138 3569 231 3620 γον
269 3547 538 3624 εἰρῆσθαι.
576 3554 887 3635 Ἐπίστησον
907 3555 961 3606 δὲ
988 3556 1190 3623 μήποτε
1221 3554 1339 3608 καθ’
1368 3555 1547 3627 ἕτερον
1567 3556 1681 3627 τρό-

138 3659 237 3695 πον
273 3642 467 3713 ῥάϐδος
493 3642 768 3711 δυνάμεως
804 3642 1014 3713 εἴρηται
1051 3641 1280 3696 ἐνταῦθα
1375 3646 1431 3697 ὲν
1458 3643 1534 3715 τῷ
1563 3644 1681 3698 δευ-

138 3732 279 3802 τέρῳ
319 3731 514 3805 ψαλμῷ
542 3730 845 3802 κεκλημένη
886 3730 1073 3802 ῥάϐδος
1116 3733 1323 3805 σιδηρᾶ.
1365 3735 1423 3787 '0
1449 3733 1546 3805 μὲν
1589 3731 1679 3789 οὖν

136 3821 487 3891 εὐαγγελικὸς
522 3821 695 3890 λόγος,
724 3824 769 3874 λδ
796 3822 890 3892 τῆς
929 3821 1020 3875 τοῦ
1072 3824 1314 3894 Σωτῆρος
1342 3823 1495 3894 ἡμῶν
1530 3824 1681 3880 δυνά-

139 3929 307 3981 μεως,
336 3911 430 3964 καὶ
456 3914 552 3983 τῆς
570 3912 689 3965 κατ’
714 3912 871 3965 αὑτὸν
900 3913 1200 3983 οἰκονομίας
1218 3914 1623 3982 ἀπαγγελτικδς,
1648 3916 1680 3985 ή

138 4000 459 4072 παιδευτικὴ
490 4002 582 4055 καὶ
624 4003 882 4072 σωτήριος
911 4004 992 4071 εἴη
1033 4002 1098 4054 ἀν
1144 4001 1351 4072 ῥάϐδος·
1382 4005 1414 4072 ἠ
1446 4001 1501 4055 δὲ
1543 4003 1682 4057 κατὰ

137 4093 243 4144 τῶν
279 4093 487 4163 ἐχθρῶν
524 4092 811 4145 αὐτοῦ’καὶ
841 4092 1106 4161 πολεμίοιν
1127 4091 1224 4159 τῆς
1260 4090 1419 4144 αὐτοῦ
1458 4093 1679 4163 Ἐκκλη-

137 4181 258 4244 σίας
295 4182 646 4252 καθαιρετικὴ
693 4181 952 4250 λεγομένη
992 4180 1200 4251 σιδηρᾶ,
1231 4180 1296 4232 δι’
1329 4176 1394 4251 ἧς
1419 4181 1492 4245 ὡς
1514 4183 1678 4252 σκεύη

136 4271 425 4343 κεραμέως
462 4272 761 4340 συντρίψειν
807 4270 1017 4338 λέγεται
1058 4274 1188 4336 τοὺς
1228 4273 1446 4344 ἐχθροὺς
1497 4274 1677 4328 αὐτοὶ

141 4362 301 4427 ἶΕπεὶ
312 4362 489 4414 τοίνυν
510 4363 538 4412 6
562 4361 787 4430 Χριστὸς
801 4361 898 4423 τὰς
917 4354 1232 4431 Ἐκκλησίας
1246 4362 1404 4416 αὑτοῦ
1423 4364 1479 4417 ὲν
1494 4364 1680 4434 μέσαις

136 4454 252 4516 ταῖς
288 4453 475 4505 πόλεσι
502 4452 592 4504 καὶ
623 4452 679 4503 ὲν
716 4452 892 4513 αὐτοῖς
925 4450 1105 4520 μέσοις
1130 4452 1300 4529 ἔθνεσι
1329 4453 1524 4524 μεταξὺ
1573 4436 1678 4508 τῶν

1763 672 1994 724 animam
2032 680 2220 718 meam.
2253 660 2542 717 Multorum
2576 674 2603 721 ε,
2631 670 2856 728 quorum
2901 654 3006 707 ιιἰεὶ
3053 653 3291 708 omnium

1762 759 1998 831 gentium
2030 770 2149 826 qua:
2177 755 2229 807 in
2263 754 2437 822 ipsum
2467 745 2827 807 crediderunt,
2852 752 2905 799 et
2932 743 3292 799 Ecclesiarum

1763 828 1881 919 quae
1909 848 1961 901 in
2000 852 2112 899 toto
2135 842 2265 897 orbe
2303 838 2465 895 sunt?
2488 836 2607 907 ipse
2633 846 2864 902 namque
2886 838 2980 885 .est
3006 828 3098 899 qui
3124 828 3259 883 dixit
3277 845 3289 880 :
3306 829 3314 845 "

1770 940 1866 994 Ubi
1895 938 1998 995 duo
2036 935 2111 989 vel
2152 942 2253 987 tres
2292 929 2587 999 congregati
2617 925 2809 996 fuerint
2841 924 2893 976 in
2931 922 3135 981 nomine
3159 937 3293 983 meo,

1763 1032 1835 1085 ibi
1860 1046 1974 1084 sum
2003 1029 2056 1082 in
2080 1024 2245 1081 medio
2277 1037 2454 1093 eorum
2483 1020 2548 1071 ⁸³.
2575 1017 2695 1073 Ideo
2715 1032 2809 1087 per
2829 1020 2996 1069 totum
3022 1010 3203 1065 orbem
3238 1007 3292 1066 in

1763 1120 1940 1176 modio
1984 1116 2346 1183 Ecclesiarum
2397 1124 2604 1180 magna:
2656 1123 2686 1162 a
2731 1105 2961 1161 Domino
3004 1101 3296 1173 gratiarum

1763 1212 2005 1271 actiones
2037 1194 2183 1262 Patri
2212 1206 2547 1261 emittuntur.

2070 1290 2389 1349 PSALMUS
2426 1290 2551 1346 lPSl
2591 1285 2816 1341 DAVID.
2854 1282 2988 1340 CIX.
3082 1340 3085 1345 η

1833 1382 1999 1446 Vens.
2021 1388 2047 1440 1
2060 1427 2076 1452 ,
2091 1386 2146 1440 2.
2165 1385 2311 1439 Dixit
2333 1384 2583 1437 Dominus
2597 1380 2816 1433 Domino
2840 1392 2950 1430 meo
2971 1391 2988 1428 :
3012 1371 3141 1428 Sede
3168 1387 3200 1424 α
3219 1368 3299 1439 de-

1763 1479 1897 1532 :ttris
1920 1476 2068 1538 meis,
2099 1473 2258 1526 donec
2294 1485 2482 1538 ponam
2510 1470 2745 1522 inimicos
2774 1461 3193 1523 tuosisscabellum
3213 1474 3297 1527 pe—

1764 1569 1887 1622 dum
1917 1575 2143 1619 tuorum.
2175 1560 2287 1615 Hoc
2331 1559 2534 1613 dictum
2565 1554 2718 1611 valde
2743 1558 3072 1607 accuratum
3117 1564 3181 1603 ac
3210 1564 3299 1601 ve—

1765 1672 1882 1711 rum
1905 1670 2027 1712 esse
2056 1653 2301 1709 Salvator
2336 1647 2656 1721 signiﬁcavit
2689 1644 2914 1700 dicens:
2951 1642 3011 1698 Si
3042 1658 3160 1712 ergo
3193 1638 3299 1693 Da-

1768 1747 1851 1802 vid
1885 1741 1938 1801 in
1969 1745 2155 1813 spiritu
2184 1751 2329 1801 uocat
2370 1756 2487 1794 eum
2527 1737 2822 1799 Dominum,
2862 1732 3117 1823 quomodo
3161 1728 3301 1799 [ilius

1767 1837 1880 1907 ejus
1914 1812 2095 1889 est"?
2118 1846 2293 1901 neque
2326 1829 2469 1884 enim
2494 1827 2615 1882 'sine
2646 1823 2849 1894 Spiritu
2870 1812 3068 1877 sancto
3095 1823 3303 1889 poterat

1698 1911 1741 1964 Β
1772 1926 1937 1981 David
1970 1924 2085 1979 haec
2131 1921 2390 1995 proferre,
2432 1917 2578 1970 Dixit
2613 1915 2865 1967 Dominus
2906 1910 3128 1964 Domino
3169 1923 3301 1973 meo,

1772 2018 1902 2074 Sede
1934 2034 1966 2070 a
1995 2015 2192 2069 dextris
2228 2012 2373 2066 meis.
2421 2004 2697 2074 Quomodo
2735 2002 2878 2058 enim
2924 2000 3171 2054 humanae
3211 2011 3302 2050 co-

1771 2107 1997 2179 gnitioni
2045 2102 2328 2159 accidisset
2362 2099 2551 2154 notitia
2595 2089 3095 2150 communicationis
3141 2100 3304 2157 quam

1771 2175 1929 2255 l’ater
1957 2196 2117 2252 habet
2147 2208 2268 2248 cum
2302 2205 2367 2245 eo
2410 2189 2500 2259 qui
2537 2186 2793 2241 Dominus
2820 2182 2988 2251 ipsiits
3016 2178 3180 2231 David
3222 2175 3304 2230 di-

1771 2289 1949 2345 citur?
1976 2286 2228 2341 Thronus
2269 2283 2448 2351 itaque
2480 2277 2677 2348 regiam
2708 2274 2826 2344 ejus
2863 2269 3173 2339 dignitatem
3212 2264 3304 2319 de-

1758 2382 1970 2448 ‘clarat;
2022 2377 2194 2451 sessio
2258 2381 2432 2427 autem
2480 2369 2816 2430 ﬁrmitatem,
2859 2361 3201 2418 stabilitatem
3251 2364 3302 2411 et

1774 2447 2199 2528 immobilitatem
2250 2460 2643 2535 permansionis
2685 2458 2804 2528 ejus
2843 2456 2897 2510 in
2946 2466 3133 2522 regno.
3172 2447 3302 2501 illud

1775 2577 1971 2631 autem,
1998 2582 2031 2619 a
2052 2563 2269 2627 dextris,
2295 2561 2534 2615 declarat
2570 2557 2745 2626 ipsum
2788 2552 3099 2607 dextrorum
3131 2542 3302 2599 Patris

1774 2672 2055 2714 munerum
2092 2668 2211 2709 esse
2254 2649 2584 2723 participem.
2617 2643 2805 2698 Omnia
2835 2642 3031 2713 quippe
3066 2637 3302 2697 dextera,

1776 2750 2086 2814 larta,'bona
2113 2757 2165 2802 et
2187 2737 2440 2799 salutaria
2471 2736 2624 2809 quasi
2662 2750 2689 2788 a
2720 2732 2878 2787 Patre
2902 2728 3068 2783 Filius
3098 2727 3303 2782 submi-

1776 2844 1991 2899 nistrat.
2011 2838 2258 2894 lnimicos
2285 2840 2459 2887 autem
2481 2835 2638 2885 vocat
2663 2841 2756 2881 eos
2778 2824 2869 2894 qui
2905 2822 2959 2875 in
2988 2817 3303 2890 praecedenti

1776 2934 1982 3005 psalmo
2006 2929 2261 2985 declarati
2284 2933 2439 2990 sunt;
2468 2936 2638 2991 neque
2662 2927 2864 2970 tantum
2896 2927 3008 2974 eos,
3026 2910 3128 2966 sed
3147 2910 3304 2966 etiam

1777 2996 1964 3079 omnes
1985 3018 2321 3074 adversarlas
2354 3015 2598 3069 virtutes.
2630 3008 2788 3062 Pater
2808 3005 2947 3061 enim
2976 3002 3029 3056 in
3059 2996 3303 3071 praesenti

1776 3110 1982 3183 psalmo
2004 3122 2062 3161 se
2085 3120 2272 3161 omnes
2297 3103 2398 3159 sub
2428 3099 2590 3171 pedes
2618 3097 2734 3167 ejus
2769 3100 3159 3164 prostraturum
3187 3101 3302 3144 esse

1778 3201 2077 3259 denuntiat.

1847 3296 2009 3353 Vens.
2055 3294 2108 3349 5.
2180 3291 2389 3362 ’νιτραιη
2435 3287 2642 3342 virtutis
2700 3284 2894 3339 emittet
2949 3277 3197 3333 Dominus
3242 3289 3297 3327 ea

1777 3385 1920 3447 Sion,
1948 3392 1995 3437 et
2024 3382 2290 3435 dominare
2317 3379 2372 3433 in
2396 3377 2561 3431 medio
2584 3374 2909 3428 inimicorum
2939 3380 3163 3422 tuorum.
3187 3362 3301 3418 Vir--

1777 3492 1895 3548 gam
1928 3473 2163 3535 Evirtutis
2203 3471 2437 3525 arbitror
2474 3468 2577 3523 hoc
2618 3466 2739 3520 loco
2774 3459 3139 3531 evangelicum
3188 3470 3303 3513 ser»

1777 3583 1988 3623 monem
2013 3566 2214 3622 dictum
2245 3578 2383 3618 esse.
2418 3560 2653 3615 Observa
2684 3570 2865 3626 porro,
2896 3567 3021 3607 num
3065 3549 3202 3605 forte
3228 3564 3303 3604 sev

1778 3658 2007 3713 cundum
2036 3656 2193 3709 aliam
2238 3653 2496 3707 rationem
2534 3649 2683 3718 virga
2714 3643 2926 3701 virtutis
2971 3641 3060 3695 hic
3098 3638 3302 3693 dicatur

1777 3759 1862 3808 ea,
1892 3756 2010 3812 quae
2040 3743 2095 3796 ln
2122 3740 2356 3796 secundo
2388 3736 2592 3808 psalmo
2632 3735 2780 3805 virga
2816 3732 2989 3793 ferrea
3028 3741 3302 3796 nuncupa-

1779 3841 1885 3888 tur.
1914 3823 2262 3902 Evangelicus
2289 3830 2467 3896 itaque
2508 3838 2705 3885 sermo,
2744 3822 2835 3892 qui
2874 3816 3175 3875 Servatoris
3207 3830 3294 3869 no-

1780 3923 1876 3979 stri
1906 3924 2152 3980 virtutem
2190 3927 2243 3973 et
2284 3918 2403 3985 ejus
2444 3913 2796 3969 mconomiam
2825 3910 3125 3973 annuntiat,
3156 3907 3302 3976 virga

1778 4012 2087 4067 doctrinalis
2131 4019 2183 4064 et
2215 4008 2465 4063 salutaris
2496 4006 2685 4074 fuerit;
2717 4006 2806 4059 illa
2835 4019 2963 4060 vero
2995 4016 3100 4072 qua
3131 4000 3297 4054 inimi‘

1778 4122 1870 4161 cos
1898 4119 2025 4159 suos
2052 4109 2105 4154 et
2147 4099 2395 4154 Ecclesiae
2425 4099 2604 4155 hostes
2652 4096 2940 4167 prosternit
2968 4109 3029 4147 ac
3056 4092 3302 4157 destruit,

1780 4194 1948 4270 ferrea
1977 4180 2217 4256 vocetur,
2246 4178 2351 4259 qua
2381 4188 2578 4242 dicitur
2600 4187 2844 4242 inimicos
2886 4198 3012 4239 suos
3052 4191 3301 4251 tanquam

1776 4298 1903 4338 vasa
1950 4281 2095 4351 ﬁguli
2139 4281 2468 4357 contriturus
2508 4293 2644 4333 esse.
2691 4275 2825 4340 Quia
2860 4273 3020 4343 igitur
3059 4270 3301 4325 Christus

1778 4372 2045 4425 Eccle‘sias
2084 4385 2211 4426 suas
2239 4371 2291 4423 in
2325 4369 2513 4439 mediis
2554 4365 2775 4421 urbibus
2806 4371 2859 4419 et
2887 4360 3132 4431 gentibus
3170 4359 3301 4411 inter

1779 4462 2023 4515 inimicos
2065 4467 2119 4515 et
2164 4440 2346 4524 hostes
2391 4439 2689 4540 cpnstituit,
2746 4451 3051 4525 necessario
3102 4448 3302 4502 dictum

135 4543 352 4614 ἐχθρῶν
382 4543 475 4596 καὶ
528 4541 794 4610 πολεμίων
850 4543 1220 4613 συνεστήσατο,
1256 4545 1554 4615 ἀναγκαίως
1593 4546 1675 4598 λέ-

1779 4560 1860 4607 est
1892 4571 1905 4604 :
1940 4552 2143 4621 Virgam
2174 4551 2377 4617 virtutis
2405 4559 2507 4602 tute
2531 4548 2725 4604 emittet
2746 4544 3020 4605 Dominus,
3053 4551 3107 4594 ut
3133 4539 3301 4594 domi-

135 4635 326 4685 λεκται
370 4631 473 4695 δτι,
519 4628 759 4693 Ῥᾴὄδον
806 4629 1103 4697 δυνάμεώς
1144 4644 1257 4686 σου
1295 4632 1683 4697 ἐξαποστελεῐ

135 4724 370 4790 Κύριος,
401 4721 499 4775 ἵνα
539 4720 1000 4789 κατακυριεύσῃς
1026 4720 1093 4772 ἐν
1124 4720 1287 4788 μέσῳ
1306 4720 1422 4773 τῶν
1459 4720 1681 4790 ἐχθρῶν

133 4827 276 4864 σου.
789 4811 794 4815 ’

200 4899 372 4952 Μετὰ
399 4889 567 4968 σοῧὴ
603 4901 754 4969 ἀρχὴ
787 4901 856 4955 ἐν
883 4904 1066 4970 ἡμέρᾳ
1106 4902 1213 4969 τῆς
1239 4898 1536 4967 δυνάμεώς
1566 4915 1677 4955 σου

134 4993 199 5045 ἐν
224 4991 364 5057 ταῖς
392 4994 759 5059 λαμπρότησι
787 4991 905 5044 τῶν
939 4993 1137 5060 ἀπίων,
1184 4993 1251 5043 ἐκ
1292 4990 1539 5058 γαστρὸς
1567 4991 1677 5057 πρὸ

134 5080 449 5149 ἑωσφόρον
507 5077 796 5147 breui-nati
846 5094 935 5131 σε.
988 5078 1231 5140 Ἀκύλας,
1288 5076 1417 5130 Ἀπὸ
1455 5077 1679 5145 μήτρας

135 5169 607 5239 ἐξωρθρισμένης
634 5184 729 5222 σοι
769 5167 983 5234 δρόσος
1008 5168 1376 5234 παιδιότητός
1404 5182 1536 5221 σουο
1566 5171 1595 5220 6
1622 5169 1693 5221 δὲ

135 5261 455 5329 Σύμμαχος
496 5260 588 5324 Ὧς
614 5258 738 5313 κατ’
770 5259 974 5325 ὄρθρον
1007 5272 1104 5310 σοι
1144 5256 1357 5322 δρόσος
1390 5256 1427 5323 ἡ
1472 5259 1679 5324 νεότης

134 5365 273 5404 σου·
308 5351 344 5418 ἡ
365 5348 422 5401 δὲ
453 5352 670 5422 πέμπτη
700 5349 922 5413 ἔκδοσις,
966 5349 1057 5400 Ἐκ
1083 5346 1305 5415 μήτρας
1334 5346 1447 5399 ἀπὸ
1472 5346 1677 5415 ὄρθρου

129 5456 234 5495 σοι
256 5437 485 5508 δρόσος
505 5441 781 5506 νεότητός
816 5454 948 5493 σου.
985 5438 1089 5489 Καὶ
1120 5435 1258 5488 ἔοικέ
1286 5452 1349 5502 γε
1377 5436 1462 5488 διὰ
1480 5437 1677 5490 τούτων

135 5531 235 5601 τῆς
267 5527 532 5599 ἐνσάρκου
584 5530 878 5599 γεννήσεως
922 5527 1081 5580 αὑτοῦ
1121 5525 1214 5596 τὴν
1250 5526 1549 5595 οἰκονομίαν
1581 5544 1675 5597 ση-

135 5621 381 5689 μαίνειν.
430 5617 557 5669 Ἀπὸ
578 5619 684 5688 γὰρ
724 5620 944 5688 μήτρας,
979 5619 1130 5687 φησὶ,
1175 5617 1453 5684 γενήσεται
1496 5616 1678 5687 δρόσος

135 5706 549 5787 ὲξωρθρισμένη
578 5708 670 5775 τῆς
689 5706 1018 5773 παιδιότητός
1045 5724 1154 5761 σου·
1196 5706 1227 5775 ἥ
1262 5707 1323 5758 ὲκ
1355 5708 1557 5777 μήτρας
1590 5725 1677 5775 γε-

205 5814 255 5846 ⁸³
296 5812 484 5868 Matth.
521 5830 677 5877 mu,
713 5812 797 5868 20.
873 5813 916 5844 ⁸⁸
955 5813 1135 5868 Matth.
1176 5794 1431 5875 xm.b5.

1778 4646 1915 4698 neris
1943 4645 1997 4697 in
2026 4643 2193 4700 medio
2215 4640 2542 4694 inimicorum
2577 4639 2800 4690 tuarum.

1845 4883 2004 4936 Vsus.
2033 4881 2095 4934 ὁὶ
2132 4878 2317 4932 Tecum
2372 4874 2686 4945 principium
2735 4873 2788 4925 in
2838 4877 2923 4925 die
2964 4869 3169 4924 virtutis
3204 4880 3301 4921 tum

1776 4984 1828 5034 in
1851 4977 2201 5048 splendoribus
2230 4983 2553 5036 sanctorum,
2589 4987 2653 5025 ea:
2681 4980 2826 5023 utero
2859 4980 2976 5023 ante
3008 4967 3301 5034 Luciferum

1775 5080 1924 5155 genui
1952 5088 2016 5131 te.
2046 5075 2259 5145 Aquila,
2288 5072 2352 5126 ab
2384 5082 2529 5125 utero
2575 5070 2804 5123 diluculo
2836 5071 3057 5123 excitato
3092 5066 3183 5118 tibi
3218 5080 3300 5118 ros

1776 5178 2010 5248 pueritia:
2034 5186 2135 5229 tute
2153 5192 2167 5241 ;
2187 5172 2537 5245 Symmachus
2564 5212 2578 5235 ,
2602 5172 2734 5225 velut
2756 5168 2981 5222 diluculo
3003 5166 3094 5220 tibi
3117 5182 3199 5220 ros
3211 5166 3299 5234 ju-

1777 5289 1950 5353 ventus
1980 5286 2103 5338 tua;
2130 5274 2316 5344 quinta
2344 5281 2542 5340 autem
2576 5271 2760 5344 editio,
2793 5284 2856 5322 ea:
2907 5277 3051 5321 utero
3083 5267 3299 5320 dilicuto

1778 5367 1868 5420 tibi
1904 5381 1988 5418 ros
2014 5364 2297 5432 juventutis
2322 5370 2440 5414 tuae.
2478 5359 2675 5428 Hisque
2704 5358 2913 5410 videtur
2944 5354 3299 5425 generationis

1775 5459 1891 5525 ejus
1950 5452 2181 5507 carnalis
2236 5450 2587 5505 oeconomiam
2648 5445 2967 5516 signiﬁcare.
3026 5444 3106 5497 Ab
3147 5451 3297 5497 utero

1776 5548 1937 5606 cnim.
1970 5546 2063 5606 ait,
2094 5544 2193 5597 crit
2216 5558 2309 5603 ros.
2332 5541 2625 5594 matutinus
2653 5537 2892 5607 pueritia
2918 5545 3050 5600 tum;
3087 5536 3197 5588 sive
3232 5550 3296 5589 ex

1776 5646 1926 5691 tztcro
1957 5636 2043 5689 lict
2087 5633 2183 5687 tibi
2232 5648 2320 5686 ros
2349 5642 2471 5685 tuus
2512 5630 2748 5683 diluculo
2781 5626 3146 5696 in'juvcntute
3184 5632 3293 5676 tua.

1779 5729 1974 5796 [lisque
2005 5725 2232 5781 arbitror
2261 5723 2542 5786 declarari,
2593 5735 2697 5773 non
2723 5734 2784 5772 ex
2815 5718 3017 5772 semine
3044 5716 3166 5780 viri,
3202 5715 3298 5769 scd
