3994 6354
140 426 161 477 Ι
171 424 279 479 349

206 645 455 725 Αἰνεῖτε,
484 644 708 711 παῖδες,
732 644 844 713 τὸν
871 646 1107 714 Κύριον,
1145 644 1358 700 αίνεῖτε
1398 642 1465 698 τὸ
1509 642 1693 711 ὄνομα

138 738 382 807 Κυρίου.
412 735 527 804 -Ειη
552 735 616 789 τὸ
646 735 829 805 ὄνομα
874 736 1087 803 Κυρίου
1125 732 1528 805 εὐλογημένοι·
1575 730 1693 785 ἀπὸ

139 830 246 884 τοῦ
300 828 418 883 νῦν
479 829 576 882 καὶ
630 827 740 894 ἕως
794 829 898 883 τοῦ
951 827 1181 893 αἰῶνος.
1228 826 1413 879 Πάντα
1462 824 1555 878 τὸν
1605 822 1693 877 διὰ

139 921 200 975 τὸ
249 920 529 991 φοὸεῖσθαι
574 918 773 990 Κύριον
824 920 1085 990 μακάριον
1132 916 1489 987 γεγενημένον
1531 915 1696 987 ἄνδρα

140 1011 635 1082 ὑποτυπωσάμενος
678 1013 707 1065 6
757 1011 912 1081 λόγος
948 1013 1005 1065 ὲν
1032 1009 1108 1081 τῷ
1140 1009 1245 1080 πρὸ
1266 1009 1453 1061 τούτου
1478 1001 1693 1080 ψαλμῷ,

58 1142 67 1154 .
140 1104 233 1157 τόν
272 1120 333 1157 τε
380 1103 491 1173 βίον
526 1102 634 1156 τῶν
660 1098 909 1157 τοιούτων
941 1102 1034 1156 καὶ
1062 1100 1170 1173 ’τὴν
1202 1100 1341 1155 κατὰ
1381 1099 1511 1153 Θεὸν
1550 1098 1699 1153 πολι-

140 1195 318 1260 τείαν,
344 1194 436 1248 καὶ
458 1193 518 1246 τὸ
546 1192 637 1246 ἐπὶ
659 1193 864 1257 τούτοις
893 1193 1043 1265 παρὰ
1072 1191 1188 1263 Θεῷ
1204 1189 1353 1254 τέλος
1380 1189 1698 1262 ὑπογράψας

140 1287 202 1339 ὲν
231 1284 312 1357 τῷ
344 1284 703 1357 προκειμένῳ,
726 1284 869 1349 τίνες
897 1284 1025 1338 ποτέ
1068 1285 1203 1336 εἰσιν
1225 1275 1387 1345 οὗτοι,
1420 1281 1514 1335 καὶ
1539 1281 1697 1334 τίνων

142 1378 467 1448 τυγχάνουσι
493 1376 854 1449 παραπλήσιοι
882 1376 1135 1441 διδάσκει,
1163 1375 1351 1437 παῖδας
1382 1374 1575 1436 αὐτοὺς
1600 1390 1699 1426 κα-

143 1469 252 1523 λῶν
280 1468 369 1522 διὰ
390 1469 450 1521 τὸ
476 1467 662 1539 νεαρὸν
692 1468 783 1520 καὶ
804 1467 1080 1539 ἀρτιγενὲς
1104 1467 1200 1535 τῆς
1228 1464 1365 1518 κατὰ
1387 1464 1560 1535 ψυχὴν
1585 1464 1701 1532 ἠλι-

143 1559 293 1623 κίας,
322 1559 414 1612 καὶ
446 1557 660 1621 τούτους
684 1557 778 1610 ἐπὶ
802 1556 889 1611 τὸν
919 1553 1062 1611 αἶνον
1093 1556 1247 1609 καλεῖ
1267 1554 1358 1608 τοῦ
1384 1554 1538 1609 Θεοῦ.
1558 1554 1700 1609 Ἀντὶ

144 1648 265 1715 τοῦ,
310 1650 537 1717 παῖδες,
582 1651 611 1703 6
652 1647 876 1713 Ἀκύλας
920 1649 1012 1702 κα)⁸
1053 1649 1082 1701 6
1110 1647 1397 1719 Σύμμαχος
1446 1647 1701 1713 δούλους

142 1743 437 1814 ὠνόμασαν
491 1743 755 1813 φήσαντες
773 1758 786 1771 ·
854 1740 1125 1810 Ὑμνεῐτε,
1186 1739 1409 1803 δοῦλοι,
1464 1739 1699 1807 Κύριον,

1274 413 1768 491 consumam
1808 411 1875 467 IN
1912 410 2246 471 PSALMOS.

168 534 567 597 ΔΛΛΠΔΟΥΙΑ
602 534 893 597 ΛΓΓΑΙΟΥς
924 535 1042 588 ΚΑΙ
1079 534 1438 589 ΖΑΧΑΡΙΟΥ.
1478 532 1621 586 PlB’.
1720 534 1766 590 Δ

3187 412 3322 469 1350

1894 500 2228 582 summa
2256 502 2487 579 Acca!
2516 521 2601 607 Er
2629 518 3019 578 mensum.
3052 521 3210 577 cxn.

1860 638 2026 694 Vens.
2065 638 2117 701 1,
2152 636 2207 689 2.
2254 633 2510 698 Laudato,
2554 633 2723 701 pueri,
2772 631 3075 697 Dominum,
3122 632 3331 688 laudate

1790 746 1974 784 nomen
2015 727 2249 782 Domini.
2283 725 2364 782 Sit
2407 741 2593 779 nomen
2633 722 2841 777 Domini
2887 724 3232 784 benedictum,
3270 710 3334 777 ea:

1791 823 1887 877 hoc
1919 837 2054 876 nunc
2078 828 2127 873 et
2174 833 2331 888 usque
2357 818 2412 870 in
2443 816 2713 871 sceculum.
2746 814 2880 871 Cum
2913 815 2968 868 in
3010 815 3334 885 praecedenti

1793 912 2003 983 psalmo
2051 910 2198 964 viros
2234 922 2442 971 omnes,
2473 907 2564 977 qui
2602 904 2743 976 quod
2788 906 3009 960 timeant
3048 904 3332 959 Dominum

1793 1002 1935 1059 beati
1963 1000 2138 1056 ellecti
2168 1008 2316 1063 sunt,
2343 998 2827 1067 repraesentaverit,
2859 1011 2921 1051 ac
2958 1012 3143 1050 eorum
3171 996 3336 1051 vitam

1795 1098 1850 1147 et
1880 1091 2187 1147 institutum
2230 1090 2524 1143 secundum
2569 1084 2758 1148 Deum,
2791 1085 2947 1139 ﬁnem
2975 1098 3187 1154 quoque
3229 1098 3341 1153 quo

1795 1182 2033 1240 donandi
2060 1180 2203 1252 apud
2227 1178 2392 1237 Deum
2426 1186 2571 1243 sunt,
2599 1176 2982 1247 descripserit;
3010 1177 3062 1230 in
3086 1175 3339 1245 praesenti

1795 1280 2016 1349 quinam
2042 1276 2117 1329 illi
2140 1284 2196 1331 et
2223 1273 2544 1344 quibusnam
2570 1270 2773 1326 similes
2799 1270 2907 1325 sint
2930 1268 3185 1329 declarat,
3218 1282 3341 1336 pue-

1798 1385 1889 1424 ros
1930 1366 2226 1439 appellans,
2257 1364 2383 1434 quia
2422 1360 2597 1431 quoad
2644 1360 2836 1415 animae
2870 1367 3080 1415 (etatem
3114 1360 3342 1428 juvenes

1796 1472 1851 1520 et
1882 1475 2071 1516 recens
2117 1456 2230 1510 nati
2269 1462 2436 1511 sunt:
2480 1452 2580 1507 hos
2610 1466 2825 1521 quoque
2879 1450 2947 1505 ad
2988 1449 3201 1504 laudem
3247 1448 3341 1503 Dei

1798 1560 2076 1625 provocat.
2121 1546 2230 1601 Pro
2270 1545 2384 1611 illo,
2433 1544 2609 1613 pueri,
2652 1543 2842 1611 Aquila
2874 1550 2927 1595 et
2965 1539 3338 1612 Symmachus,

1800 1645 1954 1707 serui,
1974 1639 2311 1710 interpretati
2342 1646 2468 1692 sunt
2495 1636 2737 1690 dicentes
2771 1649 2785 1685 :
2822 1631 3042 1702 Hymnis
3067 1632 3340 1691 celebrate.

1801 1737 1959 1795 servi,
1993 1730 2293 1794 Dominum,
2343 1726 2549 1798 hymnis
2596 1722 3076 1778 celebratenomen
3109 1720 3340 1775 Domini.

146 1812 388 1904 ὑμνέεῖτε
413 1833 480 1887 τὸ
501 1812 685 1903 ὄνομα
724 1832 960 1900 Κύριου.
984 1831 1191 1885 Δούλων
1215 1831 1322 1902 γὰρ
1348 1830 1498 1885 οὐδὲν
1531 1830 1704 1900 διενη-

1811 1825 1960 1882 Pueri
1988 1836 2221 1893 namque
2245 1819 2385 1897 nihil
2411 1833 2440 1872 a
2473 1814 2645 1871 servis
2670 1812 2944 1876 dill'erunt,
2975 1819 3157 1883 utpote
3185 1812 3343 1867 timo-

145 1940 368 1995 νοχασιν
399 1926 449 1978 οι
483 1924 687 1987 παῖδες,
722 1923 870 1994 φόϐῳ
910 1922 1151 1987 δουλείας
1184 1921 1701 1994 παιδαγωγούμενοι.

154 2012 268 2081 Ετη
299 2015 366 2068 τὸ
400 2014 583 2083 ὄνομα
606 2013 825 2082 Κυρίου
852 2012 1267 2082 dixerimsi-ori
1288 2012 1406 2067 ἀπὸ
1432 2012 1537 2066 τοῦ
1575 2011 1706 2066 ’νῦν

74 2122 82 2129 ·
148 2099 256 2154 καί
284 2100 394 2167 ἓως
425 2100 528 2155 τοῦ
554 2100 786 2167 αἰῶνος.
816 2101 901 2165 Ὦς
929 2101 1179 2171 ἀγνοοῦσι
1199 2103 1310 2165 τοῖς
1346 2086 1530 2155 παισὶν
1560 2102 1707 2165 ὅπως

149 2189 261 2262 χρὴ
302 2190 392 2243 τὸν
410 2190 617 2262 Κύριον
646 2189 832 2260 ὑμνεῖν
858 2189 917 2244 τὸ
946 2191 1277 2263 προφητικὸν
1304 2190 1525 2261 Πνεῦμα
1555 2191 1708 2262 δίκην

150 2280 502 2349 παιδαγωγοῦ
534 2280 626 2334 καὶ
653 2280 966 2339 διδασκάλου
989 2282 1093 2346 ’τὰς
1125 2281 1305 2350 φωνὰς
1343 2281 1509 2346 αὐτὰς
1528 2298 1710 2353 παρα-

151 2369 389 2423 δίδωσιν.
421 2369 566 2442 Εύχὴ
605 2368 662 2423 δὲ
682 2368 830 2441 αῦτη
866 2370 1012 2423 ἐστὶν
1037 2368 1175 2440 ὑπὲρ
1208 2368 1362 2440 ήμῶν
1387 2367 1562 2422 αὐτῶν
1603 2368 1709 2422 τῶν

152 2462 363 2518 παίδων
402 2462 846 2533 ἀναπεμπομένη,
871 2461 947 2525 ὼς
990 2460 1057 2515 ἂν
1089 2458 1337 2529 διαμείνῃ
1374 2459 1503 2529 ἡμῖν
1530 2443 1591 2511 τὸ
1617 2457 1709 2511 τοῦ

152 2555 363 2626 Κυρίου
392 2552 563 2623 ὄνομα
588 2554 667 2617 είς
691 2552 753 2606 τὸ
780 2551 1040 2623 διηνεκὲς,
1075 2549 1149 2622 μὴ
1174 2548 1370 2619 φεῦγον
1388 2549 1569 2620 ιήμᾶς,
1596 2547 1710 2601 ἀλλ’

150 2645 570 2716 ἀναπαυόμενον
599 2642 676 2714 τῷ
707 2642 955 2714 ἡμετέρῳ
987 2639 1105 2711 βίῳ.
1184 2687 1189 2697 .

247 2736 377 2791 Ἀπὸ
404 2734 713 2803 ἀνατολῶν
735 2734 910 2803 ἡλίου
936 2732 1107 2803 μέχρι
1130 2729 1376 2801 δυσμῶν
1396 2731 1629 2786 alr-H61“
1646 2732 1712 2786 τὸ

160 2828 350 2897 ὄνομα
372 2827 611 2896 Κυρίου.
628 2825 881 2895 7W6;-
913 2823 1233 2895 ἐπίπάντα
1262 2822 1335 2877 τὰ
1363 2824 1504 2891 ἔθνη
1533 2827 1566 2877 ὁ
1596 2825 1712 2877 Κύ-

157 2936 309 2987 ριος,
346 2917 442 2973 ἐπὶ
476 2918 617 2984 τοὺς
647 2915 936 2985 οὐρανοὺς
965 2917 1005 2985 ἠ
1038 2914 1191 2981 δόξα
1218 2914 1420 2971 αὐτοῦ.
1452 2914 1562 2968 Καὶ
1587 2914 1713 2969 πότε

162 3010 350 3072 τέλους
383 3007 567 3080 ἔτυχεν
614 3008 643 3061 ὁ
690 3006 845 3077 λόγος
889 3006 1067 3078 ἁλλ’,ἦ
1113 3005 1249 3078 μετὰ
1277 3006 1372 3078 τήν
1401 3006 1716 3075 ἐπιφάνειαν

164 3099 259 3160 τοῦ
307 3105 554 3177 Σωτῆρος
601 3103 962 3176 ἠμῶνΊησοῦ
989 3101 1253 3175 Χριστοῦς
1287 3100 1399 3171 Πρὸ
1431 3099 1560 3170 γοῦν
1588 3097 1719 3153 ταύ-

1803 1935 1871 1977 re
1891 1916 2167 1974 servitutis
2187 1910 2437 1968 instituti.
2472 1907 2554 1964 Sit
2579 1922 2766 1961 nomen
2791 1902 3004 1959 Domini
3025 1900 3344 1957 benedictum

1801 2024 1866 2064 ea:
1893 2008 1988 2062 hoc
2017 2020 2150 2060 nunc
2168 2011 2219 2058 et
2241 2016 2399 2070 usque
2423 1999 2477 2053 in
2506 1986 2776 2051 saeculum.
2807 1990 2970 2058 Quasi
2992 1990 3175 2060 pueris
3196 1990 3349 2060 igno-

1804 2100 2071 2164 rantihus,
2125 2090 2400 2166 quomodo
2451 2088 2736 2144 Dominum
2792 2084 3014 2138 laudare
3064 2089 3345 2152 oporteat,

1806 2186 2151 2260 propheticus
2196 2180 2433 2252 Spiritus
2469 2178 2642 2233 instar
2669 2171 2941 2245 paedagogi
2968 2185 3032 2227 ac
3059 2178 3350 2260 praecepto-

1805 2259 1884 2335 ris
1934 2291 2097 2332 voces
2139 2272 2323 2328 tradit.
2349 2269 2474 2324 Haec
2522 2283 2684 2339 porro
2720 2265 2896 2321 oratio
2934 2270 3017 2319 est
3057 2276 3153 2332 pro
3194 2259 3351 2314 nobis

1810 2366 1991 2438 pueris
2015 2364 2236 2428 emissa,
2268 2369 2326 2415 ut
2347 2374 2540 2415 nomen
2564 2356 2775 2412 Domini
2794 2361 3054 2425 perpetuo
3070 2350 3351 2408 nobiscum

1808 2464 2045 2521 maneat,
2078 2469 2189 2510 nos
2230 2452 2454 2508 minime
2498 2448 2737 2520 fugiens,
2768 2446 2865 2504 sed
2910 2446 2967 2500 in
3012 2446 3124 2500 vita
3166 2449 3353 2499 nostra

1808 2547 2221 2620 Conquiescens.

1885 2716 2046 2774 Vens.
2076 2716 2132 2781 5,
2157 2714 2211 2771 4.
2242 2713 2287 2767 A
2322 2713 2448 2767 solis
2478 2719 2597 2765 ortu
2619 2724 2779 2779 usque
2805 2707 2873 2762 ad
2894 2722 3133 2762 occasum
3166 2694 3381 2759 ἰσικίαέ

1813 2812 1914 2866 bile
1934 2824 2118 2865 nomen
2141 2805 2372 2860 Domini.
2396 2801 2647 2857 Excelsus
2677 2814 2830 2869 super
2848 2814 3022 2854 omnes
3052 2805 3226 2869 gentes
3256 2795 3355 2851 Do-

1815 2904 2009 2969 minus,
2042 2916 2197 2970 super
2228 2896 2382 2953 caelos
2426 2894 2596 2967 gloria
2635 2893 2770 2963 ejus.
2801 2891 2867 2947 Et
2897 2891 3241 2962 quandonam
3268 2889 3357 2945 hic

1815 3008 1994 3053 sermo
2039 2992 2199 3049 ﬁnem
2239 2988 2467 3058 accepit,
2501 2986 2607 3041 nisi
2634 2991 2757 3055 post
2782 2982 3069 3038 adventum
3101 2980 3357 3036 Servato«

1818 3086 1894 3143 ris
1921 3081 2090 3139 nostri
2118 3079 2248 3136 Jesu
2275 3077 2512 3134 Christi?
2533 3075 2664 3130 Nam
2713 3080 2841 3128 ante
2871 3073 3019 3135 illum
3052 3072 3107 3126 in
3135 3070 3248 3126 sola
3265 3066 3357 3122 Ju-

164 3213 266 3269 της
290 3198 347 3251 ὲν
370 3159 703 3269 τῇηἸόυδάιίᾳ
890 3159 1105 3264 ἐλέγετο
1141 3159 1537 3262 γνῶστόςέίναι
1564 3188 1714 3255 Θεδς,

1819 3176 1933 3232 daea
1967 3172 2111 3228 Deus
2149 3178 2312 3226 notus
2343 3182 2465 3223 esse
2504 3165 2808 3237 dicebatur,
2839 3173 2890 3218 et
2922 3162 2977 3217 in
3010 3161 3127 3217 solo
3156 3159 3361 3216 Alsraele

166 3292 261 3345 καὶ
286 3292 344 3345 ὲν
374 3290 518 3361 μόνῳ
560 3288 638 3360 τῷ
683 3287 895 3361 Ἰσραὴλ
944 3286 1086 3359 μέγα
1114 3285 1175 3339 τὸ
1200 3285 1367 3356 ὖνομα
1395 3281 1578 3347 αὑτοῦ,
1596 3279 1717 3335 τῶν

166 3383 274 3449 ἔξω
298 3383 397 3452 τῆς
430 3381 686 3446 Ἰουδαίας
725 3381 911 3436 ἐθνῶν-
930 3380 1148 3453 δαίμοσι.
1178 3376 1721 3453 καταδεδουλωμένων

168 3472 265 3526 καὶ
304 3472 601 3544 πνεύμασιν
638 3471 983 3542 ἀκαθάρτοις,
1012 3469 1108 3523 καὶ
1139 3470 1249 3531 τοῖς
1293 3466 1393 3536 τῆς
1415 3455 1718 3519 ἐἰδωλολα-

168 3562 762 3634 τρείαςιάντεχομένοις
812 3561 905 3616 τοῦ
947 3561 1205 3631 ὀνόματος
1228 3556 1321 3611 τοῦ
1353 3557 1556 3629 Κυρίου
1586 3556 1723 3627 μηδὲ

171 3658 250 3719 εἰς
273 3653 474 3708 ἔννοιαν
494 3655 869 3725 ἥκοντος.”υτε
889 3670 952 3723 γε
976 3652 1078 3725 μὴν
1094 3650 1374 3720 ἐπιφανεὶς
1391 3648 1550 3712 αὐτὸς
1568 3651 1598 3702 6
1617 3647 1723 3701 Κύ-

178 3764 287 3820 ριος
315 3746 467 3818 ἡμῶν
499 3746 699 3818 Ἰησοῦς
724 3748 752 3801 ὁ
777 3745 1004 3816 Χριστὸς
1030 3744 1153 3807 τοὺς
1178 3740 1340 3798 αὐτοῦ
1369 3739 1608 3812 μαθητὰς
1630 3739 1722 3791 ἐπὶ

174 3840 346 3893 πάντα
374 3837 705 3908 διεπέμψατο
746 3837 814 3891 τὰ
854 3836 1001 3909 ἔθνη,
1034 3832 1331 3906 τηνικαῦτα
1357 3829 1655 3903 πληροῦται
1694 3831 1724 3882 6

171 3928 261 3985 διὰ
304 3929 409 3984 τῶν
460 3929 828 4003 προκειμένων
875 3914 1064 3999 φωνῶν
1104 3928 1217 3991 τοῖς
1243 3925 1377 3978 πᾶσι
1404 3921 1725 3993 παραδοθεὶς

177 4018 360 4093 ὕμνος.
1178 4019 1181 4023 λ
1564 4014 1571 4018 ’

250 4114 345 4179 Τίς
366 4114 447 4177 ὡς
470 4113 681 4180 Κύριος
703 4114 737 4165 ό
761 4110 902 4175 Θεὸς
926 4108 1093 4178 ἡμῶν
1113 4112 1145 4163 ὁ
1167 4108 1236 4162 ἐν
1254 4104 1512 4176 ὑψηλοῖς
1530 4120 1723 4174 scatat:

176 4206 317 4272 κῶν,
342 4205 439 4259 καὶ
458 4204 530 4258 τὰ
555 4201 800 4257 ταπεινὰ
826 4201 1055 4270 ἐφορῶν
1080 4200 1149 4255 ἐν
1174 4198 1253 4265 τῷ
1274 4191 1504 4271 στέφεινῷ
1527 4195 1625 4250 καὶ
1655 4180 1725 4249 ἐν

178 4293 383 4365 τῇτῇ;
411 4286 725 4347 Διδάσκεταί
757 4291 813 4345 δὲ
844 4292 930 4344 διὰ
960 4290 1162 4344 τούτων
1185 4291 1216 4343 ό
1236 4289 1353 4352 νέος
1381 4276 1523 4351 λαὸς,
1559 4287 1634 4349 ὡς
1674 4286 1724 4338 εί

178 4388 270 4441 καὶ
301 4383 571 4457 ἀνελήφθη
599 4384 627 4435 6
646 4380 848 4452 Κύριος
881 4381 1058 4453 ήμῶν,
1085 4381 1181 4434 καὶ
1204 4379 1350 4433 ἐστιν
1377 4380 1435 4432 ὲν
1463 4378 1611 4449 δεξιᾷ
1632 4376 1723 4431 τοῦ

1820 3272 2297 3338 magnum-nomen
2322 3260 2440 3332 ejus
2465 3268 2600 3323 erat,
2651 3257 2778 3311 dum
2820 3262 3006 3326 gentes
3050 3267 3169 3323 quae
3208 3259 3360 3319 extra

1817 3355 2058 3414 Iudaeam
2078 3349 2601 3425 erant,dmmonihus_
2623 3344 2923 3416 etimpuris
2936 3344 3215 3414 spiritibus
3233 3341 3363 3397 suh‘

1820 3448 1965 3512 ditae,
2007 3459 2073 3500 ac
2114 3434 2435 3498 idololatriae
2467 3426 2693 3493 addicta:
2732 3442 2956 3491 essent:
2986 3448 3117 3514 cum
3164 3448 3363 3489 nomen

1820 3536 2036 3596 Domini
2063 3549 2132 3591 ne
2160 3531 2378 3604 quidem
2404 3533 2715 3585 inmentem
2740 3526 2945 3593 veniret
2976 3522 3107 3583 illis.
3136 3524 3365 3589 Quando

1822 3639 2003 3702 autem
2034 3630 2150 3699 ipse
2196 3624 2456 3681 Dominus
2498 3628 2682 3678 noster
2721 3618 2881 3674 Iesus
2921 3616 3181 3698 Christus
3207 3615 3366 3670 adve-

1822 3700 2000 3790 niens,
2029 3695 2329 3789 discipulos
2365 3710 2493 3772 suOs
2521 3716 2574 3768 in
2596 3726 2783 3768 omnes
2803 3718 2988 3782 gentes
3020 3695 3218 3772 emisit,
3239 3715 3367 3769 tunc

1823 3815 2077 3885 impletus
2104 3817 2190 3868 est
2225 3809 2458 3880 hymnus
2486 3819 2581 3876 per
2614 3804 2713 3860 has
2750 3815 2914 3858 voces
2950 3790 3223 3859 universis
3257 3808 3368 3853 tra-

1822 3906 1987 3963 ditus.
2253 3930 2257 3935 -
2548 3914 2551 3917 ·
2788 3920 2791 3923 ν

1891 4099 2057 4156 Vens.
2090 4099 2144 4161 5,
2170 4099 2223 4154 6.
2255 4096 2385 4164 Quis
2426 4095 2561 4150 sicut
2588 4092 2846 4148 Dominus
2902 4091 3042 4148 Deus
3082 4094 3259 4147 noster
3283 4110 3363 4162 qu.

1780 4240 1793 4247 ..
1821 4198 1876 4251 in
1889 4195 2012 4267 altis
2039 4190 2263 4265 habitat,
2281 4200 2327 4243 et
2346 4186 2569 4241 humilia
2592 4171 2799 4254 respicit
2816 4184 2871 4238 in
2902 4183 3028 4238 ctelo
3050 4193 3098 4237 et
3122 4186 3179 4236 in
3195 4183 3372 4236 terra?

1823 4290 1921 4344 His
1950 4288 2176 4343 docetur
2202 4297 2389 4338 novus
2430 4279 2693 4352 populus,
2733 4277 2947 4333 etiamsi
2986 4275 3247 4332 Dominus
3276 4288 3370 4328 no-

1827 4390 1938 4437 ster
1965 4374 2285 4447 assumptus
2316 4379 2519 4439 navet
2557 4371 2624 4426 ad
2656 4371 2931 4425 dexteram
2978 4368 3158 4423 Patris
3199 4369 3373 4437 sedet,

179 4477 408 4549 Πατρὸς,
433 4475 543 4530 ἀλλ’
572 4470 662 4529 οὖν
704 4476 797 4529 καὶ
837 4472 976 4527 οὕτω
1030 4473 1240 4545 πλήρης
1279 4472 1394 4527 ἐστὶ
1419 4473 1565 4525 πᾶσα
1589 4473 1623 4542 ή
1652 4470 1714 4541 γῆ

1828 4484 2065 4531 attamen
2088 4479 2254 4549 totam
2282 4477 2497 4523 terram
2531 4467 2743 4537 plenam
2766 4478 2888 4518 esse
2919 4471 2972 4519 et
2998 4464 3230 4534 gaudere
3258 4465 3374 4535 ejus

177 4571 274 4627 καὶ
299 4548 556 4624 ἀπολαύει
579 4569 678 4639 τῆς
707 4569 1005 4639 ἐπισκοπῆς
1022 4564 1352 4640 αὐτοῦ.’Δρα
1374 4568 1435 4621 ού
1460 4567 1605 4622 δοκεῖ
1635 4565 1714 4636 μέ-

1829 4562 2185 4635 inspectione.
2229 4548 2425 4613 Annon
2463 4555 2593 4610 illud
2634 4566 2887 4625 magnum
2936 4553 3375 4621 essequideaturi

177 4678 252 4735 γα
280 4660 417 4717 εἶναι
449 4661 508 4715 τὺ
534 4634 853 4733 είρημὲνονς
892 4634 1027 4713 Ἀλλ’
1058 4662 1183 4714 ὅταν
1213 4634 1466 4732 ἐννοήσῃς
1498 4634 1714 4730 περὶτίέ

1833 4655 1902 4708 At
1922 4634 1977 4707 isi
2001 4649 2314 4707 consideres
2341 4646 2409 4701 de
2433 4660 2541 4716 quo
2567 4644 2773 4700 dictum
2804 4642 2895 4707 sit,
2930 4644 3041 4698 hoc
3059 4634 3375 4713 longe‘infe-

177 4768 269 4815 νος
292 4749 523 4823 εἴρηται,
541 4751 741 4821 σφόδρα
768 4750 883 4802 ἐστὶ
906 4749 1176 4813 καταδεές.
1213 4748 1334 4810 Πῶς
1358 4748 1461 4823 γὰρ
1486 4750 1542 4800 ὲν
1572 4747 1714 4818 ούρα-

1831 4748 1945 4801 rius
1977 4744 2069 4797 illo
2096 4742 2220 4797 erit.
2254 4738 2536 4805 Quomodo
2574 4736 2717 4792 enim
2746 4736 2809 4789 in
2847 4735 3002 4791 cmlis
3029 4735 3257 4798 habitat,
3283 4736 3379 4804 qui

177 4844 289 4904 νοῖς
326 4843 564 4895 κατοικεῖ
593 4843 621 4894 6
646 4841 736 4895 τὸν
771 4841 995 4911 οὐρανὸν
1022 4842 1113 4895 καὶ
1150 4840 1247 4911 τὴν
1286 4839 1387 4909 γῆν
1434 4840 1674 4911 πληρῶν,
1704 4844 1714 4889 ε

1830 4838 2023 4893 cmlum
2040 4844 2093 4888 et
2116 4842 2311 4888 terram
2331 4831 2539 4901 implet,
2575 4830 2668 4899 qui
2698 4828 2899 4897 ubique
2917 4841 3155 4898 praesens
3186 4827 3319 4881 dicit
3360 4847 3373 4880 :

179 4930 451 5002 πανταχοῦ
483 4932 693 5003 παρὼν,
726 4933 755 4985 6
799 4932 999 5000 λέγων·
1037 4932 1178 4997 Θεὸς
1204 4930 1442 5001 ἐγγίζίω·
1470 4931 1603 5002 ἐγὼ,
1635 4950 1714 4985 xu.

1831 4929 1970 4984 Deus
2010 4926 2426 4995 appropinquans
2465 4937 2557 4991 ego
2580 4936 2717 4986 sum,
2763 4929 2813 4974 et
2838 4918 3376 4987 nonDeuLprocul:

179 5026 254 5079 οὐ
277 5023 418 5088 Θεὸς
444 5022 762 5090 πόρρωθεν,
790 5026 822 5077 ό
856 5022 1158 5093 μετρήσας
1182 5024 1288 5076 τὸν
1311 5024 1578 5091 οὐρανὸν,
1597 5039 1705 5078 σπι

1832 5023 1919 5094 qui
1964 5005 2173 5073 mensus.
2216 5032 2331 5069 sum
2360 5014 2546 5068 caelum
2569 5016 2767 5082 palmo,
2792 5021 2841 5067 et
2867 5022 3056 5066 terram
3097 5011 3293 5079 pugillo
3309 5011 3376 5073 ³⁸,

179 5114 339 5184 θαμῇ
363 5115 461 5167 καὶ
486 5114 597 5183 τὴν
609 5113 727 5183 γῆν
754 5114 944 5183 δρακὶ,
963 5119 996 5170 ό
1017 5115 1279 5184 κατέχων
1292 5115 1397 5168 τὸν
1410 5116 1591 5183 Τύρον
1619 5114 1714 5184 τῆς

1829 5116 1915 5185 qui
1966 5110 2197 5163 contineo
2235 5123 2418 5177 gyrum
2450 5105 2649 5160 terrae?
2680 5104 2786 5161 Sed
2820 5102 3077 5173 quoniam
3132 5108 3262 5154 tunc
3300 5100 3375 5153 illi

180 5204 329 5279 τῆς
370 5204 506 5258 Ἀλλ’
535 5204 719 5276 ἐπειδὴ
751 5206 885 5278 πρὸς
921 5206 1202 5270 Ἰουδαίους
1231 5198 1297 5277 ἦν
1324 5203 1483 5275 αύτῷη
1502 5206 1530 5257 6
1555 5204 1730 5272 λόγος,

180 5296 269 5351 διὰ
296 5294 451 5349 τοῦτο
474 5296 608 5356 τέως
631 5294 769 5349 οὓτω
796 5298 1053 5369 κέχρηται
1080 5298 1156 5368 τῷ
1186 5296 1342 5368 λόγῳ,
1374 5296 1735 5365 συγκαταϐαί-

182 5404 288 5445 νων
320 5389 384 5458 τῇ
434 5386 701 5457 παχύτητι
730 5388 905 5441 αὐτῶν
928 5405 941 5420 ο
989 5384 1104 5443 εἶτα
1138 5390 1275 5443 κατὰ
1310 5389 1497 5459 μικρὸν
1520 5388 1730 5455 ἀνάγων

181 5478 361 5535 αὐτῶν
390 5479 488 5547 τὴν
505 5478 738 5532 διάνοιαν
761 5480 853 5531 καὶ
878 5480 1090 5551 πτερῶν
1117 5480 1211 5551 τὴν
1232 5478 1451 5550 γνώμην
1476 5479 1567 5531 καὶ
1597 5480 1731 5531 ἁνα-

182 5569 442 5647 6ι6άζων,
471 5569 651 5640 ἡρέμα
675 5568 866 5637 ἐπάγει
896 5571 952 5622 ὲν
985 5571 1061 5647 τῷ
1088 5569 1297 5641 οὐρανῷ
1345 5570 1519 5623 καὶίὲν
1548 5571 1611 5638 τῇ
1638 5570 1731 5640 γῇ,

182 5646 426 5719 τουτέστι
478 5659 572 5711 καὶ
616 5660 726 5713 ἅνω
772 5660 865 5713 καὶ
883 5646 1073 5737 ,κάτω
1101 5660 1266 5715 Τοῦτο
1294 5661 1349 5714 δὲ
1379 5657 1495 5715 εἷπε
1527 5660 1611 5714 διὰ
1640 5661 1735 5731 τὴν

256 5817 306 5850 ⁸⁸
339 5813 453 5871 Jer.
493 5828 556 5879 ι,
595 5814 686 5882 il;
722 5814 824 5870 lsa.
858 5830 959 5880 XL,
985 5813 1085 5871 διε.

1836 5218 2015 5261 sermo
2046 5217 2168 5255 cum
2192 5198 2394 5259 Judaeis
2418 5209 2569 5265 erat;
2599 5197 2721 5253 ideo
2743 5196 2971 5250 fortasse
2999 5193 3100 5247 hoc
3128 5190 3377 5259 loquendi

1837 5295 1997 5349 modo
2023 5299 2107 5346 est
2147 5307 2301 5352 usus,
2335 5305 2521 5345 eorum
2566 5303 2685 5343 sese
2725 5284 3073 5340 crassitudini
3122 5289 3377 5349 attempt:

1833 5401 2000 5439 rans:
2045 5399 2105 5436 ac
2136 5381 2329 5438 deinde
2371 5381 2628 5452 paulatim
2673 5394 2858 5433 eorum
2907 5384 3137 5430 mentem
3169 5374 3377 5444 erigens

1836 5487 1889 5533 et
1916 5477 2188 5541 attollens,
2218 5476 2274 5529 in
2307 5475 2502 5528 cmlum
2535 5480 2587 5527 et
2613 5473 2668 5526 in
2702 5480 2898 5525 terram
2930 5466 3170 5527 adducit,
3202 5466 3255 5519 id
3297 5476 3375 5520 est

1836 5583 2054 5625 sursum
2083 5577 2135 5621 et
2163 5568 2438 5622 deorsum.
2480 5562 2533 5617 ld
2568 5576 2695 5616 vero
2729 5560 2803 5615 ait
2829 5560 2900 5614 oh
2944 5556 3251 5613 Judmorum
3272 5556 3375 5627 gim.

1838 5660 2202 5751 hecillitatem,
2231 5660 2321 5729 qui
2366 5656 2524 5713 idolis
2555 5653 2719 5711 dediti
2752 5657 2927 5717 erant,
2949 5658 3003 5706 et
3029 5650 3160 5705 deos
3197 5648 3376 5703 adora-
