3994 6354
588 5284 591 5285 ⁷
681 5286 942 5344 actionem
972 5283 1080 5339 Deo
1110 5284 1358 5345 oﬂerens,
1387 5283 1517 5336 dicit
1565 5302 1578 5335 :

706 405 831 471 l35l
937 436 941 447 ·

1341 409 1600 470 EUSEBH
1635 410 2104 469 CESARIENSIS
2138 410 2287 471 OPP‘.
2319 414 2497 472 PARS
2533 414 2618 470 lll.
2657 447 2726 457 —
2753 410 3147 474 EXEGETICA.

3715 414 3822 477 l352

703 534 831 595 bant
874 532 927 586 in
958 532 1090 586 locis
1117 545 1178 585 ac
1222 529 1435 601 templis
1475 529 1735 586 inclusos.
1766 522 1900 586 Cum
1929 533 2007 585 ait
2044 531 2217 601 igitur,

2329 531 2603 587 ἀσθένειαν
2632 531 2729 604 τὴν
2769 530 3074 604 ’ἰουδαῖκὴν,
3096 531 3193 604 τὴν
3217 532 3349 603 πρὸς
3370 533 3438 587 τὰ
3458 533 3820 609 ε’ῐδωλαιὲπτοη-

703 621 753 674 in
781 623 909 675 casto
939 632 986 674 et
1025 621 1077 674 in
1118 631 1281 687 terra,
1330 634 1517 674 ansam
1556 620 1757 689 praebet
1796 620 2065 690 cogitandi
2106 635 2227 674 eum

702 711 898 781 ubique
930 710 1199 781 atque'hic
1228 717 1285 767 et
1315 709 1423 764 illic
1454 724 1594 773 esse,
1633 719 1685 765 et
1710 710 1892 764 omnia
1918 706 2225 779 pervadere.

701 799 813 876 Non
852 800 991 854 enim
1027 806 1086 853 ut
1123 798 1388 869 quispiam
1431 799 1484 852 in
1522 802 1661 853 cmlo
1692 799 2007 865 conclusus,
2041 800 2230 869 procul

626 909 636 919 ·
700 898 906 955 terrena
943 890 1241 960 conspicit;
1274 889 1367 945 sed
1404 889 1600 959 ubique
1645 902 1902 959 praesens,
1937 889 2230 958 incompre-

699 981 920 1047 bensus,
944 979 1466 1050 incircumscriptus,
1501 980 1855 1050 omnibusque
1894 986 2096 1034 astans.
2138 978 2217 1032 Vi-

697 1071 814 1127 den‘
841 1087 948 1143 quo
992 1080 1147 1142 pacto
1180 1071 1432 1141 paulatim
1458 1070 1761 1125 auditorum
1792 1080 2023 1124 mentem
2047 1070 2227 1125 suble-

696 1163 810 1218 vet?
845 1162 960 1217 Non
995 1163 1136 1217 enim
1170 1162 1288 1216 ideo
1343 1161 1654 1235 interrogat,
1698 1168 1757 1215 ut
1797 1161 1919 1230 quis
1946 1159 2022 1227 de
2060 1159 2227 1229 gloria

692 1254 784 1310 Dei
812 1255 971 1326 digna
1016 1256 1289 1326 loquatur,
1326 1254 1419 1309 sed
1469 1268 1566 1323 pro
1612 1260 1771 1323 captu
1822 1252 2117 1307 hominum.
2163 1252 2228 1306 Et

692 1348 817 1402 alibi
846 1362 1059 1418 quoque
1084 1346 1279 1401 caelum
1307 1344 1507 1399 dicitur
1534 1359 1656 1399 esse
1686 1344 1923 1425 thronus
1952 1342 2065 1408 Dei,
2099 1345 2223 1413 quia

691 1440 936 1495 caelestes
960 1438 1187 1493 virtutes
1212 1438 1332 1493 istic
1354 1434 1445 1492 Dei
1461 1435 1683 1508 gloriam
1712 1434 1935 1488 ﬁrmiter
1959 1435 2222 1493 obtinent:

692 1538 833 1585 terra
865 1545 993 1585 vero
1020 1529 1330 1593 scabellum,
1362 1528 1485 1599 quia
1515 1526 1756 1583 homines
1784 1526 1839 1581 in
1865 1534 2009 1583 terra
2035 1533 2215 1581 extre-

687 1636 775 1674 ma
814 1621 1113 1676 divinorum
1155 1621 1239 1674 vix
1272 1636 1465 1691 capere
1497 1621 1694 1675 valent.
1740 1617 1838 1675 Hic
1886 1632 2014 1674 vero
2056 1616 2222 1671 David

691 1720 968 1781 postquam
1008 1710 1306 1765 auditorem
1335 1710 1400 1764 de
1444 1715 1585 1763 terra
1631 1710 1818 1771 erexit,
1855 1707 1923 1763 ad
1962 1706 2107 1761 aliud
2128 1705 2222 1762 Dei

690 1804 896 1857 virtutis
924 1811 1290 1873 argumentum
1321 1800 1652 1871 progreditur
1682 1800 1867 1855 dicens
1895 1814 1909 1849 :

2332 624 2517 694 μένην,
2547 623 2640 676 καὶ
2680 623 2831 686 θεοὺς
2862 622 3261 695 προσκυνοῦσαν
3294 624 3418 688 τοὺς
3457 624 3516 677 ὲν
3555 625 3724 691 τόποις
3748 634 3821 684 καὶ

2328 716 2470 776 ναοῖς
2497 712 3025 784 συγκεκλεισμένουςτ
3058 712 3241 766 Εἰπὼν
3266 711 3414 782 γοῦν,
3536 713 3612 790 ζῶ
3630 718 3823 786 οὐρανῷ

2326 802 2424 856 καὶ
2461 803 2528 856 ἐν
2550 800 2623 870 τῇ
2650 800 2746 873 γῆ,
2772 802 2953 855 δίδωσι
2993 804 3146 866 νοεῖν,
3175 803 3258 855 ὃτι
3298 803 3567 874 πανταχοῦ
3601 807 3723 872 ἐστι,
3746 811 3821 863 κά-

2326 894 2411 945 κεῖ
2435 893 2527 945 καὶ
2557 891 2805 955 ἐνταῦθα,
2833 892 2925 945 καὶ
2947 891 3033 945 διὰ
3060 891 3274 945 πάντων
3302 892 3443 964 ἥκει.
3476 894 3548 946 Οὐ
3572 895 3671 967 γὰρ
3688 895 3752 960 ὡς
3770 900 3821 954 ἂν

2325 996 2407 1047 τις
2434 986 2489 1036 ὲν
2530 981 2740 1053 οὐρανῷ
2778 982 3252 1053 συγκεκλεισμένος
3280 982 3554 1054 πόρρωθεν
3582 984 3745 1055 βλέπει
3766 989 3818 1043 τὰ

2324 1076 2379 1128 ἐν
2396 1076 2461 1145 τῇ
2492 1076 2582 1145 γῇ,
2604 1072 2735 1127 ἀλλά
2765 1072 3032 1143 πανταχοῦ
3053 1073 3239 1143 παρὼν
3261 1075 3352 1127 καὶ
3375 1073 3644 1146 άχώρητος
3666 1076 3819 1133 ὤνκαὶ

2321 1168 2721 1239 ἀπερίγραπτος
2767 1166 2861 1220 καὶ
2906 1167 3039 1220 πᾶσι
3082 1168 3508 1237 περιιστάμενος,
3553 1165 3690 1233 Εἶδες
3726 1172 3818 1235 πῶς

2322 1258 2461 1323 κατὰ
2486 1259 2674 1330 μικρὸν
2704 1262 2891 1330 πτεροῖ
2917 1260 3013 1329 τὴν
3037 1258 3271 1329 διάνοιαν
3301 1259 3409 1312 τῶν
3428 1260 3735 1329 ἀκουόντων;
3758 1265 3817 1317 Οὐ

2320 1349 2426 1419 γὰρ
2451 1347 2601 1419 ζητεῖ
2623 1350 2766 1411 ὅπως
2788 1350 2852 1405 ἄν
2872 1367 2957 1413 τις
2979 1352 3076 1421 τῆς
3100 1350 3253 1420 δόξης
3278 1351 3419 1404 sli-not
3446 1351 3537 1405 τοῦ
3564 1352 3686 1407 Θεοῦ
3708 1354 3818 1419 τέως

2319 1439 2555 1504 ἐπάξιον.
2590 1436 2699 1492 ἀλλ’
2721 1440 2864 1501 ὅπως
2886 1439 3108 1502 ἐκεινοις
3130 1438 3386 1510 χωρητόν.
3419 1441 3526 1493 Καὶ
3554 1440 3756 1512 ἀλλαχοῦ
3772 1443 3819 1497 ὁὶ

2319 1526 2499 1599 θρόνος
2542 1527 2672 1581 Θεοῦ
2720 1529 2930 1597 λέγεται
2963 1530 2991 1581 6
3022 1527 3244 1598 οὐρανὸς
3272 1528 3459 1599 ἐκ,τοῦ
3482 1529 3577 1593 τὰς
3604 1532 3821 1601 οὐρανίας

2318 1618 2568 1689 δυνάμεις
2594 1618 2799 1686 παγίως
2843 1621 2900 1672 ὲν
2944 1619 3130 1682 αὑταῖς
3154 1619 3251 1691 τὴν
3293 1618 3386 1671 τοῦ
3416 1619 3546 1672 Θεοῦ
3587 1619 3726 1687 δόξαν
3750 1624 3822 1676 ὲν-

2322 1707 2602 1780 ιδρυμένην
2634 1710 2802 1778 ἔχειν’
2838 1710 2931 1762 καὶ
2956 1710 2989 1779 ἡ
3021 1708 3092 1778 γῆ
3125 1708 3427 1772 ὑποπόδιον,
3451 1707 3539 1762 διὰ
3560 1709 3617 1763 τὸ
3636 1711 3715 1764 ἐπὶ
3732 1711 3821 1782 γῆς

2317 1797 2442 1858 τοὺς
2471 1796 2783 1867 ἀνθρώπους
2829 1796 2896 1849 τὰ
2944 1796 3222 1851 τελευταῖα
3251 1795 3357 1851 τῶν
3388 1798 3511 1869 περὶ
3533 1798 3657 1853 Θεοῦ
3692 1801 3822 1870 μόλις

689 1895 922 1967 χωρῆσαι
966 1894 1232 1948 δύνασθαι.
1289 1892 1544 1946 Ἐνταῦθα
1586 1893 1641 1945 δὲ
1672 1893 1977 1961 ἀναστήσας
2018 1889 2124 1943 ἀπὸ
2163 1889 2260 1959 τῆς
2292 1887 2395 1958 γῆς
2442 1889 2533 1943 τὸν
2582 1888 2849 1961 ἀκροατὴν
2889 1892 2920 1944 6
2962 1889 3138 1958 Δαυτδ,
3197 1892 3280 1961 ἐφ’
3305 1893 3486 1965 ἕτερον
3514 1893 3712 1965 ἔρχεται
3738 1896 3823 1964 τῆς

686 1986 955 2057 δυνάμεως
982 1986 1072 2041 τοῦ
1103 1986 1235 2040 Θεοῦ
1262 1986 1454 2056 δεῖγμα
1485 1985 1652 2053 λέγων
1672 2001 1685 2015 ⁶

752 2097 915 2153 Vens.
960 2098 1069 2152 7-9.
1102 2096 1374 2154 Suscitans
1422 2100 1484 2152 de
1516 2108 1654 2152 terra
1693 2098 1893 2165 inopem
1920 2106 1968 2150 et
2000 2094 2063 2150 de
2083 2105 2218 2150 ster-
2250 2115 2291 2169 Β

684 2203 798 2242 rore
824 2188 1020 2257 erigens
1050 2203 1362 2255 pauperem,
1388 2197 1441 2240 ut
1477 2188 1687 2240 collocet
1724 2203 1840 2241 eum
1875 2202 1992 2240 cum
2020 2186 2218 2254 princi-

683 2279 850 2349 pibus,
876 2294 989 2331 cum
1012 2278 1336 2347 principibus
1359 2279 1537 2346 populi
1568 2280 1688 2341 sui;
1717 2279 1805 2348 qui
1831 2276 2065 2331 habitare
2090 2277 2215 2345 facit

683 2370 906 2425 sterilem
934 2371 990 2423 in
1002 2368 1185 2428 "domo.
1211 2380 1426 2423 matrem
1465 2370 1527 2424 de
1571 2371 1697 2438 ﬁliis
1725 2372 2007 2438 Its-tantem.
2035 2369 2217 2425 Virtu-

683 2469 787 2515 tem
819 2460 912 2516 Dei
951 2475 1045 2530 pro
1084 2460 1357 2517 voluntate
1384 2476 1482 2515 sua
1509 2461 1756 2531 quaelibet
1797 2469 2212 2517 commutantem

683 2551 935 2607 celebrat.
969 2550 1084 2605 Non
1126 2551 1298 2605 solum
1328 2551 1491 2615 enim,
1527 2551 1718 2622 inquit,
1760 2565 2048 2622 pauperem
2077 2552 2217 2609 divi-

683 2639 771 2694 tiis
788 2646 840 2693 et
868 2639 1035 2709 gloria
1069 2638 1260 2702 allicit,
1291 2638 1382 2694 sed
1411 2639 1570 2693 etiam
1603 2655 1724 2693 cum
1759 2640 2091 2711 principibus
2121 2657 2216 2710 po-

680 2730 789 2800 puli
820 2731 1066 2791 collocat,
1098 2739 1150 2785 et
1176 2728 1242 2783 ad
1267 2729 1548 2798 imperium
1578 2730 1774 2785 evehit.
1798 2731 1995 2803 Magnae
2016 2732 2215 2803 quippe

680 2830 732 2876 et
768 2821 1141 2876 inenarrabilis
1197 2820 1412 2875 virtutis
1456 2830 1538 2875 est
1574 2836 1732 2890 parva
1772 2822 1995 2892 erigere.
2034 2821 2216 2878 Potest

678 2912 803 2966 item
830 2910 918 2965 hic
942 2926 1131 2966 versus
1161 2910 1227 2965 de
1254 2912 1449 2980 populo
1479 2926 1541 2966 ex
1572 2913 1817 2981 gentibus
1837 2912 1942 2966 diei
1972 2932 1984 2966 ε
2016 2913 2083 2977 de
2107 2927 2214 2983 quo

678 2997 752 3051 ait
789 2998 1044 3067 pmpbeta
1092 3017 1105 3052 :
1144 2996 1212 3050 Et
1260 3007 1528 3066 propterea
1568 2999 1822 3054 benedicet
1864 3000 1955 3054 tibi
1992 3001 2212 3071 populus

679 3102 888 3157 pauper,
917 3099 965 3142 et
993 3088 1224 3142 civitates
1253 3087 1516 3142 hominum
1556 3089 1755 3157 injuria
1793 3091 2099 3160 aﬂ'ectorum
2127 3093 2212 3146 bea

677 3178 908 3233 nedicent
943 3179 1056 3234 tibi.
1090 3178 1263 3232 Fuisti
1295 3180 1432 3234 enim
1464 3182 1604 3234 omni
1648 3182 1847 3235 civitati
1901 3183 2088 3237 humili
2113 3184 2206 3237 ad-

678 3268 837 3333 iutor,
882 3277 932 3322 et
963 3269 1026 3323 iis
1052 3270 1140 3339 qui
1185 3270 1359 3325 animo
1401 3270 1709 3340 deﬁciebant
1742 3282 1949 3342 propter
1980 3273 2212 3342 indigen-

678 3360 827 3423 tiam,
875 3368 1217 3430 tegumentum
1258 3377 1276 3414 :
1326 3362 1390 3415 ab
1427 3362 1720 3418 hominibus
1775 3364 2017 3433 malignis
2064 3380 2209 3417 erues

2400 2091 2453 2146 '0
2497 2093 2734 2163 ἐγείρων
2772 2092 2887 2146 ἀπὸ
2921 2091 3033 2161 γῆς
3062 2092 3315 2161 πτωχὸν,
3343 2094 3441 2148 καὶ
3466 2096 3579 2151 ἀπὸ
3610 2104 3825 2169 κοπρίας

2314 2183 2562 2252 drop-(3r
2575 2182 2923 2249 κέν-ητα,τοιῖ
2936 2183 3171 2237 καθίσαι
3182 2183 3367 2238 αὐτὸν
3369 2185 3517 2253 μετὰ
3534 2189 3822 2257 ἀρχόντων,

2310 2270 2458 2341 μετὰ
2493 2271 2793 2340 ἀρχόντων
2827 2269 2983 2324 λαοῦ
3017 2270 3197 2324 αὐτοῦ
3221 2287 3236 2301 ·
3274 2275 3308 2326 ὁ
3349 2274 3677 2336 κατοικίζων
3692 2281 3827 2331 στεί.

2308 2380 2425 2433 ραν
2446 2366 2513 2419 ἐν
2545 2364 2702 2428 οἴκῳ,
2723 2361 2944 2431 μητέρα
2982 2362 3078 2415 ἐπὶ
3114 2363 3337 2431 τέκνοις
3371 2366 3824 2439 suppari-operm.

2326 2452 2513 2527 ’Υμνεί
2540 2442 2636 2525 τὴν
2675 2452 2900 2525 δύναμιν
2948 2451 3042 2508 τοῦ
3087 2452 3240 2517 Θεοῦ,
3271 2453 3464 2525 ῥαδίως
3504 2459 3828 2528 μεταϐάλλον.

2315 2563 2412 2599 σαν
2435 2545 2471 2599 ἃ
2503 2543 2762 2615 βούλεται.
2798 2545 2872 2597 Οὐ
2922 2544 3077 2614 μόνον
3126 2544 3252 2615 γὰρ,
3285 2545 3438 2615 φησὶ,
3464 2547 3718 2612 πλουτίζει
3750 2551 3829 2606 τὸν

2315 2637 2515 2706 πένητα
2537 2636 2628 2688 καὶ
2653 2634 2878 2702 δοξάζει,
2916 2632 3049 2687 ἀλλά
3080 2635 3171 2687 καὶ
3202 2636 3313 2698 τοῖς
3342 2635 3563 2706 ἄρχουσι
3595 2640 3682 2693 τοῦ
3713 2640 3828 2695 λαοῦ

2314 2723 2717 2793 συγκαθίστησι,
2748 2724 2841 2776 καὶ
2883 2725 2961 2786 εἰς
3005 2721 3173 2793 ἀρχὴν
3214 2724 3420 2791 ἀνάγει.
3466 2727 3710 2798 Μεγάλης
3737 2730 3829 2800 γὰρ

2311 2816 2584 2887 δυνάμεως
2612 2816 2706 2869 καὶ
2734 2816 2939 2885 ἀφάτω
2968 2817 3026 2870 ηδ
3049 2816 3116 2871 τὰ
3145 2817 3314 2889 μικρά
3339 2818 3595 2889 ἐπαίρειν.
3624 2821 3829 2875 Δύναται

2310 2907 2366 2960 δὲ
2406 2908 2435 2960 6
2468 2907 2645 2978 στίχος
2675 2906 2769 2975 καὶ
2798 2907 2924 2978 περὶ
2953 2906 3046 2960 τοῦ
3074 2907 3180 2959 ἀπὸ
3220 2906 3325 2959 τῶν
3354 2908 3519 2962 ἐθνῶν
3543 2910 3666 2964 λαοῦ
3694 2911 3827 2981 λέγι-

2312 2998 2454 3064 σθαι,
2470 3000 2595 3071 περὶ
2612 2991 2671 3053 οὗ
2692 3014 2851 3069 φησιν
2870 2998 2898 3051 ὁ
2916 3000 3196 3068 προφήτης
3214 3014 3227 3027 ·
3251 2998 3360 3052 Καὶ
3377 2998 3473 3052 διὰ
3489 3000 3659 3055 τοῦτο
3682 3005 3819 3063 εὐλτι

2310 3090 2481 3162 τήσει
2512 3108 2585 3146 σε
2607 3094 2639 3146 ὁ
2668 3094 2815 3157 λαὸς
2849 3093 2881 3143 ό
2905 3090 3154 3159 πτωχὸς,
3179 3090 3278 3143 καὶ
3312 3085 3831 3163 πόλειςέἀνθρώπιικο

2309 3182 2706 3253 ἀδικουμένων
2745 3179 3148 3249 εὐλογήσουσι
3169 3183 3260 3235 σε.
3291 3179 3523 3249 Ἐτ-ἐνου
3548 3183 3656 3249 τὰρ
3682 3183 3831 3251 πάσῃ

2311 3276 2479 3327 πόλει
2502 3272 2746 3339 ταπεινιῖ
2765 3272 3008 3339 βοηθὸς,
3030 3269 3272 3337 καὶτοῖς
3303 3270 3642 3340 ἀθυμήσασι
3658 3274 3726 3326 δι’
3748 3274 3832 3327 ἐνί

2310 3364 2473 3419 detur
2488 3363 2681 3431 σκέπη
2690 3381 2703 3393 ·
2715 3362 2831 3417 ἀπὸ
2845 3362 3162 3430 ἀνθρώπων
3170 3361 3441 3429 πονηρῶν
3440 3365 3601 3434 ῥύσῃ
3614 3368 3828 3433 αὐτούς.

679 3464 809 3503 eos:
852 3456 1193 3520 legumentum
1232 3451 1535 3519 sitientium,
1585 3463 1634 3506 et
1679 3453 1890 3522 spiritus
1942 3454 2207 3507 hominum

2314 3452 2503 3520 σκέπη
2530 3451 2851 3523 διψώντων,
2864 3452 2960 3505 καὶ
2974 3451 3202 3521 πνεῦμα
3218 3452 3535 3522 ἀνθρώπων
3554 3455 3834 3526 ἀδικουμέ.

679 3541 871 3607 injuria
917 3542 1220 3611 affectorum
1235 3544 1298 3596 ⁹⁹.
1346 3543 1499 3600 Hunc
1543 3545 1686 3600 enim
1718 3561 2003 3616 pauperem
2032 3552 2083 3599 et
2117 3561 2215 3616 po-

678 3634 858 3704 pulum
886 3650 1110 3705 egenum
1139 3650 1171 3690 a
1213 3634 1409 3691 vilibus
1455 3637 1637 3704 rebus,
1670 3652 1699 3691 a
1728 3637 1991 3695 dedecore
2021 3640 2214 3693 turbu-

677 3726 941 3785 lentorum
982 3725 1148 3779 animi
1191 3733 1453 3789 motuum,
1496 3735 1551 3781 et
1582 3742 1613 3782 a
1654 3739 1895 3785 stercore
1932 3728 2216 3801 gentilitia-

678 3833 793 3873 rum
814 3815 1268 3872 abominationum
1290 3820 1520 3889 erigens,
1540 3820 1727 3875 sedere
1746 3820 1901 3875 faciet
1926 3836 2047 3875 cum
2067 3821 2215 3887 prin-

677 3908 885 3979 c'pibus
914 3908 1148 3971 lsraelis,
1181 3908 1273 3977 qui
1322 3910 1550 3979 populus
1578 3912 1696 3981 ejus
1736 3920 1838 3966 est.
1873 3911 2006 3966 Sunt
2035 3918 2213 3966 autem

677 3999 906 4069 apostoli
960 3998 1234 4070 principes
1280 3999 1362 4054 vel
1406 4002 1721 4069 patriarchae
1771 4000 2046 4058 Hebraice
2086 4015 2215 4072 gen-

636 4122 637 4127 η
677 4090 747 4144 tis
784 4104 797 4140 :
832 4090 1151 4159 quibuscum
1198 4089 1516 4145 habitabant
1558 4100 1820 4162 quotquot
1861 4109 1927 4148 ex
1965 4093 2213 4164 gentibus

678 4180 1050 4235 crediderunt.
1106 4179 1451 4253 ldipsumque
1508 4182 1639 4237 dicit
1688 4183 1944 4240 Dominus
2000 4203 2012 4238 :
2058 4182 2215 4236 Multi

678 4275 873 4329 venient
896 4274 970 4328 ‘ab
1026 4276 1217 4329 oriente
1255 4284 1306 4329 et
1338 4274 1623 4340 occidente,
1664 4284 1715 4329 et
1767 4276 2059 4329 rerumbent
2098 4291 2215 4328 cum

678 4366 960 4443 Abraham,
999 4365 1155 4420 Isaac
1198 4379 1246 4421 et
1284 4367 1446 4421 Jacob
1490 4370 1544 4421 in
1583 4373 1739 4438 rgno
1779 4368 2020 4441 culorum
2044 4368 2082 4420 ¹.
2120 4366 2216 4423 Est

677 4461 853 4531 itaque
904 4474 1081 4515 sermo
1122 4460 1209 4515 ille
1240 4460 1577 4515 universalis.
1625 4460 1777 4524 Quod
1822 4477 1867 4513 st
1899 4460 2020 4527 quis
2062 4460 2213 4512 illum

678 4552 968 4622 anagogico
1015 4566 1162 4607 more
1199 4555 1442 4623 excipere
1466 4551 1614 4617 velit,
1644 4552 1692 4606 is
1723 4548 2083 4619 deprehendet
2112 4551 2214 4603 hoc

678 4645 851 4714 ipsum
881 4644 937 4697 in
975 4642 1203 4697 adventu
1232 4642 1431 4698 Christi
1485 4642 1684 4697 factum
1714 4656 1854 4696 esse.
1903 4639 2042 4705 Quid
2071 4640 2213 4694 enim

678 4746 874 4793 natura
917 4743 1103 4791 nostra
1148 4737 1424 4806 egentius?
1458 4736 1710 4789 Attamen
1762 4734 1907 4787 illam
1959 4731 2213 4786 excitavit

2311 3559 2449 3597 νων.
2464 3541 2658 3597 Τοῦτον
2671 3532 2776 3614 γὰρ
2795 3542 2885 3595 τὸν
2905 3542 3112 3617 πτωχὸν
3136 3543 3227 3596 καὶ
3248 3544 3447 3613 πένητα
3460 3545 3605 3609 λαὸν,
3622 3548 3725 3602 ἀπὸ
3739 3550 3834 3602 τῶν

2313 3631 2657 3705 χαμαιζήλων
2675 3634 3007 3704 πραγμάτων
3031 3633 3265 3703 ἐγείρας,
3284 3635 3376 3688 καὶ
3394 3636 3495 3706 τῆς
3508 3638 3720 3709 ἀτιμίας
3738 3639 3833 3691 τῶν

2314 3725 2498 3791 παθῶν
2518 3726 2609 3779 καὶ
2625 3725 2722 3796 τῆς
2747 3726 2974 3796 κοπρῑας
2994 3726 3100 3779 τῶν
3122 3727 3440 3797 Ἑλληνικῶν
3466 3730 3831 3801 μυσαγμάτων,

2313 3815 2520 3870 καθίσει
2552 3814 2687 3887 μετά
2726 3813 2833 3869 τῶν
2878 3814 3148 3884 ἀρχόντων
3170 3816 3263 3868 τοῦ
3291 3817 3519 3887 Ἰσραὴλ,
3549 3819 3694 3883 ὄντος
3720 3820 3832 3872 λαιῦ

2311 3904 2491 3958 αὑτοῦ.
2518 3905 2637 3958 Εἰσὶ
2684 3904 2741 3957 δὲ
2783 3904 2831 3957 oi
2863 3904 3141 3958 ἀπόστολοι
3184 3905 3434 3975 ἄρχοντες
3464 3908 3554 3959 τοῦ
3589 3909 3835 3979 Ἑϐραίων

2311 3994 2458 4061 λαοῦ,
2492 3996 2524 4066 ἢ
2558 3998 2651 4049 καὶ
2679 3996 2727 4049 οἱ
2772 3994 3119 4067 πατριάρχαι,
3158 3994 3273 4064 μεθ’
3305 3989 3379 4049 ὧν
3415 3996 3835 4068 κατασκηνὼσουι

2314 4104 2395 4142 σιν
2419 4089 2467 4143 οἱ
2494 4086 2551 4152 ἐξ
2574 4087 2739 4141 ἐθνῶν
2774 4087 3171 4149 πιστεύσαντες.
3205 4086 3311 4139 Καὶ
3331 4085 3485 4139 τοῦτό
3512 4104 3670 4159 φησιν
3692 4090 3720 4142 6
3736 4091 3834 4141 Κύο

2313 4195 2426 4250 ριος
2446 4195 2462 4211 ’
2484 4180 2705 4233 Πολλοὶ
2734 4178 2989 4245 ἥξουσιν
3008 4177 3123 4232 ἀπὸ
3144 4176 3447 4232 ἀνατολῶν
3466 4181 3563 4233 καὶ
3587 4181 3835 4250 δυσμῶν,

2311 4269 2409 4322 καὶ
2465 4268 2962 4335 ἀνακλιθήσονται
3009 4268 3154 4337 μετὰ
3190 4268 3447 4337 Ἀϐραὰμ,
3493 4268 3592 4323 καὶ
3628 4270 3835 4333 Ἰσαὰκ,

2312 4359 2410 4412 καὶ
2492 4358 2687 4419 Ἰακὼϐ
2752 4359 2821 4412 ἐν
2891 4357 2966 4427 τῇ
3033 4358 3314 4425 βασιλείᾳ
3383 4357 3500 4413 τῶν
3566 4360 3832 4428 οὐρανῶν.

2316 4451 2468 4502 Ἔστι
2501 4450 2595 4519 μὲν
2626 4444 2715 4503 οῦν
2742 4452 2770 4502 6
2794 4450 2945 4517 λόγος
2970 4448 3267 4513 καθολικός.
3303 4448 3365 4502 Εἰ
3390 4449 3446 4503 δέ
3477 4467 3559 4514 τις
3594 4450 3687 4503 καὶ
3713 4452 3837 4503 κατὰ

2312 4541 2595 4609 ἀναγωγὴν
2637 4540 2793 4617 αὑτὸν
2839 4540 3139 4610 βουληθείη,
3166 4540 3351 4610 ὄψεται
3378 4539 3535 4595 τοῦτο
3574 4540 3735 4593 πάλιν
3760 4542 3836 4593 ἐπὶ

2308 4633 2407 4704 τῆς
2442 4632 2737 4702 παρουσίας
2787 4629 2877 4682 τοῦ
2920 4630 3149 4699 Χριστοῦ
3194 4630 3493 4699 γενόμενον.
3524 4629 3597 4704 Τί⁵
3623 4631 3730 4703 γὰρ
3756 4632 3837 4699 τῆς

2312 4700 2579 4794 ἡμετέρας
2628 4721 2836 4791 φύσεως
2888 4720 3250 4792 πτωχότερον;
3305 4721 3439 4773 Ἀλλ’
3486 4700 3632 4791 ὅμιος
3693 4700 3845 4811 αὐτὴνὲ

678 4828 1045 4899 primitiasque
1087 4803 1302 4883 nostras
1347 4828 1557 4890 extulit,
1598 4835 1759 4896 atque
1790 4825 1846 4879 in
1889 4822 2210 4877 altissimum

2315 4816 2499 4884 ἤγειρε
2526 4814 2617 4866 καὶ
2650 4813 2886 4883 ἀνήγαγε
2913 4810 3009 4881 τὴν
3042 4809 3287 4881 ἀπαρχὴν
3311 4810 3483 4881 ἡμῶν,
3510 4814 3602 4866 καὶ
3647 4816 3729 4878 εἰς
3763 4816 3836 4865 οὺς

678 4920 867 4973 cmlum
900 4918 1086 4975 sedere
1139 4915 1287 4971 fecit.
1318 4916 1534 4972 Stercus
1580 4924 1756 4970 autem
1807 4914 1907 4967 hoc
1939 4913 2057 4966 loco
2086 4912 2215 4964 dicit

680 5013 932 5066 vilitatem
963 5011 1109 5065 illam
1131 5050 1145 5075 ,
1175 5016 1228 5064 et
1260 5010 1613 5078 repentinam,
1641 5022 1759 5077 quae
1782 5006 1906 5061 inde
1939 5004 2079 5061 facta
2109 5010 2210 5067 est,

680 5103 1044 5168 mutationem,
1077 5103 1256 5157 omnia
1296 5102 1398 5169 ipsi
1440 5101 1615 5153 facilia
1670 5107 1724 5155 et
1755 5099 1935 5168 pervia
1968 5111 2088 5150 esse
2116 5096 2211 5148 de-

681 5195 907 5249 clarans.
942 5193 1065 5247 Hazc
1093 5200 1145 5247 et
1176 5193 1329 5247 beata
1355 5192 1527 5255 Anna,
1550 5191 1804 5261 hymnum
1834 5189 1887 5243 in
1920 5188 2211 5258 gratiarum

1638 5280 1886 5335 Dominus
1940 5292 2214 5349 pauperem

683 5377 823 5441 facit,
852 5386 901 5430 et
929 5376 1095 5437 ditat;
1124 5375 1383 5435 humiliat,
1411 5384 1457 5427 et
1499 5373 1688 5441 erigit;
1721 5373 1934 5425 suscitat
1967 5369 2029 5424 de
2077 5380 2215 5421 terra

683 5471 899 5539 inopem,
931 5478 981 5523 et
1005 5467 1069 5522 de
1097 5478 1316 5521 stercore
1340 5467 1489 5536 erigit
1513 5480 1806 5534 pauperem,
1830 5473 1885 5515 ut
1922 5462 2097 5516 sedere
2132 5459 2215 5527 fa-

685 5563 782 5613 ciat
810 5576 928 5614 cum
957 5558 1290 5627 optimatibus
1337 5557 1531 5626 populi,
1579 5566 1627 5609 et
1674 5555 1911 5607 thronum
1953 5554 2131 5623 gloria:
2159 5552 2212 5602 in

640 5704 643 5711 _
685 5650 1026 5704 hereditatem
1068 5649 1192 5718 ipsis
1245 5647 1471 5701 tribuens
1505 5648 1546 5699 ².
1577 5645 1701 5699 Hazc
1756 5658 1915 5713 porro
1969 5642 2213 5746 videm‘us

2319 4905 2474 4974 ρανὸν
2497 4915 2501 4919 '
2522 4904 2736 4957 ἐκάθισε
2776 4901 2863 4957 τὸν
2906 4900 3245 4972 ὑψηλότερον.
3276 4901 3519 4973 Κοπρίαν
3543 4902 3600 4955 δὲ
3628 4904 3837 4956 ἐνταῦθα

2315 4996 2374 5047 τὸ
2414 4996 2624 5058 εὐτελὲς
2664 4994 2827 5063 λέγει,
2855 4993 2947 5046 καὶ
2990 4992 3082 5063 τὴν
3112 4991 3314 5047 ἐκεῖθεν
3350 4994 3543 5066 ἀθρόον
3571 4998 3837 5066 γινομένην

2320 5070 2632 5157 μεταϐολὴν,
2663 5086 2870 5148 δεικνὺς
2917 5086 2997 5138 ὅτι
3039 5084 3211 5140 πάντα
3235 5084 3380 5155 αὐτῷ
3409 5086 3562 5157 ῥᾴδια
3587 5087 3681 5139 καὶ
3706 5087 3836 5139 εὔκο-

2315 5178 2401 5231 λα.
2419 5178 2600 5231 Ταῦτα
2632 5178 2687 5230 δὲ
2715 5179 2807 5230 καὶ
2839 5180 2871 5248 ἡ
2902 5178 3138 5248 μακαρία
3168 5180 3331 5233 Ἀννα
3356 5180 3560 5248 εἴρηκε,
3584 5178 3679 5232 τὸν
3704 5196 3836 5249 χαριο

2319 5271 2530 5341 στήριον
2578 5269 2740 5340 ὕμνον
2770 5269 3143 5341 προσφέρουσα
3166 5269 3243 5340 τῷ
3278 5270 3426 5340 Θεῷ’
3456 5269 3677 5337 Κύριος
3711 5287 3836 5323 πτω-

2318 5364 2453 5431 χίζει
2492 5364 2590 5417 καὶ
2628 5361 2937 5425 πλουτίζει,
2972 5362 3235 5415 ταπεινοῖ
3256 5364 3351 5416 καὶ
3379 5362 3622 5429 άνυψοῖ,
3646 5359 3835 5425 (incrta

2318 5457 2433 5509 ἀπὸ
2464 5456 2573 5526 γῆς
2613 5456 2854 5523 πένητα,
2882 5453 2978 5511 καὶ
3024 5452 3139 5507 ἀπὸ
3177 5456 3418 5522 κοπρίας
3446 5453 3659 5522 ἐγείρει
3708 5469 3835 5507 πτω-

2317 5546 2446 5613 χὸν,
2493 5548 2727 5602 καθίσαι
2782 5545 2929 5617 μετὰ
2984 5545 3296 5611 δυναστῶν
3346 5544 3525 5611 λαοῦ,
3580 5548 3681 5601 καὶ
3727 5545 3835 5619 θρό-

2319 5657 2426 5693 νον
2494 5641 2677 5709 δόξης
2754 5637 3282 5709 κατακληρονομῶν
3341 5638 3563 5703 αὐτοῖς.
3616 5635 3836 5711 Ὀρῶμει

753 5869 794 5894 ’ν
831 5866 928 5921 Ini].
964 5882 1122 5932 xxxv,
1155 5867 1223 5932 5,
1257 5867 1306 5919 4.
1386 5867 1400 5896 ¹
1444 5864 1626 5919 Matth.
1664 5878 1791 5929 vtu,
1816 5862 1899 5915 ll.
1967 5863 1985 5891 ³
2025 5863 2040 5914 l
2075 5858 2202 5930 Reg.
2240 5873 2275 5913 ll
2302 5898 2316 5924 ,
2355 5859 2405 5924 7,
2441 5861 2491 5916 8.
