3950 6350
131 452 269 502 17⁹Ξ5

1241 437 1729 498 COMMENTARIA
1767 440 1828 494 IN
1867 437 2197 492 PSALMOS.

3124 438 3256 492 13:"-l

123 569 179 619 δὲ
198 565 332 618 αὐτὰ
359 563 609 634 διηνεκῶς
639 563 739 615 ὑπὸ
785 561 872 614 τοῦ
913 560 1018 612 τῶν
1041 562 1174 614 ὅλων
1207 560 1338 612 Θεοῦ
1369 560 1638 630 γινόμενα.

1746 559 1937 626 passim
1965 557 2032 609 ab
2059 534 2428 609 universorum
2468 550 2576 606 Deo
2607 551 2759 606 eliici.
2800 552 2884 605 Sic
2913 554 3122 606 beatum
3161 555 3260 631 lia:

129 653 277 706 δύτω
303 654 390 705 τὸν
426 652 682 721 μακάριον
709 649 882 712 Δαυῖδ,
905 649 1128 718 ποιμένα
1148 649 1294 714 ὄντα,
1318 649 1533 719 βασιλέα
1553 666 1646 702 πε-

119 745 318 814 ποίηκε
336 761 350 774 ·
383 743 522 796 οὕτω
555 743 641 794 τὸν
676 739 884 809 Ἰωσὴφ,
912 741 988 800 εἰς
1007 737 1239 792 δουλείαν
1263 739 1642 809 μεταπεσόντα,

124 833 218 884 ἐπὶ
248 834 332 885 τὸν
366 831 630 901 βασιλικὸν
661 829 874 881 ἐκάθισε
910 829 1122 897 θρόνον·
1156 829 1293 881 οὕτω
1321 829 1405 882 τὸν
1427 829 1645 892 Μωσέα,

123 923 389 993 προϐατέα
415 922 710 990 γενόμενον,
733 920 1050 989 δημαγωγὸν
1094 919 1328 989 ἀπέφηνε
1373 920 1464 972 τοῦ
1500 919 1644 982 λαοῦ,

123 1015 219 1064 καὶ
247 1013 361 1064 θεὸν
396 1013 750 1081 ἐχειροτόνησε
783 1009 874 1061 τοῦ
902 1009 1094 1080 Φαραὼ
1113 1029 1124 1040 ·
1154 1010 1290 1062 οὕτω
1313 1010 1378 1062 τὰ
1402 1010 1545 1079 ἔθνη,
1581 1012 1644 1080 τῇ

120 1100 332 1169 δουλείᾳ⁴
362 1099 456 1168 τῆς
491 1099 732 1161 ἀσεϐείας
761 1099 1064 1152 δουλεύοντα
1097 1100 1184 1150 καὶ
1225 1102 1288 1168 τῇ
1329 1100 1511 1169 κόπρῳ
1551 1099 1647 1166 τῆς

121 1191 385 1262 ἁμαρτίας
411 1191 500 1242 καὶ
533 1189 848 1260 βδελυγμίας
878 1189 1260 1258 ὲπικαθήμενα,
1294 1190 1398 1239 τῶν
1427 1189 1516 1240 τοῦ
1547 1190 1645 1240 ’ῐσ-

123 1279 258 1350 ραὴλ
299 1279 669 1349 δεδωρημένων
705 1278 930 1347 ἠξίωσεν
959 1278 1170 1346 ἀγαθῶν
1193 1295 1205 1308 ο
1249 1279 1383 1330 οὓτω
1421 1278 1516 1347 τὴν
1555 1280 1645 1330 ἁν-

119 1370 146 1418 0
157 1368 385 1434 ρωπείαν
416 1366 569 1434 φύσιν
596 1367 675 1429 είς
695 1367 852 1418 αὑτὸν
879 1365 1276 1420 καταπεσοῦσαν
1298 1364 1384 1417 τὸν
1412 1365 1502 1419 τοῦ
1525 1365 1646 1436 ᾅδου

118 1457 384 1525 πυθμένα,
416 1456 637 1508 ἀνέλαϐε
682 1457 774 1508 καὶ
803 1455 1056 1525 ἀνήγαγε,
1087 1457 1177 1508 καὶ
1200 1455 1442 1508 ἐκάθισεν
1469 1456 1648 1508 ὲπάνω

118 1547 300 1616 πάσης
339 1547 504 1616 ἀρχῆς
529 1548 618 1598 καὶ
646 1546 886 1608 ἐξουσίας
917 1547 1008 1598 καὶ
1040 1546 1365 1616 κυριότητος,
1391 1546 1482 1598 καὶ⁹
1515 1562 1647 1598 παν-

116 1637 208 1698 τὸς
255 1636 503 1704 ὀνόματος
544 1636 955 1705 ὀνομαζομένου,
985 1637 1044 1688 ού
1099 1637 1250 1706 μόνον
1299 1637 1355 1688 ἐν
1395 1636 1470 1704 τῷ
1498 1636 1648 1688 αἰῶνι

117 1727 311 1795 τούτῳ,
340 1727 468 1778 ἀλλὰ
493 1727 585 1780 καὶ
610 1729 673 1798 ὲν
694 1727 769 1796 τῷ
796 1726 1050 1796 μέλλοντι.

600 1839 1007 1892 ΑΛΛΗΛΟΥΙΛ.
1051 1837 1190 1890 PII".

1744 648 1936 709 videm,
1963 646 2053 715 qui
2085 653 2264 715 pastor
2289 651 2423 708 erat,
2451 657 2627 711 regem
2662 644 2971 709 constituit,
3003 645 3079 698 sic
3110 642 3259 700 lose-

1743 737 1905 805 phum
1938 736 1992 790 in
2022 735 2328 790 servitutem
2357 733 2651 800 delapsum,
2686 733 2741 784 in
2770 735 2917 801 regio
2959 733 3152 786 throno
3177 747 3262 787 se-

1745 828 1870 882 dere
1915 827 2072 892 fecit;
2101 827 2178 880 sic
2209 824 2465 895 Moysem,
2503 823 2592 892 qui
2634 833 2817 892 pastor
2863 823 3056 887 fuerat,
3083 835 3262 877 orato-

1745 934 1854 972 rem
1876 918 2054 988 populi
2084 916 2451 977 denuntiavit,
2479 925 2530 969 et
2555 914 2710 968 deum
2738 913 3030 968 Pharaonis
3059 915 3263 968 consti-

1745 1009 1876 1071 tuit;
1911 1008 1987 1060 sic
2018 1015 2203 1076 gentes
2256 1020 2373 1074 quae
2412 1005 2697 1073 impietatis
2748 1004 2988 1058 servituti
3027 1005 3263 1058 subactze

1745 1107 1911 1159 erant,
1947 1107 1998 1151 et
2028 1096 2248 1151 stercori
2286 1095 2484 1164 peccati
2515 1101 2567 1147 et
2605 1093 3012 1147 abominationis
3064 1093 3265 1146 inside-

1743 1189 1889 1250 bant,
1913 1188 2068 1242 bonis
2091 1185 2270 1242 Israeli
2298 1185 2506 1240 collatis
2535 1185 2782 1253 dignatus
2813 1191 2926 1250 est;
2959 1184 3036 1238 sic
3077 1183 3264 1240 buma-

1746 1293 1866 1331 nam
1904 1285 2149 1330 naturam
2172 1277 2290 1344 quae
2318 1275 2370 1328 in
2401 1275 2584 1350 ipsum
2605 1273 2796 1327 inferni
2827 1272 3143 1342 profundum
3171 1271 3264 1325 de-

1744 1366 1964 1428 ciderat,
2005 1365 2222 1433 recepit,
2254 1363 2483 1426 reduxit,
2512 1371 2565 1416 et
2587 1377 2746 1431 supra
2772 1377 2980 1416 omnem
3005 1361 3266 1433 principa-

1745 1465 1880 1517 tum,
1921 1463 2234 1525 potestatem
2275 1462 2327 1507 et
2358 1453 2771 1506 dominationem
2823 1453 3005 1507 sedere
3039 1452 3178 1512 fecit,
3202 1467 3266 1506 ac

1745 1561 1905 1614 supra
1933 1562 2090 1601 omne
2125 1559 2338 1607 nomen,
2368 1559 2475 1597 non
2503 1544 2675 1598 solum
2706 1545 2760 1596 in
2793 1544 2892 1598 hoc
2918 1543 3131 1606 saeculo,
3172 1541 3265 1598 sed

1744 1639 1902 1690 etiam
1939 1637 1991 1688 in
2027 1635 2202 1688 futuro
2230 1635 2516 1705 prolatum.

2226 1829 2577 1884 ALLELUIA.
2608 1829 2790 1884 CXIII.

198 1925 293 1976 Ἐν
317 1892 498 1992 ὲέόδῳ
537 1927 769 1994 Ἰσραὴλ
795 1926 863 1989 ἐξ
895 1927 1208 1994 Αἰγύπτου,
1239 1926 1407 1978 οἴκου
1452 1925 1647 1978 Ἰακὼϐ

1817 1917 1972 1972 Vens.
2025 1919 2071 1982 ί,
2102 1919 2156 1972 2.
2204 1918 2267 1972 lu
2314 1921 2454 1972 exitu
2498 1917 2664 1971 Israel
2701 1919 2763 1971 de
2791 1917 3038 1986 zEgypto,
3087 1918 3269 1971 domus

112 2014 180 2065 ἐκ
207 2015 358 2068 ,1αοῦ
371 2017 687 2084 βαρϐάρου,
724 2015 967 2084 ἐγενήθη
1007 2016 1245 2070 Ἰουδαία
1269 2017 1524 2083 ἁγίασμα
1548 2018 1647 2069 αὺ-

112 2105 244 2169 τοῦ,
275 2107 506 2173 Ἰσραὴλ
537 2108 780 2170 ἐξουσία
805 2107 1004 2159 αὐτοῦ.
1029 2107 1229 2176 ’Ὑμνος
1249 2107 1340 2160 καὶ
1364 2101 1511 2169 οὗτός
1536 2109 1646 2158 ἐστι

111 2195 214 2258 τὰς
235 2196 522 2268 ,Ἰουδαίοις
554 2198 656 2250 ὑπὸ
687 2195 781 2249 τοῦ
814 2197 944 2249 Θεοῦ
977 2199 1402 2266 παρασχεθείσας
1431 2199 1645 2268 εὐεργε-

115 2285 240 2347 σίας
262 2283 482 2348 διεξιὼν,
515 2285 606 2337 καὶ
630 2284 722 2337 τοῦ
754 2284 886 2336 Θεοῦ
913 2285 1009 2354 τὴν
1033 2285 1254 2354 δύναμιν
1281 2287 1643 2356 διηγούμενος,

113 2371 208 2422 καὶ
237 2371 337 2422 τῶν
367 2371 591 2423 εἰδώλων
616 2373 886 2441 κωμῳδῶν
912 2372 1008 2443 τὴν
1036 2374 1328 2427 ἀσθένειαν.
1373 2377 1644 2444 ’Λρμόττει

112 2463 167 2512 δὲ
223 2463 312 2514 καὶ
356 2457 504 2525 οὗτος
541 2463 568 2514 6
616 2461 779 2532 ὕμνος
820 2458 928 2525 τοῖς
962 2463 1020 2526 ἐξ
1051 2463 1212 2517 ἐθνῶν
1246 2468 1675 2532 πεπιστευκόσι,’

113 2550 211 2601 καὶ
237 2550 329 2620 τῆς
361 2549 466 2602 τῶν
495 2548 720 2602 εἰδώλων
767 2549 970 2621 πλάνης
1001 2551 1424 2620 ἀπηλλαγμένοις
1444 2569 1457 2582 ·
1512 2573 1645 2624 μαν-

111 2644 333 2697 θάνουσι
361 2644 464 2714 γὰρ
495 2645 614 2696 ὅσον
641 2644 700 2696 τὸ
735 2644 894 2715 μέσον
922 2646 1028 2696 τῶν
1067 2645 1163 2696 οὐκ
1198 2645 1360 2698 ὄντων
1397 2647 1528 2718 πρὸς
1558 2647 1646 2699 τὸν

110 2733 262 2795 εντα,
297 2734 386 2786 καὶ
402 2733 476 2794 ὡς
506 2727 584 2795 εἷς
614 2735 724 2786 ἐστι
759 2734 886 2796 Θεὸς
916 2734 1150 2796 Παλαιᾶς
1179 2735 1270 2786 καὶ
1308 2736 1509 2804 Καινῆς
1529 2738 1648 2788 Δια-

111 2824 309 2892 θήκης.
361 2823 501 2876 ’Δντὶ
530 2823 585 2876 δὲ
628 2824 740 2886 τοῦ,
785 2826 883 2877 Ἐκ
936 2823 1084 2878 λαοῦ
1128 2825 1456 2893 βαρϐάρου,
1489 2828 1517 2877 6
1552 2829 1646 2897 μὲν

126 2912 378 2976 Ἀκύλας,
404 2914 542 2966 Ἀπὸ
564 2915 712 2968 λαοῦ
740 2914 1193 2983 ἐτερογλώσσου’
1219 2916 1312 2968 όδὲ
1340 2917 1644 2986 Σύμμαχος,

123 3003 226 3055 Ἐκ
248 3005 394 3055 λαοῦ
439 3005 807 3072 ἀλλοφώνσυ,
834 3005 1137 3058 ἐκδέδωκεν.
1182 3005 1458 3074 Ἐγενήθη
1504 3009 1645 3061 Ἰου-

109 3093 258 3146 δαιά
304 3093 560 3162 ἁγίασμα
610 3095 811 3159 αὑτοῦ,
873 3091 1102 3162 Ἰσραὴλ
1156 3094 1401 3157 ἐξουσία
1443 3097 1642 3150 αὑτοῦ.

109 3184 288 3236 Πάλαι
328 3184 430 3252 μὲν
461 3185 588 3253 γὰρ,
626 3186 711 3238 ὅτε
739 3183 826 3237 διὰ
867 3183 1139 3246 Μωῦσέως
1170 3183 1262 3252 τὴν
1301 3182 1357 3250 ἐξ
1376 3185 1644 3252 Αἰγύπτου

111 3276 338 3345 πορείαν
351 3277 666 3346 ἐποιήσαντο
687 3277 734 3328 οί
751 3275 856 3328 ἀπὸ
869 3274 960 3327 τοῦ
978 3275 1234 3346 προτέρου
1253 3277 1395 3332 λαοῦ.
1419 3275 1651 3346 βραχύτι

114 3366 304 3436 μόριον
319 3368 414 3436 τῆς
427 3368 525 3434 γῆς
545 3366 633 3416 καὶ
665 3365 860 3434 σφόδρα
888 3365 1103 3436 εὐτελὴς
1120 3365 1284 3432 γωνία
1313 3367 1407 3437 τῆς
1437 3368 1650 3437 ἁπάσης

111 3456 456 3526 οἰκουμένης,
475 3457 715 3520 Ἰουδαία,
752 3455 1015 3518 ὲξείλεκτο
1037 3456 1110 3525 τῷ
1132 3457 1266 3527 Θεῷ,
1295 3459 1385 3510 καὶ
1421 3457 1564 3519 ἔθνος
1596 3459 1652 3510 ἓν

110 3549 172 3600 τὸ
217 3549 481 3600 Ἰουδαίων
501 3565 514 3578 ο
537 3550 656 3600 ἐπεὶ
687 3549 762 3614 δὲ,
797 3548 892 3618 τῆς
925 3549 1184 3618 σωτηρίου
1225 3550 1536 3620 ἐπιφανείας
1554 3550 1651 3620 τῆς

112 3642 332 3710 χάριτος
358 3639 691 3708 ἁπλωθείσης
719 3639 836 3692 καθ’
865 3639 988 3709 ὅλης
1031 3641 1127 3707 τῆς
1169 3640 1500 3713 οἰκουμένης,
1547 3642 1652 3695 ἀπὸ

111 3730 383 3784 ἀνατολῶν
429 3729 573 3800 ήλίου
632 3729 788 3800 μέχρι
841 3729 1056 3799 δυσμῶν
1112 3723 1316 3785 αἰνετὸν
1359 3733 1419 3785 τὸ
1484 3733 1650 3803 ὄνομα

111 3819 352 3894 Κυρίου,
385 3821 478 3873 καὶ
507 3819 705 3888 ὑψηλὸς
745 3821 843 3872 οὐκ
871 3821 958 3872 ἐπ’
989 3820 1136 3884 ἔθνος
1160 3823 1250 3875 τὸν
1286 3821 1510 3894 Ἰσραὴλ,
1537 3824 1648 3876 ἀλλ’

111 3911 316 3983 ὑψηλὸς
339 3911 430 3964 ἐπὶ
454 3910 626 3963 πάντα
660 3909 729 3962 τὰ
756 3909 879 3987 ἔθνη
911 3912 1125 3980 γέγονεν
1152 3915 1178 3964 6
1203 3913 1420 3984 Κύριος.
1557 3972 1560 3974 η

193 4001 258 4057 Ἠ
287 4001 560 4055 θάλασσα
613 3997 765 4066 εἶδε,
806 4003 901 4055 καὶ
963 4004 1178 4071 ἔφυγεν
1197 4043 1211 4066 ,
1259 4008 1289 4057 ό
1349 4004 1647 4071 Ἰορδάνης

108 4092 379 4160 ἐστράφη
414 4096 499 4158 είς
526 4093 594 4148 τὰ
630 4094 846 4146 ὀπίσω·
887 4093 955 4145 τὰ
987 4094 1087 4160 ὅρη
1109 4095 1472 4161 ἐσκίρτησαν
1506 4098 1644 4148 ὠσεί

111 4183 288 4250 κριοὶ,
323 4183 418 4234 καὶ
442 4185 495 4235 οἱ
519 4183 729 4245 ,βουνοί
763 4185 900 4236 ὡσεὶ
919 4185 1088 4251 ἀρνία
1105 4184 1421 4250 προϐάτων.
1459 4187 1516 4236 Τί
1545 4187 1646 4237 σοί

109 4275 265 4332 ἐστι,
311 4272 602 4337 θάλασσα,
650 4273 736 4325 ὅτι
784 4273 1015 4343 ἔφυγες,
1059 4275 1152 4328 καὶ
1202 4276 1318 4338 σοὶ,
1359 4274 1640 4343 Ἰορδάνῃ,

111 4364 200 4415 ὅτι
233 4363 529 4430 ἐστράφης
557 4365 642 4428 είς
676 4365 747 4418 τὰ
779 4366 1003 4428 dalata;
1055 4365 1124 4418 τὰ
1175 4366 1300 4433 ὄρη,
1330 4365 1418 4419 ὅτι
1444 4367 1642 4434 ἐσκιρ-

111 4453 336 4518 τήσατε
365 4453 506 4506 ὡσεί
564 4454 734 4522 κριοὶ,
779 4455 877 4507 καὶ
920 4458 972 4508 οὶ
999 4457 1231 4520 βουνοί,
1283 4456 1421 4510 ὡσεὶ
1469 4458 1641 4525 ἀρνία

112 4541 462 4610 προβάτων;
499 4543 636 4598 Ἀπὸ
685 4543 1002 4612 προσώπου
1024 4545 1239 4612 Κυρίου
1265 4546 1558 4614 ἐσαλεύθη
1602 4548 1640 4615 ὴ
1675 4577 1716 4631 D

109 4633 213 4702 τῆ,
229 4634 344 4688 ἀπὸ
372 4632 685 4700 προσώπου
701 4634 804 4687 τοῦ
822 4635 964 4687 Θεοῦ
991 4635 1210 4702 Ἰακὼϐ,
1233 4636 1336 4690 τοῦ
1354 4635 1645 4704 στρέψαν-

110 4741 218 4788 τος
243 4723 354 4790 τὴν
373 4723 590 4791 πέτραν
614 4727 698 4789 εις
723 4725 937 4794 λίμνας
963 4725 1207 4788 ὑδάτων,
1225 4727 1318 4780 καὶ
1345 4727 1456 4792 τὴν
1474 4728 1646 4794 ἀκρό-

110 4828 297 4880 τομον
327 4815 411 4876 είς
433 4811 621 4879 πηγὰς
652 4811 898 4866 ὑδάτων.
926 4817 1078 4866 Δοκεῖ
1099 4831 1184 4882 μοι
1217 4815 1375 4866 πάλιν
1406 4814 1645 4867 ἐντεῦθεν

110 4903 139 4952 6
185 4899 339 4964 λόγος
381 4899 474 4967 τὴν
523 4901 849 4968 προφητείαν
883 4901 1145 4952 ποιεῖσθαι
1191 4900 1288 4970 τῆς
1332 4901 1436 4953 τῶν
1481 4902 1645 4954 ἐθνῶν

109 4990 364 5044 ἁπάντων
413 4990 667 5058 κλήσεως.
703 4991 874 5042 Πάλαι
904 4993 996 5059 μὲν
1022 4989 1148 5060 γὰρ,
1177 4991 1324 5059 φησὶ,
1372 4992 1508 5044 κατὰ
1549 4993 1644 5060 τὴν

111 5083 172 5148 ἐξ
205 5081 471 5148 Λίγύπτου
490 5082 729 5150 πορείαν,
761 5081 980 5134 Ἰουδαία
1007 5083 1135 5154 μόνῃ
1167 5083 1380 5149 γέγονεν
1405 5084 1644 5152 ἁγίασμα
1686 5081 1696 5086 ’

109 5171 206 5225 τοῦ
236 5171 385 5232 Θεοῦ,
404 5172 493 5223 καὶ
526 5169 677 5240 μόνος
701 5169 907 5241 Ἰσραὴλ
940 5171 1040 5224 ὑπὸ
1067 5169 1161 5240 τὴν
1189 5171 1426 5236 ἐξουσίαν
1462 5173 1642 5229 αὐτοῦ.

113 5263 228 5316 Καὶ
261 5261 421 5315 πάλαι
452 5263 549 5332 μὲν
579 5263 774 5334 μερική
822 5278 904 5325 τις
938 5262 1152 5330 γέγονεν
1176 5263 1420 5335 αἴσθησις
1447 5265 1644 5321 θαλάσ-

114 5371 238 5422 σης,
276 5354 366 5406 καὶ
399 5353 636 5423 ποταμοῦ
674 5355 764 5406 καὶ
800 5353 938 5422 ὀρῶν
967 5354 1058 5406 καὶ
1099 5352 1330 5423 βουνῶν·
1368 5355 1461 5408 νῦν
1488 5357 1544 5409 δὲ
1585 5359 1643 5410 τὸ

115 5444 242 5494 πᾶν
268 5446 518 5512 στοιχεῖον
561 5445 656 5514 τῆς
718 5445 817 5514 γῆς
853 5444 1104 5510 ,κινείσθω
1155 5445 1244 5499 καὶ
1302 5447 1602 5500 σαλευέσθω
1628 5465 1641 5478 ο

116 5531 318 5602 μᾶλλον
343 5534 398 5587 δὲ
424 5535 564 5588 κατὰ
586 5536 674 5588 τὸν
703 5534 944 5598 Ἀκύλαν,
967 5536 1316 5606 ὠδινησάτω,
1349 5539 1492 5602 ὃπως
1514 5539 1647 5608 πλη-

118 5619 264 5692 ρωθῇ
314 5622 373 5674 τὸ
425 5625 705 5694 εἰρημένον
762 5627 865 5680 ὑπὸ
922 5620 1135 5685 Ἡσαΐου
1189 5630 1489 5701 προφήτου·
1553 5630 1647 5696 τις

189 5775 211 5806 ³
248 5773 349 5832 Isa.
384 5753 531 5841 ιινι,
556 5776 608 5832 8.

355 5870 620 5931 Pnaon.
666 5869 780 5933 Gn.
826 5869 1058 5933 XXIII.

1747 2008 1908 2062 Iacob
1940 2011 2001 2062 de
2021 2010 2203 2078 populo
2231 2009 2472 2072 barbaro,
2507 2009 2646 2077 facta
2665 2017 2737 2062 est
2756 2008 2943 2061 Iudaea
2972 2009 3268 2076 sancti/ica-

1751 2102 1822 2153 tio
1867 2101 1997 2170 ejus,
2034 2099 2202 2153 Israel
2240 2110 2464 2168 potestas
2503 2099 2631 2167 ejus.
2683 2099 2778 2152 Hic
2810 2114 3017 2166 quoque
3043 2098 3270 2168 hymnus

1749 2196 1851 2250 est,
1875 2190 1964 2256 qui
1995 2187 2247 2241 beneﬁcia
2286 2195 2664 2241 commemorat
2694 2185 2890 2239 Iudaeis
2921 2201 2950 2238 a
2979 2185 3085 2241 Deo
3105 2187 3272 2239 colla-

1749 2286 1821 2339 ta,
1849 2287 2004 2346 atque
2024 2277 2115 2331 Dei
2147 2279 2393 2330 virtutem
2423 2285 2658 2340 enarrat,
2705 2277 3072 2344 idolorumque
3103 2277 3271 2330 imbe-

1749 2367 2018 2422 cillitatem
2045 2367 2266 2432 deridet.
2292 2367 2551 2422 Convenit
2572 2367 2695 2423 item
2731 2369 2815 2420 hic
2841 2368 3067 2438 hymnus
3095 2370 3272 2437 genti-

1750 2456 1888 2508 libus
1913 2457 2001 2523 qui
2024 2456 2384 2520 crediderunt,
2412 2465 2464 2512 et
2484 2458 2550 2512 ab
2579 2457 2841 2511 idolorum
2863 2473 3045 2512 errore
3066 2459 3272 2512 liberati

1751 2555 1873 2599 sunt
1899 2566 1910 2599 :
1936 2546 2152 2600 discunt
2185 2548 2325 2601 enim
2357 2556 2612 2618 quantum
2652 2550 2861 2604 intersit
2895 2551 3035 2604 inter
3061 2565 3153 2604 eos
3183 2551 3274 2619 qui

1749 2653 1856 2691 non
1880 2647 2006 2692 sunt
2033 2647 2084 2692 et
2107 2654 2227 2692 eum
2250 2639 2340 2708 qui
2374 2648 2476 2702 est.
2507 2649 2560 2694 et
2586 2641 2726 2709 quod
2756 2656 2893 2694 unus
2933 2641 3178 2710 idemque
3205 2643 3275 2696 sit

1751 2727 1956 2784 Veteris
1975 2739 2027 2782 et
2063 2729 2194 2783 Novi
2233 2729 2558 2785 Testamenti
2602 2729 2762 2785 Deus.
2800 2730 2903 2784 Pro
2942 2731 3032 2786 illo
3072 2743 3271 2798 autem,
3361 2719 3372 2729 ’

1749 2819 1823 2872 De
1845 2821 2028 2888 populo
2059 2820 2314 2882 barbaro;
2341 2820 2551 2890 Aquila,
2591 2820 2668 2874 De
2700 2821 2885 2889 populo
2917 2821 3131 2877 alterius
3172 2823 3274 2875 lin-

1748 2925 1891 2979 guw;
1930 2909 2296 2979 Symmachus,
2327 2910 2402 2964 De
2436 2911 2620 2979 populo
2650 2913 2864 2966 alterius
2901 2915 3056 2979 vocis,
3088 2914 3273 2968 edidit.

1753 2999 1917 3052 Facta
1956 3011 2029 3053 est
2073 2999 2261 3053 Juda'a
2303 3003 2648 3069 sanctiﬁcatio
2692 3003 2822 3070 ejus,
2855 3002 3024 3057 Israel
3050 3013 3275 3071 potestas

1748 3091 1877 3159 ejus.
1913 3090 2047 3145 Olim
2079 3108 2306 3163 namque
2338 3109 2458 3147 cum
2499 3094 2643 3163 prior
2677 3095 2763 3147 ille
2799 3094 3024 3163 populus
3045 3135 3059 3160 ,
3094 3095 3274 3166 Moyse

1751 3181 1907 3245 duce,
1927 3181 2210 3234 transitum
2244 3183 2512 3237 faceretcx
2531 3183 2780 3254 Egypto,
2812 3185 3019 3240 modica
3035 3188 3273 3255 quaedam

1753 3279 1904 3325 terra:
1923 3273 2114 3340 portio,
2132 3281 2184 3326 et
2205 3273 2428 3342 exiguus
2455 3263 2619 3328 totius
2646 3275 2792 3330 orbis
2817 3277 3064 3346 angulus,
3090 3277 3273 3332 Iudaea

1751 3362 1973 3424 scilicet,
2005 3377 2035 3414 a
2068 3362 2174 3417 Deo
2203 3365 2371 3418 electa
2416 3364 2606 3431 fuerat,
2640 3377 2797 3436 atque
2836 3384 2939 3421 una
2969 3367 3272 3424 Iudaeorum

1736 3453 1914 3506 .natio.
1946 3451 2078 3506 Cum
2125 3463 2300 3508 autem
2343 3471 2437 3524 per
2467 3457 2752 3511 salutarem
2798 3458 3079 3514 adventum
3107 3463 3277 3531 gratia

1733 3545 1804 3616 in
1840 3551 1952 3598 toto
1984 3546 2112 3598 orbe
2139 3545 2310 3601 ell‘usa.
2334 3554 2496 3610 esset,
2528 3563 2557 3599 a
2596 3549 2724 3602 solis
2750 3560 2868 3601 ortu
2897 3554 3154 3619 usquead
3184 3567 3278 3606 oc-

1747 3649 1933 3690 casum
1992 3636 2256 3691 laudabile
2288 3638 2386 3691 fuit
2429 3654 2621 3692 nomen
2649 3637 2858 3692 Domini
2892 3659 2904 3693 :
2941 3654 3003 3694 ac
3032 3645 3276 3702 excelsus

1749 3739 1857 3778 non
1898 3741 2058 3795 super
2085 3742 2242 3780 unam
2275 3729 2485 3782 Israelis
2528 3735 2759 3798 gentem,
2794 3731 2887 3783 sed
2916 3732 3159 3786 excelsus
3185 3749 3278 3788 su-

1747 3831 1847 3885 per
1876 3831 2062 3872 omnes
2090 3827 2271 3886 gentes
2297 3818 2396 3872 fuit
2424 3818 2704 3875 Dominus.

1816 3999 1976 4052 Vens.
2009 4000 2113 4052 5-8.
2143 3998 2291 4051 Mare
2311 3998 2454 4062 vidit,
2480 4009 2528 4052 et
2553 3999 2706 4068 fugit,
2726 3978 2981 4056 'Jordanis
3002 4020 3275 4060 conversus

1742 4101 1817 4144 est
1845 4101 2142 4143 retrorsum.
2182 4089 2380 4142 Montes
2405 4089 2785 4143 exsultaverunt
2832 4094 2962 4145 sicut
2986 4096 3198 4158 arietes,
3230 4106 3278 4149 et

1742 4181 1894 4234 colles
1937 4181 2068 4232 sicut
2100 4181 2218 4248 agni
2249 4181 2435 4233 ovium.
2489 4179 2624 4244 Quid
2657 4191 2733 4242 est
2780 4183 2890 4246 tibi,
2930 4201 3092 4248 mare,
3143 4188 3277 4255 quod

1740 4269 1937 4338 fugisti,
1962 4278 2008 4319 et
2040 4278 2114 4327 tu,
2134 4268 2404 4334 Iordanis,
2428 4273 2548 4338 quia
2565 4286 2835 4326 conversus
2867 4291 2918 4327 es
2953 4288 3232 4330 retrorsum

1740 4358 1962 4421 Montes,
1995 4359 2295 4412 exsultastis
2319 4361 2455 4442 sicut
2489 4361 2695 4426 arietes,
2718 4371 2765 4416 et
2793 4364 2969 4428 colles,
3004 4367 3134 4421 sicut
3156 4355 3277 4439 agn"

1741 4450 1952 4503 ovium?
1985 4447 2024 4498 Α
2057 4447 2189 4515 [acie
2221 4441 2423 4502 Domini
2476 4458 2616 4500 mota
2647 4459 2722 4503 est
2751 4461 2910 4517 terra,
2958 4471 2990 4508 a
3017 4455 3150 4522 facie
3181 4457 3276 4510 Dei

1743 4540 1902 4593 Iacob
1925 4581 1938 4604 ,
1971 4541 2058 4608 qui
2095 4541 2338 4595 convertit
2375 4549 2572 4608 petram
2616 4541 2670 4593 in
2701 4550 2888 4611 stagna
2917 4561 3190 4613 aquarum,
3223 4557 3273 4600 et

1745 4643 2059 4701 prwruptum
2091 4634 2142 4684 in
2165 4632 2324 4699 fontes
2353 4647 2623 4703 aquarum.
2651 4630 2873 4687 Videtur
2899 4635 3026 4688 mihi
3059 4651 3274 4690 rursum

1750 4725 1834 4777 hic
1858 4738 2032 4778 sermo
2081 4722 2408 4792 prophetiam
2455 4724 2614 4778 edere
2644 4723 2710 4778 de
2757 4725 2991 4795 gentium
3036 4729 3273 4780 omnium

1748 4814 2046 4867 vocatione.
2103 4811 2239 4867 Olim
2294 4827 2552 4882 namque,
2611 4815 2712 4878 ait,
2757 4830 2878 4867 cum
2933 4817 3160 4885 populus
3206 4832 3274 4870 ex

1753 4900 1980 4972 Egypto
2002 4901 2365 4970 egrederetur,
2399 4902 2511 4956 sola
2549 4900 2731 4956 Iudaea
2766 4902 2903 4956 facta
2933 4911 3012 4958 est
3040 4905 3274 4958 sanctiﬁ-

1749 4992 1888 5049 catio
1921 4994 2032 5055 Dei,
2063 4999 2114 5046 et
2130 4991 2276 5046 solus
2296 4993 2474 5058 Israel~
2493 4994 2594 5048 sub
2627 5002 2888 5064 potestate
2909 4996 3025 5063 ejus
3052 5002 3183 5049 erat.
3209 4995 3275 5048 Et

1750 5086 1873 5139 olim
1902 5082 2112 5152 quidem
2137 5081 2473 5151 particularis
2503 5098 2694 5139 sensus
2728 5086 2889 5138 maris
2914 5093 3047 5147 erat,
3081 5094 3134 5139 et
3168 5085 3269 5149 tiu:

1749 5177 1907 5229 minis
1934 5183 1985 5228 et
2014 5176 2271 5227 montium
2301 5184 2352 5231 et
2369 5177 2581 5231 collium
2609 5192 2782 5231 :nunc
2810 5190 2934 5230 vero
2966 5177 3271 5231 universum

1747 5277 1900 5321 terrae
1927 5267 2242 5320 elementum
2267 5275 2539 5321 moveatur
2566 5278 2617 5321 et
2643 5266 3007 5326 concutiatur;
3033 5267 3140 5320 imo
3171 5283 3271 5336 po-

1747 5359 1853 5415 tius
1899 5357 2194 5412 Secundum
2242 5358 2505 5428 Aquilam.
2547 5359 2824 5425 parturiat,
2879 5365 2934 5410 ut
2989 5359 3268 5427 impleatur

1747 5449 1886 5520 quod
1909 5447 2107 5502 dictum
2135 5459 2217 5503 est
2244 5465 2337 5520 per
2363 5440 2548 5504 Isaiam
2577 5448 2887 5517 prophetam
2931 5467 2945 5500 :
2972 5446 3099 5511 Quis
3127 5449 3270 5500 audi-

1748 5541 1817 5595 vit
1860 5539 2007 5600 talia,
2037 5548 2085 5592 et
2124 5541 2239 5610 quis
2276 5540 2400 5594 vidit
2430 5541 2539 5594 sic?
2563 5537 2622 5594 Si
2651 5539 2923 5607 parturivit
2951 5540 3163 5592 terrain
3191 5541 3275 5594 die

1749 5640 1938 5695 una,et
1966 5639 2088 5685 nata
2114 5639 2190 5686 est
2219 5647 2338 5702 gens
2361 5639 2470 5684 tota
2492 5629 2647 5684 simul
2667 5628 2723 5682 '?
2747 5626 2878 5682 Nam
2909 5643 3032 5682 cum
3065 5633 3276 5687 vocatio

2877 5873 2952 5930 £3
