3994 6354
146 424 256 478 1357

1142 434 1150 438 ‘
1186 418 1677 476 COMMENTARIA
1711 417 1777 471 ΙΝ
1815 415 2141 502 PSALMOS.

3157 410 3291 465 l358

141 560 322 609 νοντας
347 546 434 610 εἰς
479 544 645 610 ᾆδον.
679 545 828 598 Ἀλλ’
860 543 1030 613 ἡμεῖς
1072 545 1126 597 οἰ
1160 540 1366 608 ζῶντες
1412 540 1659 610 εὐλογή-

1761 554 1882 594 cum
1910 539 2154 607 inspecto
2179 537 2522 593 Hebraeorum
2558 537 2714 600 libro,
2748 550 2933 591 eorum
2961 505 3218 593 dictiones
3239 540 3294 587 et

139 645 307 699 σομεν
328 630 435 685 τὸν
457 633 675 699 Κύριον
701 630 818 685 ἀπὸ
854 630 960 688 τοῦ
994 631 1110 685 νῦν
1128 630 1225 685 καί
1255 631 1366 696 ἕως
1387 630 1492 684 τοῦ
1529 626 1662 684 αἰῶ-

139 734 245 783 νος.
278 718 588 773 Διέσταλται
619 720 712 773 καὶ
758 719 900 782 ἰδίως
938 717 1237 788 ἀφώρισται
1264 717 1357 771 τοῦ
1401 724 1500 789 ριγ¹
1530 715 1663 787 ψαλ-

1759 632 2097 705 characteres
2121 630 2438 699 coniunctos
2464 644 2583 685 esse
2604 628 2917 698 teperet-im,
2938 624 3293 695 Hebraeorum

1757 722 1955 777 librum
1996 719 2326 791 sequendum
2367 734 2507 785 esse,
2547 728 2704 788 atque
2730 717 3000 787 prioribus
3023 716 3137 771 haec
3163 731 3294 772 con-

141 806 227 878 μοΰ
256 807 312 861 ἐν
341 820 449 869 τισι
487 809 593 863 τῶν
644 810 987 883 ἀντιγράφων
1029 810 1097 864 τά
1144 809 1492 881 προκείμενα,
1525 808 1659 861 ὥστε

1758 810 2028 881 iungenda
2057 825 2176 866 esse
2202 810 2480 873 aestimavi,
2510 809 2582 862 ita
2612 818 2672 861 ut
2694 807 2806 862 hac
2826 818 2953 876 pars
2981 807 3089 861 sint
3116 817 3295 862 cente-

137 894 256 953 εἶναι
285 899 380 969 ριδ¹
400 900 607 970 ψαλμὸν
625 900 715 953 τὸν
745 900 881 971 μετὰ
910 903 1112 973 χεῖρας.
1158 900 1369 971 Ἐπειδὴ
1397 899 1472 963 δὲ,
1500 896 1662 965 ἐγκύ-

135 988 227 1058 ψας
254 992 387 1061 αὐτῇ
420 994 484 1061 τῇ
525 991 787 1062 Ἐϐραίων
826 991 1009 1062 βίϐλῳ,
1037 993 1170 1055 τοὺς
1190 991 1365 1045 αὐτῶν
1395 990 1665 1061 χαρακτῆ-

136 1099 221 1153 ρας
258 1082 627 1152 συνημμένους
668 1076 825 1154 εὖρον
868 1083 961 1137 καὶ⁹
1002 1081 1100 1145 τὰς
1155 1081 1345 1145 λέξεις,
1395 1081 1664 1149 ἐπέστησα

134 1170 295 1235 καλῶς
322 1170 676 1242 ἀκολουθῆσαι
723 1175 788 1243 τῇ
826 1171 1086 1243 Ἐδραίων
1118 1170 1301 1243 βίϐλῳ,
1331 1167 1558 1237 συνάψαι
1602 1183 1663 1219 τε

132 1265 229 1325 τοῖς
256 1262 533 1333 προτέροις
558 1262 625 1315 τά
649 1248 1001 1334 προκείμενα,
1035 1260 1174 1315 ὥστε
1202 1256 1339 1313 εῖναι
1385 1250 1545 1331 μέρος
1569 1256 1665 1310 αὑ·-

131 1354 186 1406 τά
212 1352 306 1406 τοῦ
346 1359 448 1423 ριγ⁹
475 1351 667 1423 ὕμνου.
697 1356 853 1407 Δοκεῖ
893 1348 986 1407 οὖν
1029 1352 1098 1406 τὰ
1146 1350 1477 1423 προκείμενα
1504 1350 1667 1420 ἀνηρ-

128 1445 308 1515 τῆσθαι
324 1445 429 1499 τῶν
459 1446 735 1517 προτέρων
754 1464 767 1477 ο
797 1445 1132 1499 παιδεύονται
1164 1445 1270 1515 γάρ
1300 1444 1350 1496 oi
1376 1441 1559 1505 παῖδες
1585 1434 1665 1502 οἷς

128 1535 331 1604 ὲλέγετο
348 1554 361 1567 ·
396 1536 641 1602 Αἰνεῖτε,
674 1534 903 1601 παῖδες,
934 1528 1174 1604 Κύριον,
1198 1534 1472 1588 τουτέστιν
1498 1536 1527 1587 ὁ
1551 1533 1668 1596 νέος

128 1627 261 1691 λαὸς,
301 1629 449 1681 ποῖον
477 1624 678 1698 Κύριον
706 1628 965 1697 προσήκει
993 1627 1159 1678 αἰνεῖν
1180 1641 1197 1657 ο
1241 1624 1397 1697 δῆλον
1426 1624 1483 1677 δὲ
1510 1623 1668 1676 αὐτὸν

126 1719 319 1773 ἐκεῖνον
339 1720 428 1772 τὸν
461 1720 517 1772 ὲν
544 1723 608 1791 τῇ
636 1718 798 1789 ἐξόδῳ
831 1718 1044 1788 Ἰσραὴλ
1091 1719 1157 1787 τῇ
1198 1714 1257 1781 ἐξ
1286 1716 1559 1784 Αἰγύπτου
1600 1713 1678 1781 τά,

122 1804 349 1860 τοσαῦτα
407 1808 683 1879 θαυμάσια
737 1806 1189 1877 διαπραξάμενον.
1266 1806 1519 1868 Ἐκείνοις
1576 1801 1668 1858 οὖν

1758 903 1879 958 simi
1905 902 2097 957 decimi
2122 901 2265 956 tertii
2282 899 2481 971 hymni.
2502 898 2759 954 Videntur
2774 898 2953 967 itaque
2967 898 3080 952 haec
3097 914 3296 967 praece-

1758 991 2011 1047 dentibus
2043 990 2330 1045 cohaerere.
2370 985 2504 1040 Nam
2544 986 2695 1056 pueri
2730 985 2826 1050 illi,
2864 984 3061 1054 quibus
3089 984 3295 1039 dictum

1758 1090 1863 1148 est,
1894 1081 2148 1148 Laudato,
2180 1081 2347 1149 pueri,
2382 1078 2683 1141 Dominum,
2714 1077 2769 1131 id
2796 1083 2900 1142 est,
2931 1090 3104 1131 novus
3125 1089 3296 1146 popu-

1760 1175 1866 1238 lus,
1886 1173 2182 1229 edocentur
2198 1185 2357 1241 quem
2388 1168 2671 1224 Dominum
2700 1168 2919 1222 laudare
2943 1181 3041 1237 par
3068 1166 3160 1221 sit.
3186 1166 3293 1241 Pa-

1761 1266 1867 1319 lam
1895 1274 2073 1320 autem
2097 1270 2181 1318 est
2209 1277 2333 1317 eum
2362 1262 2539 1332 ipsum
2566 1274 2706 1325 esse,
2744 1259 2837 1328 qui
2867 1258 2921 1312 in
2953 1258 3098 1313 exitu
3129 1255 3294 1312 israel

1761 1356 1830 1412 de
1876 1354 2109 1427 Egypto
2152 1360 2305 1408 tanta
2355 1352 2617 1407 miracula
2660 1350 2847 1408 edidit.
2893 1349 3296 1419 Consequenter

1762 1446 1927 1517 igitur
1955 1446 2021 1500 ad
2063 1427 2156 1499 illa
2199 1442 2495 1513 educentur
2536 1442 2661 1513 ipsi,
2700 1456 2769 1497 ne
2801 1442 3048 1512 ignorent
3075 1440 3294 1510 quinam

1763 1534 1966 1589 fuerint
1993 1532 2072 1588 illi
2109 1532 2177 1587 ab
2205 1547 2265 1587 se
2293 1531 2421 1588 olim
2454 1530 2529 1587 dii
2553 1530 2866 1597 existimati,
2904 1531 3049 1601 quod
3090 1529 3299 1585 scilicet

1764 1627 1943 1682 anima
1970 1625 2225 1694 omnique
2243 1637 2406 1679 sensu
2426 1619 2719 1689 caruerint,
2739 1621 3044 1692 fuerintque
3063 1627 3294 1684 mortua,

1764 1725 1912 1773 muta
1935 1727 1987 1772 et
2014 1730 2155 1771 amca
2186 1715 2347 1780 idola,
2378 1713 2512 1769 nihil
2538 1714 2713 1770 simile
2734 1712 3008 1777 habentia,
3040 1728 3147 1767 non
3176 1712 3299 1768 dico

1766 1821 1962 1877 magno
1989 1812 2044 1862 et
2075 1805 2401 1861 mirabilium
2431 1803 2625 1859 editori
2645 1842 2661 1869 ,
2693 1804 2931 1859 omnium
2969 1804 3167 1873 opiﬁci,
3206 1801 3299 1858 sed

120 1896 417 1963 ἀκολούθως
442 1900 492 1953 οἰ
529 1899 681 1953 αὐτοὶ
707 1898 1044 1953 διδάσκονται
1085 1899 1208 1961 τοὺς
1253 1896 1416 1951 πάλαι
1458 1913 1659 1967 νενομι-

1758 1914 1835 1954 ne
1858 1898 1944 1971 vel
1983 1896 2270 1968 postremis
2297 1909 2483 1951 eorum
2526 1910 2646 1966 qua:
2683 1895 2858 1950 anima
2890 1901 2944 1949 et
2973 1908 3137 1950 sensu
3163 1907 3301 1963 pm-

122 1985 345 2057 σμένους
376 1989 554 2041 αὐτῶν
586 1988 742 2052 θεοὺς
777 1987 950 2042 ὁποῖοί
988 2004 1133 2051 τινες
1158 1983 1297 2058 ἦσαν
1327 1986 1401 2059 μὴ
1433 1986 1660 2057 ἀγνοεῖν,

118 2076 195 2128 ὅτι
228 2076 421 2148 ἀψυχοι
469 2070 572 2131 καὶΔ
596 2077 773 2149 πάσης
824 2078 1124 2150 αἰσθήσεως
1171 2078 1541 2149 ἐστερημένοι,
1589 2078 1669 2131 ὅτι

84 2167 301 2239 .νεκρά,
348 2171 442 2224 καὶ
480 2170 639 2245 κωφά
682 2172 775 2224 καὶ
814 2170 988 2240 τυφλά
1035 2168 1249 2233 εἴδωλα,
1286 2166 1441 2223 οὐδὲν
1488 2168 1669 2239 ὅμοιον

116 2258 322 2328 ἔχοντα,
337 2260 398 2313 οὐ
429 2263 567 2331 φημὶ
582 2261 659 2332 τῷ
685 2261 913 2332 μεγάλῳ
933 2262 1023 2316 καὶ
1039 2257 1442 2331 παραδοξοποιῷ
1468 2260 1660 2330 ποιητῇ

1762 1989 1874 2045 dita
1902 1996 2035 2043 sunt
2067 2007 2080 2042 :
2110 1987 2203 2043 sed
2238 1985 2535 2040 inanimata
2565 2000 2788 2056 prorsus
2819 1980 3041 2041 materia
3079 1984 3293 2041 fuerint.

1761 2078 1827 2133 Et
1847 2079 1938 2133 illa
1964 2078 2204 2148 quidem,
2236 2077 2490 2134 animalia
2519 2075 2736 2146 inquam
2762 2075 3017 2142 animata,
3046 2072 3139 2130 Dei
3170 2073 3302 2131 Ver-

1761 2168 1832 2225 bo
1857 2170 2220 2225 constiterunt
2247 2187 2261 2223 :
2296 2175 2352 2221 at
2375 2166 2455 2222 illi
2484 2167 2724 2238 gentium
2754 2166 2852 2230 dii,
2873 2174 2931 2220 ut
2953 2166 3298 2237 putabantur,

1763 2258 2121 2315 humanorum
2154 2273 2377 2329 operum
2411 2256 2675 2333 ﬁgmenta
2691 2260 2836 2312 sunt.
3183 2301 3191 2309 .

2544 2332 2549 2339 λ

113 2346 217 2398 τῶν
242 2346 397 2410 δλων,
422 2347 534 2401 ἀλλ’
562 2348 813 2427 οὐδὲξτοϊς
844 2350 1088 2419 ἐσχάτοις
1146 2349 1253 2403 τῶν
1300 2345 1576 2433 ἐμψύχων,
1614 2340 1695 2411 οἷς
1728 2347 1975 2419 μέτεστιν
2006 2342 2541 2421 αἰσθήσεωςοηηπάνῆ)
2562 2346 2619 2400 δὲ
2648 2345 2848 2417 ἀψυχος
2878 2345 2977 2416 ὕλη
3033 2346 3297 2417 καθίστη*

114 2454 223 2491 κεν.
259 2440 498 2493 Κάκείνα
552 2439 671 2510 μὲν,
718 2440 858 2509 λέγω
889 2440 953 2512 δὴ
981 2440 1049 2494 τά
1080 2440 1310 2511 ίέμψυχα
1364 2440 1498 2504 ζῶα,
1545 2437 1677 2491 Θεοῦ
1725 2440 1880 2511 Λόγῳ
1934 2440 2255 2512 συνέστηκεν
2298 2457 2312 2471 ⁸
2365 2441 2415 2493 oi
2471 2437 2529 2491 δὲ
2571 2436 2679 2491 τῶν
2724 2436 2890 2493 ἐθνῶν
2935 2439 3299 2510 νενομισμένοι

113 2529 224 2582 tie-oi
256 2529 606 2600 ἀνθρωπίνων
637 2530 810 2602 ἔργων
840 2530 1232 2603 ἀναπλάσματα
1260 2532 1625 2599 τυγχάνουσιν.

594 2645 1006 2700 ΑΛΛΗΛΟΥΙΑ.
1046 2644 1185 2700 Ρ1Δ’·.

192 2736 521 2806 Ὴτάπησιη
530 2735 619 2789 ὅτι
638 2738 1053 2793 εἰσακούσεται
1092 2737 1306 2806 Κύριος
1331 2735 1441 2804 τῆς
1461 2733 1663 2805 φωνῆς

109 2825 513 2896 τῆςμδεήσεώς
538 2844 679 2896 μου,
710 2826 798 2881 ὅτι
826 2827 1025 2883 ἔκλινε
1069 2827 1137 2882 τὸ
1162 2824 1269 2894 οὖς
1300 2826 1483 2881 αὐτοῦ
1507 2827 1657 2896 ἐμοὶ,

109 2918 210 2972 καί
244 2918 313 2973 ἐν
337 2917 466 2984 ταῖς
490 2915 734 2987 ἡμέραις
763 2936 881 2987 μου
922 2917 1362 2990 ὲπικαλέσομαι.
1405 2918 1463 2971 ⁸0
1494 2918 1659 2971 πάλαι

108 3008 438 3081 ᾳοδούμενος
472 3009 562 3063 τὸν
588 3008 810 3082 Κύριον,
848 3009 947 3081 ήδη
983 3010 1260 3083 προκόψας
1308 3008 1415 3068 ἀπὸ
1434 3008 1528 3064 τοῦ
1561 3009 1657 3077 φό-

107 3101 228 3167 ϐου,
269 3101 360 3154 καὶ
406 3099 641 3172 μεταδάς
662 3094 757 3154 ἐπὶ
796 3101 894 3174 τὴν
924 3101 1138 3172 ἀγάπην
1188 3099 1281 3154 τοῦ
1328 3099 1483 3163 Θεοῦ,
1516 3098 1655 3153 εἴποι

106 3194 198 3255 ἂν,
234 3183 537 3262 Ἡιράθέησα
556 3208 574 3226 ο
622 3192 743 3247 τίνα
765 3193 843 3257 δὲ,
875 3190 1127 3263 ἢδηλαδὴ
1174 3178 1372 3263 Κύριον
1399 3191 1491 3245 τδν
1521 3190 1654 3245 Θεὸν

2248 2637 2604 2696 ALLELUIA.
2644 2640 2824 2697 CXIV.

1837 2730 2000 2786 Vens.
2034 2731 2085 2795 1,
2111 2730 2166 2785 2.
2200 2729 2377 2784 Dilexi
2403 2732 2650 2801 quoniam
2670 2733 2913 2787 exaudiet
2940 2732 3193 2788 Dominus
3223 2751 3301 2789 vo-

1763 2838 1872 2877 cem
1900 2822 2152 2875 orationis
2175 2837 2320 2888 mete,
2342 2823 2466 2893 quia
2486 2823 2754 2878 inclinavit
2780 2840 2960 2879 aurem
2980 2842 3129 2880 suam
3151 2828 3301 2893 mihi,
3346 2830 3353 2840 ’

1760 2923 1810 2968 et
1834 2914 1887 2966 in
1911 2912 2091 2966 diebus
2122 2912 2249 2965 meis
2269 2911 2533 2967 invocabo.
2563 2914 2665 2978 Qui
2689 2914 2818 2969 olim
2847 2913 3128 2971 Dominum
3153 2918 3302 2974 time-

1760 3004 1872 3066 bat,
1898 3004 2008 3072 jam
2038 3016 2069 3055 a
2100 3003 2293 3057 timore
2321 3000 2615 3073 profectus,
2643 3011 2696 3059 et
2722 3006 2789 3059 ad
2826 3004 3164 3061 dilectionem
3200 3006 3298 3065 Dei

1758 3092 2153 3164 transgressus,
2174 3094 2296 3164 jure
2315 3094 2532 3159 dixerit,
2563 3094 2739 3150 Dilexi
2763 3112 2780 3150 :
2804 3112 2959 3165 quem
2984 3113 3163 3167 porro,
3190 3100 3299 3156 nisi

1760 3183 2043 3239 Dominum
2060 3181 2246 3247 Deum,
2265 3199 2331 3239 ex
2348 3190 2460 3238 toto
2480 3184 2666 3251 corde,
2684 3186 2883 3240 virtute
2904 3194 3064 3257 atque
3086 3189 3294 3255 anima;

104 3280 172 3344 ἐξ
196 3280 333 3352 οόλης
360 3281 602 3351 καρδίας,
632 3280 724 3334 καὶ
747 3280 1021 3351 δυνάμεως
1041 3280 1134 3333 καὶ
1151 3280 1345 3351 ψυχῆς,
1372 3279 1509 3333 ὥστε
1537 3279 1653 3333 ’ἐνε-

1758 3278 1832 3330 ita
1859 3283 1919 3329 ut
1946 3284 2169 3346 propter
2199 3276 2400 3344 ipsum,
2429 3276 2515 3330 vel
2538 3274 2602 3329 ad
2625 3286 2853 3332 mortem
2886 3293 3056 3348 usque
3084 3294 3301 3336 concere

103 3387 204 3423 κεν
224 3369 388 3424 αὐτοῦ
410 3372 502 3425 καὶ
527 3371 683 3442 μέχρι
709 3370 935 3424 θανάτου
971 3370 1326 3439 ἀγωνίζεσθαι
1352 3371 1488 3444 ὑπὲρ
1524 3372 1655 3443 ἀλη-

103 3459 282 3522 θείας,
331 3458 508 3525 πάντα
539 3474 599 3511 τε
637 3460 922 3529 ὑπομεῖναι
972 3456 1290 3529 πειρασμὸν,
1342 3457 1433 3510 καὶ
1483 3457 1657 3510 πάντα

101 3549 349 3603 κίνδυνον
400 3549 693 3619 ὑποστῆναι
752 3547 1040 3619 προθύμως
1085 3547 1171 3599 διὰ
1214 3544 1310 3619 τὴν
1360 3548 1494 3621 πρὸς
1528 3547 1660 3601 Θεὸν

101 3640 365 3710 ἀγάπηνς
399 3640 519 3692 Ὀτι
568 3640 775 3705 ,ἔκλινε
813 3639 877 3692 τὸ
921 3633 1029 3704 οὖς
1055 3637 1241 3692 αὐτοῦ
1285 3638 1431 3707 ἐμοὶ,
1465 3638 1562 3692 καί
1591 3639 1661 3692 ὲν

100 3727 265 3793 ταῒς’
286 3728 528 3797 ἡμέραις
572 3744 689 3796 μου
732 3726 1175 3795 ἐπικαλέσομαι.
1230 3725 1558 3796 Περιέσχον
1582 3744 1660 3796 με

96 3819 316 3885 ὠδῖνες
352 3816 631 3882 θανάτου,
663 3817 927 3872 κίνδυνοι
953 3817 1097 3884 ᾅδου
1124 3816 1383 3886 εὖροσάν
1396 3834 1473 3887 με
1490 3834 1503 3848 ⁸
1530 3818 1659 3873 θλι-

97 3914 221 3980 ψιν
249 3907 345 3964 καὶ
372 3908 597 3977 ὀδύνην
627 3904 824 3976 εὗρον,
851 3907 948 3961 καί
978 3907 1042 3962 τὸ
1074 3907 1259 3979 ὄνομα
1282 3908 1500 3975 Κυρίου
1530 3908 1660 3961 ἐπε-

98 4001 478 4071 καλεσάμην.
508 3997 577 4054 Ὦ
645 3999 837 4068 Κύριε,
884 3999 1069 4067 ῥῦσαι
1117 3998 1229 4067 τὴν
1263 3999 1471 4069 ψυχήν
1518 4015 1655 4070 μου·

97 4092 381 4161 ἐλεήμων
409 4090 505 4145 καί
538 4090 764 4156 δίκαιος
795 4093 829 4144 ὁ
858 4090 1092 4156 Κύριος,
1120 4086 1219 4141 καὶ
1254 4090 1288 4141 ὁ
1313 4088 1456 4153 Θεὸς
1492 4086 1658 4156 ἡμῶν

96 4182 284 4237 ἐλεεῖ.
319 4181 651 4236 Φυλάσσειν
692 4180 765 4232 τὰ
798 4178 978 4245 νήπια
1019 4181 1050 4230 ὀ
1099 4179 1326 4244 Κύριος,
1348 4177 1655 4230 ἐταπεινώ-

97 4272 245 4336 θην,
275 4269 374 4322 καὶ
404 4268 599 4323 ἔσωσέ
630 4284 728 4337 με.
786 4267 1192 4333 Ἐπίστρεψον,
1216 4262 1383 4333 ψυχή
1405 4281 1544 4333 μου,
1571 4266 1657 4329 εἰς

102 4360 226 4426 τὴν
246 4358 589 4413 ἀνάπαυσιν
618 4373 754 4420 σου,
780 4356 868 4409 ὅτι
898 4356 1109 4423 Κύριος
1143 4352 1499 4422 εὺηρτέτησέ
1548 4370 1653 4408 σε’

98 4450 199 4503 ὅτι
243 4450 501 4514 ἐξείλετο
549 4447 663 4516 τὴν
692 4446 899 4516 ψυχήν
932 4464 1049 4514 μου
1097 4446 1164 4497 ἐκ
1200 4443 1475 4511 θανάτου,
1519 4444 1657 4510 τοὺς

98 4543 451 4611 ὀφθαλμούς
502 4558 619 4611 μου
650 4538 765 4593 ἀ.τό
814 4524 1101 4605 δακρύων,
1130 4537 1225 4590 καὶ
1278 4537 1417 4603 τοὺς
1470 4537 1657 4602 πόδας

1756 3373 1832 3423 tet
1868 3381 1966 3436 pro
1998 3365 2242 3431 veritate,
2277 3381 2341 3421 ac
2363 3368 2612 3437 quamvis
2637 3372 2986 3443 ten_tationem
3012 3372 3297 3436 sustineat,

1757 3458 1986 3533 quodvis
2015 3459 2317 3528 periculum
2340 3457 2596 3513 alacriter
2616 3474 2725 3528 prae
2753 3458 2842 3513 Dei
2865 3475 3047 3516 amore
3075 3462 3301 3519 subeat?

1754 3580 1826 3593 —-
1844 3548 2009 3606 Vens.
2039 3549 2153 3604 5-8.
2188 3549 2325 3617 Quia
2363 3542 2642 3606 inclinavit
2680 3566 2867 3604 aurem
2898 3567 3048 3605 suam
3078 3554 3223 3619 milii,
3250 3565 3299 3609 et

1756 3642 1812 3695 in
1838 3639 2019 3694 diebus
2049 3640 2175 3694 meis
2206 3638 2472 3694 invocabo.
2501 3640 2962 3695 Circumdederunt
2988 3628 3069 3698 me
3092 3645 3296 3701 dolores

1757 3730 1962 3793 mortis,
2004 3728 2236 3798 pericula
2275 3728 2466 3797 inferni
2505 3730 2805 3784 invenerunt
2842 3745 2937 3784 me.
2976 3731 3301 3789 Tribulatio-

1756 3836 1873 3874 nem
1917 3828 1968 3873 et
2002 3819 2233 3874 dolorem
2270 3820 2461 3882 inveni,
2490 3827 2541 3872 et
2572 3833 2756 3879 nomen
2796 3817 3007 3874 Domini
3045 3823 3294 3887 invocavi.

1759 3908 1804 3965 0
1828 3909 2071 3974 Domine,
2092 3909 2258 3963 libera
2281 3909 2513 3962 animam
2526 3920 2720 3977 meam,
2746 3910 3037 3966 misericors
3059 3923 3109 3967 et
3119 3915 3297 3982 justus

1758 4000 2041 4063 Dominus,"
2061 4010 2110 4054 et
2146 3999 2285 4053 Deus
2315 4011 2487 4053 noster
2508 4001 3139 4059 miseretur..Custodiens
3170 4022 3295 4075 par-

1754 4091 1898 4145 vulos
1948 4081 2223 4156 Dominus,
2269 4090 2575 4146 humiliatus
2629 4109 2780 4157 sum,
2838 4104 2889 4147 et
2938 4096 3161 4151 salvabit
3198 4116 3293 4151 me.

1756 4178 2079 4244 Convertere,
2122 4183 2301 4235 anima
2334 4198 2470 4239 mea.
2513 4184 2566 4235 in
2594 4185 2818 4256 requiem
2852 4196 3015 4251 tuam,
3047 4191 3167 4259 quia
3197 4190 3301 4244 Do-

1734 4272 1927 4351 xminus
1961 4271 2205 4340 benefecit
2238 4274 2350 4325 tibi.
2393 4272 2532 4339 Quia
2568 4275 2757 4343 eripuit
2788 4278 3210 4344 animammeam
3238 4283 3301 4333 de

1757 4370 1941 4426 morte,
1970 4361 2157 4437 oculos
2181 4379 2319 4417 meos
2348 4380 2380 4416 a
2412 4363 2680 4433 lacrymis,
2709 4365 2860 4435 pedes
2892 4358 3096 4431 meost
3130 4372 3297 4438 lapsu.

1757 4450 1901 4517 Haec,
1934 4452 2131 4522 inquit,
2158 4454 2339 4507 omnia
2371 4464 2592 4524 propter
2622 4454 2789 4513 Deum
2823 4474 3113 4530 perpessus
3140 4462 3302 4515 dilexi

1758 4542 1925 4596 illum.
1960 4542 2077 4598 Non
2112 4546 2253 4599 enim
2302 4542 2494 4613 praeter
2538 4548 2893 4614 voluntatem,
2941 4566 3115 4620 neque
3155 4551 3300 4607 relu-

97 4651 224 4697 μου
253 4632 369 4687 ἀπὸ
406 4632 819 4701 ὀλισθήματος.
853 4626 1029 4683 Πάντα
1052 4628 1156 4700 γὰρ
1192 4629 1380 4697 ταῦτα,
1410 4624 1659 4701 φησῖ,διά

1761 4634 1985 4705 giendo,
2032 4636 2126 4689 sed
2173 4636 2425 4691 alacriter
2458 4653 2543 4692 me
2584 4639 2665 4695 his
2710 4642 2964 4697 omnibus
2998 4643 3214 4708 tradidi,
3247 4653 3301 4699 et

96 4725 199 4777 τὸν
226 4724 357 4777 Θεὸν
393 4724 687 4795 ὑπομείνας
724 4722 1001 4793 ἠγάπησα.
1037 4722 1108 4774 Ού
1136 4720 1243 4791 γὰρ
1275 4720 1423 4789 παρὰ
1464 4721 1653 4791 προαί-

99 4831 282 4885 ρεσιν,
331 4813 475 4869 οὔτε,
504 4814 737 4884 φεύγων,
772 4812 1059 4885 προθύμως
1107 4810 1162 4864 δὲ
1190 4810 1423 4880 ἐμαυτὸν
1450 4807 1653 4873 τούτοις

98 4904 314 4957 ἅπασιν
352 4902 635 4965 ἐπιδιδοὺς,
671 4903 895 4974 ἔστερξα
931 4903 1015 4955 διὰ
1064 4901 1157 4971 τὴν
1204 4901 1337 4970 πρὸς
1392 4901 1479 4954 τὸν
1523 4901 1653 4954 Θεὸν

96 4994 354 5064 ἀγάπην·
399 4993 473 5055 ὡς
512 4993 763 5045 δύνασθαι
798 4994 1007 5060 λέγειν·
1044 4989 1283 5044 Ἐνεκέν
1316 5006 1428 5046 σου
1475 4996 1653 5046 θανα-

1761 4727 1871 4779 haec
1895 4726 2172 4799 amplexus
2200 4741 2315 4781 sum
2345 4736 2577 4797 propter,
2597 4745 2835 4787 amorem
2866 4732 2996 4800 Dei;
3035 4734 3108 4787 ita
3136 4740 3195 4787 ut
3216 4734 3299 4788 di-

1758 4829 1877 4868 cere
1921 4815 2191 4870 valeamus
2215 4834 2228 4869 :
2254 4815 2473 4886 Propter
2514 4828 2561 4873 te
2598 4823 2976 4890 mortiﬁcamur
3008 4831 3116 4876 tota
3153 4822 3235 4875 die
3258 4823 3299 4877 ⁸.

1758 4904 1881 4959 Haec
1924 4905 2119 4974 quippe
2165 4908 2345 4961 omnia
2391 4909 2553 4964 dilexi
2604 4920 2823 4982 propter
2873 4912 3198 4978 Dominum;
3236 4930 3301 4967 ac

1756 5012 1877 5050 cum
1907 4996 2201 5065 diligerem,
2232 5013 2426 5054 nomen
2455 4999 2667 5057 Domini
2695 5004 2961 5060 invocavi.

96 5084 363 5151 τούμεθα
382 5081 533 5149 ὅλην
562 5084 673 5149 τὴν
699 5083 941 5150 ἡμέραν.
981 5082 1160 5133 Πάντα
1198 5080 1303 5151 γὰρ
1346 5080 1513 5136 ταῦτα
1550 5084 1806 5154 ἠγάπησα
1861 5086 1947 5139 διὰ
2004 5088 2091 5141 τὸν
2122 5087 2338 5159 Κύριον,
2365 5091 2455 5143 καὶ
2470 5092 2756 5163 ἀγαπήσας
2790 5095 2850 5147 τὸ
2893 5078 3301 5161 ὅνομαλίίυρίου

96 5175 543 5244 ἐπεκαλεσάμην.

174 5264 581 5336 Εὐαρεστήσω
604 5264 854 5319 ἐνώπιον
877 5266 1093 5334 Κυρίου
1136 5266 1204 5318 ἐν
1231 5264 1387 5334 χώρᾳ
1412 5264 1655 5327 ζώντων.

107 5357 176 5413 Ὀ
203 5346 407 5427 κόσμος
446 5351 596 5419 οὗτος
643 5357 799 5421 αὐτὸς
830 5358 889 5409 τέ
927 5359 1039 5410 ἐστι
1084 5357 1293 5427 θνητὸς,
1338 5359 1431 5411 καὶ
1467 5360 1659 5429 χωρίον

96 5448 555 5519 ἀποθνησκόντων
583 5448 743 5500 ἐστίν.
773 5448 986 5518 Ἐπειδὴ
1008 5448 1115 5520 γὰρ
1147 5448 1393 5511 σύνθετός
1412 5451 1525 5503 ἐστι
1554 5450 1661 5503 τῶν

96 5538 398 5611 δρωμένων
421 5542 455 5609 ἡ
485 5538 766 5601 σύστασις·
794 5539 853 5592 τὸ
896 5541 951 5594 δὲ
998 5540 1245 5594 σύνθετον
1282 5526 1425 5595 ἅπαν
1455 5542 1662 5597 διαλύε-

101 5630 230 5683 σθαι
266 5630 507 5699 πέφυκεν
529 5648 540 5659 ·
574 5630 631 5681 ἐν
666 5628 741 5699 τῷ
771 5631 956 5702 κᾴσμῳ
982 5631 1148 5697 ὄντες,
1193 5631 1352 5707 μέρος
1386 5632 1534 5697 ὄντες
1569 5634 1660 5687 τοῦ

177 5787 201 5818 ⁸
240 5783 389 5841 Psal.
423 5800 549 5838 mu
575 5826 589 5848 ,
620 5783 710 5842 ‘22.

1826 5265 1988 5321 Vsus.
2021 5266 2073 5320 9.
2112 5266 2337 5322 Placebo
2371 5287 2547 5323 coram
2581 5270 2803 5325 Domino
2827 5272 2884 5324 in
2908 5271 3110 5341 regione
3142 5273 3303 5327 viven‘

1759 5360 1907 5414 tium.
1958 5357 2058 5412 Hic
2100 5361 2333 5415 mundus
2372 5378 2497 5417 vere
2532 5372 2585 5417 et
2621 5363 2733 5433 ipse
2776 5364 3045 5427 mortalis,
3090 5371 3141 5418 et
3185 5381 3303 5417 mo-

1756 5449 2010 5506 rientium
2052 5451 2205 5507 locus
2251 5461 2352 5509 est.
2394 5452 2529 5519 Quia
2577 5456 2721 5509 enim
2774 5470 2954 5509 rerum
3003 5455 3299 5511 visibilium

1758 5541 2073 5597 constitutio
2117 5545 2414 5614 composita
2446 5553 2547 5609 est,
2578 5560 2737 5599 omne
2769 5561 2897 5601 vero
2938 5546 3297 5616 compositum

1762 5636 2021 5701 solvitur;
2056 5649 2179 5691 cum
2208 5636 2264 5693 iu
2297 5636 2496 5691 mundo
2524 5643 2574 5690 et
2606 5650 2731 5705 pars
2770 5636 2954 5693 mundi
2982 5619 3174 5704 simus,
3204 5654 3301 5695 ne—
