3994 6354
723 384 854 441 1359

1380 382 1637 438 EUSEBII
1675 384 2136 441 CESARIENSIS
2169 383 2315 440 OPP.
2359 383 2533 439 PARS
2571 385 2656 440 ιιι.
2693 415 2761 428 -
2790 384 3186 443 EXEGETICA.

3734 395 3854 452 1580

716 507 953 560 cessario
983 512 1184 558 naturae
1225 503 1457 558 universi
1494 511 1772 558 consortes
1805 519 2027 570 sumus;
2058 512 2115 558 at
2143 503 2234 556 ἰΙιίι

2350 504 2570 574 κόσμου,
2603 504 2908 571 ἀναγκαίως
2936 503 3032 574 τῆς
3058 502 3148 570 τοῦ
3181 505 3372 567 παντὸς
3406 506 3612 575 φύσεως
3636 507 3862 562 ἀπολαύο-

718 613 825 650 non
864 604 945 649 est
977 595 1272 648 immutatio
1303 594 1382 647 vel
1421 594 1663 662 corporis
1706 593 1789 648 vel
1828 595 2037 648 animae.
2070 593 2250 663 Neque

716 687 858 740 enim
910 694 991 738 est
1040 685 1378 754 cogitationis
1426 683 1716 746 aberratio,
1763 699 1937 753 neque
1976 687 2251 740 sententiae

709 774 961 837 ‘variatio,
986 788 1107 826 cum
1137 773 1281 825 nulla
1295 771 1580 825 ‘calamitas
1607 778 1853 839 pacatum
1881 771 2251 839 tranquillum-

717 880 819 933 que
857 863 1237 933 cogitationum
1287 861 1531 915 ordinem
1579 859 1806 916 auferat.
1851 857 1944 913 Illa
1991 861 2117 914 item
2168 869 2250 914 est

715 956 860 1024 regio
902 954 1222 1016 viventium,
1269 953 1357 1006 ubi
1411 966 1469 1006 se
1514 952 1746 1015 maxime
1785 949 1892 1006 Deo
1931 951 2249 1019 placiturum

713 1045 966 1116 prOphela
1006 1045 1358 1115 pmnnntiat;
1407 1053 1466 1097 ut
1510 1043 1601 1113 qui
1636 1059 1666 1096 a
1711 1043 1860 1098 nullo
1895 1049 2150 1098 extraneo
2181 1056 2249 1095 ex

713 1150 936 1190 numero
962 1134 1253 1189 viventium
1287 1132 1687 1188 abscindendus
1719 1133 1808 1188 sit.
1841 1131 1934 1187 Illa
1965 1132 2114 1203 regio
2142 1138 2245 1196 est,

697 1215 763 1280 fin
794 1241 896 1296 qua
925 1240 1098 1294 neque
1132 1240 1258 1286 nox,
1307 1239 1481 1294 neque
1528 1220 1772 1286 somnus,
1813 1222 2005 1276 mortis
2047 1222 2243 1292 imago,

710 1335 881 1389 neque
915 1319 1088 1383 cibus,
1112 1333 1284 1387 neque
1306 1325 1483 1386 potus,
1511 1315 1838 1370 inﬁrmitatis
1865 1323 2061 1370 nostra
2090 1315 2247 1369 fulci-

707 1418 907 1473 menta,
938 1423 1037 1463 nec
1067 1408 1339 1479 quidpiam
1380 1421 1564 1461 eorum
1611 1420 1729 1476 quae
1764 1405 2104 1480 extrinsecus
2132 1419 2247 1461 mo-

709 1500 914 1555 lestiam
945 1505 1164 1565 creant;
1201 1497 1295 1552 sed
1334 1497 1481 1567 regio
1510 1495 1826 1560 viventium,
1871 1509 1970 1550 nec
1998 1511 2095 1567 per
2122 1510 2246 1566 pec-

705 1583 1281 1648 catum‘morientium;
1316 1590 1372 1637 at
1398 1597 1520 1638 vera
1551 1583 1658 1638 vita
1694 1583 1983 1638 viventium
2011 1585 2066 1638 in
2087 1584 2244 1640 Chri-

678 1708 681 1711 -
705 1681 792 1728 sto
821 1671 973 1728 Iesu.

1201 1783 1553 1838 ALLELUIA.
1595 1745 1754 1840 cxv.

774 1899 932 1955 Vens.
952 1898 1122 1955 ill-12.
1137 1896 1366 1958 Credidi,
1389 1911 1594 1964 propter
1611 1897 1746 1966 quod
1763 1898 1962 1951 locutus
1984 1913 2099 1950 sum
2119 1912 2135 1951 :
2150 1914 2240 1967 ego

704 2003 873 2046 autem
902 1994 1201 2046 humiliatus
1233 2007 1346 2044 sum
1373 1991 1547 2044 nimis.
1571 1988 1680 2059 Ego
1715 1999 1888 2043 autem
1907 1988 2020 2042 dixi
2053 1990 2106 2042 in
2149 2005 2242 2042 ea:-

703 2099 850 2136 ceuu
903 2080 1254 2136 meo:0mnis
1294 2079 1444 2134 homo
1491 2079 1729 2132 mendax.
1767 2077 1905 2143 Quid
1959 2078 2240 2131 retribuam

702 2172 924 2226 Domino
953 2187 1044 2241 pro
1071 2168 1304 2224 omnibus
1327 2183 1438 2239 qua
1460 2165 1697 2221 retribuit
1718 2167 1880 2222 mihi?
1900 2165 1956 2219 ln
1978 2165 2239 2220 Hebraico

698 2263 992 2331 exemplari
1021 2261 1133 2315 haec
1157 2273 1279 2313 cum
1311 2257 1732 2328 praecedentibus
1769 2258 2056 2326 conjuncta
2090 2268 2237 2322 sunt,

699 2356 772 2410 ita
800 2363 857 2408 ut
892 2355 1077 2407 horum
1110 2350 1375 2408 sententia
1407 2363 1530 2404 cum
1553 2348 1850 2418 praemissis
1877 2348 2160 2416 cohaereat,
2187 2358 2242 2404 et

701 2461 826 2518 pars
850 2460 1034 2501 eorum
1090 2445 1178 2499 sit.
1232 2441 1364 2496 Nam
1385 2455 1507 2496 cum
1533 2440 1754 2495 dixisset
1778 2440 1849 2494 ibi
1881 2439 2238 2504 :Convertere,

701 2538 878 2590 animo
909 2551 1042 2597 mea,
1081 2534 1132 2587 in
1162 2532 1386 2603 requiem
1413 2540 1590 2596 tuam;
1620 2544 1682 2584 ac
1724 2545 1940 2585 rursum
1971 2549 1985 2585 :
2016 2529 2239 2585 Placebo

700 2631 756 2684 in
781 2636 1050 2690 conspectu
1085 2626 1296 2680 Domini
1325 2625 1379 2677 in
1410 2623 1612 2694 regione
1658 2623 1960 2686 viventium;
1991 2623 2079 2677 hic
2106 2625 2237 2678 sub-

697 2719 873 2788 iungit
889 2719 999 2772 haec
1020 2717 1181 2772 verba
1202 2735 1214 2770 :
1234 2711 1464 2777 Credidi,
1488 2722 1695 2783 prapter
1714 2711 1850 2783 quod
1872 2713 2070 2767 locutus
2102 2729 2236 2767 sum.

701 2808 873 2861 Aliam
904 2807 1099 2874 quippe
1129 2818 1250 2859 esse
1280 2802 1551 2872 regionem
1579 2802 1874 2857 viventium
1908 2809 2100 2871 praeter
2140 2802 2241 2855 hu-

701 2913 912 2953 manam
941 2900 1100 2950 vitam
1135 2893 1359 2958 credidi,
1391 2907 1617 2962 esseque
1639 2892 1762 2948 item
1788 2894 1980 2947 anima:
1999 2894 2239 2963 requiem

699 2991 857 3045 aliam
889 2997 1077 3058 prater
1111 2993 1376 3040 terrenam
1401 2982 1801 3039 habitationem.
1837 2983 2067 3048 Credidi,
2116 3000 2239 3052 pro-

697 3092 809 3151 pter
839 3080 973 3151 quod
1019 3081 1219 3138 locutus
1267 3093 1380 3130 sum
1411 3091 1429 3128 :
1453 3091 1543 3146 ego
1577 3084 1749 3129 autem
1788 3075 2089 3136 humiliatus
2120 3093 2237 3134 sunt

2354 610 2451 663 μεν
2469 610 2481 624 ·
2514 596 2629 647 ἐκεῖ
2651 594 2708 647 δὲ
2727 596 2822 648 οὐκ
2850 595 2992 648 ἐστιν
3025 594 3318 658 ἀλλοίωσις,
3350 596 3470 648 οὔτε
3489 596 3735 667 σώματος,
3749 600 3860 653 οὔτε

2350 681 2541 752 ψυχῆς.
2569 682 2700 734 Οὐδέ
2722 682 2830 754 γάρ
2857 685 2968 738 ἐστι
2986 683 3250 755 ’λογισμοῦ
3274 684 3614 756 παρατροπή,
3642 687 3750 740 οὐδέ
3772 704 3861 758 μευ

2349 771 2561 834 τάθεσις
2586 770 2823 842 γνώμης,
2849 772 3100 842 οὐδεμιᾶς
3147 773 3510 842 περιστάσεως
3549 774 3608 826 τὸ
3632 775 3860 838 εὐσταθὲς

2351 863 2440 914 καὶ
2481 861 2746 932 ἀτάραχον
2795 862 2902 914 τῶν
2955 863 3222 933 λογισμῶν
3259 864 3672 935 ἀφαιρουμένης.
3714 865 3861 936 Χώρα

2349 951 2493 1004 ἐστὶν
2535 952 2715 1022 ἐκείνη
2745 952 2851 1005 τῶν
2897 952 2974 1004 ἔτι
3003 951 3234 1016 ζώντων,
3263 954 3318 1004 ἐν
3430 951 3654 1022 μάλιστα
3689 951 3861 1026 εὐαρι-

2352 1042 2567 1112 οτήσειν
2589 1039 2664 1110 τῷ
2705 1040 2821 1112 Θεῷ
2868 1043 2896 1094 ὁ
2942 1043 3217 1112 προφήτης
3262 1043 3752 1110 κατεπαγγέλλεται,
3794 1045 3860 1107 ὡς

2349 1128 2438 1181 ὐπ’
2470 1129 2677 1192 οὐδενὸς
2703 1129 2904 1199 μέλλων
2931 1129 3037 1182 τῶν
3054 1130 3242 1196 ἔξωθεν
3258 1132 3631 1186 διακόπτεσθαι
3650 1132 3859 1197 ζώντων.

2330 1249 2332 1252 ν
2359 1218 2566 1288 Ἑκείνη
2592 1218 2740 1289 χώρα
2773 1221 2828 1271 tv
2917 1219 3013 1271 οὐκ
3048 1220 3122 1272 ἔνι
3144 1220 3258 1286 νὺξ,
3283 1221 3380 1274 οὐκ
3416 1220 3492 1274 ἔνι
3523 1220 3678 1286 ῦπνος
3696 1223 3752 1276 τὸ
3775 1224 3860 1275 τοῦ

2347 1305 2574 1359 θανάτου
2605 1306 2842 1377 μίμημα,
2870 1308 2966 1361 οὐκ
2982 1308 3056 1360 ἐνι
3081 1306 3297 1379 βρῶσις,
3321 1310 3418 1362 οὐκ
3434 1309 3508 1361 ἔνι
3531 1310 3676 1374 πόσις
3695 1311 3756 1363 τὰ
3770 1309 3860 1379 τῆς

2346 1396 2622 1458 ἀσθενείας
2652 1397 2806 1466 ήμῶν
2838 1397 3228 1468 ὐπερείσματα,
3259 1400 3320 1451 οὐ
3335 1399 3442 1452 τῶν
3473 1398 3660 1463 ἔξωθέν
3694 1416 3744 1454 τι
3776 1417 3861 1453 πι-

2348 1486 2663 1556 ριστατικῶν
2681 1504 2694 1516 ’
2725 1487 2858 1540 ἀλλά
2876 1486 3024 1558 χώρα
3051 1488 3282 1553 ζώντων,
3315 1491 3412 1543 οὐκ
3445 1490 3862 1561 ἀποθνησκόντων

2337 1577 2428 1660 9ιά
2455 1578 2554 1648 τῆς
2585 1579 2871 1650 ἁμαρτίας,
2906 1578 3036 1632 ἀλλά
3071 1578 3282 1643 ζώντων
3317 1579 3414 1651 τὴν
3446 1580 3692 1653 ἀληθινὴν
3733 1581 3863 1651 ζωὴν

2342 1667 2438 1739 τὴν
2472 1669 2528 1720 ἐν
2555 1668 2771 1739 Χριστῷ
2804 1668 2994 1740 Ἰησοῦ.

2824 1780 3237 1835 ΑΛΛΗΛΟΥΙΔ.
3263 1779 3405 1838 PIE’.

2419 1891 2789 1956 Ἐπίστευσα,
2813 1892 2902 1945 διὸ
2938 1893 3226 1961 ἐλάλησα,
3260 1892 3371 1962 ἐγὼ
3397 1891 3464 1946 δὲ
3493 1893 3863 1962 eraner

2339 1983 2587 2052 σφόδρα.
2643 1985 2781 2054 Ἐγὼ
2812 1984 2879 2037 δὲ
2910 1981 3045 2038 εἶπα
3071 1986 3140 2038 ἐν
3167 1984 3242 2053 τῇ
3269 1983 3548 2039 ἐκστάσει
3582 2003 3712 2055 patr
3751 1986 3862 2051 Πᾶς

2337 2073 2643 2142 ἄνθρωπος
2699 2078 2986 2144 ⁴ψεύστης.
3039 2077 3098 2129 Τί
3143 2076 3538 2131 ἀνταποδώσω
3579 2074 3657 2141 τῷ
3689 2079 3865 2144 Κυρίῳ

2340 2163 2470 2231 περὶ
2500 2163 2736 2217 πάντων
2765 2159 2851 2218 ὧν
2877 2165 3249 2218 ἀνταπέδωκέ
3291 2181 3390 2233 μοι
3415 2181 3433 2226 ;
3472 2164 3734 2234 Συνῆπ-ιαι
3781 2165 3864 2216 καὶ

2335 2256 2506 2308 ταῦτα
2531 2258 2642 2319 τοῖς
2689 2257 2793 2327 πρὸ
2833 2257 3007 2310 αὐτῶν
3047 2260 3104 2310 ἐν
3133 2258 3210 2328 τῷ
3237 2258 3502 2329 Ἐϐραῖκῷ
3550 2259 3861 2328 ἀντιγράφω,

2336 2346 2474 2400 ὥστε
2504 2345 2847 2418 ἀπηρτῆσθαι
2867 2349 2966 2419 τὴν
2999 2349 3056 2402 ἐν
3081 2349 3259 2410 αὐτοῖς
3293 2347 3528 2401 διάνοιαν
3561 2349 3663 2402 τῶν
3684 2350 3863 2420 προλε-

2336 2437 2630 2509 λεγμένων,
2680 2439 2774 2491 καὶ
2818 2435 3149 2509 μέροςεῖναι
3191 2438 3385 2492 αὐτῶν.
3447 2440 3594 2491 Ἐπεὶ
3631 2440 3724 2509 μὲν
3767 2442 3863 2509 γὰρ

2337 2529 2544 2599 εἰρήκει
2576 2546 2590 2560 ο
2641 2529 3054 2598 Ἐπίστρεψον,
3103 2528 3270 2600 ψυχή
3296 2547 3434 2599 μου,
3467 2532 3556 2595 είς
3597 2528 3708 2595 τὴν
3734 2530 3863 2583 ἀνά-

2337 2619 2563 2671 παυσιν
2605 2634 2719 2674 σου
2744 2635 2758 2649 ⁸
2800 2619 2893 2672 καὶ
2937 2619 3133 2672 πάλινη
3169 2618 3564 2687 Εὐαρεστήσω
3628 2617 3863 2672 ἐνώπιον

2336 2706 2551 2774 Κυρίου
2605 2706 2674 2759 ἐν
2729 2705 2888 2776 χώρᾳ
2934 2706 3156 2768 ζώντων
3199 2723 3214 2739 θ
3261 2706 3491 2761 ἐνταῦθα
3559 2707 3616 2760 δὲ
3655 2709 3860 2760 ἐπισυν-

2336 2799 2491 2851 άπτει
2537 2797 2705 2866 λέγων
2735 2815 2750 2828 ο
2799 2799 3190 2862 Ἐπίστευσα,
3233 2799 3322 2852 διὸ
3369 2799 3659 2866 ἐλάλησα.
3723 2795 3861 2852 Εἶναι

2338 2885 2442 2956 γὰρ
2463 2885 2641 2957 χώραν
2663 2885 2873 2952 ζώντων
2894 2889 3081 2958 ἐτέραν
3111 2889 3258 2961 παρά
3281 2887 3370 2941 τὸν
3410 2887 3735 2958 ἀνθρώπινον
3761 2889 3863 2956 βίον

2336 2977 2640 3042 ἐπίστευσα,
2671 2979 2764 3030 καὶ
2803 2972 2940 3032 εῐναι
2979 2977 3076 3048 τῆς
3127 2977 3300 3049 ψυχῆς
3345 2978 3642 3032 ἀνάπαυσιν
3687 2980 3862 3049 ἑτέραν

2334 3069 2482 3138 παρά
2533 3067 2630 3137 τὴν
2679 3068 2770 3122 ἐπὶ
2831 3068 2932 3139 γῆς
2991 3066 3293 3138 διατριϐήνο
3351 3067 3735 3131 Ἐπίστευσα,
3781 3068 3863 3120 διὸ

699 3174 876 3227 nimis.
904 3169 1012 3241 Ego
1043 3177 1212 3223 autem
1235 3167 1346 3221 dixi
1383 3168 1437 3222 in
1469 3182 1677 3221 excessu
1705 3182 1850 3221 meo:
1881 3166 2062 3222 Omnis
2083 3168 2234 3221 homo

2333 3157 2621 3225 ἐλάλησα,
2657 3156 2771 3227 ἐγὼ
2795 3156 2863 3210 δὲ
2916 3156 3308 3226 ἐταπεινώθην
3343 3157 3590 3226 σφόδρα.
3616 3156 3764 3225 ’Ἐγὼ
3802 3157 3863 3211 δὲ

698 3262 940 3316 mendax.
968 3257 1331 3326 Memetipsum
1353 3255 1649 3321 humiliavi,
1667 3264 1720 3310 et
1740 3254 2023 3310 admodum
2042 3255 2231 3310 afﬂixi:

698 3352 771 3405 ita
824 3352 966 3404 enim
1017 3349 1399 3418 interpretatus
1460 3344 1814 3418 Symmachus
1855 3356 1958 3410 est,
2010 3347 2230 3402 dicens:

702 3442 933 3512 Aﬁlictus
962 3456 1076 3494 sum
1107 3429 1273 3493 valde.
1315 3435 1372 3492 Id
1395 3451 1524 3492 vero
1550 3437 1797 3508 praestiti,
1831 3436 1973 3507 quod
2016 3437 2231 3499 scirem,

697 3545 908 3586 omnem
951 3529 1219 3583 hominem
1251 3542 1374 3584 esse
1403 3526 1713 3584 mendacem
1747 3545 1761 3582 :
1792 3540 1960 3597 quare
2011 3533 2231 3586 conten:

696 3625 829 3679 dens
883 3637 948 3677 ac
987 3620 1400 3678 sollicitudinem
1441 3635 1652 3692 gerens,
1697 3635 1784 3682 ne,
1819 3629 2001 3691 utpote
2052 3622 2228 3683 Ιιοιιιο,

695 3716 832 3771 falso
857 3714 924 3770 de
946 3729 1030 3769 me
1059 3713 1197 3775 hanc
1221 3713 1536 3768 sententiam
1559 3710 1871 3782 protulerint
1895 3725 1908 3761 :
1935 3709 2155 3764 Plaeebo
2178 3711 2232 3764 in

695 3815 964 3873 conspectu
996 3803 1206 3858 Domini
1233 3804 1285 3856 in
1317 3804 1516 3873 regione
1534 3803 1826 3856 viventium.
1848 3799 1971 3856 Ideo
1999 3815 2120 3856 cum
2147 3801 2230 3856 fu-

697 3905 828 3948 tura:
857 3895 976 3948 vitae
1005 3901 1058 3948 et
1088 3895 1281 3948 anima:
1313 3893 1538 3964 requiei,
1568 3907 1778 3948 necnon
1806 3893 2010 3964 regioni
2041 3895 2226 3946 viven-

694 3987 826 4038 tium
861 3983 1012 4038 ﬁdem
1045 3984 1263 4037 habeam
1283 4023 1298 4048 ,
1327 3993 1381 4037 et
1425 3986 1537 4039 hac
1569 3985 1780 4040 locutus
1813 3985 1912 4039 sim
1944 3983 2068 4054 quia
2107 4000 2225 4038 cre-

692 4075 883 4134 debam
903 4115 919 4140 ,
945 4090 1011 4128 ne
1040 4088 1069 4127 a
1101 4074 1456 4144 promissione
1489 4074 1658 4138 labar,
1690 4089 1788 4129 nec
1811 4090 1904 4145 spe
1937 4074 2227 4130 frustratus

693 4165 940 4228 evadam,
961 4163 1330 4232 memetipsum
1365 4163 1514 4219 valde
1539 4163 1832 4218 bumiliavi.
1868 4183 1872 4187 ’

2333 3243 2467 3300 εἶπα
2486 3249 2555 3300 ἐν
2575 3247 2649 3316 τῇ
2666 3248 2944 3302 ἐκστάσει
2959 3267 3075 3318 μου
3093 3266 3107 3279 ·
3125 3247 3250 3315 Πᾶς
3270 3249 3568 3317 ἄνθρωπος
3587 3249 3858 3315 ψεύστης.

2345 3337 2706 3390 Ἕταπείνωσα
2750 3339 3000 3408 ἐμαυτὸν,
3049 3338 3142 3391 καὶ
3168 3339 3368 3408 σφόδρα
3409 3340 3657 3392 ἐκάκωσα
3686 3353 3702 3370 ·
3733 3337 3861 3390 οὕτω

2331 3429 2438 3500 γάρ
2489 3429 2823 3500 ήρμήνευσεν
2880 3430 2909 3483 ὁ
2966 3429 3254 3500 Σύμμαχος
3299 3428 3502 3482 εἰπὼν*
3543 3431 3860 3494 Ἐκακώθην

2330 3518 2579 3589 σφόδραι
2613 3518 2780 3573 Τοῦτο
2822 3518 2878 3572 δὲ
2926 3519 3170 3590 ἐποίησα,
3222 3520 3514 3591 ἐπειδήπερ
3541 3520 3855 3591 ἠπιστάμην.

2329 3612 2410 3662 ὁτι
2457 3612 2563 3673 πᾶς
2613 3609 2893 3680 ἄνθρωπος
2938 3611 3212 3681 ιὶιεύςι-ιὟις⁹
3245 3611 3430 3682 διόπερ
3484 3611 3726 3679 ἀγωνιῶν
3774 3613 3858 3664 καὶ

2329 3696 2639 3769 φροντίζων,
2693 3700 2767 3768 μὴ
2817 3697 2921 3768 ἄρα
2955 3701 3046 3752 καί
3091 3701 3277 3763 αὐτὸς,
3304 3700 3377 3764 ὼς
3427 3700 3702 3772 ἄνθρωπος
3733 3703 3854 3754 ἀπο-

2328 3789 2629 3859 φηνάμενος
2677 3789 2803 3860 περὶ
2835 3789 3067 3859 ἐμαυτοῦ
3099 3789 3190 3842 καὶ
3230 3789 3393 3854 εἰπὼν
3426 3809 3441 3821 ο
3468 3791 3856 3859 Εὑαρεστήσω

2327 3877 2576 3933 ἐνώπιον
2599 3879 2817 3948 Κυρίου
2847 3880 2916 3933 ἐν
2949 3877 3108 3948 χώρᾳ
3150 3878 3390 3945 ζώντων,
3426 3879 3724 3950 ψεύσωμαιι
3749 3884 3855 3936 τού-

2327 3987 2416 4023 του
2443 3970 2596 4041 χάριν
2629 3968 2919 4034 πιστεύσας
2964 3973 3029 4040 τῇ
3085 3967 3346 4041 μελλούσῃ
3395 3968 3503 4039 ζωῇ
3533 3971 3626 4021 καὶ
3666 3973 3737 4040 τῇ
3769 3974 3855 4039 τῆς

2323 4062 2494 4134 ψυχῆς
2521 4062 2836 4126 ἀναπαύσει,
2866 4064 2958 4116 καὶ
2989 4064 3053 4134 τῇ
3081 4060 3232 4133 χώρᾳ
3267 4061 3374 4113 τῶν
3403 4060 3632 4125 ζώντων,
3665 4062 3758 4115 καὶ
3780 4063 3854 4112 διὰ

2323 4152 2414 4205 τοῦ
2467 4153 2748 4207 πιστεῦσαι
2797 4153 3023 4225 λαλήσας
3078 4153 3248 4206 ταῦτα
3300 4151 3465 4217 αὐτὰ,
3523 4153 3609 4205 ἴνα
3660 4154 3854 4223 μήποτε

2301 4241 2537 4296 ’ἐκπέσω
2576 4243 2676 4314 τῆς
2720 4244 3062 4314 ἐπαγγελίας,
3101 4246 3191 4297 καὶ
3242 4243 3456 4314 ψευσθῶ
3496 4245 3593 4315 τῆς
3632 4244 3854 4306 ἐλπίδος,

2321 4333 2650 4387 ἐταπείνωσα
2703 4335 2931 4404 ἐμαυτὸν
2965 4334 3180 4404 σφόδρα.

762 4421 870 4493 Ego
897 4432 1066 4475 autem
1087 4422 1198 4475 dixi
1235 4423 1288 4474 in
1309 4437 1514 4475 excessu
1535 4437 1675 4475 meo:
1695 4421 1874 4476 Omnis
1912 4423 2062 4479 homo
2082 4443 2224 4480 men-

2402 4425 2538 4492 Ἐγὼ
2583 4425 2651 4477 δὲ
2696 4422 2831 4479 cina
2875 4426 2943 4478 ὲν
2977 4425 3052 4492 τῇ
3077 4425 3376 4478 ’ἐκστάσει
3410 4441 3570 4494 μου,’
3597 4423 3730 4490 -Πᾶς
3761 4425 3854 4477 ἇν-

692 4515 815 4567 άαω.
835 4513 965 4567 Nam
984 4513 1263 4568 ratiocinia
1286 4513 1560 4566 hominum
1578 4513 1922 4580 miserabilia,
1938 4524 1989 4568 et
2012 4515 2225 4573 fallaces

2333 4518 2549 4582 θρωπος
2581 4515 2864 4582 ψεύστης.
2915 4517 3173 4585 Λογισμοὶ
3208 4515 3315 4586 γὰρ
3343 4515 3637 4585 ἀνθρώπων
3679 4517 3850 4576 δειλοὶ,

691 4606 1042 4676 cogitationes
1095 4611 1292 4659 nostra:
1342 4610 1503 4669 sunt;
1567 4603 1831 4674 siquidem
1882 4607 2227 4674 corruptibile

2333 4605 2420 4658 καὶ
2440 4605 2752 4674 ἐπισφαλεῖς
2779 4606 2836 4681 αἱ
2861 4606 3086 4659 ἐπίνοιαι
3111 4591 3285 4674 ἡμῶν.
3311 4605 3546 4674 Φθαρτδν
3578 4605 3685 4675 γὰρ
3707 4605 3852 4676 σῶμα

692 4711 888 4766 corpus
935 4703 1185 4765 aggravat
1236 4695 1488 4758 animam,
1522 4702 1577 4749 et
1604 4706 1872 4750 terrenum
1907 4695 2227 4752 tabernacu-

692 4791 802 4843 lum
853 4795 1082 4842 mentem
1121 4785 1267 4840 curis
1300 4799 1509 4856 gravem
1537 4797 1761 4841 onerat:
1793 4786 1988 4856 vixque
2013 4795 2224 4843 terrena

691 4880 993 4947 conjectare
1043 4891 1344 4946 possumus,
1387 4889 1449 4930 ac
1503 4893 1621 4947 qua:
1665 4893 1774 4949 pra:
1818 4880 2069 4934 manibus
2102 4888 2225 4934 sunt

691 4988 812 5025 cum
862 4972 1043 5025 labore
1071 4967 1537 5040 deprehendimus.
1567 4969 1816 5027 C(elestia
1837 4987 1964 5027 vero
1991 4973 2110 5042 quis
2142 4974 2225 5028 in-

691 5060 1006 5130 vestigavit?
1030 5064 1276 5114 Attamen
1302 5073 1401 5129 ego
1420 5073 1527 5113 non
1550 5066 1609 5112 ut
1638 5061 1796 5115 homo
1825 5063 2040 5117 locutus
2069 5078 2220 5130 sum;

691 5151 824 5203 alias
855 5150 995 5203 enim
1021 5139 1283 5205 mentitus
1314 5163 1486 5204 essem
1521 5169 1532 5202 :
1568 5150 1659 5205 sed
1687 5149 1779 5207 Dei
1806 5151 1986 5208 verbis
2011 5168 2074 5208 ac
2107 5154 2224 5223 pol-

691 5241 1072 5296 licitationibus
1092 5241 1313 5300 credidi.

770 5330 921 5385 Vens.
941 5330 1026 5385 Π.
1048 5314 1182 5395 Quid
1205 5329 1481 5384 retribuam
1512 5329 1730 5382 Domino
1751 5345 1840 5396 pro
1857 5330 2088 5384 omnibus
2109 5349 2222 5403 qua:

688 5422 926 5474 retribuit
971 5419 1132 5474 mihi?
1166 5419 1388 5474 Calicem
1435 5420 1685 5474 salutaris
1726 5421 1996 5487 accipiam,
2029 5431 2078 5474 et
2126 5438 2219 5473 no-

691 5529 805 5566 men
865 5510 1072 5563 Domini
1125 5511 1385 5565 invocabo.
1434 5510 1564 5564 Vota
1603 5526 1715 5562 mea
1758 5508 1978 5566 Domino
2009 5512 2220 5566 reddam

689 5619 866 5655 coram
895 5603 1032 5654 omni
1067 5602 1250 5669 populo
1288 5603 1398 5670 ejus
1426 5619 1442 5655 :
1473 5607 1698 5668 pretiosa
1721 5606 1774 5656 in
1807 5616 2077 5672 conspectu
2116 5603 2216 5656 Do.

691 5694 818 5746 mini
878 5709 1011 5744 mors
1065 5702 1357 5746 sanctorum
1409 5696 1538 5763 ejus.
1575 5694 1617 5749 Ο
1649 5695 1883 5758 Domine,
1925 5714 2014 5766 ego
2045 5713 2216 5749 servus

690 5793 828 5847 tuus,
855 5799 942 5853 ego
981 5799 1152 5837 servus
1176 5795 1290 5838 tuus
1320 5793 1366 5838 et
1405 5786 1544 5854 ﬁlius
1575 5789 1778 5842 ancilla;
1810 5798 1928 5844 tute.
1958 5787 2214 5854 Dirupisti

2328 4696 2544 4768 βαρύνει
2585 4696 2778 4768 ψυχήν,
2816 4698 2907 4750 καὶ
2948 4695 3116 4765 βρίθει
3161 4697 3222 4747 τὸ
3258 4695 3456 4764 γεῶδες
3502 4696 3693 4767 σκῆνος
3741 4697 3850 4749 νοῦν

2327 4788 2708 4859 πολυφρόντιδα
2743 4805 2756 4819 ·
2789 4788 2881 4841 καὶ
2914 4789 3061 4857 μόλις
3085 4785 3366 4857 εἰκάζομεν
3395 4786 3580 4841 τάἐπὶ
3607 4786 3706 4857 τῆς
3737 4792 3848 4858 γῆς.

2325 4879 2416 4931 καὶ
2454 4881 2519 4933 τά
2550 4881 2606 4932 ἐν
2639 4881 2822 4954 χερσιν
2858 4880 3176 4950 εὑρίσκομεν
3227 4878 3360 4950 μετά
3403 4879 3582 4933 πόνου.
3612 4879 3693 4932 Τὰ
3726 4879 3769 4933 δ’
3803 4883 3850 4931 ἐν

2322 4969 2564 5038 οὐρανοῖς
2581 4970 2659 5032 τίς
2684 4968 3006 5038 ἐξιχνίασεν;
3037 4970 3221 5039 Ὅμως
3232 4967 3341 5036 ἐγὼ
3353 4968 3446 5038 οὐχ
3474 4969 3551 5032 ὡς
3579 4967 3849 5038 ἄνθρωπος

2323 5057 2552 5128 ἐλάλησα
2582 5073 2594 5086 ·
2625 5057 2658 5126 ἢ
2691 5057 2797 5127 γὰρ
2829 5057 2895 5110 ἂν
2921 5059 3013 5111 καὶ
3040 5058 3348 5128 ἐψευσάμην
3377 5074 3407 5107 ’ν
3426 5057 3538 5110 ἀλλ’
3567 5057 3848 5111 ἐπίστευσα

2322 5151 2428 5212 τοῖς
2476 5148 2564 5202 τοῦ
2614 5147 2747 5202 Θεοῦ
2796 5147 2999 5218 λόγοις,
3046 5149 3138 5202 καὶ
3192 5152 3311 5210 ταῖς
3363 5148 3455 5202 τοῦ
3503 5147 3632 5200 Θεοῦ
3684 5151 3846 5215 ἐπαγ-

2321 5223 2543 5306 γελίαις.
3561 5253 3564 5255 ‘

2394 5331 2454 5383 Τί
2476 5327 2866 5383 ἀνταποδώσω
2893 5328 2972 5393 τῷ
2993 5329 3182 5398 Κυρίῳ
3195 5329 3324 5398 περὶ
3354 5328 3592 5382 πάντων
3609 5325 3696 5383 ὠν
3713 5334 3844 5382 dn-

2318 5421 2578 5475 απέδωκέ
2586 5439 2712 5491 μοι;
2733 5421 3014 5488 Ποτήριον
3033 5421 3134 5474 τοῦ
3145 5423 3434 5491 σωτηρίου
3453 5421 3734 5489 λήψομαι,
3750 5423 3840 5473 καὶ

2317 5515 2380 5566 τὸ
2412 5514 2591 5582 ὄνομα
2625 5514 2840 5581 Κυρίου
2878 5512 3314 5583 ἐπικαλέσομαι.
3374 5512 3483 5578 Τὰς
3527 5511 3711 5582 εὐχάς
3727 5528 3841 5580 μου

2317 5603 2392 5668 τῷ
2420 5605 2610 5672 Κυρίῳ
2657 5602 2942 5657 ἀποδώσω
2984 5603 3254 5658 ἐναντίον
3301 5604 3521 5669 παντὸς
3553 5602 3658 5656 τοῦ
3699 5599 3839 5655 λαοῦ

2315 5696 2495 5749 αὑτοῦ
2521 5712 2535 5725 ο
2562 5696 2746 5763 τίμιος
2780 5695 3049 5747 ἐναντίον
3098 5698 3314 5764 Κυρίου
3361 5699 3394 5749 ὀ
3437 5693 3687 5758 θάνατος
3734 5690 3839 5743 τῶν

2314 5787 2489 5842 ὁσίων
2524 5786 2724 5843 αὐτοῦ.
2758 5782 2824 5840 Ὦ
2863 5787 3053 5856 Κύριε,
3073 5789 3209 5862 (ἐγὼ
3233 5793 3265 5847 d
3290 5788 3506 5852 δοῦλος
3555 5788 3687 5849 σος,
3735 5778 3838 5854 ea
