3994 6354
150 494 270 566 laet

1265 500 1762 573 COHIENTABIA
1798 498 1864 554 IN
1898 499 2227 556 PSALMOS.

3165 495 3294 551 1363

146 621 354 687 δοῦλος
383 619 488 685 σὸς
548 619 644 673 καί
680 597 808 684 υἰός
840 616 950 687 τῆς
992 580 1312 685 παιδίσκης
1341 631 1478 671 σου.
1518 615 1673 683 Διέῤ-

1780 611 1976 667 nincula
2005 629 2137 666 mea.
2170 611 2238 666 Se
2268 611 2429 666 lilium
2473 610 2676 666 ancilla
2709 608 2856 672 dicit,
2885 607 3087 664 scilicet
3116 602 3299 659 Eccle-

137 711 321 780 ρηεας
363 710 500 776 τοὺς
537 710 790 778 δεσμσύς
814 727 952 778 μου.
1013 710 1136 763 Υἰδν
1185 710 1467 780 παιδίσκης
1511 708 1670 779 φησὶν

145 801 346 865 ἑαυτὸν,
383 802 480 871 τῆς
523 800 848 870 Ἐκκλησίας.
875 799 1110 871 Δεσμοὺς
1149 800 1203 853 δὲ
1232 795 1310 863 οἷς
1339 802 1541 872 σειραῖς
1567 797 1671 853 τῶν

144 889 328 962 ἑαυτοῦ
368 890 769 960 ἁμαρτημάτων
823 890 1224 958 κατεσφίγγετο.
1272 889 1672 960 Ἐλευθερωθεὶς

143 979 197 1031 δὲ
233 978 331 1049 τῆς
363 980 644 1049 ἁμαρτίας,
685 980 773 1032 καὶ
804 980 915 1041 υἱὸς
941 979 1037 1049 τῆς
1076 981 1171 1048 σῆς
1215 979 1498 1049 παιδίσκης
1535 978 1674 1046 γινό-

147 1079 297 1138 μενος
322 1072 419 1139 τῆς
454 1068 790 1140 Ἐκκλησίας,
822 1068 926 1123 τῶν
967 1067 1240 1138 προτέρων
1281 1068 1472 1139 ἀνέθην
1499 1071 1673 1139 ἁμαρ-

143 1160 390 1232 τημάτων
427 1158 514 1213 διὰ
564 1154 662 1229 τῆς
713 1159 811 1230 σῆς
841 1159 1074 1231 χάριτος.
1134 1160 1232 1212 Σοί
1270 1160 1429 1213 θύσω
1463 1160 1676 1214 θυσίαν

143 1250 438 1316 αἰνέσεως,
471 1252 568 1306 καὶ
595 1251 664 1305 ἐν
707 1251 944 1320 ὀνόματι
979 1251 1195 1319 Κυρίου
1235 1249 1671 1319 ἐπικαλέσομαι.
1702 1267 1704 1271 ·

150 1341 253 1406 Τὰς
276 1340 459 1410 εὐχάς
481 1360 598 1411 μου
623 1341 699 1406 τῷ
725 1345 914 1412 Κυρίῳ
933 1342 1216 1397 ἀποδώσω
1244 1341 1518 1396 ἐναντίον
1534 1355 1679 1397 παν-

144 1431 240 1497 τὸς
284 1431 393 1485 τοῦ
427 1433 577 1487 λαοῦ
616 1433 819 1498 αὐτοῦ,
866 1435 934 1487 ἐν
981 1434 1191 1500 αὐλαῖς
1224 1435 1389 1488 οἴκου
1438 1433 1676 1501 Κυρίου,

141 1520 208 1573 ὲν
230 1520 398 1590 μέσῳ
424 1536 558 1586 σου,
573 1513 980 1590 Ἰερουσαλήμ.
1012 1523 1293 1593 Προκοπὴν
1326 1521 1572 1592 σημαίνει
1603 1522 1680 1591 τῷ

142 1611 309 1664 ταῦτα
364 1610 592 1680 λέγοντι,
625 1614 765 1683 φημὶ
791 1613 848 1665 δὲ
892 1611 969 1682 τῷ
1005 1612 1063 1676 ἐξ
1093 1612 1256 1683 ἐθνῶν
1287 1612 1415 1682 λαῷ.
1439 1612 1482 1664 Τ
1483 1611 1528 1682 ᾧ
1554 1612 1676 1685 γὰρΞ

144 1699 240 1756 Σοί
273 1700 436 1755 θύσω
463 1701 679 1756 θυσίαν
708 1700 1008 1768 αἰνέσεως,
1046 1701 1140 1755 τοῦ
1172 1701 1413 1772 σώματος
1448 1703 1540 1755 καὶ
1589 1689 1680 1754 τοῦ

143 1791 386 1862 αἵματος,
414 1792 562 1859 φησὶ,
588 1789 975 1861 μεταλήψομαι,
999 1790 1092 1842 καὶ
1125 1790 1182 1841 ὲν
1204 1792 1267 1860 τῇ
1291 1788 1490 1842 τούτων
1524 1806 1700 1861 μετα-⁸

144 1877 298 1948 λήψει
341 1877 399 1931 τὺ
450 1876 618 1948 ὅνομά
662 1894 752 1931 σου
791 1877 1198 1950 ἐπικαλέσομαι,
1252 1878 1343 1930 καὶ
1385 1878 1479 1940 τὰς
1522 1879 1680 1946 εὐχα-

1769 703 1879 758 εἰω.
1903 700 2127 756 Vincula
2158 715 2284 757 vero
2311 707 2482 763 erant,
2517 699 2713 769 quibus
2740 711 2836 751 ceu
2877 693 3088 749 catenis
3110 704 3298 761 pecca-

1769 803 1942 848 torum
1995 807 2216 849 suorum
2243 791 2727 859 constringebatur.
2749 785 3028 840 Liberatus
3063 786 3235 837 autem
3265 794 3298 834 a

1768 890 2005 954 peccato,
2027 897 2087 937 ac
2110 883 2250 936 lilius
2279 879 2483 934 ancilla:
2506 888 2626 946 tute,
2652 877 2900 933 Ecclesia:
2919 874 3145 936 scilicet,
3173 869 3298 926 οσο-

1769 982 1911 1038 ctus,
1943 974 2111 1044 gratia
2141 981 2231 1026 tua
2269 987 2298 1025 a
2332 970 2570 1041 pristinis
2607 968 2839 1040 peccatis
2879 965 3012 1020 liber
3038 962 3204 1019 evasi.
3229 989 3300 1002 —

1773 1064 1933 1119 Vens.
1977 1064 2065 1128 l8,
2097 1063 2183 1118 i9.
2228 1061 2342 1116 Tibi
2390 1062 2694 1127 sacriﬁcabo
2749 1059 2968 1112 hostiam
3029 1054 3220 1117 laudis,
3249 1059 3300 1106 et

1771 1171 1952 1210 nomen
1987 1137 2190 1209 Domini
2214 1153 2475 1208 invocabo.
2515 1151 2643 1204 Vota
2685 1167 2797 1204 mea
2849 1149 3058 1202 Domino
3085 1143 3300 1198 reddam

1772 1248 1825 1299 in
1853 1255 2123 1315 conspectu
2163 1245 2328 1297 omnis
2369 1242 2542 1310 populi
2569 1241 2702 1308 ejus,
2728 1242 2782 1291 in
2809 1239 2955 1291 atriis
2976 1237 3156 1288 domus
3189 1234 3298 1290 Do-

1774 1336 1923 1399 mini,
1963 1334 2018 1387 in
2051 1333 2218 1386 medio
2256 1334 2350 1396 tui,
2383 1331 2692 1385 Jerusalem.
2732 1323 3033 1383 Proiectum
3061 1327 3176 1392 ejus
3205 1325 3299 1395 qui

1774 1424 1901 1477 talia
1930 1423 2062 1477 dicit
2096 1421 2381 1491 significat,
2408 1422 2458 1474 id
2489 1431 2590 1486 eat,
2623 1419 2802 1488 populi
2825 1434 2886 1472 ex
2912 1419 3173 1484 gentibus.
3197 1413 3300 1469 Per

1777 1510 1909 1564 illud
1932 1509 2072 1562 enim
2109 1530 2119 1562 :
2150 1508 2264 1562 Tibi
2295 1510 2601 1574 sacriﬁcabo
2632 1507 2854 1579 hostiam
2880 1505 3070 1566 laudis,
3091 1503 3298 1570 corpori

1776 1607 1830 1654 et
1879 1597 2126 1668 sanguini
2179 1597 2605 1661 communicabo,
2640 1598 2735 1660 ait,
2765 1603 2816 1650 et
2861 1595 2914 1648 in
2944 1595 3131 1648 borum
3162 1607 3302 1646 com-

1779 1689 2030 1743 munione
2057 1703 2248 1743 nomen
2281 1696 2429 1742 tuum
2461 1687 2736 1750 invocabo,
2771 1701 2834 1739 ac
2867 1693 2986 1739 vota
3014 1685 3302 1758 gratiarum

1781 1781 2006 1837 actionis
2045 1780 2140 1834 tibi
2165 1779 2388 1845 Domino
2417 1779 2562 1833 intus
2585 1779 2637 1831 in
2662 1778 2833 1830 medio
2855 1789 2991 1830 verae
3011 1773 3301 1828 Jerusalem

1781 1879 1832 1924 et
1863 1871 1917 1923 in
1941 1877 2229 1940 conspectu
2260 1869 2437 1923 omnis
2464 1867 2639 1937 populi
2676 1867 2912 1929 reddam,
2947 1879 3153 1920 necnon
3182 1875 3304 1932 pro-

149 1943 452 2038 pt'G'TﬂpiOUC
490 1943 652 2037 εδχάς
701 1983 780 2019 σοι
821 1965 898 2035 τῷ
922 1943 1118 2036 Κυρίω
1148 1965 1403 2020 ἀποδώσω
1442 1943 1681 2019 ἔνδον-’ὲν

1786 1960 2085 2024 missiones,
2111 1974 2246 2029 quas
2278 1956 2562 2026 aliquando
2591 1956 2836 2011 feceram.

148 2057 292 2127 μέσῳ
317 2058 418 2127 τῆς
442 2056 666 2126 ἀληθοῦς
703 2056 1066 2128 Ἰερουσαλὴμ,
1099 2057 1192 2110 καὶ
1222 2056 1456 2109 ἐναντίον
1488 2058 1683 2120 παντὸς

145 2144 234 2198 τοῦ
255 2143 407 2210 λαοῦ,
450 2144 543 2198 καὶ
569 2143 1027 2237 τὰςνὲπαγέελίας
1060 2144 1123 2208 ἃς
1159 2161 1285 2197 ποτε
1330 2145 1678 2214 ἐποιησάμην.
1727 2193 1771 2232 ⁴

606 2253 1016 2307 ΚΛΛΗΔΟΥΙΑ.
1063 2254 1223 2320 Ριςο.

211 2341 436 2396 Αἰνεῖτε
477 2343 584 2397 τὸν
615 2343 848 2411 Κύριον,
896 2343 1105 2397 πάντα
1133 2345 1210 2423 ,τὰ
1245 2343 1409 2410 eam,
1453 2342 1683 2396 ἔπαθέ·
1753 2400 1756 2404 ,

147 2440 290 2498 dare
315 2430 518 2496 αὑτὸν,
573 2431 791 2498 πάντες
821 2436 872 2486 οἰ
899 2434 1032 2486 λαοί
1056 2450 1069 2464 ·
1095 2432 1182 2494 ὅτι
1226 2431 1577 2500 ἐκραταιὼθη
1620 2435 1683 2485 τὸ

147 2520 315 2587 ἕλεος
351 2522 532 2576 αὐτοῦ
584 2523 676 2591 ἐφ’
704 2520 879 2592 ἡμᾶς,
920 2509 1017 2576 καὶ
1073 2524 1111 2590 ἠ
1144 2520 1388 2587 ἀλήθεια
1429 2522 1532 2575 τοῦ
1567 2526 1683 2576 Κυσ

140 2613 273 2680 ρίου
292 2610 458 2681 μένει
487 2612 699 2676 signa}?
731 2609 932 2665 αἰῶνα.
966 2611 1328 2665 Ἀνακαλεῖται
1356 2611 1530 2664 τοίνυν
1548 2613 1576 2665 ό
1602 2611 1685 2665 λόο

147 2718 237 2769 γος
269 2704 362 2754 ἐπὶ
404 2701 492 2755 τὸν
518 2700 680 2772 ὕμνον
711 2701 803 2755 τοῦ
841 2700 974 2755 Θεοῦ
1007 2701 1181 2756 πάντα
1207 2693 1554 2774 τὰαλλογενῆ
1597 2707 1686 2757 καὶ

148 2790 411 2860 ἀλλόφυλα
442 2789 568 2861 ἔθνη
602 2807 618 2821 ⁸
652 2786 772 2845 εἶτα·
794 2777 1201 2856 ἀποδιαστείλας
1232 2793 1336 2846 τῶν
1367 2793 1533 2846 ἐθνῶν
1561 2794 1684 2857 τοὺς

148 2881 308 2944 λαοὺς
361 2882 595 2950 ἐπιλέγει
626 2899 642 2915 ο
679 2883 1195 2938 Ἐπαινεσάτωσαν
1236 2885 1420 2939 αὐτὸν
1470 2886 1686 2951 πάντες

150 2975 202 3044 οί
230 2971 388 3026 λαοί.
409 2972 635 3043 Νοήσεις
665 2972 720 3026 δὲ
743 2973 843 3044 τὴν,
861 2973 1116 3043 διαφορὰν
1142 2976 1433 3046 ἐπιστήσας
1460 2956 1525 3044 τῇ
1559 2992 1688 3045 προ.

151 3061 347 3131 φητείᾳ
384 3063 448 3131 τῇ
501 3062 726 3133 λεγούσῃ
773 3060 922 3133 παρὰ
969 3061 1044 3131 τῷ
1089 3064 1355 3133 Ζαχαρία·
1388 3064 1559 3129 Kaipe
1589 3063 1685 3117 καί

2155 2308 2167 2320 ,
2262 2237 2612 2293 ALLELUIA.
2651 2234 2830 2291 CXVI.

1852 2330 2013 2387 Vsus.
2043 2333 2092 2395 l,
2118 2330 2170 2383 2.
2193 2329 2425 2384 Laudate
2455 2330 2750 2394 Dominum,
2779 2341 2949 2380 omnes
2973 2333 3162 2393 gentes,
3191 2326 3306 2375 lau-

1781 2422 1900 2476 date
1917 2439 2054 2487 eum,
2075 2439 2245 2476 omnes
2263 2422 2435 2490 populi
2449 2421 2717 2491 :quoniam
2737 2417 3045 2485 conﬁrmata
3068 2424 3140 2468 est
3158 2428 3307 2481 super

1783 2529 1873 2566 nos
1926 2511 2435 2580 misericordia‘ejus,
2479 2521 2527 2565 et
2572 2511 2757 2564 veritas
2808 2507 3013 2560 Domini
3046 2513 3212 2556 manet
3251 2504 3309 2555 in

1783 2613 2048 2658 wternum.
2075 2602 2173 2657 Hic
2202 2603 2381 2671 itaque
2410 2615 2586 2656 sermo
2615 2607 2798 2669 gentes
2832 2610 3016 2650 omnes
3059 2593 3309 2661 alienige-

1783 2710 1882 2750 nas
1908 2702 1960 2756 et
1989 2694 2294 2764 peregrinas
2321 2692 2385 2745 ad
2418 2692 2623 2745 laudem
2652 2688 2745 2742 Dei
2784 2691 3069 2759 provocat;
3098 2683 3312 2737 deinde-

1784 2801 1886 2857 que
1936 2801 1965 2838 a
2008 2784 2252 2854 gentibus
2293 2782 2516 2852 populos
2544 2779 2878 2848 distinguens
2921 2775 2996 2829 ait
3031 2793 3043 2828 :
3077 2773 3309 2825 Laudent

1784 2893 1897 2946 eum
1941 2890 2114 2929 omnes
2151 2873 2347 2942 populi.
2390 2870 2684 2925 Discrimen
2729 2876 2902 2921 autem
2941 2864 3233 2930 intelliges.
3263 2863 3309 2914 si

1786 2965 2074 3022 attenderis
2096 2962 2383 3032 prophetia:
2399 2960 2534 3029 apud
2554 2956 2862 3012 Zachariam
2880 2952 3079 3008 dicenti
3100 2970 3111 3004 :
3133 2949 3310 3026 Gaude

1784 3070 1831 3113 et
1873 3055 2096 3119 exsulta,
2129 3055 2240 3122 ﬁlia
2271 3053 2395 3107 Sion
2417 3069 2431 3105 :
2453 3068 2564 3104 ecce
2602 3066 2692 3119 ego
2731 3047 2872 3102 venio
2910 3054 2955 3097 et
2989 3039 3227 3095 habitabo
3256 3041 3310 3091 in

149 3127 490 3219 εύφραίνου,
510 3127 754 3220 θύγατερ
781 3127 929 3206 Σιῶν
952 3168 966 3182 ⁸
998 3127 1122 3205 loco
1300 3127 1547 3226 ἔρχομαι
1590 3153 1685 3206 καί

1788 3145 1951 3201 medio
1979 3145 2075 3208 tui,
2117 3136 2241 3196 dicit
2271 3141 2540 3195 Dominus.
2574 3138 2639 3190 Et
2670 3135 2957 3203 confugient
2982 3138 3149 3201 gentes
3175 3127 3310 3180 mul—

157 3217 599 3308 tsaraaxnrtba'w-
617 3241 684 3293 ἐν
714 3217 880 3308 μέσῳ
921 3257 1056 3306 σου,
1111 3217 1268 3308 νῑέτλει
1578 3243 1688 3296 Καὶ

1789 3247 1852 3291 tae
1876 3236 1944 3288 ad
1976 3234 2267 3297 Dominum,
2289 3243 2335 3286 et
2359 3241 2504 3285 erant
2525 3232 2570 3283 ei
2587 3230 2638 3282 in
2653 3226 2914 3296 populum,
2941 3232 2989 3277 et
3016 3238 3106 3291 ego
3128 3236 3212 3273 ero
3234 3217 3306 3272 eis

153 3329 613 3399 ·ιαταφεύξονται
653 3329 792 3398 ἔθνη
826 3331 1022 3385 πολλὰ
1051 3331 1146 3385 ἐπὶ
1173 3332 1278 3385 τὸν
1312 3308 1546 3400 Κύριον,
1587 3315 1685 3387 καὶ

1787 3329 1841 3381 in
1891 3326 2101 3380 Deum'.
2136 3325 2379 3390 Quandiu
2440 3323 2578 3376 enim
2629 3324 2813 3388 gentes
2864 3323 3034 3373 erant,
3069 3308 3309 3364 nondum

155 3419 394 3474 ,ἔσονται
423 3418 580 3483 αὐτῷ
610 3422 693 3486 εἰς
719 3420 887 3486 λαὸν,
914 3421 1072 3490 κάγὼ
1106 3421 1315 3489 ἔσομαι
1367 3421 1568 3488 αὐτοῖς
1601 3424 1686 3487 εἰς

1787 3422 1938 3471 erant
1983 3413 2208 3484 populus
2235 3413 2384 3480 ejus;
2414 3426 2442 3463 a
2473 3408 2636 3478 priori
2669 3414 2846 3458 autem
2879 3403 2987 3454 vita
3017 3411 3307 3461 conversae,

158 3509 322 3562 Θεόν.
382 3509 527 3571 Τέως
561 3510 655 3578 μὲν
692 3509 798 3580 γὰρ
834 3511 958 3580 ἔθνη
987 3510 1334 3579 τυγχάνοντα,
1389 3510 1538 3565 οὔπω
1563 3513 1688 3576 λαὸς

154 3594 220 3669 ἦν
263 3595 446 3659 αὐτοῦ,
484 3597 843 3666 μεταϐαλόντα
874 3598 929 3649 δὲ
979 3597 1071 3651 τοῦ
1106 3597 1364 3669 προτέρου
1417 3598 1549 3668 βίου,
1596 3602 1688 3654 καὶ

156 3685 490 3756 μετασχόντα
537 3685 644 3738 τῶν
692 3685 783 3738 τοῦ
845 3685 976 3738 Θεοῦ
1021 3686 1324 3758 μυστηρίων
1363 3686 1431 3747 διῒ
1468 3687 1690 3755 ἀναγεν-

154 3777 362 3846 νήσεως
389 3777 488 3828 καὶ
513 3774 732 3846 λουτροῦ
767 3776 1211 3845 παλιγγενεσίας,
1251 3777 1484 3846 γίνονται
1527 3779 1687 3832 αὑτοῦ

153 3864 291 3916 λαοί.
331 3864 393 3917 "O
426 3864 489 3935 δὴ
521 3865 681 3918 εἰσέτι
714 3866 803 3918 καὶ
835 3866 927 3918 νῦν
961 3864 1249 3936 πληροῦται
1287 3866 1405 3918 καθ’
1439 3867 1562 3934 ὅλης
1595 3867 1690 3936 τῆς

154 3953 262 4006 τῶν
288 3954 582 4026 ἀνθρώπιον
610 3955 940 4024 οἰκουμένης,
978 3954 1305 4023 μυριάνδρων
1337 3955 1475 4007 λαῶν
1505 3955 1690 4025 ὥσπερ

154 4041 295 4094 κατὰ
323 4043 509 4111 χοροὺς
540 4043 828 4111 ἱσταμένων
857 4043 946 4092 καὶ
975 4041 1063 4092 τὸν
1102 4042 1227 4112 παρ’
1269 4042 1531 4111 Ἑϐραίοις
1552 4060 1684 4114 προ-

154 4131 346 4198 φτιτῶν
374 4133 504 4185 Θεὸν
536 4131 856 4201 ὑμνούντων,
887 4133 977 4182 καὶ
1011 4131 1077 4184 τὰ
1108 4133 1242 4184 αὐτὰ
1273 4134 1684 4202 ἀναγνώσματα,

158 4221 455 4290 μαθήματά
500 4236 559 4272 τε
612 4220 705 4272 καὶ
754 4219 990 4289 δόγματα
1038 4219 1445 4288 διδασκομένων.
1508 4220 1687 4294 Ταῦτα

1787 3520 1852 3559 ac
1902 3518 1998 3573 per
2043 3505 2310 3556 lavacrum
2353 3496 2770 3569 regenerationis
2810 3489 3183 3561 mysteriorum
3218 3485 3310 3540 Dei

1788 3592 2076 3664 participes
2127 3588 2346 3654 effectae,
2384 3587 2505 3655 ejus
2552 3582 2731 3656 p0puli
2764 3579 3013 3636 evadunt.
3044 3575 3198 3641 Quod
3241 3574 3309 3627 ad

1785 3683 1925 3735 hanc
1973 3696 2142 3748 usque
2183 3679 2322 3734 diem
2353 3691 2445 3746 per
2482 3675 2791 3728 universum
2821 3670 3003 3723 orbem
3035 3664 3306 3735 impletur,

1782 3786 1904 3824 cum
1933 3770 2120 3825 inﬁniti
2154 3767 2354 3838 populi,
2383 3765 2536 3836 quasi
2555 3765 2610 3819 in
2641 3763 2806 3818 choro
2831 3757 3120 3821 diStributi,
3143 3754 3310 3810 Deum

1782 3866 2182 3934 prophetarum,
2230 3860 2322 3930 qui
2378 3872 2540 3928 penes
2588 3857 2836 3912 Hebraeos
2883 3859 3056 3915 erant,
3101 3847 3310 3918 hymnis

1781 3956 2069 4015 celebrent,
2127 3961 2284 4019 atque
2334 3947 2546 4004 easdem
2586 3947 2864 4008 lectiones,
2909 3938 3217 4009 disciplinas
3257 3947 3311 3988 et

1786 4046 2033 4115 dogmata
2079 4043 2421 4101 edoceantur.
2454 4038 2576 4093 Haec
2606 4039 2785 4107 igitur,
2819 4049 2935 4103 qum
2980 4031 3110 4099 ipsis
3140 4026 3310 4081 oculis

1787 4134 2170 4202 conspicimus,
2199 4147 2304 4185 non
2327 4130 2501 4194 aliter,
2528 4143 2686 4198 quam
2711 4140 2807 4194 per
2831 4122 2996 4178 solam
3021 4116 3313 4173 Salvatoris

1788 4224 2039 4277 virtutem
2067 4222 2122 4276 in
2161 4229 2271 4275 toto
2297 4220 2532 4291 gentium
2560 4212 2690 4271 orbe
2711 4214 3000 4268 constituta
3021 4216 3171 4291 ωτι.

155 4309 289 4378 γοῦν
331 4310 620 4380 ὀφθαλμοῖς
648 4309 923 4381 δρώμενα,
963 4312 1059 4364 οὐκ
1101 4309 1270 4373 ἄλλως
1306 4311 1340 4380 ἢ
1392 4311 1475 4364 διὰ
1531 4312 1692 4382 μόνης
1737 4313 1834 4383 τῆς
1877 4313 2136 4384 σωτηρίου
2185 4312 2458 4379 δυνάμεως
2511 4306 2627 4360 καθ’
2663 4305 2785 4374 ὅλης
2816 4301 3036 4370 συνέστη
3065 4302 3161 4370 τῆς
3211 4296 3312 4348 τῶν

153 4397 328 4454 ὲθνῶν
344 4397 686 4469 οἰκουμένης.

641 4507 1048 4562 ΑΛΛΗΔΟΥΙΔ.
1088 4510 1226 4562 PlZ'.

242 4598 715 4669 Ἐξομολογεῖσθε
751 4598 828 4664 τῷ
871 4600 1080 4666 Κυρίῳ,
1124 4599 1210 4652 ὅτι
1233 4599 1581 4667 ἀγαθὸς,’ὄτι
1603 4601 1688 4666 εἰς

154 4690 266 4744 τὸν
295 4689 478 4743 αἰῶνα
512 4687 586 4744 τό
613 4692 781 4755 ἕλεος
826 4690 1033 4744 αὑτοῦ.
1065 4689 1295 4742 Είπάτω
1334 4689 1407 4756 δὴ
1454 4693 1486 4742 ό
1529 4687 1691 4755 elato;-

167 4778 428 4845 Ἰσραὴλ,
461 4778 547 4831 ὅτι
569 4779 802 4848 ἀγαθὸς,
842 4779 928 4831 ὄτι
959 4781 1048 4842 εἰς
1085 4777 1190 4830 τὸν
1213 4776 1392 4830 αἰῶνα
1419 4779 1483 4831 τὸ
1521 4780 1691 4846 ἕλεος

153 4867 346 4922 αὐτοῦ
365 4883 379 4897 ·
404 4867 614 4920 εἰπάτω
649 4869 723 4935 δὴ
750 4865 910 4933 οἶκος
949 4866 1175 4934 Ἀαρὼν,
1209 4867 1294 4920 ὅτι
1327 4864 1576 4936 ἀγαθὸς,
1603 4869 1692 4921 ὅτι

155 4958 248 5020 εἰς
291 4954 398 5008 τὸν
420 4946 605 5007 ἀἰῶνα
647 4955 712 5006 τὸ
756 4955 922 5018 ἕλεος
979 4955 1177 5007 αὐτοῦ.
1222 4955 1568 5007 Εἰπάτωσαν
1613 4954 1688 5024 δὴ

156 5044 383 5110 πάντες
401 5047 453 5097 οἰ
482 5045 826 5112 φοϐούμενοι
852 5045 955 5095 τὸν
979 5044 1211 5110 Κύριον,
1237 5044 1321 5096 ὅτι
1346 5044 1580 5111 ἀγαθὸς,
1602 5044 1689 5096 ὅτι

155 5137 247 5199 εἰς
275 5132 382 5185 τὸν
415 5131 594 5184 αἰῶνα
627 5132 690 5184 τὸ
727 5131 894 5196 ἕλεος
929 5132 1130 5184 αὐτοῦ.
1162 5133 1268 5184 Καὶ
1306 5134 1362 5184 έν
1408 5135 1515 5194 τοῖς
1557 5149 1687 5202 προρ
1727 5150 1729 5152 ·

157 5220 454 5291 κειμένοις,
493 5221 589 5290 τῆς
628 5220 980 5288 εὐαΠελικῆς
1012 5221 1226 5289 χάριτος
1279 5221 1369 5272 ἐπὶ
1409 5223 1579 5274 πάντα
1623 5221 1689 5274 τὰ

156 5312 290 5379 εθνη
318 5312 585 5383 χυθείσης,
621 5304 692 5365 ὧν
713 5311 876 5364 ἐθνῶν
903 5312 1058 5382 μέρος
1098 5330 1149 5364 τι
1175 5308 1240 5381 ἦν
1268 5314 1358 5365 καὶ
1383 5315 1411 5365 ό
1439 5315 1503 5366 ἐκ
1537 5329 1686 5384 περι-

157 5401 335 5472 τομῆς
361 5401 506 5465 λαὸς,
537 5405 626 5454 καὶ
662 5401 821 5472 μέρος
857 5402 917 5454 τὸ
956 5401 1266 5473 πρώτιστον,
1296 5404 1513 5466 εἰκότως
1540 5403 1685 5474 πρώ-

156 5507 289 5554 τους
317 5491 507 5554 αὐτοὺς
545 5494 573 5543 ὁ
619 5493 768 5560 λόγος
818 5493 905 5544 ἐπὶ
951 5494 1046 5561 τὴν
1085 5479 1459 5561 ἐξομολόγησιν
1499 5493 1680 5546 καλεῖ--

157 5584 354 5637 ιπειτα
380 5581 501 5642 τοὺς
528 5583 585 5644 ἐξ
600 5582 760 5634 ἐθνῶν
779 5582 1231 5651 προσεληλυθότας
1259 5582 1334 5651 τῷ
1356 5582 1681 5652 Εὑαγγελίῳ,

161 5669 311 5728 κατὰ
341 5669 427 5722 τό·
476 5670 723 5736 Ἰουδαίῳ
749 5689 810 5726 τε
856 5671 1079 5740 πρῶτον
1116 5672 1208 5725 καί
1235 5673 1493 5740 Ἕλληνι.
1533 5673 1593 5730 El
1631 5673 1684 5724 δέ

243 5825 266 5855 ⁸
298 5821 457 5879 Zacb.
495 5839 560 5889 ιι,
598 5824 811 5890 10,“.
887 5824 908 5855 ⁸
944 5825 1096 5878 Rom.
1137 5838 1186 5887 ι,
1223 5824 1314 5877 16.

1714 4523 1766 4580 D

2250 4497 2602 4555 ALLELUIA.
2640 4493 2842 4550 CXV“.

1849 4592 2170 4648 Vasti-4.
2214 4588 2541 4658 Conﬁtemini
2580 4585 2797 4639 Domino
2834 4599 3076 4652 quantum
3128 4581 3309 4643 bonus,

1781 4686 2024 4756 quoniam
2054 4683 2106 4735 in
2133 4679 2378 4734 saeculum
2417 4673 2773 4729 misericordia
2811 4674 2942 4742 ejus.
2986 4673 3135 4723 Dicat
3179 4687 3311 4724 nunc

1784 4774 1965 4827 domus
2001 4770 2169 4825 Israel
2213 4767 2452 4835 quoniam
2489 4763 2668 4824 bonus,
2701 4762 2941 4831 quoniam
2971 4761 3023 4810 in
3064 4757 3309 4809 sa'culum

1786 4860 2138 4919 misericordia
2160 4859 2291 4927 ejus.
2315 4855 2465 4908 Dicat
2497 4870 2628 4907 nunc
2652 4852 2834 4907 domus
2860 4851 3034 4903 Aaron
3069 4848 3308 4915 quoniam

1787 4956 1969 5015 bonus,
1998 4950 2240 5020 quoniam
2280 4947 2333 5000 in
2363 4930 2608 4999 saeculum
2635 4928 2988 4997 misericor'dia
3039 4928 3169 5003 ejus.
3216 4935 3310 4987 Di-

1785 5053 1906 5097 cant
1925 5053 2241 5094 nuncomnes
2259 5035 2347 5105 qui
2368 5035 2544 5088 timent
2563 5033 2833 5086 Dominum
2853 5030 3092 5098 quoniam
3126 5027 3305 5089 bonus,

1785 5134 2025 5203 quoniam
2041 5131 2095 5183 in
2115 5127 2357 5181 saxulum
2379 5122 2730 5178 misericordia
2744 5121 2874 5189 ejus.
2892 5120 2950 5172 ln
2973 5119 3055 5172 his
3076 5131 3304 5187 quoque,

1784 5221 1950 5277 eﬂ'usa
1988 5219 2041 5271 in
2083 5232 2268 5271 omnes
2296 5223 2480 5285 gentes
2521 5212 2826 5280 evangelica
2855 5208 3048 5278 gratia,
3081 5219 3307 5274 quarum

1786 5311 2020 5381 gentium
2059 5321 2189 5376 pars
2206 5306 2405 5375 aliqua,
2431 5303 2538 5357 imo
2561 5315 2685 5370 pars
2713 5298 2902 5368 prima,
2929 5306 3045 5351 erat
3082 5293 3307 5363 populus

1783 5378 1848 5455 ex
1875 5399 2316 5463 circumcisione,
2338 5396 2528 5449 merito
2568 5391 2778 5444 Judaaos
2821 5388 2886 5441 ad
2916 5384 3308 5439 confessionem
3361 5378 3372 5393 '

1785 5493 1986 5563 primos
2015 5505 2191 5545 sermo
2239 5497 2422 5542 evocat
2449 5505 2461 5538 :
2493 5483 2784 5550 deindeque
2809 5495 2902 5535 eos
2934 5493 2996 5537 ex
3037 5475 3302 5545 gentlbus.

1785 5584 1876 5652 qui
1917 5580 1982 5634 ad
2037 5579 2377 5649 Evangelium
2429 5581 2781 5633 accesserant,
2821 5568 3107 5642 secundum
3137 5565 3300 5617 illud:

1785 5671 1969 5726 Judwo
2000 5671 2221 5739 primum
2248 5679 2300 5722 et
2326 5667 2501 5721 σιτοῖτο
2519 5664 2559 5716 ⁸.
2613 5662 2668 5718 Si
2700 5663 2820 5732 quis
2858 5667 3030 5714 autem
3058 5663 3304 5712 accurate
