3994 6354
175 447 311 503 ιδιεδ
348 430 351 433 ’

1242 452 1746 521 ΕΟΜΜΕΝΤΑΒΙΑ
1778 455 1845 511 ΙΝ
1884 456 2214 515 PSALMOS.

3226 460 3361 517 i366

174 567 499 632 τελευταίαν,
530 564 597 641 ἧς
643 569 895 624 ἐπέκεινα
926 567 1104 623 οὐκέτι
1130 565 1238 625 οἷόν
1280 590 1339 625 τε
1378 570 1513 628 εἶναι
1551 593 1717 647 προσ-

1817 574 2095 632 Postrema
2132 585 2309 633 autem
2348 577 2563 633 Domini
2599 586 2752 649 porta
2787 578 2947 634 fuerit
2983 580 3364 651 contemplatio

174 655 361 710 ελθεῖν.
396 657 627 729 ’Υστὰτη
658 659 717 712 δὲ
767 657 913 729 πύλη
948 657 1040 711 τοῦ
1090 660 1293 730 Κυρίου
1325 662 1357 732 ὴ
1408 661 1607 734 θεωρία
1650 665 1714 719 ἂν

173 746 256 818 εἴη
279 746 459 812 αὑτοῦ,
480 749 619 802 κατὰ
645 748 725 812 τὸ,
743 750 1029 818 Μακάριοι
1052 752 1103 804 ol
1126 752 1363 805 καθαροὶ
1389 751 1463 820 τῇ
1486 754 1713 823 καρδίᾳ,

172 838 261 892 ὅτι
294 839 458 892 αὐτοὶ
491 838 597 893 τὸν
632 840 777 892 Θεὸν
805 839 1070 908 ὄψονται.

242 928 420 983 Λίθον
469 928 541 983 ὃν
598 930 1046 999 ἀπεδοκίμασαν
1104 934 1160 985 οἱ
1231 932 1711 1003 οἰκοδομοῦντες·

171 1015 343 1085 οὗτος
363 1014 617 1089 ἐγενήθη
643 1023 729 1086 εἰς
753 1020 1026 1090 κεφαλὴν
1050 1024 1281 1093 γωνίας.
1309 1024 1474 1092 Παρὰ
1498 1027 1723 1094 Κυρίου

170 1111 399 1179 ἐγένετο
432 1111 602 1181 αὕτη,
637 1112 734 1166 καὶ
762 1112 892 1167 ἐστι
940 1113 1248 1184 θαυμαστὴ
1288 1116 1357 1169 ἐν
1392 1118 1717 1186 ὀφθαλμοῖς

174 1199 355 1268 ἡμῶν.
409 1201 564 1270 Αὕτη
613 1204 652 1271 ἡ
702 1201 891 1271 ἡμέρα
934 1202 1012 1269 ἣν
1051 1205 1337 1272 ἐποίησεν
1386 1209 1418 1259 ό
1466 1207 1713 1275 Κύριος,

170 1292 657 1364 ἀγαῴιιασώμεθα
707 1293 804 1348 καὶ
850 1293 1266 1365 εὐφρανθῶμεν
1301 1296 1369 1348 ἐν
1414 1295 1587 1365 αὐτῇ.
1643 1293 1716 1351 Ὦ

169 1384 362 1451 Κύριε,
390 1383 593 1437 σῶσον
622 1383 719 1451 δὴ,
758 1379 806 1438 ὦ
830 1385 1031 1451 Κύριε,
1062 1385 1361 1438 εὑόδωσον
1390 1372 1486 1455 δή.
1526 1388 1715 1439 Εὐλο-

168 1473 421 1542 γημένος
453 1478 484 1528 ό
514 1475 833 1545 ἐρχόμενος
867 1477 935 1529 ἐν
959 1477 1199 1545 ὀνόματι
1224 1479 1463 1544 Κυρίου.
1504 1477 1717 1549 Ἐπειδὴ

168 1561 272 1618 εἶδε
325 1566 422 1635 τῆς
473 1567 789 1637 οἰκουμένης
822 1566 918 1638 τὴν
967 1567 1278 1637 εὐεργεσίαν
1326 1568 1419 1620 καὶ
1469 1568 1565 1639 τὴν
1612 1568 1717 1624 τῶν

170 1656 507 1725 πραγμάτων
536 1656 830 1728 μεταϐολὴν
850 1697 863 1720 ,
910 1658 1001 1710 καὶ
1044 1658 1176 1728 πρὸς
1213 1658 1273 1711 τὸ
1320 1659 1523 1729 βέλτιον
1551 1661 1717 1730 μετὰ-

170 1760 375 1810 στασιν,
399 1748 704 1816 συγχαίρων
732 1750 842 1811 τοῖς
870 1749 1194 1804 ἀπολαύουσι
1218 1758 1381 1822 φησιν
1400 1768 1412 1781 ·
1433 1748 1500 1805 Ὦ
1524 1754 1715 1820 Κύριε,

167 1832 375 1890 σῶσον
397 1835 470 1903 δή
490 1853 504 1867 ·
533 1833 579 1891 ὦ
614 1840 804 1907 Κύριε,
833 1841 1136 1894 εὐόδωσον
1158 1840 1252 1907 δή.
1298 1841 1571 1907 Τουτέστι,
1606 1844 1719 1897 διά-

168 1943 341 1981 σωσον
378 1929 501 1991 τοὺς
544 1928 943 1993 ἀπολαύοντας,
985 1930 1122 1984 ὥστε
1167 1932 1574 2007 ἐμπλησθῆναι,
1627 1936 1718 1988 καὶ
1749 1904 1790 1959 Β

166 2019 410 2089 καρποὺς
456 2018 635 2085 ἀξίους
678 2020 1034 2087 διαδείξασθαι
1086 2022 1183 2092 τῆς
1224 2024 1476 2095 χάριτοςο
1531 2025 1717 2096 ῥᾳδίαν

164 2112 344 2174 αὐτοῖς
374 2112 593 2204 ποίησον
624 2112 718 2180 τὴν
755 2112 889 2176 ὁδὸν,
914 2112 1076 2181 ὥστε,
1126 2115 1258 2184 μετὰ
1305 2115 1363 2168 τὸ
1406 2118 1606 2187 τυχεῖν,
1642 2117 1723 2189 μὴ

164 2202 418 2254 ἐκπεσεῖν
447 2199 551 2252 τῶν
578 2201 827 2256 τοιούτων
859 2202 1056 2255 καλῶν.

238 2291 666 2359 Εὐλογιῇκιιμεν
711 2290 865 2360 ὑμᾶς
908 2291 978 2357 ἐξ
1038 2293 1219 2367 οἴκους
1261 2296 1477 2365 κυρίου
1505 2335 1524 2361 ,
1575 2296 1717 2363 Θεὸς

165 2382 377 2449 Κύριος
430 2382 525 2434 καὶ
570 2382 868 2450 (inescati-er
911 2384 1073 2454 ἡμῖν.
1136 2383 1548 2455 Ὀμολογοῧντες
1571 2426 1586 2452 ,
1636 2389 1716 2441 ὅτι

164 2472 335 2526 ταῦτα
374 2472 555 2537 αὐτοῖς
586 2473 756 2537 οὐδεὶς
777 2474 934 2537 ἄλλος
964 2474 1224 2544 ἢαύτὸςὸ
1258 2475 1457 2547 Κύριος
1481 2477 1717 2547 ὲπέφανέ

163 2579 223 2615 τε
260 2566 354 2617 uati.
382 2562 574 2629 ἔδειξε·
617 2563 696 2615 διό
728 2580 909 2629 φασιν,
950 2565 1376 2635 Εὐλογήκαμεν
1424 2565 1605 2637 ὑμᾶς’
1636 2571 1717 2637 ὅτι

163 2653 400 2725 ὲπέφανε
453 2655 551 2725 τὴν
596 2653 863 2723 ὑμετέραν
906 2654 1084 2719 δείξας
1127 2657 1414 2729 σωτηρίαν.
1463 2658 1718 2726 Ἐπευξά-

167 2760 317 2813 μενοι
372 2744 465 2797 καὶ
517 2742 585 2797 τὰ
639 2743 899 2814 μέλλοντα
938 2732 1415 2817 προθεωρήσαντες
1460 2749 1535 2819 τῷ
1579 2750 1718 2821 ἁγίῳ

164 2833 438 2904 Πνεύματι
468 2834 536 2887 τὰ
568 2834 897 2904 προκείμενα
936 2836 983 2887 oi
1030 2837 1324 2907 προφῆται,
1363 2839 1717 2910 μακαρίζουσι

162 2924 290 2987 τοὺς
320 2923 610 2994 μέλλοντας
653 2924 762 2979 τῶν
791 2924 1241 2997 ἀποτελεσμάτων
1283 2930 1411 2982 ποτὲ
1439 2930 1720 2996 καταξιοῧ-

164 3015 309 3068 σθαι.
357 3013 753 3082 Συστήσασθε
791 3016 1005 3084 ἑορτὴν
1054 3016 1125 3070 ἐν
1185 3018 1308 3083 τοῖς
1352 3010 1720 3081 πυκάζουσιν

162 3106 271 3173 ἕως
306 3104 424 3160 τῶν
466 3106 857 3174 κεράτωντοῦ
884 3110 1344 3185 θυσιαστηρίου,
1386 3113 1542 3181 ὑμεῖς
1578 3114 1627 3164 οἱ
1661 3114 1717 3180 ἐξ

1816 670 1958 736 ejus,
1989 670 2287 723 secundum
2317 669 2449 724 illud
2482 688 2495 724 :
2528 669 2679 724 Beati
2708 670 2895 723 mundo
2919 670 3091 736 corde,
3115 674 3362 741 quoniam

1818 759 1917 826 ipsi
1938 759 2105 814 Deum
2126 758 2422 815 uidebunt'.

1827 936 1830 940 “
1886 938 2052 995 Vens.
2078 939 2256 993 22-26.
2295 938 2565 1008 Lapidem,
2596 954 2745 1008 quem
2783 938 3179 1006 reprobaverunt
3229 937 3361 990 a’di-

1817 1031 2068 1098 ﬁcantes,
2101 1031 2183 1105 hic
2216 1032 2388 1100 factus
2425 1042 2500 1084 est
2530 1032 2584 1082 in
2636 1040 2791 1097 caput
2827 1029 3026 1099 anguli.
3071 1029 3110 1080 Α
3142 1026 3361 1082 Domino

1817 1122 2013 1189 factum
2039 1131 2115 1176 est
2156 1121 2319 1188 istu'd,
2349 1130 2396 1175 et
2426 1130 2501 1174 est
2554 1120 2794 1173 mirabile
2850 1119 2903 1171 in
2942 1118 3102 1172 oculis
3149 1118 3363 1173 nostris.

1819 1212 1948 1268 Πωο
1977 1214 2085 1266 dies
2112 1229 2267 1282 quam
2290 1212 2410 1281 fecit
2431 1211 2707 1274 Dominus,
2724 1210 3040 1264 exsulteinus
3063 1218 3110 1261 et
3132 1209 3366 1263 la'ternur

1817 1305 1978 1357 inea.
2030 1302 2073 1357 Ο
2106 1302 2344 1367 Domine,
2403 1301 2571 1365 salva,
2626 1316 2801 1369 quwso
2830 1316 2847 1354 :
2876 1316 2905 1353 ο
2950 1299 3186 1361 Domine,
3243 1298 3366 1351 bene

1815 1408 2120 1461 prosperare
2141 1392 2246 1461 fac,
2272 1408 2480 1459 quazso;
2504 1390 2795 1445 benedictus
2819 1391 2905 1459 qui
2926 1391 3061 1443 venit
3088 1391 3139 1442 in
3163 1393 3365 1442 nomine

1816 1482 2050 1536 Domini.
2104 1480 2369 1547 Quoniam
2426 1478 2644 1533 videbat
2707 1478 3025 1533 beneﬁcium
3062 1478 3126 1545 [in
3179 1464 3365 1535 orbem

1817 1584 1973 1628 terra:
2003 1568 2387 1626 conferendum
2415 1608 2429 1634 ,
2472 1584 2764 1639 rerumque
2796 1568 3151 1623 mutationem
3202 1582 3266 1621 ac
3309 1567 3366 1619 in

1817 1664 2011 1719 melius
2054 1662 2484 1723 conversionem,
2524 1659 2628 1714 hoc
2662 1647 2806 1715 bono
2835 1658 3139 1715 fruentibus
3181 1666 3368 1729 gratu-

1820 1755 1937 1809 lans
1975 1754 2087 1808 ait:
2116 1751 2159 1807 Ο
2192 1751 2427 1813 Domine,
2455 1749 2623 1813 salva,
2653 1765 2863 1819 quieso;
2907 1765 2937 1804 o
2964 1740 3204 1812 Domine,
3244 1747 3368 1802 bene

1818 1859 2119 1912 prosperare
2147 1843 2254 1912 fac,
2288 1858 2483 1913 quaeso.
2504 1840 2559 1895 Id
2587 1847 2690 1905 est,
2726 1854 2989 1895 conserva
3020 1840 3141 1894 illos
3159 1839 3251 1909 qui
3279 1838 3366 1893 his

1822 1935 2094 1998 fruuntur,
2128 1934 2202 2007 ita
2242 1940 2301 1987 ut
2348 1918 2676 2003 repleantur,
2737 1939 2792 1986 et
2847 1930 3259 2000 fructus'gratia
3284 1927 3369 1983 di-

1820 2042 1954 2097 gnos
1975 2027 2264 2082 exhibeant
2294 2041 2307 2076 :
2342 2024 2553 2101 facilem
2586 2024 2718 2092 ipsis
2747 2024 2887 2077 viam
2932 2036 3084 2091 para.
3130 2030 3191 2075 ut
3220 2029 3369 2101 post-7

1818 2134 1980 2188 quam
2016 2118 2130 2173 haec
2181 2100 2459 2172 consecuti
2507 2108 2727 2179 fuerint,
2781 2128 2810 2166 a
2865 2112 3063 2167 talibus
3100 2112 3261 2165 bonis
3300 2098 3369 2167 ne

1818 2209 2091 2264 excidant.

1881 2300 2053 2357 Vens.
2080 2300 2173 2375 271.
2228 2298 2595 2353 Benediximus
2625 2296 2767 2351 vobis
2821 2295 2885 2349 de
2913 2294 3064 2347 domo
3106 2292 3314 2346 Domini
3346 2306 3367 2345 :

1819 2391 1957 2445 Deus
2000 2390 2253 2445 Dominus
2299 2399 2349 2444 et
2396 2390 2572 2444 illuxit
2612 2388 2781 2443 nobis.
2827 2384 3159 2441 Conﬁtentes
3196 2382 3368 2436 nemi-

1817 2495 1939 2535 nem
1966 2480 2130 2533 alium
2165 2494 2327 2549 quam
2358 2480 2537 2550 ipsum
2563 2478 2852 2533 Dominum
2879 2476 2992 2530 haec
3022 2474 3154 2543 ipsis
3182 2460 3367 2528 osten-

1817 2572 1965 2627 disse
1994 2586 2058 2626 ac
2084 2572 2416 2636 exhibuisse,
2449 2560 2616 2640 quare
2647 2569 2838 2655 dicunt
2856 2582 2870 2619 :
2889 2564 3255 2621 Benediximus
3281 2580 3369 2617 ro-

1819 2662 1917 2727 bis,
1943 2663 2068 2733 quia
2105 2662 2283 2717 illuxit
2327 2668 2559 2716 vestram
2605 2654 2834 2716 salutem
2864 2657 3179 2713 ostendens.
3212 2654 3368 2709 Post-

1817 2768 1977 2824 quam
2029 2760 2209 2808 autem
2243 2758 2535 2807 oraverunt
2571 2758 2625 2804 et
2666 2750 2721 2803 in
2761 2747 2966 2819 Spiritu
3017 2752 3206 2799 sancto
3253 2743 3370 2798 haec

1817 2845 1998 2898 futura
2039 2849 2433 2913 prospexerunt
2492 2839 2784 2911 prOphetae,
2838 2838 3024 2892 beatos
3070 2834 3372 2905 praedicant

1816 2951 1910 2990 cos
1944 2934 2035 3004 qui
2073 2934 2265 2988 borum
2299 2932 2456 2989 linem
2486 2939 2540 2987 et
2584 2928 2832 2986 effectum
2866 2926 3152 2998 aliquando
3180 2938 3369 2982 conse-

1816 3025 1992 3081 cuturi
2021 3033 2167 3079 sunt.
2201 3022 2521 3077 Constituite
2546 3022 2682 3076 diem
2708 3018 2985 3074 solemnem
3012 3018 3066 3071 in
3095 3014 3363 3071 condensis

1817 3112 1976 3186 usque
2008 3115 2075 3168 ad
2122 3132 2319 3169 cornua
2350 3114 2561 3176 altaris,
2613 3126 2711 3168 vos
2748 3127 2815 3166 ex
2865 3109 3114 3180 gentibus
3159 3110 3250 3179 qui
3307 3106 3369 3167 in

162 3196 332 3250 ἐθνῶν
363 3198 421 3250 ὲν
451 3200 561 3259 τοῖς
606 3196 921 3260 πυκάζουσι.
958 3197 1125 3250 Τοῦ-ιο
1156 3198 1213 3275 δὲ
1258 3200 1286 3252 ὁ
1339 3200 1438 3271 μὲν
1486 3201 1716 3267 Ἀκύλας

1818 3207 2104 3262 condensis
2133 3207 2287 3261 estis.
2307 3204 2421 3259 Hoc
2450 3212 2627 3261 autem
2654 3202 2733 3258 sic
2760 3200 2951 3272 Aquila
2982 3201 3365 3269 interpretatus

162 3288 502 3359 ἡρμήνευσεν
534 3286 726 3339 εἰπών·
760 3286 988 3354 Δήσατε
1024 3288 1238 3363 ἑορτὴν
1264 3291 1334 3344 ἐν
1363 3292 1679 3362 πιμελέσιν
1698 3312 1711 3324 ⁸

160 3375 189 3426 ὁ
218 3374 275 3428 δὲ
304 3375 593 3445 Σύμμαχος
614 3393 627 3405 ι
674 3376 1022 3446 Συνδήσατε
1062 3379 1129 3431 ἐν
1166 3370 1488 3449 πανηγύρει
1532 3382 1720 3437 πυκά-

160 3481 359 3535 σματα
383 3465 488 3531 ἕως
511 3462 626 3519 τῶν
654 3467 911 3536 κεράτων
932 3470 1035 3523 τοῦ
1067 3472 1513 3539 θυσιαστηρίου.
1544 3473 1716 3544 Προσ-

161 3557 415 3611 τάττειδὲ
441 3557 527 3611 διὰ
554 3556 756 3611 τούτων
786 3558 997 3622 πολλοῖς
1030 3559 1328 3631 κειμηλίοις
1361 3561 1600 3634 πληροῦν
1624 3565 1722 3619 τὸν.

160 3644 307 3701 οἷκον
345 3646 433 3700 τοῦ
482 3646 615 3719 Θεοῦ
660 3648 753 3702 καὶ
795 3650 1103 3720 ἀναθήμασι
1148 3653 1367 3716 πυκνοῖς
1421 3656 1717 3725 στεφανοῦν

160 3737 323 3791 αὑτὸν
348 3737 488 3791 κατὰ
516 3740 640 3802 τοὺς
664 3738 771 3792 τῶν
798 3739 997 3811 ἑορτῶν
1021 3740 1264 3813 καιρούς.

231 3830 373 3896 Θεός
404 3848 521 3899 μου
549 3830 603 3885 εἷ
632 3831 735 3895 σὺ,
760 3832 856 3884 καὶ
883 3832 1393 3902 ἐξομολογήσομαι
1417 3838 1544 3890 σόιι
1574 3838 1717 3905 Cede

153 3943 273 3997 μου
306 3922 365 3980 εἷ
397 3924 498 3988 σὺ,
525 3925 620 3979 καί
644 3924 867 3994 ὑψώσω
894 3942 987 3981 σε.
1014 3927 1499 3998 Προστάττεταιδὲ
1524 3932 1553 3984 ὁ
1582 3947 1712 3999 συγ-

159 4017 446 4089 κροτηθεὶς
470 4017 528 4068 ὲν
568 4014 785 4086 Χριστῷ
814 4016 941 4079 λαὸς
978 4017 1044 4072 ὲκ
1066 4034 1123 4069 τε
1154 4017 1247 4070 τοῦ
1284 4019 1497 4091 Ἰσραὴλ
1530 4022 1622 4075 καὶ
1651 4025 1722 4083 ὲκ¹

158 4107 253 4161 τοῦ
284 4108 433 4160 οἴκου
478 4106 702 4176 Ἀαρὼν,
737 4107 831 4159 καὶ
874 4108 939 4160 ἐκ
966 4106 1072 4162 τῶν
1103 4107 1446 4179 φοϐουμένων
1475 4110 1564 4164 τὸν
1600 4111 1710 4164 Κύ-

162 4215 277 4270 ριον
328 4195 755 4267 ἐξομολογεῖσθαι
788 4196 879 4250 καλ⁵
918 4196 1095 4266 λέγειν
1136 4200 1192 4254 ὲν
1223 4202 1288 4275 τῇ
1335 4196 1713 4271 ἐξομολογήσει

158 4287 238 4349 τὸ,
270 4287 415 4352 Θεός
452 4305 568 4357 μου
610 4283 669 4339 εἴ
715 4286 830 4351 σὺ,
876 4288 973 4343 καὶ
1024 4288 1538 4359 ἐξομολογήσομαι
1578 4307 1708 4345 σοι’

162 4379 306 4443 Θεός
330 4395 447 4446 μου
469 4374 528 4431 εἷ
548 4377 650 4443 σὺ,
678 4378 776 4431 καὶ
798 4377 1021 4446 ὑψώσω
1047 4396 1139 4433 σε.
1172 4380 1715 4453 Ἐξομολογήσομαί

158 4486 279 4529 σοι,
314 4468 401 4522 ὅτι
424 4468 767 4535 ἐπήκουσάς
789 4488 939 4545 μου,
974 4470 1071 4524 καὶ
1114 4471 1320 4541 ἐγένου
1347 4492 1447 4542 μοι
1477 4477 1561 4540 εἰς
1599 4492 1711 4529 σω-

1814 3305 1897 3353 cst
1930 3318 1943 3350 ;
1975 3295 2157 3365 Ligate
2186 3296 2569 3349 solemnitatem
2600 3293 2654 3346 in
2676 3286 3365 3361 pinguibusLSymniacbus

1816 3404 1942 3443 vero
1974 3408 1987 3442 :
2019 3387 2278 3456 Colligate
2320 3387 2375 3440 in
2402 3384 2701 3439 celebritate
2748 3380 3051 3446 densitates,
3102 3392 3263 3447 usque
3295 3374 3365 3431 ad

1814 3495 2010 3532 cornua
2033 3477 2240 3531 altaris.
2271 3473 2369 3531 His
2393 3480 2572 3529 autem
2621 3470 2887 3542 praecipit,
2923 3467 3107 3522 multis
3136 3466 3366 3521 cimeliis

1813 3569 2031 3625 domum
2075 3567 2169 3625 Dei
2213 3568 2447 3639 replere,
2494 3573 2655 3634 atque
2702 3561 2945 3618 donariis
2991 3557 3365 3627 frequentibus

1813 3661 1983 3731 ipsam
2019 3659 2355 3730 temporibus
2390 3656 2792 3714 solemnitatum
2826 3664 3105 3707 coronare.

1888 3838 2047 3895 Vens.
2078 3837 2167 3900 28,
2198 3836 2289 3890 29.
2321 3837 2454 3891 Deus
2486 3850 2628 3888 meus
2655 3849 2709 3888 es
2737 3840 2813 3898 tu,
2842 3840 2892 3889 et
2919 3832 3202 3901 conﬁtebor
3234 3829 3364 3883 tibi:

1812 3929 1954 3984 Deus
1985 3946 2126 3983 meus
2154 3945 2205 3982 es
2234 3938 2310 3992 tu,
2346 3937 2396 3982 et
2426 3916 2668 3981 exaltabo
2699 3933 2764 3979 te.
2809 3922 3050 3994 Populus
3080 3937 3146 3978 ex
3175 3922 3363 3989 israel,

1811 4034 1877 4073 ex
1904 4018 2066 4072 domo
2087 4016 2342 4072 Aaronet
2366 4030 2431 4071 ex
2461 4014 2775 4071 timentibus
2796 4014 3104 4085 Dominum,
3134 4015 3187 4067 in
3209 4012 3366 4067 Chri-

1810 4122 1898 4164 sto
1938 4115 2319 4180 congregatus,
2346 4106 2565 4177 iubetur
2602 4105 2851 4160 conﬁteri
2883 4119 2947 4160 ac
2973 4104 3192 4160 dicere:
3224 4101 3363 4157 Deus

1776 4216 1952 4273 ‘meus
1980 4215 2034 4253 es
2063 4208 2138 4263 tu,
2181 4210 2231 4255 et
2272 4196 2553 4267 conﬁtebor
2590 4195 2722 4250 tibi:
2749 4196 2885 4251 Deus
2930 4212 3072 4251 meus
3117 4211 3171 4250 es
3206 4204 3281 4257 tu,
3313 4202 3365 4247 et

1809 4292 2053 4346 emltabo
2082 4301 2148 4346 te.
2189 4290 2487 4361 Conﬁtebor
2517 4288 2628 4350 tibi,
2672 4288 2918 4358 quoniam
2956 4284 3222 4342 exaudiui
3258 4303 3359 4349 me,

1810 4395 1858 4439 et
1888 4384 2058 4453 factus
2095 4399 2148 4437 es
2187 4381 2316 4435 mihi
2356 4382 2411 4433 in
2437 4379 2680 4433 salutem.
2713 4379 2810 4433 Cui
2857 4392 3018 4447 porro
3044 4378 3159 4432 haec
3204 4375 3357 4438 dicit,

1772 4478 1918 4533 -nisi
1965 4474 2189 4529 Domino
2229 4472 2479 4541 superius
2536 4471 2832 4534 declarato,
2886 4470 2978 4539 qui
3024 4470 3092 4524 de
3134 4467 3359 4521 tribula-

158 4559 389 4626 rnplar.
421 4561 538 4614 Τίνι
566 4560 622 4614 δὲ
650 4561 821 4616 ταῦτα
860 4562 1003 4631 λέγει
1029 4562 1060 4633 ἢ
1096 4562 1172 4633 τῷ
1202 4565 1458 4636 ἀνωτέρω
1484 4558 1711 4636 δεδηλω-

1816 4568 1961 4621 tione
2002 4565 2177 4636 ipsum
2205 4560 2470 4626 liberavit,
2495 4561 2587 4629 qui
2633 4559 2795 4614 etiam
2834 4559 3082 4616 inimicos
3121 4558 3239 4627 ejus
3267 4559 3362 4611 de-

162 4650 313 4718 μὲνῳ
360 4650 545 4721 Κυρίῳ
580 4650 658 4721 τῷ
704 4652 798 4706 καὶ
843 4653 907 4725 ὲκ
948 4641 1174 4723 θλίψεως
1207 4654 1491 4724 ῥυσαμένῳ
1527 4655 1707 4719 αὑτὸν,

158 4738 239 4809 τῷ
278 4740 373 4791 καὶ
420 4742 545 4804 τοὺς
576 4742 800 4813 ἐχθροὺς
829 4741 991 4796 αὑτοῦ
1048 4740 1455 4808 ταπεινώσαντι,
1494 4744 1569 4813 τῷ
1614 4747 1708 4799 καὶ

159 4829 250 4882 τὸν
304 4827 446 4881 λίθον
496 4829 585 4881 τὸν
644 4831 1032 4901 ἀποϐληθένταη
1072 4832 1207 4900 πρὸς
1263 4831 1370 4886 τῶν
1413 4835 1707 4906 οἰκοδόμων

161 4918 457 4988 ὑψὼσαντι,
491 4917 565 4988 τῷ
594 4920 687 4971 καὶ
724 4919 1044 4974 εὐοδώσαντι
1087 4922 1179 4975 καὶ
1211 4921 1440 4977 σώσαντι
1478 4926 1602 4989 τοὺς
1635 4930 1712 4991 εἰς

159 5008 322 5063 αὐτὸν
366 5007 729 5072 πιστεύοντας.
768 5010 1243 5080 Ἐξομολογεῖσθε
1285 5012 1365 5077 τῷ
1396 5016 1589 5082 Κυρίῳ
1626 5016 1714 5071 ὅτι

159 5098 409 5169 ἀγαθὸς,
435 5098 523 5152 ὅτι
552 5100 636 5163 εὶς
662 5099 768 5152 τὸν
786 5098 973 5153 αἰῶνα
996 5100 1061 5153 τὸ
1093 5101 1263 5168 ἕλεος
1292 5104 1499 5159 αὐτοῦ.

644 5214 1057 5269 ΑΔΔΗΛΟΥΙΑ.
1076 5215 1193 5268 PIH
1420 5283 1422 5286 ν

227 5300 515 5369 Μακάριοι
552 5306 606 5357 οἱ
626 5304 847 5374 ἄμωμοι
874 5308 945 5359 ὲν
973 5304 1049 5376 τῇ
1080 5305 1216 5371 ὀδῷ,
1242 5310 1296 5361 ol
1330 5307 1712 5375 πορευόμενοι

160 5391 229 5446 ἐν
273 5394 433 5460 νόμῳ
485 5396 721 5464 Κυρίου.
758 5397 1038 5465 Μακάριοι
1069 5400 1123 5451 οι
1163 5395 1585 5465 ἐξερευνῶντες
1638 5399 1712 5451 τὰ

154 5482 446 5564 μαρτύρια
479 5485 681 5549 αὐτοῦ,
708 5486 776 5553 ἐν
804 5486 913 5555 ὅλῃ
939 5488 1013 5557 τῇ
1050 5487 1257 5559 καρδίᾳ
1281 5485 1709 5555 ἐκζητήσωσιν

1814 4658 2032 4729 pressit,
2072 4655 2163 4726 qui
2205 4652 2548 4722 reprobatum
2596 4650 2665 4704 ab
2694 4649 3085 4704 aediﬁcantibus
3130 4646 3361 4715 lapidem

1814 4746 2087 4813 exaltavit,
2118 4744 2211 4814 qui
2241 4742 2423 4815 ﬁdeles
2460 4756 2587 4796 suos
2620 4740 2756 4795 bene
2799 4753 3115 4809 prosperare
3156 4735 3283 4791 fecit
3308 4744 3363 4789 et

1815 4839 1988 4894 salute
2015 4834 2254 4891 donavit.
2282 4831 2613 4901 Conﬁteinini
2640 4830 2866 4886 Domino
2900 4830 3142 4901 quoniam
3175 4826 3359 4889 bonus,

1811 4930 2053 5000 quoniam
2083 4927 2138 4980 in
2163 4923 2410 4980 sarculum
2437 4922 2797 4978 misericordia
2819 4924 2950 4992 ejus.

2282 5202 2641 5259 ALLELUIA.
2677 5199 2905 5259 cxvm.
3007 5183 3015 5190 ’

1880 5300 2047 5356 Vnus.
2090 5297 2229 5354 {-8.
2269 5296 2420 5351 Beati
2467 5295 2793 5351 immaculati
2823 5294 2877 5347 in
2917 5308 3021 5356 vta,
3054 5309 3141 5364 qui
3171 5288 3358 5344 ambu-

1812 5382 1923 5449 lant
1957 5395 2010 5448 in
2042 5392 2145 5462 lege
2174 5392 2404 5457 Domini.
2438 5388 2588 5443 Beati
2625 5388 2712 5457 qui
2741 5395 3040 5439 scrutantur
3063 5385 3359 5438 testimonia

1806 5486 1940 5554 ejus,
1973 5487 2028 5538 in
2052 5494 2159 5539 toto
2184 5484 2337 5538 corde
2360 5481 2629 5551 exquirent
2648 5494 2784 5533 eum.
2815 5476 2937 5530 Non
2959 5478 3095 5530 enim
3122 5476 3209 5544 qui
3239 5490 3360 5544 ope-

160 5572 367 5625 αὺτόν.
392 5573 473 5623 Οὐ
496 5575 605 5643 γὰρ
622 5579 675 5629 οἱ
695 5575 1060 5646 ἐργαζόμενοι
1080 5577 1195 5646 τὴν
1217 5579 1467 5647 ἀνομίαν
1488 5578 1558 5632 ἐν
1578 5576 1708 5644 ταῖς

1813 5587 1995 5630 rantur
2040 5576 2398 5645 iniquitatem,
2439 5573 2495 5625 in‘
2532 5571 2625 5624 viis
2668 5570 2779 5638 ejus
2821 5564 3232 5621 ambulaverunt.
3282 5564 3358 5616 Tu

162 5661 325 5727 ὁδοῖς
353 5662 536 5716 αὐτοῦ
577 5666 1005 5737 ἐπορεύθησαν.
1047 5669 1129 5725 Σὺ
1160 5669 1431 5723 eversum
1476 5669 1581 5717 rr’m
1610 5670 1704 5720 tv.

1813 5658 2072 5722 mandasti
2106 5667 2355 5722 mandata
2386 5658 2476 5719 tua
2496 5660 2751 5718 custodiri
2779 5658 2952 5713 nimis.
2988 5654 3198 5711 Utinam
3226 5654 3360 5709 diri-

232 5814 257 5845 ⁸
293 5812 477 5874 Matth.
512 5833 571 5882 ν,
600 5817 649 5873 8.
