3994 6354
187 442 309 500 1569

1249 452 1733 508 ΕΟΜΜΕΝΤΑΒΙΛ
1774 455 1839 509 ΙΝ
1877 457 2204 514 PSALMOS.

3176 464 3196 515 i
3211 463 3314 517 570

183 557 319 610 κατὰ
352 557 453 610 τὸν
489 563 670 629 λόγον
707 579 837 616 σου.
869 565 976 632 Τὰς
1016 567 1190 633 ὁδούς
1215 587 1326 635 μου
1364 570 1695 640 ἐξήγγειλα,

1804 577 1896 642 ﬁca
1920 594 1998 631 me
2021 578 2295 630 secundum
2317 576 2514 630 verbum
2543 587 2704 631 tuum.
2737 577 2856 631 Vias
2881 595 3017 631 meas
3039 581 3316 644 enuntiari,

184 646 271 698 sai
302 647 644 715 ἐπήκουσάς
670 671 819 720 μου·
861 654 1104 720 δίδαξον
1140 675 1216 725 με
1248 661 1318 711 τὰ
1356 659 1703 728 δικαιώματα

181 753 306 789 σου.
347 739 508 792 Ὀδὸν
543 740 936 810 δικαιωμάτων·
970 763 1082 799 σου
1120 748 1440 802 συνέτισόν
1465 766 1540 817 με
1560 788 1574 810 ,
1605 751 1703 802 καὶ

181 823 559 892 ἀδολεσχήσω
585 830 653 880 ἐν·
681 831 799 895 τοῖς
821 835 1163 901 θαυμασίοις
1182 853 1314 889 σου.
1349 838 1704 900 Ἐνύσταξεν

183 915 216 980 ἡ
247 913 409 980 ψυχή
437 933 550 982 μου
577 917 692 969 ἀπὸ
715 920 980 987 ἀκηδίας,
1001 924 1330 986 βεϐαίωσόν
1365 943 1439 994 με
1480 928 1547 978 ἐν
1584 927 1703 992 τοῖς

180 1003 373 1069 λόγοις
404 1019 535 1057 σου.
573 1006 996 1084 Ὀδὸνὶάδικιας
1028 1013 1373 1080 dada-moror
1416 1017 1513 1068 ἀπ’
1538 1017 1700 1082 ἐμοῦ,

180 1087 270 1141 καὶ
298 1089 376 1152 τῷ
403 1091 558 1158 νόμῳ
584 1108 697 1148 σου
732 1096 986 1162 ἐλέησόν
1003 1118 1095 1166 με.
1126 1102 1330 1172 ’Ὠσπερ
1354 1103 1490 1171 ἁρχὴ
1519 1108 1705 1174 κοιμή-

181 1177 310 1240 cui»;
338 1182 449 1233 ἐστι
482 1186 799 1255 νυσταγμὸς,
827 1188 993 1251 οὕτως
1037 1192 1161 1243 ποτὲ
1193 1194 1283 1244 καὶ
1308 1194 1448 1262 ψυχὴ
1481 1196 1534 1245 ὲν
1563 1195 1699 1265 ἀρχῇ

179 1269 430 1339 γενομένη
483 1272 879 1344 ἁμαρτημάτων
922 1279 1130 1346 λέγεται
1173 1282 1475 1344 νυστάζειν,
1512 1282 1699 1334 καθελ-

178 1359 372 1430 κομένη
409 1361 506 1430 μὲν
549 1361 728 1435 ὥσπερ
755 1368 831 1428 εἰς
865 1367 1024 1421 ὕπνον
1048 1409 1061 1432 ,
1093 1371 1150 1422 τὸ
1194 1371 1517 1442 ἁμάρτημα,
1574 1374 1700 1425 ἁνα-

179 1448 396 1501 νεύουσα
426 1451 480 1503 δὲ
511 1452 602 1504 καὶ
645 1455 959 1526 ὲγειρομένη
990 1458 1075 1510 διὰ
1099 1459 1196 1527 τῆς
1242 1459 1347 1512 τῶν
1389 1460 1701 1529 κρειττόνων

182 1535 411 1606 μνήμης.
451 1539 782 1606 Ἀναγκαίως
812 1543 867 1594 δὲ
899 1545 1261 1613 συνετισθῆναι
1293 1545 1440 1609 ἀξιῶ.
1470 1548 1560 1598 καὶ
1594 1563 1703 1614 φω-

179 1628 412 1697 τισθῆναι
444 1633 566 1693 τοὺς
607 1632 907 1702 ὀφθαλμούς
959 1653 1057 1704 μου
1110 1637 1185 1698 εἰς
1235 1637 1555 1707 κατανόησιν
1596 1637 1703 1690 τῶν

177 1718 368 1788 νόμων,
400 1721 482 1773 ἵνα
509 1723 654 1775 πᾶσα
674 1723 786 1784 ὁδὸς
811 1716 1017 1787 ἀδικίας
1044 1727 1245 1796 ἀποστῇ
1269 1729 1361 1781 ἀπ’
1388 1730 1537 1797 ἐμοῦ.
1566 1730 1705 1781 Ἀντὶ¹

179 1809 232 1861 δὲ
264 1809 378 1875 τοῦ,
415 1811 575 1864 Ὁδὸν
611 1813 836 1879 ἀδικίας
859 1815 1204 1881 ἀπόστησον
1223 1819 1321 1870 ἀπ’
1355 1818 1518 1883 ἐμοῦ,
1543 1822 1570 1872 δ
1608 1820 1704 1888 μὲν

1798 675 1846 718 et
1871 667 2131 718 exaudiui
2156 683 2254 730 me,
2295 667 2417 719 doce
2453 684 2530 719 me
2559 668 2954 734 justi/icationes
2988 678 3126 721 tuas.
3172 669 3318 720 Viam

1791 756 2225 823 justiﬁcationum
2258 766 2464 812 tuarum
2497 757 2775 825 intelligere
2802 773 2878 810 me
2909 757 3013 824 fac,
3045 767 3091 809 et
3118 773 3319 810 exerce-

1801 847 1891 898 bor
1914 847 1966 898 in
1995 846 2316 908 mirabilibus
2348 848 2470 899 tuis.
2515 846 2823 900 Dormitavit
2859 849 3032 899 anima
3062 863 3174 900 mea
3211 863 3319 914 pra

1802 936 1974 996 ta’dio,
2002 935 2253 1004 conﬁrma
2283 953 2360 988 me
2394 938 2448 988 in
2485 937 2645 990 verbis
2689 938 2810 988 tuis.
2853 936 2994 988 Viam
3030 937 3318 1001 iniquitatis

1801 1041 1975 1076 amove
2013 1042 2043 1076 a
2084 1021 2181 1086 me,
2205 1035 2253 1080 et
2287 1026 2390 1094 lege
2412 1039 2499 1078 tua
2531 1028 2767 1079 miserere
2793 1027 2906 1078 mei.
2933 1025 3080 1078 Sicut
3109 1025 3320 1079 initium

1800 1113 2094 1166 dormiendi
2127 1123 2207 1168 est
2247 1114 2581 1180 dormitatio;
2622 1116 2700 1168 sic
2729 1130 2848 1168 cum
2894 1116 3066 1166 anima
3109 1115 3320 1168 initium

1802 1206 2051 1271 peccandi
2079 1205 2222 1267 facit,
2251 1206 2540 1259 dormitare
2570 1206 2785 1267 dicitur,
2812 1205 2935 1257 dum
2960 1204 3023 1256 ad
3045 1212 3321 1273 peccatum

1800 1295 1952 1361 quasi
1983 1294 2044 1345 ad
2077 1309 2320 1347 somnum
2350 1297 2608 1360 trahitur;
2636 1295 2726 1348 sed
2756 1311 2819 1349 ex
2856 1296 3108 1349 memoria
3137 1295 3323 1349 melio-

1801 1399 1916 1436 rum
1966 1384 2084 1436 inde
2121 1366 2439 1451 ernergit'ac
2468 1389 2747 1437 excitatur.
2795 1384 3106 1438 Necessario
3145 1391 3318 1437 autem

1802 1474 2078 1543 prudentia
2122 1475 2338 1534 muniri,
2365 1481 2418 1527 et
2457 1475 2640 1528 oculos
2671 1489 2818 1529 meos
2849 1476 3047 1528 lumine
3077 1473 3322 1543 perfundi

1801 1570 1914 1623 tuo,
1945 1561 2155 1629 postulo
2186 1561 2248 1613 ad
2291 1562 2685 1630 intelligendum
2719 1563 2905 1632 legem,
2942 1570 3000 1615 ut
3034 1564 3206 1618 omnis
3237 1564 3322 1615 via

1802 1650 2094 1719 iniquitatis
2128 1658 2435 1703 amoveatur
2483 1665 2510 1702 ιι
2544 1667 2645 1707 me.
2678 1650 2779 1706 Pro
2820 1653 2908 1705 illo
2929 1661 3138 1705 autem:
3175 1651 3321 1704 Viam

1802 1740 2084 1808 iniquitatis
2133 1756 2307 1793 amove
2353 1757 2384 1792 a
2446 1758 2561 1804 me;
2609 1741 2835 1810 Aquila:
2881 1741 3026 1794 Viam
3074 1742 3325 1795 memlarii

1803 1845 1979 1881 amove
2010 1846 2040 1880 a
2067 1846 2162 1890 me,
2195 1829 2392 1895 edidit;
2426 1830 2776 1897 Symmachus
2804 1845 2928 1881 vero
2954 1847 2966 1894 ;
2997 1828 3146 1882 Viam
3179 1845 3324 1880 men-

189 1900 429 1965 Ἀκύλας,
444 1901 612 1954 ὀδὸν
629 1903 884 1970 ψεύδους
897 1906 1241 1971 ἀπόστησον
1255 1909 1498 1976 ἀπ’ἐμοῦ
1511 1949 1525 1971 ,
1558 1909 1704 1979 εἴρη-

1804 1919 1975 1970 dacem
2000 1919 2146 1984 aufer
2174 1936 2206 1970 a
2236 1935 2347 1981 me;
2383 1927 2436 1971 ut
2472 1919 2618 1988 prior
2637 1921 2898 1989 expositio
2927 1935 3048 1972 vera
3077 1920 3162 1975 sit.
3192 1917 3324 1971 Nam

176 2004 299 2042 κεν·
349 1992 378 2042 ὁ
427 1991 481 2043 δὲ
535 1992 841 2062 Σύμμαχος,
883 1993 1044 2044 Ὸὸὸν
1080 1996 1273 2063 ψευδῆ
1327 1999 1558 2064 περίελε
1602 2000 1702 2052 ἀπ’

172 2078 344 2158 ἐμοῦο
389 2079 464 2142 ὼς
511 2080 787 2151 ἀληθεύειν
831 2081 926 2151 τὴν
985 2087 1376 2157 προειρημένην
1430 2088 1701 2158 ἐξήγησιν.

174 2167 403 2237 Εὕχεται
448 2168 553 2238 γὰρ
584 2168 806 2232 ἕκαστος
844 2171 996 2234 ἐκτὸς
1033 2173 1276 2241 γενέσθαι
1320 2175 1493 2244 πάσης
1522 2176 1705 2244 ψευδο-

173 2255 349 2320 δοξίας
372 2258 461 2309 καὶ
486 2257 581 2328 τῆς
621 2261 743 2327 περὶ
773 2259 867 2322 τὰς
901 2260 1045 2323 θείας
1075 2253 1288 2332 ligavit;
1314 2263 1533 2331 ψευδοῦς
1579 2267 1706 2316 ὑπο-

172 2346 402 2416 λήψεως.

240 2475 405 2530 Ὀδὸν
421 2479 698 2545 ἀληθείας
714 2481 1093 2551 ᾐρετισάμην,
1110 2481 1180 2535 τὰ
1200 2483 1295 2550 κρί
1293 2482 1446 2550 ματὰ
1465 2499 1576 2536 σου
1598 2487 1705 2537 οὐκ

171 2563 561 2633 ἐπελαθόμην.
576 2567 676 2619 Τὸν
694 2568 867 2636 στίχον
891 2568 1072 2622 τοῦτον
1097 2570 1210 2640 ἐρεῖ
1231 2571 1387 2639 μόνος
1403 2572 1429 2622 ὁ
1445 2588 1615 2638 καταιρ
1622 2589 1708 2641 ρο-

172 2654 278 2706 νῶν
306 2655 404 2722 μὲν
422 2653 528 2706 τῶν
552 2654 887 2725 βλεπομένων
920 2657 992 2720 ὡς
1015 2658 1377 2729 προσκαίρων,
1424 2659 1632 2710 σκοπῶν
1651 2658 1706 2710 δὲ

170 2745 236 2794 τὰ
266 2743 343 2812 μὴ
366 2742 661 2815 βλεπόμενα
678 2745 752 2808 ὡς
778 2746 985 2811 αἰώνια,
1011 2748 1101 2800 καὶ
1131 2749 1265 2818 μόνα
1293 2749 1492 2818 κυρίως
1517 2747 1706 2816 ἀληθῆ,

176 2834 266 2886 καὶ
303 2835 388 2886 ἐπ’
422 2836 600 2888 ἐκεῖνα
639 2837 892 2889 σπεύδων.
917 2839 1028 2891 Οὐκ
1067 2838 1317 2909 ἀληθείας
1346 2839 1450 2907 γὰρ
1479 2837 1609 2898 ὁδὸς,
1643 2839 1708 2905 ἣν

169 2924 402 2992 αἱρεῖται
441 2927 469 2976 δ
505 2928 1011 2995 πραγματευόμενος
1048 2929 1136 2981 τὸν
1177 2930 1320 2981 κάτω
1365 2927 1585 2980 πλοῦτον
1616 2928 1708 2978 καὶ

169 3011 269 3074 τὰς
301 3012 392 3064 ἐπὶ
420 3013 523 3082 γῆς
548 3014 721 3078 δόξας.
757 3016 814 3068 Ὀ
837 3011 927 3068 οὖν
954 3017 1200 3086 ἑλόμενος
1225 3017 1443 3077 ὁδεύειν,
1475 3018 1548 3079 ὡς
1575 3018 1708 3069 ἀπο-

168 3100 498 3172 δεδώκαμεν,
522 3103 616 3172 τὴν
638 3104 735 3173 τῆς
761 3104 1013 3174 ἀληθείας
1039 3104 1173 3170 ὁδὸν,
1198 3101 1348 3169 οὗτος
1370 3107 1465 3158 οὐκ
1490 3105 1708 3160 ἐπιλαν-

1801 2018 2049 2079 precatur
2090 2013 2477 2078 unusquisque,
2529 2021 2585 2062 ut
2623 2020 2772 2064 extra
2809 2010 2994 2062 falsam
3031 2011 3325 2078 quamlibet

1802 2101 2109 2154 sententiam
2148 2107 2200 2152 et
2237 2099 2542 2153 mendacem
2570 2100 2635 2154 de
2662 2100 2855 2154 divinis
2892 2099 3181 2168 Scripturis
3208 2098 3326 2167 opi-

1801 2191 2014 2243 nionem
2043 2197 2299 2242 versetur.

1872 2469 2036 2525 Vens.
2081 2471 2166 2525 50.
2213 2471 2359 2524 Viam
2397 2471 2624 2524 veritatis
2665 2470 2811 2539 elegi,
2843 2470 3047 2541 judicia
3090 2479 3180 2522 tua
3225 2484 3326 2521 non

1803 2579 1916 2616 sum
1942 2562 2148 2615 oblitus.
2175 2560 2327 2615 Hunc
2351 2562 2564 2630 quidem
2588 2576 2800 2615 versum
2827 2561 2911 2614 ille
2931 2568 3134 2612 tantum
3162 2560 3325 2623 dicet,

1803 2655 1893 2722 qui
1925 2670 1985 2708 ea
2011 2669 2128 2722 qua:
2159 2654 2257 2707 sub
2286 2662 2558 2721 aspectum
2587 2653 2806 2715 cadunt,
2842 2643 3092 2719 tanquam
3128 2658 3327 2719 tempo-

1801 2759 1960 2797 ranea
1986 2744 2244 2812 despicit;
2269 2743 2554 2806 invisibilia
2594 2749 2791 2803 autem,
2832 2750 2891 2795 ut
2919 2740 3239 2808 sempiterna
3264 2753 3328 2793 ac

1805 2836 1915 2890 sola
1938 2850 2085 2899 vera,
2130 2836 2542 2904 contemplatur,
2579 2842 2631 2889 et
2659 2834 2724 2887 ad
2757 2834 2846 2886 illa
2886 2833 3119 2887 festinat.
3149 2830 3329 2901 Siqui-

1806 2927 1923 2981 dem
1967 2929 2056 2979 illa
2097 2925 2334 2984 veritatis
2364 2929 2445 2980 via
2497 2942 2601 2981 non
2636 2935 2736 2988 est,
2783 2941 2942 2996 quam
2980 2925 3125 2992 eligit
3151 2925 3196 2977 is
3236 2923 3327 2986 qui

1805 3024 2045 3069 terrenas
2078 3013 2293 3069 divitias
2330 3030 2389 3067 ac
2429 3015 2610 3068 mundi
2658 3014 2879 3084 gloriam
2924 3020 3179 3067 sectatur.
3222 3012 3323 3077 Qui

1806 3105 1984 3175 igitur,
2015 3111 2076 3159 ut
2101 3105 2352 3167 diximus,
2381 3105 2431 3156 in
2460 3105 2698 3159 veritatis
2729 3105 2814 3157 via
2851 3103 3093 3158 incedere
3112 3110 3329 3172 coopta-

169 3189 460 3260 θανόμενος
487 3193 591 3244 τῶν
624 3194 900 3262 χριμάτων
919 3193 1020 3247 ’τοῦ
1052 3195 1182 3248 Θεοῦ
1213 3197 1304 3249 καὶ
1334 3195 1441 3248 τῶν
1476 3199 1706 3251 ἀνταπο-

1806 3195 1900 3258 vit,
1926 3193 2011 3247 hic
2033 3209 2140 3247 non
2161 3193 2437 3248 immemor
2461 3193 2782 3260 judiciorum
2815 3191 2927 3254 Dei,
2948 3201 3001 3246 et
3027 3190 3330 3246 retributio-

164 3280 369 3334 δόσεων
396 3283 556 3334 αὐτοῦ
583 3282 641 3334 τὸ
666 3283 896 3337 τοιοῦτον
920 3286 1162 3354 πράττει.
1207 3288 1265 3339 '0
1289 3287 1581 3357 φιλαλήθης
1617 3290 1708 3341 καὶ

170 3373 382 3440 μήποτε
405 3372 686 3442 προφέρων
708 3372 873 3443 ψευδῆ
893 3375 1043 3442 λόγον
1061 3375 1148 3428 διὰ
1175 3376 1434 3446 στόματος
1455 3377 1594 3429 εἴποι
1620 3377 1704 3430 ἄν·

177 3459 351 3512 Ὀδὸν
384 3461 661 3528 ἀληθείας
695 3463 1069 3533 ᾑρετισάμην.
1134 3464 1287 3517 ’Δλλὰ
1318 3468 1406 3518 καὶ
1429 3466 1457 3516 ὁ
1487 3466 1709 3519 διαπαν-

164 3551 256 3616 τδς
304 3554 409 3624 πρὸ
451 3553 736 3624 ὀφθαλμῶν
777 3555 1049 3624 τιθέμενος
1081 3556 1148 3609 τὰ
1176 3556 1268 3609 τοῦ
1302 3557 1431 3610 Θεοῦ
1474 3559 1709 3629 κρίματα

163 3640 261 3693 καὶ
298 3641 392 3692 ἐπὶ
427 3640 572 3712 πάσῃ
619 3642 808 3712 πράξει
848 3644 1182 3715 μεμνημένος
1227 3646 1402 3701 αὐτῶν
1450 3648 1588 3718 ὲρεί·
1630 3647 1710 3702 Τὰ

164 3728 426 3797 κρίματα
450 3745 563 3796 σου
597 3735 706 3785 οὐκ
739 3733 1111 3804 ἐπελαθόμην

247 3819 618 3888 Ἐκολλήθην
641 3823 760 3888 τοῖς
785 3825 1120 3892 μαρτυρίοις
1149 3840 1281 3887 σου,
1315 3829 1502 3892 Κύριε,
1529 3826 1611 3895 μή
1634 3841 1713 3895 με

160 3910 593 3975 καταισχύνῃς.
630 3910 953 3979 Κεκόλληται
981 3913 1089 3974 τοῖς
1117 3912 1426 3981 μαρτύρίοις
1454 3915 1481 3966 δ
1511 3914 1600 3966 ἐπὶ
1623 3913 1708 3965 λό-

160 4010 287 4063 γοις
311 3999 424 4058 τοῖς
450 3997 575 4066 περὶ
602 3996 824 4065 οὐρανοῦ
851 3998 940 4048 καὶ
968 3997 1086 4067 γῆς,
1119 3999 1150 4068 ἥ
1183 4016 1320 4062 τινος
1342 3999 1445 4052 τῶν
1473 4017 1710 4071 γεγραμ-

162 4083 351 4150 μένων
395 4084 832 4152 παραδεδομένας
884 4084 1013 4138 ἑνῶν
1062 4087 1267 4149 ἑαυτὸν,
1319 4088 1409 4140 καὶ
1456 4090 1711 4160 μηδαμῶς

163 4169 347 4222 τῦτῶν
367 4173 700 4241 ἀφεστηκώς.
729 4167 890 4236 Οὗτος
923 4175 1014 4226 καὶ
1044 4167 1306 4248 θαρρείτω
1333 4177 1430 4229 κᾶν
1455 4179 1710 4249 πρότερον

149 4251 306 4330 Αεργα
338 4259 590 4330 αἰσχύνης
618 4261 920 4330 πεποιηκώς
949 4280 962 4292 ·
1009 4264 1042 4333 ἢ
1087 4267 1177 4317 καὶ
1207 4267 1417 4318 αἰτείτω
1449 4267 1710 4320 ἀπὸ·Θεοῦ

161 4352 386 4417 Ξφεσιν,
436 4353 527 4405 καὶ
567 4353 781 4420 λεγέτω·
809 4355 999 4420 Κύριε,
1051 4353 1132 4422 μή
1171 4372 1246 4425 με
1295 4357 1708 4424 καταισχύνῃς.

164 4444 360 4496 ὀὅὸν
379 4442 636 4496 ἐντολῶν
655 4459 766 4496 σου
790 4443 1059 4510 ἔδραμον,
1084 4445 1223 4497 ὅταν
1246 4445 1578 4509 exitiumue
1602 4445 1713 4511 τὴν

1805 3299 1932 3339 num
1963 3284 2100 3350 ejus,
2131 3300 2195 3337 eo
2225 3298 2343 3336 sese
2372 3284 2527 3336 modo
2565 3284 2719 3352 gerit.
2747 3282 2847 3348 Qui
2883 3281 3117 3336 veritatis
3144 3293 3330 3334 amans

1805 3384 1908 3437 est,
1926 3382 1991 3438 et,
2009 3373 2283 3427 mendacia
2310 3389 2402 3427 ore
2431 3389 2528 3426 suo
2545 3386 2823 3441 nunquam
2854 3371 3073 3440 profert,
3097 3369 3327 3424 dixerit:

1819 3463 1963 3517 Viam
1992 3464 2220 3516 veritatis
2247 3464 2392 3530 elegi.
2431 3460 2534 3516 Sed
2562 3463 2722 3515 etiam
2746 3461 2834 3530 qui
2870 3461 2960 3514 Dei
2987 3459 3188 3528 judicia
3222 3473 3330 3529 prae

1806 3556 1976 3611 oculis
2014 3553 2415 3628 sempephabet
2455 3563 2508 3606 et
2534 3554 2586 3605 in
2630 3555 2775 3606 omni
2804 3567 2961 3622 opere
3005 3566 3103 3604 suo
3143 3565 3328 3606 eorum

1805 3645 2064 3712 meminit,
2089 3645 2261 3699 dicet:
2289 3642 2498 3695 Iudicia
2528 3653 2619 3694 tua
2650 3659 2748 3695 non
2774 3658 2885 3696 sunt
2914 3641 3101 3695 oblitus

1874 3819 2148 3884 Vens.5l,
2194 3818 2281 3873 52.
2329 3818 2540 3872 Adhazsi
2570 3819 2870 3872 testimoniis
2919 3819 3042 3879 tuis,
3094 3815 3329 3878 Domine,

1806 3911 1913 3962 noli
1941 3925 2019 3962 me
2073 3908 2398 3976 confundere.
2448 3909 2541 3962 Ille
2598 3908 2915 3962 testimoniis
2957 3908 3208 3969 adhaeret,
3236 3907 3336 3976 qui

1808 3999 2145 4054 sermonibus
2186 3999 2250 4052 de
2285 3999 2422 4058 cmlo
2449 4006 2499 4052 et
2531 4003 2693 4058 terra,
2723 3997 2804 4050 vel
2833 3997 3022 4064 quavis
3048 3997 3148 4050 alia
3177 3995 3241 4050 de
3273 4011 3332 4052 re

1808 4091 2004 4159 scripto
2030 4090 2240 4144 traditis
2267 4087 2627 4154 seseaddicit,
2660 4094 2712 4140 et
2740 4086 3042 4140 nullatenus
3070 4087 3135 4141 ab
3161 4087 3226 4140 iis
3255 4102 3332 4141 re-

1808 4179 1966 4234 cedit.
2011 4177 2107 4233 Hic
2139 4193 2263 4232 vero
2300 4178 2548 4238 confidat.
2599 4179 2721 4231 licet
2769 4176 2918 4245 prius
2960 4190 3120 4245 opera
3157 4176 3330 4243 turpia

1808 4269 2156 4340 perpetrarit;
2181 4270 2291 4323 sive
2312 4268 2468 4323 etiam
2499 4268 2724 4336 postulet
2753 4281 2781 4318 a
2812 4265 2918 4320 Deo
2941 4280 3329 4328 remissionem,

1808 4368 1861 4413 et
1889 4359 2032 4412 dicat
2060 4377 2072 4411 :
2104 4357 2338 4418 Domine,
2374 4355 2478 4408 noli
2518 4371 2597 4407 me
2625 4349 2954 4422 confundere.
3000 4352 3147 4405 Viam
3183 4369 3332 4404 man-

1809 4445 2049 4500 datorum
2093 4453 2295 4498 tuorum
2336 4441 2559 4502 cucurri,
2593 4458 2704 4494 cum
2743 4441 2981 4494 dilatasti
3026 4457 3111 4493 cor
3143 4457 3325 4492 meum.

153 4528 578 4600 καρδίαν-’βοή
608 4533 912 4602 Διέδραμον,
943 4535 1120 4602 φησιν,
1150 4537 1205 4585 ὲν
1235 4536 1418 4602 βραχεῖ
1452 4536 1620 4604 χρόνῳ
1649 4535 1706 4586 ού

1809 4536 1981 4600 Brevi,
2013 4535 2215 4602 inquit,
2265 4540 2498 4599 tempore
2539 4530 2818 4584 decucurri
2865 4546 2968 4583 non
3017 4531 3192 4590 unius,
3238 4529 3329 4582 sed

158 4623 300 4689 μιᾶς
338 4620 571 4688 ἐντολῆς,
600 4618 732 4674 ἀλλὰ
760 4622 940 4674 πασῶν
983 4623 1204 4674 ἐντολῶν
1236 4639 1324 4673 σου
1361 4623 1454 4692 τὴν
1483 4623 1595 4674 ὁδὸν
1624 4625 1708 4694 ερ-

153 4725 281 4774 γοις
310 4707 593 4774 ἐπιτελῶν,
626 4712 716 4762 καὶ
742 4712 928 4774 αὑταῖς
963 4712 1273 4780 «pagum
1307 4713 1407 4764 ὑπὸ
1434 4713 1536 4764 τῶν
1568 4715 1709 4764 ἐντο-

153 4796 270 4850 λῶν
306 4814 403 4849 σου
435 4796 836 4866 διηγορευμένα.
865 4799 1018 4851 Ὅθεν
1050 4799 1140 4850 καὶ
1179 4799 1402 4864 Παῦλος,
1427 4801 1712 4862 τετελεκὼς

152 4889 350 4952 τοῦτο,
383 4887 531 4957 φησι·
569 4886 676 4939 Τὸν
700 4887 916 4956 δρόμον
945 4889 1235 4952 τετέλεκα,
1271 4890 1381 4957 τὴν
1405 4891 1604 4944 πίστιν
1623 4908 1711 4944 τε-

152 4976 422 5045 tum“.

227 5062 761 5131 Νομοθέτησόνμε,
813 5069 1002 5132 Κύριε,
1032 5065 1144 5132 τὴν
1176 5067 1314 5120 όδὸν
1343 5068 1456 5120 τῶν
1488 5067 1712 5120 δικαιω·

148 5152 380 5220 μάτων
401 5168 533 5204 a'ov'
574 5151 669 5203 καὶ
713 5151 1008 5222 ἐκζητήσω
1049 5156 1238 5224 αὐτὴν
1265 5158 1593 5222 διαπαντός.
1633 5158 1712 5211 Τὰ

155 5238 267 5307 μὲν
298 5239 418 5310 γὰρ
449 5240 594 5311 παρὰ
620 5240 708 5292 τοῦ
743 5241 872 5294 Θεοῦ
902 5246 1056 5305 αἰτεῖ,
1082 5244 1142 5296 τὸ
1169 5246 1222 5298 δὲ
1254 5247 1628 5314 ἐπαγγέλλεται
1654 5247 1709 5313 ἐξ

155 5326 373 5380 ἑαυτοῦ
398 5329 774 5402 συνεισφέρειν.
804 5331 870 5384 Σὺ
893 5333 987 5401 μὲν
1003 5333 1128 5402 γὰρ,
1161 5337 1338 5405 φησὶν,
1357 5330 1399 5388 ὦ
1415 5335 1600 5406 Κύριε,
1627 5353 1710 5387 νο-

156 5415 478 5484 poemati;
515 5433 580 5486 με
610 5418 704 5488 τὴν
733 5418 844 5470 ὁδὸν
870 5419 974 5472 τῶν
997 5420 1364 5493 δικαιωμάτων
1393 5441 1502 5476 σούο
1529 5421 1634 5490 ἐγὼ
1653 5422 1708 5474 δὲ

153 5506 255 5559 τδν
286 5505 398 5573 τῆς
422 5508 562 5577 ζωῆς
591 5527 688 5580 μου
738 5511 946 5564 ἅπαντα
986 5513 1167 5584 χρόνον
1195 5513 1434 5568 ἐπιδώσω
1480 5515 1536 5568 ὲν
1563 5512 1708 5583 αὐτῷ

153 5598 244 5662 αις
274 5594 612 5668 ἀναζήτησιν
641 5602 821 5673 αὐτῆς.

229 5745 261 5784 ⁸
294 5745 348 5802 ll
385 5743 520 5802 Tim.
558 5763 628 5805 tv.
663 5750 713 5801 7.

1806 4628 2040 4682 omnium
2073 4621 2438 4676 mandatorum
2469 4630 2679 4674 tuorum
2706 4623 2864 4678 viam,
2888 4620 3139 4689 operibus
3164 4627 3216 4672 et
3242 4634 3331 4671 ac-

1808 4715 2197 4769 tionibus‘meis
2217 4728 2277 4765 ea
2297 4713 2592 4779 complens,
2615 4727 2734 4779 quae
2752 4711 3017 4764 mandatis
3039 4710 3145 4763 tuis
3163 4725 3332 4762 enun-

1807 4807 2019 4858 tiantur.
2043 4801 2394 4867 Quamobrem
2417 4800 2612 4854 Paulus
2638 4815 2757 4854 cum
2791 4816 2852 4854 ea
2887 4807 3329 4860 consummasset,

1806 4893 1879 4947 ait
1912 4909 1924 4942 :
1962 4890 2183 4944 Cursum
2215 4890 2583 4954 consummavi,
2619 4888 2770 4955 ﬁdem
2799 4889 3055 4942 servavi’.

1885 5072 2038 5116 Vens.
2066 5061 2151 5114 55.
2185 5059 2363 5130 Legem
2403 5076 2531 5128 pone
2560 5061 2703 5118 mihi,
2735 5057 2968 5120 Domine,
3016 5059 3150 5111 viam
3172 5057 3332 5124 justi-

1809 5153 2104 5221 ﬁcationum
2137 5160 2363 5213 tuarum,
2395 5144 2444 5203 et
2477 5149 2742 5219 exquiram
2775 5163 2887 5200 eam
2922 5163 3134 5212 semper.
3174 5146 3331 5200 Aliud

1811 5257 1839 5295 a
1876 5241 1981 5294 Deo
2013 5241 2164 5309 petit,
2199 5242 2342 5295 aliud
2376 5256 2441 5295 ex
2464 5246 2612 5310 parte
2640 5252 2735 5292 sua
2763 5251 2821 5292 se
2862 5238 3174 5290 collaturum
3205 5249 3330 5302 pro.

1807 5332 1988 5386 mittit.
2018 5329 2095 5382 Tu
2133 5332 2293 5394 enim,
2329 5330 2521 5398 inquit,
2557 5328 2796 5390 Domine,
2845 5327 3011 5395 legem
3038 5339 3173 5392 pone
3200 5325 3329 5379 mihi

1810 5425 1945 5478 viam
1974 5422 2417 5491 justiﬁeationum
2447 5428 2657 5473 tuarum
2693 5434 2708 5471 :
2735 5431 2833 5486 ego
2862 5425 3035 5468 autem
3076 5417 3185 5467 leto
3210 5415 3331 5469 vita

1809 5528 1938 5570 meae
1967 5521 2206 5582 tempore
2236 5513 2289 5567 in
2316 5510 2431 5580 ejus
2459 5507 2801 5578 inquisitione
2826 5503 3125 5576 persistam.
