3994 6354
217 426 352 483 1375

1316 435 1811 492 COMMENTARIA
1841 437 1908 492 IN
1945 437 2280 493 PSALMOS.
2347 485 2350 488 λ

3266 439 3286 491 ί
3299 436 3405 491 δη

217 548 348 616 pair.
375 547 478 600 Kal
501 547 788 615 ἐμελέτων
813 548 880 599 ἐν
900 547 1024 613 ταῖς
1049 548 1318 616 ἐντολαῖς
1341 567 1476 616 σου,
1506 549 1600 620 αἶς
1625 553 1757 623 ἡγιί·

1867 556 1979 608 vavi
2005 571 2188 608 manus
2211 555 2280 608 ad
2315 554 2566 607 mandata
2598 564 2684 606 tua
2707 550 2820 622 quia
2847 553 3028 616 dilexi,
3060 563 3109 608 et
3131 555 3402 609 exercebar

215 653 381 704 πησα
395 638 642 705 σφόδρα.
685 639 794 691 Kal
821 635 938 708 ᾖρα
964 638 1070 705 τὰς
1092 639 1289 708 χεῖρας
1308 643 1453 708 πρὸς
1475 643 1579 708 τὰς
1595 645 1760 697 ἐντο-

214 726 329 794 λάς
359 741 493 790 σου,
526 729 598 791 ἃς
626 727 924 796 ἠγάπησα,
973 729 1069 783 καὶ
1113 730 1491 800 ήδολέσχουν
1536 734 1603 786 ἐν
1639 735 1759 800 τοῖς

214 814 557 882 auaui)le
582 814 911 888 o'ov.-'Apzt
931 821 1117 890 χεῖρας
1149 820 1282 890 πρὸς
1313 821 1528 884 ἐντολάς
1559 825 1672 874 ἐστι
1701 825 1759 876 τὸ

215 910 392 962 πᾶσαν
423 908 616 976 πρᾶξιν
640 909 773 978 πρὸς
798 910 1010 972 ἐντολὰς
1034 910 1176 972 Θείας
1203 911 1572 982 ἁρμοζομένην
1601 913 1762 983 ἐργά-

219 997 416 1063 ζεσθαι.
443 997 644 1050 Οὐκοῦν
664 1000 917 1068 ἑκάτερον
941 1001 1078 1070 μὲνὸ
1098 1000 1393 1071 Ψαλμῳδδς
1420 1003 1592 1072 ἑαυτῷ
1622 1020 1759 1073 μαρ-

215 1088 382 1155 τυρεῖ·
443 1086 574 1154 ὁμοῦ
627 1087 680 1139 δὲ
725 1091 853 1158 ἡμῖν
905 1089 1178 1158 νομοθετεί
1226 1094 1342 1153 ταῖς
1389 1091 1623 1154 ἐντολαῖς
1667 1093 1757 1144 τοῦ

214 1172 346 1226 Θεοῦ
388 1176 639 1245 παρέχειν
663 1179 759 1247 τὴν
797 1171 1140 1247 κατόρθωσιν,
1177 1182 1430 1250 παρέχειν
1461 1181 1516 1233 δὲ
1545 1182 1634 1233 καὶ
1664 1182 1760 1250 τὴν

217 1264 307 1317 ἐπὶ
342 1265 473 1318 πολὺ
520 1267 746 1337 μελέτην
787 1271 877 1323 καὶ
912 1272 1157 1343 Θεωρία-ι’
1197 1270 1334 1323 οὓτω
1377 1271 1482 1342 γὰρ
1522 1272 1670 1324 αὐτοί
1703 1289 1759 1324 τε

213 1354 503 1423 κατορθοῦν
531 1358 928 1431 ἀκριϐέστερον,
957 1362 1045 1414 καὶ
1075 1362 1197 1424 τοὺς
1233 1361 1418 1424 ἄλλους
1448 1361 1655 1430 ἐνάγειν
1683 1363 1761 1425 είς

212 1445 544 1515 κατόρθωσιν
569 1447 776 1519 ἕξομεν.
1741 1520 1748 1526 _

283 1537 588 1605 Μνήσθητι
641 1539 754 1592 τῶν
796 1542 989 1608 λόγων
1035 1558 1149 1595 σου
1189 1540 1268 1606 τῷ
1311 1543 1506 1608 δούλῳ
1544 1557 1678 1605 σου,
1714 1533 1763 1606 ᾦ

209 1627 549 1695 ἐπήλπισοίς
578 1647 672 1698 με.
707 1631 863 1697 Αὕτη
907 1648 981 1699 με
1005 1632 1414 1701 παρεκάλεσεν
1435 1634 1504 1685 ὲν
1540 1632 1613 1700 τῇ
1659 1649 1758 1685 τα-

210 1717 483 1772 πεινώσει
514 1738 650 1788 μου,
677 1721 763 1774 ὅτι
784 1722 850 1775 τὸ
875 1723 1080 1791 λόγιόν
1104 1737 1220 1777 σου
1239 1723 1408 1790 ἐζησέ
1425 1741 1519 1791 με.
1563 1725 1761 1790 ’Υπερο

209 1808 427 1875 ήφανοι
454 1815 839 1880 παρηνόμουν
865 1813 974 1877 ἕως
1004 1813 1255 1882 σφόδρα,
1293 1812 1409 1867 ἀπὸ
1436 1813 1501 1865 δὲ
1526 1812 1632 1866 τοῦ
1665 1814 1761 1866 νό-

1860 645 1915 697 in
1938 643 2402 711 justiﬁcationibus
2433 644 2554 696 tuis.
2583 642 2782 696 Levare
2813 657 3002 696 manus
3034 643 3100 696 ad
3126 644 3399 706 mandata,

1860 745 1942 789 est
1977 751 2188 788 onmem
2211 733 2476 788 actionem
2501 733 2568 787 ad
2588 733 2766 787 divina
2789 731 3036 786 mandata
3069 741 3399 802 spectantem

1861 826 2034 880 edere.
2061 824 2359 895 Utrumque
2381 825 2543 895 igitur
2565 826 2630 878 de
2655 840 2713 879 se
2735 824 3016 879 Psalmista
3041 804 3396 880 testificatur':

1863 926 2021 983 atque
2053 931 2156 968 una
2187 916 2345 973 nobis
2380 915 2620 984 prmcipit
2659 923 2718 967 ut
2756 915 3003 969 mandata
3034 914 3124 968 Dei
3157 915 3402 984 perficia-

1862 1020 2020 1072 mus;
2070 1007 2198 1075 quin
2234 1007 2394 1059 etiam
2438 1014 2498 1061 ut
2535 1007 2821 1076 plurimum
2882 1007 2972 1059 illa
2998 1006 3312 1060 meditemur
3347 1016 3402 1061 et

1862 1096 2319 1163 contemplemur;
2351 1096 2424 1149 ita
2468 1097 2608 1151 enim
2653 1094 2704 1148 id
2731 1095 3111 1160 obtmebimus,
3142 1105 3197 1149 ut
3223 1103 3275 1149 et
3301 1098 3400 1164 ipsi

1862 1187 2167 1239 accuratius
2196 1200 2575 1255 exsequamur,
2600 1193 2652 1239 et
2672 1186 2790 1239 aliis
2808 1187 3131 1256 exsequendi
3154 1193 3402 1240 auctores

1862 1289 2049 1328 sumus.

1930 1527 2090 1582 Vens.
2125 1529 2322 1585 49-51.
2361 1529 2558 1583 Memor
2587 1540 2696 1584 esto
2727 1531 2994 1586 verborum
3021 1543 3226 1587 tuorum
3258 1550 3399 1587 serra

1861 1629 1965 1683 tuo,
1997 1621 2048 1672 in
2075 1637 2175 1687 quo
2205 1621 2330 1673 mihi
2356 1636 2492 1688 spem
2516 1621 2723 1676 dedisti.
2761 1623 2887 1676 Haec
2923 1641 2999 1677 me
3026 1625 3293 1677 consolata
3321 1635 3398 1678 est

1859 1712 1914 1763 in
1950 1711 2239 1765 humilitate
2269 1728 2401 1775 mea,
2450 1712 2570 1780 quia
2624 1713 2882 1781 eloquium
2937 1723 3080 1766 tuum
3125 1715 3400 1783 vivi/icavit

1859 1818 1958 1855 me.
2001 1802 2218 1871 Superbi
2267 1805 2439 1872 inique
2475 1803 2692 1872 agebant
2733 1820 2889 1871 usque
2920 1805 3083 1870 valde,
3115 1823 3147 1858 a
3176 1808 3280 1877 lege
3310 1824 3400 1859 au-

202 1914 323 1964 μου
350 1913 463 1953 σου
653 1875 960 1963 ἐξέκλινα(
987 1903 1031 1954 Τ
1032 1875 1105 1956 ὧν
1133 1875 1449 1972 ἑτεροδόξων
1477 1903 1757 1968 ἀλαζονευ-

1862 1900 1959 1945 tem
1983 1901 2070 1944 tua
2095 1909 2196 1945 non
2218 1893 2485 1944 declinavi.
2520 1891 2653 1944 Cum
2683 1891 2989 1946 heterodori
3014 1875 3241 1962 superbe
3268 1910 3397 1947 con-

208 1987 414 2056 ομένων
458 1990 594 2043 κατὰ
633 1990 724 2044 τοῦ
774 1993 933 2060 νόμου
957 1991 1032 2063 τῷ
1078 1993 1376 2047 διαϐάλλειν
1409 1994 1565 2046 αὑτὸν
1588 2033 1603 2058 ,
1650 1992 1762 2061 ἐγὼ

210 2077 412 2148 σερὸδρα
434 2080 531 2148 τῆς
577 2080 816 2151 φυλακῆς
847 2075 1004 2134 αύτοῦ
1052 2085 1425 2154 περιειχόμην,
1463 2085 1596 2154 μηδὲ
1641 2085 1759 2137 κατ’

206 2167 381 2236 ὀλίγον
410 2169 660 2238 κλονῆσαι
686 2172 781 2242 τὴν
810 2174 942 2242 πρὸς
966 2174 1122 2226 αὐτὸν
1153 2176 1546 2242 συγκατάθεσιν
1577 2175 1762 2243 ἀνεχό-

208 2273 391 2327 μενος.
437 2260 768 2328 Ἐμνήσθην
801 2260 916 2314 τῶν
953 2263 1243 2332 χριμάτων
1267 2281 1380 2317 σου
1405 2265 1503 2317 ἀπ’
1528 2264 1757 2328 αἰῶνος,

207 2349 402 2414 Κύριε,
427 2351 521 2402 καὶ
544 2351 942 2419 παρεκλήθην.
994 2354 1232 2422 Ἀθ-υμία
1267 2354 1520 2421 κατέσχε
1541 2371 1615 2420 με
1643 2354 1759 2407 ἀπὸ

207 2437 565 2504 ἁμαρτωλῶν
606 2440 721 2492 τῶν
763 2441 1395 2509 ἐγκαταλιμπανόντων
1437 2444 1542 2497 τὸν
1576 2444 1760 2512 νόμον

207 2543 345 2582 σου.
384 2531 585 2581 Ψαλτὰ
607 2528 767 2598 ἦσάν
783 2549 882 2598 μοι
908 2533 978 2585 τὰ
1005 2531 1355 2600 δικαιώματά
1375 2547 1489 2588 σου
1516 2535 1584 2588 ἐν
1604 2532 1760 2602 τόπῳ

207 2618 515 2682 παροικίας
546 2635 685 2685 μου.
729 2620 1070 2688 Ἐμνήσθην
1105 2622 1174 2674 ἐν
1218 2624 1385 2676 νυκτὶ
1418 2624 1522 2678 τοῦ
1553 2626 1761 2693 ὀνόμα-

208 2704 310 2767 τός
332 2718 466 2766 σου,
497 2706 687 2773 Κύριε,
721 2708 817 2760 καὶ
851 2709 1120 2776 ἐφύλαξα
1149 2710 1254 2763 τὸν
1276 2713 1461 2780 νόμον
1489 2729 1622 2767 σου.
1650 2714 1761 2767 Αὕ-

206 2806 280 2858 τη
566 2812 684 2862 μοι,
709 2795 796 2848 ὅτι
824 2797 891 2850 τὰ
915 2796 1262 2866 δικαιώματά
1285 2815 1398 2853 σου
1420 2801 1756 2869 ἑξεζήτησα.

277 2882 456 2948 Μερίς
476 2900 591 2950 μου
619 2880 691 2946 εἴ,
721 2886 891 2951 Κύριε
909 2903 921 2915 ·
962 2884 1098 2941 εἶπα
1126 2889 1504 2956 φυλάξασθαι
1533 2892 1636 2942 τὸν
1664 2893 1761 2944 νόο

200 2985 324 3036 μον
347 2984 478 3022 σου.
516 2972 573 3023 '0
601 2973 1000 3044 ἀποταξάμενος
1026 2980 1136 3038 τοῖς
1163 2976 1431 3044 βιωτικοῖς
1453 2979 1757 3049 πράγμασι,

209 3063 304 3116 καὶ
336 3060 599 3134 μηδεμίαν
628 3064 764 3133 ἔχων
791 3065 979 3134 μερίδα
1002 3067 1094 3119 ἐπὶ
1115 3066 1238 3136 γῆς,
1272 3067 1392 3137 μηδ’
1408 3069 1465 3119 ὲν
1489 3067 1565 3138 τῷ
1589 3067 1761 3124 Θέλειν

1858 1990 1940 2036 tra
1971 1983 2142 2051 legem
2175 1992 2412 2051 agerent,
2448 1989 2506 2034 ut
2555 1995 2675 2036 eam
2716 1979 3080 2045 traducerent,
3135 1998 3234 2050 ego
3281 1984 3397 2049 ejus

1858 2072 2215 2129 observationi
2266 2072 2550 2126 admodum
2601 2072 2973 2136 attendebam,
3028 2087 3205 2126 meum
3270 2089 3396 2142 erga

1858 2165 2002 2239 illam
2029 2162 2273 2216 aﬂ'ectum
2307 2178 2374 2216 ne
2417 2163 2694 2223 minimum
2741 2161 2955 2230 quidem
3004 2163 3238 2216 titubare
3271 2179 3394 2231 per-

1857 2256 2093 2309 mittens.
2142 2275 2210 2294 —
2258 2253 2418 2308 Vens.
2453 2253 2661 2308 52-56.
2710 2253 2909 2307 Memor
2958 2254 3035 2322 fui
3079 2254 3396 2322 judiciorum

1860 2357 2064 2400 tuorum
2098 2364 2129 2398 a
2158 2347 2369 2408 swculo,
2401 2347 2636 2408 Domine,
2674 2358 2722 2399 et
2752 2347 3049 2399 consolatus
3077 2361 3210 2399 sum.
3244 2344 3397 2412 Defe-

1857 2437 1957 2490 ctio
1989 2437 2150 2489 tenuit
2195 2452 2273 2489 me
2309 2452 2402 2504 pro
2430 2435 2780 2502 peccatoribus
2811 2435 3278 2503 derelinquentibus
3325 2436 3396 2487 le-

1857 2545 1965 2597 gem
2001 2536 2162 2603 tuam.
2197 2525 2492 2579 Cantabiles
2524 2526 2648 2577 mihi
2679 2533 2826 2578 erant
2859 2526 3262 2594 justiﬁcationes
3295 2535 3402 2578 tua:~

1858 2618 1911 2669 in
1937 2617 2049 2670 loco
2069 2617 2493 2684 peregrinationis
2523 2630 2666 2670 mete.
2687 2615 2887 2667 Memor
2917 2616 2995 2683 fui
3010 2624 3156 2668 nocte
3171 2616 3394 2668 nominis

1860 2709 1953 2769 tui,
1987 2706 2224 2770 Domine,
2256 2715 2303 2760 et
2341 2706 2591 2758 custodivi
2626 2705 2784 2775 legem
2811 2715 2971 2758 tuam.
3015 2705 3138 2759 "rec
3157 2705 3296 2773 facta
3318 2719 3394 2759 est

1859 2797 2003 2859 mihi,
2043 2801 2164 2865 quia
2187 2797 2590 2865 justiﬁcationes
2622 2807 2738 2850 tuas
2766 2796 3037 2864 exquisivi.
3331 2857 3335 2860 ι

1927 2886 2087 2941 Vens.
2134 2887 2222 2941 57.
2261 2887 2447 2942 Portio
2502 2904 2615 2941 mea
2653 2904 2727 2952 es,
2769 2887 2983 2940 Domine
3019 2903 3036 2939 :
3066 2887 3179 2939 dixi
3217 2895 3385 2939 custo-

1857 2977 1970 3030 dire
1995 2976 2153 3046 legem
2174 2986 2340 3036 tuam.
2379 2978 2481 3043 Qui
2505 2978 2854 3032 saecularibus
2884 2978 3044 3045 hujus
3084 2978 3205 3031 vita:
3237 2978 3394 3031 rebus

1859 3065 2153 3129 renuntiat,
2195 3066 2505 3135 nullamque
2567 3068 2622 3119 in
2679 3073 2824 3120 terra
2873 3051 3189 3135 portionem
3217 3067 3391 3127 habet.

208 3152 278 3204 τὰ
293 3154 534 3218 τοιαῦτα,
558 3154 669 3206 ἀλλ’
700 3155 1032 3226 ἀρκούμενος
1059 3157 1179 3210 ἀντὶ
1211 3158 1424 3211 πάντων
1449 3157 1527 3228 τῷ
1554 3159 1757 3230 Κυρίῳ,

1860 3172 2032 3228 neque
2062 3173 2152 3213 res
2181 3157 2486 3213 istiusmodi
2516 3158 2872 3225 concupiscit,
2910 3157 3000 3212 sed
3027 3156 3251 3209 Domino
3281 3157 3397 3210 vice

210 3246 327 3313 ἐρεῖ
349 3261 360 3272 ·
388 3245 565 3311 Μερίς
579 3263 695 3312 μου
715 3248 946 3315 Κύριος.
972 3247 1156 3318 Τούτῳ
1181 3248 1540 3312 δὲάκολουθεῖ
1557 3249 1760 3317 λέγειν·

215 3328 369 3388 Bina
415 3335 793 3400 φυλάξασθαι
840 3337 946 3392 τὸν
988 3336 1174 3407 νόμον
1215 3353 1351 3401 σου,
1403 3341 1644 3393 τουτέστι
1675 3341 1763 3394 τὸν

213 3425 594 3491 πνευματικὸν,
655 3427 778 3495 περὶ
824 3422 883 3480 οὗ
916 3411 968 3479 ‘b
1020 3426 1228 3490 Παῦλος
1266 3429 1452 3500 λέγει·
1515 3430 1765 3498 Οἴδαμεν

210 3510 299 3564 ὅτι
322 3516 710 3580 πνευματικός
732 3516 860 3567 ἐστι
893 3517 1090 3584 νόμος,
1121 3517 1213 3568 καὶ
1239 3517 1306 3569 τὰ
1331 3517 1473 3586 ἑξῆς.
1506 3518 1628 3580 Πῶς
1656 3518 1764 3589 γὰρ

208 3603 270 3654 οὐ
306 3601 593 3669 φυλάξουσι
631 3605 719 3656 τὸν
751 3605 910 3676 νόμον
943 3606 974 3675 ἢ
1004 3606 1103 3670 τὰς
1126 3606 1342 3669 ἐντολὰς
1364 3605 1456 3659 τοῦ
1481 3609 1681 3678 Κυρίου
1712 3609 1763 3661 οἱ

215 3693 404 3762 μερίδα
441 3695 599 3746 αὑτὸν
628 3695 834 3764 ἔχοντες
868 3697 1008 3750 κατὰ
1038 3697 1162 3761 τοὺς
1187 3698 1439 3761 Δευττας,
1480 3692 1559 3762 οἷς
1585 3699 1763 3769 διηγό-

211 3799 398 3852 ρευται
453 3785 616 3855 μηδὲν
666 3787 955 3857 κεκτῆσθαι
1003 3785 1282 3841 κατὰτδν
1311 3787 1455 3856 βίονς
1503 3787 1762 3842 Λέλεκται

210 3875 323 3944 γάρ
342 3891 354 3902 ·
381 3875 505 3941 Τοῖς
527 3877 792 3941 Λευΐταις
816 3877 912 3929 καὶ
931 3869 1049 3941 τοῖς
1069 3876 1329 3944 ἱερεῦσιν
1351 3875 1501 3943 υἱοῖς
1529 3876 1758 3944 Ἀαρὼν,

209 3965 324 4015 οὐκ
364 3965 491 4017 ἐστι
537 3965 723 4031 μερὶς,
751 3964 891 4017 οὐδὲ
929 3966 1288 4033 κληρονομία
1328 3966 1396 4018 ἐν
1452 3967 1574 4031 τοῖς
1611 3966 1760 4033 υἱοῖς

221 4053 488 4119 Ἰσραὴλ.
518 4052 664 4104 διότι
689 4053 894 4118 Κύριος
916 4052 1081 4119 μερὶς
1115 4053 1327 4126 αὐτῶν.

294 4140 571 4205 Ἐ’δεήθην
610 4139 714 4192 τοῦ
755 4140 1107 4207 προσώπου.
1137 4126 1268 4197 σου’
1293 4143 1361 4196 ἑν
1397 4143 1509 4212 ὅλῃ
1551 4144 1757 4212 καρδίᾳ

203 4249 325 4302 μου
343 4249 356 4261 ·
389 4218 646 4299 ἐλέησόν
677 4247 752 4299 με
774 4232 921 4286 κατὰ
945 4231 1008 4285 τὸ
1030 4235 1245 4301 λόγιόν
1269 4250 1403 4289 σου.
1427 4236 1755 4307 Διελογισάρ

201 4340 331 4394 μην
361 4322 466 4388 τὰς
513 4321 688 4388 ὁδούς
715 4336 847 4386 σου,
900 4323 997 4375 καὶ
1021 4323 1356 4392 ἐπέστρεψα
1404 4325 1543 4391 τοὺς
1573 4325 1758 4392 πόδας

201 4431 324 4481 μου
350 4416 436 4478 εις
478 4413 547 4466 τὰ
576 4412 860 4482 μαρτύριά
899 4428 1032 4491 σου.
1074 4415 1484 4484 Ἤτοιμάσθην,
1524 4417 1622 4470 καὶ
1647 4419 1758 4471 οὐκ

1861 3251 2094 3305 omnium
2126 3255 2411 3303 contentus
2437 3259 2538 3309 est,
2568 3247 2709 3301 dicet
2735 3266 2748 3301 ε
2781 3246 2963 3300 Portio
2988 3263 3101 3300 mea
3125 3247 3392 3300 Dominus.

1861 3339 1996 3394 Huic
2027 3346 2204 3392 autem
2235 3338 2491 3406 competit
2521 3337 2700 3390 dicere
2737 3353 2749 3386 :
2785 3336 2912 3388 Dixi
2944 3335 3207 3388 custodire
3238 3327 3394 3404 legem

1861 3439 2022 3494 tuam,
2055 3428 2260 3482 scilicet
2284 3425 2636 3495 spi'ritualem.
2677 3414 2743 3479 de
2765 3441 2871 3494 qua
2910 3424 3108 3478 Paulus
3131 3424 3250 3476 ait:
3284 3423 3397 3477 Sci-

1858 3536 1972 3572 mus
2023 3519 2159 3572 enim
2212 3517 2348 3587 quod
2404 3518 2486 3569 lea:
2547 3516 2841 3582 spiritualis
2895 3524 2975 3568 est
3003 3515 3067 3577 “,
3097 3521 3150 3565 et
3183 3520 3394 3566 extera.

1859 3607 2136 3674 Qubmodo
2163 3608 2306 3663 enim
2339 3607 2506 3674 legem
2532 3614 2584 3659 et
2608 3614 2870 3674 praecepta
2916 3591 3126 3658 Domini
3159 3617 3268 3656 non
3298 3618 3396 3656 cu-

1857 3700 2111 3764 stodieut,
2145 3698 2236 3766 qui
2270 3697 2420 3749 illum
2452 3695 2504 3747 in
2547 3696 2846 3764 portionem
2880 3696 3101 3758 habent,
3135 3695 3394 3765 quemad-

1855 3787 2071 3842 modum
2117 3794 2172 3841 et
2205 3784 2424 3848 Levitaa,
2456 3783 2655 3854 quibus
2687 3786 2914 3840 vetitum
2961 3793 3043 3839 est
3093 3783 3290 3854 aliquid
3342 3784 3395 3836 in

1855 3878 1964 3933 vita
1987 3877 2302 3946 possidere?
2327 3874 2459 3929 Nam
2491 3875 2695 3930 dictum
2747 3883 2830 3930 est
2858 3893 2872 3929 :
2927 3875 3112 3929 Levitis
3143 3861 3190 3928 ei
3225 3888 3394 3926 sacer-

1856 3969 2062 4023 dotibus
2093 3964 2221 4036 filiis
2252 3969 2429 4022 Aaron
2459 3983 2560 4021 non
2581 3976 2656 4019 est
2696 3983 2818 4035 pars
2849 3983 3008 4036 neque
3038 3963 3312 4020 hereditas
3340 3967 3422 4038 inv

1857 4057 1984 4125 ﬁliis
2018 4054 2209 4116 Israel.
2233 4057 2357 4125 quia
2388 4056 2642 4110 Dominus
2672 4071 2794 4124 pars
2822 4072 3000 4109 eorum
3021 4057 3083 4109 ".

1920 4148 2089 4202 Vens.
2121 4147 2301 4202 58-65.
2358 4147 2672 4216 Deprecatus
2730 4163 2845 4200 sum
2893 4146 3080 4214 {aciem
3135 4155 3280 4199 tuam
3337 4162 3393 4198 ιιι

1856 4251 1961 4295 toto
2016 4244 2166 4294 corde
2215 4257 2325 4295 meo
2363 4241 2648 4294 :miserere
2681 4241 2778 4293 mei
2811 4238 3089 4292 secundum
3137 4237 3391 4307 eloquium

1856 4342 2018 4384 tuum.
2056 4329 2291 4398 Cogitavi
2320 4331 2428 4384 vias
2475 4339 2614 4390 tuas,
2642 4339 2690 4382 et
2740 4329 2966 4383 converti
2997 4327 3146 4395 pedes
3176 4333 3312 4380 me’es
3341 4329 3393 4380 in

1857 4421 2149 4475 testimonia
2181 4430 2291 4476 tua.
2321 4419 2552 4473 Paratus
2586 4436 2721 4480 sum,
2753 4428 2803 4472 et
2841 4435 2945 4470 non
2976 4433 3091 4470 sum
3136 4415 3391 4480 turbatus,

207 4503 541 4572 ἐταράχθην
588 4495 692 4558 τοῦ
734 4503 1107 4572 φυλάξασθαι
1158 4507 1262 4572 τὰς
1309 4506 1557 4571 ἐντολάς
1615 4522 1748 4562 σου.

1857 4520 1910 4564 ιιι
1935 4511 2227 4564 custodiam
2259 4508 2506 4577 mandata
2539 4517 2649 4560 tua.
2707 4505 2881 4558 Funes
2920 4515 3244 4573 peccatorum
3288 4505 3394 4555 cir-

210 4593 453 4658 Σχοινία
477 4593 832 4662 ἁμαρτωλῶν
861 4595 1343 4663 περιεπλάκησὰν
1367 4613 1486 4663 μοι,
1518 4595 1615 4647 καὶ
1646 4595 1750 4648 τοῦ

209 4683 396 4749 νόμου
418 4698 530 4735 σου
546 4685 654 4736 οὐκ
671 4683 1059 4753 ἐπελαθόμην.
1085 4686 1487 4738 Μεσονύκτιον
1506 4686 1615 4737 οὐκ
1633 4682 1748 4752 (sic)

208 4771 585 4840 ἐξεγειρόμην
609 4772 713 4825 τοῦ
739 4772 1221 4842 ἐξομολογεῖσθαι
1259 4788 1356 4826 σοι
1395 4774 1491 4827 ἐπὶ
1524 4773 1597 4826 τὰ
1627 4772 1750 4840 κρί-

203 4879 364 4931 ματα
411 4860 519 4929 τῆς
572 4859 953 4928 δικαιοσύνης
991 4877 1121 4916 σου.
1187 4863 1448 4931 ΜέτοχΟς
1491 4862 1603 4932 ἐγώ
1636 4865 1751 4932 ειμι

209 4953 449 5007 πάντων
490 4952 603 5006 τῶν
656 4951 1032 5021 φοϐουμένων
1065 4967 1157 5015 σε,
1210 4955 1306 5008 καί
1356 4954 1472 5008 τῶν
1518 4959 1750 5024 φυλασ-

209 5045 443 5097 σόντων
491 5045 594 5108 τὰς
644 5042 890 5108 ἐντολάς
929 5057 1064 5098 σου.
1135 5043 1243 5097 Τοῦ
1289 5045 1496 5109 ἐλέους
1537 5047 1750 5113 Κιιρίου

211 5132 446 5201 πλήρης
473 5135 512 5200 ὴ
549 5130 644 5202 γῆ.
700 5132 771 5184 τὰ
820 5129 1173 5200 δικαιώματά
1220 5147 1334 5185 σου
1382 5131 1623 5196 δίδαξον
1651 5150 1746 5200 με.

223 5220 350 5273 Ἐὰν
379 5222 708 5291 κατανοήσῃς
735 5221 795 5273 τὸ
828 5220 1026 5290 πλῆθος
1045 5219 1151 5273 τῶν
1180 5221 1612 5290 ἁμαρτανόντων,
1643 5223 1749 5275 τῶν

213 5309 563 5373 ἀσεϐούντων,
596 5309 701 5364 τῶν
746 5310 951 5362 ἀδικίαν
981 5312 1058 5373 εἰς
1104 5309 1272 5377 ’Υψος
1321 5309 1632 5374 λαλούντων,
1660 5312 1752 5381 καὶ

213 5398 330 5468 ῑδῃς
375 5399 466 5450 τοῦ
515 5400 647 5452 Θεοῦ
702 5401 794 5469 τὴν
851 5397 1221 5468 μακροθυμίαν
1272 5399 1364 5451 ἐπὶ
1411 5398 1479 5452 τὰ
1513 5399 1749 5453 ’τοσαῦτα

213 5489 595 5560 ἁμαρτήματα,
625 5490 739 5553 πῶς
767 5490 858 5543 καὶ
888 5488 1022 5558 μετὰ
1052 5476 1302 5542 τοσαῦτα·
1329 5489 1500 5543 πάντα
1529 5489 1746 5542 ἀνατέλ-

213 5580 298 5636 λει
334 5580 422 5633 τὸν
453 5580 596 5649 ἣλιον
628 5580 786 5634 αὑτοῦ
813 5581 902 5633 ἐπὶ
934 5583 1195 5653 πονηροὺς
1251 5582 1342 5634 καὶ
1379 5580 1627 5649 ἀγαθοὺς,
1659 5583 1750 5634 καὶ

1854 4598 2112 4665 cumplezi
2133 4609 2252 4650 sunt
2281 4613 2378 4658 me,
2435 4595 2492 4649 et
2531 4596 2687 4664 legem
2727 4605 2868 4648 tuam
2907 4612 3008 4649 non
3035 4611 3149 4649 sum
3178 4595 3389 4647 oblitus.

1856 4685 2032 4740 Media
2063 4695 2205 4738 nocte
2235 4685 2501 4754 surgebam
2534 4683 2601 4736 ad
2619 4684 2974 4751 conﬁtendum
3007 4683 3102 4736 tibi
3123 4699 3276 4749 super
3297 4682 3389 4749 ju-

1854 4774 1993 4829 dicia
2021 4775 2250 4843 justitite
2290 4785 2412 4826 tum.
2450 4774 2714 4841 Particeps
2760 4789 2850 4842 ego
2899 4789 3012 4825 sum
3058 4773 3284 4824 omnium
3321 4774 3389 4824 ti-

1854 4868 2101 4921 mentium
2133 4874 2181 4918 te
2210 4873 2259 4918 et
2287 4863 2684 4917 custodientium
2733 4863 2983 4916 mandata
3021 4873 3129 4916 tua.
3191 4861 3390 4916 Miseri-

1857 4954 2034 5010 cordia
2061 4951 2271 5007 Domini
2322 4952 2474 5019 plena
2496 4961 2572 5006 est
2617 4949 2797 5016 terra;
2821 4950 3228 5021 iustiﬁcationes
3272 4961 3386 5004 tuas

1855 5043 1978 5097 doce
2007 5058 2100 5095 me.
2139 5039 2196 5094 Si
2240 5039 2668 5096 consideraveris
2717 5039 3110 5095 multitudinem
3163 5053 3386 5107 peccan-

1857 5135 2010 5195 tium,
2058 5131 2219 5200 impie
2268 5117 2563 5201 agentium,
2604 5133 3030 5201 et-iniquitatem
3069 5138 3255 5184 contra
3285 5129 3387 5182 Ex-

1856 5225 2054 5279 celsum
2083 5223 2437 5292 loquentium,
2466 5222 2669 5292 Deique
2693 5221 2746 5275 in
2785 5228 2860 5275 tot
2895 5225 3131 5291 peccatis
3156 5222 3386 5274 toleran-

1856 5315 1985 5368 tiam
2012 5313 2380 5383 perpenderis,
2415 5314 2682 5384 quomodo
2708 5314 2867 5378 etiam
2897 5321 3019 5382 post
3062 5313 3172 5365 hac
3205 5309 3385 5363 omnia

1856 5402 1984 5454 oriri
2022 5400 2183 5455 iaciat
2228 5403 2395 5456 solem
2431 5416 2586 5456 suum
2627 5416 2788 5469 super
2817 5401 2986 5456 malos
3014 5406 3066 5453 et
3110 5400 3298 5456 bonos.
3331 5409 3384 5450 et

1853 5489 1998 5558 pluat
2027 5504 2186 5559 super
2211 5474 2386 5560 iustos
2405 5481 2718 5558 et'iujustos
2737 5489 2800 5550 ",
2818 5480 2995 5540 dices:
3018 5484 3381 5538 Hiscriconlia

1855 5581 2061 5656 Domini
2094 5581 2242 5647 plena
2273 5591 2347 5636 est
2379 5591 2537 5637 terra.
2567 5579 2966 5648 justiﬁcationes
2999 5587 3115 5630 tuas
3136 5583 3258 5630 dore
3281 5591 3376 5628 me.

291 5707 350 5815 ιξ
374 5729 528 5786 Rom.
561 5743 661 5797 vn,
695 5730 778 5784 Η.
855 5731 894 5763 ³⁸
933 5729 1087 5784 Num.
1125 5746 1286 5797 nini,
1317 5729 1404 5783 20.
1484 5732 1524 5775 υ
1567 5729 1747 5786 Matth.
1782 5745 1832 5787 ν.
1867 5727 1956 5783 45.
