  <div class='ocr_page' id='page_1' title='image "/cluster/home/n/w/nwhite01/storage/ocr_20150623/23/pst.000005712076/695.png"; bbox 0 0 3950 6350; ppageno 0'>
   <div class='ocr_carea' id='block_1_1' title="bbox 599 401 752 492">
    <p class='ocr_par' dir='ltr' id='par_1_1' title="bbox 599 401 752 492">
     <span class='ocr_line' id='line_1_1' title="bbox 599 401 752 492; baseline 0.007 -1"><span class='ocrx_word' id='word_1_1' title='bbox 599 401 752 492; x_wconf 38' lang='lat' dir='ltr'><strong><em>ms“</em></strong></span> 
     </span>
    </p>
   </div>
   <div class='ocr_carea' id='block_1_2' title="bbox 1275 417 3044 488">
    <p class='ocr_par' dir='ltr' id='par_1_2' title="bbox 1275 417 3044 488">
     <span class='ocr_line' id='line_1_2' title="bbox 1275 417 3044 488; baseline -0.01 1"><span class='ocrx_word' id='word_1_2' title='bbox 1275 431 1536 488; x_wconf 65' lang='lat' dir='ltr'><strong><em>EUSEBII</em></strong></span> <span class='ocrx_word' id='word_1_3' title='bbox 1569 429 2030 486; x_wconf 67' lang='lat' dir='ltr'><strong><em>CESARIENSiS</em></strong></span> <span class='ocrx_word' id='word_1_4' title='bbox 2048 428 2192 485; x_wconf 84' lang='lat' dir='ltr'><strong><em>OPP.</em></strong></span> <span class='ocrx_word' id='word_1_5' title='bbox 2224 425 2400 481; x_wconf 80' lang='lat' dir='ltr'><strong><em>PARS</em></strong></span> <span class='ocrx_word' id='word_1_6' title='bbox 2434 425 2520 480; x_wconf 88' lang='lat' dir='ltr'><strong><em>Ill.</em></strong></span> <span class='ocrx_word' id='word_1_7' title='bbox 2547 454 2616 466; x_wconf 90' lang='lat'><strong>——</strong></span> <span class='ocrx_word' id='word_1_8' title='bbox 2651 417 3044 476; x_wconf 74' lang='lat' dir='ltr'><strong><em>EXEGETICA.</em></strong></span> 
     </span>
    </p>
   </div>
   <div class='ocr_carea' id='block_1_3' title="bbox 3603 409 3726 467">
    <p class='ocr_par' dir='ltr' id='par_1_3' title="bbox 3603 409 3726 467">
     <span class='ocr_line' id='line_1_3' title="bbox 3603 409 3726 467; baseline 0.016 -3"><span class='ocrx_word' id='word_1_9' title='bbox 3603 409 3726 467; x_wconf 75' lang='grc'><strong><em>1376</em></strong></span> 
     </span>
    </p>
   </div>
   <div class='ocr_carea' id='block_1_4' title="bbox 605 520 3728 624">
    <p class='ocr_par' dir='ltr' id='par_1_4' title="bbox 605 520 3728 624">
     <span class='ocr_line' id='line_1_4' title="bbox 605 520 3728 624; baseline -0.009 -16"><span class='ocrx_word' id='word_1_10' title='bbox 605 553 782 624; x_wconf 73' lang='grc' dir='ltr'>βρέχει</span> <span class='ocrx_word' id='word_1_11' title='bbox 825 552 914 608; x_wconf 62' lang='lat' dir='ltr'><strong><em>seu</em></strong></span> <span class='ocrx_word' id='word_1_12' title='bbox 937 554 1166 617; x_wconf 78' lang='grc' dir='ltr'><strong><em>δικαίως</em></strong></span> <span class='ocrx_word' id='word_1_13' title='bbox 1193 531 1286 608; x_wconf 72' lang='grc' dir='ltr'><strong><em>καὶ</em></strong></span> <span class='ocrx_word' id='word_1_14' title='bbox 1310 554 1540 616; x_wconf 87' lang='grc' dir='ltr'>ἀδίκους,</span> <span class='ocrx_word' id='word_1_15' title='bbox 1581 554 1748 621; x_wconf 74' lang='grc' dir='ltr'>ὲρεῐςο</span> <span class='ocrx_word' id='word_1_16' title='bbox 1791 551 1896 605; x_wconf 84' lang='grc' dir='ltr'><strong><em>Τοῦ</em></strong></span> <span class='ocrx_word' id='word_1_17' title='bbox 1924 545 2127 613; x_wconf 63' lang='grc' dir='ltr'>ἐλέους</span> <span class='ocrx_word' id='word_1_18' title='bbox 2171 547 2384 615; x_wconf 81' lang='lat' dir='ltr'><strong><em>Kvplov</em></strong></span> <span class='ocrx_word' id='word_1_19' title='bbox 2418 547 2646 612; x_wconf 72' lang='grc' dir='ltr'>πλήρης</span> <span class='ocrx_word' id='word_1_20' title='bbox 2683 520 2742 608; x_wconf 12' lang='grc' dir='ltr'><strong><em>ἠν</em></strong></span> <span class='ocrx_word' id='word_1_21' title='bbox 2775 538 2872 608; x_wconf 81' lang='grc' dir='ltr'>τῆ,</span> <span class='ocrx_word' id='word_1_22' title='bbox 2903 538 2977 592; x_wconf 77' lang='grc' dir='ltr'>τὰ</span> <span class='ocrx_word' id='word_1_23' title='bbox 3037 531 3387 604; x_wconf 68' lang='grc' dir='ltr'>δικαιιῖψατὰ</span> <span class='ocrx_word' id='word_1_24' title='bbox 3431 546 3541 585; x_wconf 86' lang='grc' dir='ltr'><strong><em>σου</em></strong></span> <span class='ocrx_word' id='word_1_25' title='bbox 3578 528 3728 582; x_wconf 74' lang='grc' dir='ltr'>δίδα-</span> 
     </span>
    </p>
   </div>
   <div class='ocr_carea' id='block_1_5' title="bbox 603 644 818 712">
    <p class='ocr_par' dir='ltr' id='par_1_5' title="bbox 603 644 818 712">
     <span class='ocr_line' id='line_1_5' title="bbox 603 644 818 712; baseline 0.005 -15"><span class='ocrx_word' id='word_1_26' title='bbox 603 644 713 708; x_wconf 74' lang='grc' dir='ltr'><strong><em>εόν</em></strong></span> <span class='ocrx_word' id='word_1_27' title='bbox 728 661 818 712; x_wconf 80' lang='grc' dir='ltr'>με.</span> 
     </span>
    </p>
   </div>
   <div class='ocr_carea' id='block_1_6' title="bbox 609 707 2140 804">
    <p class='ocr_par' dir='ltr' id='par_1_6' title="bbox 609 707 2120 804">
     <span class='ocr_line' id='line_1_6' title="bbox 609 707 2120 804; baseline -0.003 -17"><span class='ocrx_word' id='word_1_28' title='bbox 609 707 627 802; x_wconf 47' lang='grc' dir='ltr'><strong><em>ς</em></strong></span> <span class='ocrx_word' id='word_1_29' title='bbox 676 707 835 790; x_wconf 65' lang='grc' dir='ltr'>νέω.</span> <span class='ocrx_word' id='word_1_30' title='bbox 861 733 950 798; x_wconf 83' lang='grc'><strong><em>65,</em></strong></span> <span class='ocrx_word' id='word_1_31' title='bbox 983 734 1071 791; x_wconf 88' lang='grc'>66.</span> <span class='ocrx_word' id='word_1_32' title='bbox 1128 734 1417 788; x_wconf 84' lang='lat' dir='ltr'><strong><em>Bonitatem</em></strong></span> <span class='ocrx_word' id='word_1_33' title='bbox 1471 735 1638 804; x_wconf 79' lang='lat' dir='ltr'><strong><em>fecisti</em></strong></span> <span class='ocrx_word' id='word_1_34' title='bbox 1685 751 1798 788; x_wconf 84' lang='lat' dir='ltr'><strong><em>cum</em></strong></span> <span class='ocrx_word' id='word_1_35' title='bbox 1834 749 1973 788; x_wconf 80' lang='lat' dir='ltr'><strong><em>seruo</em></strong></span> <span class='ocrx_word' id='word_1_36' title='bbox 2014 743 2120 790; x_wconf 89' lang='lat' dir='ltr'><strong><em>tuo,</em></strong></span> 
     </span>
    </p>
   </div>
   <div class='ocr_carea' id='block_1_7' title="bbox 2240 707 3730 804">
    <p class='ocr_par' dir='ltr' id='par_1_7' title="bbox 2240 707 3730 792">
     <span class='ocr_line' id='line_1_7' title="bbox 2240 707 3730 792; baseline -0.007 -19"><span class='ocrx_word' id='word_1_37' title='bbox 2240 729 2241 734; x_wconf 83' lang='lat'>‘</span> <span class='ocrx_word' id='word_1_38' title='bbox 2290 718 2663 788; x_wconf 81' lang='grc' dir='ltr'>Χρηστότητα</span> <span class='ocrx_word' id='word_1_39' title='bbox 2704 715 2988 781; x_wconf 71' lang='grc' dir='ltr'>ἐποίησας</span> <span class='ocrx_word' id='word_1_40' title='bbox 3031 711 3179 792; x_wconf 76' lang='grc' dir='ltr'>μετὰ</span> <span class='ocrx_word' id='word_1_41' title='bbox 3212 710 3318 764; x_wconf 84' lang='grc' dir='ltr'>τοῦ</span> <span class='ocrx_word' id='word_1_42' title='bbox 3366 707 3580 762; x_wconf 69' lang='grc' dir='ltr'>δούλου</span> <span class='ocrx_word' id='word_1_43' title='bbox 3605 725 3730 775; x_wconf 76' lang='grc' dir='ltr'>σου,</span> 
     </span>
    </p>
   </div>
   <div class='ocr_carea' id='block_1_8' title="bbox 608 822 2123 888">
    <p class='ocr_par' dir='ltr' id='par_1_8' title="bbox 608 822 2123 888">
     <span class='ocr_line' id='line_1_8' title="bbox 608 822 2123 888; baseline -0.001 -10"><span class='ocrx_word' id='word_1_44' title='bbox 608 824 842 888; x_wconf 79' lang='lat' dir='ltr'><strong><em>Domine,</em></strong></span> <span class='ocrx_word' id='word_1_45' title='bbox 865 825 1143 880; x_wconf 79' lang='lat' dir='ltr'><strong><em>secundum</em></strong></span> <span class='ocrx_word' id='word_1_46' title='bbox 1163 822 1365 878; x_wconf 77' lang='lat' dir='ltr'><strong><em>uerbum</em></strong></span> <span class='ocrx_word' id='word_1_47' title='bbox 1392 835 1554 881; x_wconf 86' lang='lat' dir='ltr'><strong><em>tuum.</em></strong></span> <span class='ocrx_word' id='word_1_48' title='bbox 1587 825 1875 880; x_wconf 84' lang='lat' dir='ltr'><strong><em>Bonitatem</em></strong></span> <span class='ocrx_word' id='word_1_49' title='bbox 1900 837 1947 878; x_wconf 88' lang='lat' dir='ltr'><strong><em>et</em></strong></span> <span class='ocrx_word' id='word_1_50' title='bbox 1964 823 2123 877; x_wconf 75' lang='lat' dir='ltr'><strong><em>disci-</em></strong></span> 
     </span>
    </p>
   </div>
   <div class='ocr_carea' id='block_1_9' title="bbox 607 906 2125 988">
    <p class='ocr_par' dir='ltr' id='par_1_9' title="bbox 607 906 2125 988">
     <span class='ocr_line' id='line_1_9' title="bbox 607 906 2125 988; baseline 0.003 -24"><span class='ocrx_word' id='word_1_51' title='bbox 607 912 799 979; x_wconf 81' lang='lat' dir='ltr'><strong><em>plinam</em></strong></span> <span class='ocrx_word' id='word_1_52' title='bbox 823 922 872 967; x_wconf 85' lang='lat' dir='ltr'><strong><em>et</em></strong></span> <span class='ocrx_word' id='word_1_53' title='bbox 889 913 1157 967; x_wconf 75' lang='lat' dir='ltr'><strong><em>scientiam</em></strong></span> <span class='ocrx_word' id='word_1_54' title='bbox 1185 911 1306 967; x_wconf 85' lang='lat' dir='ltr'><strong><em>doce</em></strong></span> <span class='ocrx_word' id='word_1_55' title='bbox 1327 906 1424 977; x_wconf 65' lang='lat' dir='ltr'><strong><em>me,</em></strong></span> <span class='ocrx_word' id='word_1_56' title='bbox 1449 915 1568 982; x_wconf 88' lang='lat' dir='ltr'><strong><em>quia</em></strong></span> <span class='ocrx_word' id='word_1_57' title='bbox 1601 915 1861 968; x_wconf 79' lang='lat' dir='ltr'><strong><em>mandatis</em></strong></span> <span class='ocrx_word' id='word_1_58' title='bbox 1885 916 1986 988; x_wconf 79' lang='lat' dir='ltr'><strong><em>tuis</em></strong></span> <span class='ocrx_word' id='word_1_59' title='bbox 2017 930 2125 968; x_wconf 79' lang='lat' dir='ltr'><strong><em>cre-</em></strong></span> 
     </span>
    </p>
   </div>
   <div class='ocr_carea' id='block_1_10' title="bbox 609 998 2126 1074">
    <p class='ocr_par' dir='ltr' id='par_1_10' title="bbox 609 998 2126 1074">
     <span class='ocr_line' id='line_1_10' title="bbox 609 998 2126 1074; baseline 0.004 -25"><span class='ocrx_word' id='word_1_60' title='bbox 609 998 738 1054; x_wconf 81' lang='lat' dir='ltr'><strong><em>didi.</em></strong></span> <span class='ocrx_word' id='word_1_61' title='bbox 769 999 872 1053; x_wconf 87' lang='lat' dir='ltr'><strong><em>Pro</em></strong></span> <span class='ocrx_word' id='word_1_62' title='bbox 913 1001 1003 1054; x_wconf 90' lang='lat' dir='ltr'><strong><em>illo</em></strong></span> <span class='ocrx_word' id='word_1_63' title='bbox 1035 1019 1048 1054; x_wconf 87' lang='lat'><strong>:</strong></span> <span class='ocrx_word' id='word_1_64' title='bbox 1085 999 1374 1055; x_wconf 84' lang='lat' dir='ltr'><strong><em>Bonitatem</em></strong></span> <span class='ocrx_word' id='word_1_65' title='bbox 1403 1003 1590 1070; x_wconf 78' lang='lat' dir='ltr'><strong><em>fecisti,</em></strong></span> <span class='ocrx_word' id='word_1_66' title='bbox 1632 1001 1979 1074; x_wconf 87' lang='lat' dir='ltr'><strong><em>Symmachus</em></strong></span> <span class='ocrx_word' id='word_1_67' title='bbox 2014 1001 2126 1057; x_wconf 83' lang='lat' dir='ltr'><strong><em>edi-</em></strong></span> 
     </span>
    </p>
   </div>
   <div class='ocr_carea' id='block_1_11' title="bbox 609 1087 2124 1160">
    <p class='ocr_par' dir='ltr' id='par_1_11' title="bbox 609 1087 2124 1160">
     <span class='ocr_line' id='line_1_11' title="bbox 609 1087 2124 1160; baseline 0 -18"><span class='ocrx_word' id='word_1_68' title='bbox 609 1087 724 1142; x_wconf 88' lang='lat' dir='ltr'><strong><em>dit:</em></strong></span> <span class='ocrx_word' id='word_1_69' title='bbox 761 1089 1064 1158; x_wconf 74' lang='lat' dir='ltr'><strong><em>Benefecisti</em></strong></span> <span class='ocrx_word' id='word_1_70' title='bbox 1117 1105 1257 1143; x_wconf 83' lang='lat' dir='ltr'><strong><em>servo</em></strong></span> <span class='ocrx_word' id='word_1_71' title='bbox 1285 1098 1390 1145; x_wconf 87' lang='lat' dir='ltr'><strong><em>tuo.</em></strong></span> <span class='ocrx_word' id='word_1_72' title='bbox 1444 1090 1673 1144; x_wconf 88' lang='lat' dir='ltr'><strong><em>Docetur</em></strong></span> <span class='ocrx_word' id='word_1_73' title='bbox 1719 1097 1892 1145; x_wconf 84' lang='lat' dir='ltr'><strong><em>autem</em></strong></span> <span class='ocrx_word' id='word_1_74' title='bbox 1923 1091 2003 1154; x_wconf 95' lang='lat' dir='ltr'><strong><em>is,</em></strong></span> <span class='ocrx_word' id='word_1_75' title='bbox 2033 1091 2124 1160; x_wconf 90' lang='lat' dir='ltr'><strong><em>qui</em></strong></span> 
     </span>
    </p>
   </div>
   <div class='ocr_carea' id='block_1_12' title="bbox 612 1177 2126 1251">
    <p class='ocr_par' dir='ltr' id='par_1_12' title="bbox 612 1177 2126 1251">
     <span class='ocr_line' id='line_1_12' title="bbox 612 1177 2126 1251; baseline 0.005 -20"><span class='ocrx_word' id='word_1_76' title='bbox 612 1177 807 1233; x_wconf 77' lang='lat' dir='ltr'><strong><em>divinis</em></strong></span> <span class='ocrx_word' id='word_1_77' title='bbox 833 1180 1111 1235; x_wconf 87' lang='lat' dir='ltr'><strong><em>institutus</em></strong></span> <span class='ocrx_word' id='word_1_78' title='bbox 1139 1189 1242 1245; x_wconf 87' lang='lat' dir='ltr'><strong><em>est,</em></strong></span> <span class='ocrx_word' id='word_1_79' title='bbox 1277 1197 1346 1236; x_wconf 92' lang='lat' dir='ltr'><strong><em>ne</em></strong></span> <span class='ocrx_word' id='word_1_80' title='bbox 1383 1184 1623 1251; x_wconf 76' lang='lat' dir='ltr'><strong><em>ingratus</em></strong></span> <span class='ocrx_word' id='word_1_81' title='bbox 1657 1183 1725 1238; x_wconf 90' lang='lat' dir='ltr'><strong><em>sit</em></strong></span> <span class='ocrx_word' id='word_1_82' title='bbox 1757 1197 1853 1250; x_wconf 91' lang='lat' dir='ltr'><strong><em>pro</em></strong></span> <span class='ocrx_word' id='word_1_83' title='bbox 1874 1182 2126 1238; x_wconf 78' lang='lat' dir='ltr'><strong><em>beneﬁcio</em></strong></span> 
     </span>
    </p>
   </div>
   <div class='ocr_carea' id='block_1_13' title="bbox 610 1266 2126 1344">
    <p class='ocr_par' dir='ltr' id='par_1_13' title="bbox 610 1266 2126 1344">
     <span class='ocr_line' id='line_1_13' title="bbox 610 1266 2126 1344; baseline 0.005 -23"><span class='ocrx_word' id='word_1_84' title='bbox 610 1282 704 1336; x_wconf 88' lang='lat' dir='ltr'><strong><em>per</em></strong></span> <span class='ocrx_word' id='word_1_85' title='bbox 734 1266 899 1344; x_wconf 88' lang='lat' dir='ltr'><strong><em>Deum</em></strong></span> <span class='ocrx_word' id='word_1_86' title='bbox 935 1269 1035 1324; x_wconf 85' lang='lat' dir='ltr'><strong><em>sibi</em></strong></span> <span class='ocrx_word' id='word_1_87' title='bbox 1060 1270 1291 1338; x_wconf 87' lang='lat' dir='ltr'><strong><em>collato;</em></strong></span> <span class='ocrx_word' id='word_1_88' title='bbox 1351 1273 1443 1326; x_wconf 90' lang='lat' dir='ltr'><strong><em>sed</em></strong></span> <span class='ocrx_word' id='word_1_89' title='bbox 1489 1275 1642 1334; x_wconf 89' lang='lat' dir='ltr'><strong><em>sciat,</em></strong></span> <span class='ocrx_word' id='word_1_90' title='bbox 1678 1273 1913 1328; x_wconf 77' lang='lat' dir='ltr'><strong><em>bonitate</em></strong></span> <span class='ocrx_word' id='word_1_91' title='bbox 1945 1273 2035 1329; x_wconf 87' lang='lat' dir='ltr'><strong><em>Dei</em></strong></span> <span class='ocrx_word' id='word_1_92' title='bbox 2059 1274 2126 1328; x_wconf 83' lang='lat' dir='ltr'><strong><em>ad</em></strong></span> 
     </span>
    </p>
   </div>
   <div class='ocr_carea' id='block_1_14' title="bbox 611 1357 2124 1432">
    <p class='ocr_par' dir='ltr' id='par_1_14' title="bbox 611 1357 2124 1432">
     <span class='ocr_line' id='line_1_14' title="bbox 611 1357 2124 1432; baseline 0.003 -22"><span class='ocrx_word' id='word_1_93' title='bbox 611 1369 669 1411; x_wconf 88' lang='lat' dir='ltr'><strong><em>se</em></strong></span> <span class='ocrx_word' id='word_1_94' title='bbox 699 1357 1059 1426; x_wconf 81' lang='lat' dir='ltr'><strong><em>perveniente,</em></strong></span> <span class='ocrx_word' id='word_1_95' title='bbox 1083 1374 1141 1413; x_wconf 83' lang='lat' dir='ltr'><strong><em>se</em></strong></span> <span class='ocrx_word' id='word_1_96' title='bbox 1171 1359 1386 1430; x_wconf 76' lang='lat' dir='ltr'><strong><em>dignum</em></strong></span> <span class='ocrx_word' id='word_1_97' title='bbox 1436 1361 1673 1414; x_wconf 87' lang='lat' dir='ltr'><strong><em>habitum</em></strong></span> <span class='ocrx_word' id='word_1_98' title='bbox 1708 1361 1874 1417; x_wconf 79' lang='lat' dir='ltr'><strong><em>fuisse</em></strong></span> <span class='ocrx_word' id='word_1_99' title='bbox 1903 1362 1991 1432; x_wconf 90' lang='lat' dir='ltr'><strong><em>qui</em></strong></span> <span class='ocrx_word' id='word_1_100' title='bbox 2017 1377 2124 1416; x_wconf 84' lang='lat' dir='ltr'><strong><em>ser-</em></strong></span> 
     </span>
    </p>
   </div>
   <div class='ocr_carea' id='block_1_15' title="bbox 608 1445 2129 1520">
    <p class='ocr_par' dir='ltr' id='par_1_15' title="bbox 608 1445 2129 1520">
     <span class='ocr_line' id='line_1_15' title="bbox 608 1445 2129 1520; baseline 0.003 -20"><span class='ocrx_word' id='word_1_101' title='bbox 608 1460 709 1501; x_wconf 87' lang='lat' dir='ltr'><strong><em>vus</em></strong></span> <span class='ocrx_word' id='word_1_102' title='bbox 731 1445 821 1500; x_wconf 85' lang='lat' dir='ltr'><strong><em>Dei</em></strong></span> <span class='ocrx_word' id='word_1_103' title='bbox 852 1457 1148 1514; x_wconf 84' lang='lat' dir='ltr'><strong><em>vocaretur,</em></strong></span> <span class='ocrx_word' id='word_1_104' title='bbox 1183 1449 1474 1505; x_wconf 87' lang='lat' dir='ltr'><strong><em>secundum</em></strong></span> <span class='ocrx_word' id='word_1_105' title='bbox 1497 1451 1711 1504; x_wconf 83' lang='lat' dir='ltr'><strong><em>verbum</em></strong></span> <span class='ocrx_word' id='word_1_106' title='bbox 1741 1451 1859 1520; x_wconf 82' lang='lat' dir='ltr'><strong><em>ejus</em></strong></span> <span class='ocrx_word' id='word_1_107' title='bbox 1890 1451 2009 1506; x_wconf 87' lang='lat' dir='ltr'><strong><em>talis</em></strong></span> <span class='ocrx_word' id='word_1_108' title='bbox 2050 1449 2129 1506; x_wconf 76' lang='lat' dir='ltr'><strong><em>ef-</em></strong></span> 
     </span>
    </p>
   </div>
   <div class='ocr_carea' id='block_1_16' title="bbox 611 1534 802 1591">
    <p class='ocr_par' dir='ltr' id='par_1_16' title="bbox 611 1534 802 1591">
     <span class='ocr_line' id='line_1_16' title="bbox 611 1534 802 1591; baseline 0.021 -4"><span class='ocrx_word' id='word_1_109' title='bbox 611 1534 802 1591; x_wconf 77' lang='lat' dir='ltr'><strong><em>fectus.</em></strong></span> 
     </span>
    </p>
   </div>
   <div class='ocr_carea' id='block_1_17' title="bbox 683 1620 2125 1699">
    <p class='ocr_par' dir='ltr' id='par_1_17' title="bbox 683 1620 2125 1699">
     <span class='ocr_line' id='line_1_17' title="bbox 683 1620 2125 1699; baseline 0.004 -23"><span class='ocrx_word' id='word_1_110' title='bbox 683 1620 845 1680; x_wconf 73' lang='lat' dir='ltr'><strong><em>vm.</em></strong></span> <span class='ocrx_word' id='word_1_111' title='bbox 876 1624 961 1680; x_wconf 84' lang='lat'><strong><em>67.</em></strong></span> <span class='ocrx_word' id='word_1_112' title='bbox 1014 1625 1326 1695; x_wconf 72' lang='lat' dir='ltr'><strong><em>Priusquam</em></strong></span> <span class='ocrx_word' id='word_1_113' title='bbox 1397 1629 1721 1693; x_wconf 77' lang='lat' dir='ltr'><strong><em>humih‘arer,</em></strong></span> <span class='ocrx_word' id='word_1_114' title='bbox 1777 1647 1867 1699; x_wconf 86' lang='lat' dir='ltr'><strong><em>ego</em></strong></span> <span class='ocrx_word' id='word_1_115' title='bbox 1916 1629 2125 1699; x_wconf 84' lang='lat' dir='ltr'><strong><em>deliqui,</em></strong></span> 
     </span>
    </p>
   </div>
   <div class='ocr_carea' id='block_1_18' title="bbox 612 1716 2127 1791">
    <p class='ocr_par' dir='ltr' id='par_1_18' title="bbox 612 1716 2127 1791">
     <span class='ocr_line' id='line_1_18' title="bbox 612 1716 2127 1791; baseline 0.005 -26"><span class='ocrx_word' id='word_1_116' title='bbox 612 1723 879 1781; x_wconf 84' lang='lat' dir='ltr'><strong><em>propterea</em></strong></span> <span class='ocrx_word' id='word_1_117' title='bbox 904 1716 1158 1791; x_wconf 77' lang='lat' dir='ltr'><strong><em>eloquium</em></strong></span> <span class='ocrx_word' id='word_1_118' title='bbox 1181 1726 1322 1770; x_wconf 86' lang='lat' dir='ltr'><strong><em>tuum</em></strong></span> <span class='ocrx_word' id='word_1_119' title='bbox 1363 1719 1633 1773; x_wconf 75' lang='lat' dir='ltr'><strong><em>custod’ivi.</em></strong></span> <span class='ocrx_word' id='word_1_120' title='bbox 1660 1718 1880 1789; x_wconf 80' lang='lat' dir='ltr'><strong><em>Propter</em></strong></span> <span class='ocrx_word' id='word_1_121' title='bbox 1926 1721 2127 1789; x_wconf 80' lang='lat' dir='ltr'><strong><em>priora,</em></strong></span> 
     </span>
    </p>
   </div>
   <div class='ocr_carea' id='block_1_19' title="bbox 617 1805 2131 1876">
    <p class='ocr_par' dir='ltr' id='par_1_19' title="bbox 617 1805 2131 1876">
     <span class='ocr_line' id='line_1_19' title="bbox 617 1805 2131 1876; baseline 0.005 -19"><span class='ocrx_word' id='word_1_122' title='bbox 617 1805 810 1874; x_wconf 86' lang='lat' dir='ltr'><strong><em>inquit,</em></strong></span> <span class='ocrx_word' id='word_1_123' title='bbox 849 1817 1066 1875; x_wconf 86' lang='lat' dir='ltr'><strong><em>peccata</em></strong></span> <span class='ocrx_word' id='word_1_124' title='bbox 1095 1823 1213 1876; x_wconf 65' lang='lat' dir='ltr'><strong><em>quae</em></strong></span> <span class='ocrx_word' id='word_1_125' title='bbox 1241 1809 1583 1872; x_wconf 87' lang='lat' dir='ltr'><strong><em>admiseram,</em></strong></span> <span class='ocrx_word' id='word_1_126' title='bbox 1607 1811 1854 1873; x_wconf 86' lang='lat' dir='ltr'><strong><em>traditus,</em></strong></span> <span class='ocrx_word' id='word_1_127' title='bbox 1886 1811 2131 1865; x_wconf 85' lang='lat' dir='ltr'><strong><em>humilia-</em></strong></span> 
     </span>
    </p>
   </div>
   <div class='ocr_carea' id='block_1_20' title="bbox 615 1893 2116 1968">
    <p class='ocr_par' dir='ltr' id='par_1_20' title="bbox 615 1893 2116 1968">
     <span class='ocr_line' id='line_1_20' title="bbox 615 1893 2116 1968; baseline 0.005 -22"><span class='ocrx_word' id='word_1_128' title='bbox 615 1902 704 1947; x_wconf 84' lang='lat' dir='ltr'><strong><em>tus</em></strong></span> <span class='ocrx_word' id='word_1_129' title='bbox 732 1908 871 1957; x_wconf 88' lang='lat' dir='ltr'><strong><em>sum,</em></strong></span> <span class='ocrx_word' id='word_1_130' title='bbox 899 1893 1097 1964; x_wconf 90' lang='lat' dir='ltr'><strong><em>Deique</em></strong></span> <span class='ocrx_word' id='word_1_131' title='bbox 1117 1895 1320 1964; x_wconf 89' lang='lat' dir='ltr'><strong><em>judicio</em></strong></span> <span class='ocrx_word' id='word_1_132' title='bbox 1346 1897 1396 1951; x_wconf 88' lang='lat' dir='ltr'><strong><em>id</em></strong></span> <span class='ocrx_word' id='word_1_133' title='bbox 1429 1913 1546 1952; x_wconf 90' lang='lat' dir='ltr'><strong><em>sum</em></strong></span> <span class='ocrx_word' id='word_1_134' title='bbox 1583 1914 1888 1968; x_wconf 88' lang='lat' dir='ltr'><strong><em>perpessus.</em></strong></span> <span class='ocrx_word' id='word_1_135' title='bbox 1932 1900 2116 1966; x_wconf 86' lang='lat' dir='ltr'><strong><em>Quam-</em></strong></span> 
     </span>
    </p>
   </div>
   <div class='ocr_carea' id='block_1_21' title="bbox 616 1984 2128 2060">
    <p class='ocr_par' dir='ltr' id='par_1_21' title="bbox 616 1984 2128 2060">
     <span class='ocr_line' id='line_1_21' title="bbox 616 1984 2128 2060; baseline 0.007 -26"><span class='ocrx_word' id='word_1_136' title='bbox 616 1984 798 2039; x_wconf 82' lang='lat' dir='ltr'><strong><em>obrem</em></strong></span> <span class='ocrx_word' id='word_1_137' title='bbox 844 1984 1137 2054; x_wconf 67' lang='lat' dir='ltr'><strong><em>disciplinas</em></strong></span> <span class='ocrx_word' id='word_1_138' title='bbox 1189 1988 1436 2054; x_wconf 89' lang='lat' dir='ltr'><strong><em>traditus,</em></strong></span> <span class='ocrx_word' id='word_1_139' title='bbox 1466 1989 1762 2044; x_wconf 88' lang='lat' dir='ltr'><strong><em>doctrinam</em></strong></span> <span class='ocrx_word' id='word_1_140' title='bbox 1807 1993 2039 2060; x_wconf 85' lang='lat' dir='ltr'><strong><em>postulo,</em></strong></span> <span class='ocrx_word' id='word_1_141' title='bbox 2070 1998 2128 2045; x_wconf 89' lang='lat' dir='ltr'><strong><em>ut</em></strong></span> 
     </span>
    </p>
   </div>
   <div class='ocr_carea' id='block_1_22' title="bbox 2220 800 3729 876">
    <p class='ocr_par' dir='ltr' id='par_1_22' title="bbox 2220 800 3729 876">
     <span class='ocr_line' id='line_1_22' title="bbox 2220 800 3729 876; baseline -0.009 -12"><span class='ocrx_word' id='word_1_142' title='bbox 2220 812 2412 876; x_wconf 83' lang='grc' dir='ltr'>Κύριε,</span> <span class='ocrx_word' id='word_1_143' title='bbox 2434 807 2581 861; x_wconf 81' lang='grc' dir='ltr'>κατὰ</span> <span class='ocrx_word' id='word_1_144' title='bbox 2603 805 2707 858; x_wconf 77' lang='grc' dir='ltr'><strong><em>τὸν</em></strong></span> <span class='ocrx_word' id='word_1_145' title='bbox 2729 805 2910 872; x_wconf 67' lang='grc' dir='ltr'><strong><em>λόγον</em></strong></span> <span class='ocrx_word' id='word_1_146' title='bbox 2930 816 3062 856; x_wconf 87' lang='grc' dir='ltr'>σου.</span> <span class='ocrx_word' id='word_1_147' title='bbox 3092 801 3464 868; x_wconf 78' lang='grc' dir='ltr'>Χρηστότητα</span> <span class='ocrx_word' id='word_1_148' title='bbox 3491 800 3584 851; x_wconf 78' lang='grc' dir='ltr'>καὶ</span> <span class='ocrx_word' id='word_1_149' title='bbox 3608 812 3729 851; x_wconf 71' lang='grc' dir='ltr'>παι-</span> 
     </span>
    </p>
   </div>
   <div class='ocr_carea' id='block_1_23' title="bbox 2220 888 3730 964">
    <p class='ocr_par' dir='ltr' id='par_1_23' title="bbox 2220 888 3730 964">
     <span class='ocr_line' id='line_1_23' title="bbox 2220 888 3730 964; baseline -0.009 -12"><span class='ocrx_word' id='word_1_150' title='bbox 2220 900 2383 952; x_wconf 81' lang='grc' dir='ltr'>δείαν</span> <span class='ocrx_word' id='word_1_151' title='bbox 2421 894 2517 950; x_wconf 77' lang='grc' dir='ltr'><strong><em>καί</em></strong></span> <span class='ocrx_word' id='word_1_152' title='bbox 2558 889 2780 964; x_wconf 78' lang='grc' dir='ltr'>γνῶσιν</span> <span class='ocrx_word' id='word_1_153' title='bbox 2805 890 3047 955; x_wconf 75' lang='grc' dir='ltr'>δίδαεόν</span> <span class='ocrx_word' id='word_1_154' title='bbox 3084 907 3178 958; x_wconf 82' lang='grc' dir='ltr'><strong><em>με,</em></strong></span> <span class='ocrx_word' id='word_1_155' title='bbox 3209 889 3298 942; x_wconf 84' lang='grc' dir='ltr'>ὅτι</span> <span class='ocrx_word' id='word_1_156' title='bbox 3333 888 3459 948; x_wconf 84' lang='grc' dir='ltr'>ταῖς</span> <span class='ocrx_word' id='word_1_157' title='bbox 3481 888 3730 953; x_wconf 66' lang='grc' dir='ltr'>ἐντολαῖς</span> 
     </span>
    </p>
   </div>
   <div class='ocr_carea' id='block_1_24' title="bbox 2221 979 3732 1048">
    <p class='ocr_par' dir='ltr' id='par_1_24' title="bbox 2221 979 3732 1048">
     <span class='ocr_line' id='line_1_24' title="bbox 2221 979 3732 1048; baseline -0.01 -5"><span class='ocrx_word' id='word_1_158' title='bbox 2221 1003 2333 1043; x_wconf 90' lang='grc' dir='ltr'><strong><em>σου</em></strong></span> <span class='ocrx_word' id='word_1_159' title='bbox 2350 987 2689 1040; x_wconf 77' lang='grc' dir='ltr'>ἐπίστευσα.</span> <span class='ocrx_word' id='word_1_160' title='bbox 2723 983 2863 1035; x_wconf 63' lang='grc' dir='ltr'><strong><em>Ἀντλ⁵</em></strong></span> <span class='ocrx_word' id='word_1_161' title='bbox 2904 981 2993 1034; x_wconf 77' lang='grc' dir='ltr'>τοῦ</span> <span class='ocrx_word' id='word_1_162' title='bbox 3009 998 3023 1012; x_wconf 92' lang='grc'><strong>·</strong></span> <span class='ocrx_word' id='word_1_163' title='bbox 3052 980 3423 1048; x_wconf 80' lang='grc' dir='ltr'>Χρηστότητα</span> <span class='ocrx_word' id='word_1_164' title='bbox 3440 979 3732 1042; x_wconf 68' lang='grc' dir='ltr'>ἐποίησας,</span> 
     </span>
    </p>
   </div>
   <div class='ocr_carea' id='block_1_25' title="bbox 2222 1066 3731 1143">
    <p class='ocr_par' dir='ltr' id='par_1_25' title="bbox 2222 1066 3731 1143">
     <span class='ocr_line' id='line_1_25' title="bbox 2222 1066 3731 1143; baseline -0.011 -12"><span class='ocrx_word' id='word_1_165' title='bbox 2222 1074 2618 1143; x_wconf 70' lang='grc' dir='ltr'>εὐηργέτησας</span> <span class='ocrx_word' id='word_1_166' title='bbox 2648 1071 2752 1123; x_wconf 78' lang='grc' dir='ltr'><strong><em>τὸν</em></strong></span> <span class='ocrx_word' id='word_1_167' title='bbox 2782 1069 3002 1124; x_wconf 71' lang='grc' dir='ltr'><strong><em>δοῦλόν</em></strong></span> <span class='ocrx_word' id='word_1_168' title='bbox 3028 1084 3162 1130; x_wconf 89' lang='grc' dir='ltr'>σου,</span> <span class='ocrx_word' id='word_1_169' title='bbox 3186 1067 3435 1132; x_wconf 76' lang='grc' dir='ltr'><strong><em>ἐξέδωκεν</em></strong></span> <span class='ocrx_word' id='word_1_170' title='bbox 3458 1069 3486 1118; x_wconf 81' lang='grc'>6</span> <span class='ocrx_word' id='word_1_171' title='bbox 3521 1066 3731 1134; x_wconf 73' lang='grc' dir='ltr'>Σύμμαο</span> 
     </span>
    </p>
   </div>
   <div class='ocr_carea' id='block_1_26' title="bbox 2223 1155 3732 1238">
    <p class='ocr_par' dir='ltr' id='par_1_26' title="bbox 2223 1155 3732 1238">
     <span class='ocr_line' id='line_1_26' title="bbox 2223 1155 3732 1238; baseline -0.011 -18"><span class='ocrx_word' id='word_1_172' title='bbox 2223 1184 2332 1238; x_wconf 86' lang='grc' dir='ltr'>χος.</span> <span class='ocrx_word' id='word_1_173' title='bbox 2382 1164 2692 1217; x_wconf 78' lang='grc' dir='ltr'>Διδάσκεται</span> <span class='ocrx_word' id='word_1_174' title='bbox 2745 1160 2800 1213; x_wconf 87' lang='grc' dir='ltr'>δὲ</span> <span class='ocrx_word' id='word_1_175' title='bbox 2851 1162 2879 1213; x_wconf 84' lang='grc' dir='ltr'>ὁ</span> <span class='ocrx_word' id='word_1_176' title='bbox 2922 1159 2987 1212; x_wconf 75' lang='grc' dir='ltr'>τὰ</span> <span class='ocrx_word' id='word_1_177' title='bbox 3025 1158 3139 1210; x_wconf 85' lang='grc' dir='ltr'>Θεῖα</span> <span class='ocrx_word' id='word_1_178' title='bbox 3196 1155 3608 1225; x_wconf 75' lang='grc' dir='ltr'>πεπαιδευμένος</span> <span class='ocrx_word' id='word_1_179' title='bbox 3671 1155 3732 1222; x_wconf 67' lang='grc' dir='ltr'>μὴ</span> 
     </span>
    </p>
   </div>
   <div class='ocr_carea' id='block_1_27' title="bbox 2224 1245 3734 1324">
    <p class='ocr_par' dir='ltr' id='par_1_27' title="bbox 2224 1245 3734 1324">
     <span class='ocr_line' id='line_1_27' title="bbox 2224 1245 3734 1324; baseline -0.008 -14"><span class='ocrx_word' id='word_1_180' title='bbox 2224 1255 2551 1324; x_wconf 78' lang='grc' dir='ltr'><strong><em>ἀναισθήτως</em></strong></span> <span class='ocrx_word' id='word_1_181' title='bbox 2611 1254 2747 1322; x_wconf 74' lang='grc' dir='ltr'>ἔχειν</span> <span class='ocrx_word' id='word_1_182' title='bbox 2782 1251 2882 1319; x_wconf 81' lang='grc' dir='ltr'>τῆς</span> <span class='ocrx_word' id='word_1_183' title='bbox 2928 1249 3006 1312; x_wconf 84' lang='grc' dir='ltr'><strong><em>είς</em></strong></span> <span class='ocrx_word' id='word_1_184' title='bbox 3057 1247 3212 1301; x_wconf 77' lang='grc' dir='ltr'>αὑτὸν</span> <span class='ocrx_word' id='word_1_185' title='bbox 3260 1245 3612 1314; x_wconf 80' lang='grc' dir='ltr'>γεγενημένος</span> <span class='ocrx_word' id='word_1_186' title='bbox 3649 1247 3734 1299; x_wconf 71' lang='grc' dir='ltr'>τοῦ</span> 
     </span>
    </p>
   </div>
   <div class='ocr_carea' id='block_1_28' title="bbox 2222 1336 3733 1412">
    <p class='ocr_par' dir='ltr' id='par_1_28' title="bbox 2222 1336 3733 1412">
     <span class='ocr_line' id='line_1_28' title="bbox 2222 1336 3733 1412; baseline -0.007 -14"><span class='ocrx_word' id='word_1_187' title='bbox 2222 1345 2354 1398; x_wconf 84' lang='grc' dir='ltr'><strong><em>Θεοῦ</em></strong></span> <span class='ocrx_word' id='word_1_188' title='bbox 2383 1341 2716 1412; x_wconf 56' lang='grc' dir='ltr'>εὐεργεσίας</span> <span class='ocrx_word' id='word_1_189' title='bbox 2765 1339 2953 1392; x_wconf 78' lang='grc' dir='ltr'>ειδέναι</span> <span class='ocrx_word' id='word_1_190' title='bbox 2979 1337 3055 1401; x_wconf 77' lang='grc' dir='ltr'>δὲ,</span> <span class='ocrx_word' id='word_1_191' title='bbox 3088 1337 3189 1395; x_wconf 77' lang='grc' dir='ltr'>ὅτι,</span> <span class='ocrx_word' id='word_1_192' title='bbox 3236 1336 3590 1404; x_wconf 75' lang='grc' dir='ltr'><strong><em>χρηστότητος</em></strong></span> <span class='ocrx_word' id='word_1_193' title='bbox 3616 1337 3733 1388; x_wconf 80' lang='grc' dir='ltr'><strong><em>Θεοῦ</em></strong></span> 
     </span>
    </p>
   </div>
   <div class='ocr_carea' id='block_1_29' title="bbox 2226 1423 3734 1504">
    <p class='ocr_par' dir='ltr' id='par_1_29' title="bbox 2226 1423 3734 1504">
     <span class='ocr_line' id='line_1_29' title="bbox 2226 1423 3734 1504; baseline -0.009 -16"><span class='ocrx_word' id='word_1_194' title='bbox 2226 1433 2521 1504; x_wconf 73' lang='grc' dir='ltr'>φθανούσης</span> <span class='ocrx_word' id='word_1_195' title='bbox 2547 1434 2624 1494; x_wconf 84' lang='grc' dir='ltr'>εἰς</span> <span class='ocrx_word' id='word_1_196' title='bbox 2653 1429 2827 1492; x_wconf 76' lang='grc' dir='ltr'>αὑτὸν,</span> <span class='ocrx_word' id='word_1_197' title='bbox 2865 1427 3184 1496; x_wconf 82' lang='grc' dir='ltr'>κατηξίωται</span> <span class='ocrx_word' id='word_1_198' title='bbox 3219 1423 3398 1486; x_wconf 77' lang='grc' dir='ltr'>δοῦλος</span> <span class='ocrx_word' id='word_1_199' title='bbox 3427 1424 3734 1494; x_wconf 78' lang='grc' dir='ltr'>χρηματίσαι</span> 
     </span>
    </p>
   </div>
   <div class='ocr_carea' id='block_1_30' title="bbox 2225 1507 3338 1585">
    <p class='ocr_par' dir='ltr' id='par_1_30' title="bbox 2225 1507 3338 1585">
     <span class='ocr_line' id='line_1_30' title="bbox 2225 1507 3338 1585; baseline -0.008 -11"><span class='ocrx_word' id='word_1_200' title='bbox 2225 1521 2376 1584; x_wconf 78' lang='grc' dir='ltr'>Θεοῦ,</span> <span class='ocrx_word' id='word_1_201' title='bbox 2399 1507 2537 1574; x_wconf 81' lang='grc' dir='ltr'>κατὰ</span> <span class='ocrx_word' id='word_1_202' title='bbox 2565 1518 2651 1572; x_wconf 86' lang='grc' dir='ltr'><strong><em>τὸν</em></strong></span> <span class='ocrx_word' id='word_1_203' title='bbox 2677 1518 2829 1584; x_wconf 87' lang='grc' dir='ltr'>λόγον</span> <span class='ocrx_word' id='word_1_204' title='bbox 2858 1515 3014 1569; x_wconf 82' lang='grc' dir='ltr'><strong><em>αὑτοῦ</em></strong></span> <span class='ocrx_word' id='word_1_205' title='bbox 3037 1514 3338 1585; x_wconf 84' lang='grc' dir='ltr'>γενόμενος.</span> 
     </span>
    </p>
   </div>
   <div class='ocr_carea' id='block_1_31' title="bbox 2294 1601 3737 1675">
    <p class='ocr_par' dir='ltr' id='par_1_31' title="bbox 2294 1601 3737 1675">
     <span class='ocr_line' id='line_1_31' title="bbox 2294 1601 3737 1675; baseline -0.005 -14"><span class='ocrx_word' id='word_1_206' title='bbox 2294 1609 2410 1675; x_wconf 78' lang='grc' dir='ltr'><strong><em>[1ρύ</em></strong></span> <span class='ocrx_word' id='word_1_207' title='bbox 2439 1606 2544 1661; x_wconf 87' lang='grc' dir='ltr'>τοῦ</span> <span class='ocrx_word' id='word_1_208' title='bbox 2579 1604 2996 1672; x_wconf 82' lang='grc' dir='ltr'><strong><em>ταπεινωθῆναι</em></strong></span> <span class='ocrx_word' id='word_1_209' title='bbox 3043 1603 3153 1670; x_wconf 77' lang='grc' dir='ltr'><strong><em>ἐγὼ</em></strong></span> <span class='ocrx_word' id='word_1_210' title='bbox 3181 1601 3626 1670; x_wconf 68' lang='grc' dir='ltr'>ἐπλημμέλησα,</span> <span class='ocrx_word' id='word_1_211' title='bbox 3655 1601 3737 1654; x_wconf 76' lang='grc' dir='ltr'>διὰ</span> 
     </span>
    </p>
   </div>
   <div class='ocr_carea' id='block_1_32' title="bbox 2228 1693 3734 1765">
    <p class='ocr_par' dir='ltr' id='par_1_32' title="bbox 2228 1693 3734 1765">
     <span class='ocr_line' id='line_1_32' title="bbox 2228 1693 3734 1765; baseline -0.006 -13"><span class='ocrx_word' id='word_1_212' title='bbox 2228 1699 2396 1752; x_wconf 77' lang='grc' dir='ltr'>τοῦτο</span> <span class='ocrx_word' id='word_1_213' title='bbox 2427 1697 2491 1750; x_wconf 86' lang='grc' dir='ltr'>τὸ</span> <span class='ocrx_word' id='word_1_214' title='bbox 2526 1698 2726 1765; x_wconf 76' lang='grc' dir='ltr'><strong><em>λόγιόν</em></strong></span> <span class='ocrx_word' id='word_1_215' title='bbox 2757 1712 2868 1750; x_wconf 91' lang='grc' dir='ltr'><strong><em>σου</em></strong></span> <span class='ocrx_word' id='word_1_216' title='bbox 2897 1695 3179 1763; x_wconf 74' lang='grc' dir='ltr'>ἐφύλαξα.</span> <span class='ocrx_word' id='word_1_217' title='bbox 3216 1693 3310 1745; x_wconf 86' lang='grc' dir='ltr'>Διά</span> <span class='ocrx_word' id='word_1_218' title='bbox 3346 1693 3442 1754; x_wconf 73' lang='grc' dir='ltr'>τὰς</span> <span class='ocrx_word' id='word_1_219' title='bbox 3473 1693 3734 1763; x_wconf 77' lang='grc' dir='ltr'>προτέρας,</span> 
     </span>
    </p>
   </div>
   <div class='ocr_carea' id='block_1_33' title="bbox 2229 1782 3735 1856">
    <p class='ocr_par' dir='ltr' id='par_1_33' title="bbox 2229 1782 3735 1856">
     <span class='ocr_line' id='line_1_33' title="bbox 2229 1782 3735 1856; baseline -0.005 -17"><span class='ocrx_word' id='word_1_220' title='bbox 2229 1788 2377 1856; x_wconf 74' lang='grc' dir='ltr'>φησὶ,</span> <span class='ocrx_word' id='word_1_221' title='bbox 2408 1786 2733 1856; x_wconf 81' lang='grc' dir='ltr'>πραχθείσας</span> <span class='ocrx_word' id='word_1_222' title='bbox 2757 1785 3018 1856; x_wconf 84' lang='grc' dir='ltr'>ἁμαρτίας</span> <span class='ocrx_word' id='word_1_223' title='bbox 3044 1782 3353 1853; x_wconf 73' lang='grc' dir='ltr'><strong><em>παραδοθεὶς</em></strong></span> <span class='ocrx_word' id='word_1_224' title='bbox 3376 1782 3735 1850; x_wconf 63' lang='grc' dir='ltr'>ἐταπεινὼδην,</span> 
     </span>
    </p>
   </div>
   <div class='ocr_carea' id='block_1_34' title="bbox 2231 1864 3738 1946">
    <p class='ocr_par' dir='ltr' id='par_1_34' title="bbox 2231 1864 3738 1946">
     <span class='ocr_line' id='line_1_34' title="bbox 2231 1864 3738 1946; baseline -0.007 -19"><span class='ocrx_word' id='word_1_225' title='bbox 2231 1875 2404 1946; x_wconf 87' lang='grc' dir='ltr'>κρίσει</span> <span class='ocrx_word' id='word_1_226' title='bbox 2434 1872 2566 1926; x_wconf 87' lang='grc' dir='ltr'><strong><em>Θεοῦ</em></strong></span> <span class='ocrx_word' id='word_1_227' title='bbox 2598 1872 2765 1926; x_wconf 79' lang='grc' dir='ltr'>ταῦτα</span> <span class='ocrx_word' id='word_1_228' title='bbox 2798 1870 2996 1925; x_wconf 84' lang='grc' dir='ltr'>παθών.</span> <span class='ocrx_word' id='word_1_229' title='bbox 3027 1864 3098 1924; x_wconf 62' lang='lat' dir='ltr'><strong>OB</strong></span> <span class='ocrx_word' id='word_1_230' title='bbox 3126 1869 3189 1940; x_wconf 81' lang='grc' dir='ltr'>δὴ</span> <span class='ocrx_word' id='word_1_231' title='bbox 3215 1870 3305 1922; x_wconf 75' lang='grc' dir='ltr'><strong><em>καὶ</em></strong></span> <span class='ocrx_word' id='word_1_232' title='bbox 3351 1868 3507 1939; x_wconf 78' lang='grc' dir='ltr'>χάριν</span> <span class='ocrx_word' id='word_1_233' title='bbox 3543 1870 3738 1933; x_wconf 60' lang='grc' dir='ltr'>παιδείᾳ</span> 
     </span>
    </p>
   </div>
   <div class='ocr_carea' id='block_1_35' title="bbox 2231 1959 3740 2035">
    <p class='ocr_par' dir='ltr' id='par_1_35' title="bbox 2231 1959 3740 2035">
     <span class='ocr_line' id='line_1_35' title="bbox 2231 1959 3740 2035; baseline -0.005 -17"><span class='ocrx_word' id='word_1_234' title='bbox 2231 1964 2564 2035; x_wconf 71' lang='grc' dir='ltr'><strong><em>παραδοθεὶς,</em></strong></span> <span class='ocrx_word' id='word_1_235' title='bbox 2596 1963 2779 2024; x_wconf 84' lang='grc' dir='ltr'>δέομαι</span> <span class='ocrx_word' id='word_1_236' title='bbox 2806 1963 3158 2024; x_wconf 81' lang='grc' dir='ltr'><strong><em>διδασκαλίας,</em></strong></span> <span class='ocrx_word' id='word_1_237' title='bbox 3188 1961 3262 2023; x_wconf 86' lang='grc' dir='ltr'>ὼς</span> <span class='ocrx_word' id='word_1_238' title='bbox 3295 1961 3358 2013; x_wconf 80' lang='grc' dir='ltr'><strong><em>ἀν</em></strong></span> <span class='ocrx_word' id='word_1_239' title='bbox 3381 1959 3490 2026; x_wconf 79' lang='grc' dir='ltr'><strong><em>γνῶ</em></strong></span> <span class='ocrx_word' id='word_1_240' title='bbox 3507 1961 3637 2028; x_wconf 76' lang='grc' dir='ltr'>ὁτιή</span> <span class='ocrx_word' id='word_1_241' title='bbox 3660 1976 3740 2011; x_wconf 81' lang='grc' dir='ltr'>τα-</span> 
     </span>
    </p>
   </div>
   <div class='ocr_carea' id='block_1_36' title="bbox 617 2050 2140 2150">
    <p class='ocr_par' dir='ltr' id='par_1_36' title="bbox 617 2075 2131 2150">
     <span class='ocr_line' id='line_1_36' title="bbox 617 2075 2131 2150; baseline 0.007 -25"><span class='ocrx_word' id='word_1_242' title='bbox 617 2088 936 2142; x_wconf 75' lang='lat' dir='ltr'><strong><em>cognoscam</em></strong></span> <span class='ocrx_word' id='word_1_243' title='bbox 960 2075 1095 2129; x_wconf 86' lang='lat' dir='ltr'><strong><em>hanc</em></strong></span> <span class='ocrx_word' id='word_1_244' title='bbox 1127 2076 1568 2143; x_wconf 87' lang='lat' dir='ltr'><strong><em>humiliationem,</em></strong></span> <span class='ocrx_word' id='word_1_245' title='bbox 1603 2096 1720 2150; x_wconf 69' lang='lat' dir='ltr'><strong><em>qua:</em></strong></span> <span class='ocrx_word' id='word_1_246' title='bbox 1753 2081 1880 2134; x_wconf 83' lang='lat' dir='ltr'><strong><em>mihi</em></strong></span> <span class='ocrx_word' id='word_1_247' title='bbox 1921 2082 2131 2144; x_wconf 89' lang='lat' dir='ltr'><strong><em>accidit,</em></strong></span> 
     </span>
    </p>
   </div>
   <div class='ocr_carea' id='block_1_37' title="bbox 2240 2050 3740 2150">
    <p class='ocr_par' dir='ltr' id='par_1_37' title="bbox 2240 2050 3740 2124">
     <span class='ocr_line' id='line_1_37' title="bbox 2240 2050 3740 2124; baseline -0.007 -16"><span class='ocrx_word' id='word_1_248' title='bbox 2240 2057 2478 2118; x_wconf 84' lang='grc' dir='ltr'>πείνωσις</span> <span class='ocrx_word' id='word_1_249' title='bbox 2513 2056 2546 2124; x_wconf 82' lang='grc' dir='ltr'>ή</span> <span class='ocrx_word' id='word_1_250' title='bbox 2575 2055 2828 2124; x_wconf 79' lang='grc' dir='ltr'>γενομένη</span> <span class='ocrx_word' id='word_1_251' title='bbox 2866 2071 2951 2124; x_wconf 89' lang='grc' dir='ltr'><strong><em>μοι</em></strong></span> <span class='ocrx_word' id='word_1_252' title='bbox 2979 2052 3112 2105; x_wconf 88' lang='grc' dir='ltr'><strong><em>κατά</em></strong></span> <span class='ocrx_word' id='word_1_253' title='bbox 3145 2051 3478 2121; x_wconf 80' lang='grc' dir='ltr'><strong><em>χρηστότητα</em></strong></span> <span class='ocrx_word' id='word_1_254' title='bbox 3511 2050 3605 2100; x_wconf 74' lang='grc' dir='ltr'><strong><em>καὶ</em></strong></span> <span class='ocrx_word' id='word_1_255' title='bbox 3633 2065 3740 2100; x_wconf 72' lang='grc' dir='ltr'>παι-</span> 
     </span>
    </p>
   </div>
   <div class='ocr_carea' id='block_1_38' title="bbox 618 2163 1795 2234">
    <p class='ocr_par' dir='ltr' id='par_1_38' title="bbox 618 2163 1795 2234">
     <span class='ocr_line' id='line_1_38' title="bbox 618 2163 1795 2234; baseline 0.007 -19"><span class='ocrx_word' id='word_1_256' title='bbox 618 2177 684 2216; x_wconf 63' lang='lat' dir='ltr'><strong><em>ez</em></strong></span> <span class='ocrx_word' id='word_1_257' title='bbox 711 2163 952 2219; x_wconf 84' lang='lat' dir='ltr'><strong><em>bonitate.</em></strong></span> <span class='ocrx_word' id='word_1_258' title='bbox 975 2173 1028 2217; x_wconf 86' lang='lat' dir='ltr'><strong><em>et</em></strong></span> <span class='ocrx_word' id='word_1_259' title='bbox 1055 2164 1338 2234; x_wconf 86' lang='lat' dir='ltr'><strong><em>disciplina</em></strong></span> <span class='ocrx_word' id='word_1_260' title='bbox 1371 2169 1611 2222; x_wconf 77' lang='lat' dir='ltr'><strong><em>evenisse</em></strong></span> <span class='ocrx_word' id='word_1_261' title='bbox 1645 2168 1795 2223; x_wconf 87' lang='lat' dir='ltr'><strong><em>mihi.</em></strong></span> 
     </span>
    </p>
   </div>
   <div class='ocr_carea' id='block_1_39' title="bbox 688 2250 2136 2322">
    <p class='ocr_par' dir='ltr' id='par_1_39' title="bbox 688 2250 2136 2322">
     <span class='ocr_line' id='line_1_39' title="bbox 688 2250 2136 2322; baseline 0.006 -16"><span class='ocrx_word' id='word_1_262' title='bbox 688 2250 848 2306; x_wconf 69' lang='lat' dir='ltr'><strong><em>Vnus.</em></strong></span> <span class='ocrx_word' id='word_1_263' title='bbox 879 2252 968 2309; x_wconf 89' lang='lat'><strong><em>68.</em></strong></span> <span class='ocrx_word' id='word_1_264' title='bbox 1002 2252 1255 2322; x_wconf 79' lang='lat' dir='ltr'><strong><em>Benignus</em></strong></span> <span class='ocrx_word' id='word_1_265' title='bbox 1277 2263 1334 2308; x_wconf 80' lang='lat' dir='ltr'><strong><em>es</em></strong></span> <span class='ocrx_word' id='word_1_266' title='bbox 1358 2267 1432 2319; x_wconf 86' lang='lat' dir='ltr'><strong><em>tu,</em></strong></span> <span class='ocrx_word' id='word_1_267' title='bbox 1459 2257 1690 2322; x_wconf 81' lang='lat' dir='ltr'><strong><em>Domine,</em></strong></span> <span class='ocrx_word' id='word_1_268' title='bbox 1716 2269 1764 2313; x_wconf 90' lang='lat' dir='ltr'><strong><em>et</em></strong></span> <span class='ocrx_word' id='word_1_269' title='bbox 1806 2260 1858 2312; x_wconf 89' lang='lat' dir='ltr'><strong><em>in</em></strong></span> <span class='ocrx_word' id='word_1_270' title='bbox 1913 2259 2136 2315; x_wconf 83' lang='lat' dir='ltr'><strong><em>bonitate</em></strong></span> 
     </span>
    </p>
   </div>
   <div class='ocr_carea' id='block_1_40' title="bbox 620 2339 2134 2414">
    <p class='ocr_par' dir='ltr' id='par_1_40' title="bbox 620 2339 2134 2414">
     <span class='ocr_line' id='line_1_40' title="bbox 620 2339 2134 2414; baseline 0.006 -24"><span class='ocrx_word' id='word_1_271' title='bbox 620 2347 711 2392; x_wconf 79' lang='lat' dir='ltr'><strong><em>tua</em></strong></span> <span class='ocrx_word' id='word_1_272' title='bbox 738 2339 860 2394; x_wconf 88' lang='lat' dir='ltr'><strong><em>doce</em></strong></span> <span class='ocrx_word' id='word_1_273' title='bbox 901 2356 979 2394; x_wconf 88' lang='lat' dir='ltr'><strong><em>me</em></strong></span> <span class='ocrx_word' id='word_1_274' title='bbox 993 2340 1392 2411; x_wconf 73' lang='lat' dir='ltr'><strong><em>justiﬁcationes</em></strong></span> <span class='ocrx_word' id='word_1_275' title='bbox 1425 2354 1560 2398; x_wconf 82' lang='lat' dir='ltr'><strong><em>tuas.</em></strong></span> <span class='ocrx_word' id='word_1_276' title='bbox 1613 2344 1759 2414; x_wconf 85' lang='lat' dir='ltr'><strong><em>Opus</em></strong></span> <span class='ocrx_word' id='word_1_277' title='bbox 1800 2346 1933 2414; x_wconf 84' lang='lat' dir='ltr'><strong><em>justi</em></strong></span> <span class='ocrx_word' id='word_1_278' title='bbox 1963 2356 2062 2410; x_wconf 88' lang='lat' dir='ltr'><strong><em>est,</em></strong></span> <span class='ocrx_word' id='word_1_279' title='bbox 2083 2348 2134 2400; x_wconf 90' lang='lat' dir='ltr'><strong><em>in</em></strong></span> 
     </span>
    </p>
   </div>
   <div class='ocr_carea' id='block_1_41' title="bbox 620 2429 2136 2505">
    <p class='ocr_par' dir='ltr' id='par_1_41' title="bbox 620 2429 2136 2505">
     <span class='ocr_line' id='line_1_41' title="bbox 620 2429 2136 2505; baseline 0.005 -23"><span class='ocrx_word' id='word_1_280' title='bbox 620 2429 871 2484; x_wconf 85' lang='lat' dir='ltr'><strong><em>omnibus</em></strong></span> <span class='ocrx_word' id='word_1_281' title='bbox 895 2447 1012 2500; x_wconf 66' lang='lat' dir='ltr'><strong><em>quae</em></strong></span> <span class='ocrx_word' id='word_1_282' title='bbox 1067 2434 1337 2496; x_wconf 88' lang='lat' dir='ltr'><strong><em>accidunt,</em></strong></span> <span class='ocrx_word' id='word_1_283' title='bbox 1373 2435 1622 2490; x_wconf 85' lang='lat' dir='ltr'><strong><em>alacriter</em></strong></span> <span class='ocrx_word' id='word_1_284' title='bbox 1653 2437 1710 2490; x_wconf 63' lang='lat' dir='ltr'><strong><em>s&#39;e</em></strong></span> <span class='ocrx_word' id='word_1_285' title='bbox 1749 2437 1964 2499; x_wconf 84' lang='lat' dir='ltr'><strong><em>habere,</em></strong></span> <span class='ocrx_word' id='word_1_286' title='bbox 1995 2437 2136 2505; x_wconf 89' lang='lat' dir='ltr'><strong><em>quod</em></strong></span> 
     </span>
    </p>
   </div>
   <div class='ocr_carea' id='block_1_42' title="bbox 620 2515 2139 2595">
    <p class='ocr_par' dir='ltr' id='par_1_42' title="bbox 620 2515 2139 2595">
     <span class='ocr_line' id='line_1_42' title="bbox 620 2515 2139 2595; baseline 0.006 -26"><span class='ocrx_word' id='word_1_287' title='bbox 620 2515 735 2571; x_wconf 73' lang='lat' dir='ltr'><strong><em>haec</em></strong></span> <span class='ocrx_word' id='word_1_288' title='bbox 761 2531 790 2569; x_wconf 92' lang='lat' dir='ltr'><strong><em>a</em></strong></span> <span class='ocrx_word' id='word_1_289' title='bbox 815 2518 1150 2575; x_wconf 86' lang='lat' dir='ltr'><strong><em>Providentia</em></strong></span> <span class='ocrx_word' id='word_1_290' title='bbox 1171 2523 1564 2592; x_wconf 84' lang='lat' dir='ltr'><strong><em>dispensentur,</em></strong></span> <span class='ocrx_word' id='word_1_291' title='bbox 1588 2533 1747 2595; x_wconf 90' lang='lat' dir='ltr'><strong><em>atque</em></strong></span> <span class='ocrx_word' id='word_1_292' title='bbox 1768 2527 1848 2583; x_wconf 81' lang='lat' dir='ltr'><strong><em>vel</em></strong></span> <span class='ocrx_word' id='word_1_293' title='bbox 1864 2527 2139 2579; x_wconf 86' lang='lat' dir='ltr'><strong><em>acerbiora</em></strong></span> 
     </span>
    </p>
   </div>
   <div class='ocr_carea' id='block_1_43' title="bbox 621 2603 2133 2684">
    <p class='ocr_par' dir='ltr' id='par_1_43' title="bbox 621 2603 2133 2684">
     <span class='ocr_line' id='line_1_43' title="bbox 621 2603 2133 2684; baseline 0.005 -26"><span class='ocrx_word' id='word_1_294' title='bbox 621 2603 862 2662; x_wconf 84' lang='lat' dir='ltr'><strong><em>hilariter</em></strong></span> <span class='ocrx_word' id='word_1_295' title='bbox 889 2610 1198 2678; x_wconf 82' lang='lat' dir='ltr'><strong><em>accipiendo</em></strong></span> <span class='ocrx_word' id='word_1_296' title='bbox 1223 2610 1329 2666; x_wconf 89' lang='lat' dir='ltr'><strong><em>Deo</em></strong></span> <span class='ocrx_word' id='word_1_297' title='bbox 1347 2611 1522 2676; x_wconf 87' lang='lat' dir='ltr'><strong><em>dicere</em></strong></span> <span class='ocrx_word' id='word_1_298' title='bbox 1548 2631 1560 2666; x_wconf 93' lang='lat'>:</span> <span class='ocrx_word' id='word_1_299' title='bbox 1593 2614 1848 2684; x_wconf 80' lang='lat' dir='ltr'><strong><em>Benignus</em></strong></span> <span class='ocrx_word' id='word_1_300' title='bbox 1873 2630 1924 2667; x_wconf 82' lang='lat' dir='ltr'><strong><em>es</em></strong></span> <span class='ocrx_word' id='word_1_301' title='bbox 1949 2622 2000 2665; x_wconf 87' lang='lat' dir='ltr'><strong><em>tu</em></strong></span> <span class='ocrx_word' id='word_1_302' title='bbox 2017 2629 2034 2675; x_wconf 88' lang='lat'><strong><em>;</em></strong></span> <span class='ocrx_word' id='word_1_303' title='bbox 2052 2621 2133 2667; x_wconf 88' lang='lat' dir='ltr'><strong><em>et:</em></strong></span> 
     </span>
    </p>
   </div>
   <div class='ocr_carea' id='block_1_44' title="bbox 623 2696 2141 2771">
    <p class='ocr_par' dir='ltr' id='par_1_44' title="bbox 623 2696 2141 2771">
     <span class='ocr_line' id='line_1_44' title="bbox 623 2696 2141 2771; baseline 0.004 -22"><span class='ocrx_word' id='word_1_304' title='bbox 623 2696 930 2751; x_wconf 80' lang='lat' dir='ltr'><strong><em>Benedicam</em></strong></span> <span class='ocrx_word' id='word_1_305' title='bbox 949 2699 1167 2754; x_wconf 86' lang='lat' dir='ltr'><strong><em>Domino</em></strong></span> <span class='ocrx_word' id='word_1_306' title='bbox 1189 2703 1242 2755; x_wconf 88' lang='lat' dir='ltr'><strong><em>in</em></strong></span> <span class='ocrx_word' id='word_1_307' title='bbox 1280 2703 1419 2755; x_wconf 86' lang='lat' dir='ltr'><strong><em>omni</em></strong></span> <span class='ocrx_word' id='word_1_308' title='bbox 1449 2712 1689 2770; x_wconf 86' lang='lat' dir='ltr'><strong><em>tempore,</em></strong></span> <span class='ocrx_word' id='word_1_309' title='bbox 1717 2705 1770 2757; x_wconf 91' lang='lat' dir='ltr'><strong><em>in</em></strong></span> <span class='ocrx_word' id='word_1_310' title='bbox 1801 2705 1902 2758; x_wconf 92' lang='lat' dir='ltr'><strong><em>hoc</em></strong></span> <span class='ocrx_word' id='word_1_311' title='bbox 1935 2717 2141 2771; x_wconf 80' lang='lat' dir='ltr'><strong><em>semper</em></strong></span> 
     </span>
    </p>
   </div>
   <div class='ocr_carea' id='block_1_45' title="bbox 624 2789 2138 2864">
    <p class='ocr_par' dir='ltr' id='par_1_45' title="bbox 624 2789 2138 2864">
     <span class='ocr_line' id='line_1_45' title="bbox 624 2789 2138 2864; baseline 0.003 -22"><span class='ocrx_word' id='word_1_312' title='bbox 624 2789 898 2860; x_wconf 87' lang='lat' dir='ltr'><strong><em>proposito</em></strong></span> <span class='ocrx_word' id='word_1_313' title='bbox 928 2792 1241 2848; x_wconf 88' lang='lat' dir='ltr'><strong><em>insistendo.</em></strong></span> <span class='ocrx_word' id='word_1_314' title='bbox 1262 2791 1364 2848; x_wconf 89' lang='lat' dir='ltr'><strong><em>Pro</em></strong></span> <span class='ocrx_word' id='word_1_315' title='bbox 1389 2795 1479 2848; x_wconf 92' lang='lat' dir='ltr'><strong><em>illo</em></strong></span> <span class='ocrx_word' id='word_1_316' title='bbox 1503 2813 1516 2847; x_wconf 89' lang='lat'><strong>:</strong></span> <span class='ocrx_word' id='word_1_317' title='bbox 1538 2795 1794 2864; x_wconf 81' lang='lat' dir='ltr'><strong><em>Benignus</em></strong></span> <span class='ocrx_word' id='word_1_318' title='bbox 1819 2811 1871 2848; x_wconf 88' lang='lat' dir='ltr'><strong><em>es</em></strong></span> <span class='ocrx_word' id='word_1_319' title='bbox 1911 2805 1986 2859; x_wconf 85' lang='lat' dir='ltr'><strong><em>tu,</em></strong></span> <span class='ocrx_word' id='word_1_320' title='bbox 2015 2795 2138 2849; x_wconf 85' lang='lat' dir='ltr'><strong><em>reli-</em></strong></span> 
     </span>
    </p>
   </div>
   <div class='ocr_carea' id='block_1_46' title="bbox 625 2877 2139 2950">
    <p class='ocr_par' dir='ltr' id='par_1_46' title="bbox 625 2877 2139 2950">
     <span class='ocr_line' id='line_1_46' title="bbox 625 2877 2139 2950; baseline 0.004 -20"><span class='ocrx_word' id='word_1_321' title='bbox 625 2893 742 2948; x_wconf 72' lang='lat' dir='ltr'><strong><em>qua:</em></strong></span> <span class='ocrx_word' id='word_1_322' title='bbox 769 2877 1031 2934; x_wconf 87' lang='lat' dir='ltr'><strong><em>editiones</em></strong></span> <span class='ocrx_word' id='word_1_323' title='bbox 1063 2899 1075 2931; x_wconf 92' lang='lat'>:</span> <span class='ocrx_word' id='word_1_324' title='bbox 1097 2879 1271 2932; x_wconf 78' lang='lat' dir='ltr'><strong><em>Bonus</em></strong></span> <span class='ocrx_word' id='word_1_325' title='bbox 1299 2896 1352 2933; x_wconf 86' lang='lat' dir='ltr'><strong><em>es</em></strong></span> <span class='ocrx_word' id='word_1_326' title='bbox 1374 2889 1450 2943; x_wconf 84' lang='lat' dir='ltr'><strong><em>tu,</em></strong></span> <span class='ocrx_word' id='word_1_327' title='bbox 1476 2881 1832 2950; x_wconf 69' lang='lat' dir='ltr'><strong><em>interpretata:</em></strong></span> <span class='ocrx_word' id='word_1_328' title='bbox 1854 2890 1996 2936; x_wconf 89' lang='lat' dir='ltr'><strong><em>sunt.</em></strong></span> <span class='ocrx_word' id='word_1_329' title='bbox 2015 2879 2139 2950; x_wconf 82' lang='lat' dir='ltr'><strong><em>Scio</em></strong></span> 
     </span>
    </p>
   </div>
   <div class='ocr_carea' id='block_1_47' title="bbox 626 2963 2133 3038">
    <p class='ocr_par' dir='ltr' id='par_1_47' title="bbox 626 2963 2133 3038">
     <span class='ocr_line' id='line_1_47' title="bbox 626 2963 2133 3038; baseline 0.004 -22"><span class='ocrx_word' id='word_1_330' title='bbox 626 2963 831 3031; x_wconf 80' lang='lat' dir='ltr'><strong><em>utique,</em></strong></span> <span class='ocrx_word' id='word_1_331' title='bbox 861 2963 955 3023; x_wconf 85' lang='lat' dir='ltr'><strong><em>ait.</em></strong></span> <span class='ocrx_word' id='word_1_332' title='bbox 992 2980 1163 3032; x_wconf 83' lang='lat' dir='ltr'><strong><em>neque</em></strong></span> <span class='ocrx_word' id='word_1_333' title='bbox 1193 2965 1378 3019; x_wconf 91' lang='lat' dir='ltr'><strong><em>dubito</em></strong></span> <span class='ocrx_word' id='word_1_334' title='bbox 1410 2966 1477 3020; x_wconf 92' lang='lat' dir='ltr'><strong><em>de</em></strong></span> <span class='ocrx_word' id='word_1_335' title='bbox 1519 2976 1710 3022; x_wconf 87' lang='lat' dir='ltr'><strong><em>natura</em></strong></span> <span class='ocrx_word' id='word_1_336' title='bbox 1734 2977 1840 3032; x_wconf 83' lang='lat' dir='ltr'><strong><em>tua,</em></strong></span> <span class='ocrx_word' id='word_1_337' title='bbox 1878 2971 2017 3038; x_wconf 83' lang='lat' dir='ltr'><strong><em>quod</em></strong></span> <span class='ocrx_word' id='word_1_338' title='bbox 2058 2971 2133 3023; x_wconf 64' lang='lat' dir='ltr'><strong><em>nio</em></strong></span> 
     </span>
    </p>
   </div>
   <div class='ocr_carea' id='block_1_48' title="bbox 625 3050 2140 3125">
    <p class='ocr_par' dir='ltr' id='par_1_48' title="bbox 625 3050 2140 3125">
     <span class='ocr_line' id='line_1_48' title="bbox 625 3050 2140 3125; baseline 0.006 -22"><span class='ocrx_word' id='word_1_339' title='bbox 625 3052 819 3104; x_wconf 87' lang='lat' dir='ltr'><strong><em>mirum</em></strong></span> <span class='ocrx_word' id='word_1_340' title='bbox 874 3050 988 3119; x_wconf 86' lang='lat' dir='ltr'><strong><em>ipsa</em></strong></span> <span class='ocrx_word' id='word_1_341' title='bbox 1040 3052 1250 3107; x_wconf 89' lang='lat' dir='ltr'><strong><em>bonitas</em></strong></span> <span class='ocrx_word' id='word_1_342' title='bbox 1296 3055 1398 3119; x_wconf 86' lang='lat' dir='ltr'><strong><em>sit;</em></strong></span> <span class='ocrx_word' id='word_1_343' title='bbox 1436 3054 1529 3109; x_wconf 88' lang='lat' dir='ltr'><strong><em>sed</em></strong></span> <span class='ocrx_word' id='word_1_344' title='bbox 1582 3057 1792 3125; x_wconf 89' lang='lat' dir='ltr'><strong><em>postulo</em></strong></span> <span class='ocrx_word' id='word_1_345' title='bbox 1847 3058 2140 3112; x_wconf 83' lang='lat' dir='ltr'><strong><em>doctrinam</em></strong></span> 
     </span>
    </p>
   </div>
   <div class='ocr_carea' id='block_1_49' title="bbox 620 3139 2136 3216">
    <p class='ocr_par' dir='ltr' id='par_1_49' title="bbox 620 3139 2136 3216">
     <span class='ocr_line' id='line_1_49' title="bbox 620 3139 2136 3216; baseline 0.003 -23"><span class='ocrx_word' id='word_1_346' title='bbox 620 3139 1061 3209; x_wconf 79' lang='lat' dir='ltr'><strong><em>justiﬂcationum</em></strong></span> <span class='ocrx_word' id='word_1_347' title='bbox 1119 3151 1352 3207; x_wconf 87' lang='lat' dir='ltr'><strong><em>tuarum,</em></strong></span> <span class='ocrx_word' id='word_1_348' title='bbox 1399 3160 1503 3212; x_wconf 88' lang='lat' dir='ltr'><strong><em>qua</em></strong></span> <span class='ocrx_word' id='word_1_349' title='bbox 1549 3160 1632 3198; x_wconf 91' lang='lat' dir='ltr'><strong><em>me</em></strong></span> <span class='ocrx_word' id='word_1_350' title='bbox 1694 3147 1902 3200; x_wconf 88' lang='lat' dir='ltr'><strong><em>institui</em></strong></span> <span class='ocrx_word' id='word_1_351' title='bbox 1963 3161 2136 3216; x_wconf 81' lang='lat' dir='ltr'><strong><em>rogo:</em></strong></span> 
     </span>
    </p>
   </div>
   <div class='ocr_carea' id='block_1_50' title="bbox 624 3230 2143 3306">
    <p class='ocr_par' dir='ltr' id='par_1_50' title="bbox 624 3230 2143 3306">
     <span class='ocr_line' id='line_1_50' title="bbox 624 3230 2143 3306; baseline 0.005 -24"><span class='ocrx_word' id='word_1_352' title='bbox 624 3244 748 3284; x_wconf 86' lang='lat' dir='ltr'><strong><em>nam</em></strong></span> <span class='ocrx_word' id='word_1_353' title='bbox 779 3230 1022 3286; x_wconf 84' lang='lat' dir='ltr'><strong><em>doctrina</em></strong></span> <span class='ocrx_word' id='word_1_354' title='bbox 1057 3249 1207 3303; x_wconf 76' lang='lat' dir='ltr'><strong><em>egeo,</em></strong></span> <span class='ocrx_word' id='word_1_355' title='bbox 1239 3242 1296 3288; x_wconf 92' lang='lat' dir='ltr'><strong><em>ut</em></strong></span> <span class='ocrx_word' id='word_1_356' title='bbox 1341 3250 1616 3291; x_wconf 88' lang='lat' dir='ltr'><strong><em>sermones</em></strong></span> <span class='ocrx_word' id='word_1_357' title='bbox 1650 3236 1714 3291; x_wconf 88' lang='lat' dir='ltr'><strong><em>de</em></strong></span> <span class='ocrx_word' id='word_1_358' title='bbox 1757 3238 1998 3306; x_wconf 86' lang='lat' dir='ltr'><strong><em>superbis</em></strong></span> <span class='ocrx_word' id='word_1_359' title='bbox 2053 3252 2143 3290; x_wconf 89' lang='lat' dir='ltr'><strong><em>co-</em></strong></span> 
     </span>
    </p>
   </div>
   <div class='ocr_carea' id='block_1_51' title="bbox 625 3334 899 3390">
    <p class='ocr_par' dir='ltr' id='par_1_51' title="bbox 625 3334 899 3390">
     <span class='ocr_line' id='line_1_51' title="bbox 625 3334 899 3390; baseline 0.007 -17"><span class='ocrx_word' id='word_1_360' title='bbox 625 3334 899 3390; x_wconf 77' lang='lat' dir='ltr'><strong><em>gnoscam.</em></strong></span> 
     </span>
    </p>
   </div>
   <div class='ocr_carea' id='block_1_52' title="bbox 695 3475 2138 3546">
    <p class='ocr_par' dir='ltr' id='par_1_52' title="bbox 695 3475 2138 3546">
     <span class='ocr_line' id='line_1_52' title="bbox 695 3475 2138 3546; baseline 0 -18"><span class='ocrx_word' id='word_1_361' title='bbox 695 3475 858 3532; x_wconf 76' lang='lat' dir='ltr'><strong><em>Vens.</em></strong></span> <span class='ocrx_word' id='word_1_362' title='bbox 892 3477 979 3531; x_wconf 88' lang='lat'><strong><em>69.</em></strong></span> <span class='ocrx_word' id='word_1_363' title='bbox 1016 3476 1366 3546; x_wconf 76' lang='lat' dir='ltr'><strong><em>Multiplicata</em></strong></span> <span class='ocrx_word' id='word_1_364' title='bbox 1387 3486 1464 3531; x_wconf 85' lang='lat' dir='ltr'><strong><em>est</em></strong></span> <span class='ocrx_word' id='word_1_365' title='bbox 1493 3493 1642 3545; x_wconf 84' lang='lat' dir='ltr'><strong><em>super</em></strong></span> <span class='ocrx_word' id='word_1_366' title='bbox 1675 3494 1752 3531; x_wconf 88' lang='lat' dir='ltr'><strong><em>me</em></strong></span> <span class='ocrx_word' id='word_1_367' title='bbox 1781 3478 2024 3546; x_wconf 80' lang='lat' dir='ltr'><strong><em>iniquitas</em></strong></span> <span class='ocrx_word' id='word_1_368' title='bbox 2056 3494 2138 3530; x_wconf 79' lang='lat' dir='ltr'><strong><em>su-</em></strong></span> 
     </span>
    </p>
   </div>
   <div class='ocr_carea' id='block_1_53' title="bbox 627 3564 2144 3633">
    <p class='ocr_par' dir='ltr' id='par_1_53' title="bbox 627 3564 2144 3633">
     <span class='ocr_line' id='line_1_53' title="bbox 627 3564 2144 3633; baseline -0.003 -17"><span class='ocrx_word' id='word_1_369' title='bbox 627 3566 932 3633; x_wconf 84' lang='lat' dir='ltr'><strong><em>perborum;</em></strong></span> <span class='ocrx_word' id='word_1_370' title='bbox 961 3581 1049 3633; x_wconf 91' lang='lat' dir='ltr'><strong><em>ego</em></strong></span> <span class='ocrx_word' id='word_1_371' title='bbox 1077 3574 1243 3617; x_wconf 88' lang='lat' dir='ltr'><strong><em>autem</em></strong></span> <span class='ocrx_word' id='word_1_372' title='bbox 1278 3565 1331 3617; x_wconf 84' lang='lat' dir='ltr'><strong><em>in</em></strong></span> <span class='ocrx_word' id='word_1_373' title='bbox 1377 3573 1488 3629; x_wconf 79' lang='lat' dir='ltr'><strong><em>toto</em></strong></span> <span class='ocrx_word' id='word_1_374' title='bbox 1541 3564 1690 3617; x_wconf 87' lang='lat' dir='ltr'><strong><em>corde</em></strong></span> <span class='ocrx_word' id='word_1_375' title='bbox 1740 3565 2144 3628; x_wconf 64' lang='lat' dir='ltr'><strong><em>meoscrutabor</em></strong></span> 
     </span>
    </p>
   </div>
   <div class='ocr_carea' id='block_1_54' title="bbox 630 3649 2145 3724">
    <p class='ocr_par' dir='ltr' id='par_1_54' title="bbox 630 3649 2145 3724">
     <span class='ocr_line' id='line_1_54' title="bbox 630 3649 2145 3724; baseline -0.001 -16"><span class='ocrx_word' id='word_1_376' title='bbox 630 3654 879 3708; x_wconf 84' lang='lat' dir='ltr'><strong><em>mandata</em></strong></span> <span class='ocrx_word' id='word_1_377' title='bbox 913 3664 1020 3707; x_wconf 86' lang='lat' dir='ltr'><strong><em>tua.</em></strong></span> <span class='ocrx_word' id='word_1_378' title='bbox 1049 3649 1258 3718; x_wconf 85' lang='lat' dir='ltr'><strong><em>Quanto</em></strong></span> <span class='ocrx_word' id='word_1_379' title='bbox 1291 3654 1485 3721; x_wconf 87' lang='lat' dir='ltr'><strong><em>justior</em></strong></span> <span class='ocrx_word' id='word_1_380' title='bbox 1509 3653 1774 3724; x_wconf 88' lang='lat' dir='ltr'><strong><em>quispiam</em></strong></span> <span class='ocrx_word' id='word_1_381' title='bbox 1798 3661 1900 3719; x_wconf 86' lang='lat' dir='ltr'><strong><em>est,</em></strong></span> <span class='ocrx_word' id='word_1_382' title='bbox 1937 3653 2145 3722; x_wconf 87' lang='lat' dir='ltr'><strong><em>Deoque</em></strong></span> 
     </span>
    </p>
   </div>
   <div class='ocr_carea' id='block_1_55' title="bbox 629 3743 2145 3815">
    <p class='ocr_par' dir='ltr' id='par_1_55' title="bbox 629 3743 2145 3815">
     <span class='ocr_line' id='line_1_55' title="bbox 629 3743 2145 3815; baseline -0.002 -16"><span class='ocrx_word' id='word_1_383' title='bbox 629 3746 801 3815; x_wconf 74' lang='lat' dir='ltr'><strong><em>magis</em></strong></span> <span class='ocrx_word' id='word_1_384' title='bbox 847 3743 1098 3806; x_wconf 65' lang='lat' dir='ltr'><strong><em>adhmret,</em></strong></span> <span class='ocrx_word' id='word_1_385' title='bbox 1131 3758 1192 3798; x_wconf 89' lang='lat' dir='ltr'><strong><em>ac</em></strong></span> <span class='ocrx_word' id='word_1_386' title='bbox 1237 3744 1293 3798; x_wconf 88' lang='lat' dir='ltr'><strong><em>in</em></strong></span> <span class='ocrx_word' id='word_1_387' title='bbox 1339 3759 1402 3799; x_wconf 90' lang='lat' dir='ltr'><strong><em>eo</em></strong></span> <span class='ocrx_word' id='word_1_388' title='bbox 1440 3760 1543 3814; x_wconf 80' lang='lat' dir='ltr'><strong><em>pax</em></strong></span> <span class='ocrx_word' id='word_1_389' title='bbox 1594 3745 1684 3798; x_wconf 84' lang='lat' dir='ltr'><strong><em>Dei</em></strong></span> <span class='ocrx_word' id='word_1_390' title='bbox 1729 3745 2145 3814; x_wconf 87' lang='lat' dir='ltr'><strong><em>multiplicatur;</em></strong></span> 
     </span>
    </p>
   </div>
   <div class='ocr_carea' id='block_1_56' title="bbox 630 3836 2119 3907">
    <p class='ocr_par' dir='ltr' id='par_1_56' title="bbox 630 3836 2119 3907">
     <span class='ocr_line' id='line_1_56' title="bbox 630 3836 2119 3907; baseline 0 -19"><span class='ocrx_word' id='word_1_391' title='bbox 630 3843 780 3889; x_wconf 89' lang='lat' dir='ltr'><strong><em>tanto</em></strong></span> <span class='ocrx_word' id='word_1_392' title='bbox 813 3836 977 3904; x_wconf 77' lang='lat' dir='ltr'><strong><em>magis</em></strong></span> <span class='ocrx_word' id='word_1_393' title='bbox 1006 3836 1060 3889; x_wconf 87' lang='lat' dir='ltr'><strong><em>in</em></strong></span> <span class='ocrx_word' id='word_1_394' title='bbox 1081 3850 1165 3899; x_wconf 89' lang='lat' dir='ltr'><strong><em>eo,</em></strong></span> <span class='ocrx_word' id='word_1_395' title='bbox 1195 3843 1376 3904; x_wconf 89' lang='lat' dir='ltr'><strong><em>utpote</em></strong></span> <span class='ocrx_word' id='word_1_396' title='bbox 1403 3836 1757 3907; x_wconf 81' lang='lat' dir='ltr'><strong><em>praestantiori</em></strong></span> <span class='ocrx_word' id='word_1_397' title='bbox 1791 3836 2006 3902; x_wconf 85' lang='lat' dir='ltr'><strong><em>athleta,</em></strong></span> <span class='ocrx_word' id='word_1_398' title='bbox 2038 3836 2119 3888; x_wconf 87' lang='lat' dir='ltr'><strong><em>vir</em></strong></span> 
     </span>
    </p>
   </div>
   <div class='ocr_carea' id='block_1_57' title="bbox 632 3923 2146 3994">
    <p class='ocr_par' dir='ltr' id='par_1_57' title="bbox 632 3923 2146 3994">
     <span class='ocr_line' id='line_1_57' title="bbox 632 3923 2146 3994; baseline -0.001 -17"><span class='ocrx_word' id='word_1_399' title='bbox 632 3932 722 3978; x_wconf 82' lang='lat' dir='ltr'><strong><em>tus</em></strong></span> <span class='ocrx_word' id='word_1_400' title='bbox 763 3925 1042 3988; x_wconf 84' lang='lat' dir='ltr'><strong><em>accrescit,</em></strong></span> <span class='ocrx_word' id='word_1_401' title='bbox 1106 3925 1386 3994; x_wconf 87' lang='lat' dir='ltr'><strong><em>plusquam</em></strong></span> <span class='ocrx_word' id='word_1_402' title='bbox 1435 3923 1785 3991; x_wconf 87' lang='lat' dir='ltr'><strong><em>superborum</em></strong></span> <span class='ocrx_word' id='word_1_403' title='bbox 1839 3923 2012 3991; x_wconf 88' lang='lat' dir='ltr'><strong><em>ipsum</em></strong></span> <span class='ocrx_word' id='word_1_404' title='bbox 2055 3923 2146 3976; x_wconf 74' lang='lat' dir='ltr'><strong><em>lae-</em></strong></span> 
     </span>
    </p>
   </div>
   <div class='ocr_carea' id='block_1_58' title="bbox 631 4007 2149 4081">
    <p class='ocr_par' dir='ltr' id='par_1_58' title="bbox 631 4007 2149 4081">
     <span class='ocr_line' id='line_1_58' title="bbox 631 4007 2149 4081; baseline -0.001 -13"><span class='ocrx_word' id='word_1_405' title='bbox 631 4014 762 4069; x_wconf 87' lang='lat' dir='ltr'><strong><em>dere</em></strong></span> <span class='ocrx_word' id='word_1_406' title='bbox 789 4013 1113 4081; x_wconf 86' lang='lat' dir='ltr'><strong><em>volentium;</em></strong></span> <span class='ocrx_word' id='word_1_407' title='bbox 1141 4015 1252 4068; x_wconf 86' lang='lat' dir='ltr'><strong><em>sive</em></strong></span> <span class='ocrx_word' id='word_1_408' title='bbox 1279 4012 1704 4067; x_wconf 88' lang='lat' dir='ltr'><strong><em>adversariarum</em></strong></span> <span class='ocrx_word' id='word_1_409' title='bbox 1728 4007 2010 4074; x_wconf 77' lang='lat' dir='ltr'><strong><em>virtutum,</em></strong></span> <span class='ocrx_word' id='word_1_410' title='bbox 2039 4014 2149 4067; x_wconf 86' lang='lat' dir='ltr'><strong><em>sive</em></strong></span> 
     </span>
    </p>
   </div>
   <div class='ocr_carea' id='block_1_59' title="bbox 638 4099 2149 4172">
    <p class='ocr_par' dir='ltr' id='par_1_59' title="bbox 638 4099 2149 4172">
     <span class='ocr_line' id='line_1_59' title="bbox 638 4099 2149 4172; baseline -0.002 -16"><span class='ocrx_word' id='word_1_411' title='bbox 638 4103 932 4156; x_wconf 88' lang='lat' dir='ltr'><strong><em>hominum.</em></strong></span> <span class='ocrx_word' id='word_1_412' title='bbox 967 4101 1076 4156; x_wconf 86' lang='lat' dir='ltr'><strong><em>Hoc</em></strong></span> <span class='ocrx_word' id='word_1_413' title='bbox 1130 4113 1306 4156; x_wconf 84' lang='lat' dir='ltr'><strong><em>autem</em></strong></span> <span class='ocrx_word' id='word_1_414' title='bbox 1351 4110 1588 4172; x_wconf 87' lang='lat' dir='ltr'><strong><em>peracto,</em></strong></span> <span class='ocrx_word' id='word_1_415' title='bbox 1639 4118 1705 4156; x_wconf 91' lang='lat' dir='ltr'><strong><em>ne</em></strong></span> <span class='ocrx_word' id='word_1_416' title='bbox 1741 4099 1818 4155; x_wconf 85' lang='lat' dir='ltr'><strong><em>vel</em></strong></span> <span class='ocrx_word' id='word_1_417' title='bbox 1874 4103 2149 4156; x_wconf 88' lang='lat' dir='ltr'><strong><em>minimum</em></strong></span> 
     </span>
    </p>
   </div>
   <div class='ocr_carea' id='block_1_60' title="bbox 637 4192 2151 4270">
    <p class='ocr_par' dir='ltr' id='par_1_60' title="bbox 637 4192 2151 4270">
     <span class='ocr_line' id='line_1_60' title="bbox 637 4192 2151 4270; baseline 0.001 -24"><span class='ocrx_word' id='word_1_418' title='bbox 637 4195 850 4263; x_wconf 89' lang='lat' dir='ltr'><strong><em>quidem</em></strong></span> <span class='ocrx_word' id='word_1_419' title='bbox 879 4195 1150 4270; x_wconf 78' lang='lat' dir='ltr'><strong><em>remissior</em></strong></span> <span class='ocrx_word' id='word_1_420' title='bbox 1184 4194 1376 4261; x_wconf 87' lang='lat' dir='ltr'><strong><em>evadit,</em></strong></span> <span class='ocrx_word' id='word_1_421' title='bbox 1410 4194 1694 4261; x_wconf 90' lang='lat' dir='ltr'><strong><em>quominus</em></strong></span> <span class='ocrx_word' id='word_1_422' title='bbox 1757 4194 1810 4246; x_wconf 92' lang='lat' dir='ltr'><strong><em>in</em></strong></span> <span class='ocrx_word' id='word_1_423' title='bbox 1855 4199 1969 4247; x_wconf 91' lang='lat' dir='ltr'><strong><em>toto</em></strong></span> <span class='ocrx_word' id='word_1_424' title='bbox 1993 4192 2151 4267; x_wconf 80' lang='lat' dir='ltr'><strong><em>corde</em></strong></span> 
     </span>
    </p>
   </div>
   <div class='ocr_carea' id='block_1_61' title="bbox 638 4281 1997 4353">
    <p class='ocr_par' dir='ltr' id='par_1_61' title="bbox 638 4281 1997 4353">
     <span class='ocr_line' id='line_1_61' title="bbox 638 4281 1997 4353; baseline -0.002 -15"><span class='ocrx_word' id='word_1_425' title='bbox 638 4291 908 4339; x_wconf 85' lang='lat' dir='ltr'><strong><em>scrutetur</em></strong></span> <span class='ocrx_word' id='word_1_426' title='bbox 939 4285 1182 4338; x_wconf 87' lang='lat' dir='ltr'><strong><em>mandata</em></strong></span> <span class='ocrx_word' id='word_1_427' title='bbox 1211 4282 1323 4346; x_wconf 89' lang='lat' dir='ltr'><strong><em>Dei,</em></strong></span> <span class='ocrx_word' id='word_1_428' title='bbox 1355 4293 1411 4338; x_wconf 89' lang='lat' dir='ltr'><strong><em>ut</em></strong></span> <span class='ocrx_word' id='word_1_429' title='bbox 1436 4283 1599 4338; x_wconf 81' lang='lat' dir='ltr'><strong><em>faciat</em></strong></span> <span class='ocrx_word' id='word_1_430' title='bbox 1625 4281 1707 4339; x_wconf 85' lang='lat' dir='ltr'><strong><em>ea.</em></strong></span> <span class='ocrx_word' id='word_1_431' title='bbox 1993 4350 1997 4353; x_wconf 23' lang='grc' dir='ltr'><strong>Ι</strong></span> 
     </span>
    </p>
   </div>
   <div class='ocr_carea' id='block_1_62' title="bbox 706 4365 2151 4440">
    <p class='ocr_par' dir='ltr' id='par_1_62' title="bbox 706 4365 2151 4440">
     <span class='ocr_line' id='line_1_62' title="bbox 706 4365 2151 4440; baseline 0.001 -17"><span class='ocrx_word' id='word_1_432' title='bbox 706 4369 868 4424; x_wconf 71' lang='lat' dir='ltr'><strong><em>Vatis.</em></strong></span> <span class='ocrx_word' id='word_1_433' title='bbox 899 4370 1078 4425; x_wconf 71' lang='lat'><strong>70-72.</strong></span> <span class='ocrx_word' id='word_1_434' title='bbox 1101 4365 1442 4440; x_wconf 87' lang='lat' dir='ltr'><strong><em>Coagulatum</em></strong></span> <span class='ocrx_word' id='word_1_435' title='bbox 1463 4379 1537 4424; x_wconf 82' lang='lat' dir='ltr'><strong><em>est</em></strong></span> <span class='ocrx_word' id='word_1_436' title='bbox 1570 4373 1702 4424; x_wconf 85' lang='lat' dir='ltr'><strong><em>sicut</em></strong></span> <span class='ocrx_word' id='word_1_437' title='bbox 1720 4371 1800 4423; x_wconf 86' lang='lat' dir='ltr'><strong><em>lac</em></strong></span> <span class='ocrx_word' id='word_1_438' title='bbox 1830 4388 1917 4425; x_wconf 90' lang='lat' dir='ltr'><strong><em>cor</em></strong></span> <span class='ocrx_word' id='word_1_439' title='bbox 1946 4387 2151 4425; x_wconf 82' lang='lat' dir='ltr'><strong><em>eorum:</em></strong></span> 
     </span>
    </p>
   </div>
   <div class='ocr_carea' id='block_1_63' title="bbox 637 4461 2154 4531">
    <p class='ocr_par' dir='ltr' id='par_1_63' title="bbox 637 4461 2154 4531">
     <span class='ocr_line' id='line_1_63' title="bbox 637 4461 2154 4531; baseline 0.001 -17"><span class='ocrx_word' id='word_1_440' title='bbox 637 4477 726 4531; x_wconf 90' lang='lat' dir='ltr'><strong><em>ego</em></strong></span> <span class='ocrx_word' id='word_1_441' title='bbox 761 4477 876 4515; x_wconf 81' lang='lat' dir='ltr'><strong><em>vero</em></strong></span> <span class='ocrx_word' id='word_1_442' title='bbox 905 4461 1060 4529; x_wconf 87' lang='lat' dir='ltr'><strong><em>legem</em></strong></span> <span class='ocrx_word' id='word_1_443' title='bbox 1103 4472 1247 4516; x_wconf 82' lang='lat' dir='ltr'><strong><em>tuam</em></strong></span> <span class='ocrx_word' id='word_1_444' title='bbox 1285 4462 1559 4516; x_wconf 84' lang='lat' dir='ltr'><strong><em>meditatus</em></strong></span> <span class='ocrx_word' id='word_1_445' title='bbox 1609 4478 1743 4516; x_wconf 74' lang='lat' dir='ltr'><strong><em>sum.</em></strong></span> <span class='ocrx_word' id='word_1_446' title='bbox 1784 4463 1984 4516; x_wconf 82' lang='lat' dir='ltr'><strong><em>Bonum</em></strong></span> <span class='ocrx_word' id='word_1_447' title='bbox 2029 4463 2154 4516; x_wconf 77' lang='lat' dir='ltr'><strong><em>mihi</em></strong></span> 
     </span>
    </p>
   </div>
   <div class='ocr_carea' id='block_1_64' title="bbox 638 4551 2150 4620">
    <p class='ocr_par' dir='ltr' id='par_1_64' title="bbox 638 4551 2150 4620">
     <span class='ocr_line' id='line_1_64' title="bbox 638 4551 2150 4620; baseline 0.001 -16"><span class='ocrx_word' id='word_1_448' title='bbox 638 4553 761 4620; x_wconf 70' lang='lat' dir='ltr'><strong><em>quia</em></strong></span> <span class='ocrx_word' id='word_1_449' title='bbox 791 4551 1083 4605; x_wconf 72' lang='lat' dir='ltr'><strong><em>humiliasti—</em></strong></span> <span class='ocrx_word' id='word_1_450' title='bbox 1108 4568 1205 4614; x_wconf 89' lang='lat' dir='ltr'><strong><em>me,</em></strong></span> <span class='ocrx_word' id='word_1_451' title='bbox 1238 4561 1294 4604; x_wconf 92' lang='lat' dir='ltr'><strong><em>ut</em></strong></span> <span class='ocrx_word' id='word_1_452' title='bbox 1330 4551 1526 4606; x_wconf 78' lang='lat' dir='ltr'><strong><em>discam</em></strong></span> <span class='ocrx_word' id='word_1_453' title='bbox 1570 4552 1968 4620; x_wconf 80' lang='lat' dir='ltr'><strong><em>justi/icationes</em></strong></span> <span class='ocrx_word' id='word_1_454' title='bbox 2015 4561 2150 4606; x_wconf 82' lang='lat' dir='ltr'><strong><em>tuas.</em></strong></span> 
     </span>
    </p>
   </div>
   <div class='ocr_carea' id='block_1_65' title="bbox 641 4643 2151 4716">
    <p class='ocr_par' dir='ltr' id='par_1_65' title="bbox 641 4643 2151 4716">
     <span class='ocr_line' id='line_1_65' title="bbox 641 4643 2151 4716; baseline 0.002 -20"><span class='ocrx_word' id='word_1_455' title='bbox 641 4643 840 4696; x_wconf 88' lang='lat' dir='ltr'><strong><em>Bonum</em></strong></span> <span class='ocrx_word' id='word_1_456' title='bbox 868 4643 996 4695; x_wconf 81' lang='lat' dir='ltr'><strong><em>mihi</em></strong></span> <span class='ocrx_word' id='word_1_457' title='bbox 1023 4643 1103 4698; x_wconf 69' lang='lat' dir='ltr'><strong><em>lex</em></strong></span> <span class='ocrx_word' id='word_1_458' title='bbox 1126 4645 1227 4696; x_wconf 89' lang='lat' dir='ltr'><strong><em>oris</em></strong></span> <span class='ocrx_word' id='word_1_459' title='bbox 1256 4646 1330 4696; x_wconf 86' lang='lat' dir='ltr'><strong><em>tui</em></strong></span> <span class='ocrx_word' id='word_1_460' title='bbox 1353 4659 1502 4712; x_wconf 87' lang='lat' dir='ltr'><strong><em>super</em></strong></span> <span class='ocrx_word' id='word_1_461' title='bbox 1516 4645 1684 4698; x_wconf 84' lang='lat' dir='ltr'><strong><em>millia</em></strong></span> <span class='ocrx_word' id='word_1_462' title='bbox 1713 4644 1830 4697; x_wconf 85' lang='lat' dir='ltr'><strong><em>auri</em></strong></span> <span class='ocrx_word' id='word_1_463' title='bbox 1859 4655 1907 4700; x_wconf 79' lang='lat' dir='ltr'><strong><em>et</em></strong></span> <span class='ocrx_word' id='word_1_464' title='bbox 1937 4646 2151 4716; x_wconf 82' lang='lat' dir='ltr'><strong><em>argenti.</em></strong></span> 
     </span>
    </p>
   </div>
   <div class='ocr_carea' id='block_1_66' title="bbox 2230 2145 2616 2214">
    <p class='ocr_par' dir='ltr' id='par_1_66' title="bbox 2230 2145 2616 2214">
     <span class='ocr_line' id='line_1_66' title="bbox 2230 2145 2616 2214; baseline -0.003 -15"><span class='ocrx_word' id='word_1_465' title='bbox 2230 2146 2368 2199; x_wconf 84' lang='grc' dir='ltr'>δείαν</span> <span class='ocrx_word' id='word_1_466' title='bbox 2393 2145 2616 2214; x_wconf 77' lang='grc' dir='ltr'>ἐγένετο.</span> 
     </span>
    </p>
   </div>
   <div class='ocr_carea' id='block_1_67' title="bbox 2297 2228 3740 2302">
    <p class='ocr_par' dir='ltr' id='par_1_67' title="bbox 2297 2228 3740 2302">
     <span class='ocr_line' id='line_1_67' title="bbox 2297 2228 3740 2302; baseline -0.004 -15"><span class='ocrx_word' id='word_1_467' title='bbox 2297 2233 2562 2302; x_wconf 81' lang='grc' dir='ltr'>Χρηστὸς</span> <span class='ocrx_word' id='word_1_468' title='bbox 2599 2230 2659 2286; x_wconf 83' lang='grc' dir='ltr'>εἷ</span> <span class='ocrx_word' id='word_1_469' title='bbox 2686 2232 2785 2294; x_wconf 85' lang='grc' dir='ltr'>σὺ,</span> <span class='ocrx_word' id='word_1_470' title='bbox 2819 2232 3007 2298; x_wconf 81' lang='grc' dir='ltr'>Κύριε,</span> <span class='ocrx_word' id='word_1_471' title='bbox 3040 2231 3134 2284; x_wconf 73' lang='grc' dir='ltr'>καὶ</span> <span class='ocrx_word' id='word_1_472' title='bbox 3169 2229 3241 2298; x_wconf 78' lang='grc' dir='ltr'>τῇ</span> <span class='ocrx_word' id='word_1_473' title='bbox 3271 2228 3620 2298; x_wconf 73' lang='grc' dir='ltr'>χρηστότητι</span> <span class='ocrx_word' id='word_1_474' title='bbox 3639 2243 3740 2281; x_wconf 82' lang='grc' dir='ltr'><strong><em>σου</em></strong></span> 
     </span>
    </p>
   </div>
   <div class='ocr_carea' id='block_1_68' title="bbox 2231 2319 3741 2393">
    <p class='ocr_par' dir='ltr' id='par_1_68' title="bbox 2231 2319 3741 2393">
     <span class='ocr_line' id='line_1_68' title="bbox 2231 2319 3741 2393; baseline -0.005 -16"><span class='ocrx_word' id='word_1_475' title='bbox 2231 2323 2471 2388; x_wconf 74' lang='grc' dir='ltr'>δίδαξόν</span> <span class='ocrx_word' id='word_1_476' title='bbox 2511 2340 2586 2393; x_wconf 78' lang='grc' dir='ltr'><strong><em>με</em></strong></span> <span class='ocrx_word' id='word_1_477' title='bbox 2625 2322 2695 2377; x_wconf 82' lang='grc' dir='ltr'>τὰ</span> <span class='ocrx_word' id='word_1_478' title='bbox 2741 2319 3087 2390; x_wconf 81' lang='grc' dir='ltr'>δικαιώματὰ</span> <span class='ocrx_word' id='word_1_479' title='bbox 3135 2336 3268 2374; x_wconf 90' lang='grc' dir='ltr'>σου.</span> <span class='ocrx_word' id='word_1_480' title='bbox 3334 2320 3548 2372; x_wconf 85' lang='grc' dir='ltr'>Δικαίου</span> <span class='ocrx_word' id='word_1_481' title='bbox 3603 2321 3741 2390; x_wconf 70' lang='grc' dir='ltr'>ἔργον</span> 
     </span>
    </p>
   </div>
   <div class='ocr_carea' id='block_1_69' title="bbox 2232 2411 3743 2483">
    <p class='ocr_par' dir='ltr' id='par_1_69' title="bbox 2232 2411 3743 2483">
     <span class='ocr_line' id='line_1_69' title="bbox 2232 2411 3743 2483; baseline -0.006 -13"><span class='ocrx_word' id='word_1_482' title='bbox 2232 2415 2394 2478; x_wconf 78' lang='grc' dir='ltr'>ἐστὶν,</span> <span class='ocrx_word' id='word_1_483' title='bbox 2411 2414 2499 2466; x_wconf 69' lang='grc' dir='ltr'><strong><em>ἐπὶ</em></strong></span> <span class='ocrx_word' id='word_1_484' title='bbox 2516 2415 2646 2467; x_wconf 77' lang='grc' dir='ltr'>πᾶσι</span> <span class='ocrx_word' id='word_1_485' title='bbox 2668 2414 2776 2477; x_wconf 75' lang='grc' dir='ltr'>τοῖς</span> <span class='ocrx_word' id='word_1_486' title='bbox 2807 2411 3177 2483; x_wconf 79' lang='grc' dir='ltr'>συμϐαίνουσιν</span> <span class='ocrx_word' id='word_1_487' title='bbox 3199 2411 3642 2480; x_wconf 76' lang='grc' dir='ltr'>εὐαρεστούμενον</span> <span class='ocrx_word' id='word_1_488' title='bbox 3664 2412 3743 2462; x_wconf 79' lang='grc' dir='ltr'>καὶ</span> 
     </span>
    </p>
   </div>
   <div class='ocr_carea' id='block_1_70' title="bbox 2234 2488 3741 2574">
    <p class='ocr_par' dir='ltr' id='par_1_70' title="bbox 2234 2488 3741 2574">
     <span class='ocr_line' id='line_1_70' title="bbox 2234 2488 3741 2574; baseline -0.002 -18"><span class='ocrx_word' id='word_1_489' title='bbox 2234 2501 2730 2574; x_wconf 83' lang='grc' dir='ltr'>κατακληρούμενον</span> <span class='ocrx_word' id='word_1_490' title='bbox 2758 2503 2862 2556; x_wconf 85' lang='grc' dir='ltr'>ἀπὺ</span> <span class='ocrx_word' id='word_1_491' title='bbox 2888 2488 2984 2572; x_wconf 83' lang='grc' dir='ltr'><strong><em>τῆς</em></strong></span> <span class='ocrx_word' id='word_1_492' title='bbox 3017 2503 3291 2573; x_wconf 87' lang='grc' dir='ltr'>Προνοίας,</span> <span class='ocrx_word' id='word_1_493' title='bbox 3321 2503 3512 2574; x_wconf 76' lang='grc' dir='ltr'>ἱλαρῶς</span> <span class='ocrx_word' id='word_1_494' title='bbox 3543 2501 3741 2571; x_wconf 77' lang='grc' dir='ltr'>δεχομέ-</span> 
     </span>
    </p>
   </div>
   <div class='ocr_carea' id='block_1_71' title="bbox 2234 2588 3742 2663">
    <p class='ocr_par' dir='ltr' id='par_1_71' title="bbox 2234 2588 3742 2663">
     <span class='ocr_line' id='line_1_71' title="bbox 2234 2588 3742 2663; baseline -0.001 -19"><span class='ocrx_word' id='word_1_495' title='bbox 2234 2608 2321 2644; x_wconf 88' lang='grc' dir='ltr'><strong><em>νου</em></strong></span> <span class='ocrx_word' id='word_1_496' title='bbox 2341 2591 2531 2658; x_wconf 84' lang='grc' dir='ltr'>λέγειν,</span> <span class='ocrx_word' id='word_1_497' title='bbox 2549 2592 2638 2643; x_wconf 72' lang='grc' dir='ltr'>καὶ</span> <span class='ocrx_word' id='word_1_498' title='bbox 2657 2592 2745 2643; x_wconf 72' lang='grc' dir='ltr'><strong><em>ἐπὶ</em></strong></span> <span class='ocrx_word' id='word_1_499' title='bbox 2764 2593 2869 2652; x_wconf 80' lang='grc' dir='ltr'>τοῖς</span> <span class='ocrx_word' id='word_1_500' title='bbox 2881 2591 3208 2661; x_wconf 82' lang='grc' dir='ltr'>πικροτέροις</span> <span class='ocrx_word' id='word_1_501' title='bbox 3223 2588 3357 2646; x_wconf 76' lang='grc' dir='ltr'>εἶναι</span> <span class='ocrx_word' id='word_1_502' title='bbox 3379 2592 3742 2663; x_wconf 72' lang='grc' dir='ltr'>νομιζομένοις,</span> 
     </span>
    </p>
   </div>
   <div class='ocr_carea' id='block_1_72' title="bbox 2235 2676 3743 2750">
    <p class='ocr_par' dir='ltr' id='par_1_72' title="bbox 2235 2676 3743 2750">
     <span class='ocr_line' id='line_1_72' title="bbox 2235 2676 3743 2750; baseline -0.002 -17"><span class='ocrx_word' id='word_1_503' title='bbox 2235 2680 2312 2750; x_wconf 81' lang='grc' dir='ltr'>τῷ</span> <span class='ocrx_word' id='word_1_504' title='bbox 2336 2679 2449 2750; x_wconf 81' lang='grc' dir='ltr'><strong><em>Θεῷ</em></strong></span> <span class='ocrx_word' id='word_1_505' title='bbox 2475 2681 2560 2732; x_wconf 87' lang='grc' dir='ltr'><strong><em>τό·</em></strong></span> <span class='ocrx_word' id='word_1_506' title='bbox 2602 2679 2864 2748; x_wconf 74' lang='grc' dir='ltr'>Χρηστὸς</span> <span class='ocrx_word' id='word_1_507' title='bbox 2884 2676 2942 2732; x_wconf 81' lang='grc' dir='ltr'>εἶ</span> <span class='ocrx_word' id='word_1_508' title='bbox 2963 2680 3062 2743; x_wconf 89' lang='grc' dir='ltr'>σὺ,</span> <span class='ocrx_word' id='word_1_509' title='bbox 3093 2683 3181 2733; x_wconf 75' lang='grc' dir='ltr'><strong><em>καὶ</em></strong></span> <span class='ocrx_word' id='word_1_510' title='bbox 3203 2680 3263 2732; x_wconf 88' lang='grc' dir='ltr'>τό</span> <span class='ocrx_word' id='word_1_511' title='bbox 3278 2698 3290 2710; x_wconf 92' lang='grc'>·</span> <span class='ocrx_word' id='word_1_512' title='bbox 3316 2681 3636 2749; x_wconf 57' lang='lat' dir='ltr'><strong><em>Eulog-riam</em></strong></span> <span class='ocrx_word' id='word_1_513' title='bbox 3651 2679 3743 2732; x_wconf 77' lang='grc' dir='ltr'>τὸν</span> 
     </span>
    </p>
   </div>
   <div class='ocr_carea' id='block_1_73' title="bbox 2237 2765 3742 2837">
    <p class='ocr_par' dir='ltr' id='par_1_73' title="bbox 2237 2765 3742 2837">
     <span class='ocr_line' id='line_1_73' title="bbox 2237 2765 3742 2837; baseline -0.002 -17"><span class='ocrx_word' id='word_1_514' title='bbox 2237 2770 2450 2836; x_wconf 74' lang='grc' dir='ltr'>Κύριον</span> <span class='ocrx_word' id='word_1_515' title='bbox 2503 2768 2571 2819; x_wconf 83' lang='grc' dir='ltr'><strong><em>ὲν</em></strong></span> <span class='ocrx_word' id='word_1_516' title='bbox 2625 2765 2794 2831; x_wconf 72' lang='grc' dir='ltr'>παντὶ</span> <span class='ocrx_word' id='word_1_517' title='bbox 2858 2767 3052 2834; x_wconf 79' lang='grc' dir='ltr'>καιρῷ,</span> <span class='ocrx_word' id='word_1_518' title='bbox 3115 2768 3211 2835; x_wconf 84' lang='grc' dir='ltr'><strong><em>τῆς</em></strong></span> <span class='ocrx_word' id='word_1_519' title='bbox 3277 2767 3440 2837; x_wconf 80' lang='grc' dir='ltr'>αὐτῆς</span> <span class='ocrx_word' id='word_1_520' title='bbox 3514 2769 3742 2837; x_wconf 76' lang='grc' dir='ltr'>ἐχόμενον</span> 
     </span>
    </p>
   </div>
   <div class='ocr_carea' id='block_1_74' title="bbox 2239 2853 3742 2928">
    <p class='ocr_par' dir='ltr' id='par_1_74' title="bbox 2239 2853 3742 2928">
     <span class='ocr_line' id='line_1_74' title="bbox 2239 2853 3742 2928; baseline -0.003 -18"><span class='ocrx_word' id='word_1_521' title='bbox 2239 2857 2613 2928; x_wconf 85' lang='grc' dir='ltr'>προαιρέσεως.</span> <span class='ocrx_word' id='word_1_522' title='bbox 2659 2855 2797 2908; x_wconf 79' lang='grc' dir='ltr'>Ἀντὶ</span> <span class='ocrx_word' id='word_1_523' title='bbox 2825 2856 2938 2922; x_wconf 82' lang='grc' dir='ltr'>τοῦ,</span> <span class='ocrx_word' id='word_1_524' title='bbox 2971 2853 3311 2923; x_wconf 63' lang='grc' dir='ltr'>Χρηστὸςεῖ</span> <span class='ocrx_word' id='word_1_525' title='bbox 3350 2857 3451 2921; x_wconf 90' lang='grc' dir='ltr'>σὺ,</span> <span class='ocrx_word' id='word_1_526' title='bbox 3483 2861 3534 2910; x_wconf 77' lang='lat' dir='ltr'><strong><em>ai</em></strong></span> <span class='ocrx_word' id='word_1_527' title='bbox 3580 2856 3742 2911; x_wconf 64' lang='grc' dir='ltr'>λοιπαὶ</span> 
     </span>
    </p>
   </div>
   <div class='ocr_carea' id='block_1_75' title="bbox 2237 2940 3738 3015">
    <p class='ocr_par' dir='ltr' id='par_1_75' title="bbox 2237 2940 3738 3015">
     <span class='ocr_line' id='line_1_75' title="bbox 2237 2940 3738 3015; baseline 0.001 -17"><span class='ocrx_word' id='word_1_528' title='bbox 2237 2947 2468 3008; x_wconf 74' lang='grc' dir='ltr'>ἐκδόσεις</span> <span class='ocrx_word' id='word_1_529' title='bbox 2486 2963 2498 2975; x_wconf 82' lang='grc'><em>’</em></span> <span class='ocrx_word' id='word_1_530' title='bbox 2529 2945 2750 3014; x_wconf 79' lang='grc' dir='ltr'><strong><em>Ἀγαθός</em></strong></span> <span class='ocrx_word' id='word_1_531' title='bbox 2777 2940 2835 2997; x_wconf 77' lang='grc' dir='ltr'>εἴ</span> <span class='ocrx_word' id='word_1_532' title='bbox 2851 2945 2951 3003; x_wconf 82' lang='grc' dir='ltr'>σὺ,</span> <span class='ocrx_word' id='word_1_533' title='bbox 2977 2946 3337 3014; x_wconf 81' lang='grc' dir='ltr'>ἡρμήνευσαν.</span> <span class='ocrx_word' id='word_1_534' title='bbox 3357 2946 3484 2998; x_wconf 80' lang='grc' dir='ltr'>Οἶδα</span> <span class='ocrx_word' id='word_1_535' title='bbox 3513 2947 3606 3015; x_wconf 82' lang='grc' dir='ltr'><strong><em>μὲν</em></strong></span> <span class='ocrx_word' id='word_1_536' title='bbox 3639 2941 3738 3000; x_wconf 72' lang='grc' dir='ltr'>οὖν.</span> 
     </span>
    </p>
   </div>
   <div class='ocr_carea' id='block_1_76' title="bbox 2238 3034 3742 3106">
    <p class='ocr_par' dir='ltr' id='par_1_76' title="bbox 2238 3034 3742 3106">
     <span class='ocr_line' id='line_1_76' title="bbox 2238 3034 3742 3106; baseline -0.003 -17"><span class='ocrx_word' id='word_1_537' title='bbox 2238 3037 2388 3106; x_wconf 73' lang='grc' dir='ltr'>φησὶ,</span> <span class='ocrx_word' id='word_1_538' title='bbox 2405 3037 2495 3094; x_wconf 80' lang='grc' dir='ltr'>καὶ</span> <span class='ocrx_word' id='word_1_539' title='bbox 2517 3036 2612 3088; x_wconf 83' lang='grc' dir='ltr'><strong><em>οὐκ</em></strong></span> <span class='ocrx_word' id='word_1_540' title='bbox 2649 3034 2962 3106; x_wconf 78' lang='grc' dir='ltr'>ἀμφιδάλλω</span> <span class='ocrx_word' id='word_1_541' title='bbox 2985 3035 3221 3106; x_wconf 74' lang='grc' dir='ltr'>περὶτῆς</span> <span class='ocrx_word' id='word_1_542' title='bbox 3245 3036 3342 3104; x_wconf 86' lang='grc' dir='ltr'>σῆς</span> <span class='ocrx_word' id='word_1_543' title='bbox 3369 3036 3571 3099; x_wconf 80' lang='grc' dir='ltr'>οὐσίας,</span> <span class='ocrx_word' id='word_1_544' title='bbox 3597 3037 3670 3088; x_wconf 78' lang='grc' dir='ltr'><strong><em>ὅτι</em></strong></span> <span class='ocrx_word' id='word_1_545' title='bbox 3689 3036 3742 3100; x_wconf 73' lang='grc' dir='ltr'>δὴ</span> 
     </span>
    </p>
   </div>
   <div class='ocr_carea' id='block_1_77' title="bbox 2239 3125 3744 3195">
    <p class='ocr_par' dir='ltr' id='par_1_77' title="bbox 2239 3125 3744 3195">
     <span class='ocr_line' id='line_1_77' title="bbox 2239 3125 3744 3195; baseline -0.001 -17"><span class='ocrx_word' id='word_1_546' title='bbox 2239 3125 2568 3193; x_wconf 78' lang='grc' dir='ltr'>αὐτοάγαθον</span> <span class='ocrx_word' id='word_1_547' title='bbox 2599 3125 2835 3195; x_wconf 82' lang='grc' dir='ltr'>πέφυκεν</span> <span class='ocrx_word' id='word_1_548' title='bbox 2854 3139 2867 3153; x_wconf 77' lang='grc'><strong><em>⁸</em></strong></span> <span class='ocrx_word' id='word_1_549' title='bbox 2895 3125 3024 3178; x_wconf 79' lang='grc' dir='ltr'><strong><em>ἀλλά</em></strong></span> <span class='ocrx_word' id='word_1_550' title='bbox 3061 3125 3244 3195; x_wconf 83' lang='grc' dir='ltr'>δέομαι</span> <span class='ocrx_word' id='word_1_551' title='bbox 3280 3126 3614 3188; x_wconf 78' lang='grc' dir='ltr'>διδασκαλίας</span> <span class='ocrx_word' id='word_1_552' title='bbox 3652 3127 3744 3177; x_wconf 75' lang='grc' dir='ltr'>τῶν</span> 
     </span>
    </p>
   </div>
   <div class='ocr_carea' id='block_1_78' title="bbox 2238 3212 3744 3284">
    <p class='ocr_par' dir='ltr' id='par_1_78' title="bbox 2238 3212 3744 3284">
     <span class='ocr_line' id='line_1_78' title="bbox 2238 3212 3744 3284; baseline -0.001 -18"><span class='ocrx_word' id='word_1_553' title='bbox 2238 3213 2606 3283; x_wconf 84' lang='grc' dir='ltr'>δικαιωμάτων</span> <span class='ocrx_word' id='word_1_554' title='bbox 2636 3230 2746 3274; x_wconf 87' lang='grc' dir='ltr'>σου,</span> <span class='ocrx_word' id='word_1_555' title='bbox 2776 3214 2840 3284; x_wconf 69' lang='grc' dir='ltr'>ἢν</span> <span class='ocrx_word' id='word_1_556' title='bbox 2870 3213 3002 3278; x_wconf 83' lang='grc' dir='ltr'>ἀξιῶ</span> <span class='ocrx_word' id='word_1_557' title='bbox 3037 3212 3238 3278; x_wconf 82' lang='grc' dir='ltr'>διδάξαι</span> <span class='ocrx_word' id='word_1_558' title='bbox 3296 3231 3391 3283; x_wconf 83' lang='grc' dir='ltr'>με·</span> <span class='ocrx_word' id='word_1_559' title='bbox 3429 3214 3744 3274; x_wconf 67' lang='grc' dir='ltr'>διδασκαλίας</span> 
     </span>
    </p>
   </div>
   <div class='ocr_carea' id='block_1_79' title="bbox 2239 3301 3745 3374">
    <p class='ocr_par' dir='ltr' id='par_1_79' title="bbox 2239 3301 3745 3374">
     <span class='ocr_line' id='line_1_79' title="bbox 2239 3301 3745 3374; baseline 0 -20"><span class='ocrx_word' id='word_1_560' title='bbox 2239 3302 2345 3373; x_wconf 79' lang='grc' dir='ltr'><strong><em>γάρ</em></strong></span> <span class='ocrx_word' id='word_1_561' title='bbox 2391 3320 2477 3373; x_wconf 86' lang='grc' dir='ltr'><strong><em>μοι</em></strong></span> <span class='ocrx_word' id='word_1_562' title='bbox 2522 3303 2619 3365; x_wconf 79' lang='grc' dir='ltr'>δεῖ,</span> <span class='ocrx_word' id='word_1_563' title='bbox 2675 3304 2752 3366; x_wconf 83' lang='grc' dir='ltr'><strong><em>είς</em></strong></span> <span class='ocrx_word' id='word_1_564' title='bbox 2791 3302 2854 3356; x_wconf 77' lang='grc' dir='ltr'><strong><em>τὸ</em></strong></span> <span class='ocrx_word' id='word_1_565' title='bbox 2895 3301 3087 3370; x_wconf 79' lang='grc' dir='ltr'>γνῶναι</span> <span class='ocrx_word' id='word_1_566' title='bbox 3126 3304 3248 3366; x_wconf 83' lang='grc' dir='ltr'>τοὺς</span> <span class='ocrx_word' id='word_1_567' title='bbox 3293 3305 3418 3374; x_wconf 82' lang='grc' dir='ltr'>περὶ</span> <span class='ocrx_word' id='word_1_568' title='bbox 3460 3304 3560 3355; x_wconf 79' lang='grc' dir='ltr'><strong><em>τῶν</em></strong></span> <span class='ocrx_word' id='word_1_569' title='bbox 3603 3305 3745 3374; x_wconf 72' lang='grc' dir='ltr'>ὑπερ-</span> 
     </span>
    </p>
   </div>
   <div class='ocr_carea' id='block_1_80' title="bbox 2171 3382 2690 3462">
    <p class='ocr_par' dir='ltr' id='par_1_80' title="bbox 2171 3382 2690 3462">
     <span class='ocr_line' id='line_1_80' title="bbox 2171 3382 2690 3462; baseline 0.002 -18"><span class='ocrx_word' id='word_1_570' title='bbox 2171 3382 2210 3436; x_wconf 87' lang='lat' dir='ltr'>C</span> <span class='ocrx_word' id='word_1_571' title='bbox 2242 3392 2457 3462; x_wconf 82' lang='grc' dir='ltr'>ηφάνων</span> <span class='ocrx_word' id='word_1_572' title='bbox 2487 3392 2690 3460; x_wconf 79' lang='grc' dir='ltr'>λόγους.</span> 
     </span>
    </p>
   </div>
   <div class='ocr_carea' id='block_1_81' title="bbox 2320 3481 3746 3552">
    <p class='ocr_par' dir='ltr' id='par_1_81' title="bbox 2320 3481 3746 3552">
     <span class='ocr_line' id='line_1_81' title="bbox 2320 3481 3746 3552; baseline 0.001 -17"><span class='ocrx_word' id='word_1_573' title='bbox 2320 3483 2679 3551; x_wconf 78' lang='grc' dir='ltr'>Ἐ’πληθύνθη</span> <span class='ocrx_word' id='word_1_574' title='bbox 2701 3482 2792 3536; x_wconf 74' lang='grc' dir='ltr'><strong><em>ἐπ’</em></strong></span> <span class='ocrx_word' id='word_1_575' title='bbox 2832 3481 2934 3552; x_wconf 77' lang='grc' dir='ltr'><strong><em>ἐμὲ</em></strong></span> <span class='ocrx_word' id='word_1_576' title='bbox 2974 3481 3169 3536; x_wconf 78' lang='grc' dir='ltr'>ἀδικία</span> <span class='ocrx_word' id='word_1_577' title='bbox 3209 3483 3621 3551; x_wconf 69' lang='grc' dir='ltr'><strong><em>ὑπερηφάνων·</em></strong></span> <span class='ocrx_word' id='word_1_578' title='bbox 3649 3481 3746 3550; x_wconf 69' lang='grc' dir='ltr'><strong><em>ἐγὼ</em></strong></span> 
     </span>
    </p>
   </div>
   <div class='ocr_carea' id='block_1_82' title="bbox 2238 3570 3748 3641">
    <p class='ocr_par' dir='ltr' id='par_1_82' title="bbox 2238 3570 3748 3641">
     <span class='ocr_line' id='line_1_82' title="bbox 2238 3570 3748 3641; baseline 0.001 -17"><span class='ocrx_word' id='word_1_579' title='bbox 2238 3570 2305 3623; x_wconf 84' lang='grc' dir='ltr'>δὲ</span> <span class='ocrx_word' id='word_1_580' title='bbox 2330 3571 2397 3624; x_wconf 76' lang='grc' dir='ltr'><strong><em>ὲν</em></strong></span> <span class='ocrx_word' id='word_1_581' title='bbox 2417 3572 2524 3640; x_wconf 79' lang='grc' dir='ltr'><strong><em>ὅλῃ</em></strong></span> <span class='ocrx_word' id='word_1_582' title='bbox 2571 3572 2776 3641; x_wconf 79' lang='grc' dir='ltr'>καρδίᾳ</span> <span class='ocrx_word' id='word_1_583' title='bbox 2801 3589 2917 3640; x_wconf 83' lang='grc' dir='ltr'><strong><em>μου</em></strong></span> <span class='ocrx_word' id='word_1_584' title='bbox 2961 3573 3327 3641; x_wconf 73' lang='grc' dir='ltr'>ἐξερευνήσω</span> <span class='ocrx_word' id='word_1_585' title='bbox 3372 3575 3474 3639; x_wconf 78' lang='grc' dir='ltr'>τὰς</span> <span class='ocrx_word' id='word_1_586' title='bbox 3518 3573 3748 3635; x_wconf 66' lang='grc' dir='ltr'>ἐντολάς</span> 
     </span>
    </p>
   </div>
   <div class='ocr_carea' id='block_1_83' title="bbox 2241 3661 3747 3731">
    <p class='ocr_par' dir='ltr' id='par_1_83' title="bbox 2241 3661 3747 3731">
     <span class='ocr_line' id='line_1_83' title="bbox 2241 3661 3747 3731; baseline -0.001 -18"><span class='ocrx_word' id='word_1_587' title='bbox 2241 3675 2370 3714; x_wconf 88' lang='grc' dir='ltr'>σου.</span> <span class='ocrx_word' id='word_1_588' title='bbox 2389 3661 2532 3730; x_wconf 84' lang='grc' dir='ltr'><strong><em>Ὅσῳ</em></strong></span> <span class='ocrx_word' id='word_1_589' title='bbox 2549 3661 2748 3724; x_wconf 83' lang='grc' dir='ltr'>δίκαιός</span> <span class='ocrx_word' id='word_1_590' title='bbox 2772 3662 2851 3724; x_wconf 88' lang='grc' dir='ltr'><strong><em>τίς</em></strong></span> <span class='ocrx_word' id='word_1_591' title='bbox 2874 3663 3009 3724; x_wconf 72' lang='grc' dir='ltr'>ἐστι,</span> <span class='ocrx_word' id='word_1_592' title='bbox 3027 3662 3436 3731; x_wconf 81' lang='grc' dir='ltr'>προστιθέμενος</span> <span class='ocrx_word' id='word_1_593' title='bbox 3473 3664 3557 3715; x_wconf 71' lang='grc' dir='ltr'><strong><em>ἐπὶ</em></strong></span> <span class='ocrx_word' id='word_1_594' title='bbox 3587 3661 3747 3714; x_wconf 77' lang='grc' dir='ltr'>πλεῖον</span> 
     </span>
    </p>
   </div>
   <div class='ocr_carea' id='block_1_84' title="bbox 2241 3749 3746 3822">
    <p class='ocr_par' dir='ltr' id='par_1_84' title="bbox 2241 3749 3746 3822">
     <span class='ocr_line' id='line_1_84' title="bbox 2241 3749 3746 3822; baseline 0 -20"><span class='ocrx_word' id='word_1_595' title='bbox 2241 3749 2316 3820; x_wconf 81' lang='grc' dir='ltr'>τῷ</span> <span class='ocrx_word' id='word_1_596' title='bbox 2351 3749 2486 3820; x_wconf 85' lang='grc' dir='ltr'><strong><em>Θεῷ,</em></strong></span> <span class='ocrx_word' id='word_1_597' title='bbox 2520 3751 2611 3803; x_wconf 76' lang='grc' dir='ltr'>καὶ</span> <span class='ocrx_word' id='word_1_598' title='bbox 2633 3750 2950 3822; x_wconf 79' lang='grc' dir='ltr'>πληθύνεται</span> <span class='ocrx_word' id='word_1_599' title='bbox 2977 3753 3033 3804; x_wconf 85' lang='grc' dir='ltr'>ὲν</span> <span class='ocrx_word' id='word_1_600' title='bbox 3056 3750 3200 3821; x_wconf 80' lang='grc' dir='ltr'>αὐτῷ</span> <span class='ocrx_word' id='word_1_601' title='bbox 3225 3753 3259 3821; x_wconf 73' lang='grc' dir='ltr'><strong>ἡ</strong></span> <span class='ocrx_word' id='word_1_602' title='bbox 3285 3753 3470 3821; x_wconf 76' lang='grc' dir='ltr'>εἰρήνη</span> <span class='ocrx_word' id='word_1_603' title='bbox 3495 3752 3581 3804; x_wconf 82' lang='grc' dir='ltr'>τοῦ</span> <span class='ocrx_word' id='word_1_604' title='bbox 3608 3752 3746 3811; x_wconf 72' lang='grc' dir='ltr'>Θεοῦ,</span> 
     </span>
    </p>
   </div>
   <div class='ocr_carea' id='block_1_85' title="bbox 2241 3838 3748 3912">
    <p class='ocr_par' dir='ltr' id='par_1_85' title="bbox 2241 3838 3748 3912">
     <span class='ocr_line' id='line_1_85' title="bbox 2241 3838 3748 3912; baseline 0 -21"><span class='ocrx_word' id='word_1_605' title='bbox 2241 3838 2490 3909; x_wconf 81' lang='grc' dir='ltr'>τοσούτῳ,</span> <span class='ocrx_word' id='word_1_606' title='bbox 2525 3838 2598 3902; x_wconf 81' lang='grc' dir='ltr'>ὡς</span> <span class='ocrx_word' id='word_1_607' title='bbox 2632 3840 2721 3893; x_wconf 76' lang='grc' dir='ltr'><strong><em>ἐπὶ</em></strong></span> <span class='ocrx_word' id='word_1_608' title='bbox 2775 3838 3005 3912; x_wconf 76' lang='grc' dir='ltr'>ἀθλητὴν</span> <span class='ocrx_word' id='word_1_609' title='bbox 3043 3839 3258 3909; x_wconf 81' lang='grc' dir='ltr'>μείζονα</span> <span class='ocrx_word' id='word_1_610' title='bbox 3315 3840 3399 3892; x_wconf 76' lang='grc' dir='ltr'><strong><em>ἐπ’</em></strong></span> <span class='ocrx_word' id='word_1_611' title='bbox 3448 3841 3587 3911; x_wconf 80' lang='grc' dir='ltr'>αὐτῷ</span> <span class='ocrx_word' id='word_1_612' title='bbox 3633 3842 3748 3910; x_wconf 61' lang='grc' dir='ltr'>πλη-</span> 
     </span>
    </p>
   </div>
   <div class='ocr_carea' id='block_1_86' title="bbox 2245 3927 3748 4001">
    <p class='ocr_par' dir='ltr' id='par_1_86' title="bbox 2245 3927 3748 4001">
     <span class='ocr_line' id='line_1_86' title="bbox 2245 3927 3748 4001; baseline -0.003 -19"><span class='ocrx_word' id='word_1_613' title='bbox 2245 3927 2474 3993; x_wconf 85' lang='grc' dir='ltr'>θύνεται,</span> <span class='ocrx_word' id='word_1_614' title='bbox 2506 3929 2671 4001; x_wconf 60' lang='grc' dir='ltr'>ῆητῶν</span> <span class='ocrx_word' id='word_1_615' title='bbox 2697 3928 2892 3983; x_wconf 82' lang='grc' dir='ltr'>ἀδικεῖν</span> <span class='ocrx_word' id='word_1_616' title='bbox 2915 3929 3069 3983; x_wconf 79' lang='grc' dir='ltr'>αὐτὸν</span> <span class='ocrx_word' id='word_1_617' title='bbox 3106 3930 3355 3983; x_wconf 82' lang='grc' dir='ltr'>θελόντων</span> <span class='ocrx_word' id='word_1_618' title='bbox 3394 3930 3748 4000; x_wconf 63' lang='grc' dir='ltr'>ὑπρηφάνων,</span> 
     </span>
    </p>
   </div>
   <div class='ocr_carea' id='block_1_87' title="bbox 2245 4017 3750 4090">
    <p class='ocr_par' dir='ltr' id='par_1_87' title="bbox 2245 4017 3750 4090">
     <span class='ocr_line' id='line_1_87' title="bbox 2245 4017 3750 4090; baseline 0 -20"><span class='ocrx_word' id='word_1_619' title='bbox 2245 4017 2353 4071; x_wconf 59' lang='grc' dir='ltr'>εὖτε</span> <span class='ocrx_word' id='word_1_620' title='bbox 2404 4018 2678 4088; x_wconf 78' lang='grc' dir='ltr'>δυνάμεων</span> <span class='ocrx_word' id='word_1_621' title='bbox 2718 4019 3116 4089; x_wconf 82' lang='grc' dir='ltr'>ἀντικειμένων,</span> <span class='ocrx_word' id='word_1_622' title='bbox 3150 4021 3256 4072; x_wconf 78' lang='grc' dir='ltr'>εἴτε</span> <span class='ocrx_word' id='word_1_623' title='bbox 3287 4017 3591 4090; x_wconf 74' lang='grc' dir='ltr'>ἀνθρώπιον,</span> <span class='ocrx_word' id='word_1_624' title='bbox 3631 4019 3750 4070; x_wconf 72' lang='grc' dir='ltr'>Τού-</span> 
     </span>
    </p>
   </div>
   <div class='ocr_carea' id='block_1_88' title="bbox 2244 4106 3746 4177">
    <p class='ocr_par' dir='ltr' id='par_1_88' title="bbox 2244 4106 3746 4177">
     <span class='ocr_line' id='line_1_88' title="bbox 2244 4106 3746 4177; baseline -0.002 -16"><span class='ocrx_word' id='word_1_625' title='bbox 2244 4125 2334 4161; x_wconf 90' lang='grc' dir='ltr'><strong><em>του</em></strong></span> <span class='ocrx_word' id='word_1_626' title='bbox 2363 4107 2417 4160; x_wconf 85' lang='grc' dir='ltr'>δὲ</span> <span class='ocrx_word' id='word_1_627' title='bbox 2447 4107 2744 4177; x_wconf 79' lang='grc' dir='ltr'>γινομένου,</span> <span class='ocrx_word' id='word_1_628' title='bbox 2775 4107 2892 4160; x_wconf 82' lang='grc' dir='ltr'>οὐδὲ</span> <span class='ocrx_word' id='word_1_629' title='bbox 2922 4109 3058 4162; x_wconf 85' lang='grc' dir='ltr'><strong><em>κατά</em></strong></span> <span class='ocrx_word' id='word_1_630' title='bbox 3094 4109 3155 4172; x_wconf 79' lang='grc' dir='ltr'>τὸ</span> <span class='ocrx_word' id='word_1_631' title='bbox 3203 4109 3347 4162; x_wconf 77' lang='grc' dir='ltr'>ποιὸν</span> <span class='ocrx_word' id='word_1_632' title='bbox 3389 4108 3646 4160; x_wconf 81' lang='grc' dir='ltr'>ἐνδίδωσιν</span> <span class='ocrx_word' id='word_1_633' title='bbox 3668 4106 3746 4159; x_wconf 74' lang='grc' dir='ltr'>τοῦ</span> 
     </span>
    </p>
   </div>
   <div class='ocr_carea' id='block_1_89' title="bbox 2249 4196 3747 4269">
    <p class='ocr_par' dir='ltr' id='par_1_89' title="bbox 2249 4196 3747 4269">
     <span class='ocr_line' id='line_1_89' title="bbox 2249 4196 3747 4269; baseline 0.001 -21"><span class='ocrx_word' id='word_1_634' title='bbox 2249 4197 2323 4267; x_wconf 82' lang='grc' dir='ltr'><strong><em>μὴ</em></strong></span> <span class='ocrx_word' id='word_1_635' title='bbox 2358 4199 2412 4251; x_wconf 80' lang='grc' dir='ltr'>ὲν</span> <span class='ocrx_word' id='word_1_636' title='bbox 2449 4196 2542 4269; x_wconf 79' lang='grc' dir='ltr'><strong><em>ὅλῃ</em></strong></span> <span class='ocrx_word' id='word_1_637' title='bbox 2572 4197 2763 4266; x_wconf 80' lang='grc' dir='ltr'>καρδίᾳ</span> <span class='ocrx_word' id='word_1_638' title='bbox 2807 4197 3083 4268; x_wconf 78' lang='grc' dir='ltr'>ὲξερευνᾷν</span> <span class='ocrx_word' id='word_1_639' title='bbox 3115 4198 3212 4262; x_wconf 79' lang='grc' dir='ltr'>τὰς</span> <span class='ocrx_word' id='word_1_640' title='bbox 3240 4197 3450 4260; x_wconf 74' lang='grc' dir='ltr'>ἐντολὰς</span> <span class='ocrx_word' id='word_1_641' title='bbox 3497 4198 3583 4250; x_wconf 78' lang='grc' dir='ltr'><strong><em>τοῦ</em></strong></span> <span class='ocrx_word' id='word_1_642' title='bbox 3629 4198 3747 4251; x_wconf 74' lang='grc' dir='ltr'>θεοῦ</span> 
     </span>
    </p>
   </div>
   <div class='ocr_carea' id='block_1_90' title="bbox 2248 4287 3032 4356">
    <p class='ocr_par' dir='ltr' id='par_1_90' title="bbox 2248 4287 3032 4356">
     <span class='ocr_line' id='line_1_90' title="bbox 2248 4287 3032 4356; baseline 0.004 -17"><span class='ocrx_word' id='word_1_643' title='bbox 2248 4287 2379 4355; x_wconf 79' lang='grc' dir='ltr'>πρὸς</span> <span class='ocrx_word' id='word_1_644' title='bbox 2408 4287 2468 4339; x_wconf 82' lang='grc' dir='ltr'><strong><em>τὸ</em></strong></span> <span class='ocrx_word' id='word_1_645' title='bbox 2502 4288 2592 4339; x_wconf 79' lang='grc' dir='ltr'><strong><em>καὶ</em></strong></span> <span class='ocrx_word' id='word_1_646' title='bbox 2615 4287 2830 4356; x_wconf 86' lang='grc' dir='ltr'>ποιῆσαι</span> <span class='ocrx_word' id='word_1_647' title='bbox 2851 4288 3032 4350; x_wconf 79' lang='grc' dir='ltr'>αὑτάς.</span> 
     </span>
    </p>
   </div>
   <div class='ocr_carea' id='block_1_91' title="bbox 2328 4373 3750 4445">
    <p class='ocr_par' dir='ltr' id='par_1_91' title="bbox 2328 4373 3750 4445">
     <span class='ocr_line' id='line_1_91' title="bbox 2328 4373 3750 4445; baseline -0.003 -16"><span class='ocrx_word' id='word_1_648' title='bbox 2328 4375 2611 4441; x_wconf 82' lang='grc' dir='ltr'>Ἐτυρὼθη</span> <span class='ocrx_word' id='word_1_649' title='bbox 2647 4377 2725 4440; x_wconf 85' lang='grc' dir='ltr'>ὡς</span> <span class='ocrx_word' id='word_1_650' title='bbox 2761 4376 2923 4445; x_wconf 65' lang='grc' dir='ltr'>γάλα.</span> <span class='ocrx_word' id='word_1_651' title='bbox 2948 4379 2986 4445; x_wconf 81' lang='grc' dir='ltr'><strong><em>ἡ</em></strong></span> <span class='ocrx_word' id='word_1_652' title='bbox 3033 4377 3236 4445; x_wconf 83' lang='grc' dir='ltr'>καρδία</span> <span class='ocrx_word' id='word_1_653' title='bbox 3293 4374 3510 4429; x_wconf 72' lang='grc' dir='ltr'><strong><em>αὐτῶν·</em></strong></span> <span class='ocrx_word' id='word_1_654' title='bbox 3545 4375 3654 4443; x_wconf 74' lang='grc' dir='ltr'><strong><em>ἐγὼ</em></strong></span> <span class='ocrx_word' id='word_1_655' title='bbox 3693 4373 3750 4426; x_wconf 78' lang='grc' dir='ltr'>δὲ</span> 
     </span>
    </p>
   </div>
   <div class='ocr_carea' id='block_1_92' title="bbox 2246 4463 3748 4534">
    <p class='ocr_par' dir='ltr' id='par_1_92' title="bbox 2246 4463 3748 4534">
     <span class='ocr_line' id='line_1_92' title="bbox 2246 4463 3748 4534; baseline -0.003 -16"><span class='ocrx_word' id='word_1_656' title='bbox 2246 4465 2351 4518; x_wconf 79' lang='grc' dir='ltr'><strong><em>τὸν</em></strong></span> <span class='ocrx_word' id='word_1_657' title='bbox 2375 4465 2554 4532; x_wconf 79' lang='grc' dir='ltr'>νόμον</span> <span class='ocrx_word' id='word_1_658' title='bbox 2587 4479 2699 4517; x_wconf 84' lang='grc' dir='ltr'><strong><em>σου</em></strong></span> <span class='ocrx_word' id='word_1_659' title='bbox 2733 4464 3072 4532; x_wconf 71' lang='grc' dir='ltr'>ἐμελέτησα.</span> <span class='ocrx_word' id='word_1_660' title='bbox 3111 4466 3341 4534; x_wconf 71' lang='grc' dir='ltr'>Ἆγαθόν</span> <span class='ocrx_word' id='word_1_661' title='bbox 3359 4481 3477 4530; x_wconf 83' lang='grc' dir='ltr'>μοι,</span> <span class='ocrx_word' id='word_1_662' title='bbox 3523 4463 3604 4515; x_wconf 83' lang='grc' dir='ltr'>ὅτι</span> <span class='ocrx_word' id='word_1_663' title='bbox 3633 4464 3748 4515; x_wconf 81' lang='grc' dir='ltr'>ἐτα-</span> 
     </span>
    </p>
   </div>
   <div class='ocr_carea' id='block_1_93' title="bbox 2249 4550 3745 4620">
    <p class='ocr_par' dir='ltr' id='par_1_93' title="bbox 2249 4550 3745 4620">
     <span class='ocr_line' id='line_1_93' title="bbox 2249 4550 3745 4620; baseline 0 -17"><span class='ocrx_word' id='word_1_664' title='bbox 2249 4551 2538 4617; x_wconf 76' lang='grc' dir='ltr'>πείνωσάς</span> <span class='ocrx_word' id='word_1_665' title='bbox 2566 4567 2660 4620; x_wconf 84' lang='grc' dir='ltr'><strong><em>με,</em></strong></span> <span class='ocrx_word' id='word_1_666' title='bbox 2700 4550 2851 4616; x_wconf 81' lang='grc' dir='ltr'>ὅπως</span> <span class='ocrx_word' id='word_1_667' title='bbox 2887 4552 2960 4605; x_wconf 77' lang='grc' dir='ltr'><strong><em>ἂν</em></strong></span> <span class='ocrx_word' id='word_1_668' title='bbox 2979 4552 3139 4619; x_wconf 81' lang='grc' dir='ltr'>μάθω</span> <span class='ocrx_word' id='word_1_669' title='bbox 3169 4552 3242 4604; x_wconf 83' lang='grc' dir='ltr'>τὰ</span> <span class='ocrx_word' id='word_1_670' title='bbox 3259 4550 3597 4619; x_wconf 79' lang='grc' dir='ltr'>δικαιώματά</span> <span class='ocrx_word' id='word_1_671' title='bbox 3629 4568 3745 4605; x_wconf 77' lang='grc' dir='ltr'>σου.</span> 
     </span>
    </p>
   </div>
   <div class='ocr_carea' id='block_1_94' title="bbox 2261 4626 3746 4708">
    <p class='ocr_par' dir='ltr' id='par_1_94' title="bbox 2261 4626 3746 4708">
     <span class='ocr_line' id='line_1_94' title="bbox 2261 4626 3746 4708; baseline -0.001 -17"><span class='ocrx_word' id='word_1_672' title='bbox 2261 4638 2486 4706; x_wconf 73' lang='grc' dir='ltr'>Ἀγαθός</span> <span class='ocrx_word' id='word_1_673' title='bbox 2510 4626 2608 4706; x_wconf 53' lang='lat' dir='ltr'><strong><em>ita:</em></strong></span> <span class='ocrx_word' id='word_1_674' title='bbox 2637 4642 2668 4693; x_wconf 84' lang='grc' dir='ltr'><em>ό</em></span> <span class='ocrx_word' id='word_1_675' title='bbox 2703 4639 2880 4707; x_wconf 85' lang='grc' dir='ltr'>νόμος</span> <span class='ocrx_word' id='word_1_676' title='bbox 2911 4638 3012 4691; x_wconf 85' lang='grc' dir='ltr'>τοῦ</span> <span class='ocrx_word' id='word_1_677' title='bbox 3044 4639 3328 4707; x_wconf 78' lang='grc' dir='ltr'>στόματός</span> <span class='ocrx_word' id='word_1_678' title='bbox 3363 4654 3474 4693; x_wconf 87' lang='grc' dir='ltr'><strong><em>σου</em></strong></span> <span class='ocrx_word' id='word_1_679' title='bbox 3499 4639 3640 4707; x_wconf 72' lang='grc' dir='ltr'><strong><em>ὑπὲρ</em></strong></span> <span class='ocrx_word' id='word_1_680' title='bbox 3672 4661 3746 4708; x_wconf 78' lang='grc' dir='ltr'>χι-</span> 
     </span>
    </p>
   </div>
   <div class='ocr_carea' id='block_1_95' title="bbox 640 4728 2140 4803">
    <p class='ocr_par' dir='ltr' id='par_1_95' title="bbox 640 4729 2140 4802">
     <span class='ocr_line' id='line_1_95' title="bbox 640 4729 2140 4802; baseline 0.003 -20"><span class='ocrx_word' id='word_1_681' title='bbox 640 4729 769 4784; x_wconf 79' lang='lat' dir='ltr'><strong><em>Nam</em></strong></span> <span class='ocrx_word' id='word_1_682' title='bbox 817 4743 937 4786; x_wconf 76' lang='lat' dir='ltr'><strong><em>ante</em></strong></span> <span class='ocrx_word' id='word_1_683' title='bbox 978 4732 1280 4800; x_wconf 83' lang='lat' dir='ltr'><strong><em>superbiam</em></strong></span> <span class='ocrx_word' id='word_1_684' title='bbox 1317 4733 1550 4802; x_wconf 86' lang='lat' dir='ltr'><strong><em>quidem,</em></strong></span> <span class='ocrx_word' id='word_1_685' title='bbox 1584 4734 1876 4788; x_wconf 87' lang='lat' dir='ltr'><strong><em>incolumes</em></strong></span> <span class='ocrx_word' id='word_1_686' title='bbox 1908 4740 1960 4788; x_wconf 87' lang='lat' dir='ltr'><strong><em>et</em></strong></span> <span class='ocrx_word' id='word_1_687' title='bbox 1994 4734 2140 4791; x_wconf 67' lang='lat' dir='ltr'><strong><em>corde</em></strong></span> 
     </span>
    </p>
   </div>
   <div class='ocr_carea' id='block_1_96' title="bbox 2240 4728 3750 4803">
    <p class='ocr_par' dir='ltr' id='par_1_96' title="bbox 2250 4728 3750 4803">
     <span class='ocr_line' id='line_1_96' title="bbox 2250 4728 3750 4803; baseline 0.009 -22"><span class='ocrx_word' id='word_1_688' title='bbox 2250 4728 2454 4793; x_wconf 76' lang='grc' dir='ltr'>λιὰδας</span> <span class='ocrx_word' id='word_1_689' title='bbox 2497 4730 2742 4795; x_wconf 82' lang='grc' dir='ltr'>χρυσίου</span> <span class='ocrx_word' id='word_1_690' title='bbox 2784 4730 2876 4782; x_wconf 79' lang='grc' dir='ltr'>καὶ</span> <span class='ocrx_word' id='word_1_691' title='bbox 2927 4728 3216 4797; x_wconf 79' lang='grc' dir='ltr'>ἀργυρίου.</span> <span class='ocrx_word' id='word_1_692' title='bbox 3265 4733 3377 4802; x_wconf 83' lang='grc' dir='ltr'><strong><em>Πρὸ</em></strong></span> <span class='ocrx_word' id='word_1_693' title='bbox 3408 4732 3503 4802; x_wconf 77' lang='grc' dir='ltr'>μὲν</span> <span class='ocrx_word' id='word_1_694' title='bbox 3541 4732 3641 4803; x_wconf 82' lang='grc' dir='ltr'>γὰρ</span> <span class='ocrx_word' id='word_1_695' title='bbox 3668 4734 3750 4800; x_wconf 70' lang='grc' dir='ltr'><strong><em>τῆς</em></strong></span> 
     </span>
    </p>
   </div>
   <div class='ocr_carea' id='block_1_97' title="bbox 645 4821 2154 4892">
    <p class='ocr_par' dir='ltr' id='par_1_97' title="bbox 645 4821 2154 4892">
     <span class='ocr_line' id='line_1_97' title="bbox 645 4821 2154 4892; baseline 0.005 -22"><span class='ocrx_word' id='word_1_696' title='bbox 645 4821 880 4889; x_wconf 80' lang='lat' dir='ltr'><strong><em>vigentes</em></strong></span> <span class='ocrx_word' id='word_1_697' title='bbox 933 4830 1103 4885; x_wconf 89' lang='lat' dir='ltr'><strong><em>erant,</em></strong></span> <span class='ocrx_word' id='word_1_698' title='bbox 1133 4829 1310 4890; x_wconf 87' lang='lat' dir='ltr'><strong><em>atque,</em></strong></span> <span class='ocrx_word' id='word_1_699' title='bbox 1346 4830 1404 4875; x_wconf 89' lang='lat' dir='ltr'><strong><em>ut</em></strong></span> <span class='ocrx_word' id='word_1_700' title='bbox 1446 4823 1519 4876; x_wconf 89' lang='lat' dir='ltr'><strong><em>ita</em></strong></span> <span class='ocrx_word' id='word_1_701' title='bbox 1558 4822 1754 4888; x_wconf 88' lang='lat' dir='ltr'><strong><em>dicam,</em></strong></span> <span class='ocrx_word' id='word_1_702' title='bbox 1785 4821 2064 4892; x_wconf 84' lang='lat' dir='ltr'><strong><em>potabiles,</em></strong></span> <span class='ocrx_word' id='word_1_703' title='bbox 2094 4830 2154 4877; x_wconf 87' lang='lat' dir='ltr'><strong><em>ut</em></strong></span> 
     </span>
    </p>
   </div>
   <div class='ocr_carea' id='block_1_98' title="bbox 643 4912 2152 4982">
    <p class='ocr_par' dir='ltr' id='par_1_98' title="bbox 643 4912 2152 4982">
     <span class='ocr_line' id='line_1_98' title="bbox 643 4912 2152 4982; baseline 0.002 -19"><span class='ocrx_word' id='word_1_704' title='bbox 643 4912 803 4964; x_wconf 87' lang='lat' dir='ltr'><strong><em>etiam</em></strong></span> <span class='ocrx_word' id='word_1_705' title='bbox 833 4913 955 4964; x_wconf 89' lang='lat' dir='ltr'><strong><em>lacti</em></strong></span> <span class='ocrx_word' id='word_1_706' title='bbox 999 4913 1064 4965; x_wconf 89' lang='lat' dir='ltr'><strong><em>ad</em></strong></span> <span class='ocrx_word' id='word_1_707' title='bbox 1120 4927 1298 4967; x_wconf 87' lang='lat' dir='ltr'><strong><em>escam</em></strong></span> <span class='ocrx_word' id='word_1_708' title='bbox 1351 4913 1637 4968; x_wconf 87' lang='lat' dir='ltr'><strong><em>utilissimo</em></strong></span> <span class='ocrx_word' id='word_1_709' title='bbox 1686 4921 2152 4982; x_wconf 84' lang='lat' dir='ltr'><strong><em>compararentur;</em></strong></span> 
     </span>
    </p>
   </div>
   <div class='ocr_carea' id='block_1_99' title="bbox 645 4991 2153 5070">
    <p class='ocr_par' dir='ltr' id='par_1_99' title="bbox 645 4991 2153 5070">
     <span class='ocr_line' id='line_1_99' title="bbox 645 4991 2153 5070; baseline 0.001 -17"><span class='ocrx_word' id='word_1_710' title='bbox 645 4991 921 5068; x_wconf 82' lang='lat' dir='ltr'><strong><em>postquam</em></strong></span> <span class='ocrx_word' id='word_1_711' title='bbox 951 5009 1125 5056; x_wconf 75' lang='lat' dir='ltr'><strong><em>autem</em></strong></span> <span class='ocrx_word' id='word_1_712' title='bbox 1174 5000 1474 5070; x_wconf 87' lang='lat' dir='ltr'><strong><em>superbiam</em></strong></span> <span class='ocrx_word' id='word_1_713' title='bbox 1529 5002 1835 5067; x_wconf 87' lang='lat' dir='ltr'><strong><em>induerunt,</em></strong></span> <span class='ocrx_word' id='word_1_714' title='bbox 1859 5017 2043 5056; x_wconf 90' lang='lat' dir='ltr'><strong><em>omnes</em></strong></span> <span class='ocrx_word' id='word_1_715' title='bbox 2070 5002 2153 5055; x_wconf 87' lang='lat' dir='ltr'><strong><em>in-</em></strong></span> 
     </span>
    </p>
   </div>
   <div class='ocr_carea' id='block_1_100' title="bbox 646 5087 2152 5156">
    <p class='ocr_par' dir='ltr' id='par_1_100' title="bbox 646 5087 2152 5156">
     <span class='ocr_line' id='line_1_100' title="bbox 646 5087 2152 5156; baseline 0 -15"><span class='ocrx_word' id='word_1_716' title='bbox 646 5087 824 5141; x_wconf 88' lang='lat' dir='ltr'><strong><em>durati</em></strong></span> <span class='ocrx_word' id='word_1_717' title='bbox 872 5088 1025 5156; x_wconf 87' lang='lat' dir='ltr'><strong><em>quasi</em></strong></span> <span class='ocrx_word' id='word_1_718' title='bbox 1059 5103 1089 5143; x_wconf 91' lang='lat' dir='ltr'><strong><em>e</em></strong></span> <span class='ocrx_word' id='word_1_719' title='bbox 1124 5089 1260 5142; x_wconf 86' lang='lat' dir='ltr'><strong><em>lacte</em></strong></span> <span class='ocrx_word' id='word_1_720' title='bbox 1308 5087 1362 5140; x_wconf 90' lang='lat' dir='ltr'><strong><em>in</em></strong></span> <span class='ocrx_word' id='word_1_721' title='bbox 1389 5101 1604 5153; x_wconf 82' lang='lat' dir='ltr'><strong><em>caseum</em></strong></span> <span class='ocrx_word' id='word_1_722' title='bbox 1653 5087 1960 5142; x_wconf 90' lang='lat' dir='ltr'><strong><em>commutati</em></strong></span> <span class='ocrx_word' id='word_1_723' title='bbox 2009 5093 2152 5141; x_wconf 88' lang='lat' dir='ltr'><strong><em>sunt.</em></strong></span> 
     </span>
    </p>
   </div>
   <div class='ocr_carea' id='block_1_101' title="bbox 632 5174 2156 5246">
    <p class='ocr_par' dir='ltr' id='par_1_101' title="bbox 632 5174 2156 5246">
     <span class='ocr_line' id='line_1_101' title="bbox 632 5174 2156 5246; baseline 0.003 -22"><span class='ocrx_word' id='word_1_724' title='bbox 632 5175 753 5230; x_wconf 71' lang='lat' dir='ltr'><strong><em>,Pro</em></strong></span> <span class='ocrx_word' id='word_1_725' title='bbox 799 5176 891 5229; x_wconf 89' lang='lat' dir='ltr'><strong><em>illo</em></strong></span> <span class='ocrx_word' id='word_1_726' title='bbox 923 5186 1118 5239; x_wconf 89' lang='lat' dir='ltr'><strong><em>autem,</em></strong></span> <span class='ocrx_word' id='word_1_727' title='bbox 1149 5178 1474 5246; x_wconf 79' lang='lat' dir='ltr'><strong><em>coagulatum</em></strong></span> <span class='ocrx_word' id='word_1_728' title='bbox 1493 5183 1604 5240; x_wconf 83' lang='lat' dir='ltr'><strong><em>est,‘</em></strong></span> <span class='ocrx_word' id='word_1_729' title='bbox 1625 5177 1812 5246; x_wconf 78' lang='lat' dir='ltr'><strong><em>Aquila</em></strong></span> <span class='ocrx_word' id='word_1_730' title='bbox 1839 5176 1970 5230; x_wconf 86' lang='lat' dir='ltr'><strong><em>dicit</em></strong></span> <span class='ocrx_word' id='word_1_731' title='bbox 1999 5190 2014 5227; x_wconf 88' lang='lat'><strong>:</strong></span> <span class='ocrx_word' id='word_1_732' title='bbox 2047 5174 2156 5228; x_wconf 83' lang='lat' dir='ltr'><strong><em>Im-</em></strong></span> 
     </span>
    </p>
   </div>
   <div class='ocr_carea' id='block_1_102' title="bbox 651 5261 2156 5335">
    <p class='ocr_par' dir='ltr' id='par_1_102' title="bbox 651 5261 2156 5335">
     <span class='ocr_line' id='line_1_102' title="bbox 651 5261 2156 5335; baseline 0.001 -19"><span class='ocrx_word' id='word_1_733' title='bbox 651 5265 949 5332; x_wconf 81' lang='lat' dir='ltr'><strong><em>pinguatum</em></strong></span> <span class='ocrx_word' id='word_1_734' title='bbox 975 5275 1051 5317; x_wconf 79' lang='lat' dir='ltr'><strong><em>est</em></strong></span> <span class='ocrx_word' id='word_1_735' title='bbox 1081 5267 1229 5332; x_wconf 80' lang='lat' dir='ltr'><strong><em>quasi</em></strong></span> <span class='ocrx_word' id='word_1_736' title='bbox 1268 5261 1422 5334; x_wconf 80' lang='lat' dir='ltr'><strong><em>adeps</em></strong></span> <span class='ocrx_word' id='word_1_737' title='bbox 1469 5280 1556 5320; x_wconf 84' lang='lat' dir='ltr'><strong><em>cor</em></strong></span> <span class='ocrx_word' id='word_1_738' title='bbox 1571 5280 1777 5326; x_wconf 88' lang='lat' dir='ltr'><strong><em>eorum;</em></strong></span> <span class='ocrx_word' id='word_1_739' title='bbox 1808 5264 2156 5335; x_wconf 83' lang='lat' dir='ltr'><strong><em>Symmachus</em></strong></span> 
     </span>
    </p>
   </div>
   <div class='ocr_carea' id='block_1_103' title="bbox 653 5352 2158 5422">
    <p class='ocr_par' dir='ltr' id='par_1_103' title="bbox 653 5352 2158 5422">
     <span class='ocr_line' id='line_1_103' title="bbox 653 5352 2158 5422; baseline 0.001 -17"><span class='ocrx_word' id='word_1_740' title='bbox 653 5361 830 5407; x_wconf 88' lang='lat' dir='ltr'><strong><em>autem</em></strong></span> <span class='ocrx_word' id='word_1_741' title='bbox 867 5369 881 5406; x_wconf 91' lang='lat'><strong>:</strong></span> <span class='ocrx_word' id='word_1_742' title='bbox 910 5352 1252 5407; x_wconf 74' lang='lat' dir='ltr'><strong><em>Hedullatum</em></strong></span> <span class='ocrx_word' id='word_1_743' title='bbox 1271 5365 1347 5408; x_wconf 84' lang='lat' dir='ltr'><strong><em>est</em></strong></span> <span class='ocrx_word' id='word_1_744' title='bbox 1367 5354 1500 5407; x_wconf 80' lang='lat' dir='ltr'><strong><em>sicut</em></strong></span> <span class='ocrx_word' id='word_1_745' title='bbox 1529 5353 1681 5422; x_wconf 87' lang='lat' dir='ltr'><strong><em>adeps</em></strong></span> <span class='ocrx_word' id='word_1_746' title='bbox 1701 5369 1790 5408; x_wconf 85' lang='lat' dir='ltr'><strong><em>cor</em></strong></span> <span class='ocrx_word' id='word_1_747' title='bbox 1817 5370 2009 5407; x_wconf 86' lang='lat' dir='ltr'><strong><em>eorum.</em></strong></span> <span class='ocrx_word' id='word_1_748' title='bbox 2044 5352 2158 5407; x_wconf 65' lang='lat' dir='ltr'><strong><em>Cas-</em></strong></span> 
     </span>
    </p>
   </div>
   <div class='ocr_carea' id='block_1_104' title="bbox 655 5432 2162 5515">
    <p class='ocr_par' dir='ltr' id='par_1_104' title="bbox 655 5432 2162 5515">
     <span class='ocr_line' id='line_1_104' title="bbox 655 5432 2162 5515; baseline 0.001 -19"><span class='ocrx_word' id='word_1_749' title='bbox 655 5451 828 5497; x_wconf 82' lang='lat' dir='ltr'><strong><em>terum</em></strong></span> <span class='ocrx_word' id='word_1_750' title='bbox 854 5445 979 5499; x_wconf 87' lang='lat' dir='ltr'><strong><em>licet</em></strong></span> <span class='ocrx_word' id='word_1_751' title='bbox 1016 5444 1090 5497; x_wconf 89' lang='lat' dir='ltr'><strong><em>illi</em></strong></span> <span class='ocrx_word' id='word_1_752' title='bbox 1121 5443 1176 5497; x_wconf 88' lang='lat' dir='ltr'><strong><em>in</em></strong></span> <span class='ocrx_word' id='word_1_753' title='bbox 1206 5444 1290 5499; x_wconf 88' lang='lat' dir='ltr'><strong><em>his</em></strong></span> <span class='ocrx_word' id='word_1_754' title='bbox 1315 5432 1675 5508; x_wconf 82' lang='lat' dir='ltr'><strong><em>versarentur,</em></strong></span> <span class='ocrx_word' id='word_1_755' title='bbox 1709 5459 1804 5515; x_wconf 74' lang='lat' dir='ltr'><strong><em>ego</em></strong></span> <span class='ocrx_word' id='word_1_756' title='bbox 1831 5460 1860 5497; x_wconf 92' lang='lat' dir='ltr'><strong><em>a</em></strong></span> <span class='ocrx_word' id='word_1_757' title='bbox 1889 5444 2162 5513; x_wconf 88' lang='lat' dir='ltr'><strong><em>proposito</em></strong></span> 
     </span>
    </p>
   </div>
   <div class='ocr_carea' id='block_1_105' title="bbox 655 5531 2154 5613">
    <p class='ocr_par' dir='ltr' id='par_1_105' title="bbox 655 5531 2154 5613">
     <span class='ocr_line' id='line_1_105' title="bbox 655 5531 2154 5613; baseline 0.003 -28"><span class='ocrx_word' id='word_1_758' title='bbox 655 5531 871 5586; x_wconf 89' lang='lat' dir='ltr'><strong><em>minime</em></strong></span> <span class='ocrx_word' id='word_1_759' title='bbox 891 5534 1120 5599; x_wconf 81' lang='lat' dir='ltr'><strong><em>recessi;</em></strong></span> <span class='ocrx_word' id='word_1_760' title='bbox 1156 5535 1246 5591; x_wconf 87' lang='lat' dir='ltr'><strong><em>sed</em></strong></span> <span class='ocrx_word' id='word_1_761' title='bbox 1279 5543 1388 5613; x_wconf 75' lang='lat' dir='ltr'><strong><em>toto</em></strong></span> <span class='ocrx_word' id='word_1_762' title='bbox 1412 5535 1572 5611; x_wconf 69' lang='lat' dir='ltr'><strong><em>corde</em></strong></span> <span class='ocrx_word' id='word_1_763' title='bbox 1603 5536 1879 5590; x_wconf 86' lang='lat' dir='ltr'><strong><em>scrutabar</em></strong></span> <span class='ocrx_word' id='word_1_764' title='bbox 1911 5535 2154 5589; x_wconf 81' lang='lat' dir='ltr'><strong><em>mandata</em></strong></span> 
     </span>
    </p>
   </div>
   <div class='ocr_carea' id='block_1_106' title="bbox 657 5613 2160 5693">
    <p class='ocr_par' dir='ltr' id='par_1_106' title="bbox 657 5613 2160 5693">
     <span class='ocr_line' id='line_1_106' title="bbox 657 5613 2160 5693; baseline 0.005 -21"><span class='ocrx_word' id='word_1_765' title='bbox 657 5628 747 5678; x_wconf 88' lang='lat' dir='ltr'><strong><em>tua</em></strong></span> <span class='ocrx_word' id='word_1_766' title='bbox 781 5637 794 5673; x_wconf 89' lang='lat'><strong>:</strong></span> <span class='ocrx_word' id='word_1_767' title='bbox 827 5620 893 5673; x_wconf 85' lang='lat' dir='ltr'><strong><em>ab</em></strong></span> <span class='ocrx_word' id='word_1_768' title='bbox 936 5622 1240 5677; x_wconf 73' lang='lat' dir='ltr'><strong><em>earumdem</em></strong></span> <span class='ocrx_word' id='word_1_769' title='bbox 1306 5625 1632 5680; x_wconf 88' lang='lat' dir='ltr'><strong><em>scrutatione</em></strong></span> <span class='ocrx_word' id='word_1_770' title='bbox 1671 5613 2014 5693; x_wconf 71' lang='lat' dir='ltr'><strong><em>providentia:</em></strong></span> <span class='ocrx_word' id='word_1_771' title='bbox 2054 5632 2160 5679; x_wconf 73' lang='lat' dir='ltr'><strong><em>tuae</em></strong></span> 
     </span>
    </p>
   </div>
   <div class='ocr_carea' id='block_1_107' title="bbox 660 5713 2155 5784">
    <p class='ocr_par' dir='ltr' id='par_1_107' title="bbox 660 5713 2155 5784">
     <span class='ocr_line' id='line_1_107' title="bbox 660 5713 2155 5784; baseline 0.005 -23"><span class='ocrx_word' id='word_1_772' title='bbox 660 5725 720 5763; x_wconf 86' lang='lat' dir='ltr'><strong><em>ac</em></strong></span> <span class='ocrx_word' id='word_1_773' title='bbox 748 5713 1110 5767; x_wconf 87' lang='lat' dir='ltr'><strong><em>universorum</em></strong></span> <span class='ocrx_word' id='word_1_774' title='bbox 1141 5714 1612 5771; x_wconf 85' lang='lat' dir='ltr'><strong><em>administrationis</em></strong></span> <span class='ocrx_word' id='word_1_775' title='bbox 1637 5715 1875 5770; x_wconf 88' lang='lat' dir='ltr'><strong><em>notitiam</em></strong></span> <span class='ocrx_word' id='word_1_776' title='bbox 1920 5724 2155 5784; x_wconf 86' lang='lat' dir='ltr'><strong><em>captans.</em></strong></span> 
     </span>
    </p>
   </div>
   <div class='ocr_carea' id='block_1_108' title="bbox 2256 4817 3749 4892">
    <p class='ocr_par' dir='ltr' id='par_1_108' title="bbox 2256 4817 3749 4892">
     <span class='ocr_line' id='line_1_108' title="bbox 2256 4817 3749 4892; baseline 0.003 -24"><span class='ocrx_word' id='word_1_777' title='bbox 2256 4817 2617 4888; x_wconf 81' lang='grc' dir='ltr'>ὑπερηφανίας</span> <span class='ocrx_word' id='word_1_778' title='bbox 2642 4817 2844 4870; x_wconf 77' lang='grc' dir='ltr'>εὖεκτοί</span> <span class='ocrx_word' id='word_1_779' title='bbox 2867 4834 3006 4881; x_wconf 90' lang='grc' dir='ltr'>τινες</span> <span class='ocrx_word' id='word_1_780' title='bbox 3030 4819 3119 4871; x_wconf 51' lang='grc' dir='ltr'><strong><em>καὶ⁸</em></strong></span> <span class='ocrx_word' id='word_1_781' title='bbox 3140 4820 3330 4874; x_wconf 78' lang='grc' dir='ltr'>ἁπαλοὶ</span> <span class='ocrx_word' id='word_1_782' title='bbox 3355 4817 3489 4890; x_wconf 79' lang='grc' dir='ltr'>ἦσαν</span> <span class='ocrx_word' id='word_1_783' title='bbox 3509 4822 3604 4892; x_wconf 76' lang='grc' dir='ltr'>τήν</span> <span class='ocrx_word' id='word_1_784' title='bbox 3633 4839 3749 4892; x_wconf 83' lang='grc' dir='ltr'>καρ-</span> 
     </span>
    </p>
   </div>
   <div class='ocr_carea' id='block_1_109' title="bbox 2254 4906 3748 4979">
    <p class='ocr_par' dir='ltr' id='par_1_109' title="bbox 2254 4906 3748 4979">
     <span class='ocr_line' id='line_1_109' title="bbox 2254 4906 3748 4979; baseline 0.002 -21"><span class='ocrx_word' id='word_1_785' title='bbox 2254 4906 2388 4970; x_wconf 86' lang='grc' dir='ltr'>δίαν,</span> <span class='ocrx_word' id='word_1_786' title='bbox 2433 4906 2525 4958; x_wconf 71' lang='grc' dir='ltr'><strong><em>καὶ</em></strong></span> <span class='ocrx_word' id='word_1_787' title='bbox 2579 4907 2791 4976; x_wconf 83' lang='grc' dir='ltr'>πότιμοι</span> <span class='ocrx_word' id='word_1_788' title='bbox 2839 4907 2913 4971; x_wconf 83' lang='grc' dir='ltr'><strong><em>ὡς</em></strong></span> <span class='ocrx_word' id='word_1_789' title='bbox 2965 4908 3040 4978; x_wconf 77' lang='grc' dir='ltr'><strong><em>τῷ</em></strong></span> <span class='ocrx_word' id='word_1_790' title='bbox 3090 4910 3314 4976; x_wconf 80' lang='grc' dir='ltr'>γάλακτι</span> <span class='ocrx_word' id='word_1_791' title='bbox 3368 4909 3531 4979; x_wconf 73' lang='grc' dir='ltr'>αὐτῂν</span> <span class='ocrx_word' id='word_1_792' title='bbox 3589 4926 3748 4978; x_wconf 85' lang='grc' dir='ltr'>παρα-</span> 
     </span>
    </p>
   </div>
   <div class='ocr_carea' id='block_1_110' title="bbox 2253 4994 3748 5068">
    <p class='ocr_par' dir='ltr' id='par_1_110' title="bbox 2253 4994 3748 5068">
     <span class='ocr_line' id='line_1_110' title="bbox 2253 4994 3748 5068; baseline 0.003 -21"><span class='ocrx_word' id='word_1_793' title='bbox 2253 4994 2530 5047; x_wconf 75' lang='grc' dir='ltr'>ϐάλλεσθαι</span> <span class='ocrx_word' id='word_1_794' title='bbox 2562 4998 2964 5066; x_wconf 80' lang='grc' dir='ltr'>τροφιμωτάτῳ·</span> <span class='ocrx_word' id='word_1_795' title='bbox 3007 4999 3163 5068; x_wconf 84' lang='grc' dir='ltr'>ήνίκα</span> <span class='ocrx_word' id='word_1_796' title='bbox 3199 4999 3254 5049; x_wconf 82' lang='grc' dir='ltr'>δὲ</span> <span class='ocrx_word' id='word_1_797' title='bbox 3284 4996 3378 5067; x_wconf 80' lang='grc' dir='ltr'>τὴν</span> <span class='ocrx_word' id='word_1_798' title='bbox 3406 4999 3748 5068; x_wconf 70' lang='grc' dir='ltr'>ὑπερηφανίαν</span> 
     </span>
    </p>
   </div>
   <div class='ocr_carea' id='block_1_111' title="bbox 2258 5085 3749 5156">
    <p class='ocr_par' dir='ltr' id='par_1_111' title="bbox 2258 5085 3749 5156">
     <span class='ocr_line' id='line_1_111' title="bbox 2258 5085 3749 5156; baseline 0.003 -21"><span class='ocrx_word' id='word_1_799' title='bbox 2258 5085 2558 5138; x_wconf 86' lang='grc' dir='ltr'>ὲνεδύσαντο</span> <span class='ocrx_word' id='word_1_800' title='bbox 2607 5088 2818 5152; x_wconf 81' lang='grc' dir='ltr'>πάντες,</span> <span class='ocrx_word' id='word_1_801' title='bbox 2859 5088 2959 5140; x_wconf 72' lang='grc' dir='ltr'><strong><em>καὶ</em></strong></span> <span class='ocrx_word' id='word_1_802' title='bbox 2997 5087 3424 5156; x_wconf 69' lang='grc' dir='ltr'>σκληρυνθείντες,</span> <span class='ocrx_word' id='word_1_803' title='bbox 3459 5089 3611 5140; x_wconf 78' lang='grc' dir='ltr'>οἱονεὶ</span> <span class='ocrx_word' id='word_1_804' title='bbox 3653 5090 3749 5141; x_wconf 72' lang='grc' dir='ltr'><strong><em>ἀπὸ</em></strong></span> 
     </span>
    </p>
   </div>
   <div class='ocr_carea' id='block_1_112' title="bbox 2258 5167 3746 5245">
    <p class='ocr_par' dir='ltr' id='par_1_112' title="bbox 2258 5167 3746 5245">
     <span class='ocr_line' id='line_1_112' title="bbox 2258 5167 3746 5245; baseline 0.001 -20"><span class='ocrx_word' id='word_1_805' title='bbox 2258 5172 2512 5237; x_wconf 85' lang='grc' dir='ltr'>γάλακτος</span> <span class='ocrx_word' id='word_1_806' title='bbox 2543 5174 2621 5236; x_wconf 83' lang='grc' dir='ltr'><strong><em>είς</em></strong></span> <span class='ocrx_word' id='word_1_807' title='bbox 2661 5167 2816 5245; x_wconf 78' lang='grc' dir='ltr'>τυρὸν</span> <span class='ocrx_word' id='word_1_808' title='bbox 2850 5173 3317 5245; x_wconf 63' lang='grc' dir='ltr'>μεταβεϐλήκασιν.</span> <span class='ocrx_word' id='word_1_809' title='bbox 3364 5176 3500 5228; x_wconf 79' lang='grc' dir='ltr'>’Δντὶ</span> <span class='ocrx_word' id='word_1_810' title='bbox 3547 5176 3601 5228; x_wconf 81' lang='grc' dir='ltr'>δὲ</span> <span class='ocrx_word' id='word_1_811' title='bbox 3644 5176 3746 5236; x_wconf 72' lang='grc' dir='ltr'>τοῦ,</span> 
     </span>
    </p>
   </div>
   <div class='ocr_carea' id='block_1_113' title="bbox 2256 5261 3747 5335">
    <p class='ocr_par' dir='ltr' id='par_1_113' title="bbox 2256 5261 3747 5335">
     <span class='ocr_line' id='line_1_113' title="bbox 2256 5261 3747 5335; baseline 0.001 -19"><span class='ocrx_word' id='word_1_812' title='bbox 2256 5261 2535 5330; x_wconf 78' lang='grc' dir='ltr'>ἐτυρώθη,</span> <span class='ocrx_word' id='word_1_813' title='bbox 2579 5267 2608 5316; x_wconf 83' lang='grc' dir='ltr'>ὁ</span> <span class='ocrx_word' id='word_1_814' title='bbox 2659 5265 2755 5335; x_wconf 82' lang='grc' dir='ltr'>μὲν</span> <span class='ocrx_word' id='word_1_815' title='bbox 2807 5263 3026 5326; x_wconf 68' lang='grc' dir='ltr'>Ἀκύλας</span> <span class='ocrx_word' id='word_1_816' title='bbox 3086 5264 3276 5333; x_wconf 76' lang='grc' dir='ltr'>φησιν’</span> <span class='ocrx_word' id='word_1_817' title='bbox 3321 5263 3622 5332; x_wconf 62' lang='grc' dir='ltr'>Ἐλικάνθη</span> <span class='ocrx_word' id='word_1_818' title='bbox 3680 5267 3747 5329; x_wconf 82' lang='grc' dir='ltr'>ὡς</span> 
     </span>
    </p>
   </div>
   <div class='ocr_carea' id='block_1_114' title="bbox 2256 5352 3748 5424">
    <p class='ocr_par' dir='ltr' id='par_1_114' title="bbox 2256 5352 3748 5424">
     <span class='ocr_line' id='line_1_114' title="bbox 2256 5352 3748 5424; baseline 0.003 -21"><span class='ocrx_word' id='word_1_819' title='bbox 2256 5352 2430 5422; x_wconf 82' lang='grc' dir='ltr'>στέαρ</span> <span class='ocrx_word' id='word_1_820' title='bbox 2445 5355 2481 5421; x_wconf 77' lang='grc' dir='ltr'><strong><em>ἡ</em></strong></span> <span class='ocrx_word' id='word_1_821' title='bbox 2498 5354 2702 5424; x_wconf 84' lang='grc' dir='ltr'>καρδία</span> <span class='ocrx_word' id='word_1_822' title='bbox 2727 5352 2918 5408; x_wconf 79' lang='grc' dir='ltr'>αὐτῶν</span> <span class='ocrx_word' id='word_1_823' title='bbox 2933 5369 2948 5384; x_wconf 73' lang='grc' dir='ltr'><strong>ο</strong></span> <span class='ocrx_word' id='word_1_824' title='bbox 2972 5353 3067 5406; x_wconf 80' lang='grc' dir='ltr'>ὁδὲ</span> <span class='ocrx_word' id='word_1_825' title='bbox 3094 5355 3406 5424; x_wconf 84' lang='grc' dir='ltr'>Σύμμαχος·</span> <span class='ocrx_word' id='word_1_826' title='bbox 3441 5356 3748 5424; x_wconf 74' lang='grc' dir='ltr'>Ἐμυαλώθη</span> 
     </span>
    </p>
   </div>
   <div class='ocr_carea' id='block_1_115' title="bbox 2260 5443 3748 5515">
    <p class='ocr_par' dir='ltr' id='par_1_115' title="bbox 2260 5443 3748 5515">
     <span class='ocr_line' id='line_1_115' title="bbox 2260 5443 3748 5515; baseline -0.002 -17"><span class='ocrx_word' id='word_1_827' title='bbox 2260 5443 2337 5508; x_wconf 85' lang='grc' dir='ltr'>ὡς</span> <span class='ocrx_word' id='word_1_828' title='bbox 2370 5443 2546 5513; x_wconf 82' lang='grc' dir='ltr'>στέαρ</span> <span class='ocrx_word' id='word_1_829' title='bbox 2578 5447 2617 5513; x_wconf 80' lang='grc' dir='ltr'><strong><em>ὴ</em></strong></span> <span class='ocrx_word' id='word_1_830' title='bbox 2645 5446 2847 5514; x_wconf 72' lang='grc' dir='ltr'>καρδία</span> <span class='ocrx_word' id='word_1_831' title='bbox 2885 5445 3092 5499; x_wconf 82' lang='grc' dir='ltr'>αὐτῶν.</span> <span class='ocrx_word' id='word_1_832' title='bbox 3125 5447 3267 5515; x_wconf 77' lang='grc' dir='ltr'>Πλὴν</span> <span class='ocrx_word' id='word_1_833' title='bbox 3297 5446 3408 5498; x_wconf 79' lang='grc' dir='ltr'>ἀλλ’</span> <span class='ocrx_word' id='word_1_834' title='bbox 3438 5448 3486 5500; x_wconf 77' lang='grc' dir='ltr'><strong><em>εί</em></strong></span> <span class='ocrx_word' id='word_1_835' title='bbox 3530 5449 3748 5499; x_wconf 75' lang='grc' dir='ltr'>κάκεῖνοι</span> 
     </span>
    </p>
   </div>
   <div class='ocr_carea' id='block_1_116' title="bbox 2261 5531 3747 5608">
    <p class='ocr_par' dir='ltr' id='par_1_116' title="bbox 2261 5531 3747 5608">
     <span class='ocr_line' id='line_1_116' title="bbox 2261 5531 3747 5608; baseline -0.001 -24"><span class='ocrx_word' id='word_1_836' title='bbox 2261 5534 2318 5585; x_wconf 76' lang='grc' dir='ltr'>ἐν</span> <span class='ocrx_word' id='word_1_837' title='bbox 2352 5534 2550 5599; x_wconf 84' lang='grc' dir='ltr'>τούτοις</span> <span class='ocrx_word' id='word_1_838' title='bbox 2597 5531 2752 5606; x_wconf 80' lang='grc' dir='ltr'>ἦσαν,</span> <span class='ocrx_word' id='word_1_839' title='bbox 2803 5535 2910 5603; x_wconf 72' lang='grc' dir='ltr'><strong><em>ἐγὼ</em></strong></span> <span class='ocrx_word' id='word_1_840' title='bbox 2960 5536 3063 5588; x_wconf 86' lang='grc' dir='ltr'><strong><em>τῶν</em></strong></span> <span class='ocrx_word' id='word_1_841' title='bbox 3100 5538 3217 5606; x_wconf 70' lang='grc' dir='ltr'>ἐμοὶ</span> <span class='ocrx_word' id='word_1_842' title='bbox 3264 5539 3624 5608; x_wconf 65' lang='grc' dir='ltr'>προκειμένων</span> <span class='ocrx_word' id='word_1_843' title='bbox 3665 5536 3747 5587; x_wconf 74' lang='grc' dir='ltr'>οὐκ</span> 
     </span>
    </p>
   </div>
   <div class='ocr_carea' id='block_1_117' title="bbox 2259 5624 3748 5698">
    <p class='ocr_par' dir='ltr' id='par_1_117' title="bbox 2259 5624 3748 5698">
     <span class='ocr_line' id='line_1_117' title="bbox 2259 5624 3748 5698; baseline 0.004 -21"><span class='ocrx_word' id='word_1_844' title='bbox 2259 5626 2568 5695; x_wconf 78' lang='grc' dir='ltr'>ἀνεχώρουν,</span> <span class='ocrx_word' id='word_1_845' title='bbox 2595 5629 2649 5680; x_wconf 80' lang='grc' dir='ltr'>ὲν</span> <span class='ocrx_word' id='word_1_846' title='bbox 2669 5627 2761 5698; x_wconf 81' lang='grc' dir='ltr'><strong><em>ὅλῃ</em></strong></span> <span class='ocrx_word' id='word_1_847' title='bbox 2785 5624 3274 5697; x_wconf 72' lang='grc' dir='ltr'>καρδίᾳ’ἐξερευνῶν</span> <span class='ocrx_word' id='word_1_848' title='bbox 3291 5627 3386 5691; x_wconf 81' lang='grc' dir='ltr'>τὰς</span> <span class='ocrx_word' id='word_1_849' title='bbox 3410 5627 3619 5689; x_wconf 65' lang='grc' dir='ltr'>ἐντολάς</span> <span class='ocrx_word' id='word_1_850' title='bbox 3651 5640 3748 5683; x_wconf 66' lang='grc' dir='ltr'><strong><em>πυ»</em></strong></span> 
     </span>
    </p>
   </div>
   <div class='ocr_carea' id='block_1_118' title="bbox 2261 5711 3749 5784">
    <p class='ocr_par' dir='ltr' id='par_1_118' title="bbox 2261 5711 3749 5784">
     <span class='ocr_line' id='line_1_118' title="bbox 2261 5711 3749 5784; baseline -0.002 -18"><span class='ocrx_word' id='word_1_851' title='bbox 2261 5713 2364 5766; x_wconf 82' lang='grc' dir='ltr'>ἀπὸ</span> <span class='ocrx_word' id='word_1_852' title='bbox 2405 5713 2499 5782; x_wconf 80' lang='grc' dir='ltr'>τῆς</span> <span class='ocrx_word' id='word_1_853' title='bbox 2532 5712 2726 5768; x_wconf 83' lang='grc' dir='ltr'>τούτων</span> <span class='ocrx_word' id='word_1_854' title='bbox 2769 5713 2988 5784; x_wconf 79' lang='grc' dir='ltr'>ἐρεύνης</span> <span class='ocrx_word' id='word_1_855' title='bbox 3011 5713 3104 5783; x_wconf 77' lang='grc' dir='ltr'>τὴν</span> <span class='ocrx_word' id='word_1_856' title='bbox 3142 5711 3333 5780; x_wconf 78' lang='grc' dir='ltr'>γνῶσιν</span> <span class='ocrx_word' id='word_1_857' title='bbox 3372 5714 3469 5776; x_wconf 67' lang='grc' dir='ltr'>τῆς</span> <span class='ocrx_word' id='word_1_858' title='bbox 3499 5715 3597 5780; x_wconf 73' lang='grc' dir='ltr'>σῆς</span> <span class='ocrx_word' id='word_1_859' title='bbox 3633 5723 3749 5778; x_wconf 74' lang='grc' dir='ltr'>προσ</span> 
     </span>
    </p>
   </div>
  </div>
