3994 6354
222 329 354 385 ιδτι
401 409 405 414 ρ

1358 327 1850 386 COMMENTARIA
1885 328 1949 384 IN
1989 327 2321 385 PSALMOS.

3228 340 3367 399 i378

214 446 358 507 νοίας
390 444 481 497 καὶ
520 443 613 514 τῆς
659 441 881 497 καθόλου
928 442 1235 513 διοικήσεως
1287 440 1613 513 Θηρὼμενος,
1659 459 1726 495 κα

1851 441 2022 511 Atque
2054 443 2268 496 illorum
2299 441 2513 513 quidem
2554 458 2649 498 cor
2687 445 2933 514 praesenti
2981 447 3102 502 cibo
3146 463 3245 505 suo
3272 453 3371 507 im-

210 535 318 591 τῶν
347 535 442 604 μὲν
472 535 514 605 ἡ
538 534 726 604 καρδία
765 527 1064 586 ὲλιπαίνετο
1105 535 1162 586 ὲν
1192 535 1259 604 τῇ
1286 533 1533 604 παρούσῃ
1567 532 1726 592 αὐτοῖς

1850 533 2224 602 pinguabatur,
2253 533 2379 587 dum
2411 548 2509 604 ego
2537 535 2705 605 legem
2736 541 2880 589 tuam
2886 536 3215 601 Jneditarer.

210 625 377 696 τροφῇ
396 639 411 654 ο
442 622 549 691 ἐγὼ
567 623 624 676 δὲ
643 623 733 676 τὸν
759 623 916 694 νόμον
938 640 1028 692 σου
1064 621 1380 695 ἔμελέτησα.

268 716 337 767 Al
371 712 564 781 χεῖρές
607 726 722 767 σου
767 714 1058 782 ἐποίησάν
1082 730 1158 784 με
1203 712 1301 766 καί
1331 713 1603 768 ἕπλασάν
1631 732 1738 783 με’

208 807 400 857 συνέτ.
413 805 527 858 σόν
560 820 637 873 με
678 804 776 858 καὶ
804 805 1139 874 μαθήσομαι
1185 805 1290 870 τὰς
1331 805 1577 870 ἐντολάς
1608 821 1739 860 σου.

208 894 438 966 Οὐρανὸν
472 895 567 963 μὲν
601 893 708 964 γὰρ
753 894 846 949 καὶ
896 895 999 965 γῆν
1041 895 1132 948 καὶ
1169 896 1339 949 πάντα
1381 895 1450 948 τὰ
1480 899 1535 951 ὲν
1567 899 1742 959 αὐτοῖς

204 984 342 1056 λόγῳ
367 986 764 1057 δημιουργήσας
815 986 920 1060 καὶ¹
941 987 1330 1057 προστάγματι,
1359 988 1443 1040 ὅτε
1467 983 1625 1058 ἦλθεν
1653 989 1742 1041 ἐπὶ

202 1077 291 1134 τὸν
321 1076 599 1146 ἄνθρωπον
623 1071 772 1128 εἴπεν
787 1093 800 1106 η
827 1075 1172 1146 Ποιήσωμεν
1195 1077 1498 1145 ἄνθρωπον
1523 1081 1644 1131 κατ’
1665 1082 1741 1132 εί-

201 1165 348 1218 κόνα
379 1164 532 1219 ἰδίαν
551 1165 648 1219 καί
684 1165 808 1219 καθ’
845 1166 1141 1235 ὁμοίωσιν.
1173 1167 1286 1219 Τίνι
1319 1167 1374 1219 δὲ
1406 1167 1546 1236 ἄλλῳ
1575 1168 1736 1235 λέγει,

199 1254 542 1322 Ποιήσωμεν
585 1257 910 1324 ἄνθρωπον,
943 1257 976 1328 ἢ
1028 1257 1105 1327 τῷ
1133 1258 1418 1326 Μονογενεί
1463 1258 1618 1311 αὐτοῦ
1649 1259 1740 1312 καὶ

198 1345 274 1415 τῷ
304 1346 573 1417 Πνεύματι
622 1348 776 1418 ἀγίῳ;
822 1347 915 1411 οὓς
949 1347 1051 1401 καὶ
1097 1351 1280 1419 χεῖρας
1319 1347 1412 1401 νῦν
1445 1348 1734 1411 ἀποκαλεῖ;

200 1436 309 1488 Καὶ
335 1437 391 1487 ὲν
422 1437 498 1507 τῷ
532 1435 648 1488 Ἰὼϐ
673 1436 727 1489 δὲ
749 1436 1047 1506 γέγραπται
1066 1453 1079 1467 ο
1106 1440 1174 1491 Al
1205 1437 1392 1506 χεῖρές
1413 1453 1524 1490 σου
1542 1436 1738 1505 ἐποίη-

196 1521 316 1576 σάν
335 1539 431 1592 με,
462 1524 557 1577 καὶ
593 1521 866 1578 ἔπλασαν
884 1540 960 1593 με
981 1536 995 1551 ⁶
1030 1523 1176 1594 μετὰ
1202 1524 1380 1578 ταῦτα
1397 1509 1738 1592 μεταϐαλὼν

190 1631 266 1684 με
311 1613 515 1680 δεινῶς
567 1615 812 1681 ὀλέκεις,
856 1614 1316 1676 ἐπανακαινίζων
1348 1616 1438 1670 ἐπ’
1475 1614 1578 1684 ἐμὲ
1626 1614 1737 1682 τὴν

196 1703 406 1758 ἐτασίν
427 1722 562 1773 μου.
601 1690 805 1758 Οὐκοῦν
835 1706 887 1757 αἱ
944 1707 1118 1775 χεῖρες
1141 1704 1232 1758 τοῦ
1260 1703 1390 1757 Θεοῦ
1424 1706 1515 1758 καὶ
1552 1705 1734 1775 ἐποίη-

1917 704 2076 760 Vens.
2109 705 2193 760 75.
2217 703 2406 759 Manus
2434 715 2535 762 tute
2557 706 2788 777 fecerunt
2817 724 2892 762 me
2924 716 2971 761 et
2989 710 3370 777 plasmaverunt

1847 812 1926 850 me
1956 813 1973 850 :
2003 796 2072 849 da
2100 796 2226 850 mihi
2263 797 2601 860 intellectum,
2632 806 2683 852 et
2725 799 2925 853 discam
2965 801 3216 854 mandata
3256 810 3365 856 tua.

1845 886 1976 941 Cum
2014 887 2154 942 Deus
2179 889 2371 944 ctnlurn
2405 898 2458 943 et
2509 898 2705 944 terram
2745 897 2798 945 et
2854 891 3031 945 omnia
3061 907 3180 962 qua:
3205 893 3258 946 in
3288 894 3367 949 eis

1845 986 1971 1033 sunt
2016 979 2177 1033 verbo
2223 988 2276 1033 et
2328 989 2592 1050 praecepto
2634 995 2732 1036 suo
2779 982 3121 1045 condidisset,
3153 986 3367 1053 quando

1842 1071 1989 1124 venit
2014 1071 2080 1124 ad
2120 1070 2413 1132 hominem,
2463 1070 2597 1124 dixit
2628 1088 2642 1124 :
2676 1068 2960 1126 Faciamus
2997 1073 3245 1128 hominem
3298 1075 3364 1127 ad
3423 1111 3426 1116 ι

1841 1161 2115 1230 imaginem
2141 1169 2188 1213 et
2214 1160 2603 1214 similitudinem
2632 1173 2862 1215 nostram
2887 1164 2948 1218 ".
2977 1162 3198 1217 Cuinam
3238 1179 3368 1219 vero

1842 1250 1930 1303 alii
1953 1250 2084 1303 dicit
2118 1269 2130 1304 :
2166 1248 2447 1304 Faciamus
2487 1251 2760 1316 hominem,
2792 1253 2895 1308 nisi
2951 1251 3233 1323 Unigeuito
3265 1270 3365 1309 suo
3412 1282 3413 1285 η

1840 1348 1892 1402 et
1911 1337 2130 1409 Spiritui
2157 1350 2363 1402 sancto,
2383 1356 2517 1410 quos
2538 1343 2645 1412 jam
2673 1357 2863 1398 manus
2892 1343 3156 1412 appellat?
3179 1343 3234 1397 lu
3263 1342 3364 1399 Job

1839 1428 1964 1482 item
1995 1429 2250 1483 scribitur
2279 1448 2293 1482 :
2327 1417 2525 1484 Manus
2551 1441 2652 1512 tua:
2675 1432 2899 1500 fecerunt
2923 1449 3020 1498 me,
3049 1443 3096 1486 et
3134 1433 3365 1502 plasma-

1839 1528 2013 1572 verunt
2036 1535 2114 1573 me
2133 1537 2150 1572 :
2171 1529 2345 1587 postea
2382 1532 2610 1575 mutatus
2639 1539 2718 1576 me
2745 1525 2856 1578 dire
2887 1522 3081 1592 perdis,
3114 1541 3361 1586 renovatis

1822 1610 1889 1661 ~in
1915 1625 1992 1661 me
2010 1625 2222 1667 examen
2249 1626 2414 1665 meum
2435 1611 2498 1664 ¹⁸.
2528 1609 2709 1682 Itaque
2747 1628 2936 1671 manus
2983 1614 3074 1670 Dei
3122 1614 3362 1670 fecerunt

1837 1707 1890 1753 et
1935 1701 2355 1768 plasmaverunt.
2403 1700 2478 1756 Ac
2515 1688 2778 1774 Origenes
2798 1705 3010 1774 quidem
3035 1716 3087 1761 et
3116 1708 3360 1762 nonnulli

198 1810 294 1846 σαν
322 1796 414 1847 καὶ
440 1794 691 1847 ἔπλασαν.
716 1793 824 1847 Καὶ
853 1794 1125 1865 Ὠριγένης
1161 1795 1256 1866 μὲν
1277 1796 1370 1849 καὶ
1399 1796 1569 1866 ἕτεροί
1597 1812 1726 1859 τινες

1835 1791 1921 1845 alii
1952 1791 2099 1855 illud,
2129 1791 2378 1860 fecerunt,
2402 1792 2468 1848 de
2487 1795 2662 1848 anima
2690 1796 2892 1850 dictum
2921 1799 2995 1850 ait
3021 1814 3035 1862 ;
3058 1799 3186 1852 illud
3209 1813 3355 1865 vero,

194 1885 272 1946 τὸ,
313 1885 622 1952 ἐποίησαν,
677 1884 767 1938 ἐπὶ
809 1884 909 1954 τῆς
965 1885 1137 1955 ψυχῆς
1170 1884 1414 1956 εἰρῆσθαί
1447 1903 1626 1954 φασιν,
1674 1885 1735 1938 τὸ

194 1973 270 2036 δὲ,
299 1974 591 2040 ἔπλασαν,
647 1973 738 2027 ἐπὶ
764 1972 878 2026 τοῦ
936 1973 1199 2045 σώματος.
1237 1975 1414 2027 Ἀλλοι
1441 1975 1495 2027 δὲ
1523 1974 1582 2026 τὸ
1614 1973 1729 2043 μὲν,

195 2064 503 2131 ἐποίησαν,
551 2064 642 2118 ἐπὶ
672 2066 770 2137 τῆς
809 2064 1026 2136 πρώτης
1076 2065 1427 2136 δημιουργίας
1472 2067 1629 2134 φασιν
1660 2067 1734 2118 εί-

196 2155 409 2225 ρῆσθαι,
437 2156 496 2208 τὺ
514 2155 892 2220 δὲ,ἐπλασαν,
926 2156 1016 2208 ἐπὶ
1046 2156 1141 2227 τῆς
1175 2156 1266 2209 τοῦ
1294 2155 1513 2227 λουτροῦ
1541 2156 1730 2226 παλιγ-

194 2246 436 2313 γενεσίας
466 2245 558 2299 καὶ
589 2245 954 2310 ἀναπλάσεως.
1661 2295 1665 2299 .

265 2338 328 2388 Ol
359 2337 711 2404 φοϐούμενοί
735 2352 807 2390 σε
848 2336 1096 2405 ὄψονται
1127 2353 1222 2405 με,
1280 2336 1376 2389 καὶ
1403 2335 1732 2405 εὐφρανθή-

192 2439 416 2487 σονται,
431 2423 519 2477 ὅτι
532 2427 616 2490 είς
630 2425 768 2492 τοὺς
784 2426 1002 2494 λόγους
1015 2439 1128 2478 σου
1149 2425 1472 2493 ἑπήλπισα.
1484 2427 1726 2494 Ἔτνων,

193 2517 384 2580 Κυριε,
425 2515 514 2568 ὅτι
537 2516 888 2584 δικαιοσύνη
915 2515 986 2569 τὰ
1015 2514 1264 2586 χρίματὰ
1294 2503 1428 2582 σου,
1463 2517 1557 2570 καὶ
1585 2517 1730 2584 ἀλη-

194 2605 318 2670 θεία
347 2604 733 2670 ἐταπείνωσὰς
757 2622 851 2674 με.
889 2604 1201 2673 Γενηθήτω
1226 2605 1301 2674 δὴ
1326 2605 1394 2658 τὸ
1414 2605 1583 2671 ἔλεός
1615 2621 1728 2660 σου

192 2696 297 2750 τοῦ
337 2695 738 2766 παρακαλέσαι
793 2713 898 2767 με,
943 2697 1091 2751 κατὰ
1148 2695 1214 2750 τὸ
1257 2699 1465 2767 λόγιόν
1504 2697 1728 2778 σουτῷ

189 2786 386 2851 δούλῳ
436 2803 568 2842 σου.
614 2786 973 2861 Ἐλθέτωσάν
1013 2806 1113 2858 μοι
1163 2791 1218 2843 οἱ
1269 2790 1552 2857 οἰκτιρμοί
1589 2804 1724 2854 σου,

192 2881 286 2934 καί
316 2878 578 2950 ζήσομαι,
605 2879 692 2933 ὅτι
732 2883 765 2934 ό
788 2880 967 2948 νόμος
994 2896 1108 2933 σου
1130 2879 1345 2948 μελέτη
1383 2897 1498 2948 μου
1535 2880 1728 2933 ἐστίν.-

191 2972 252 3024 Εί
284 2971 424 3024 ἔλθοι
453 2971 537 3025 ἐπ’
569 2970 668 3042 ἐμὲ
701 2971 758 3023 τὸ
795 2969 937 3033 ἔλεός
968 2987 1086 3039 σου,
1125 2969 1216 3021 καὶ
1237 2968 1496 3038 φθήσαιεν
1521 2970 1643 3038 ἐμοὶ
1674 2971 1723 3022 oi

190 3062 457 3134 οἰκτιρμοί
485 3079 595 3125 σου,
641 3061 700 3113 οὑ
733 3060 1174 3129 καταποθήσομαι
1212 3059 1313 3112 ὑπὸ
1343 3060 1440 3129 τῆς
1466 3058 1725 3134 ταπεινῶν

192 3167 349 3216 σεως,
379 3150 491 3204 ἀλλ’
518 3151 922 3222 ἐγκαρτερήσας
949 3149 1033 3202 διὰ
1052 3149 1148 3218 τῆς
1186 3149 1477 3220 ὑπομονῆς,
1517 3144 1575 3202 εὖ
1608 3145 1722 3202 οἶδα

190 3241 270 3292 ὅτι
320 3241 574 3313 ζήσομαι.
631 3241 820 3310 Τυχεῖν
875 3240 932 3293 δὲ
973 3239 1065 3294 τοῦ
1112 3239 1290 3303 ἐλέους
1339 3256 1429 3293 σου
1485 3240 1578 3293 καὶ
1620 3241 1746 3312 τῶν.

189 3331 484 3401 οἰκτιρμῶν
512 3346 603 3383 σου
633 3330 793 3397 ἀξιῶ·
829 3332 950 3383 ἐπεὶ
988 3332 1078 3384 καὶ
1110 3330 1267 3392 αὐτὸς
1302 3330 1369 3384 τὰ
1403 3333 1527 3403 παρ’
1557 3332 1725 3401 ἐμαυ-

188 3421 279 3474 τοῦ
305 3421 478 3475 πάντα
515 3421 729 3492 πληρῶν
769 3421 828 3474 οὐ
861 3421 1229 3491 διαλιμπάνω,
1270 3423 1362 3475 καὶ
1400 3424 1458 3475 έν
1500 3422 1632 3492 αὐτῇ
1657 3425 1722 3492 τῇ

188 3509 506 3564 ταπεινώσει
531 3512 618 3564 τὸν
643 3510 801 3581 νόμον
830 3527 920 3562 σου
959 3510 1249 3582 μελετήσω.

255 3601 758 3671 Αίσχυνθήτωσαν
798 3600 1181 3669 ὑπερήφανοι,
1221 3600 1308 3655 ὅτι
1343 3601 1558 3667 ἀδίκως
1585 3603 1723 3670 ἡνό-

183 3708 389 3761 μησαν
419 3696 505 3760 είς
545 3693 667 3763 ἐμὲ,
693 3691 806 3762 ἐγὼ
845 3692 912 3745 δὲ
949 3691 1342 3763 ἁδολεσχήσω
1370 3693 1439 3747 ὲν
1465 3694 1590 3759 ταῖς
1624 3695 1721 3746 ὲν-

189 3783 394 3850 τολαῖς
425 3800 560 3838 σου.
609 3783 1164 3853 Ἐπιστρεψάτωσάν
1193 3801 1269 3852 με
1299 3786 1351 3837 οὶ
1376 3785 1723 3853 φοϐούμενοί

186 3889 278 3937 σε,
313 3874 408 3927 καὶ
436 3878 488 3928 οἱ
525 3874 916 3944 γινώσκοντες
963 3873 1032 3927 τὰ
1065 3872 1352 3942 μαρτύριά
1378 3887 1511 3927 σου.
1540 3875 1728 3938 Γενη-

185 3965 340 4035 θήτω
381 3967 419 4034 ἡ
459 3966 668 4033 καρδία
689 3983 806 4034 μου
855 3966 1085 4034 ἀμωμος
1127 3964 1195 4016 ἐν
1227 3962 1345 4026 τοῖς
1380 3962 1722 4031 δικαιώμασί

185 4071 322 4120 σου,
351 4057 508 4123 ὅπως
537 4058 612 4110 ἂν
631 4056 717 4126 μὴ
748 4054 1066 4124 αὶσχυνθῶ.
1099 4054 1279 4108 Πάντα
1307 4053 1412 4125 γὰρ
1445 4054 1514 4107 τὰ
1543 4057 1719 4126 ἁμαρ-

187 4150 406 4218 τήματα
446 4149 701 4218 αἰσχύνης
742 4149 887 4200 ἐστὶν
920 4145 1061 4212 ἄξια.
1113 4147 1255 4209 Ἕως
1297 4146 1393 4216 μὲν
1438 4147 1543 4218 γὰρ
1585 4165 1718 4219 καρ-

184 4239 270 4293 δία
305 4239 498 4308 ἀτελὴς
523 4239 795 4309 τυγχάνει,
827 4238 991 4309 πολλὴ
1028 4240 1244 4310 φροντὶς
1275 4242 1382 4293 καὶ
1402 4240 1608 4311 ἀγωνία
1645 4243 1717 4313 μή

185 4347 260 4401 πη
290 4330 399 4402 ἄρα
444 4330 536 4383 καὶ
565 4329 830 4402 ἀσθενήσῃ
874 4331 971 4385 καὶ
1022 4330 1210 4401 χείρων
1242 4332 1435 4402 ἑαυτῆς
1462 4333 1674 4403 γένηται
1702 4351 1714 4363 ι

1829 1882 2232 1951 plasmaverunt,
2259 1883 2325 1938 de
2351 1899 2595 1954 corpore.
2624 1884 2727 1939 Alii
2760 1903 2885 1941 vero
2930 1889 3080 1950 illud,
3108 1891 3354 1956 fecerunt,

1791 2017 1803 2028 .
1830 1974 1896 2028 de
1910 1974 2080 2042 prima
2117 1974 2390 2030 creatione
2437 1975 2640 2030 dictum
2673 1976 2969 2044 amrmant;
3000 1980 3128 2033 illud
3157 1987 3354 2048 autem,

1827 2065 2229 2130 plasmaoerunt,
2261 2066 2327 2121 de
2361 2066 2575 2121 lavacro
2627 2069 3047 2138 regenerationis
3077 2084 3140 2124 ac
3185 2070 3356 2127 refor-

1829 2157 2082 2212 matione.

1892 2333 2056 2390 Vens.
2087 2335 2268 2390 74-77.
2309 2335 2413 2403 Qui
2445 2336 2623 2390 timent
2657 2344 2720 2400 te,
2753 2335 2991 2391 videbunt
3023 2353 3121 2403 me,
3167 2349 3216 2394 et
3263 2338 3356 2393 Ia:-

1829 2425 2093 2490 tabuntur,
2124 2427 2247 2496 quia
2287 2428 2341 2480 in
2381 2426 2533 2482 verba
2577 2436 2667 2481 tua
2700 2429 3065 2497 supersperavi.
3106 2428 3350 2500 Cognovi,

1827 2519 2064 2581 Domine,
2095 2519 2216 2587 quia
2246 2519 2463 2586 aequitas
2489 2517 2693 2585 judicia
2727 2528 2837 2580 tua,
2862 2529 2911 2573 et
2943 2521 2993 2572 in
3025 2520 3236 2574 ueritate
3255 2520 3353 2573 hu-

1827 2609 2041 2672 miliasti
2072 2624 2168 2661 me.
2207 2606 2329 2660 Fiat
2361 2607 2713 2660 misericordia
2743 2616 2830 2660 tua
2861 2618 2916 2660 ut
2949 2608 3238 2662 consoletur
3252 2625 3350 2672 me,

1826 2680 2100 2753 secundum
2134 2699 2391 2767 eloquium
2438 2708 2581 2750 tuum
2625 2714 2763 2752 servo
2815 2708 2922 2754 tuo.
2976 2699 3189 2754 Veniant
3229 2701 3355 2754 mihi

1825 2788 2178 2842 miserationes
2209 2796 2309 2841 tua:
2343 2796 2392 2840 et
2440 2788 2622 2851 vivam,
2648 2789 2768 2857 quia
2818 2789 2899 2842 lex
2940 2798 3031 2842 tua
3084 2781 3351 2843 meditatio

1824 2896 1937 2935 mea
1969 2888 2065 2934 est.
2107 2877 2166 2933 Si
2197 2879 2443 2934 adteniat
2474 2880 2604 2934 mihi
2637 2879 3000 2935 misericordia
3034 2889 3146 2948 tua,
3167 2889 3220 2936 et
3245 2881 3369 2936 mi-.

1823 2972 2117 3026 serationes
2149 2979 2253 3026 tute
2289 2970 2354 3025 ad
2399 2986 2485 3026 me
2517 2973 2863 3036 accesserint,
2893 2986 3226 3042 nequaquam
3253 2973 3351 3027 ab-

1826 3061 2084 3117 sorbebor
2157 3061 2560 3130 humiliatione';
2601 3062 2694 3116 sed
2737 3078 2829 3132 per
2873 3063 3180 3133 patientiam
3223 3078 3350 3134 per-

1826 3151 2261 3218 severans,,bene
2306 3153 2427 3224 noxi
2477 3167 2561 3208 me
2610 3155 2663 3207 in
2703 3156 2810 3208 vita
2859 3169 3347 3211 mansurum-esse.

1824 3242 2244 3299 Misericordiam
2296 3257 2423 3298 vero
2467 3249 2533 3298 et
2562 3244 2935 3299 miserationes
2985 3252 3107 3301 tuas
3161 3260 3351 3302 conse-

1823 3335 1914 3404 qui
1960 3349 2128 3404 rogo;
2159 3322 2295 3403 quia
2315 3342 2366 3389 et
2397 3335 2509 3404 ipse
2539 3334 2718 3389 omnia
2749 3350 2869 3403 quae
2918 3335 3350 3398 facultatismetn

1823 3434 1948 3481 sunt
1977 3427 2193 3496 implere
2214 3441 2319 3481 non
2346 3425 2686 3490 desino,etin
2715 3427 2828 3497 ipsa
2845 3425 3210 3484 hutniliatione
3233 3444 3350 3484 mea

1823 3517 1990 3587 legem
2020 3526 2161 3571 tuam
2195 3517 2511 3571 meditabor.

1891 3605 2054 3662 Vens.
2108 3606 2286 3661 78-80.
2315 3605 2715 3674 Confandantur
2743 3606 2969 3674 superbi,
3011 3607 3132 3676 quia
3160 3607 3350 3674 injuste

1820 3699 2141 3768 iniquitatem
2167 3697 2393 3766 fecerunt
2420 3698 2474 3750 in
2521 3705 2621 3758 me,
2649 3712 2752 3765 ego,
2785 3706 2955 3749 autem
2995 3696 3266 3751 exercebar
3293 3697 3348 3750 in

1783 3814 1785 3816 -
1821 3787 2080 3840 mandatis
2124 3788 2244 3840 tuis.
2277 3774 2651 3839 Convertuntur
2678 3785 2802 3838 mihi
2827 3788 3058 3839 timentes
3087 3795 3152 3851 te,
3188 3795 3238 3839 et
3260 3789 3348 3856 qui

1821 3887 2063 3931 noverunt
2092 3877 2388 3930 testimonia
2434 3885 2542 3929 tua.
2577 3873 2701 3928 Fiat
2729 3893 2819 3929 cor
2847 3893 3011 3935 meum
3040 3877 3348 3930 immacula-

1820 3973 1926 4017 tum
1956 3967 2005 4016 in
2017 3964 2478 4034 justiﬁcationibus
2513 3967 2636 4025 tuis.
2669 3976 2724 4017 ut
2751 3983 2850 4019 non
2877 3967 3191 4035 con/undar.
3221 3964 3349 4030 0m-

1817 4057 1908 4115 nia
1938 4071 2169 4126 namque
2197 4063 2414 4126 peccata
2453 4050 2771 4110 confusione
2796 4058 2953 4126 digna
2977 4067 3123 4113 sunt.
3163 4060 3345 4127 Quan-

1805 4146 1906 4201 ‘diu
1951 4148 2090 4200 enim
2131 4161 2225 4200 cor
2265 4138 2632 4215 imperfectum
2675 4147 2907 4209 exsistit,
2948 4149 3114 4206 multa
3144 4149 3345 4204 sollici-

1817 4223 1946 4289 tudo
1984 4244 2035 4289 et
2086 4236 2360 4290 contentio
2406 4243 2509 4298 est,
2555 4250 2622 4290 ne
2651 4236 2947 4290 iulirmetur
2995 4244 3051 4293 et
3103 4238 3340 4293 deterius

1816 4325 2003 4380 evadat
2037 4327 2288 4396 :quando
2322 4335 2498 4382 autem
2547 4327 2846 4396 pervenerit
2884 4326 2950 4379 ad
2983 4328 3191 4397 apicem
3218 4344 3339 4400 per—

185 4422 273 4473 ὃτε
305 4421 361 4475 δὲ
395 4423 472 4485 εἰς
523 4422 687 4494 ἄκρον
738 4421 915 4495 φθάσῃ
966 4422 1060 4491 τῆς
1106 4421 1453 4492 τελειότητος,
1504 4425 1560 4475 ὲν
1608 4423 1715 4490 ἕξει

1823 4417 2086 4481 iectionis,
2117 4418 2172 4471 in
2217 4417 2430 4470 virtutis
2472 4417 2655 4471 habitu
2694 4423 2745 4470 et
2775 4415 3164 4472 consuetudine
3215 4432 3339 4473 con-

186 4512 386 4583 ἀρετῆς
429 4515 758 4576 καταστᾶσα,
816 4511 917 4577 ἔξω
967 4514 1249 4584 γενήσεται
1298 4513 1493 4576 παντὸς
1536 4514 1716 4582 φόόου,

184 4605 363 4656 οὐκέτι
390 4604 794 4674 ἀμφιδάλλουσα
829 4605 901 4675 μή
940 4620 1066 4657 ποτε
1097 4606 1203 4676 ἄρα
1233 4604 1612 4675 καταισχυνθῇ.

267 4696 558 4749 Ἐκλείπει
591 4698 676 4760 εὶς
718 4697 782 4748 τὸ
836 4695 1125 4762 σωτήριόν
1164 4712 1278 4750 σου
1311 4697 1348 4763 ἠ
1385 4696 1553 4764 ψυχή
1578 4715 1714 4765 μου,

182 4789 274 4851 εις,
304 4787 450 4851 τοὺς
491 4789 706 4855 λόγους
739 4801 852 4840 σου
892 4785 1215 4852 ἐπήλπισα.
1253 4786 1458 4855 Σφόδρα
1498 4787 1716 4840 ἀκολού-

185 4877 287 4940 θως
316 4876 626 4947 ἑρμηνεύων
669 4879 720 4930 τί
754 4878 879 4930 ποτέ
925 4879 1037 4930 ἔστι
1081 4877 1140 4929 τὸ
1172 4877 1427 4946 σωτήριον
1477 4878 1708 4945 ἐπιλέγει

182 4968 308 5038 ἑξῆς
329 4987 342 4999 ·
386 4971 488 5033 Εις
507 4967 611 5021 τὸν
630 4970 810 5038 λόγον
829 4983 943 5022 σου
965 4967 1288 5037 ἐπήλπισα,
1310 4968 1602 5037 σημαίνων,
1631 4971 1711 5022 ὅτι

181 5059 240 5113 τὸ
255 5059 518 5130 σωτήριον
530 5060 557 5109 ὁ
569 5057 691 5120 Υἱὸς
706 5057 797 5111 τοῦ
816 5057 948 5111 Θεοῦ
966 5061 1096 5111 ἐστι.
1115 5059 1422 5122 Ἐξέλιπον
1435 5062 1489 5112 ol
1505 5060 1713 5127 ὀφθαλ-

178 5153 276 5218 μοί
307 5166 427 5218 μου
454 5150 540 5214 είς
553 5148 616 5202 τὸ
640 5148 842 5219 λόγιόν
860 5164 995 5213 σου,
1023 5149 1319 5217 λέγοντοςθ
1360 5151 1505 5203 Πότε
1532 5167 1712 5219 παρα-

181 5238 458 5304 καλέσεις
475 5255 584 5308 pe;
621 5239 704 5291 ὅτι
740 5238 1026 5309 ἐγενήθην
1059 5240 1137 5305 ὡς
1171 5239 1358 5305 ἀσκὸς
1389 5240 1457 5294 ἐν
1489 5241 1706 5310 πάχνη,

181 5330 250 5383 τὰ
293 5329 648 5400 δικαιώματά
688 5346 802 5385 σου
838 5335 946 5387 οὐκ
983 5332 1368 5402 ἐπελαθόμην.
1408 5335 1595 5388 Πόσαι
1637 5338 1712 5389 εί-

1816 4507 2080 4570 stitutum,
2113 4507 2258 4559 omni
2300 4513 2443 4559 metu
2472 4520 2698 4560 vacuum
2735 4507 2857 4568 erit,
2881 4519 3055 4575 neque
3087 4501 3362 4562 haesitans

1789 4644 1791 4646 .
1813 4597 2084 4652 verebitur
2112 4611 2179 4650 ne
2204 4595 2585 4650 confundatur.

1850 4681 2042 4743 'Vnns.
2076 4688 2162 4741 81.
2205 4687 2388 4756 Deﬁcit
2433 4689 2486 4740 in
2515 4692 2745 4742 salutare
2785 4698 2926 4740 tuum
2961 4688 3138 4739 anima
3168 4702 3279 4740 mea
3319 4704 3336 4739 :

1810 4780 1862 4832 in
1893 4778 2043 4832 verba
2079 4787 2167 4830 tua
2205 4779 2582 4850 supersperavi.
2619 4778 2916 4833 Admodum
2948 4787 3339 4845 consequenter

1813 4870 2086 4938 explicans
2113 4869 2240 4938 quid
2267 4871 2336 4923 sit
2368 4871 2606 4925 salutare
2643 4870 2793 4934 illud,
2819 4869 2998 4938 adjicit
3020 4874 3204 4938 postea
3234 4887 3245 4922 :
3273 4867 3337 4922 In

1814 4961 2016 5014 verbum
2042 4971 2185 5013 tuum
2211 4963 2583 5029 supersperaui,
2623 4961 2928 5032 signiﬁcans
2951 4960 3181 5014 salutare
3200 4958 3338 5012 illud

1812 5068 1931 5109 esse
1962 5052 2153 5107 Filium
2187 5052 2300 5125 Dei.
2333 5084 2403 5094 —
2432 5053 2594 5109 Vens.
2627 5053 2808 5108 82-88.
2851 5051 3154 5120 Defecerunt
3201 5050 3338 5104 oculi

1813 5147 1911 5201 mei
1939 5146 1992 5198 in
2017 5145 2271 5215 eloquium
2310 5156 2473 5212 tuum,
2498 5146 2716 5200 dicentes
2746 5161 2762 5197 :
2793 5143 3010 5209 Quando
3042 5141 3337 5197 consolabe-

1812 5239 1883 5291 ris
1921 5240 2040 5292 me?
2071 5236 2205 5302 Quia
2239 5237 2407 5306 factus
2437 5253 2549 5290 sum
2581 5238 2711 5289 sicut
2740 5246 2851 5286 uter
2883 5236 2934 5288 in
2951 5237 3154 5302 pruina,
3176 5232 3336 5301 justi-

1814 5331 2078 5399 ﬁcationes
2112 5341 2227 5382 tuas
2248 5347 2347 5383 non
2377 5347 2491 5384 sum
2529 5328 2736 5382 oblitus.
2761 5325 2898 5392 Quot
2922 5336 3040 5379 sunt
3066 5325 3173 5378 dies
3206 5324 3337 5376 servi

181 5423 284 5474 σὶν
314 5425 374 5475 al
404 5423 611 5491 ἡμέραι
660 5423 763 5476 τοῦ
800 5423 1018 5479 δούλου
1067 5439 1215 5490 σου;
1270 5427 1411 5478 πότε
1446 5426 1712 5494 ποιήσεις

1823 5425 1892 5476 tui
1915 5426 1938 5477 .’
1962 5422 2163 5492 quando
2192 5424 2348 5485 facies
2382 5421 2508 5474 mihi
2535 5421 2596 5474 de
2632 5419 3042 5489 persequentibus
3079 5433 3156 5470 me
3186 5415 3334 5484 judi-
3373 5427 3375 5430 '

177 5530 276 5584 μοι
325 5513 394 5565 ἐκ
452 5511 569 5565 τῶν
617 5513 1093 5570 καταδιωκόντων
1129 5533 1205 5587 με
1254 5518 1481 5585 κρίσιν;
1511 5519 1714 5589 Ampi-

1823 5518 1954 5572 cium
1977 5520 2000 5573 ?
2025 5516 2074 5572 Ν
2080 5524 2380 5573 erraverunt
2401 5513 2524 5569 mihi
2549 5514 2709 5583 iniqui
2737 5512 3098 5583 fabulationes,
3126 5511 3211 5564 sed
3235 5524 3336 5562 non

151 5696 154 5700 '
252 5688 296 5721 “
331 5685 462 5744 Gen.
499 5706 548 5757 ι,
580 5689 667 5745 26.
743 5692 785 5724 ⁸⁸
824 5689 923 5748 Job
954 5707 1016 5758 ι,
1049 5690 1100 5744 8.
