3994 6354
616 380 746 437 1379

1304 386 1563 443 susum
1594 387 2067 443 cmssmeusrs
2101 387 2248 444 OPP.
2290 389 2467 445 rans
2501 390 2588 447 tu.
2628 422 2696 435 -
2731 359 3128 453 εχεοετιει.

3666 398 3807 455 1380

613 507 670 551 ιιι
707 500 790 553 lea:
843 511 953 572 tua,
995 503 1231 558 Domine.
1266 505 1456 560 Omnia
1491 508 1742 561 mandata
1804 519 1891 562 tua
1916 510 2103 563 ueritas

2226 524 2439 569 ,a‘arto
2462 530 2563 581 μοι
2594 513 2916 584 παράνομοι
2955 516 3345 586 ἀδολεσχίας,
3395 518 3531 573 ἀλλ’
3568 521 3681 586 οὐχ
3720 520 3801 582 ὡς

612 589 781 657 inique
807 594 1061 658 persecuti
1112 604 1233 648 sunt
1284 612 1384 657 me,
1413 596 1605 666 adjuva
1643 614 1739 651 me.
1778 598 1949 652 Paulo
1982 601 2150 654 niinus

610 694 1091 737 consummaverunt
1124 702 1205 739 me
1227 688 1278 739 in
1312 697 1471 741 terra.
1521 688 1630 759 Ego
1665 698 1839 743 autem
1879 708 1979 743 non
2007 691 2154 745 dere-

586 768 737 836 ,liqui
771 771 1019 824 mandata
1050 781 1160 826 tua.
1208 773 1499 828 Secundum
1548 778 1959 832 misericordiam
2007 792 2151 834 tuam

610 860 811 928 uiui/ica
849 878 947 927 me,
969 872 1020 916 et
1054 862 1346 917 custodiam
1372 868 1669 921 testimonia
1695 870 1803 923 oris
1825 870 1922 923 tui.
1956 868 2151 925 Secun-

608 951 733 1005 dum
789 952 1059 1022 eloquium
1101 955 1192 1009 Dei
1226 956 1422 1021 vivere,
1455 967 1538 1012 est
1573 975 1697 1014 cum
1743 962 1939 1030 pietate
1984 964 2146 1017 vitam

606 1056 781 1111 agere,
810 1060 985 1114 neque
1029 1046 1281 1101 sensilem
1322 1041 1693 1105 tantummodo
1727 1052 1892 1105 vitam
1928 1052 2143 1110 ducere.

604 1131 735 1186 Nam
769 1150 837 1203 qu
874 1136 1017 1205 squis
1049 1136 1103 1189 id
1131 1139 1517 1208 consequitur,
1550 1140 1745 1195 bonam
1778 1144 2039 1214 transiget
2067 1144 2147 1197 vi-

602 1232 743 1289 tam;
776 1226 848 1278 ita
896 1237 956 1279 ut
1003 1227 1272 1281 custodiat
1324 1231 1628 1285 testimonia
1660 1232 1773 1285 oris
1802 1231 1896 1286 Dei
1931 1248 2087 1303 :quie
2113 1249 2144 1287 a

602 1312 780 1370 Verbo
806 1315 931 1380 Dei,
950 1318 1096 1387 quod
1120 1319 1331 1388 os'ejus
1355 1336 1479 1379 esse
1511 1322 1648 1387 dixi,
1676 1322 1985 1378 testimonio
2014 1339 2144 1379 con-

602 1407 809 1462 tirmata
836 1416 891 1463 et
922 1409 1197 1464 declarata
1219 1419 1368 1467 sunt.

672 1585 836 1641 \sns.
866 1586 1055 1643 89-9l.
1076 1586 1143 1641 In
1169 1598 1442 1653 ceternnm,
1475 1589 1714 1657 Domine,
1746 1596 1952 1646 verbum
1996 1606 2141 1649 tuum

596 1686 858 1744 permanet
888 1678 943 1731 in
970 1679 1116 1734 caelo.
1159 1678 1222 1733 In
1248 1684 1628 1750 generationem
1670 1696 1717 1736 et
1760 1676 2138 1752 generationem

599 1770 787 1823 veritas
817 1778 926 1834 tua,
951 1770 1186 1837 fundasti
1206 1783 1417 1837 terram,
1445 1781 1492 1827 et
1520 1784 1804 1843 permanet.
1834 1774 2139 1830 Ordinatio-

2226 668 2227 671 η
2256 604 2289 655 ό
2318 602 2498 668 νόμος
2524 620 2659 670 σου,
2701 607 2895 673 Κύριε.
2928 606 3121 661 Πᾶσαι
3155 611 3214 661 at
3250 608 3488 662 ἐντολαὶ
3517 624 3635 662 σου
3655 608 3802 675 ἀλή-

2254 693 2396 753 θεια,
2422 691 2638 759 ἀδίκως
2662 694 3020 760 κατεδίωξαν
3037 714 3133 765 με,
3153 698 3468 765 ,βοήθησόν
3486 716 3601 766 μοι.
3627 702 3798 765 Παρά

2246 783 2443 852 ,βραχὺ
2469 785 2751 839 ἐτέλεσαν
2771 803 2848 855 με
2868 786 2938 839 ἐν
2960 785 3035 854 τῇ
3069 785 3146 856 τῇ
3160 806 3175 820 ·
3207 788 3319 858 ἐγὼ
3356 788 3424 841 δὲ
3451 791 3560 843 οὐκ
3589 789 3794 858 ἔγκατα

2250 872 2461 927 ἐλιπον
2525 875 2630 941 τὰς
2682 875 2931 943 ἐντολάς
2976 891 3112 932 σου.
3167 878 3323 933 Κατὰ
3359 878 3423 932 τὸ
3464 879 3633 945 ελεός
3670 894 3791 932 σου

2252 960 2436 1029 ζῆσόν
2480 980 2576 1031 με,
2612 964 2710 1018 καὶ
2753 965 3000 1033 φυλάξω
3060 968 3132 1021 τὰ
3169 970 3453 1037 μαρτύρια
3496 967 3602 1022 τοῦ
3647 969 3793 1021 στόα⁵

2244 1054 2430 1120 ματός
2482 1070 2616 1108 σου.
2667 1055 2739 1108 Τὸ
2782 1056 2923 1109 κατὰ
2967 1057 3029 1110 τὸ
3066 1058 3242 1126 λόγιον
3278 1058 3370 1119 τοῦ
3423 1058 3555 1112 Θεοῦ
3585 1057 3686 1129 ζῇν
3729 1058 3793 1112 τὺ

2251 1145 2344 1196 σὺν
2369 1144 2618 1216 εὐσεϐείᾳ
2648 1146 2745 1217 ζῇν
2800 1149 2967 1213 ἐστιν,
3014 1150 3111 1219 οὐχ
3140 1148 3341 1212 ἁπλῶς
3524 1149 3792 1218 αίσθητὴν

2246 1233 2446 1305 ταύτην
2477 1234 2640 1306 ζωήν.
2691 1236 2891 1291 Τούτου
2924 1236 3031 1310 γὰρ
3064 1239 3261 1309 τυχὼν,
3299 1242 3357 1293 ὲν
3382 1239 3580 1310 εὐζωῑᾳ
3613 1240 3787 1302 ἔσται,

2243 1323 2319 1387 ὡς
2347 1326 2634 1393 φυλάσσειν
2666 1328 2735 1381 τὰ
2770 1329 3041 1400 μαρτύρια
3070 1329 3161 1382 τοῦ
3208 1330 3469 1399 στόματος
3500 1329 3596 1383 τοῦ
3628 1328 3787 1393 Θεοῦ,

2247 1416 2651 1489 μαρτυρηθέντα
2673 1420 2765 1473 καὶ
2787 1419 3166 1490 ἀποδειχθέντα
3190 1421 3293 1479 ὑπὸ
3316 1421 3484 1489 Λόγου
3509 1420 3603 1475 τοῦ
3625 1418 3784 1481 Θεοῦ,

2242 1496 2304 1559 οὗ
2334 1501 2486 1562 εἷπον
2517 1507 2677 1562 αὑτοῦ
2711 1510 2881 1579 στόμα
2906 1506 3062 1565 εἶναι.

2311 1596 2415 1659 Εἰς
2460 1596 2565 1649 τὸν
2588 1596 2792 1661 αἰῶνα,
2848 1599 3043 1666 Κύριε,
3087 1602 3121 1652 d
3152 1600 3330 1667 λότος
3377 1617 3492 1655 σου
3524 1596 3785 1667 διαμένει

2240 1683 2309 1736 ἐν
2318 1684 2396 1750 τῷ
2408 1685 2766 1753 οὐρανῷ.Είς
2779 1687 2986 1755 γενεὰν
3000 1688 3093 1741 καί
3113 1688 3320 1757 γενεὰν
3333 1689 3372 1755 ἠ
3383 1686 3627 1757 ἀλήθειά
3639 1700 3781 1749 σου,

2239 1774 2630 1843 ἐθεμελίωσας
2660 1778 2773 1846 τὴν
2804 1777 2938 1847 τῆν,
2962 1778 3061 1831 καί
3097 1776 3369 1848 διαμένει.
3410 1776 3494 1845 Τῇ.
3519 1777 3783 1841 διατάξει

596 1875 661 1911 ne
690 1869 779 1912 tua
806 1870 1098 1927 perseuerat
1130 1860 1262 1924 dies,
1295 1864 1543 1931 quoniam
1567 1866 1744 1919 omnia
1767 1866 1993 1921 seruiunt
2024 1867 2130 1920 tibi.

2238 1877 2352 1918 σου
2386 1865 2641 1933 διαμένει
2666 1867 2872 1935 ἡμέρα,
2910 1866 2997 1920 ὅτι
3026 1867 3099 1921 τὰ
3121 1868 3434 1935 σύμπαντα
3451 1865 3641 1921 δοῦλα
3676 1865 3780 1919 σά.

597 1948 889 2007 Veritatem
921 1963 1098 2007 autem
1139 1964 1296 2008 vocat
1338 1956 1479 2010 hanc
1510 1958 1946 2026 promissionem,
1976 1974 2136 2029 quam

597 2044 802 2099 sciebat
829 2046 1050 2100 omnino
1075 2045 1309 2101 futuram
1343 2048 1395 2101 in
1426 2040 1820 2116 generationem
1848 2058 1901 2105 et
1922 2059 2139 2120 genera-

596 2134 816 2191 tionem.
868 2134 928 2190 ln
971 2136 1200 2207 singulis
1232 2138 1432 2207 quippe
1478 2140 1918 2209 generationibus
1960 2150 2137 2210 partes

593 2227 855 2297 quasdam
913 2229 1154 2284 veritatis
1211 2230 1517 2285 hominibus
1570 2232 1780 2297 mittis,
1846 2245 2137 2301 omnesque

596 2320 779 2373 mundi
815 2327 1017 2390 partes,
1048 2326 1103 2375 et
1146 2336 1210 2375 ea
1257 2336 1377 2391 qua:
1429 2321 1558 2378 sub
1587 2331 1864 2393 aspectum
1909 2325 2130 2387 cadunt,

592 2411 935 2500 ordinatione
966 2419 1060 2466 tua
1100 2420 1373 2477 constant,
1406 2428 1516 2467 non
1550 2428 1581 2467 a
1602 2414 1847 2470 terminis
1880 2415 1993 2470 suis
2020 2430 2135 2470 mo-

593 2512 669 2565 ta,
730 2517 912 2573 neque
955 2501 1061 2557 sibi
1113 2509 1371 2557 statutam
1423 2503 1593 2574 legem
1658 2505 2127 2575 transgredientia.

590 2593 766 2648 Causa
796 2608 923 2648 vero
948 2592 1140 2648 borum
1171 2593 1413 2647 omnium
1437 2594 1831 2665 permansionis
1865 2602 1965 2660 est,
1989 2597 2130 2663 quod

590 2693 648 2738 tu
677 2684 825 2741 solus
864 2682 1122 2739 Dominus
1158 2684 1232 2738 sis
1276 2684 1681 2750 universorum;
1714 2685 1921 2757 reliqua
1952 2694 2127 2740 autem

588 2776 769 2830 omnia
802 2776 899 2831 tibi
929 2777 1184 2842 serviant,
1208 2792 1271 2830 ac
1303 2784 1556 2847 tanquam
1589 2779 1855 2846 mancipia
1888 2778 2136 2846 subjecta

657 2957 821 3013 Vens.
859 2958 947 3013 92.
975 2956 1093 3011 Nisi
1124 2956 1259 3027 quod
1298 2958 1386 3011 lex
1432 2966 1523 3010 tua
1570 2959 1841 3015 meditatio
1883 2980 1995 3017 mea
2026 2974 2123 3031 est,

586 3063 708 3106 tunc
747 3052 882 3118 forte
930 3050 1196 3119 periissem
1243 3050 1297 3102 in
1340 3042 1699 3105 humiliatione
1748 3070 1883 3110 mea.
1916 3053 2125 3111 Dictum

584 3151 689 3206 est,
723 3150 935 3211 tempus
965 3141 1321 3195 tentationum
1353 3155 1415 3193 ac
1459 3141 1827 3196 calamitatum
1874 3145 2124 3198 humilia-

586 3236 785 3286 tionem
814 3231 1131 3302 nuncupari.
1159 3229 1272 3283 Viri
1304 3231 1466 3298 igitur
1490 3230 1629 3285 beati
1651 3240 1734 3286 est
1756 3232 1921 3287 fuisse
1949 3233 2002 3285 in
2029 3234 2129 3285 hu-

585 3322 905 3385 miliatione,
938 3330 991 3375 et
1020 3336 1128 3375 non
1176 3322 1404 3390 periisse
1446 3340 1458 3375 :
1492 3332 1553 3374 ut
1579 3322 1646 3385 si,
1689 3338 1741 3375 v.
1787 3338 1860 3392 g.,
1892 3322 2128 3377 venerim

582 3413 637 3467 in
673 3413 1023 3467 tentationem
1067 3412 1334 3482 martyrii,
1377 3412 1425 3467 si
1474 3412 1690 3481 quidem
1750 3423 2036 3482 antequam
2071 3414 2128 3466 in

580 3518 698 3557 eam
736 3503 1029 3559 inciderem
1060 3504 1142 3557 lex
1166 3510 1257 3556 tua
1295 3502 1570 3557 meditatio
1608 3503 1738 3555 mihi
1764 3486 1978 3571 semper
2011 3502 2128 3555 fue-

581 3596 673 3659 rit,
695 3602 748 3649 et
784 3610 905 3650 eam
934 3603 1227 3649 exsecutus
1266 3594 1400 3660 sim;
1431 3608 1552 3648 cum
1592 3594 1647 3647 in
1698 3593 2125 3647 bumiliationem

579 3701 673 3755 per
703 3688 1056 3761 tentationem
1094 3686 1339 3756 martyrii
1380 3699 1598 3749 venero,
1634 3699 1742 3737 non
1771 3685 2001 3761 peribo.
2032 3683 2127 3738 Sic

577 3772 635 3830 in
680 3777 829 3830 omni
875 3760 1175 3829 tentaiione
1229 3775 1375 3843 loqui
1404 3789 1502 3843 par
1536 3772 1735 3829 fuerit:
1765 3781 1839 3838 at,
1876 3760 2127 3845 malignis

577 3866 996 3935 cogitationibus
1035 3875 1085 3920 et
1130 3865 1460 3921 adversariis
1491 3867 1781 3922 virtutibus
1820 3882 1907 3922 me
1950 3868 2125 3938 impu-

578 3954 888 4023 gnantibus,
919 3953 1253 4023 pereundum
1294 3956 1424 4009 mihi
1455 3964 1593 4020 erat,
1624 3957 1731 4011 nisi
1762 3957 1845 4011 lex
1878 3966 1969 4011 tua
2017 3959 2123 4012 ful-

576 4058 673 4099 cro
694 4046 822 4097 mihi
846 4044 1055 4099 fuisset.

646 4132 809 4188 Vnus.
844 4136 932 4189 95.
963 4134 1029 4188 In
1070 4146 1319 4189 reternum
1352 4152 1453 4189 non
1486 4136 1765 4192 obliviscar
1790 4138 2127 4209 justiﬁcatio-

2252 1952 2522 2023 ’Δλήθίιαν
2550 1955 2605 2008 δὲ
2632 1955 2776 2023 λέγει
2808 1955 2904 2026 τὴν
2930 1955 3254 2025 ἐπαγγελίαν
3292 1955 3512 2027 ταύτην,
3564 1956 3631 2025 ῆν
3671 1952 3779 2007 οἶδε

2192 2062 2207 2077 ο
2238 2044 2451 2108 πάντως
2483 2046 2847 2117 γενησομένην
2896 2048 2975 2108 είς
3022 2048 3213 2115 γενεὰν
3254 2048 3348 2101 καὶ
3387 2047 3598 2115 γενεάν.
3640 2046 3783 2107 Καθ’

2238 2136 2468 2206 ἑκάστην
2485 2137 2593 2206 γὰρ
2612 2137 2803 2204 γενεὰν
2837 2139 2976 2209 μέρη
3001 2138 3120 2192 τινὰ
3149 2137 3247 2208 τῆς
3278 2137 3527 2209 ἀληθείας
3572 2136 3785 2206 ἀνθρώ-

2237 2243 2358 2288 ποις
2384 2226 2745 2291 άποστέλλεις,
2768 2230 2952 2282 καὶτὰ
2977 2228 3264 2299 σύμπαντα
3285 2229 3378 2281 τοῦ
3402 2227 3605 2298 κόσμου
3635 2227 3780 2297 μέρη

2236 2319 2304 2369 τά
2331 2335 2390 2369 τε
2416 2319 2587 2387 ὁρατά
2722 2322 2786 2389 σῇ
2832 2318 3067 2386 διατάξει
3101 2319 3443 2389 συνέστηκεν,
3494 2318 3568 2390 μὴ
3602 2317 3783 2370 κινού-

2240 2426 2372 2479 μενα
2400 2398 2505 2461 τ’ῶν
2534 2409 2691 2479 ὁρῶν,
2747 2409 2879 2480 μηδὲ
2909 2411 2998 2463 τὸν
3034 2410 3193 2479 νόμον
3233 2410 3323 2462 τὸν
3370 2409 3648 2481 ὁρισθέντα
3677 2409 3777 2461 αὑ-

2182 2550 2185 2551 ν
2233 2502 2345 2563 τοῖς
2381 2501 2791 2572 παραὸαἰνοντα.
2840 2502 3016 2555 Δῐτιον
3065 2501 3121 2555 δὲ
3156 2502 3253 2573 τῆς
3282 2500 3483 2554 τούτων
3521 2501 3776 2554 ἁπάντων

2231 2588 2489 2662 διαμονῆς
2519 2594 2577 2645 τὸ
2630 2590 2687 2645 σὲ
2721 2594 2876 2664 μόνον
2914 2593 3114 2665 Κύριον
3146 2589 3282 2646 εῖναι
3320 2592 3429 2645 τῶν
3475 2592 3607 2645 ὅλων
3645 2609 3661 2622 ·
3707 2592 3777 2645 τά

2230 2678 2287 2733 δὲ
2319 2680 2474 2734 λοιπά
2519 2681 2693 2735 πάντα
2735 2688 2803 2732 σα
2829 2680 3018 2747 δοῦλα,
3072 2683 3165 2736 καὶ
3205 2683 3281 2745 ὡς
3314 2680 3477 2736 δοῦλα
3510 2682 3773 2736 ὑποτέτα-

2232 2785 2375 2824 κται.

2301 2867 2368 2917 El
2400 2864 2485 2933 μὴ
2516 2865 2605 2918 ὅτι
2642 2867 2675 2918 ό
2701 2866 2881 2935 νόμος
2910 2882 3026 2920 σου
3058 2866 3277 2935 μελέτη
3309 2885 3427 2936 μου
3454 2869 3611 2937 ἐστι,
3641 2883 3774 2920 τοτε

2232 2956 2310 3012 ἄν
2333 2962 2654 3029 ἀπωλόμην
2691 2962 2759 3013 ἐν
2783 2960 2858 3029 τῇ
2888 2961 3234 3015 ταπεινώσει
3266 2979 3405 3030 μου.
3432 2962 3659 3030 Εἴρηται
3696 2963 3773 3023 ὡς

2228 3052 2257 3103 ὁ
2288 3049 2475 3121 καιρὸς
2506 3051 2611 3107 τῶν
2656 3050 2969 3122 πειρασμῶν
3010 3051 3103 3105 καὶ
3142 3051 3249 3103 τῶν
3276 3048 3640 3121 περιστάσεων
3687 3068 3777 3104 τα-

2230 3141 2481 3205 πείνωσις
2510 3141 2843 3213 ὀνομάζεται.
2879 3142 3161 3212 Μακαρίω
3189 3140 3368 3194 τοίνυν
3402 3142 3549 3195 ὶστὶν
3581 3142 3776 3213 ἀνδρὸς

2228 3233 2287 3285 τὸ
2314 3233 2559 3301 γενέσθαι
2589 3236 2646 3286 ὲν
2688 3237 2754 3304 τῇ
2806 3233 3148 3298 ταπεινώσει,
3190 3235 3283 3286 καὶ
3319 3233 3392 3304 μὴ
3442 3233 3768 3287 ἀπολέσθαι·

2225 3324 2385 3376 οἱονεὶ
2413 3324 2641 3393 ἐλήλυθα
2672 3326 2751 3388 είς
2783 3324 3081 3399 πειρασμὸν
3130 3324 3424 3396 μαρτυρίου
3447 3340 3459 3354 ⁸
3506 3325 3555 3375 εί
3602 3326 3700 3393 μὲν
3742 3327 3773 3378 ὀ

2224 3412 2384 3482 νόμος
2411 3413 2502 3465 τοῦ
2532 3413 2669 3487 Θεοῦ
2704 3413 2899 3491 μελέτη
2950 3430 3048 3485 μου
3088 3410 3156 3485 ἦν
3196 3414 3281 3466 ἀεὶ
3324 3413 3431 3483 πρὸ
3473 3412 3563 3465 τοῦ
3598 3415 3770 3483 ἐμπε-

2194 3526 2195 3529 η
2226 3504 2357 3567 σείν,
2408 3503 2498 3556 καὶ
2531 3504 2732 3574 ἧσκουν
2760 3504 2940 3568 αὐτὸν,
2982 3502 3151 3557 ἐλθὼν
3194 3504 3285 3556 ἐπὶ
3313 3502 3412 3573 τὴν
3442 3504 3769 3555 ταπείνωσιν

2222 3591 2318 3662 τὴν
2351 3593 2489 3646 κατὰ
2514 3594 2605 3646 τὸν
2643 3594 2942 3667 πειρασμὸν
2984 3592 3079 3647 τοῦ
3120 3592 3437 3667 μαρτυρίου,
3474 3594 3573 3646 οὐκ
3602 3593 3768 3645 ἀπόλ-

2222 3682 2406 3753 λυμαι.
2442 3684 2626 3749 Οὕτως
2660 3686 2885 3756 ἁρμόζει
2929 3688 3022 3740 καὶ
3068 3685 3160 3738 ἐπὶ
3217 3684 3413 3747 παντὸς
3459 3684 3764 3755 πειρασμοῦ

2222 3776 2390 3847 εἰπεῖν
2410 3793 2423 3805 ·
2456 3775 2604 3829 ἀλλὰ·
2633 3776 2727 3830 καὶ
2761 3776 2867 3830 τῶν
2912 3776 3160 3847 πονηρῶν
3190 3776 3459 3847 λογισμῶν
3511 3778 3603 3829 καὶ
3655 3776 3765 3829 τῶν

2221 3865 2604 3934 ἀντικειμένων
2651 3866 2925 3937 δυνάμεων
2960 3864 3306 3939 πολεμόυσῶν
3336 3870 3476 3937 ὲμοί.
3509 3865 3671 3937 Εἶχον
3697 3866 3767 3920 ἂν

2221 3953 2557 4020 ἀπολεῖσθαι,
2604 3958 2653 4009 εί
2696 3956 2785 4028 μὴ·
2812 3957 2964 4020 ὀσὸς
3006 3956 3167 4027 νόμος
3208 3957 3603 4026 ἀντιστήριγμά
3660 3975 3763 4027 μου

2219 4048 2456 4119 γένηται.
2932 4076 2941 4087 ~

2230 4170 2236 4181 ι
2278 4140 2380 4203 Εἰς
2414 4138 2520 4191 τὸν
2553 4136 2733 4191 αἰῶνα
2761 4139 2833 4192 οὐ
2858 4138 2955 4207 μὴ,
2983 4135 3341 4205 ἐπιλάθωμαι
3377 4135 3493 4189 τῶν
3529 4135 3759 4189 δικαιω-

576 4243 665 4283 nes
690 4240 829 4289 tuas,
860 4228 983 4296 quia
1012 4229 1064 4279 in
1088 4228 1213 4295 ipsis
1252 4228 1524 4296 viviﬁcasti
1560 4244 1659 4300 me.
1692 4227 1887 4283 Verum
1919 4244 2123 4284 memor

2226 4229 2413 4296 μάτων
2425 4244 2562 4293 σου,
2590 4230 2677 4283 ὅτι
2696 4231 2765 4283 ἐν
2781 4230 2980 4296 αὐτοῖς
3004 4222 3217 4297 ἓζησάς
3229 4244 3323 4298 με.
3355 4227 3514 4281 Ἀλλὰ
3547 4228 3759 4299 μεμνή-

574 4334 671 4375 ero
717 4320 1125 4389 disciplinarum
1177 4329 1426 4383 tuarum,
1456 4334 1591 4389 quas
1627 4320 1683 4373 in
1721 4320 1827 4373 vita
1871 4320 2066 4375 edidici
2104 4340 2116 4375 :

514 4399 520 4404 ’
575 4425 671 4481 per
694 4411 814 4465 illas
831 4411 971 4464 enim
996 4424 1025 4463 a
1048 4420 1195 4463 terra
1221 4410 1275 4463 in
1296 4410 1491 4464 cmlum
1520 4410 1813 4474 transiens,
1847 4425 1968 4465 cum
2021 4427 2119 4465 an-

2219 4337 2379 4390 σομαι
2393 4320 2507 4373 τῶν
2527 4320 2860 4392 μαθημάτων
2882 4338 2995 4384 σου,
3030 4314 3105 4373 ὧν
3132 4320 3328 4391 ἔμαθον
3355 4322 3413 4371 ὲν
3442 4318 3518 4390 τῷ
3540 4317 3661 4389 βίῳ·
3694 4318 3761 4372 δι’

2218 4414 2397 4466 ἐκεῖνα
2421 4411 2528 4483 γὰρ
2558 4411 2662 4465 ἀπὸ
2687 4412 2787 4489 γῆς
2812 4412 2893 4474 είς
2924 4412 3148 4482 οὐρανὸν
3187 4408 3451 4481 μετελθὼν
3484 4408 3615 4461 οίκῶ
3639 4410 3760 4477 μετ’

575 4502 706 4574 gelis
752 4502 954 4555 habito.
1016 4500 1479 4566 Quemadmodum
1528 4504 1671 4555 enim
1716 4501 1808 4570 qui
1858 4516 1923 4554 ex
1966 4502 2115 4572 gravi

2226 4503 2477 4571 ξιγγέλων.
2511 4504 2720 4573 ’Ὠσπερ
2766 4502 2873 4572 γὰρ
2922 4505 2951 4556 ὁ
3000 4504 3064 4555 ὲκ
3108 4501 3345 4572 μεγάλης
3375 4501 3530 4553 νόσου
3559 4500 3649 4552 διά
3681 4516 3763 4550 τι-

573 4596 764 4649 morbo
796 4591 1127 4648 medicorum
1158 4594 1414 4647 subsidiis
1444 4595 1650 4647 ﬁrmam
1678 4602 1731 4647 et
1763 4594 2005 4649 stabilem
2031 4610 2113 4648 sa-

572 4686 797 4739 nitatem
829 4672 1044 4753 accipit,
1073 4683 1217 4753 quod
1247 4683 1533 4738 incolumis
1566 4692 1619 4738 et
1648 4682 1786 4737 bona
1814 4683 2118 4737 valetudine

574 4778 665 4840 sit,
704 4791 809 4830 non
848 4773 968 4828 ideo
995 4774 1333 4829 obliviscitur
1360 4773 1703 4834 medicinam,
1738 4788 1843 4843 qua
1888 4772 2003 4841 ipse
2031 4791 2120 4828 sa~

574 4867 793 4920 nitatem
817 4874 1141 4919 consecutus
1167 4871 1280 4931 est;
1306 4865 1378 4917 ita
1398 4865 1506 4919 ‘iste
1534 4872 1754 4918 sanctus
1778 4879 1809 4917 a
1832 4863 1941 4939 Deo
1964 4864 2120 4929 justi-

574 4955 913 5010 iicationibus
931 4969 1070 5029 quas
1102 4956 1310 5023 accepit
1342 4954 1668 5018 viviﬁcatus,
1699 4970 1795 5024 per
1827 4970 1986 5008 omne
2018 4970 2118 5007 sm.

573 5047 752 5102 culum
784 5050 858 5101 ait
890 5064 949 5103 se
971 5061 1155 5102 earum
1191 5048 1412 5100 minime
1439 5046 1666 5099 oblitum
1702 5046 1801 5110 iri;
1832 5046 1972 5101 banc
1996 5047 2118 5100 red-

571 5139 704 5194 dens
732 5140 1024 5202 rationem,
1051 5152 1109 5191 se
1148 5136 1202 5189 in
1233 5137 1300 5190 iis
1329 5150 1358 5187 a
1402 5135 1508 5190 Deo
1538 5136 1863 5190 viviﬁcatum
1902 5152 2041 5192 esse.

640 5315 803 5371 Vens.
827 5316 1007 5371 94—96.
1034 5316 1174 5369 Tuus
1202 5331 1315 5367 sum
1354 5329 1464 5382 ego,
1487 5314 1687 5367 salvum
1729 5332 1807 5368 me
1851 5317 1956 5383 fac,
1986 5334 2113 5386 quo-

572 5412 713 5462 niam
750 5409 1155 5477 justiﬁcationes
1195 5416 1313 5458 tuas
1356 5406 1625 5474 exquisivi.
1665 5406 1749 5459 Me
1790 5411 2139 5476 σκορπίους-ι’

572 5510 692 5553 runt
719 5508 1031 5567 peccatores,
1066 5508 1121 5550 ut
1158 5497 1425 5566 perderent
1453 5514 1551 5559 me,
1578 5500 1874 5552 testimonia
1908 5509 1995 5553 tua
2030 5503 2109 5552 in-

571 5594 765 5647 tellexi.
812 5592 991 5646 Omnis
1051 5590 1513 5647 consummationis
1554 5590 1658 5643 vidi
1698 5592 1851 5658 ﬁnem
1942 5592 2105 5645 lutum

572 5685 869 5737 mandatum
898 5696 1039 5735 tuum
1060 5685 1233 5736 nimis.

648 5777 804 5831 Vens.
838 5777 1046 5831 97400.
1092 5774 1362 5842 Quomodo
1401 5774 1561 5827 dilexi
1603 5780 1757 5842 legent
1801 5786 1961 5842 (nam,
2000 5784 2095 5833 Uo-

2219 4610 2323 4647 νων
2358 4593 2609 4663 ἰατρικῶν
2643 4592 2996 4662 βοηθημάτων
3019 4592 3216 4659 παγίαν
3252 4589 3344 4642 καὶ
3372 4588 3590 4663 βεῦαίαν
3623 4589 3759 4640 ἀνα-

2216 4682 2393 4737 λαϐὼν
2430 4684 2637 4751 ὑγίειαν
2664 4684 2729 4735 δι’
2762 4682 2925 4735 αὑτοῦ
2964 4682 3054 4734 τοῦ
3087 4680 3345 4747 ὑγιαίνειν
3387 4661 3482 4733 sail.
3520 4679 3761 4730 εὑεκτείν

2216 4774 2315 4827 οὐκ
2361 4774 2768 4827 ἐπιλανθάνεται
2802 4772 2910 4824 τῶν
2965 4772 3217 4842 ἰατρικῶν
3247 4771 3465 4822 ἐκείνων
3508 4764 3587 4831 οἷς
3625 4770 3759 4837 ἡκο-

2215 4854 2440 4935 λούθησε
2474 4865 2534 4917 τὸ
2565 4863 2733 4927 οὕτως
2764 4862 2923 4916 αὑτὸν
2945 4864 3069 4931 μετ’
3101 4860 3308 4925 εὐεξίας
3341 4861 3626 4928 ὑγιαίνειν·
3663 4860 3757 4913 οὖ-

2213 4955 2319 5019 τως
2363 4959 2391 5010 ὁ
2436 4957 2585 5023 ἅγιος
2632 4948 2804 5018 οὗτος,
2846 4953 2951 5005 ὑπὸ
2998 4951 3129 5007 Θεοῦ
3177 4950 3530 5022 ζωοποιηθεὶς
3572 4952 3630 5004 ἐν
3673 4945 3756 5013 οἷς

2213 5046 2336 5116 ἔσχε
2394 5049 2521 5117 παρ’
2569 5044 2730 5098 αὐτοῦ
2784 5044 3109 5114 δικαιώμασι
3154 5043 3296 5111 λέγει
3341 5042 3468 5111 παρ’
3502 5041 3619 5094 ὅλον
3662 5043 3755 5096 τὸν

2212 5138 2378 5193 αίῶνα
2410 5138 2483 5209 μὴ
2516 5136 2959 5190 ἐπιλανθάνεσθαι
3011 5134 3204 5198 αὐτῶν,
3234 5134 3514 5194 ἀποδιδοὺς
3540 5132 3637 5204 τὴν
3668 5135 3751 5186 αἰ-

2211 5229 2351 5291 τίαν,
2380 5230 2439 5282 τὺ
2472 5232 2529 5281 ὲν
2556 5229 2735 5291 αὐτοῖς
2759 5227 2847 5281 τὸν
2872 5226 3005 5280 Θεὸν
3033 5226 3191 5280 αὑτὸν
3218 5224 3469 5296 ἐζηκέναι
3498 5224 3645 5294 (sic).

2280 5318 2392 5382 Σός
2439 5320 2553 5385 εἰμι
2601 5315 2733 5385 ἐγὼ,
2785 5314 2989 5369 σῶσόν
3013 5331 3108 5383 με,
3147 5314 3235 5375 ὅτι
3281 5312 3355 5365 τὰ
3392 5311 3751 5383 δικαιώματά

2208 5426 2323 5463 σου
2360 5407 2699 5475 ἑξεξήτησα.
2770 5406 2899 5475 Ἐμὲ
2938 5400 3259 5476 ὑπέμεινᾟν
3312 5409 3367 5459 oi
3419 5406 3750 5475 ἁμαρτωλοὶ

2208 5502 2311 5555 τοῦ
2337 5500 2630 5554 ἀπολέσαι
2656 5517 2751 5567 με,
2775 5501 2847 5555 τὰ
2872 5499 3159 5568 μαρτύριά
3192 5514 3305 5552 σου
3326 5498 3599 5567 συνῆκα.
3640 5499 3750 5553 Πά-

2207 5610 2323 5659 σης
2350 5593 2697 5657 συντελείας
2728 5588 2888 5645 εἶδον
2920 5590 3121 5659 πέρας,
3173 5590 3423 5644 πλατεῖα
3452 5590 3743 5660 ὴλὲντολή

2206 5704 2320 5741 σου
2348 5687 2597 5754 σφόδρα.

2290 5780 2377 5843 Ὡς
2403 5777 2681 5845 ἠγάπησα
2720 5777 2821 5831 τὸν
2847 5780 3030 5847 νόμον
3060 5796 3194 5845 σου,
3224 5779 3416 5847 Κύριε,
3452 5780 3606 5846 ὄλητ-
3639 5776 3751 5845 τὴν
