  <div class='ocr_page' id='page_1' title='image "/cluster/home/n/w/nwhite01/storage/ocr_20150623/23/pst.000005712076/698.png"; bbox 0 0 3994 6354; ppageno 0'>
   <div class='ocr_carea' id='block_1_1' title="bbox 161 381 282 442">
    <p class='ocr_par' dir='ltr' id='par_1_1' title="bbox 161 381 282 442">
     <span class='ocr_line' id='line_1_1' title="bbox 161 381 282 442; baseline 0 -2"><span class='ocrx_word' id='word_1_1' title='bbox 161 381 282 442; x_wconf 60' lang='grc' dir='ltr'><em>ιεδι</em></span> 
     </span>
    </p>
   </div>
   <div class='ocr_carea' id='block_1_2' title="bbox 1281 347 2242 437">
    <p class='ocr_par' dir='ltr' id='par_1_2' title="bbox 1281 347 2242 437">
     <span class='ocr_line' id='line_1_2' title="bbox 1281 347 2242 437; baseline -0.003 0"><span class='ocrx_word' id='word_1_2' title='bbox 1281 379 1771 437; x_wconf 75' lang='lat' dir='ltr'><strong><em>COMMENTARIA</em></strong></span> <span class='ocrx_word' id='word_1_3' title='bbox 1807 379 1874 433; x_wconf 80' lang='lat' dir='ltr'><strong><em>IN</em></strong></span> <span class='ocrx_word' id='word_1_4' title='bbox 1912 347 2242 435; x_wconf 72' lang='lat' dir='ltr'><strong><em>pSALuos.</em></strong></span> 
     </span>
    </p>
   </div>
   <div class='ocr_carea' id='block_1_3' title="bbox 3182 383 3322 437">
    <p class='ocr_par' dir='ltr' id='par_1_3' title="bbox 3182 383 3322 437">
     <span class='ocr_line' id='line_1_3' title="bbox 3182 383 3322 437; baseline 0.007 -1"><span class='ocrx_word' id='word_1_5' title='bbox 3182 383 3322 437; x_wconf 66' lang='lat'><strong><em>1282</em></strong></span> 
     </span>
    </p>
   </div>
   <div class='ocr_carea' id='block_1_4' title="bbox 157 494 1703 573">
    <p class='ocr_par' dir='ltr' id='par_1_4' title="bbox 157 495 1685 573">
     <span class='ocr_line' id='line_1_4' title="bbox 157 495 1685 573; baseline -0.001 -21"><span class='ocrx_word' id='word_1_6' title='bbox 157 495 369 573; x_wconf 68' lang='grc' dir='ltr'><strong><em>ἡμέραν</em></strong></span> <span class='ocrx_word' id='word_1_7' title='bbox 408 498 626 564; x_wconf 81' lang='grc' dir='ltr'><em>μελέτη</em></span> <span class='ocrx_word' id='word_1_8' title='bbox 660 514 775 564; x_wconf 86' lang='grc' dir='ltr'><em>μου</em></span> <span class='ocrx_word' id='word_1_9' title='bbox 811 497 1000 555; x_wconf 82' lang='grc' dir='ltr'><em>ἐστίν.</em></span> <span class='ocrx_word' id='word_1_10' title='bbox 1044 495 1221 564; x_wconf 74' lang='grc' dir='ltr'><strong><em>’Υπὲρ</em></strong></span> <span class='ocrx_word' id='word_1_11' title='bbox 1268 497 1406 562; x_wconf 84' lang='grc' dir='ltr'><em>τοὺς</em></span> <span class='ocrx_word' id='word_1_12' title='bbox 1439 497 1685 565; x_wconf 81' lang='grc' dir='ltr'><em>ἐχθρούς</em></span> 
     </span>
    </p>
   </div>
   <div class='ocr_carea' id='block_1_5' title="bbox 1803 494 3325 573">
    <p class='ocr_par' dir='ltr' id='par_1_5' title="bbox 1803 494 3325 564">
     <span class='ocr_line' id='line_1_5' title="bbox 1803 494 3325 564; baseline 0.001 -17"><span class='ocrx_word' id='word_1_13' title='bbox 1803 496 1945 557; x_wconf 88' lang='lat' dir='ltr'><strong><em>nine,</em></strong></span> <span class='ocrx_word' id='word_1_14' title='bbox 1965 504 2073 548; x_wconf 89' lang='lat' dir='ltr'><strong><em>tota</em></strong></span> <span class='ocrx_word' id='word_1_15' title='bbox 2101 494 2184 548; x_wconf 83' lang='lat' dir='ltr'><strong><em>die</em></strong></span> <span class='ocrx_word' id='word_1_16' title='bbox 2211 494 2473 549; x_wconf 73' lang='lat' dir='ltr'><strong><em>meditatio</em></strong></span> <span class='ocrx_word' id='word_1_17' title='bbox 2494 513 2606 550; x_wconf 89' lang='lat' dir='ltr'><strong><em>mea</em></strong></span> <span class='ocrx_word' id='word_1_18' title='bbox 2625 504 2723 551; x_wconf 89' lang='lat' dir='ltr'><strong><em>est.</em></strong></span> <span class='ocrx_word' id='word_1_19' title='bbox 2747 497 2912 564; x_wconf 82' lang='lat' dir='ltr'><strong><em>Super</em></strong></span> <span class='ocrx_word' id='word_1_20' title='bbox 2932 495 3166 549; x_wconf 85' lang='lat' dir='ltr'><strong><em>inimicos</em></strong></span> <span class='ocrx_word' id='word_1_21' title='bbox 3189 512 3325 549; x_wconf 87' lang='lat' dir='ltr'><strong><em>meos</em></strong></span> 
     </span>
    </p>
   </div>
   <div class='ocr_carea' id='block_1_6' title="bbox 154 584 1688 657">
    <p class='ocr_par' dir='ltr' id='par_1_6' title="bbox 154 584 1688 657">
     <span class='ocr_line' id='line_1_6' title="bbox 154 584 1688 657; baseline -0.001 -18"><span class='ocrx_word' id='word_1_22' title='bbox 154 604 264 657; x_wconf 81' lang='grc' dir='ltr'><strong><em>μου</em></strong></span> <span class='ocrx_word' id='word_1_23' title='bbox 300 584 591 653; x_wconf 66' lang='grc' dir='ltr'><em>ἐσόφισάς</em></span> <span class='ocrx_word' id='word_1_24' title='bbox 629 602 703 653; x_wconf 78' lang='grc' dir='ltr'><em>με</em></span> <span class='ocrx_word' id='word_1_25' title='bbox 744 586 856 652; x_wconf 83' lang='grc' dir='ltr'><em>τὴν</em></span> <span class='ocrx_word' id='word_1_26' title='bbox 893 585 1147 651; x_wconf 78' lang='grc' dir='ltr'><em>ἐντολήν</em></span> <span class='ocrx_word' id='word_1_27' title='bbox 1192 601 1326 649; x_wconf 89' lang='grc' dir='ltr'><em>σου,</em></span> <span class='ocrx_word' id='word_1_28' title='bbox 1360 585 1448 638; x_wconf 88' lang='grc' dir='ltr'><strong><em>ὅτι</em></strong></span> <span class='ocrx_word' id='word_1_29' title='bbox 1472 588 1558 651; x_wconf 79' lang='grc' dir='ltr'><em>εις</em></span> <span class='ocrx_word' id='word_1_30' title='bbox 1584 585 1688 638; x_wconf 82' lang='grc' dir='ltr'><strong><em>τὸν</em></strong></span> 
     </span>
    </p>
   </div>
   <div class='ocr_carea' id='block_1_7' title="bbox 157 656 1690 742">
    <p class='ocr_par' dir='ltr' id='par_1_7' title="bbox 157 656 1690 742">
     <span class='ocr_line' id='line_1_7' title="bbox 157 656 1690 742; baseline -0.001 -14"><span class='ocrx_word' id='word_1_31' title='bbox 157 656 331 728; x_wconf 80' lang='grc' dir='ltr'><em>αίῶνα</em></span> <span class='ocrx_word' id='word_1_32' title='bbox 368 671 478 742; x_wconf 81' lang='grc' dir='ltr'><strong><em>ἐμή</em></strong></span> <span class='ocrx_word' id='word_1_33' title='bbox 512 674 697 727; x_wconf 84' lang='grc' dir='ltr'><em>ἐστιν.</em></span> <span class='ocrx_word' id='word_1_34' title='bbox 739 656 903 742; x_wconf 72' lang='grc' dir='ltr'><em>’Υπὲρ</em></span> <span class='ocrx_word' id='word_1_35' title='bbox 944 674 1171 739; x_wconf 80' lang='grc' dir='ltr'><em>πάντας</em></span> <span class='ocrx_word' id='word_1_36' title='bbox 1214 674 1352 739; x_wconf 84' lang='grc' dir='ltr'><em>τοὺς</em></span> <span class='ocrx_word' id='word_1_37' title='bbox 1387 671 1690 727; x_wconf 83' lang='grc' dir='ltr'><em>διδάσκον-</em></span> 
     </span>
    </p>
   </div>
   <div class='ocr_carea' id='block_1_8' title="bbox 156 764 1689 835">
    <p class='ocr_par' dir='ltr' id='par_1_8' title="bbox 156 764 1689 835">
     <span class='ocr_line' id='line_1_8' title="bbox 156 764 1689 835; baseline 0 -16"><span class='ocrx_word' id='word_1_38' title='bbox 156 764 256 830; x_wconf 66' lang='lat' dir='ltr'><strong><em>stic</em></strong></span> <span class='ocrx_word' id='word_1_39' title='bbox 278 782 353 833; x_wconf 83' lang='grc' dir='ltr'><strong><em>με</em></strong></span> <span class='ocrx_word' id='word_1_40' title='bbox 383 764 642 833; x_wconf 79' lang='grc' dir='ltr'><strong><em>συνῆκα,</em></strong></span> <span class='ocrx_word' id='word_1_41' title='bbox 672 764 761 818; x_wconf 83' lang='grc' dir='ltr'><em>ὅτι</em></span> <span class='ocrx_word' id='word_1_42' title='bbox 786 765 858 818; x_wconf 83' lang='grc' dir='ltr'><strong><em>τὰ</em></strong></span> <span class='ocrx_word' id='word_1_43' title='bbox 878 765 1165 835; x_wconf 81' lang='grc' dir='ltr'><em>μαρτύριὰ</em></span> <span class='ocrx_word' id='word_1_44' title='bbox 1187 781 1302 819; x_wconf 89' lang='grc' dir='ltr'><strong><em>σου</em></strong></span> <span class='ocrx_word' id='word_1_45' title='bbox 1323 765 1539 834; x_wconf 73' lang='grc' dir='ltr'><em>μελέτη</em></span> <span class='ocrx_word' id='word_1_46' title='bbox 1572 782 1689 833; x_wconf 80' lang='grc' dir='ltr'><em>μου</em></span> 
     </span>
    </p>
   </div>
   <div class='ocr_carea' id='block_1_9' title="bbox 155 854 1692 923">
    <p class='ocr_par' dir='ltr' id='par_1_9' title="bbox 155 854 1692 923">
     <span class='ocr_line' id='line_1_9' title="bbox 155 854 1692 923; baseline 0 -15"><span class='ocrx_word' id='word_1_47' title='bbox 155 856 340 909; x_wconf 79' lang='grc' dir='ltr'><em>ἐστίν.</em></span> <span class='ocrx_word' id='word_1_48' title='bbox 394 854 559 922; x_wconf 82' lang='grc' dir='ltr'><strong><em>Ὑπὲρ</em></strong></span> <span class='ocrx_word' id='word_1_49' title='bbox 584 854 1017 923; x_wconf 76' lang='grc' dir='ltr'><em>πρεσϐυτέρους</em></span> <span class='ocrx_word' id='word_1_50' title='bbox 1036 855 1294 923; x_wconf 77' lang='grc' dir='ltr'><strong><em>συνῆκα,</em></strong></span> <span class='ocrx_word' id='word_1_51' title='bbox 1330 855 1420 909; x_wconf 82' lang='grc' dir='ltr'><strong><em>ὅτι</em></strong></span> <span class='ocrx_word' id='word_1_52' title='bbox 1456 856 1561 920; x_wconf 84' lang='grc' dir='ltr'><strong><em>τὰς</em></strong></span> <span class='ocrx_word' id='word_1_53' title='bbox 1597 855 1692 908; x_wconf 78' lang='grc' dir='ltr'><strong><em>ἐν·</em></strong></span> 
     </span>
    </p>
   </div>
   <div class='ocr_carea' id='block_1_10' title="bbox 155 942 1687 1015">
    <p class='ocr_par' dir='ltr' id='par_1_10' title="bbox 155 942 1687 1015">
     <span class='ocr_line' id='line_1_10' title="bbox 155 942 1687 1015; baseline 0.001 -19"><span class='ocrx_word' id='word_1_54' title='bbox 155 942 328 1009; x_wconf 78' lang='grc' dir='ltr'><em>τολάς</em></span> <span class='ocrx_word' id='word_1_55' title='bbox 376 959 491 997; x_wconf 88' lang='grc' dir='ltr'><strong><em>σου</em></strong></span> <span class='ocrx_word' id='word_1_56' title='bbox 535 942 876 1012; x_wconf 82' lang='grc' dir='ltr'><em>ἐξεζήτησα.</em></span> <span class='ocrx_word' id='word_1_57' title='bbox 916 946 978 998; x_wconf 81' lang='lat' dir='ltr'><strong><em>Et</em></strong></span> <span class='ocrx_word' id='word_1_58' title='bbox 1005 945 1061 997; x_wconf 85' lang='grc' dir='ltr'><em>δὲ</em></span> <span class='ocrx_word' id='word_1_59' title='bbox 1092 944 1236 1015; x_wconf 80' lang='grc' dir='ltr'><em>λέγοι</em></span> <span class='ocrx_word' id='word_1_60' title='bbox 1275 962 1374 997; x_wconf 85' lang='grc' dir='ltr'><em>που</em></span> <span class='ocrx_word' id='word_1_61' title='bbox 1409 945 1437 996; x_wconf 86' lang='grc' dir='ltr'>ὁ</span> <span class='ocrx_word' id='word_1_62' title='bbox 1483 944 1687 1014; x_wconf 84' lang='grc' dir='ltr'><strong><em>Σωτήρ·</em></strong></span> 
     </span>
    </p>
   </div>
   <div class='ocr_carea' id='block_1_11' title="bbox 159 1032 1692 1102">
    <p class='ocr_par' dir='ltr' id='par_1_11' title="bbox 159 1032 1692 1102">
     <span class='ocr_line' id='line_1_11' title="bbox 159 1032 1692 1102; baseline -0.001 -16"><span class='ocrx_word' id='word_1_63' title='bbox 159 1035 273 1086; x_wconf 77' lang='grc' dir='ltr'><strong><em>Οὐκ</em></strong></span> <span class='ocrx_word' id='word_1_64' title='bbox 298 1032 429 1085; x_wconf 80' lang='grc' dir='ltr'><em>ἐστι</em></span> <span class='ocrx_word' id='word_1_65' title='bbox 452 1034 722 1102; x_wconf 82' lang='grc' dir='ltr'><em>μαθητὴς</em></span> <span class='ocrx_word' id='word_1_66' title='bbox 756 1034 906 1101; x_wconf 83' lang='grc' dir='ltr'><strong><em>ὑπὲρ</em></strong></span> <span class='ocrx_word' id='word_1_67' title='bbox 942 1033 1047 1087; x_wconf 83' lang='grc' dir='ltr'><em>τὸν</em></span> <span class='ocrx_word' id='word_1_68' title='bbox 1074 1032 1462 1096; x_wconf 82' lang='grc' dir='ltr'><em>διδάσκαλον,</em></span> <span class='ocrx_word' id='word_1_69' title='bbox 1496 1033 1587 1085; x_wconf 74' lang='grc' dir='ltr'><em>καὶ</em></span> <span class='ocrx_word' id='word_1_70' title='bbox 1627 1032 1692 1085; x_wconf 80' lang='grc' dir='ltr'><strong><em>τὰ</em></strong></span> 
     </span>
    </p>
   </div>
   <div class='ocr_carea' id='block_1_12' title="bbox 156 1122 1691 1198">
    <p class='ocr_par' dir='ltr' id='par_1_12' title="bbox 156 1122 1691 1198">
     <span class='ocr_line' id='line_1_12' title="bbox 156 1122 1691 1198; baseline 0.001 -24"><span class='ocrx_word' id='word_1_71' title='bbox 156 1122 297 1191; x_wconf 74' lang='grc' dir='ltr'><em>ἑξῆς,</em></span> <span class='ocrx_word' id='word_1_72' title='bbox 348 1122 583 1198; x_wconf 61' lang='grc' dir='ltr'><em>λεκτέον,</em></span> <span class='ocrx_word' id='word_1_73' title='bbox 636 1125 716 1177; x_wconf 82' lang='grc' dir='ltr'><strong><em>ὅτι</em></strong></span> <span class='ocrx_word' id='word_1_74' title='bbox 770 1124 912 1176; x_wconf 81' lang='grc' dir='ltr'><strong><em>τοῦτ’</em></strong></span> <span class='ocrx_word' id='word_1_75' title='bbox 944 1125 1151 1195; x_wconf 79' lang='grc' dir='ltr'><em>εἴρηται</em></span> <span class='ocrx_word' id='word_1_76' title='bbox 1178 1124 1255 1194; x_wconf 81' lang='grc' dir='ltr'><strong><em>τῷ</em></strong></span> <span class='ocrx_word' id='word_1_77' title='bbox 1281 1124 1488 1194; x_wconf 79' lang='grc' dir='ltr'><strong><em>Σωτῆρι</em></strong></span> <span class='ocrx_word' id='word_1_78' title='bbox 1526 1140 1691 1193; x_wconf 81' lang='grc' dir='ltr'><em>προσ-</em></span> 
     </span>
    </p>
   </div>
   <div class='ocr_carea' id='block_1_13' title="bbox 155 1211 1695 1283">
    <p class='ocr_par' dir='ltr' id='par_1_13' title="bbox 155 1211 1695 1283">
     <span class='ocr_line' id='line_1_13' title="bbox 155 1211 1695 1283; baseline 0.001 -19"><span class='ocrx_word' id='word_1_79' title='bbox 155 1213 590 1283; x_wconf 83' lang='grc' dir='ltr'><em>διαστειλαμένῳ,</em></span> <span class='ocrx_word' id='word_1_80' title='bbox 630 1214 723 1266; x_wconf 76' lang='grc' dir='ltr'><em>καὶ</em></span> <span class='ocrx_word' id='word_1_81' title='bbox 754 1215 943 1283; x_wconf 59' lang='lat' dir='ltr'><strong><em>(paver</em></strong></span> <span class='ocrx_word' id='word_1_82' title='bbox 972 1215 1068 1282; x_wconf 80' lang='grc' dir='ltr'><strong><em>Μὴ</em></strong></span> <span class='ocrx_word' id='word_1_83' title='bbox 1100 1213 1388 1281; x_wconf 72' lang='grc' dir='ltr'><em>καλέσητε</em></span> <span class='ocrx_word' id='word_1_84' title='bbox 1418 1211 1695 1265; x_wconf 84' lang='grc' dir='ltr'><em>διδάσκα-</em></span> 
     </span>
    </p>
   </div>
   <div class='ocr_carea' id='block_1_14' title="bbox 155 1301 1692 1375">
    <p class='ocr_par' dir='ltr' id='par_1_14' title="bbox 155 1301 1692 1375">
     <span class='ocr_line' id='line_1_14' title="bbox 155 1301 1692 1375; baseline 0 -20"><span class='ocrx_word' id='word_1_85' title='bbox 155 1307 264 1356; x_wconf 84' lang='grc' dir='ltr'><strong><em>λον</em></strong></span> <span class='ocrx_word' id='word_1_86' title='bbox 290 1304 389 1356; x_wconf 74' lang='grc' dir='ltr'><strong><em>ἐπὶ</em></strong></span> <span class='ocrx_word' id='word_1_87' title='bbox 422 1303 530 1372; x_wconf 82' lang='grc' dir='ltr'><strong><em>τῆς</em></strong></span> <span class='ocrx_word' id='word_1_88' title='bbox 565 1304 679 1374; x_wconf 80' lang='grc' dir='ltr'><em>γῆς</em></span> <span class='ocrx_word' id='word_1_89' title='bbox 700 1322 712 1335; x_wconf 92' lang='grc'><strong>·</strong></span> <span class='ocrx_word' id='word_1_90' title='bbox 749 1301 836 1371; x_wconf 80' lang='grc' dir='ltr'><em>εἷς</em></span> <span class='ocrx_word' id='word_1_91' title='bbox 858 1307 966 1375; x_wconf 80' lang='grc' dir='ltr'><strong><em>γάρ</em></strong></span> <span class='ocrx_word' id='word_1_92' title='bbox 986 1307 1153 1359; x_wconf 84' lang='grc' dir='ltr'><em>ἐστιν</em></span> <span class='ocrx_word' id='word_1_93' title='bbox 1171 1305 1334 1373; x_wconf 82' lang='grc' dir='ltr'><strong><em>ὑμῶν</em></strong></span> <span class='ocrx_word' id='word_1_94' title='bbox 1357 1308 1388 1358; x_wconf 85' lang='grc' dir='ltr'><em>ὀ</em></span> <span class='ocrx_word' id='word_1_95' title='bbox 1410 1303 1692 1357; x_wconf 81' lang='grc' dir='ltr'><em>διδάσκα-</em></span> 
     </span>
    </p>
   </div>
   <div class='ocr_carea' id='block_1_15' title="bbox 155 1389 1692 1466">
    <p class='ocr_par' dir='ltr' id='par_1_15' title="bbox 155 1389 1692 1466">
     <span class='ocr_line' id='line_1_15' title="bbox 155 1389 1692 1466; baseline -0.001 -21"><span class='ocrx_word' id='word_1_96' title='bbox 155 1395 259 1456; x_wconf 80' lang='grc' dir='ltr'><strong><em>λος</em></strong></span> <span class='ocrx_word' id='word_1_97' title='bbox 286 1396 319 1446; x_wconf 83' lang='grc' dir='ltr'><em>ὁ</em></span> <span class='ocrx_word' id='word_1_98' title='bbox 362 1394 431 1446; x_wconf 83' lang='grc' dir='ltr'><em>ὲν</em></span> <span class='ocrx_word' id='word_1_99' title='bbox 455 1394 579 1461; x_wconf 82' lang='grc' dir='ltr'><em>τοῖς</em></span> <span class='ocrx_word' id='word_1_100' title='bbox 618 1396 910 1462; x_wconf 83' lang='grc' dir='ltr'><em>οὐρανοῖς.</em></span> <span class='ocrx_word' id='word_1_101' title='bbox 960 1394 1212 1466; x_wconf 83' lang='grc' dir='ltr'><em>Ὦς’πρὸς</em></span> <span class='ocrx_word' id='word_1_102' title='bbox 1239 1395 1441 1447; x_wconf 80' lang='grc' dir='ltr'><em>ἐκεῖνον</em></span> <span class='ocrx_word' id='word_1_103' title='bbox 1476 1389 1566 1446; x_wconf 78' lang='grc' dir='ltr'><strong><em>οὖν</em></strong></span> <span class='ocrx_word' id='word_1_104' title='bbox 1603 1393 1692 1445; x_wconf 78' lang='grc' dir='ltr'><strong><em>τὸν</em></strong></span> 
     </span>
    </p>
   </div>
   <div class='ocr_carea' id='block_1_16' title="bbox 155 1482 1695 1556">
    <p class='ocr_par' dir='ltr' id='par_1_16' title="bbox 155 1482 1695 1556">
     <span class='ocr_line' id='line_1_16' title="bbox 155 1482 1695 1556; baseline 0.001 -23"><span class='ocrx_word' id='word_1_105' title='bbox 155 1482 467 1537; x_wconf 81' lang='grc' dir='ltr'><em>διδάσκαλον</em></span> <span class='ocrx_word' id='word_1_106' title='bbox 517 1486 616 1538; x_wconf 83' lang='grc' dir='ltr'><em>οὐκ</em></span> <span class='ocrx_word' id='word_1_107' title='bbox 652 1485 766 1538; x_wconf 74' lang='grc' dir='ltr'><em>ἐστι</em></span> <span class='ocrx_word' id='word_1_108' title='bbox 801 1486 1042 1556; x_wconf 80' lang='grc' dir='ltr'><em>μαθητὴς</em></span> <span class='ocrx_word' id='word_1_109' title='bbox 1088 1485 1367 1555; x_wconf 85' lang='grc' dir='ltr'><em>κρείττων.</em></span> <span class='ocrx_word' id='word_1_110' title='bbox 1426 1485 1570 1537; x_wconf 64' lang='lat' dir='ltr'><strong><em>mat</em></strong></span> <span class='ocrx_word' id='word_1_111' title='bbox 1617 1486 1695 1536; x_wconf 83' lang='grc' dir='ltr'><strong><em>ὲν-</em></strong></span> 
     </span>
    </p>
   </div>
   <div class='ocr_carea' id='block_1_17' title="bbox 157 1570 1696 1644">
    <p class='ocr_par' dir='ltr' id='par_1_17' title="bbox 157 1570 1696 1644">
     <span class='ocr_line' id='line_1_17' title="bbox 157 1570 1696 1644; baseline 0.003 -22"><span class='ocrx_word' id='word_1_112' title='bbox 157 1570 323 1626; x_wconf 74' lang='grc' dir='ltr'><strong><em>ταῦθα</em></strong></span> <span class='ocrx_word' id='word_1_113' title='bbox 350 1573 661 1643; x_wconf 84' lang='grc' dir='ltr'><em>δηλούμενοι</em></span> <span class='ocrx_word' id='word_1_114' title='bbox 712 1573 894 1627; x_wconf 72' lang='grc' dir='ltr'><em>πολλοὶ</em></span> <span class='ocrx_word' id='word_1_115' title='bbox 943 1573 1250 1626; x_wconf 81' lang='grc' dir='ltr'><em>διδάσκαλοι</em></span> <span class='ocrx_word' id='word_1_116' title='bbox 1290 1574 1462 1644; x_wconf 77' lang='grc' dir='ltr'><em>ἕτεροι</em></span> <span class='ocrx_word' id='word_1_117' title='bbox 1506 1575 1696 1643; x_wconf 71' lang='grc' dir='ltr'><strong>τυγχάς</strong></span> 
     </span>
    </p>
   </div>
   <div class='ocr_carea' id='block_1_18' title="bbox 158 1655 1695 1735">
    <p class='ocr_par' dir='ltr' id='par_1_18' title="bbox 158 1655 1695 1735">
     <span class='ocr_line' id='line_1_18' title="bbox 158 1655 1695 1735; baseline 0.003 -25"><span class='ocrx_word' id='word_1_118' title='bbox 158 1676 349 1726; x_wconf 77' lang='grc' dir='ltr'><strong><em>νουσιν,</em></strong></span> <span class='ocrx_word' id='word_1_119' title='bbox 378 1655 454 1716; x_wconf 84' lang='grc' dir='ltr'><strong><em>ὧν</em></strong></span> <span class='ocrx_word' id='word_1_120' title='bbox 481 1663 734 1727; x_wconf 83' lang='grc' dir='ltr'><strong><em>πολλάκις</em></strong></span> <span class='ocrx_word' id='word_1_121' title='bbox 762 1666 789 1716; x_wconf 83' lang='grc' dir='ltr'>ὁ</span> <span class='ocrx_word' id='word_1_122' title='bbox 823 1662 1067 1734; x_wconf 82' lang='grc' dir='ltr'><em>μαθητὴς</em></span> <span class='ocrx_word' id='word_1_123' title='bbox 1097 1665 1373 1735; x_wconf 72' lang='grc' dir='ltr'><em>κρείττειιν.</em></span> <span class='ocrx_word' id='word_1_124' title='bbox 1409 1664 1619 1716; x_wconf 82' lang='grc' dir='ltr'><strong><em>Γίνεται</em></strong></span> <span class='ocrx_word' id='word_1_125' title='bbox 1638 1662 1695 1716; x_wconf 81' lang='grc' dir='ltr'><em>δὲ</em></span> 
     </span>
    </p>
   </div>
   <div class='ocr_carea' id='block_1_19' title="bbox 160 1753 1697 1826">
    <p class='ocr_par' dir='ltr' id='par_1_19' title="bbox 160 1753 1697 1826">
     <span class='ocr_line' id='line_1_19' title="bbox 160 1753 1697 1826; baseline 0.001 -22"><span class='ocrx_word' id='word_1_126' title='bbox 160 1753 395 1817; x_wconf 82' lang='grc' dir='ltr'><em>πλείονος</em></span> <span class='ocrx_word' id='word_1_127' title='bbox 423 1755 514 1808; x_wconf 85' lang='grc' dir='ltr'><strong><em>καί</em></strong></span> <span class='ocrx_word' id='word_1_128' title='bbox 550 1754 801 1826; x_wconf 80' lang='grc' dir='ltr'><strong><em>συνεχοῦς</em></strong></span> <span class='ocrx_word' id='word_1_129' title='bbox 831 1755 931 1825; x_wconf 85' lang='grc' dir='ltr'><em>τῆς</em></span> <span class='ocrx_word' id='word_1_130' title='bbox 967 1756 1093 1825; x_wconf 74' lang='grc' dir='ltr'><em>περὶ</em></span> <span class='ocrx_word' id='word_1_131' title='bbox 1136 1755 1259 1819; x_wconf 71' lang='grc' dir='ltr'><em>τοὺς</em></span> <span class='ocrx_word' id='word_1_132' title='bbox 1296 1754 1469 1819; x_wconf 78' lang='grc' dir='ltr'>θείους</span> <span class='ocrx_word' id='word_1_133' title='bbox 1510 1754 1697 1821; x_wconf 80' lang='grc' dir='ltr'><strong><em>λόγους</em></strong></span> 
     </span>
    </p>
   </div>
   <div class='ocr_carea' id='block_1_20' title="bbox 157 1840 457 1911">
    <p class='ocr_par' dir='ltr' id='par_1_20' title="bbox 157 1840 457 1911">
     <span class='ocr_line' id='line_1_20' title="bbox 157 1840 457 1911; baseline 0.01 -19"><span class='ocrx_word' id='word_1_134' title='bbox 157 1840 293 1911; x_wconf 78' lang='grc' dir='ltr'><em>ἁσκή</em></span> <span class='ocrx_word' id='word_1_135' title='bbox 302 1858 457 1905; x_wconf 87' lang='grc' dir='ltr'><em>σεως.</em></span> 
     </span>
    </p>
   </div>
   <div class='ocr_carea' id='block_1_21' title="bbox 238 1932 1699 2003">
    <p class='ocr_par' dir='ltr' id='par_1_21' title="bbox 238 1932 1699 2003">
     <span class='ocr_line' id='line_1_21' title="bbox 238 1932 1699 2003; baseline 0.001 -18"><span class='ocrx_word' id='word_1_136' title='bbox 238 1932 329 1986; x_wconf 80' lang='grc' dir='ltr'><strong><em>Ἕκ</em></strong></span> <span class='ocrx_word' id='word_1_137' title='bbox 356 1934 553 2002; x_wconf 80' lang='grc' dir='ltr'><em>πάσης</em></span> <span class='ocrx_word' id='word_1_138' title='bbox 578 1934 717 1989; x_wconf 83' lang='grc' dir='ltr'><em>ὀδοῦ</em></span> <span class='ocrx_word' id='word_1_139' title='bbox 749 1932 1011 2003; x_wconf 84' lang='grc' dir='ltr'><em>πονηρᾶς</em></span> <span class='ocrx_word' id='word_1_140' title='bbox 1035 1934 1308 1989; x_wconf 76' lang='grc' dir='ltr'><strong><em>ἐκώλυσα</em></strong></span> <span class='ocrx_word' id='word_1_141' title='bbox 1336 1934 1475 2001; x_wconf 82' lang='grc' dir='ltr'><em>τοὺς</em></span> <span class='ocrx_word' id='word_1_142' title='bbox 1513 1933 1699 2001; x_wconf 81' lang='grc' dir='ltr'><em>πόδας</em></span> 
     </span>
    </p>
   </div>
   <div class='ocr_carea' id='block_1_22' title="bbox 101 2024 1703 2097">
    <p class='ocr_par' dir='ltr' id='par_1_22' title="bbox 101 2024 1703 2097">
     <span class='ocr_line' id='line_1_22' title="bbox 101 2024 1703 2097; baseline 0.001 -21"><span class='ocrx_word' id='word_1_143' title='bbox 101 2092 107 2097; x_wconf 15' lang='grc' dir='ltr'>ὓ</span> <span class='ocrx_word' id='word_1_144' title='bbox 151 2042 287 2093; x_wconf 83' lang='grc' dir='ltr'><em>μου,</em></span> <span class='ocrx_word' id='word_1_145' title='bbox 311 2025 469 2092; x_wconf 85' lang='grc' dir='ltr'><em>ὅπως</em></span> <span class='ocrx_word' id='word_1_146' title='bbox 496 2025 571 2080; x_wconf 83' lang='grc' dir='ltr'><em>ἂν</em></span> <span class='ocrx_word' id='word_1_147' title='bbox 593 2026 837 2095; x_wconf 78' lang='grc' dir='ltr'><em>φυλάξω</em></span> <span class='ocrx_word' id='word_1_148' title='bbox 864 2025 1007 2091; x_wconf 83' lang='grc' dir='ltr'><em>τοὺς</em></span> <span class='ocrx_word' id='word_1_149' title='bbox 1032 2026 1250 2095; x_wconf 78' lang='grc' dir='ltr'><em>λόγους</em></span> <span class='ocrx_word' id='word_1_150' title='bbox 1279 2041 1413 2079; x_wconf 86' lang='grc' dir='ltr'><em>οόυ.</em></span> <span class='ocrx_word' id='word_1_151' title='bbox 1433 2025 1561 2079; x_wconf 80' lang='grc' dir='ltr'><strong><em>Ἀπὸ</em></strong></span> <span class='ocrx_word' id='word_1_152' title='bbox 1588 2024 1703 2078; x_wconf 80' lang='grc' dir='ltr'><strong><em>τῶν</em></strong></span> 
     </span>
    </p>
   </div>
   <div class='ocr_carea' id='block_1_23' title="bbox 157 2113 1702 2184">
    <p class='ocr_par' dir='ltr' id='par_1_23' title="bbox 157 2113 1702 2184">
     <span class='ocr_line' id='line_1_23' title="bbox 157 2113 1702 2184; baseline 0.001 -20"><span class='ocrx_word' id='word_1_153' title='bbox 157 2115 450 2184; x_wconf 77' lang='grc' dir='ltr'><strong><em>χριμάτων</em></strong></span> <span class='ocrx_word' id='word_1_154' title='bbox 479 2130 593 2169; x_wconf 91' lang='grc' dir='ltr'><strong><em>σου</em></strong></span> <span class='ocrx_word' id='word_1_155' title='bbox 623 2118 733 2168; x_wconf 81' lang='grc' dir='ltr'><em>οὐκ</em></span> <span class='ocrx_word' id='word_1_156' title='bbox 762 2113 1058 2179; x_wconf 82' lang='grc' dir='ltr'><em>ἐξέκλινα,</em></span> <span class='ocrx_word' id='word_1_157' title='bbox 1104 2114 1193 2167; x_wconf 83' lang='grc' dir='ltr'><em>ὅτι</em></span> <span class='ocrx_word' id='word_1_158' title='bbox 1237 2113 1318 2167; x_wconf 87' lang='grc' dir='ltr'><em>σὺ</em></span> <span class='ocrx_word' id='word_1_159' title='bbox 1361 2113 1702 2183; x_wconf 81' lang='grc' dir='ltr'><em>ἐνομοθέτη-</em></span> 
     </span>
    </p>
   </div>
   <div class='ocr_carea' id='block_1_24' title="bbox 158 2202 1695 2277">
    <p class='ocr_par' dir='ltr' id='par_1_24' title="bbox 158 2202 1695 2277">
     <span class='ocr_line' id='line_1_24' title="bbox 158 2202 1695 2277; baseline -0.003 -16"><span class='ocrx_word' id='word_1_160' title='bbox 158 2208 272 2275; x_wconf 83' lang='grc' dir='ltr'><em>σάς</em></span> <span class='ocrx_word' id='word_1_161' title='bbox 284 2225 404 2277; x_wconf 82' lang='grc' dir='ltr'><em>μοι.</em></span> <span class='ocrx_word' id='word_1_162' title='bbox 422 2207 514 2271; x_wconf 80' lang='grc' dir='ltr'><em>Ὠς</em></span> <span class='ocrx_word' id='word_1_163' title='bbox 536 2203 757 2275; x_wconf 72' lang='grc' dir='ltr'><em>γλυκέα</em></span> <span class='ocrx_word' id='word_1_164' title='bbox 786 2204 865 2270; x_wconf 81' lang='grc' dir='ltr'><strong><em>τῷ</em></strong></span> <span class='ocrx_word' id='word_1_165' title='bbox 887 2204 1138 2277; x_wconf 77' lang='grc' dir='ltr'><em>λάρυττί</em></span> <span class='ocrx_word' id='word_1_166' title='bbox 1151 2222 1267 2274; x_wconf 84' lang='grc' dir='ltr'><em>μου</em></span> <span class='ocrx_word' id='word_1_167' title='bbox 1288 2205 1358 2259; x_wconf 83' lang='grc' dir='ltr'><em>τὰ</em></span> <span class='ocrx_word' id='word_1_168' title='bbox 1376 2202 1546 2271; x_wconf 78' lang='grc' dir='ltr'><em>λόγιά</em></span> <span class='ocrx_word' id='word_1_169' title='bbox 1564 2219 1695 2257; x_wconf 71' lang='grc' dir='ltr'><em>σουο</em></span> 
     </span>
    </p>
   </div>
   <div class='ocr_carea' id='block_1_25' title="bbox 157 2289 1701 2366">
    <p class='ocr_par' dir='ltr' id='par_1_25' title="bbox 157 2289 1701 2366">
     <span class='ocr_line' id='line_1_25' title="bbox 157 2289 1701 2366; baseline -0.003 -15"><span class='ocrx_word' id='word_1_170' title='bbox 157 2298 305 2366; x_wconf 76' lang='grc' dir='ltr'><strong><em>ὑπὲρ</em></strong></span> <span class='ocrx_word' id='word_1_171' title='bbox 334 2295 472 2366; x_wconf 83' lang='grc' dir='ltr'><strong><em>μέλι</em></strong></span> <span class='ocrx_word' id='word_1_172' title='bbox 496 2294 573 2360; x_wconf 82' lang='grc' dir='ltr'><strong><em>τῷ</em></strong></span> <span class='ocrx_word' id='word_1_173' title='bbox 592 2295 838 2362; x_wconf 80' lang='grc' dir='ltr'><em>στόματί</em></span> <span class='ocrx_word' id='word_1_174' title='bbox 849 2311 989 2363; x_wconf 83' lang='grc' dir='ltr'><em>μου.</em></span> <span class='ocrx_word' id='word_1_175' title='bbox 1007 2295 1135 2348; x_wconf 77' lang='grc' dir='ltr'><strong><em>Ἀπὸ</em></strong></span> <span class='ocrx_word' id='word_1_176' title='bbox 1158 2295 1273 2347; x_wconf 82' lang='grc' dir='ltr'><em>τῶν</em></span> <span class='ocrx_word' id='word_1_177' title='bbox 1297 2289 1554 2347; x_wconf 84' lang='grc' dir='ltr'><strong><em>ἐντολῶν</em></strong></span> <span class='ocrx_word' id='word_1_178' title='bbox 1587 2306 1701 2347; x_wconf 91' lang='grc' dir='ltr'><strong><em>σου</em></strong></span> 
     </span>
    </p>
   </div>
   <div class='ocr_carea' id='block_1_26' title="bbox 158 2382 1699 2456">
    <p class='ocr_par' dir='ltr' id='par_1_26' title="bbox 158 2382 1699 2456">
     <span class='ocr_line' id='line_1_26' title="bbox 158 2382 1699 2456; baseline -0.003 -17"><span class='ocrx_word' id='word_1_179' title='bbox 158 2386 422 2456; x_wconf 77' lang='grc' dir='ltr'><em>συνῆκα,</em></span> <span class='ocrx_word' id='word_1_180' title='bbox 468 2385 565 2440; x_wconf 85' lang='grc' dir='ltr'><em>διὰ</em></span> <span class='ocrx_word' id='word_1_181' title='bbox 614 2383 784 2438; x_wconf 84' lang='grc' dir='ltr'><em>τοῦτο</em></span> <span class='ocrx_word' id='word_1_182' title='bbox 834 2384 1095 2452; x_wconf 81' lang='grc' dir='ltr'><em>ἐμίσησα</em></span> <span class='ocrx_word' id='word_1_183' title='bbox 1138 2383 1340 2439; x_wconf 83' lang='grc' dir='ltr'><em>πᾶσαν</em></span> <span class='ocrx_word' id='word_1_184' title='bbox 1389 2383 1529 2436; x_wconf 77' lang='grc' dir='ltr'><em>ὁδὸν</em></span> <span class='ocrx_word' id='word_1_185' title='bbox 1576 2382 1699 2436; x_wconf 79' lang='grc' dir='ltr'><em>ἀδι-</em></span> 
     </span>
    </p>
   </div>
   <div class='ocr_carea' id='block_1_27' title="bbox 160 2480 989 2543">
    <p class='ocr_par' dir='ltr' id='par_1_27' title="bbox 160 2480 989 2543">
     <span class='ocr_line' id='line_1_27' title="bbox 160 2480 989 2543; baseline 0.001 -14"><span class='ocrx_word' id='word_1_186' title='bbox 160 2480 310 2543; x_wconf 84' lang='grc' dir='ltr'><em>κίας.</em></span> <span class='ocrx_word' id='word_1_187' title='bbox 818 2491 840 2517; x_wconf 57' lang='grc' dir='ltr'><strong>λ</strong></span> <span class='ocrx_word' id='word_1_188' title='bbox 983 2494 989 2503; x_wconf 82' lang='grc'><strong>“</strong></span> 
     </span>
    </p>
   </div>
   <div class='ocr_carea' id='block_1_28' title="bbox 226 2560 1703 2636">
    <p class='ocr_par' dir='ltr' id='par_1_28' title="bbox 226 2560 1703 2636">
     <span class='ocr_line' id='line_1_28' title="bbox 226 2560 1703 2636; baseline -0.006 -14"><span class='ocrx_word' id='word_1_189' title='bbox 226 2568 461 2636; x_wconf 78' lang='grc' dir='ltr'><em>Λύχνος</em></span> <span class='ocrx_word' id='word_1_190' title='bbox 510 2566 632 2632; x_wconf 79' lang='grc' dir='ltr'><em>τοῖς</em></span> <span class='ocrx_word' id='word_1_191' title='bbox 674 2570 818 2621; x_wconf 86' lang='grc' dir='ltr'><em>ποσί</em></span> <span class='ocrx_word' id='word_1_192' title='bbox 855 2583 973 2634; x_wconf 79' lang='grc' dir='ltr'><em>μου</em></span> <span class='ocrx_word' id='word_1_193' title='bbox 1019 2567 1052 2617; x_wconf 89' lang='lat' dir='ltr'><strong><em>o&#39;</em></strong></span> <span class='ocrx_word' id='word_1_194' title='bbox 1078 2566 1258 2632; x_wconf 81' lang='grc' dir='ltr'><em>νόμος</em></span> <span class='ocrx_word' id='word_1_195' title='bbox 1285 2578 1419 2627; x_wconf 89' lang='grc' dir='ltr'><em>σου,</em></span> <span class='ocrx_word' id='word_1_196' title='bbox 1454 2562 1550 2614; x_wconf 81' lang='grc' dir='ltr'><strong><em>καί</em></strong></span> <span class='ocrx_word' id='word_1_197' title='bbox 1580 2560 1703 2630; x_wconf 68' lang='grc' dir='ltr'><strong><em>φῶς</em></strong></span> 
     </span>
    </p>
   </div>
   <div class='ocr_carea' id='block_1_29' title="bbox 158 2652 1703 2724">
    <p class='ocr_par' dir='ltr' id='par_1_29' title="bbox 158 2652 1703 2724">
     <span class='ocr_line' id='line_1_29' title="bbox 158 2652 1703 2724; baseline -0.003 -16"><span class='ocrx_word' id='word_1_198' title='bbox 158 2656 287 2721; x_wconf 75' lang='grc' dir='ltr'><em>ταῖς</em></span> <span class='ocrx_word' id='word_1_199' title='bbox 332 2656 547 2724; x_wconf 78' lang='grc' dir='ltr'><em>τρίϐοἰς</em></span> <span class='ocrx_word' id='word_1_200' title='bbox 584 2657 957 2724; x_wconf 83' lang='grc' dir='ltr'><em>μου.Ὤμοσα</em></span> <span class='ocrx_word' id='word_1_201' title='bbox 999 2654 1096 2709; x_wconf 77' lang='grc' dir='ltr'><em>καὶ</em></span> <span class='ocrx_word' id='word_1_202' title='bbox 1124 2654 1354 2720; x_wconf 77' lang='grc' dir='ltr'><em>ἐστησα</em></span> <span class='ocrx_word' id='word_1_203' title='bbox 1382 2652 1485 2705; x_wconf 85' lang='grc' dir='ltr'><em>τοῦ</em></span> <span class='ocrx_word' id='word_1_204' title='bbox 1513 2652 1703 2720; x_wconf 74' lang='grc' dir='ltr'><em>φυλά-</em></span> 
     </span>
    </p>
   </div>
   <div class='ocr_carea' id='block_1_30' title="bbox 160 2743 1701 2815">
    <p class='ocr_par' dir='ltr' id='par_1_30' title="bbox 160 2743 1701 2815">
     <span class='ocr_line' id='line_1_30' title="bbox 160 2743 1701 2815; baseline -0.004 -14"><span class='ocrx_word' id='word_1_205' title='bbox 160 2748 372 2811; x_wconf 78' lang='grc' dir='ltr'><em>ξασθαι</em></span> <span class='ocrx_word' id='word_1_206' title='bbox 418 2747 489 2800; x_wconf 84' lang='grc' dir='ltr'><strong><em>τὰ</em></strong></span> <span class='ocrx_word' id='word_1_207' title='bbox 536 2747 784 2815; x_wconf 83' lang='grc' dir='ltr'><em>κρίματα</em></span> <span class='ocrx_word' id='word_1_208' title='bbox 822 2744 928 2813; x_wconf 85' lang='grc' dir='ltr'><strong><em>τῆς</em></strong></span> <span class='ocrx_word' id='word_1_209' title='bbox 967 2744 1350 2810; x_wconf 83' lang='grc' dir='ltr'><em>δικαιοσύνης</em></span> <span class='ocrx_word' id='word_1_210' title='bbox 1381 2760 1514 2797; x_wconf 92' lang='grc' dir='ltr'><em>σου.</em></span> <span class='ocrx_word' id='word_1_211' title='bbox 1534 2743 1701 2809; x_wconf 80' lang='grc' dir='ltr'><em>Ἐπεὶ,</em></span> 
     </span>
    </p>
   </div>
   <div class='ocr_carea' id='block_1_31' title="bbox 163 2832 1704 2907">
    <p class='ocr_par' dir='ltr' id='par_1_31' title="bbox 163 2832 1704 2907">
     <span class='ocr_line' id='line_1_31' title="bbox 163 2832 1704 2907; baseline -0.003 -17"><span class='ocrx_word' id='word_1_212' title='bbox 163 2836 386 2907; x_wconf 72' lang='grc' dir='ltr'><em>μηδενὸς</em></span> <span class='ocrx_word' id='word_1_213' title='bbox 430 2836 843 2907; x_wconf 77' lang='grc' dir='ltr'><em>ὲκῦιασαμένου,</em></span> <span class='ocrx_word' id='word_1_214' title='bbox 874 2834 1049 2906; x_wconf 74' lang='grc' dir='ltr'><em>οἰκείᾳ</em></span> <span class='ocrx_word' id='word_1_215' title='bbox 1076 2832 1410 2906; x_wconf 61' lang='grc' dir='ltr'><em>χρησάμενος</em></span> <span class='ocrx_word' id='word_1_216' title='bbox 1439 2836 1579 2904; x_wconf 75' lang='grc' dir='ltr'><strong><em>ὁρμῇ</em></strong></span> <span class='ocrx_word' id='word_1_217' title='bbox 1613 2834 1704 2885; x_wconf 71' lang='grc' dir='ltr'><em>καὶ</em></span> 
     </span>
    </p>
   </div>
   <div class='ocr_carea' id='block_1_32' title="bbox 159 2921 1706 3001">
    <p class='ocr_par' dir='ltr' id='par_1_32' title="bbox 159 2921 1706 3001">
     <span class='ocr_line' id='line_1_32' title="bbox 159 2921 1706 3001; baseline -0.002 -23"><span class='ocrx_word' id='word_1_218' title='bbox 159 2926 471 3001; x_wconf 73' lang='grc' dir='ltr'><em>προαιρέσει</em></span> <span class='ocrx_word' id='word_1_219' title='bbox 499 2927 697 2997; x_wconf 78' lang='grc' dir='ltr'><strong><em>ἀγαθῇ,</em></strong></span> <span class='ocrx_word' id='word_1_220' title='bbox 722 2927 867 2998; x_wconf 82' lang='grc' dir='ltr'><strong><em>ὅρκῳ</em></strong></span> <span class='ocrx_word' id='word_1_221' title='bbox 890 2925 1077 2978; x_wconf 77' lang='grc' dir='ltr'><em>ἑαυτὸν</em></span> <span class='ocrx_word' id='word_1_222' title='bbox 1110 2924 1432 2995; x_wconf 81' lang='grc' dir='ltr'><em>κατεδήσατο</em></span> <span class='ocrx_word' id='word_1_223' title='bbox 1457 2924 1547 2991; x_wconf 71' lang='grc' dir='ltr'><em>καὶ</em></span> <span class='ocrx_word' id='word_1_224' title='bbox 1564 2921 1706 2992; x_wconf 81' lang='grc' dir='ltr'><strong><em>ὤμο-</em></strong></span> 
     </span>
    </p>
   </div>
   <div class='ocr_carea' id='block_1_33' title="bbox 164 3013 1704 3086">
    <p class='ocr_par' dir='ltr' id='par_1_33' title="bbox 164 3013 1704 3086">
     <span class='ocr_line' id='line_1_33' title="bbox 164 3013 1704 3086; baseline -0.003 -18"><span class='ocrx_word' id='word_1_225' title='bbox 164 3032 222 3068; x_wconf 82' lang='grc' dir='ltr'><strong><em>σε</em></strong></span> <span class='ocrx_word' id='word_1_226' title='bbox 249 3016 341 3069; x_wconf 82' lang='grc' dir='ltr'><strong><em>τοῦ</em></strong></span> <span class='ocrx_word' id='word_1_227' title='bbox 371 3015 702 3086; x_wconf 79' lang='grc' dir='ltr'><strong><em>φυλάξασθαι</em></strong></span> <span class='ocrx_word' id='word_1_228' title='bbox 743 3016 807 3069; x_wconf 76' lang='grc' dir='ltr'><strong><em>τὰ</em></strong></span> <span class='ocrx_word' id='word_1_229' title='bbox 843 3016 1081 3086; x_wconf 81' lang='grc' dir='ltr'><em>κρίματα</em></span> <span class='ocrx_word' id='word_1_230' title='bbox 1121 3017 1216 3086; x_wconf 78' lang='grc' dir='ltr'><em>τῆς</em></span> <span class='ocrx_word' id='word_1_231' title='bbox 1245 3013 1580 3083; x_wconf 75' lang='grc' dir='ltr'><em>δικαιοσύνης</em></span> <span class='ocrx_word' id='word_1_232' title='bbox 1612 3013 1704 3065; x_wconf 83' lang='grc' dir='ltr'><strong><em>τοῦ</em></strong></span> 
     </span>
    </p>
   </div>
   <div class='ocr_carea' id='block_1_34' title="bbox 164 3091 1705 3177">
    <p class='ocr_par' dir='ltr' id='par_1_34' title="bbox 164 3091 1705 3177">
     <span class='ocr_line' id='line_1_34' title="bbox 164 3091 1705 3177; baseline -0.005 -15"><span class='ocrx_word' id='word_1_233' title='bbox 164 3106 319 3170; x_wconf 75' lang='grc' dir='ltr'><strong><em>Θεοῦ,</em></strong></span> <span class='ocrx_word' id='word_1_234' title='bbox 353 3091 563 3177; x_wconf 69' lang='grc' dir='ltr'><em>εὔχεται</em></span> <span class='ocrx_word' id='word_1_235' title='bbox 593 3107 683 3160; x_wconf 79' lang='grc' dir='ltr'><strong><em>τὸν</em></strong></span> <span class='ocrx_word' id='word_1_236' title='bbox 709 3108 866 3177; x_wconf 81' lang='grc' dir='ltr'><em>ὅρκον</em></span> <span class='ocrx_word' id='word_1_237' title='bbox 904 3105 1064 3159; x_wconf 75' lang='grc' dir='ltr'><em>αὐτοῦ</em></span> <span class='ocrx_word' id='word_1_238' title='bbox 1097 3106 1361 3174; x_wconf 81' lang='grc' dir='ltr'><strong><em>ἀποδοχῆς</em></strong></span> <span class='ocrx_word' id='word_1_239' title='bbox 1387 3103 1530 3167; x_wconf 75' lang='grc' dir='ltr'><em>ἄξιον</em></span> <span class='ocrx_word' id='word_1_240' title='bbox 1559 3102 1705 3174; x_wconf 70' lang='grc' dir='ltr'><em>παρὰ</em></span> 
     </span>
    </p>
   </div>
   <div class='ocr_carea' id='block_1_35' title="bbox 1791 577 3327 658">
    <p class='ocr_par' dir='ltr' id='par_1_35' title="bbox 1791 577 3327 658">
     <span class='ocr_line' id='line_1_35' title="bbox 1791 577 3327 658; baseline -0.001 -18"><span class='ocrx_word' id='word_1_241' title='bbox 1791 587 2070 655; x_wconf 88' lang='lat' dir='ltr'><strong><em>sapientem</em></strong></span> <span class='ocrx_word' id='word_1_242' title='bbox 2108 602 2186 639; x_wconf 88' lang='lat' dir='ltr'><strong><em>me</em></strong></span> <span class='ocrx_word' id='word_1_243' title='bbox 2219 586 2385 653; x_wconf 75' lang='lat' dir='ltr'><strong><em>fecisti</em></strong></span> <span class='ocrx_word' id='word_1_244' title='bbox 2420 577 2663 642; x_wconf 85' lang='lat' dir='ltr'><strong><em>mandato</em></strong></span> <span class='ocrx_word' id='word_1_245' title='bbox 2704 599 2810 655; x_wconf 88' lang='lat' dir='ltr'><strong><em>tuo,</em></strong></span> <span class='ocrx_word' id='word_1_246' title='bbox 2848 590 2970 658; x_wconf 88' lang='lat' dir='ltr'><strong><em>quia</em></strong></span> <span class='ocrx_word' id='word_1_247' title='bbox 3000 590 3053 641; x_wconf 90' lang='lat' dir='ltr'><strong><em>in</em></strong></span> <span class='ocrx_word' id='word_1_248' title='bbox 3082 597 3327 641; x_wconf 66' lang='lat' dir='ltr'><strong><em>internum</em></strong></span> 
     </span>
    </p>
   </div>
   <div class='ocr_carea' id='block_1_36' title="bbox 1792 674 3330 744">
    <p class='ocr_par' dir='ltr' id='par_1_36' title="bbox 1792 674 3330 744">
     <span class='ocr_line' id='line_1_36' title="bbox 1792 674 3330 744; baseline -0.001 -15"><span class='ocrx_word' id='word_1_249' title='bbox 1792 692 1961 729; x_wconf 87' lang='lat' dir='ltr'><strong><em>meum</em></strong></span> <span class='ocrx_word' id='word_1_250' title='bbox 1997 684 2092 729; x_wconf 89' lang='lat' dir='ltr'><strong><em>est.</em></strong></span> <span class='ocrx_word' id='word_1_251' title='bbox 2121 675 2284 743; x_wconf 83' lang='lat' dir='ltr'><strong><em>Super</em></strong></span> <span class='ocrx_word' id='word_1_252' title='bbox 2317 691 2489 729; x_wconf 85' lang='lat' dir='ltr'><strong><em>omnes</em></strong></span> <span class='ocrx_word' id='word_1_253' title='bbox 2523 674 2757 731; x_wconf 89' lang='lat' dir='ltr'><strong><em>docentes</em></strong></span> <span class='ocrx_word' id='word_1_254' title='bbox 2797 693 2876 731; x_wconf 88' lang='lat' dir='ltr'><strong><em>me</em></strong></span> <span class='ocrx_word' id='word_1_255' title='bbox 2921 676 3152 730; x_wconf 72' lang='lat' dir='ltr'><strong><em>intellexi</em></strong></span> <span class='ocrx_word' id='word_1_256' title='bbox 3173 715 3187 739; x_wconf 96' lang='lat'><strong><em>,</em></strong></span> <span class='ocrx_word' id='word_1_257' title='bbox 3208 676 3330 744; x_wconf 82' lang='lat' dir='ltr'><strong><em>quia</em></strong></span> 
     </span>
    </p>
   </div>
   <div class='ocr_carea' id='block_1_37' title="bbox 1796 764 3328 832">
    <p class='ocr_par' dir='ltr' id='par_1_37' title="bbox 1796 764 3328 832">
     <span class='ocr_line' id='line_1_37' title="bbox 1796 764 3328 832; baseline -0.001 -14"><span class='ocrx_word' id='word_1_258' title='bbox 1796 766 2091 818; x_wconf 88' lang='lat' dir='ltr'><strong><em>testimonia</em></strong></span> <span class='ocrx_word' id='word_1_259' title='bbox 2121 774 2210 817; x_wconf 88' lang='lat' dir='ltr'><strong><em>tua</em></strong></span> <span class='ocrx_word' id='word_1_260' title='bbox 2245 764 2513 819; x_wconf 86' lang='lat' dir='ltr'><strong><em>meditatio</em></strong></span> <span class='ocrx_word' id='word_1_261' title='bbox 2540 782 2653 818; x_wconf 87' lang='lat' dir='ltr'><strong><em>mea</em></strong></span> <span class='ocrx_word' id='word_1_262' title='bbox 2690 775 2785 821; x_wconf 86' lang='lat' dir='ltr'><strong><em>est.</em></strong></span> <span class='ocrx_word' id='word_1_263' title='bbox 2824 764 2989 832; x_wconf 85' lang='lat' dir='ltr'><strong><em>Super</em></strong></span> <span class='ocrx_word' id='word_1_264' title='bbox 3009 770 3159 819; x_wconf 78' lang='lat' dir='ltr'><strong><em>senes</em></strong></span> <span class='ocrx_word' id='word_1_265' title='bbox 3173 765 3328 818; x_wconf 84' lang='lat' dir='ltr'><strong><em>intel-</em></strong></span> 
     </span>
    </p>
   </div>
   <div class='ocr_carea' id='block_1_38' title="bbox 1797 854 3331 924">
    <p class='ocr_par' dir='ltr' id='par_1_38' title="bbox 1797 854 3331 924">
     <span class='ocr_line' id='line_1_38' title="bbox 1797 854 3331 924; baseline 0.001 -18"><span class='ocrx_word' id='word_1_266' title='bbox 1797 854 1918 916; x_wconf 76' lang='lat' dir='ltr'><strong><em>lexi,</em></strong></span> <span class='ocrx_word' id='word_1_267' title='bbox 1942 855 2066 921; x_wconf 86' lang='lat' dir='ltr'><strong><em>quia</em></strong></span> <span class='ocrx_word' id='word_1_268' title='bbox 2113 854 2363 907; x_wconf 87' lang='lat' dir='ltr'><strong><em>mandata</em></strong></span> <span class='ocrx_word' id='word_1_269' title='bbox 2393 864 2483 907; x_wconf 89' lang='lat' dir='ltr'><strong><em>tua</em></strong></span> <span class='ocrx_word' id='word_1_270' title='bbox 2530 856 2760 924; x_wconf 68' lang='lat' dir='ltr'><strong><em>quasioi.</em></strong></span> <span class='ocrx_word' id='word_1_271' title='bbox 2794 855 2945 921; x_wconf 84' lang='lat' dir='ltr'><strong><em>Quod</em></strong></span> <span class='ocrx_word' id='word_1_272' title='bbox 2989 856 3035 911; x_wconf 86' lang='lat' dir='ltr'><strong><em>si</em></strong></span> <span class='ocrx_word' id='word_1_273' title='bbox 3086 856 3331 909; x_wconf 85' lang='lat' dir='ltr'><strong><em>Salvator</em></strong></span> 
     </span>
    </p>
   </div>
   <div class='ocr_carea' id='block_1_39' title="bbox 1796 943 3329 1015">
    <p class='ocr_par' dir='ltr' id='par_1_39' title="bbox 1796 943 3329 1015">
     <span class='ocr_line' id='line_1_39' title="bbox 1796 943 3329 1015; baseline 0.003 -18"><span class='ocrx_word' id='word_1_274' title='bbox 1796 945 1993 1005; x_wconf 85' lang='lat' dir='ltr'><strong><em>alicubi</em></strong></span> <span class='ocrx_word' id='word_1_275' title='bbox 2009 945 2152 999; x_wconf 85' lang='lat' dir='ltr'><strong><em>dicat</em></strong></span> <span class='ocrx_word' id='word_1_276' title='bbox 2178 964 2189 998; x_wconf 90' lang='lat'><strong>:</strong></span> <span class='ocrx_word' id='word_1_277' title='bbox 2213 943 2334 998; x_wconf 83' lang='lat' dir='ltr'><strong><em>Non</em></strong></span> <span class='ocrx_word' id='word_1_278' title='bbox 2362 945 2739 1014; x_wconf 86' lang='lat' dir='ltr'><strong><em>estdiscipulus</em></strong></span> <span class='ocrx_word' id='word_1_279' title='bbox 2769 947 3246 1015; x_wconf 52' lang='lat' dir='ltr'><strong><em>supertmagistrum</em></strong></span> <span class='ocrx_word' id='word_1_280' title='bbox 3266 947 3329 1002; x_wconf 73' lang='grc' dir='ltr'><strong><em>¹⁶ο</em></strong></span> 
     </span>
    </p>
   </div>
   <div class='ocr_carea' id='block_1_40' title="bbox 1798 1034 3335 1104">
    <p class='ocr_par' dir='ltr' id='par_1_40' title="bbox 1798 1034 3335 1104">
     <span class='ocr_line' id='line_1_40' title="bbox 1798 1034 3335 1104; baseline -0.001 -15"><span class='ocrx_word' id='word_1_281' title='bbox 1798 1043 1851 1090; x_wconf 85' lang='lat' dir='ltr'><strong><em>et</em></strong></span> <span class='ocrx_word' id='word_1_282' title='bbox 1877 1044 2088 1096; x_wconf 66' lang='lat' dir='ltr'><strong><em>caetera,</em></strong></span> <span class='ocrx_word' id='word_1_283' title='bbox 2121 1034 2405 1088; x_wconf 88' lang='lat' dir='ltr'><strong><em>dicendum</em></strong></span> <span class='ocrx_word' id='word_1_284' title='bbox 2445 1043 2527 1089; x_wconf 87' lang='lat' dir='ltr'><strong><em>est</em></strong></span> <span class='ocrx_word' id='word_1_285' title='bbox 2566 1034 2669 1089; x_wconf 89' lang='lat' dir='ltr'><strong><em>hoc</em></strong></span> <span class='ocrx_word' id='word_1_286' title='bbox 2712 1036 3111 1104; x_wconf 88' lang='lat' dir='ltr'><strong><em>pronuntiatum</em></strong></span> <span class='ocrx_word' id='word_1_287' title='bbox 3143 1049 3172 1088; x_wconf 68' lang='grc' dir='ltr'><strong><em>ε</em></strong></span> <span class='ocrx_word' id='word_1_288' title='bbox 3215 1034 3335 1088; x_wconf 87' lang='lat' dir='ltr'><strong><em>Sal-</em></strong></span> 
     </span>
    </p>
   </div>
   <div class='ocr_carea' id='block_1_41' title="bbox 1798 1123 3331 1192">
    <p class='ocr_par' dir='ltr' id='par_1_41' title="bbox 1798 1123 3331 1192">
     <span class='ocr_line' id='line_1_41' title="bbox 1798 1123 3331 1192; baseline 0.001 -14"><span class='ocrx_word' id='word_1_289' title='bbox 1798 1134 1980 1178; x_wconf 89' lang='lat' dir='ltr'><strong><em>vatore</em></strong></span> <span class='ocrx_word' id='word_1_290' title='bbox 2010 1123 2195 1187; x_wconf 83' lang='lat' dir='ltr'><strong><em>fuisse,</em></strong></span> <span class='ocrx_word' id='word_1_291' title='bbox 2234 1138 2355 1177; x_wconf 89' lang='lat' dir='ltr'><strong><em>cum</em></strong></span> <span class='ocrx_word' id='word_1_292' title='bbox 2400 1124 2547 1192; x_wconf 75' lang='lat' dir='ltr'><strong><em>prius</em></strong></span> <span class='ocrx_word' id='word_1_293' title='bbox 2590 1124 2925 1179; x_wconf 78' lang='lat' dir='ltr'><strong><em>distinxisset</em></strong></span> <span class='ocrx_word' id='word_1_294' title='bbox 2962 1138 3024 1177; x_wconf 84' lang='lat' dir='ltr'><strong><em>ac</em></strong></span> <span class='ocrx_word' id='word_1_295' title='bbox 3059 1123 3286 1179; x_wconf 78' lang='lat' dir='ltr'><strong><em>dixisset</em></strong></span> <span class='ocrx_word' id='word_1_296' title='bbox 3316 1144 3331 1179; x_wconf 87' lang='lat'>:</span> 
     </span>
    </p>
   </div>
   <div class='ocr_carea' id='block_1_42' title="bbox 1799 1213 3337 1286">
    <p class='ocr_par' dir='ltr' id='par_1_42' title="bbox 1799 1213 3337 1286">
     <span class='ocr_line' id='line_1_42' title="bbox 1799 1213 3337 1286; baseline -0.001 -20"><span class='ocrx_word' id='word_1_297' title='bbox 1799 1213 1881 1269; x_wconf 84' lang='lat' dir='ltr'><strong><em>Ne</em></strong></span> <span class='ocrx_word' id='word_1_298' title='bbox 1904 1216 2088 1268; x_wconf 83' lang='lat' dir='ltr'><strong><em>vocetis</em></strong></span> <span class='ocrx_word' id='word_1_299' title='bbox 2121 1215 2426 1286; x_wconf 78' lang='lat' dir='ltr'><strong><em>magistrum</em></strong></span> <span class='ocrx_word' id='word_1_300' title='bbox 2465 1229 2619 1281; x_wconf 90' lang='lat' dir='ltr'><strong><em>super</em></strong></span> <span class='ocrx_word' id='word_1_301' title='bbox 2652 1222 2845 1266; x_wconf 84' lang='lat' dir='ltr'><strong><em>terram</em></strong></span> <span class='ocrx_word' id='word_1_302' title='bbox 2876 1229 2894 1266; x_wconf 91' lang='lat'><strong><em>:</em></strong></span> <span class='ocrx_word' id='word_1_303' title='bbox 2923 1229 3052 1265; x_wconf 86' lang='lat' dir='ltr'><strong><em>unus</em></strong></span> <span class='ocrx_word' id='word_1_304' title='bbox 3086 1213 3222 1266; x_wconf 82' lang='lat' dir='ltr'><strong><em>enim</em></strong></span> <span class='ocrx_word' id='word_1_305' title='bbox 3256 1219 3337 1268; x_wconf 78' lang='lat' dir='ltr'><strong><em>est</em></strong></span> 
     </span>
    </p>
   </div>
   <div class='ocr_carea' id='block_1_43' title="bbox 1797 1292 3334 1374">
    <p class='ocr_par' dir='ltr' id='par_1_43' title="bbox 1797 1292 3334 1374">
     <span class='ocr_line' id='line_1_43' title="bbox 1797 1292 3334 1374; baseline -0.003 -16"><span class='ocrx_word' id='word_1_306' title='bbox 1797 1302 2051 1374; x_wconf 72' lang='lat' dir='ltr'><strong><em>Magister</em></strong></span> <span class='ocrx_word' id='word_1_307' title='bbox 2078 1314 2240 1358; x_wconf 79' lang='lat' dir='ltr'><strong><em>vester</em></strong></span> <span class='ocrx_word' id='word_1_308' title='bbox 2271 1304 2363 1374; x_wconf 87' lang='lat' dir='ltr'><strong><em>qui</em></strong></span> <span class='ocrx_word' id='word_1_309' title='bbox 2379 1312 2455 1356; x_wconf 89' lang='lat' dir='ltr'><strong><em>est</em></strong></span> <span class='ocrx_word' id='word_1_310' title='bbox 2484 1304 2535 1354; x_wconf 89' lang='lat' dir='ltr'><strong><em>in</em></strong></span> <span class='ocrx_word' id='word_1_311' title='bbox 2566 1304 2707 1357; x_wconf 74' lang='lat' dir='ltr'><strong><em>cmlis</em></strong></span> <span class='ocrx_word' id='word_1_312' title='bbox 2737 1304 2799 1356; x_wconf 77' lang='grc'><strong><em>⁸⁷.</em></strong></span> <span class='ocrx_word' id='word_1_313' title='bbox 2832 1292 3192 1371; x_wconf 83' lang='lat' dir='ltr'><strong><em>llliusitaque</em></strong></span> <span class='ocrx_word' id='word_1_314' title='bbox 3218 1316 3334 1355; x_wconf 83' lang='lat' dir='ltr'><strong><em>ma-</em></strong></span> 
     </span>
    </p>
   </div>
   <div class='ocr_carea' id='block_1_44' title="bbox 1799 1393 3331 1464">
    <p class='ocr_par' dir='ltr' id='par_1_44' title="bbox 1799 1393 3331 1464">
     <span class='ocr_line' id='line_1_44' title="bbox 1799 1393 3331 1464; baseline -0.001 -17"><span class='ocrx_word' id='word_1_315' title='bbox 1799 1394 1953 1464; x_wconf 81' lang='lat' dir='ltr'><strong><em>gistri</em></strong></span> <span class='ocrx_word' id='word_1_316' title='bbox 1980 1396 2378 1464; x_wconf 80' lang='lat' dir='ltr'><strong><em>comparatione</em></strong></span> <span class='ocrx_word' id='word_1_317' title='bbox 2404 1412 2509 1449; x_wconf 88' lang='lat' dir='ltr'><strong><em>non</em></strong></span> <span class='ocrx_word' id='word_1_318' title='bbox 2539 1403 2621 1450; x_wconf 90' lang='lat' dir='ltr'><strong><em>est</em></strong></span> <span class='ocrx_word' id='word_1_319' title='bbox 2648 1394 2946 1464; x_wconf 84' lang='lat' dir='ltr'><strong><em>discipulus</em></strong></span> <span class='ocrx_word' id='word_1_320' title='bbox 2974 1393 3331 1464; x_wconf 67' lang='lat' dir='ltr'><strong><em>praestantior.</em></strong></span> 
     </span>
    </p>
   </div>
   <div class='ocr_carea' id='block_1_45' title="bbox 1800 1479 3333 1555">
    <p class='ocr_par' dir='ltr' id='par_1_45' title="bbox 1800 1479 3333 1555">
     <span class='ocr_line' id='line_1_45' title="bbox 1800 1479 3333 1555; baseline -0.001 -18"><span class='ocrx_word' id='word_1_321' title='bbox 1800 1485 2039 1555; x_wconf 75' lang='lat' dir='ltr'><strong><em>Magistri</em></strong></span> <span class='ocrx_word' id='word_1_322' title='bbox 2060 1494 2261 1549; x_wconf 89' lang='lat' dir='ltr'><strong><em>autem,</em></strong></span> <span class='ocrx_word' id='word_1_323' title='bbox 2297 1487 2388 1555; x_wconf 89' lang='lat' dir='ltr'><strong><em>qui</em></strong></span> <span class='ocrx_word' id='word_1_324' title='bbox 2420 1487 2507 1539; x_wconf 84' lang='lat' dir='ltr'><strong><em>hic</em></strong></span> <span class='ocrx_word' id='word_1_325' title='bbox 2535 1486 2687 1539; x_wconf 90' lang='lat' dir='ltr'><strong><em>multi</em></strong></span> <span class='ocrx_word' id='word_1_326' title='bbox 2716 1500 2835 1540; x_wconf 86' lang='lat' dir='ltr'><strong><em>csse</em></strong></span> <span class='ocrx_word' id='word_1_327' title='bbox 2863 1483 3220 1548; x_wconf 79' lang='lat' dir='ltr'><strong><em>declarantur,</em></strong></span> <span class='ocrx_word' id='word_1_328' title='bbox 3242 1479 3333 1536; x_wconf 61' lang='lat' dir='ltr'><strong><em>alii</em></strong></span> 
     </span>
    </p>
   </div>
   <div class='ocr_carea' id='block_1_46' title="bbox 1800 1574 3331 1646">
    <p class='ocr_par' dir='ltr' id='par_1_46' title="bbox 1800 1574 3331 1646">
     <span class='ocr_line' id='line_1_46' title="bbox 1800 1574 3331 1646; baseline -0.003 -15"><span class='ocrx_word' id='word_1_329' title='bbox 1800 1585 1946 1640; x_wconf 87' lang='lat' dir='ltr'><strong><em>sunt,</em></strong></span> <span class='ocrx_word' id='word_1_330' title='bbox 2006 1576 2203 1645; x_wconf 80' lang='lat' dir='ltr'><strong><em>quibus</em></strong></span> <span class='ocrx_word' id='word_1_331' title='bbox 2251 1577 2564 1646; x_wconf 88' lang='lat' dir='ltr'><strong><em>plerumque</em></strong></span> <span class='ocrx_word' id='word_1_332' title='bbox 2624 1575 2922 1646; x_wconf 83' lang='lat' dir='ltr'><strong><em>discipulus</em></strong></span> <span class='ocrx_word' id='word_1_333' title='bbox 2973 1574 3183 1629; x_wconf 83' lang='lat' dir='ltr'><strong><em>doctior</em></strong></span> <span class='ocrx_word' id='word_1_334' title='bbox 3228 1580 3331 1627; x_wconf 85' lang='lat' dir='ltr'><strong><em>est.</em></strong></span> 
     </span>
    </p>
   </div>
   <div class='ocr_carea' id='block_1_47' title="bbox 1801 1663 3333 1737">
    <p class='ocr_par' dir='ltr' id='par_1_47' title="bbox 1801 1663 3333 1737">
     <span class='ocr_line' id='line_1_47' title="bbox 1801 1663 3333 1737; baseline -0.002 -15"><span class='ocrx_word' id='word_1_335' title='bbox 1801 1668 1953 1735; x_wconf 84' lang='lat' dir='ltr'><strong><em>Quod</em></strong></span> <span class='ocrx_word' id='word_1_336' title='bbox 2001 1668 2180 1722; x_wconf 80' lang='lat' dir='ltr'><strong><em>evenit</em></strong></span> <span class='ocrx_word' id='word_1_337' title='bbox 2227 1683 2294 1721; x_wconf 83' lang='lat' dir='ltr'><strong><em>ex</em></strong></span> <span class='ocrx_word' id='word_1_338' title='bbox 2344 1671 2544 1735; x_wconf 63' lang='lat' dir='ltr'><strong><em>majore</em></strong></span> <span class='ocrx_word' id='word_1_339' title='bbox 2566 1676 2616 1721; x_wconf 92' lang='lat' dir='ltr'><strong><em>et</em></strong></span> <span class='ocrx_word' id='word_1_340' title='bbox 2653 1666 3013 1737; x_wconf 80' lang='lat' dir='ltr'><strong><em>frequentiore</em></strong></span> <span class='ocrx_word' id='word_1_341' title='bbox 3053 1666 3108 1719; x_wconf 90' lang='lat' dir='ltr'><strong><em>in</em></strong></span> <span class='ocrx_word' id='word_1_342' title='bbox 3137 1663 3333 1719; x_wconf 78' lang='lat' dir='ltr'><strong><em>divinis</em></strong></span> 
     </span>
    </p>
   </div>
   <div class='ocr_carea' id='block_1_48' title="bbox 1803 1757 2579 1838">
    <p class='ocr_par' dir='ltr' id='par_1_48' title="bbox 1803 1757 2579 1838">
     <span class='ocr_line' id='line_1_48' title="bbox 1803 1757 2579 1838; baseline -0.004 -25"><span class='ocrx_word' id='word_1_343' title='bbox 1803 1757 2142 1838; x_wconf 69' lang='lat' dir='ltr'><strong><em>sermonibus</em></strong></span> <span class='ocrx_word' id='word_1_344' title='bbox 2177 1758 2579 1811; x_wconf 72' lang='lat' dir='ltr'><strong><em>exercitatione.</em></strong></span> 
     </span>
    </p>
   </div>
   <div class='ocr_carea' id='block_1_49' title="bbox 1868 1922 3333 1991">
    <p class='ocr_par' dir='ltr' id='par_1_49' title="bbox 1868 1922 3333 1991">
     <span class='ocr_line' id='line_1_49' title="bbox 1868 1922 3333 1991; baseline -0.004 -10"><span class='ocrx_word' id='word_1_345' title='bbox 1868 1926 2031 1983; x_wconf 68' lang='lat' dir='ltr'><strong><em>Vens.</em></strong></span> <span class='ocrx_word' id='word_1_346' title='bbox 2070 1928 2165 1980; x_wconf 88' lang='lat'><strong>101</strong></span> <span class='ocrx_word' id='word_1_347' title='bbox 2194 1926 2346 1981; x_wconf 65' lang='lat'><strong><em>~104.</em></strong></span> <span class='ocrx_word' id='word_1_348' title='bbox 2377 1926 2453 1979; x_wconf 83' lang='lat' dir='ltr'><strong><em>Ab</em></strong></span> <span class='ocrx_word' id='word_1_349' title='bbox 2475 1925 2612 1983; x_wconf 86' lang='lat' dir='ltr'><strong><em>omni</em></strong></span> <span class='ocrx_word' id='word_1_350' title='bbox 2639 1924 2720 1978; x_wconf 81' lang='lat' dir='ltr'><strong><em>via</em></strong></span> <span class='ocrx_word' id='word_1_351' title='bbox 2748 1923 2887 1976; x_wconf 90' lang='lat' dir='ltr'><strong><em>mala</em></strong></span> <span class='ocrx_word' id='word_1_352' title='bbox 2919 1922 3153 1991; x_wconf 80' lang='lat' dir='ltr'><strong><em>prohibui</em></strong></span> <span class='ocrx_word' id='word_1_353' title='bbox 3184 1922 3333 1990; x_wconf 73' lang='lat' dir='ltr'><strong><em>pedes</em></strong></span> 
     </span>
    </p>
   </div>
   <div class='ocr_carea' id='block_1_50' title="bbox 1801 2012 3333 2081">
    <p class='ocr_par' dir='ltr' id='par_1_50' title="bbox 1801 2012 3333 2081">
     <span class='ocr_line' id='line_1_50' title="bbox 1801 2012 3333 2081; baseline -0.005 -9"><span class='ocrx_word' id='word_1_354' title='bbox 1801 2036 1958 2081; x_wconf 86' lang='lat' dir='ltr'><strong><em>meos,</em></strong></span> <span class='ocrx_word' id='word_1_355' title='bbox 1998 2027 2054 2070; x_wconf 89' lang='lat' dir='ltr'><strong><em>ut</em></strong></span> <span class='ocrx_word' id='word_1_356' title='bbox 2102 2017 2392 2070; x_wconf 74' lang='lat' dir='ltr'><strong><em>custodiam</em></strong></span> <span class='ocrx_word' id='word_1_357' title='bbox 2436 2014 2583 2069; x_wconf 80' lang='lat' dir='ltr'><strong><em>verba</em></strong></span> <span class='ocrx_word' id='word_1_358' title='bbox 2616 2023 2725 2065; x_wconf 87' lang='lat' dir='ltr'><strong><em>tua.</em></strong></span> <span class='ocrx_word' id='word_1_359' title='bbox 2761 2014 2803 2064; x_wconf 81' lang='grc' dir='ltr'><em>Α</em></span> <span class='ocrx_word' id='word_1_360' title='bbox 2840 2012 3057 2081; x_wconf 85' lang='lat' dir='ltr'><strong><em>judiciis</em></strong></span> <span class='ocrx_word' id='word_1_361' title='bbox 3102 2014 3202 2065; x_wconf 89' lang='lat' dir='ltr'><strong><em>tuis</em></strong></span> <span class='ocrx_word' id='word_1_362' title='bbox 3232 2028 3333 2065; x_wconf 89' lang='lat' dir='ltr'><strong><em>non</em></strong></span> 
     </span>
    </p>
   </div>
   <div class='ocr_carea' id='block_1_51' title="bbox 1799 2100 3334 2174">
    <p class='ocr_par' dir='ltr' id='par_1_51' title="bbox 1799 2100 3334 2174">
     <span class='ocr_line' id='line_1_51' title="bbox 1799 2100 3334 2174; baseline -0.003 -16"><span class='ocrx_word' id='word_1_363' title='bbox 1799 2106 2076 2168; x_wconf 83' lang='lat' dir='ltr'><strong><em>declinavi,</em></strong></span> <span class='ocrx_word' id='word_1_364' title='bbox 2120 2105 2242 2174; x_wconf 89' lang='lat' dir='ltr'><strong><em>quia</em></strong></span> <span class='ocrx_word' id='word_1_365' title='bbox 2278 2113 2331 2156; x_wconf 89' lang='lat' dir='ltr'><strong><em>tu</em></strong></span> <span class='ocrx_word' id='word_1_366' title='bbox 2361 2105 2515 2173; x_wconf 86' lang='lat' dir='ltr'><strong><em>legem</em></strong></span> <span class='ocrx_word' id='word_1_367' title='bbox 2547 2103 2766 2171; x_wconf 83' lang='lat' dir='ltr'><strong><em>posuisti</em></strong></span> <span class='ocrx_word' id='word_1_368' title='bbox 2809 2102 2951 2155; x_wconf 86' lang='lat' dir='ltr'><strong><em>mihi.</em></strong></span> <span class='ocrx_word' id='word_1_369' title='bbox 3002 2100 3171 2165; x_wconf 82' lang='lat' dir='ltr'><strong><em>Quam</em></strong></span> <span class='ocrx_word' id='word_1_370' title='bbox 3214 2100 3334 2153; x_wconf 80' lang='lat' dir='ltr'><strong><em>dui-</em></strong></span> 
     </span>
    </p>
   </div>
   <div class='ocr_carea' id='block_1_52' title="bbox 1800 2193 3329 2265">
    <p class='ocr_par' dir='ltr' id='par_1_52' title="bbox 1800 2193 3329 2265">
     <span class='ocr_line' id='line_1_52' title="bbox 1800 2193 3329 2265; baseline -0.003 -16"><span class='ocrx_word' id='word_1_371' title='bbox 1800 2199 1882 2250; x_wconf 84' lang='lat' dir='ltr'><strong><em>cia</em></strong></span> <span class='ocrx_word' id='word_1_372' title='bbox 1911 2196 2149 2265; x_wconf 63' lang='lat' dir='ltr'><strong><em>faucibus</em></strong></span> <span class='ocrx_word' id='word_1_373' title='bbox 2193 2198 2317 2249; x_wconf 86' lang='lat' dir='ltr'><strong><em>meis</em></strong></span> <span class='ocrx_word' id='word_1_374' title='bbox 2349 2195 2551 2263; x_wconf 82' lang='lat' dir='ltr'><strong><em>eloquia</em></strong></span> <span class='ocrx_word' id='word_1_375' title='bbox 2596 2194 2717 2246; x_wconf 86' lang='lat' dir='ltr'><strong><em>tua!</em></strong></span> <span class='ocrx_word' id='word_1_376' title='bbox 2756 2209 2906 2260; x_wconf 88' lang='lat' dir='ltr'><strong><em>super</em></strong></span> <span class='ocrx_word' id='word_1_377' title='bbox 2944 2193 3043 2246; x_wconf 85' lang='lat' dir='ltr'><strong><em>mel</em></strong></span> <span class='ocrx_word' id='word_1_378' title='bbox 3079 2194 3157 2247; x_wconf 90' lang='lat' dir='ltr'><strong><em>ori</em></strong></span> <span class='ocrx_word' id='word_1_379' title='bbox 3201 2208 3329 2244; x_wconf 83' lang='lat' dir='ltr'><strong><em>meo.</em></strong></span> 
     </span>
    </p>
   </div>
   <div class='ocr_carea' id='block_1_53' title="bbox 1799 2284 3333 2353">
    <p class='ocr_par' dir='ltr' id='par_1_53' title="bbox 1799 2284 3333 2353">
     <span class='ocr_line' id='line_1_53' title="bbox 1799 2284 3333 2353; baseline -0.005 -11"><span class='ocrx_word' id='word_1_380' title='bbox 1799 2290 1842 2342; x_wconf 79' lang='grc' dir='ltr'><em>Α</em></span> <span class='ocrx_word' id='word_1_381' title='bbox 1899 2288 2160 2341; x_wconf 86' lang='lat' dir='ltr'><strong><em>mandatis</em></strong></span> <span class='ocrx_word' id='word_1_382' title='bbox 2210 2288 2311 2340; x_wconf 88' lang='lat' dir='ltr'><strong><em>tuis</em></strong></span> <span class='ocrx_word' id='word_1_383' title='bbox 2347 2286 2596 2349; x_wconf 77' lang='lat' dir='ltr'><strong><em>intellexi,</em></strong></span> <span class='ocrx_word' id='word_1_384' title='bbox 2654 2296 2918 2353; x_wconf 88' lang='lat' dir='ltr'><strong><em>propterea</em></strong></span> <span class='ocrx_word' id='word_1_385' title='bbox 2965 2284 3101 2337; x_wconf 76' lang='lat' dir='ltr'><strong><em>adiri</em></strong></span> <span class='ocrx_word' id='word_1_386' title='bbox 3135 2300 3333 2337; x_wconf 85' lang='lat' dir='ltr'><strong><em>omnem</em></strong></span> 
     </span>
    </p>
   </div>
   <div class='ocr_carea' id='block_1_54' title="bbox 1801 2381 2275 2444">
    <p class='ocr_par' dir='ltr' id='par_1_54' title="bbox 1801 2381 2275 2444">
     <span class='ocr_line' id='line_1_54' title="bbox 1801 2381 2275 2444; baseline -0.006 -10"><span class='ocrx_word' id='word_1_387' title='bbox 1801 2383 1933 2434; x_wconf 80' lang='lat' dir='ltr'><strong><em>vium</em></strong></span> <span class='ocrx_word' id='word_1_388' title='bbox 1968 2381 2275 2444; x_wconf 87' lang='lat' dir='ltr'><strong><em>iniquitatis.</em></strong></span> 
     </span>
    </p>
   </div>
   <div class='ocr_carea' id='block_1_55' title="bbox 1875 2547 3331 2614">
    <p class='ocr_par' dir='ltr' id='par_1_55' title="bbox 1875 2547 3331 2614">
     <span class='ocr_line' id='line_1_55' title="bbox 1875 2547 3331 2614; baseline -0.003 -9"><span class='ocrx_word' id='word_1_389' title='bbox 1875 2552 2037 2607; x_wconf 71' lang='lat' dir='ltr'><strong><em>Vens.</em></strong></span> <span class='ocrx_word' id='word_1_390' title='bbox 2084 2552 2204 2614; x_wconf 81' lang='lat'><strong><em>105,</em></strong></span> <span class='ocrx_word' id='word_1_391' title='bbox 2250 2549 2370 2605; x_wconf 85' lang='lat'><strong><em>106.</em></strong></span> <span class='ocrx_word' id='word_1_392' title='bbox 2420 2547 2655 2600; x_wconf 84' lang='lat' dir='ltr'><strong><em>Lucerna</em></strong></span> <span class='ocrx_word' id='word_1_393' title='bbox 2703 2548 2913 2612; x_wconf 81' lang='lat' dir='ltr'><strong><em>pedibus</em></strong></span> <span class='ocrx_word' id='word_1_394' title='bbox 2956 2550 3078 2601; x_wconf 83' lang='lat' dir='ltr'><strong><em>meis</em></strong></span> <span class='ocrx_word' id='word_1_395' title='bbox 3129 2549 3331 2602; x_wconf 80' lang='lat' dir='ltr'><strong><em>verbum</em></strong></span> 
     </span>
    </p>
   </div>
   <div class='ocr_carea' id='block_1_56' title="bbox 1805 2635 3381 2709">
    <p class='ocr_par' dir='ltr' id='par_1_56' title="bbox 1805 2635 3381 2709">
     <span class='ocr_line' id='line_1_56' title="bbox 1805 2635 3381 2709; baseline -0.005 -11"><span class='ocrx_word' id='word_1_396' title='bbox 1805 2657 1969 2709; x_wconf 89' lang='lat' dir='ltr'><strong><em>tuum,</em></strong></span> <span class='ocrx_word' id='word_1_397' title='bbox 1996 2652 2044 2696; x_wconf 91' lang='lat' dir='ltr'><strong><em>et</em></strong></span> <span class='ocrx_word' id='word_1_398' title='bbox 2079 2646 2250 2696; x_wconf 84' lang='lat' dir='ltr'><strong><em>lumen</em></strong></span> <span class='ocrx_word' id='word_1_399' title='bbox 2280 2640 2475 2693; x_wconf 87' lang='lat' dir='ltr'><strong><em>semitis</em></strong></span> <span class='ocrx_word' id='word_1_400' title='bbox 2514 2639 2657 2692; x_wconf 86' lang='lat' dir='ltr'><strong><em>meis.</em></strong></span> <span class='ocrx_word' id='word_1_401' title='bbox 2683 2635 2868 2689; x_wconf 83' lang='lat' dir='ltr'><strong><em>Juravi</em></strong></span> <span class='ocrx_word' id='word_1_402' title='bbox 2894 2648 2940 2689; x_wconf 86' lang='lat' dir='ltr'><strong><em>et</em></strong></span> <span class='ocrx_word' id='word_1_403' title='bbox 2970 2640 3130 2689; x_wconf 87' lang='lat' dir='ltr'><strong><em>statui</em></strong></span> <span class='ocrx_word' id='word_1_404' title='bbox 3155 2650 3331 2692; x_wconf 85' lang='lat' dir='ltr'><strong><em>custo-</em></strong></span> <span class='ocrx_word' id='word_1_405' title='bbox 3376 2660 3381 2671; x_wconf 62' lang='grc' dir='ltr'><em>λ</em></span> 
     </span>
    </p>
   </div>
   <div class='ocr_carea' id='block_1_57' title="bbox 1802 2728 3333 2805">
    <p class='ocr_par' dir='ltr' id='par_1_57' title="bbox 1802 2728 3333 2805">
     <span class='ocr_line' id='line_1_57' title="bbox 1802 2728 3333 2805; baseline -0.005 -16"><span class='ocrx_word' id='word_1_406' title='bbox 1802 2737 1914 2789; x_wconf 71' lang='grc' dir='ltr'><strong><em>ἄντε</em></strong></span> <span class='ocrx_word' id='word_1_407' title='bbox 1936 2735 2140 2805; x_wconf 85' lang='lat' dir='ltr'><strong><em>judicia</em></strong></span> <span class='ocrx_word' id='word_1_408' title='bbox 2156 2732 2519 2800; x_wconf 68' lang='lat' dir='ltr'><strong><em>justitiaztute.</em></strong></span> <span class='ocrx_word' id='word_1_409' title='bbox 2551 2728 2687 2795; x_wconf 87' lang='lat' dir='ltr'><strong><em>Quia</em></strong></span> <span class='ocrx_word' id='word_1_410' title='bbox 2735 2730 2881 2783; x_wconf 88' lang='lat' dir='ltr'><strong><em>nullo</em></strong></span> <span class='ocrx_word' id='word_1_411' title='bbox 2909 2730 3013 2783; x_wconf 86' lang='lat' dir='ltr'><strong><em>vim</em></strong></span> <span class='ocrx_word' id='word_1_412' title='bbox 3054 2730 3333 2791; x_wconf 79' lang='lat' dir='ltr'><strong><em>inferente,</em></strong></span> 
     </span>
    </p>
   </div>
   <div class='ocr_carea' id='block_1_58' title="bbox 1804 2821 3338 2896">
    <p class='ocr_par' dir='ltr' id='par_1_58' title="bbox 1804 2821 3338 2896">
     <span class='ocr_line' id='line_1_58' title="bbox 1804 2821 3338 2896; baseline -0.005 -14"><span class='ocrx_word' id='word_1_413' title='bbox 1804 2828 1896 2882; x_wconf 88' lang='lat' dir='ltr'><strong><em>sed</em></strong></span> <span class='ocrx_word' id='word_1_414' title='bbox 1926 2824 2140 2896; x_wconf 89' lang='lat' dir='ltr'><strong><em>pr0prio</em></strong></span> <span class='ocrx_word' id='word_1_415' title='bbox 2161 2830 2295 2876; x_wconf 90' lang='lat' dir='ltr'><strong><em>nutu</em></strong></span> <span class='ocrx_word' id='word_1_416' title='bbox 2318 2831 2370 2875; x_wconf 88' lang='lat' dir='ltr'><strong><em>et</em></strong></span> <span class='ocrx_word' id='word_1_417' title='bbox 2401 2822 2541 2876; x_wconf 85' lang='lat' dir='ltr'><strong><em>bono</em></strong></span> <span class='ocrx_word' id='word_1_418' title='bbox 2565 2821 2859 2891; x_wconf 83' lang='lat' dir='ltr'><strong><em>proposito,</em></strong></span> <span class='ocrx_word' id='word_1_419' title='bbox 2894 2835 3012 2873; x_wconf 88' lang='lat' dir='ltr'><strong><em>sese</em></strong></span> <span class='ocrx_word' id='word_1_420' title='bbox 3032 2822 3338 2889; x_wconf 84' lang='lat' dir='ltr'><strong><em>jurejuran-</em></strong></span> 
     </span>
    </p>
   </div>
   <div class='ocr_carea' id='block_1_59' title="bbox 1804 2916 3337 2985">
    <p class='ocr_par' dir='ltr' id='par_1_59' title="bbox 1804 2916 3337 2985">
     <span class='ocr_line' id='line_1_59' title="bbox 1804 2916 3337 2985; baseline -0.003 -10"><span class='ocrx_word' id='word_1_421' title='bbox 1804 2922 1873 2975; x_wconf 88' lang='lat' dir='ltr'><strong><em>do</em></strong></span> <span class='ocrx_word' id='word_1_422' title='bbox 1902 2919 2172 2980; x_wconf 81' lang='lat' dir='ltr'><strong><em>astrinxit,</em></strong></span> <span class='ocrx_word' id='word_1_423' title='bbox 2202 2924 2256 2971; x_wconf 90' lang='lat' dir='ltr'><strong><em>et</em></strong></span> <span class='ocrx_word' id='word_1_424' title='bbox 2281 2916 2480 2985; x_wconf 85' lang='lat' dir='ltr'><strong><em>juravit</em></strong></span> <span class='ocrx_word' id='word_1_425' title='bbox 2510 2931 2568 2971; x_wconf 89' lang='lat' dir='ltr'><strong><em>se</em></strong></span> <span class='ocrx_word' id='word_1_426' title='bbox 2614 2923 2947 2971; x_wconf 85' lang='lat' dir='ltr'><strong><em>servaturum</em></strong></span> <span class='ocrx_word' id='word_1_427' title='bbox 2992 2931 3111 2970; x_wconf 91' lang='lat' dir='ltr'><strong><em>esse</em></strong></span> <span class='ocrx_word' id='word_1_428' title='bbox 3134 2917 3337 2984; x_wconf 85' lang='lat' dir='ltr'><strong><em>judicia</em></strong></span> 
     </span>
    </p>
   </div>
   <div class='ocr_carea' id='block_1_60' title="bbox 1804 3005 3338 3078">
    <p class='ocr_par' dir='ltr' id='par_1_60' title="bbox 1804 3005 3338 3078">
     <span class='ocr_line' id='line_1_60' title="bbox 1804 3005 3338 3078; baseline -0.001 -15"><span class='ocrx_word' id='word_1_429' title='bbox 1804 3008 2024 3078; x_wconf 70' lang='lat' dir='ltr'><strong><em>iustitia:</em></strong></span> <span class='ocrx_word' id='word_1_430' title='bbox 2056 3005 2167 3068; x_wconf 90' lang='lat' dir='ltr'><strong><em>Dei,</em></strong></span> <span class='ocrx_word' id='word_1_431' title='bbox 2194 3015 2347 3075; x_wconf 80' lang='lat' dir='ltr'><strong><em>rogat</em></strong></span> <span class='ocrx_word' id='word_1_432' title='bbox 2375 3016 2433 3058; x_wconf 90' lang='lat' dir='ltr'><strong><em>ut</em></strong></span> <span class='ocrx_word' id='word_1_433' title='bbox 2457 3007 2819 3073; x_wconf 83' lang='lat' dir='ltr'><strong><em>juramentum</em></strong></span> <span class='ocrx_word' id='word_1_434' title='bbox 2848 3020 3005 3059; x_wconf 88' lang='lat' dir='ltr'><strong><em>suum</em></strong></span> <span class='ocrx_word' id='word_1_435' title='bbox 3032 3008 3338 3075; x_wconf 80' lang='lat' dir='ltr'><strong><em>acceptione</em></strong></span> 
     </span>
    </p>
   </div>
   <div class='ocr_carea' id='block_1_61' title="bbox 1807 3087 3341 3170">
    <p class='ocr_par' dir='ltr' id='par_1_61' title="bbox 1807 3087 3341 3170">
     <span class='ocr_line' id='line_1_61' title="bbox 1807 3087 3341 3170; baseline -0.001 -18"><span class='ocrx_word' id='word_1_436' title='bbox 1807 3101 2023 3170; x_wconf 83' lang='lat' dir='ltr'><strong><em>dignum</em></strong></span> <span class='ocrx_word' id='word_1_437' title='bbox 2056 3098 2191 3167; x_wconf 84' lang='lat' dir='ltr'><strong><em>apud</em></strong></span> <span class='ocrx_word' id='word_1_438' title='bbox 2226 3096 2388 3151; x_wconf 89' lang='lat' dir='ltr'><strong><em>Deum</em></strong></span> <span class='ocrx_word' id='word_1_439' title='bbox 2418 3096 2607 3151; x_wconf 81' lang='lat' dir='ltr'><strong><em>evadat</em></strong></span> <span class='ocrx_word' id='word_1_440' title='bbox 2640 3117 2651 3150; x_wconf 88' lang='lat'><strong>:</strong></span> <span class='ocrx_word' id='word_1_441' title='bbox 2686 3112 2808 3150; x_wconf 87' lang='lat' dir='ltr'><strong><em>nam</em></strong></span> <span class='ocrx_word' id='word_1_442' title='bbox 2832 3087 3080 3167; x_wconf 77' lang='lat' dir='ltr'><strong><em>cognitio</em></strong></span> <span class='ocrx_word' id='word_1_443' title='bbox 3111 3097 3341 3167; x_wconf 87' lang='lat' dir='ltr'><strong><em>judicio-</em></strong></span> 
     </span>
    </p>
   </div>
   <div class='ocr_carea' id='block_1_62' title="bbox 161 3168 1703 3269">
    <p class='ocr_par' dir='ltr' id='par_1_62' title="bbox 161 3168 1703 3269">
     <span class='ocr_line' id='line_1_62' title="bbox 161 3168 1703 3269; baseline -0.005 -17"><span class='ocrx_word' id='word_1_444' title='bbox 161 3190 241 3269; x_wconf 71' lang='grc' dir='ltr'><strong><em>τῷ</em></strong></span> <span class='ocrx_word' id='word_1_445' title='bbox 413 3168 686 3267; x_wconf 42' lang='grc' dir='ltr'><em>ᾖνέσθαν</em></span> <span class='ocrx_word' id='word_1_446' title='bbox 724 3168 887 3250; x_wconf 81' lang='grc' dir='ltr'><em>δεῖται</em></span> <span class='ocrx_word' id='word_1_447' title='bbox 910 3188 1016 3267; x_wconf 69' lang='grc' dir='ltr'><strong><em>γὰρ</em></strong></span> <span class='ocrx_word' id='word_1_448' title='bbox 1040 3195 1232 3264; x_wconf 78' lang='grc' dir='ltr'><em>πολλῆς</em></span> <span class='ocrx_word' id='word_1_449' title='bbox 1258 3168 1597 3257; x_wconf 81' lang='grc' dir='ltr'><em>διδασκαλίας</em></span> <span class='ocrx_word' id='word_1_450' title='bbox 1618 3168 1703 3247; x_wconf 66' lang='grc' dir='ltr'><em>καὶ</em></span> 
     </span>
    </p>
   </div>
   <div class='ocr_carea' id='block_1_63' title="bbox 1803 3168 2675 3269">
    <p class='ocr_par' dir='ltr' id='par_1_63' title="bbox 1808 3168 2675 3259">
     <span class='ocr_line' id='line_1_63' title="bbox 1808 3168 2675 3259; baseline -0.006 -11"><span class='ocrx_word' id='word_1_451' title='bbox 1808 3168 1925 3248; x_wconf 75' lang='lat' dir='ltr'><strong><em>ruin</em></strong></span> <span class='ocrx_word' id='word_1_452' title='bbox 1956 3192 2047 3245; x_wconf 89' lang='lat' dir='ltr'><strong><em>Dei</em></strong></span> <span class='ocrx_word' id='word_1_453' title='bbox 2075 3192 2244 3257; x_wconf 83' lang='lat' dir='ltr'><strong><em>multa</em></strong></span> <span class='ocrx_word' id='word_1_454' title='bbox 2273 3190 2515 3244; x_wconf 85' lang='lat' dir='ltr'><strong><em>doctrina</em></strong></span> <span class='ocrx_word' id='word_1_455' title='bbox 2539 3200 2675 3259; x_wconf 79' lang='lat' dir='ltr'><strong><em>eget.</em></strong></span> 
     </span>
    </p>
   </div>
   <div class='ocr_carea' id='block_1_64' title="bbox 162 3286 1177 3360">
    <p class='ocr_par' dir='ltr' id='par_1_64' title="bbox 162 3286 1177 3360">
     <span class='ocr_line' id='line_1_64' title="bbox 162 3286 1177 3360; baseline -0.005 -17"><span class='ocrx_word' id='word_1_456' title='bbox 162 3289 196 3359; x_wconf 73' lang='grc' dir='ltr'>ἡ</span> <span class='ocrx_word' id='word_1_457' title='bbox 225 3288 421 3358; x_wconf 81' lang='grc' dir='ltr'><em>γνῶσις</em></span> <span class='ocrx_word' id='word_1_458' title='bbox 456 3288 561 3341; x_wconf 84' lang='grc' dir='ltr'>τῶν</span> <span class='ocrx_word' id='word_1_459' title='bbox 588 3288 867 3360; x_wconf 73' lang='grc' dir='ltr'><strong><em>χριμάτων</em></strong></span> <span class='ocrx_word' id='word_1_460' title='bbox 898 3287 992 3341; x_wconf 81' lang='grc' dir='ltr'><strong><em>τοῦ</em></strong></span> <span class='ocrx_word' id='word_1_461' title='bbox 1025 3286 1177 3339; x_wconf 81' lang='grc' dir='ltr'><em>Θεοῦ.</em></span> 
     </span>
    </p>
   </div>
   <div class='ocr_carea' id='block_1_65' title="bbox 245 3395 1711 3468">
    <p class='ocr_par' dir='ltr' id='par_1_65' title="bbox 245 3395 1711 3468">
     <span class='ocr_line' id='line_1_65' title="bbox 245 3395 1711 3468; baseline -0.002 -16"><span class='ocrx_word' id='word_1_462' title='bbox 245 3399 665 3467; x_wconf 69' lang='grc' dir='ltr'><em>Ἐ’ταπεινώθην</em></span> <span class='ocrx_word' id='word_1_463' title='bbox 705 3399 814 3465; x_wconf 82' lang='grc' dir='ltr'><em>ἕως</em></span> <span class='ocrx_word' id='word_1_464' title='bbox 860 3397 1108 3468; x_wconf 77' lang='grc' dir='ltr'><em>σφόδρα,</em></span> <span class='ocrx_word' id='word_1_465' title='bbox 1156 3399 1329 3465; x_wconf 81' lang='grc' dir='ltr'><em>Κύριε</em></span> <span class='ocrx_word' id='word_1_466' title='bbox 1351 3414 1363 3427; x_wconf 92' lang='grc'><strong>·</strong></span> <span class='ocrx_word' id='word_1_467' title='bbox 1411 3395 1610 3466; x_wconf 74' lang='grc' dir='ltr'><strong><em>ζ’ῆσόνΔ</em></strong></span> <span class='ocrx_word' id='word_1_468' title='bbox 1634 3415 1711 3465; x_wconf 81' lang='grc' dir='ltr'><em>με</em></span> 
     </span>
    </p>
   </div>
   <div class='ocr_carea' id='block_1_66' title="bbox 162 3484 1711 3557">
    <p class='ocr_par' dir='ltr' id='par_1_66' title="bbox 162 3484 1711 3557">
     <span class='ocr_line' id='line_1_66' title="bbox 162 3484 1711 3557; baseline -0.005 -15"><span class='ocrx_word' id='word_1_469' title='bbox 162 3488 313 3542; x_wconf 82' lang='grc' dir='ltr'><em>κατὰ</em></span> <span class='ocrx_word' id='word_1_470' title='bbox 358 3489 462 3541; x_wconf 78' lang='grc' dir='ltr'><em>τὸν</em></span> <span class='ocrx_word' id='word_1_471' title='bbox 502 3490 685 3557; x_wconf 70' lang='grc' dir='ltr'><em>λόγον</em></span> <span class='ocrx_word' id='word_1_472' title='bbox 720 3502 853 3540; x_wconf 91' lang='grc' dir='ltr'><em>σου.</em></span> <span class='ocrx_word' id='word_1_473' title='bbox 894 3486 970 3539; x_wconf 84' lang='grc' dir='ltr'><strong><em>Τὰ</em></strong></span> <span class='ocrx_word' id='word_1_474' title='bbox 998 3486 1241 3539; x_wconf 85' lang='grc' dir='ltr'><em>ἑκούσια</em></span> <span class='ocrx_word' id='word_1_475' title='bbox 1286 3484 1389 3537; x_wconf 87' lang='grc' dir='ltr'><em>τοῦ</em></span> <span class='ocrx_word' id='word_1_476' title='bbox 1420 3484 1711 3550; x_wconf 83' lang='grc' dir='ltr'><em>στόματός</em></span> 
     </span>
    </p>
   </div>
   <div class='ocr_carea' id='block_1_67' title="bbox 155 3570 1710 3645">
    <p class='ocr_par' dir='ltr' id='par_1_67' title="bbox 155 3570 1710 3645">
     <span class='ocr_line' id='line_1_67' title="bbox 155 3570 1710 3645; baseline -0.005 -15"><span class='ocrx_word' id='word_1_477' title='bbox 155 3594 275 3645; x_wconf 80' lang='grc' dir='ltr'><strong><em>μου</em></strong></span> <span class='ocrx_word' id='word_1_478' title='bbox 319 3572 653 3643; x_wconf 72' lang='grc' dir='ltr'><em>εὐδόκησον</em></span> <span class='ocrx_word' id='word_1_479' title='bbox 706 3574 804 3641; x_wconf 79' lang='grc' dir='ltr'><em>δὴ,</em></span> <span class='ocrx_word' id='word_1_480' title='bbox 839 3574 1030 3640; x_wconf 83' lang='grc' dir='ltr'><em>Κύριε,</em></span> <span class='ocrx_word' id='word_1_481' title='bbox 1062 3571 1161 3625; x_wconf 76' lang='grc' dir='ltr'><em>καὶ</em></span> <span class='ocrx_word' id='word_1_482' title='bbox 1204 3572 1275 3625; x_wconf 84' lang='grc' dir='ltr'><em>τὰ</em></span> <span class='ocrx_word' id='word_1_483' title='bbox 1323 3570 1569 3640; x_wconf 79' lang='grc' dir='ltr'><em>κρίματὰ</em></span> <span class='ocrx_word' id='word_1_484' title='bbox 1597 3586 1710 3623; x_wconf 84' lang='grc' dir='ltr'><strong><em>σου</em></strong></span> 
     </span>
    </p>
   </div>
   <div class='ocr_carea' id='block_1_68' title="bbox 162 3656 1710 3734">
    <p class='ocr_par' dir='ltr' id='par_1_68' title="bbox 162 3656 1710 3734">
     <span class='ocr_line' id='line_1_68' title="bbox 162 3656 1710 3734; baseline -0.007 -16"><span class='ocrx_word' id='word_1_485' title='bbox 162 3664 409 3729; x_wconf 80' lang='grc' dir='ltr'><em>δίδαξόν</em></span> <span class='ocrx_word' id='word_1_486' title='bbox 432 3681 524 3734; x_wconf 83' lang='grc' dir='ltr'><strong><em>με.</em></strong></span> <span class='ocrx_word' id='word_1_487' title='bbox 544 3662 601 3717; x_wconf 85' lang='grc' dir='ltr'><strong>Ἠ</strong></span> <span class='ocrx_word' id='word_1_488' title='bbox 631 3660 798 3729; x_wconf 69' lang='grc' dir='ltr'><strong><em>ψυχή</em></strong></span> <span class='ocrx_word' id='word_1_489' title='bbox 827 3676 942 3726; x_wconf 84' lang='grc' dir='ltr'><em>μου</em></span> <span class='ocrx_word' id='word_1_490' title='bbox 970 3660 1039 3712; x_wconf 85' lang='grc' dir='ltr'><em>ἐν</em></span> <span class='ocrx_word' id='word_1_491' title='bbox 1065 3660 1190 3724; x_wconf 85' lang='grc' dir='ltr'><em>ταῖς</em></span> <span class='ocrx_word' id='word_1_492' title='bbox 1232 3659 1401 3727; x_wconf 80' lang='grc' dir='ltr'><em>χερσί</em></span> <span class='ocrx_word' id='word_1_493' title='bbox 1436 3674 1554 3725; x_wconf 89' lang='grc' dir='ltr'><em>μου</em></span> <span class='ocrx_word' id='word_1_494' title='bbox 1586 3656 1710 3708; x_wconf 84' lang='grc' dir='ltr'><em>δια-</em></span> 
     </span>
    </p>
   </div>
   <div class='ocr_carea' id='block_1_69' title="bbox 164 3748 1705 3825">
    <p class='ocr_par' dir='ltr' id='par_1_69' title="bbox 164 3748 1705 3825">
     <span class='ocr_line' id='line_1_69' title="bbox 164 3748 1705 3825; baseline -0.007 -18"><span class='ocrx_word' id='word_1_495' title='bbox 164 3754 407 3825; x_wconf 80' lang='grc' dir='ltr'><em>παντὸς,</em></span> <span class='ocrx_word' id='word_1_496' title='bbox 447 3753 543 3807; x_wconf 79' lang='grc' dir='ltr'><em>καὶ</em></span> <span class='ocrx_word' id='word_1_497' title='bbox 596 3750 701 3804; x_wconf 84' lang='grc' dir='ltr'><em>τοῦ</em></span> <span class='ocrx_word' id='word_1_498' title='bbox 756 3752 940 3819; x_wconf 83' lang='grc' dir='ltr'><em>νόμου</em></span> <span class='ocrx_word' id='word_1_499' title='bbox 1001 3763 1115 3803; x_wconf 91' lang='grc' dir='ltr'><strong><em>σου</em></strong></span> <span class='ocrx_word' id='word_1_500' title='bbox 1163 3750 1272 3814; x_wconf 73' lang='grc' dir='ltr'><em>οὐκ</em></span> <span class='ocrx_word' id='word_1_501' title='bbox 1316 3748 1705 3814; x_wconf 80' lang='grc' dir='ltr'><strong><em>ἐπελαθόμην.</em></strong></span> 
     </span>
    </p>
   </div>
   <div class='ocr_carea' id='block_1_70' title="bbox 168 3836 1710 3915">
    <p class='ocr_par' dir='ltr' id='par_1_70' title="bbox 168 3836 1710 3915">
     <span class='ocr_line' id='line_1_70' title="bbox 168 3836 1710 3915; baseline -0.01 -12"><span class='ocrx_word' id='word_1_502' title='bbox 168 3852 405 3903; x_wconf 83' lang='grc' dir='ltr'><em>Ἔϐεντο</em></span> <span class='ocrx_word' id='word_1_503' title='bbox 438 3842 760 3915; x_wconf 79' lang='grc' dir='ltr'><em>ἁμαρτωλοὶ</em></span> <span class='ocrx_word' id='word_1_504' title='bbox 793 3840 1010 3911; x_wconf 76' lang='grc' dir='ltr'><em>παγίδα</em></span> <span class='ocrx_word' id='word_1_505' title='bbox 1035 3857 1155 3909; x_wconf 82' lang='grc' dir='ltr'><em>μοι,</em></span> <span class='ocrx_word' id='word_1_506' title='bbox 1186 3838 1281 3892; x_wconf 75' lang='grc' dir='ltr'><strong><em>καί</em></strong></span> <span class='ocrx_word' id='word_1_507' title='bbox 1306 3839 1372 3891; x_wconf 85' lang='grc' dir='ltr'><em>ἐκ</em></span> <span class='ocrx_word' id='word_1_508' title='bbox 1404 3836 1517 3889; x_wconf 83' lang='grc' dir='ltr'><strong><em>τῶν</em></strong></span> <span class='ocrx_word' id='word_1_509' title='bbox 1547 3838 1710 3889; x_wconf 81' lang='grc' dir='ltr'><em>ἐντο-</em></span> 
     </span>
    </p>
   </div>
   <div class='ocr_carea' id='block_1_71' title="bbox 163 3923 1710 3995">
    <p class='ocr_par' dir='ltr' id='par_1_71' title="bbox 163 3923 1710 3995">
     <span class='ocr_line' id='line_1_71' title="bbox 163 3923 1710 3995; baseline -0.013 -2"><span class='ocrx_word' id='word_1_510' title='bbox 163 3937 291 3993; x_wconf 83' lang='grc' dir='ltr'><em>λῶν</em></span> <span class='ocrx_word' id='word_1_511' title='bbox 320 3953 432 3990; x_wconf 84' lang='grc' dir='ltr'><strong><em>σου</em></strong></span> <span class='ocrx_word' id='word_1_512' title='bbox 464 3936 572 3987; x_wconf 80' lang='grc' dir='ltr'><em>οὐκ</em></span> <span class='ocrx_word' id='word_1_513' title='bbox 604 3928 966 3995; x_wconf 80' lang='grc' dir='ltr'><em>ἐπλανήθην.</em></span> <span class='ocrx_word' id='word_1_514' title='bbox 983 3928 1044 3979; x_wconf 83' lang='grc' dir='ltr'><em>Ἢ</em></span> <span class='ocrx_word' id='word_1_515' title='bbox 1072 3926 1213 3995; x_wconf 78' lang='grc' dir='ltr'><strong><em>ψυχή</em></strong></span> <span class='ocrx_word' id='word_1_516' title='bbox 1243 3942 1383 3986; x_wconf 86' lang='grc' dir='ltr'><em>τινος</em></span> <span class='ocrx_word' id='word_1_517' title='bbox 1428 3924 1485 3975; x_wconf 82' lang='grc' dir='ltr'>ὲν</span> <span class='ocrx_word' id='word_1_518' title='bbox 1530 3923 1710 3993; x_wconf 72' lang='grc' dir='ltr'><em>χερσὶν</em></span> 
     </span>
    </p>
   </div>
   <div class='ocr_carea' id='block_1_72' title="bbox 164 4010 1711 4084">
    <p class='ocr_par' dir='ltr' id='par_1_72' title="bbox 164 4010 1711 4084">
     <span class='ocr_line' id='line_1_72' title="bbox 164 4010 1711 4084; baseline -0.013 -3"><span class='ocrx_word' id='word_1_519' title='bbox 164 4026 329 4080; x_wconf 67' lang='grc' dir='ltr'><em>αὑτοῦ</em></span> <span class='ocrx_word' id='word_1_520' title='bbox 360 4027 523 4084; x_wconf 76' lang='grc' dir='ltr'><em>ἐστιν,</em></span> <span class='ocrx_word' id='word_1_521' title='bbox 540 4020 593 4073; x_wconf 81' lang='grc' dir='ltr'><em>εἴ</em></span> <span class='ocrx_word' id='word_1_522' title='bbox 608 4035 735 4072; x_wconf 70' lang='grc' dir='ltr'><em>ποτε</em></span> <span class='ocrx_word' id='word_1_523' title='bbox 760 4019 816 4069; x_wconf 83' lang='grc' dir='ltr'>ὲν</span> <span class='ocrx_word' id='word_1_524' title='bbox 848 4014 1103 4075; x_wconf 79' lang='grc' dir='ltr'><em>κινδύνοις</em></span> <span class='ocrx_word' id='word_1_525' title='bbox 1130 4013 1432 4082; x_wconf 81' lang='grc' dir='ltr'><em>γεγένηται,</em></span> <span class='ocrx_word' id='word_1_526' title='bbox 1452 4010 1711 4064; x_wconf 76' lang='grc' dir='ltr'><em>καὶτοῦτο</em></span> 
     </span>
    </p>
   </div>
   <div class='ocr_carea' id='block_1_73' title="bbox 163 4094 1710 4191">
    <p class='ocr_par' dir='ltr' id='par_1_73' title="bbox 163 4094 1710 4191">
     <span class='ocr_line' id='line_1_73' title="bbox 163 4094 1710 4191; baseline -0.014 -19"><span class='ocrx_word' id='word_1_527' title='bbox 163 4123 197 4191; x_wconf 73' lang='grc' dir='ltr'>ἡ</span> <span class='ocrx_word' id='word_1_528' title='bbox 232 4116 488 4187; x_wconf 79' lang='grc' dir='ltr'><em>συνήθεια.</em></span> <span class='ocrx_word' id='word_1_529' title='bbox 525 4110 669 4177; x_wconf 80' lang='grc' dir='ltr'><em>λέγει</em></span> <span class='ocrx_word' id='word_1_530' title='bbox 696 4110 807 4162; x_wconf 87' lang='grc' dir='ltr'><em>δτι·</em></span> <span class='ocrx_word' id='word_1_531' title='bbox 843 4094 952 4176; x_wconf 83' lang='grc' dir='ltr'><strong><em>Τὴν</em></strong></span> <span class='ocrx_word' id='word_1_532' title='bbox 971 4104 1145 4173; x_wconf 77' lang='grc' dir='ltr'><strong><em>ψυχήν</em></strong></span> <span class='ocrx_word' id='word_1_533' title='bbox 1180 4119 1280 4173; x_wconf 87' lang='grc' dir='ltr'><strong><em>μου</em></strong></span> <span class='ocrx_word' id='word_1_534' title='bbox 1312 4098 1452 4171; x_wconf 84' lang='grc' dir='ltr'><em>εἶχον</em></span> <span class='ocrx_word' id='word_1_535' title='bbox 1490 4104 1567 4163; x_wconf 81' lang='grc' dir='ltr'><strong><em>είς</em></strong></span> <span class='ocrx_word' id='word_1_536' title='bbox 1596 4100 1710 4191; x_wconf 63' lang='grc' dir='ltr'><strong><em>Δτᾶις</em></strong></span> 
     </span>
    </p>
   </div>
   <div class='ocr_carea' id='block_1_74' title="bbox 165 4188 1711 4281">
    <p class='ocr_par' dir='ltr' id='par_1_74' title="bbox 165 4188 1711 4281">
     <span class='ocr_line' id='line_1_74' title="bbox 165 4188 1711 4281; baseline -0.014 -18"><span class='ocrx_word' id='word_1_537' title='bbox 165 4188 355 4281; x_wconf 50' lang='grc' dir='ltr'><strong><em>χεῖράς</em></strong></span> <span class='ocrx_word' id='word_1_538' title='bbox 403 4199 679 4274; x_wconf 83' lang='grc' dir='ltr'><strong><em>μου.Ἐγὼ</em></strong></span> <span class='ocrx_word' id='word_1_539' title='bbox 726 4192 836 4260; x_wconf 82' lang='grc' dir='ltr'><em>οὖν,</em></span> <span class='ocrx_word' id='word_1_540' title='bbox 872 4196 1029 4263; x_wconf 77' lang='grc' dir='ltr'><em>φησὶν</em></span> <span class='ocrx_word' id='word_1_541' title='bbox 1073 4194 1101 4245; x_wconf 75' lang='grc' dir='ltr'>ὁ</span> <span class='ocrx_word' id='word_1_542' title='bbox 1140 4193 1358 4255; x_wconf 87' lang='grc' dir='ltr'><em>δίκαιος,</em></span> <span class='ocrx_word' id='word_1_543' title='bbox 1396 4188 1711 4261; x_wconf 79' lang='grc' dir='ltr'><em>καθημέραν</em></span> 
     </span>
    </p>
   </div>
   <div class='ocr_carea' id='block_1_75' title="bbox 166 4282 1711 4366">
    <p class='ocr_par' dir='ltr' id='par_1_75' title="bbox 166 4282 1711 4366">
     <span class='ocr_line' id='line_1_75' title="bbox 166 4282 1711 4366; baseline -0.014 -13"><span class='ocrx_word' id='word_1_544' title='bbox 166 4297 513 4366; x_wconf 78' lang='grc' dir='ltr'><em>ἀποθνήσκω,</em></span> <span class='ocrx_word' id='word_1_545' title='bbox 541 4292 625 4344; x_wconf 73' lang='grc' dir='ltr'><strong><em>ἀεὶ</em></strong></span> <span class='ocrx_word' id='word_1_546' title='bbox 650 4285 935 4341; x_wconf 79' lang='grc' dir='ltr'><em>κινδυνεύω</em></span> <span class='ocrx_word' id='word_1_547' title='bbox 966 4285 1049 4338; x_wconf 77' lang='grc' dir='ltr'><em>διὰ</em></span> <span class='ocrx_word' id='word_1_548' title='bbox 1073 4285 1161 4336; x_wconf 84' lang='grc' dir='ltr'>τὸν</span> <span class='ocrx_word' id='word_1_549' title='bbox 1193 4283 1343 4350; x_wconf 82' lang='grc' dir='ltr'><strong><em>λόγον</em></strong></span> <span class='ocrx_word' id='word_1_550' title='bbox 1370 4299 1483 4344; x_wconf 84' lang='grc' dir='ltr'><em>σου,</em></span> <span class='ocrx_word' id='word_1_551' title='bbox 1506 4282 1592 4334; x_wconf 83' lang='grc' dir='ltr'><em>διὰ</em></span> <span class='ocrx_word' id='word_1_552' title='bbox 1614 4282 1711 4352; x_wconf 81' lang='grc' dir='ltr'><strong><em>τὴν</em></strong></span> 
     </span>
    </p>
   </div>
   <div class='ocr_carea' id='block_1_76' title="bbox 164 4372 1713 4459">
    <p class='ocr_par' dir='ltr' id='par_1_76' title="bbox 164 4372 1713 4459">
     <span class='ocr_line' id='line_1_76' title="bbox 164 4372 1713 4459; baseline -0.013 -15"><span class='ocrx_word' id='word_1_553' title='bbox 164 4387 443 4459; x_wconf 77' lang='grc' dir='ltr'><em>ἀλήθειαν,</em></span> <span class='ocrx_word' id='word_1_554' title='bbox 473 4385 557 4436; x_wconf 85' lang='grc' dir='ltr'><em>διὰ</em></span> <span class='ocrx_word' id='word_1_555' title='bbox 590 4381 678 4433; x_wconf 77' lang='grc' dir='ltr'><strong><em>τὸν</em></strong></span> <span class='ocrx_word' id='word_1_556' title='bbox 716 4379 950 4447; x_wconf 74' lang='grc' dir='ltr'><em>ἔλεγχον,</em></span> <span class='ocrx_word' id='word_1_557' title='bbox 978 4376 1065 4429; x_wconf 81' lang='grc' dir='ltr'><em>διὰ</em></span> <span class='ocrx_word' id='word_1_558' title='bbox 1091 4375 1185 4445; x_wconf 79' lang='grc' dir='ltr'><strong><em>τὴν</em></strong></span> <span class='ocrx_word' id='word_1_559' title='bbox 1216 4374 1484 4443; x_wconf 75' lang='grc' dir='ltr'><em>βασιλείαν</em></span> <span class='ocrx_word' id='word_1_560' title='bbox 1521 4374 1584 4444; x_wconf 72' lang='grc' dir='ltr'><strong><em>ἣν</em></strong></span> <span class='ocrx_word' id='word_1_561' title='bbox 1620 4372 1713 4443; x_wconf 82' lang='grc' dir='ltr'><strong><em>βα-</em></strong></span> 
     </span>
    </p>
   </div>
   <div class='ocr_carea' id='block_1_77' title="bbox 1877 3386 3338 3457">
    <p class='ocr_par' dir='ltr' id='par_1_77' title="bbox 1877 3386 3338 3457">
     <span class='ocr_line' id='line_1_77' title="bbox 1877 3386 3338 3457; baseline -0.001 -14"><span class='ocrx_word' id='word_1_562' title='bbox 1877 3388 2040 3443; x_wconf 75' lang='lat' dir='ltr'><strong><em>Vsns.</em></strong></span> <span class='ocrx_word' id='word_1_563' title='bbox 2083 3387 2374 3443; x_wconf 71' lang='lat'><strong>107-112.</strong></span> <span class='ocrx_word' id='word_1_564' title='bbox 2433 3386 2750 3439; x_wconf 76' lang='lat' dir='ltr'><strong><em>llnnziliatus</em></strong></span> <span class='ocrx_word' id='word_1_565' title='bbox 2802 3401 2916 3438; x_wconf 84' lang='lat' dir='ltr'><strong><em>sum</em></strong></span> <span class='ocrx_word' id='word_1_566' title='bbox 2965 3402 3338 3457; x_wconf 84' lang='lat' dir='ltr'><strong><em>usquequaque,</em></strong></span> 
     </span>
    </p>
   </div>
   <div class='ocr_carea' id='block_1_78' title="bbox 1812 3468 3343 3548">
    <p class='ocr_par' dir='ltr' id='par_1_78' title="bbox 1812 3468 3343 3548">
     <span class='ocr_line' id='line_1_78' title="bbox 1812 3468 3343 3548; baseline -0.002 -13"><span class='ocrx_word' id='word_1_567' title='bbox 1812 3481 2026 3535; x_wconf 89' lang='lat' dir='ltr'><strong><em>Domine</em></strong></span> <span class='ocrx_word' id='word_1_568' title='bbox 2061 3495 2078 3532; x_wconf 89' lang='lat'><em>:</em></span> <span class='ocrx_word' id='word_1_569' title='bbox 2117 3481 2318 3548; x_wconf 78' lang='lat' dir='ltr'><strong><em>vivi/ica</em></strong></span> <span class='ocrx_word' id='word_1_570' title='bbox 2358 3496 2436 3532; x_wconf 90' lang='lat' dir='ltr'><strong><em>me</em></strong></span> <span class='ocrx_word' id='word_1_571' title='bbox 2474 3477 2749 3531; x_wconf 82' lang='lat' dir='ltr'><strong><em>secundum</em></strong></span> <span class='ocrx_word' id='word_1_572' title='bbox 2783 3476 2990 3529; x_wconf 83' lang='lat' dir='ltr'><strong><em>verbum</em></strong></span> <span class='ocrx_word' id='word_1_573' title='bbox 3040 3468 3199 3530; x_wconf 82' lang='lat' dir='ltr'><strong><em>tuum.</em></strong></span> <span class='ocrx_word' id='word_1_574' title='bbox 3246 3479 3343 3532; x_wconf 75' lang='lat' dir='ltr'><strong><em>Vo-</em></strong></span> 
     </span>
    </p>
   </div>
   <div class='ocr_carea' id='block_1_79' title="bbox 1809 3564 3343 3637">
    <p class='ocr_par' dir='ltr' id='par_1_79' title="bbox 1809 3564 3343 3637">
     <span class='ocr_line' id='line_1_79' title="bbox 1809 3564 3343 3637; baseline -0.004 -11"><span class='ocrx_word' id='word_1_575' title='bbox 1809 3574 2041 3626; x_wconf 86' lang='lat' dir='ltr'><strong><em>luntaria</em></strong></span> <span class='ocrx_word' id='word_1_576' title='bbox 2080 3573 2185 3624; x_wconf 85' lang='lat' dir='ltr'><strong><em>oris</em></strong></span> <span class='ocrx_word' id='word_1_577' title='bbox 2215 3571 2312 3623; x_wconf 88' lang='lat' dir='ltr'><strong><em>mei</em></strong></span> <span class='ocrx_word' id='word_1_578' title='bbox 2343 3569 2658 3637; x_wconf 85' lang='lat' dir='ltr'><strong><em>beneplacita</em></strong></span> <span class='ocrx_word' id='word_1_579' title='bbox 2692 3566 2797 3634; x_wconf 81' lang='lat' dir='ltr'><strong><em>fac,</em></strong></span> <span class='ocrx_word' id='word_1_580' title='bbox 2834 3564 3075 3628; x_wconf 84' lang='lat' dir='ltr'><strong><em>Domine,</em></strong></span> <span class='ocrx_word' id='word_1_581' title='bbox 3113 3576 3161 3618; x_wconf 90' lang='lat' dir='ltr'><strong><em>et</em></strong></span> <span class='ocrx_word' id='word_1_582' title='bbox 3192 3568 3343 3635; x_wconf 85' lang='lat' dir='ltr'><strong><em>judi-</em></strong></span> 
     </span>
    </p>
   </div>
   <div class='ocr_carea' id='block_1_80' title="bbox 1809 3655 3341 3715">
    <p class='ocr_par' dir='ltr' id='par_1_80' title="bbox 1809 3655 3341 3715">
     <span class='ocr_line' id='line_1_80' title="bbox 1809 3655 3341 3715; baseline -0.005 0"><span class='ocrx_word' id='word_1_583' title='bbox 1809 3663 1889 3715; x_wconf 88' lang='lat' dir='ltr'><strong><em>cia</em></strong></span> <span class='ocrx_word' id='word_1_584' title='bbox 1921 3672 2013 3714; x_wconf 88' lang='lat' dir='ltr'><strong><em>tua</em></strong></span> <span class='ocrx_word' id='word_1_585' title='bbox 2049 3659 2171 3713; x_wconf 85' lang='lat' dir='ltr'><strong><em>doce</em></strong></span> <span class='ocrx_word' id='word_1_586' title='bbox 2201 3675 2298 3711; x_wconf 84' lang='lat' dir='ltr'><strong><em>me.</em></strong></span> <span class='ocrx_word' id='word_1_587' title='bbox 2327 3659 2516 3710; x_wconf 82' lang='lat' dir='ltr'><strong><em>Anima</em></strong></span> <span class='ocrx_word' id='word_1_588' title='bbox 2548 3672 2658 3708; x_wconf 89' lang='lat' dir='ltr'><strong><em>mea</em></strong></span> <span class='ocrx_word' id='word_1_589' title='bbox 2685 3656 2737 3706; x_wconf 90' lang='lat' dir='ltr'><strong><em>in</em></strong></span> <span class='ocrx_word' id='word_1_590' title='bbox 2768 3655 3004 3706; x_wconf 84' lang='lat' dir='ltr'><strong><em>manibus</em></strong></span> <span class='ocrx_word' id='word_1_591' title='bbox 3051 3656 3177 3708; x_wconf 81' lang='lat' dir='ltr'><strong><em>meis</em></strong></span> <span class='ocrx_word' id='word_1_592' title='bbox 3206 3673 3341 3709; x_wconf 85' lang='lat' dir='ltr'><strong><em>sem-</em></strong></span> 
     </span>
    </p>
   </div>
   <div class='ocr_carea' id='block_1_81' title="bbox 1806 3743 3343 3822">
    <p class='ocr_par' dir='ltr' id='par_1_81' title="bbox 1806 3743 3343 3822">
     <span class='ocr_line' id='line_1_81' title="bbox 1806 3743 3343 3822; baseline -0.007 -14"><span class='ocrx_word' id='word_1_593' title='bbox 1806 3770 1915 3822; x_wconf 91' lang='lat' dir='ltr'><strong><em>per,</em></strong></span> <span class='ocrx_word' id='word_1_594' title='bbox 1947 3763 1994 3807; x_wconf 92' lang='lat' dir='ltr'><strong><em>et</em></strong></span> <span class='ocrx_word' id='word_1_595' title='bbox 2024 3754 2181 3821; x_wconf 87' lang='lat' dir='ltr'><strong><em>legem</em></strong></span> <span class='ocrx_word' id='word_1_596' title='bbox 2210 3762 2352 3802; x_wconf 83' lang='lat' dir='ltr'><strong><em>tuam</em></strong></span> <span class='ocrx_word' id='word_1_597' title='bbox 2384 3764 2483 3801; x_wconf 89' lang='lat' dir='ltr'><strong><em>non</em></strong></span> <span class='ocrx_word' id='word_1_598' title='bbox 2511 3762 2625 3800; x_wconf 91' lang='lat' dir='ltr'><strong><em>sum</em></strong></span> <span class='ocrx_word' id='word_1_599' title='bbox 2663 3745 2871 3797; x_wconf 84' lang='lat' dir='ltr'><strong><em>oblitus.</em></strong></span> <span class='ocrx_word' id='word_1_600' title='bbox 2906 3743 3198 3797; x_wconf 86' lang='lat' dir='ltr'><strong><em>Pasuerunt</em></strong></span> <span class='ocrx_word' id='word_1_601' title='bbox 3232 3761 3343 3812; x_wconf 77' lang='lat' dir='ltr'><strong><em>pec-</em></strong></span> 
     </span>
    </p>
   </div>
   <div class='ocr_carea' id='block_1_82' title="bbox 1808 3832 3338 3909">
    <p class='ocr_par' dir='ltr' id='par_1_82' title="bbox 1808 3832 3338 3909">
     <span class='ocr_line' id='line_1_82' title="bbox 1808 3832 3338 3909; baseline -0.005 -13"><span class='ocrx_word' id='word_1_602' title='bbox 1808 3854 2007 3897; x_wconf 88' lang='lat' dir='ltr'><strong><em>catores</em></strong></span> <span class='ocrx_word' id='word_1_603' title='bbox 2031 3842 2267 3909; x_wconf 83' lang='lat' dir='ltr'><strong><em>laqueum</em></strong></span> <span class='ocrx_word' id='word_1_604' title='bbox 2290 3837 2440 3900; x_wconf 83' lang='lat' dir='ltr'><strong><em>mihi,</em></strong></span> <span class='ocrx_word' id='word_1_605' title='bbox 2461 3845 2508 3888; x_wconf 91' lang='lat' dir='ltr'><strong><em>et</em></strong></span> <span class='ocrx_word' id='word_1_606' title='bbox 2532 3835 2593 3886; x_wconf 91' lang='lat' dir='ltr'><strong><em>de</em></strong></span> <span class='ocrx_word' id='word_1_607' title='bbox 2610 3834 2869 3888; x_wconf 79' lang='lat' dir='ltr'><strong><em>mandatis</em></strong></span> <span class='ocrx_word' id='word_1_608' title='bbox 2901 3832 3002 3885; x_wconf 84' lang='lat' dir='ltr'><strong><em>tuis</em></strong></span> <span class='ocrx_word' id='word_1_609' title='bbox 3031 3850 3129 3887; x_wconf 84' lang='lat' dir='ltr'><strong><em>non</em></strong></span> <span class='ocrx_word' id='word_1_610' title='bbox 3149 3838 3338 3888; x_wconf 75' lang='lat' dir='ltr'><strong><em>erravi.</em></strong></span> 
     </span>
    </p>
   </div>
   <div class='ocr_carea' id='block_1_83' title="bbox 1806 3924 3342 3998">
    <p class='ocr_par' dir='ltr' id='par_1_83' title="bbox 1806 3924 3342 3998">
     <span class='ocr_line' id='line_1_83' title="bbox 1806 3924 3342 3998; baseline -0.003 -13"><span class='ocrx_word' id='word_1_611' title='bbox 1806 3933 1999 3986; x_wconf 85' lang='lat' dir='ltr'><strong><em>Anima</em></strong></span> <span class='ocrx_word' id='word_1_612' title='bbox 2039 3929 2276 3998; x_wconf 83' lang='lat' dir='ltr'><strong><em>cujusvis</em></strong></span> <span class='ocrx_word' id='word_1_613' title='bbox 2308 3928 2361 3981; x_wconf 90' lang='lat' dir='ltr'><strong><em>in</em></strong></span> <span class='ocrx_word' id='word_1_614' title='bbox 2391 3925 2639 3979; x_wconf 88' lang='lat' dir='ltr'><strong><em>manibus</em></strong></span> <span class='ocrx_word' id='word_1_615' title='bbox 2666 3925 2783 3992; x_wconf 85' lang='lat' dir='ltr'><strong><em>ejus</em></strong></span> <span class='ocrx_word' id='word_1_616' title='bbox 2828 3933 2931 3987; x_wconf 83' lang='lat' dir='ltr'><strong><em>est,</em></strong></span> <span class='ocrx_word' id='word_1_617' title='bbox 2966 3924 3010 3979; x_wconf 89' lang='lat' dir='ltr'><strong><em>si</em></strong></span> <span class='ocrx_word' id='word_1_618' title='bbox 3045 3927 3257 3993; x_wconf 83' lang='lat' dir='ltr'><strong><em>quando</em></strong></span> <span class='ocrx_word' id='word_1_619' title='bbox 3287 3928 3342 3980; x_wconf 88' lang='lat' dir='ltr'><strong><em>in</em></strong></span> 
     </span>
    </p>
   </div>
   <div class='ocr_carea' id='block_1_84' title="bbox 1808 4015 3341 4093">
    <p class='ocr_par' dir='ltr' id='par_1_84' title="bbox 1808 4015 3341 4093">
     <span class='ocr_line' id='line_1_84' title="bbox 1808 4015 3341 4093; baseline -0.004 -15"><span class='ocrx_word' id='word_1_620' title='bbox 1808 4022 2061 4093; x_wconf 84' lang='lat' dir='ltr'><strong><em>periculis</em></strong></span> <span class='ocrx_word' id='word_1_621' title='bbox 2086 4027 2348 4080; x_wconf 81' lang='lat' dir='ltr'><strong><em>versetur,</em></strong></span> <span class='ocrx_word' id='word_1_622' title='bbox 2379 4023 2537 4086; x_wconf 80' lang='lat' dir='ltr'><strong><em>atque</em></strong></span> <span class='ocrx_word' id='word_1_623' title='bbox 2565 4030 2629 4069; x_wconf 77' lang='lat' dir='ltr'><strong><em>ex</em></strong></span> <span class='ocrx_word' id='word_1_624' title='bbox 2661 4015 3047 4070; x_wconf 87' lang='lat' dir='ltr'><strong><em>consuetudine</em></strong></span> <span class='ocrx_word' id='word_1_625' title='bbox 3082 4018 3180 4071; x_wconf 88' lang='lat' dir='ltr'><strong><em>hoc</em></strong></span> <span class='ocrx_word' id='word_1_626' title='bbox 3204 4018 3341 4071; x_wconf 78' lang='lat' dir='ltr'><strong><em>diei-</em></strong></span> 
     </span>
    </p>
   </div>
   <div class='ocr_carea' id='block_1_85' title="bbox 1808 4105 3341 4176">
    <p class='ocr_par' dir='ltr' id='par_1_85' title="bbox 1808 4105 3341 4176">
     <span class='ocr_line' id='line_1_85' title="bbox 1808 4105 3341 4176; baseline -0.002 -12"><span class='ocrx_word' id='word_1_627' title='bbox 1808 4120 1894 4166; x_wconf 90' lang='lat' dir='ltr'><strong><em>tur</em></strong></span> <span class='ocrx_word' id='word_1_628' title='bbox 1926 4110 2211 4164; x_wconf 83' lang='lat' dir='ltr'><strong><em>:Animam</em></strong></span> <span class='ocrx_word' id='word_1_629' title='bbox 2243 4122 2412 4163; x_wconf 85' lang='lat' dir='ltr'><strong><em>meam</em></strong></span> <span class='ocrx_word' id='word_1_630' title='bbox 2444 4107 2497 4159; x_wconf 91' lang='lat' dir='ltr'><strong><em>in</em></strong></span> <span class='ocrx_word' id='word_1_631' title='bbox 2540 4106 2791 4160; x_wconf 89' lang='lat' dir='ltr'><strong><em>manibus</em></strong></span> <span class='ocrx_word' id='word_1_632' title='bbox 2824 4105 2957 4159; x_wconf 86' lang='lat' dir='ltr'><strong><em>meis</em></strong></span> <span class='ocrx_word' id='word_1_633' title='bbox 3000 4107 3177 4161; x_wconf 85' lang='lat' dir='ltr'><strong><em>habui.</em></strong></span> <span class='ocrx_word' id='word_1_634' title='bbox 3233 4106 3341 4176; x_wconf 81' lang='lat' dir='ltr'><strong><em>Ego</em></strong></span> 
     </span>
    </p>
   </div>
   <div class='ocr_carea' id='block_1_86' title="bbox 1790 4190 3335 4270">
    <p class='ocr_par' dir='ltr' id='par_1_86' title="bbox 1790 4190 3335 4270">
     <span class='ocr_line' id='line_1_86' title="bbox 1790 4190 3335 4270; baseline -0.004 -15"><span class='ocrx_word' id='word_1_635' title='bbox 1790 4200 2010 4270; x_wconf 82' lang='lat' dir='ltr'><strong><em>itaque,</em></strong></span> <span class='ocrx_word' id='word_1_636' title='bbox 2033 4201 2107 4253; x_wconf 89' lang='lat' dir='ltr'><strong><em>ait</em></strong></span> <span class='ocrx_word' id='word_1_637' title='bbox 2131 4192 2334 4268; x_wconf 82' lang='lat' dir='ltr'><strong><em>justus,</em></strong></span> <span class='ocrx_word' id='word_1_638' title='bbox 2370 4195 2609 4267; x_wconf 87' lang='lat' dir='ltr'><strong><em>quotidie</em></strong></span> <span class='ocrx_word' id='word_1_639' title='bbox 2638 4190 2858 4259; x_wconf 81' lang='lat' dir='ltr'><strong><em>morior,</em></strong></span> <span class='ocrx_word' id='word_1_640' title='bbox 2896 4213 3102 4264; x_wconf 58' lang='lat' dir='ltr'><strong><em>suntper</em></strong></span> <span class='ocrx_word' id='word_1_641' title='bbox 3129 4199 3197 4250; x_wconf 91' lang='lat' dir='ltr'><strong><em>ob</em></strong></span> <span class='ocrx_word' id='word_1_642' title='bbox 3221 4211 3335 4251; x_wconf 80' lang='lat' dir='ltr'><strong><em>ser-</em></strong></span> 
     </span>
    </p>
   </div>
   <div class='ocr_carea' id='block_1_87' title="bbox 1811 4282 3339 4359">
    <p class='ocr_par' dir='ltr' id='par_1_87' title="bbox 1811 4282 3339 4359">
     <span class='ocr_line' id='line_1_87' title="bbox 1811 4282 3339 4359; baseline -0.003 -12"><span class='ocrx_word' id='word_1_643' title='bbox 1811 4308 2021 4347; x_wconf 89' lang='lat' dir='ltr'><strong><em>monem</em></strong></span> <span class='ocrx_word' id='word_1_644' title='bbox 2055 4282 2209 4346; x_wconf 17' lang='lat' dir='ltr'><strong><em>tuum‘</em></strong></span> <span class='ocrx_word' id='word_1_645' title='bbox 2229 4293 2285 4345; x_wconf 87' lang='lat' dir='ltr'><strong><em>in</em></strong></span> <span class='ocrx_word' id='word_1_646' title='bbox 2312 4289 2549 4359; x_wconf 88' lang='lat' dir='ltr'><strong><em>periculo</em></strong></span> <span class='ocrx_word' id='word_1_647' title='bbox 2575 4304 2779 4351; x_wconf 89' lang='lat' dir='ltr'><strong><em>versor,</em></strong></span> <span class='ocrx_word' id='word_1_648' title='bbox 2808 4302 3022 4357; x_wconf 82' lang='lat' dir='ltr'><strong><em>propter</em></strong></span> <span class='ocrx_word' id='word_1_649' title='bbox 3045 4290 3339 4352; x_wconf 83' lang='lat' dir='ltr'><strong><em>veritatem,</em></strong></span> 
     </span>
    </p>
   </div>
   <div class='ocr_carea' id='block_1_88' title="bbox 1812 4381 3340 4458">
    <p class='ocr_par' dir='ltr' id='par_1_88' title="bbox 1812 4381 3340 4458">
     <span class='ocr_line' id='line_1_88' title="bbox 1812 4381 3340 4458; baseline -0.007 -16"><span class='ocrx_word' id='word_1_650' title='bbox 1812 4396 2031 4458; x_wconf 87' lang='lat' dir='ltr'><strong><em>propter</em></strong></span> <span class='ocrx_word' id='word_1_651' title='bbox 2055 4382 2544 4452; x_wconf 77' lang='lat' dir='ltr'><strong><em>reprehensionem,</em></strong></span> <span class='ocrx_word' id='word_1_652' title='bbox 2568 4389 2786 4450; x_wconf 82' lang='lat' dir='ltr'><strong><em>propter</em></strong></span> <span class='ocrx_word' id='word_1_653' title='bbox 2818 4397 3037 4449; x_wconf 80' lang='lat' dir='ltr'><strong><em>regnum</em></strong></span> <span class='ocrx_word' id='word_1_654' title='bbox 3060 4381 3143 4434; x_wconf 80' lang='lat' dir='ltr'><strong><em>cui</em></strong></span> <span class='ocrx_word' id='word_1_655' title='bbox 3171 4382 3340 4450; x_wconf 83' lang='lat' dir='ltr'><strong><em>impe-</em></strong></span> 
     </span>
    </p>
   </div>
   <div class='ocr_carea' id='block_1_89' title="bbox 168 4465 1703 4545">
    <p class='ocr_par' dir='ltr' id='par_1_89' title="bbox 168 4466 1703 4540">
     <span class='ocr_line' id='line_1_89' title="bbox 168 4466 1703 4540; baseline -0.015 -1"><span class='ocrx_word' id='word_1_656' title='bbox 168 4482 392 4539; x_wconf 78' lang='grc' dir='ltr'><em>σιλεύω·</em></span> <span class='ocrx_word' id='word_1_657' title='bbox 425 4480 517 4532; x_wconf 74' lang='grc' dir='ltr'><em>καὶ</em></span> <span class='ocrx_word' id='word_1_658' title='bbox 548 4476 633 4531; x_wconf 84' lang='grc' dir='ltr'><em>διὰ</em></span> <span class='ocrx_word' id='word_1_659' title='bbox 664 4474 833 4529; x_wconf 79' lang='grc' dir='ltr'><em>ταῦτα</em></span> <span class='ocrx_word' id='word_1_660' title='bbox 867 4474 904 4540; x_wconf 82' lang='grc' dir='ltr'><strong>ή</strong></span> <span class='ocrx_word' id='word_1_661' title='bbox 934 4469 1099 4539; x_wconf 68' lang='grc' dir='ltr'><em>ψυχή</em></span> <span class='ocrx_word' id='word_1_662' title='bbox 1133 4485 1249 4537; x_wconf 83' lang='grc' dir='ltr'><em>μου</em></span> <span class='ocrx_word' id='word_1_663' title='bbox 1288 4468 1355 4519; x_wconf 84' lang='grc' dir='ltr'><em>ἐν</em></span> <span class='ocrx_word' id='word_1_664' title='bbox 1382 4466 1507 4531; x_wconf 85' lang='grc' dir='ltr'><em>ταῖς</em></span> <span class='ocrx_word' id='word_1_665' title='bbox 1544 4481 1703 4533; x_wconf 69' lang='grc' dir='ltr'><em>χερσί</em></span> 
     </span>
    </p>
   </div>
   <div class='ocr_carea' id='block_1_90' title="bbox 1803 4465 3343 4545">
    <p class='ocr_par' dir='ltr' id='par_1_90' title="bbox 1814 4469 3343 4543">
     <span class='ocr_line' id='line_1_90' title="bbox 1814 4469 3343 4543; baseline -0.004 -12"><span class='ocrx_word' id='word_1_666' title='bbox 1814 4492 1875 4531; x_wconf 88' lang='lat' dir='ltr'><strong><em>ro</em></strong></span> <span class='ocrx_word' id='word_1_667' title='bbox 1905 4495 1919 4543; x_wconf 88' lang='lat'><strong>;</strong></span> <span class='ocrx_word' id='word_1_668' title='bbox 1947 4483 1999 4531; x_wconf 86' lang='lat' dir='ltr'><strong><em>et</em></strong></span> <span class='ocrx_word' id='word_1_669' title='bbox 2019 4476 2137 4539; x_wconf 83' lang='lat' dir='ltr'><strong><em>ideo</em></strong></span> <span class='ocrx_word' id='word_1_670' title='bbox 2161 4474 2337 4525; x_wconf 89' lang='lat' dir='ltr'><strong><em>anima</em></strong></span> <span class='ocrx_word' id='word_1_671' title='bbox 2358 4487 2470 4523; x_wconf 89' lang='lat' dir='ltr'><strong><em>mea</em></strong></span> <span class='ocrx_word' id='word_1_672' title='bbox 2494 4471 2547 4523; x_wconf 88' lang='lat' dir='ltr'><strong><em>in</em></strong></span> <span class='ocrx_word' id='word_1_673' title='bbox 2568 4471 2806 4523; x_wconf 82' lang='lat' dir='ltr'><strong><em>manibus</em></strong></span> <span class='ocrx_word' id='word_1_674' title='bbox 2834 4472 2958 4523; x_wconf 86' lang='lat' dir='ltr'><strong><em>meis</em></strong></span> <span class='ocrx_word' id='word_1_675' title='bbox 2987 4486 3194 4538; x_wconf 89' lang='lat' dir='ltr'><strong><em>semper.</em></strong></span> <span class='ocrx_word' id='word_1_676' title='bbox 3227 4469 3343 4525; x_wconf 82' lang='lat' dir='ltr'><strong><em>Non</em></strong></span> 
     </span>
    </p>
   </div>
   <div class='ocr_carea' id='block_1_91' title="bbox 161 4556 1713 4648">
    <p class='ocr_par' dir='ltr' id='par_1_91' title="bbox 161 4556 1713 4648">
     <span class='ocr_line' id='line_1_91' title="bbox 161 4556 1713 4648; baseline -0.015 -19"><span class='ocrx_word' id='word_1_677' title='bbox 161 4593 285 4645; x_wconf 81' lang='grc' dir='ltr'><em>μου</em></span> <span class='ocrx_word' id='word_1_678' title='bbox 305 4568 640 4633; x_wconf 81' lang='grc' dir='ltr'><em>διαπαντός.</em></span> <span class='ocrx_word' id='word_1_679' title='bbox 656 4566 729 4619; x_wconf 84' lang='grc' dir='ltr'><strong><em>Οὐ</em></strong></span> <span class='ocrx_word' id='word_1_680' title='bbox 750 4564 856 4648; x_wconf 41' lang='lat' dir='ltr'><strong><em>{dp</em></strong></span> <span class='ocrx_word' id='word_1_681' title='bbox 873 4566 900 4616; x_wconf 91' lang='grc' dir='ltr'>ὁ</span> <span class='ocrx_word' id='word_1_682' title='bbox 916 4560 1154 4621; x_wconf 86' lang='grc' dir='ltr'><em>κίνδυνος</em></span> <span class='ocrx_word' id='word_1_683' title='bbox 1176 4556 1265 4611; x_wconf 82' lang='grc' dir='ltr'><strong><em>τοῦ</em></strong></span> <span class='ocrx_word' id='word_1_684' title='bbox 1291 4557 1515 4609; x_wconf 83' lang='grc' dir='ltr'><strong><em>θανάτου</em></strong></span> <span class='ocrx_word' id='word_1_685' title='bbox 1544 4556 1713 4607; x_wconf 74' lang='grc' dir='ltr'><em>ἐποίει</em></span> 
     </span>
    </p>
   </div>
   <div class='ocr_carea' id='block_1_92' title="bbox 171 4647 1715 4737">
    <p class='ocr_par' dir='ltr' id='par_1_92' title="bbox 171 4647 1715 4737">
     <span class='ocr_line' id='line_1_92' title="bbox 171 4647 1715 4737; baseline -0.013 -17"><span class='ocrx_word' id='word_1_686' title='bbox 171 4661 620 4737; x_wconf 64' lang='grc' dir='ltr'><em>μειὲπιλαθέσθαι</em></span> <span class='ocrx_word' id='word_1_687' title='bbox 648 4658 738 4711; x_wconf 79' lang='grc' dir='ltr'><strong><em>τοῦ</em></strong></span> <span class='ocrx_word' id='word_1_688' title='bbox 788 4658 949 4726; x_wconf 85' lang='grc' dir='ltr'>νόμου</span> <span class='ocrx_word' id='word_1_689' title='bbox 978 4671 1087 4707; x_wconf 83' lang='grc' dir='ltr'><em>σου.</em></span> <span class='ocrx_word' id='word_1_690' title='bbox 1122 4652 1346 4704; x_wconf 86' lang='grc' dir='ltr'><em>Δύναται</em></span> <span class='ocrx_word' id='word_1_691' title='bbox 1392 4648 1448 4700; x_wconf 83' lang='grc' dir='ltr'><em>δέ</em></span> <span class='ocrx_word' id='word_1_692' title='bbox 1496 4666 1578 4711; x_wconf 81' lang='grc' dir='ltr'><em>τις</em></span> <span class='ocrx_word' id='word_1_693' title='bbox 1623 4647 1715 4737; x_wconf 58' lang='grc' dir='ltr'><strong><em>και</em></strong></span> 
     </span>
    </p>
   </div>
   <div class='ocr_carea' id='block_1_93' title="bbox 169 4734 1713 4826">
    <p class='ocr_par' dir='ltr' id='par_1_93' title="bbox 169 4734 1713 4826">
     <span class='ocr_line' id='line_1_93' title="bbox 169 4734 1713 4826; baseline -0.017 -15"><span class='ocrx_word' id='word_1_694' title='bbox 169 4734 495 4826; x_wconf 64' lang='grc' dir='ltr'><em>ύψηλότερον</em></span> <span class='ocrx_word' id='word_1_695' title='bbox 529 4752 711 4821; x_wconf 84' lang='grc' dir='ltr'><em>νοῆσαι</em></span> <span class='ocrx_word' id='word_1_696' title='bbox 742 4748 801 4800; x_wconf 84' lang='grc' dir='ltr'><strong><em>τὸ</em></strong></span> <span class='ocrx_word' id='word_1_697' title='bbox 830 4745 1007 4816; x_wconf 79' lang='grc' dir='ltr'><em>ῥητὸν,</em></span> <span class='ocrx_word' id='word_1_698' title='bbox 1038 4745 1128 4796; x_wconf 72' lang='grc' dir='ltr'><em>καὶ</em></span> <span class='ocrx_word' id='word_1_699' title='bbox 1162 4742 1349 4801; x_wconf 76' lang='grc' dir='ltr'><em>εἰπεῖν,</em></span> <span class='ocrx_word' id='word_1_700' title='bbox 1370 4740 1448 4791; x_wconf 84' lang='grc' dir='ltr'><strong><em>ὅτι</em></strong></span> <span class='ocrx_word' id='word_1_701' title='bbox 1483 4739 1519 4804; x_wconf 76' lang='grc' dir='ltr'><strong><em>ἡ</em></strong></span> <span class='ocrx_word' id='word_1_702' title='bbox 1546 4734 1713 4805; x_wconf 68' lang='grc' dir='ltr'><em>ψυχή</em></span> 
     </span>
    </p>
   </div>
   <div class='ocr_carea' id='block_1_94' title="bbox 164 4828 1716 4923">
    <p class='ocr_par' dir='ltr' id='par_1_94' title="bbox 164 4828 1716 4923">
     <span class='ocr_line' id='line_1_94' title="bbox 164 4828 1716 4923; baseline -0.018 -18"><span class='ocrx_word' id='word_1_703' title='bbox 164 4869 288 4923; x_wconf 81' lang='grc' dir='ltr'><strong><em>μου</em></strong></span> <span class='ocrx_word' id='word_1_704' title='bbox 318 4850 386 4902; x_wconf 82' lang='grc' dir='ltr'><em>ἐν</em></span> <span class='ocrx_word' id='word_1_705' title='bbox 415 4846 540 4911; x_wconf 85' lang='grc' dir='ltr'><em>ταῖς</em></span> <span class='ocrx_word' id='word_1_706' title='bbox 574 4843 744 4913; x_wconf 83' lang='grc' dir='ltr'><em>χερσί</em></span> <span class='ocrx_word' id='word_1_707' title='bbox 766 4857 883 4909; x_wconf 62' lang='grc' dir='ltr'><em>μου</em></span> <span class='ocrx_word' id='word_1_708' title='bbox 918 4834 995 4908; x_wconf 81' lang='grc' dir='ltr'><em>ἦν</em></span> <span class='ocrx_word' id='word_1_709' title='bbox 1021 4830 1356 4923; x_wconf 50' lang='grc' dir='ltr'><em>διαπανξὸς,</em></span> <span class='ocrx_word' id='word_1_710' title='bbox 1385 4830 1501 4923; x_wconf 54' lang='lat' dir='ltr'><strong><em>dtu-tl.</em></strong></span> <span class='ocrx_word' id='word_1_711' title='bbox 1525 4828 1638 4891; x_wconf 82' lang='grc' dir='ltr'><em>τοῦ,</em></span> <span class='ocrx_word' id='word_1_712' title='bbox 1658 4828 1716 4923; x_wconf 59' lang='grc' dir='ltr'><strong><em>εν</em></strong></span> 
     </span>
    </p>
   </div>
   <div class='ocr_carea' id='block_1_95' title="bbox 172 4916 1717 5011">
    <p class='ocr_par' dir='ltr' id='par_1_95' title="bbox 172 4916 1717 5011">
     <span class='ocr_line' id='line_1_95' title="bbox 172 4916 1717 5011; baseline -0.021 -17"><span class='ocrx_word' id='word_1_713' title='bbox 172 4916 434 5011; x_wconf 53' lang='grc' dir='ltr'><em>πράξεσιν</em></span> <span class='ocrx_word' id='word_1_714' title='bbox 458 4934 707 5001; x_wconf 74' lang='grc' dir='ltr'><strong><em>ἀγαθαῖςο</em></strong></span> <span class='ocrx_word' id='word_1_715' title='bbox 739 4933 771 5000; x_wconf 82' lang='grc' dir='ltr'>ἡ</span> <span class='ocrx_word' id='word_1_716' title='bbox 803 4929 917 4997; x_wconf 80' lang='grc' dir='ltr'><strong><em>χεὶρ</em></strong></span> <span class='ocrx_word' id='word_1_717' title='bbox 941 4925 1046 4994; x_wconf 79' lang='grc' dir='ltr'><strong><em>γὰρ</em></strong></span> <span class='ocrx_word' id='word_1_718' title='bbox 1064 4923 1162 4977; x_wconf 68' lang='grc' dir='ltr'><strong><em>ἐπὶ</em></strong></span> <span class='ocrx_word' id='word_1_719' title='bbox 1186 4919 1290 4972; x_wconf 84' lang='grc' dir='ltr'><strong><em>τῶν</em></strong></span> <span class='ocrx_word' id='word_1_720' title='bbox 1309 4917 1569 5011; x_wconf 41' lang='lat' dir='ltr'><strong><em>“sese”</em></strong></span> <span class='ocrx_word' id='word_1_721' title='bbox 1594 4916 1717 5011; x_wconf 53' lang='lat' dir='ltr'><strong><em>mit-</em></strong></span> 
     </span>
    </p>
   </div>
   <div class='ocr_carea' id='block_1_96' title="bbox 172 5006 1717 5092">
    <p class='ocr_par' dir='ltr' id='par_1_96' title="bbox 172 5006 1717 5092">
     <span class='ocr_line' id='line_1_96' title="bbox 172 5006 1717 5092; baseline -0.019 -9"><span class='ocrx_word' id='word_1_722' title='bbox 172 5006 333 5089; x_wconf 58' lang='grc' dir='ltr'><em>λάκις</em></span> <span class='ocrx_word' id='word_1_723' title='bbox 365 5020 731 5092; x_wconf 80' lang='grc' dir='ltr'><em>παραδέδοται.</em></span> <span class='ocrx_word' id='word_1_724' title='bbox 774 5018 835 5069; x_wconf 87' lang='lat' dir='ltr'><strong><em>El</em></strong></span> <span class='ocrx_word' id='word_1_725' title='bbox 859 5016 913 5067; x_wconf 86' lang='grc' dir='ltr'><em>δὲ</em></span> <span class='ocrx_word' id='word_1_726' title='bbox 941 5016 997 5064; x_wconf 83' lang='grc' dir='ltr'>ὲν</span> <span class='ocrx_word' id='word_1_727' title='bbox 1024 5014 1141 5072; x_wconf 84' lang='grc' dir='ltr'><em>ταῖς</em></span> <span class='ocrx_word' id='word_1_728' title='bbox 1169 5007 1317 5079; x_wconf 83' lang='grc' dir='ltr'><em>χερσί</em></span> <span class='ocrx_word' id='word_1_729' title='bbox 1349 5024 1438 5059; x_wconf 90' lang='grc' dir='ltr'><strong><em>σου</em></strong></span> <span class='ocrx_word' id='word_1_730' title='bbox 1468 5006 1572 5075; x_wconf 81' lang='grc' dir='ltr'><em>εἴη,</em></span> <span class='ocrx_word' id='word_1_731' title='bbox 1595 5007 1717 5092; x_wconf 41' lang='grc' dir='ltr'><strong><em>νοήῗ</em></strong></span> 
     </span>
    </p>
   </div>
   <div class='ocr_carea' id='block_1_97' title="bbox 176 5090 1715 5189">
    <p class='ocr_par' dir='ltr' id='par_1_97' title="bbox 176 5090 1715 5189">
     <span class='ocr_line' id='line_1_97' title="bbox 176 5090 1715 5189; baseline -0.015 -18"><span class='ocrx_word' id='word_1_732' title='bbox 176 5136 360 5189; x_wconf 81' lang='grc' dir='ltr'><em>σωμεν</em></span> <span class='ocrx_word' id='word_1_733' title='bbox 381 5090 561 5187; x_wconf 69' lang='grc' dir='ltr'><em>χείρας</em></span> <span class='ocrx_word' id='word_1_734' title='bbox 584 5105 715 5163; x_wconf 70' lang='grc' dir='ltr'><em>εἶναι</em></span> <span class='ocrx_word' id='word_1_735' title='bbox 738 5108 829 5160; x_wconf 82' lang='grc' dir='ltr'><strong><em>τοῦ</em></strong></span> <span class='ocrx_word' id='word_1_736' title='bbox 857 5105 986 5158; x_wconf 77' lang='grc' dir='ltr'><em>Θεοῦ</em></span> <span class='ocrx_word' id='word_1_737' title='bbox 1004 5104 1097 5173; x_wconf 76' lang='grc' dir='ltr'>τὴν</span> <span class='ocrx_word' id='word_1_738' title='bbox 1110 5099 1457 5185; x_wconf 73' lang='grc' dir='ltr'><em>δημιουργίαν</em></span> <span class='ocrx_word' id='word_1_739' title='bbox 1479 5096 1659 5160; x_wconf 80' lang='grc' dir='ltr'><em>αὑτοῦ,</em></span> 
     </span>
    </p>
   </div>
   <div class='ocr_carea' id='block_1_98' title="bbox 176 5188 1717 5285">
    <p class='ocr_par' dir='ltr' id='par_1_98' title="bbox 176 5188 1717 5285">
     <span class='ocr_line' id='line_1_98' title="bbox 176 5188 1717 5285; baseline -0.017 -19"><span class='ocrx_word' id='word_1_740' title='bbox 176 5210 457 5285; x_wconf 73' lang='grc' dir='ltr'><em>προσιτέον</em></span> <span class='ocrx_word' id='word_1_741' title='bbox 498 5196 1291 5285; x_wconf 76' lang='grc' dir='ltr'><em>διαπαντός.Ὲκληρονόμησα</em></span> <span class='ocrx_word' id='word_1_742' title='bbox 1332 5192 1401 5285; x_wconf 66' lang='grc' dir='ltr'><em>τα</em></span> <span class='ocrx_word' id='word_1_743' title='bbox 1430 5188 1717 5285; x_wconf 52' lang='grc' dir='ltr'><em>μαρτύριά</em></span> 
     </span>
    </p>
   </div>
   <div class='ocr_carea' id='block_1_99' title="bbox 171 5280 1715 5362">
    <p class='ocr_par' dir='ltr' id='par_1_99' title="bbox 171 5280 1715 5362">
     <span class='ocr_line' id='line_1_99' title="bbox 171 5280 1715 5362; baseline -0.017 -6"><span class='ocrx_word' id='word_1_744' title='bbox 171 5280 294 5356; x_wconf 76' lang='grc' dir='ltr'><strong><em>σου</em></strong></span> <span class='ocrx_word' id='word_1_745' title='bbox 322 5300 406 5362; x_wconf 81' lang='grc' dir='ltr'><em>είς</em></span> <span class='ocrx_word' id='word_1_746' title='bbox 439 5294 543 5348; x_wconf 80' lang='grc' dir='ltr'><strong><em>τὸν</em></strong></span> <span class='ocrx_word' id='word_1_747' title='bbox 573 5289 753 5343; x_wconf 67' lang='lat' dir='ltr'><strong><em>aliIn-ct</em></strong></span> <span class='ocrx_word' id='word_1_748' title='bbox 773 5306 786 5318; x_wconf 92' lang='grc'><strong>·</strong></span> <span class='ocrx_word' id='word_1_749' title='bbox 836 5289 923 5340; x_wconf 78' lang='grc' dir='ltr'><strong><em>ὅτι</em></strong></span> <span class='ocrx_word' id='word_1_750' title='bbox 954 5284 1287 5353; x_wconf 76' lang='grc' dir='ltr'><em>ἁγαλλίαμα</em></span> <span class='ocrx_word' id='word_1_751' title='bbox 1329 5280 1435 5348; x_wconf 87' lang='grc' dir='ltr'><strong><em>τῆς</em></strong></span> <span class='ocrx_word' id='word_1_752' title='bbox 1476 5280 1715 5349; x_wconf 82' lang='grc' dir='ltr'><em>καρδίας</em></span> 
     </span>
    </p>
   </div>
   <div class='ocr_carea' id='block_1_100' title="bbox 166 5371 1713 5463">
    <p class='ocr_par' dir='ltr' id='par_1_100' title="bbox 166 5371 1713 5463">
     <span class='ocr_line' id='line_1_100' title="bbox 166 5371 1713 5463; baseline -0.014 -18"><span class='ocrx_word' id='word_1_753' title='bbox 166 5409 293 5463; x_wconf 77' lang='grc' dir='ltr'><strong><em>μου</em></strong></span> <span class='ocrx_word' id='word_1_754' title='bbox 314 5386 741 5442; x_wconf 74' lang='grc' dir='ltr'><em>εὶσίν.Ἕκλινα</em></span> <span class='ocrx_word' id='word_1_755' title='bbox 765 5379 876 5446; x_wconf 78' lang='grc' dir='ltr'><strong><em>τὴν</em></strong></span> <span class='ocrx_word' id='word_1_756' title='bbox 907 5376 1148 5443; x_wconf 83' lang='grc' dir='ltr'><em>καρδίαν</em></span> <span class='ocrx_word' id='word_1_757' title='bbox 1185 5393 1299 5441; x_wconf 84' lang='grc' dir='ltr'><strong><em>μου</em></strong></span> <span class='ocrx_word' id='word_1_758' title='bbox 1338 5372 1440 5426; x_wconf 87' lang='grc' dir='ltr'><strong><em>τοῦ</em></strong></span> <span class='ocrx_word' id='word_1_759' title='bbox 1472 5371 1713 5439; x_wconf 86' lang='grc' dir='ltr'><em>ποιῆσαι</em></span> 
     </span>
    </p>
   </div>
   <div class='ocr_carea' id='block_1_101' title="bbox 171 5463 1706 5546">
    <p class='ocr_par' dir='ltr' id='par_1_101' title="bbox 171 5463 1706 5546">
     <span class='ocr_line' id='line_1_101' title="bbox 171 5463 1706 5546; baseline -0.014 -9"><span class='ocrx_word' id='word_1_760' title='bbox 171 5484 251 5538; x_wconf 74' lang='grc' dir='ltr'><strong><em>τὰ</em></strong></span> <span class='ocrx_word' id='word_1_761' title='bbox 276 5472 627 5546; x_wconf 80' lang='grc' dir='ltr'><em>δικαιώματά</em></span> <span class='ocrx_word' id='word_1_762' title='bbox 653 5488 767 5525; x_wconf 90' lang='grc' dir='ltr'><strong><em>σου</em></strong></span> <span class='ocrx_word' id='word_1_763' title='bbox 798 5472 883 5535; x_wconf 80' lang='grc' dir='ltr'><em>εις</em></span> <span class='ocrx_word' id='word_1_764' title='bbox 907 5468 1010 5521; x_wconf 81' lang='grc' dir='ltr'><em>τὸν</em></span> <span class='ocrx_word' id='word_1_765' title='bbox 1037 5464 1217 5519; x_wconf 76' lang='grc' dir='ltr'><em>αἰῶνα</em></span> <span class='ocrx_word' id='word_1_766' title='bbox 1234 5464 1306 5517; x_wconf 78' lang='grc' dir='ltr'><em>δι’</em></span> <span class='ocrx_word' id='word_1_767' title='bbox 1336 5463 1706 5531; x_wconf 68' lang='grc' dir='ltr'><em>ἀντάμειψιν,</em></span> 
     </span>
    </p>
   </div>
   <div class='ocr_carea' id='block_1_102' title="bbox 139 5739 1524 5812">
    <p class='ocr_par' dir='ltr' id='par_1_102' title="bbox 139 5739 1524 5812">
     <span class='ocr_line' id='line_1_102' title="bbox 139 5739 1524 5812; baseline -0.003 -15"><span class='ocrx_word' id='word_1_768' title='bbox 139 5741 151 5748; x_wconf 84' lang='grc'><em>’</em></span> <span class='ocrx_word' id='word_1_769' title='bbox 255 5746 301 5782; x_wconf 72' lang='grc'><strong>⁸⁸</strong></span> <span class='ocrx_word' id='word_1_770' title='bbox 338 5742 521 5799; x_wconf 73' lang='lat' dir='ltr'><strong><em>Matth.</em></strong></span> <span class='ocrx_word' id='word_1_771' title='bbox 558 5757 623 5812; x_wconf 71' lang='grc' dir='ltr'><strong><em>ι,</em></strong></span> <span class='ocrx_word' id='word_1_772' title='bbox 657 5746 743 5799; x_wconf 66' lang='lat'><strong><em>25..</em></strong></span> <span class='ocrx_word' id='word_1_773' title='bbox 824 5750 864 5780; x_wconf 71' lang='grc' dir='ltr'><em>ιτ</em></span> <span class='ocrx_word' id='word_1_774' title='bbox 909 5743 1095 5801; x_wconf 75' lang='lat' dir='ltr'><strong><em>llatth.</em></strong></span> <span class='ocrx_word' id='word_1_775' title='bbox 1134 5754 1297 5805; x_wconf 81' lang='lat' dir='ltr'><strong><em>um,</em></strong></span> <span class='ocrx_word' id='word_1_776' title='bbox 1333 5739 1399 5805; x_wconf 85' lang='lat'><strong><em>9,</em></strong></span> <span class='ocrx_word' id='word_1_777' title='bbox 1438 5740 1524 5796; x_wconf 79' lang='grc'><strong><em>10.</em></strong></span> 
     </span>
    </p>
   </div>
   <div class='ocr_carea' id='block_1_103' title="bbox 1816 4560 3339 4636">
    <p class='ocr_par' dir='ltr' id='par_1_103' title="bbox 1816 4560 3339 4636">
     <span class='ocr_line' id='line_1_103' title="bbox 1816 4560 3339 4636; baseline -0.006 -13"><span class='ocrx_word' id='word_1_778' title='bbox 1816 4568 1958 4623; x_wconf 87' lang='lat' dir='ltr'><strong><em>enim</em></strong></span> <span class='ocrx_word' id='word_1_779' title='bbox 1990 4564 2281 4636; x_wconf 86' lang='lat' dir='ltr'><strong><em>periculum</em></strong></span> <span class='ocrx_word' id='word_1_780' title='bbox 2316 4562 2503 4615; x_wconf 86' lang='lat' dir='ltr'><strong><em>mortis</em></strong></span> <span class='ocrx_word' id='word_1_781' title='bbox 2533 4562 2665 4630; x_wconf 79' lang='lat' dir='ltr'><strong><em>legis</em></strong></span> <span class='ocrx_word' id='word_1_782' title='bbox 2692 4574 2792 4614; x_wconf 76' lang='lat' dir='ltr'><strong><em>tua:</em></strong></span> <span class='ocrx_word' id='word_1_783' title='bbox 2816 4562 3059 4616; x_wconf 87' lang='lat' dir='ltr'><strong><em>oblivisci</em></strong></span> <span class='ocrx_word' id='word_1_784' title='bbox 3072 4568 3166 4615; x_wconf 76' lang='lat' dir='ltr'><strong><em>me</em></strong></span> <span class='ocrx_word' id='word_1_785' title='bbox 3194 4560 3339 4616; x_wconf 76' lang='lat' dir='ltr'><strong><em>fecit.</em></strong></span> 
     </span>
    </p>
   </div>
   <div class='ocr_carea' id='block_1_104' title="bbox 1811 4652 3342 4725">
    <p class='ocr_par' dir='ltr' id='par_1_104' title="bbox 1811 4652 3342 4725">
     <span class='ocr_line' id='line_1_104' title="bbox 1811 4652 3342 4725; baseline -0.005 -13"><span class='ocrx_word' id='word_1_786' title='bbox 1811 4659 2072 4712; x_wconf 71' lang='lat' dir='ltr'><strong><em>Caeterum</em></strong></span> <span class='ocrx_word' id='word_1_787' title='bbox 2105 4662 2281 4725; x_wconf 87' lang='lat' dir='ltr'><strong><em>potest</em></strong></span> <span class='ocrx_word' id='word_1_788' title='bbox 2331 4654 2599 4722; x_wconf 85' lang='lat' dir='ltr'><strong><em>quispiam</em></strong></span> <span class='ocrx_word' id='word_1_789' title='bbox 2656 4654 2939 4707; x_wconf 85' lang='lat' dir='ltr'><strong><em>sublimius</em></strong></span> <span class='ocrx_word' id='word_1_790' title='bbox 2993 4653 3094 4707; x_wconf 86' lang='lat' dir='ltr'><strong><em>hoc</em></strong></span> <span class='ocrx_word' id='word_1_791' title='bbox 3139 4652 3342 4706; x_wconf 86' lang='lat' dir='ltr'><strong><em>dictum</em></strong></span> 
     </span>
    </p>
   </div>
   <div class='ocr_carea' id='block_1_105' title="bbox 1812 4743 3341 4816">
    <p class='ocr_par' dir='ltr' id='par_1_105' title="bbox 1812 4743 3341 4816">
     <span class='ocr_line' id='line_1_105' title="bbox 1812 4743 3341 4816; baseline -0.005 -14"><span class='ocrx_word' id='word_1_792' title='bbox 1812 4748 2107 4816; x_wconf 82' lang='lat' dir='ltr'><strong><em>intelligere</em></strong></span> <span class='ocrx_word' id='word_1_793' title='bbox 2137 4760 2199 4799; x_wconf 89' lang='lat' dir='ltr'><strong><em>ac</em></strong></span> <span class='ocrx_word' id='word_1_794' title='bbox 2231 4744 2409 4798; x_wconf 89' lang='lat' dir='ltr'><strong><em>dicere</em></strong></span> <span class='ocrx_word' id='word_1_795' title='bbox 2441 4763 2453 4797; x_wconf 90' lang='lat'>:</span> <span class='ocrx_word' id='word_1_796' title='bbox 2488 4745 2677 4796; x_wconf 80' lang='lat' dir='ltr'><strong><em>Anima</em></strong></span> <span class='ocrx_word' id='word_1_797' title='bbox 2723 4761 2836 4798; x_wconf 87' lang='lat' dir='ltr'><strong><em>mea</em></strong></span> <span class='ocrx_word' id='word_1_798' title='bbox 2864 4746 2915 4796; x_wconf 86' lang='lat' dir='ltr'><strong><em>in</em></strong></span> <span class='ocrx_word' id='word_1_799' title='bbox 2957 4743 3189 4797; x_wconf 84' lang='lat' dir='ltr'><strong><em>manibus</em></strong></span> <span class='ocrx_word' id='word_1_800' title='bbox 3218 4743 3341 4795; x_wconf 84' lang='lat' dir='ltr'><strong><em>meis</em></strong></span> 
     </span>
    </p>
   </div>
   <div class='ocr_carea' id='block_1_106' title="bbox 1784 4836 3342 4917">
    <p class='ocr_par' dir='ltr' id='par_1_106' title="bbox 1784 4836 3342 4917">
     <span class='ocr_line' id='line_1_106' title="bbox 1784 4836 3342 4917; baseline -0.003 -24"><span class='ocrx_word' id='word_1_801' title='bbox 1784 4844 1927 4893; x_wconf 80' lang='lat' dir='ltr'><strong><em>erat</em></strong></span> <span class='ocrx_word' id='word_1_802' title='bbox 1958 4853 2191 4905; x_wconf 84' lang='lat' dir='ltr'><strong><em>semper;</em></strong></span> <span class='ocrx_word' id='word_1_803' title='bbox 2228 4836 2279 4889; x_wconf 89' lang='lat' dir='ltr'><strong><em>id</em></strong></span> <span class='ocrx_word' id='word_1_804' title='bbox 2309 4845 2411 4899; x_wconf 77' lang='lat' dir='ltr'><strong><em>est,</em></strong></span> <span class='ocrx_word' id='word_1_805' title='bbox 2446 4838 2496 4889; x_wconf 85' lang='lat' dir='ltr'><strong><em>in</em></strong></span> <span class='ocrx_word' id='word_1_806' title='bbox 2526 4837 2682 4890; x_wconf 87' lang='lat' dir='ltr'><strong><em>bonis</em></strong></span> <span class='ocrx_word' id='word_1_807' title='bbox 2715 4837 2923 4890; x_wconf 90' lang='lat' dir='ltr'><strong><em>actibus</em></strong></span> <span class='ocrx_word' id='word_1_808' title='bbox 2952 4852 2965 4888; x_wconf 89' lang='lat'><strong>:</strong></span> <span class='ocrx_word' id='word_1_809' title='bbox 2999 4849 3122 4888; x_wconf 87' lang='lat' dir='ltr'><strong><em>nam</em></strong></span> <span class='ocrx_word' id='word_1_810' title='bbox 3139 4849 3342 4917; x_wconf 71' lang='lat' dir='ltr'><strong><em>manus</em></strong></span> 
     </span>
    </p>
   </div>
   <div class='ocr_carea' id='block_1_107' title="bbox 1811 4923 3342 4996">
    <p class='ocr_par' dir='ltr' id='par_1_107' title="bbox 1811 4923 3342 4996">
     <span class='ocr_line' id='line_1_107' title="bbox 1811 4923 3342 4996; baseline -0.001 -18"><span class='ocrx_word' id='word_1_811' title='bbox 1811 4941 1907 4996; x_wconf 91' lang='lat' dir='ltr'><strong><em>pro</em></strong></span> <span class='ocrx_word' id='word_1_812' title='bbox 1938 4924 2145 4979; x_wconf 88' lang='lat' dir='ltr'><strong><em>actibus</em></strong></span> <span class='ocrx_word' id='word_1_813' title='bbox 2176 4924 2480 4993; x_wconf 80' lang='lat' dir='ltr'><strong><em>frequenter</em></strong></span> <span class='ocrx_word' id='word_1_814' title='bbox 2515 4926 2764 4978; x_wconf 89' lang='lat' dir='ltr'><strong><em>traditur.</em></strong></span> <span class='ocrx_word' id='word_1_815' title='bbox 2798 4923 2851 4978; x_wconf 91' lang='lat' dir='ltr'><strong><em>Si</em></strong></span> <span class='ocrx_word' id='word_1_816' title='bbox 2886 4933 3061 4977; x_wconf 87' lang='lat' dir='ltr'><strong><em>autem</em></strong></span> <span class='ocrx_word' id='word_1_817' title='bbox 3091 4923 3144 4977; x_wconf 90' lang='lat' dir='ltr'><strong><em>in</em></strong></span> <span class='ocrx_word' id='word_1_818' title='bbox 3172 4924 3342 4978; x_wconf 86' lang='lat' dir='ltr'><strong><em>mani-</em></strong></span> 
     </span>
    </p>
   </div>
   <div class='ocr_carea' id='block_1_108' title="bbox 1814 5015 3343 5085">
    <p class='ocr_par' dir='ltr' id='par_1_108' title="bbox 1814 5015 3343 5085">
     <span class='ocr_line' id='line_1_108' title="bbox 1814 5015 3343 5085; baseline -0.001 -14"><span class='ocrx_word' id='word_1_819' title='bbox 1814 5019 1915 5072; x_wconf 90' lang='lat' dir='ltr'><strong><em>bus</em></strong></span> <span class='ocrx_word' id='word_1_820' title='bbox 1936 5016 2043 5071; x_wconf 91' lang='lat' dir='ltr'><strong><em>tuis</em></strong></span> <span class='ocrx_word' id='word_1_821' title='bbox 2067 5015 2245 5079; x_wconf 81' lang='lat' dir='ltr'><strong><em>fuerit,</em></strong></span> <span class='ocrx_word' id='word_1_822' title='bbox 2266 5017 2622 5085; x_wconf 82' lang='lat' dir='ltr'><strong><em>intelligamus</em></strong></span> <span class='ocrx_word' id='word_1_823' title='bbox 2650 5029 2840 5070; x_wconf 86' lang='lat' dir='ltr'><strong><em>manus</em></strong></span> <span class='ocrx_word' id='word_1_824' title='bbox 2867 5016 2955 5069; x_wconf 92' lang='lat' dir='ltr'><strong><em>Dei</em></strong></span> <span class='ocrx_word' id='word_1_825' title='bbox 2982 5030 3100 5070; x_wconf 86' lang='lat' dir='ltr'><strong><em>esse</em></strong></span> <span class='ocrx_word' id='word_1_826' title='bbox 3119 5015 3343 5069; x_wconf 81' lang='lat' dir='ltr'><strong><em>creatio-</em></strong></span> 
     </span>
    </p>
   </div>
   <div class='ocr_carea' id='block_1_109' title="bbox 1813 5104 3341 5177">
    <p class='ocr_par' dir='ltr' id='par_1_109' title="bbox 1813 5104 3341 5177">
     <span class='ocr_line' id='line_1_109' title="bbox 1813 5104 3341 5177; baseline -0.005 -12"><span class='ocrx_word' id='word_1_827' title='bbox 1813 5125 1933 5165; x_wconf 90' lang='lat' dir='ltr'><strong><em>nem</em></strong></span> <span class='ocrx_word' id='word_1_828' title='bbox 1958 5107 2099 5177; x_wconf 85' lang='lat' dir='ltr'><strong><em>ejus,</em></strong></span> <span class='ocrx_word' id='word_1_829' title='bbox 2125 5108 2211 5162; x_wconf 89' lang='lat' dir='ltr'><strong><em>cui</em></strong></span> <span class='ocrx_word' id='word_1_830' title='bbox 2238 5123 2447 5177; x_wconf 89' lang='lat' dir='ltr'><strong><em>semper</em></strong></span> <span class='ocrx_word' id='word_1_831' title='bbox 2479 5107 2690 5161; x_wconf 89' lang='lat' dir='ltr'><strong><em>animus</em></strong></span> <span class='ocrx_word' id='word_1_832' title='bbox 2723 5117 2800 5161; x_wconf 88' lang='lat' dir='ltr'><strong><em>est</em></strong></span> <span class='ocrx_word' id='word_1_833' title='bbox 2832 5104 3184 5159; x_wconf 89' lang='lat' dir='ltr'><strong><em>adhibendus.</em></strong></span> <span class='ocrx_word' id='word_1_834' title='bbox 3212 5104 3341 5157; x_wconf 70' lang='lat' dir='ltr'><strong><em>Hae-</em></strong></span> 
     </span>
    </p>
   </div>
   <div class='ocr_carea' id='block_1_110' title="bbox 1812 5196 3341 5267">
    <p class='ocr_par' dir='ltr' id='par_1_110' title="bbox 1812 5196 3341 5267">
     <span class='ocr_line' id='line_1_110' title="bbox 1812 5196 3341 5267; baseline -0.005 -15"><span class='ocrx_word' id='word_1_835' title='bbox 1812 5201 2033 5254; x_wconf 88' lang='lat' dir='ltr'><strong><em>reditate</em></strong></span> <span class='ocrx_word' id='word_1_836' title='bbox 2078 5199 2326 5267; x_wconf 76' lang='lat' dir='ltr'><strong><em>acquisiui</em></strong></span> <span class='ocrx_word' id='word_1_837' title='bbox 2364 5198 2658 5252; x_wconf 87' lang='lat' dir='ltr'><strong><em>testimonia</em></strong></span> <span class='ocrx_word' id='word_1_838' title='bbox 2690 5208 2780 5250; x_wconf 88' lang='lat' dir='ltr'><strong><em>tua</em></strong></span> <span class='ocrx_word' id='word_1_839' title='bbox 2814 5199 2866 5248; x_wconf 89' lang='lat' dir='ltr'><strong><em>in</em></strong></span> <span class='ocrx_word' id='word_1_840' title='bbox 2912 5205 3180 5257; x_wconf 78' lang='lat' dir='ltr'><strong><em>wternum,</em></strong></span> <span class='ocrx_word' id='word_1_841' title='bbox 3220 5196 3341 5261; x_wconf 80' lang='lat' dir='ltr'><strong><em>quia</em></strong></span> 
     </span>
    </p>
   </div>
   <div class='ocr_carea' id='block_1_111' title="bbox 1811 5286 3340 5348">
    <p class='ocr_par' dir='ltr' id='par_1_111' title="bbox 1811 5286 3340 5348">
     <span class='ocr_line' id='line_1_111' title="bbox 1811 5286 3340 5348; baseline -0.009 0"><span class='ocrx_word' id='word_1_842' title='bbox 1811 5294 2089 5348; x_wconf 73' lang='lat' dir='ltr'><strong><em>exsultatio</em></strong></span> <span class='ocrx_word' id='word_1_843' title='bbox 2120 5292 2288 5345; x_wconf 88' lang='lat' dir='ltr'><strong><em>cordis</em></strong></span> <span class='ocrx_word' id='word_1_844' title='bbox 2318 5293 2417 5344; x_wconf 89' lang='lat' dir='ltr'><strong><em>mei</em></strong></span> <span class='ocrx_word' id='word_1_845' title='bbox 2455 5299 2591 5344; x_wconf 85' lang='lat' dir='ltr'><strong><em>sunt.</em></strong></span> <span class='ocrx_word' id='word_1_846' title='bbox 2644 5288 2897 5342; x_wconf 85' lang='lat' dir='ltr'><strong><em>Inclinavi</em></strong></span> <span class='ocrx_word' id='word_1_847' title='bbox 2932 5304 3022 5341; x_wconf 89' lang='lat' dir='ltr'><strong><em>cor</em></strong></span> <span class='ocrx_word' id='word_1_848' title='bbox 3066 5302 3227 5340; x_wconf 88' lang='lat' dir='ltr'><strong><em>meum</em></strong></span> <span class='ocrx_word' id='word_1_849' title='bbox 3277 5286 3340 5335; x_wconf 84' lang='lat' dir='ltr'><strong><em>ad</em></strong></span> 
     </span>
    </p>
   </div>
   <div class='ocr_carea' id='block_1_112' title="bbox 1814 5380 3345 5453">
    <p class='ocr_par' dir='ltr' id='par_1_112' title="bbox 1814 5380 3345 5453">
     <span class='ocr_line' id='line_1_112' title="bbox 1814 5380 3345 5453; baseline -0.006 -18"><span class='ocrx_word' id='word_1_850' title='bbox 1814 5382 2079 5453; x_wconf 80' lang='lat' dir='ltr'><strong><em>faciendas</em></strong></span> <span class='ocrx_word' id='word_1_851' title='bbox 2102 5382 2504 5451; x_wconf 76' lang='lat' dir='ltr'><strong><em>justiﬁcationes</em></strong></span> <span class='ocrx_word' id='word_1_852' title='bbox 2554 5390 2668 5432; x_wconf 88' lang='lat' dir='ltr'><strong><em>tuas</em></strong></span> <span class='ocrx_word' id='word_1_853' title='bbox 2726 5380 2777 5432; x_wconf 83' lang='lat' dir='ltr'><strong><em>in</em></strong></span> <span class='ocrx_word' id='word_1_854' title='bbox 2824 5389 3089 5443; x_wconf 80' lang='lat' dir='ltr'><strong><em>ceternum,</em></strong></span> <span class='ocrx_word' id='word_1_855' title='bbox 3139 5390 3345 5445; x_wconf 61' lang='lat' dir='ltr'><strong><em>prout&quot;</em></strong></span> 
     </span>
    </p>
   </div>
   <div class='ocr_carea' id='block_1_113' title="bbox 1814 5474 2215 5526">
    <p class='ocr_par' dir='ltr' id='par_1_113' title="bbox 1814 5474 2215 5526">
     <span class='ocr_line' id='line_1_113' title="bbox 1814 5474 2215 5526; baseline 0.002 -1"><span class='ocrx_word' id='word_1_856' title='bbox 1814 5474 2215 5526; x_wconf 77' lang='lat' dir='ltr'><strong><em>retributionem.</em></strong></span> 
     </span>
    </p>
   </div>
  </div>
