3994 6354
656 352 825 459 tsss

1375 364 1634 454 susenn
1660 392 2124 455 cmssnususm
2158 386 2304 455 opp.
2346 398 2520 457 PARS
2551 398 2637 456 Ill.
2675 431 2743 442 —
2772 400 3165 485 EXEGETICA.

3588 402 3829 457 '13“

728 519 887 573 Vsus.
914 520 1044 572 ll?»-
1063 519 1177 575 llii.
1213 516 1421 586 lniquos
1450 518 1566 572 odio
1588 518 1764 583 Itabui,
1785 529 1833 572 et
1856 519 2013 588 legem
2039 528 2163 572 tuan

2346 522 2721 590 Παρανόμους
2764 522 3040 592 ἐμίσησα,
3068 522 3170 575 τὸν
3204 521 3269 574 δὲ
3303 523 3487 591 νόμον
3521 537 3638 576 σου
3686 521 3826 590 ἠγά-

654 610 837 664 dilcxi.
870 609 1093 677 Adjutor
1120 616 1169 661 et
1196 616 1461 675 susceptor
1487 625 1627 662 meus
1649 626 1701 663 es
1730 620 1805 675 tu,
1828 611 1882 662 in
1911 609 2063 663 verba
2096 619 2186 663 tua

654 695 1327 766 supersperavi.rDeclinate
1362 714 1394 749 a
1421 714 1517 761 me,
1563 697 1795 767 maligni,
1823 708 1872 752 et
1915 699 2187 753 scrutabor

656 787 905 839 mandata
935 784 1026 839 Dei
1053 786 1171 840 mei.
1219 784 1432 853 Suscipe
1465 803 1544 841 me
1572 774 1847 840 secundum
1894 790 2185 841 misericor-

652 876 795 929 diam
830 887 989 939 tuam,
1030 885 1078 941 et
1103 877 1303 945 vivi/ica
1345 890 1442 940 me,
1479 885 1528 929 et
1559 892 1659 929 non
1685 877 1975 945 confundas
2004 895 2083 933 me
2120 878 2183 932 ab

651 967 1021 1033 exspectatione
1052 983 1186 1019 mea.
1218 965 1503 1036 Postquam
1537 966 1671 1021 dixit
1705 984 1717 1018 :
1750 966 2009 1023 Declinate
2031 987 2063 1023 a
2084 985 2180 1034 me,

652 1053 884 1121 maligni,
917 1060 1307 1121 consequenter
1349 1052 1510 1107 Deum
1532 1054 1604 1111 ad
1639 1069 1755 1109 eain
1784 1070 1896 1109 rem
1947 1057 2179 1121 invocat,

651 1148 708 1191 ut
736 1140 851 1208 ejus
877 1141 1070 1194 virtute
1099 1141 1311 1210 maligni
1335 1141 1401 1196 ab
1427 1144 1601 1195 anima
1630 1158 1725 1198 sua
1760 1145 2025 1213 pellantur
2055 1164 2067 1199 :
2102 1155 2183 1198 at-

648 1244 752 1297 que
781 1230 948 1282 otium
997 1240 1206 1293 nactus,
1245 1232 1405 1285 vitam
1437 1240 1490 1287 et
1538 1235 1788 1297 salutem,
1821 1250 1942 1305 qua:
1989 1251 2182 1290 secun-

648 1321 773 1374 dum
805 1318 967 1375 Deum
1000 1330 1100 1384 est,
1135 1331 1513 1392 consequatur,
1545 1322 1718 1395 neque
1748 1325 1961 1380 excidat
1993 1326 2060 1380 ab
2088 1342 2180 1381 ex-

648 1408 974 1477 spectatione
1002 1424 1097 1462 sua
1132 1428 1144 1463 :
1176 1424 1239 1463 ac
1268 1425 1479 1465 rursum
1504 1425 1656 1480 opem
1683 1404 1917 1483 postulat
1941 1413 2006 1468 ad
2036 1414 2180 1469 salu-

648 1506 772 1554 tem.
805 1529 873 1538 —
912 1498 1071 1555 Vens.
1106 1500 1248 1553 117-
1272 1500 1393 1555 120.
1420 1500 1623 1571 Adjuva
1657 1489 1753 1567 me,
1782 1513 1831 1556 et
1865 1505 2039 1559 salvus
2066 1522 2174 1568 ero,

594 1612 595 1615 η
645 1595 693 1641 et
722 1588 1007 1643 meditabor
1030 1590 1080 1641 in
1106 1589 1569 1658 justiﬁcationibus
1600 1594 1701 1646 tuis
1732 1610 1945 1662 semper.
1979 1594 2178 1663 Sprevi-

644 1681 713 1732 sti
767 1696 939 1734 omnes
988 1681 1299 1735 discedentes
1326 1700 1357 1735 a
1396 1683 1611 1750 judiciis
1651 1686 1775 1748 tuis,
1805 1686 1928 1753 quia
1981 1687 2177 1753 injusta

642 1771 885 1840 cogitatio
926 1788 1123 1825 eorum.
1156 1770 1562 1828 Prwvaricantes
1590 1776 1821 1842 reputavi
1857 1791 2029 1829 omnes
2060 1792 2175 1843 pec—

2282 627 2464 679 πησα.
2494 614 2714 680 Βοηθός
2736 630 2854 682 μου
2882 613 2976 666 καὶ
3001 612 3367 679 ἀντιλήπτωρ
3384 628 3502 680 μου
3530 609 3590 665 εἴ
3613 612 3717 675 σὺ,
3739 611 3823 676 εις

2281 702 2419 768 τοὺς
2440 704 2653 770 λόγους
2684 716 2797 757 σου
2815 703 3138 769 emulsa.
3165 703 3503 755 Ἐκκλίνατε
3529 700 3631 755 ἀπ’
3654 696 3815 768 ἐμοῦ,

2282 794 2751 861 πονηρευόμενοι,
2775 794 2868 847 καὶ
2900 791 3264 861 ἐξέρευνήσω
3294 791 3396 855 τὰς
3427 790 3677 853 ἐντολὰς
3718 788 3820 841 τοῦ

2284 884 2427 937 Θεοῦ
2450 902 2585 952 μου.
2605 882 2933 938 Ἂντιλαϐοῦ
2952 901 3069 952 μου
3098 882 3240 935 κατὰ
3274 882 3337 933 τὸ
3363 882 3532 944 ἔλεός
3567 894 3683 931 σου
3721 877 3819 929 καὶ

2280 971 2460 1040 ζῆσόν
2484 990 2578 1042 με,
2606 972 2703 1025 καὶ
2722 972 2805 1042 μὴ
2834 973 3233 1040 καταισχύνῃς
3257 987 3329 1038 με
3352 968 3471 1022 ἀπὸ
3503 966 3611 1034 τῆς
3634 981 3822 1033 προσ-

2278 1061 2478 1126 δοκίας
2514 1079 2652 1130 μου.
2707 1060 2904 1124 Εἰπὼν,
2937 1061 3269 1114 Ἐκκλὶνατε
3300 1060 3398 1113 ἀπ’
3429 1055 3572 1126 ἐμοῦ
3591 1095 3607 1117 ,
3641 1070 3822 1119 πονη-

2269 1154 2591 1221 ρευόμενοι,
2625 1150 2923 1214 ἀκολούθως
2950 1151 3037 1204 τὸν
3066 1150 3195 1202 Θεὸν
3221 1150 3312 1201 καὶ
3343 1150 3419 1211 εἰς
3449 1147 3603 1199 τοῦτο
3630 1147 3819 1197 ἐπικα-

2277 1243 2461 1304 λεῖται.
2496 1243 2570 1307 ὡς
2604 1243 2668 1297 ἂν
2696 1245 2759 1313 τῇ
2784 1242 2943 1295 αὐτοῦ
2967 1241 3186 1309 δυνάμει
3219 1237 3529 1292 ἀπελαθείεν
3563 1234 3663 1303 τῆς
3688 1235 3817 1287 ἑαυο

2275 1334 2365 1387 τοῦ
2393 1335 2562 1405 ψυχῆς
2589 1336 2637 1386 οἱ
2660 1333 3083 1405 πονηρευόμενοι,
3109 1329 3297 1400 σχολῆς
3320 1345 3377 1381 τε
3404 1324 3576 1395 τυχὼν
3602 1325 3703 1393 τῆς
3723 1340 3819 1377 κα-

2274 1424 2340 1475 τὰ
2370 1424 2497 1477 Θεὸν
2528 1424 2667 1493 ζωῆς
2695 1440 2753 1475 τε
2779 1424 2869 1476 καὶ
2901 1421 3167 1492 σωτηρίας
3188 1418 3359 1487 τύχοι,
3393 1417 3483 1469 καὶ
3508 1417 3581 1485 μὴ
3610 1412 3816 1466 ἀποπέ-

2275 1528 2356 1564 σοι
2381 1514 2476 1583 τῆς
2503 1513 2689 1566 ἑαυτοῦ
2721 1512 3064 1585 προσδοκίας·
3097 1510 3189 1562 καὶ
3219 1508 3376 1561 πάλιν
3402 1508 3537 1571 ἀξιοῖ
3570 1503 3819 1573 βοηθείας

2272 1604 2447 1670 τυχεῖν
2471 1604 2547 1664 εἰς
2578 1603 2636 1655 τὸ
2663 1601 3001 1670 διασωθῆναι.
3022 1597 3333 1666 Βοήθησόν
3355 1612 3471 1665 μοι,
3500 1593 3599 1647 καὶ
3630 1589 3818 1655 euthi-

2272 1706 2468 1759 σομαι,
2496 1693 2591 1744 καὶ
2614 1691 2918 1760 μελετήσω
2952 1692 3021 1744 ἐν
3052 1689 3173 1753 τοῖς
3194 1678 3534 1753 δικαιώμασι
3558 1698 3674 1735 σου
3697 1680 3817 1732 δια-

2271 1780 2509 1844 παντός.
2530 1778 2958 1844 Ὲξυυδένωσας
2990 1777 3214 1842 πάντας
3247 1775 3383 1839 τοὺς
3410 1768 3814 1826 oblectaret-r—

642 1871 838 1913 calores
878 1870 1048 1923 terrm,
1082 1861 1195 1917 ideo
1242 1862 1403 1917 dilexi
1465 1865 1756 1917 testimonia
1818 1874 1924 1917 tua.
1962 1842 2163 1936 Con/iga

2270 1881 2374 1931 τας
2405 1842 2518 1921 one
2544 1842 2659 1920 τῶν
2685 1842 3078 1936 δικαιωματων
3102 1880 3235 1929 σου,
3266 1865 3353 1918 ὄτι
3388 1863 3593 1915 ἄδικον
3619 1862 3683 1913 τὸ
3713 1861 3811 1912 ὲν-

642 1950 821 2003 timore
867 1960 952 2004 tuo
1004 1967 1181 2005 carnes
1238 1968 1399 2021 meas,
1451 1969 1484 2006 a
1516 1953 1732 2023 judiciis
1774 1956 1910 2008 enim
1951 1955 2055 2009 tuis
2106 1958 2168 2009 ti-

2270 1959 2501 2025 θύμημα
2525 1957 2735 2012 αὐτῶν.
2769 1959 3241 2025 Παραὸαἰνοντας
3266 1953 3629 2023 ἐλογισάμην
3658 1950 3809 2003 πάν-

2269 2062 2371 2112 τας
2417 2046 2555 2111 τοὺς
2600 2047 2976 2115 ἁμαρτωλοὺς
3022 2044 3133 2112 τῆς
3161 2044 3290 2114 γῆς,
3329 2044 3424 2097 διὰ
3458 2040 3631 2097 τοῦτο
3670 2036 3815 2107 ἠτύ-

635 2143 800 2195 πησι
823 2130 891 2182 τὰ
905 2129 1189 2198 μαρτύριά
1218 2146 1350 2185 σου.
1375 2131 1736 2200 Καθήλωσον
1755 2134 1825 2188 ἐκ
1852 2135 1957 2190 τοῦ
1980 2137 2166 2206 φόϐου
2200 2152 2313 2193 σου
2346 2139 2445 2204 τὰς
2478 2136 2703 2205 σάρκας
2727 2146 2843 2207 μου
2859 2154 2871 2167 ·
2897 2136 3011 2191 ἀπὸ
3036 2138 3143 2207 γὰρ
3190 2136 3317 2189 τῶν
3359 2133 3651 2202 κριμάτων
3693 2146 3811 2186 σου

632 2222 943 2290 ἐφοϐήθην·
1981 2269 1990 2279 .

708 2313 868 2370 Vnus.
899 2314 1020 2368 121.
1048 2311 1172 2367 Feci
1200 2312 1457 2382 judicium
1480 2322 1528 2366 et
1541 2315 1829 2382 justitiam,
1855 2332 1957 2370 non
1984 2312 2161 2374 tradas

632 2422 712 2459 me
738 2406 986 2474 injuriam
1010 2402 1347 2472 inferentibus
1377 2403 1521 2458 mihi.
1549 2403 1651 2469 Qui
1697 2407 1749 2459 in
1779 2407 2041 2478 principio
2088 2411 2164 2464 in-

631 2498 848 2552 stitutus
881 2494 1072 2559 fuerat,
1114 2500 1173 2547 ut
1201 2494 1312 2562 jam
1359 2495 1585 2548 multum
1618 2495 1909 2566 profectus,
1946 2514 2007 2553 ac
2047 2516 2161 2554 ma-

629 2600 731 2655 gna
763 2592 1034 2654 operatus,
1080 2592 1232 2656 rogat
1286 2598 1355 2639 ne
1400 2599 1432 2638 a
1484 2584 1725 2654 profectu
1780 2602 1878 2641 suo
1925 2589 2153 2645 excidat.

629 2674 830 2730 Deinde
859 2674 1207 2729 considerans
1242 2673 1502 2744 plurimos
1540 2688 1659 2729 esse
1682 2676 1770 2745 qui
1810 2662 1991 2745 probis
2020 2679 2156 2732 invi-

628 2764 809 2827 deant,
844 2779 968 2820 cum
1008 2764 1144 2818 nihil
1188 2764 1310 2817 mali
1349 2764 1415 2818 de
1444 2764 1572 2833 ipsis
1604 2764 1884 2820 dicendum
1913 2767 2161 2830 habeant.

626 2856 1029 2926 calumniasquo
1056 2866 1235 2911 tamen
1280 2864 1521 2923 struant;
1549 2857 1794 2911 obsecrat
1827 2858 1879 2913 et
1922 2871 2071 2930 rogat
2098 2864 2164 2916 ab

627 2946 695 3003 iis
724 2947 964 3003 liberari.
1004 2944 1110 3000 Pro
1148 2946 1240 2999 illo
1280 2952 1458 2998 autem
1493 2961 1507 2998 :
1540 2946 1788 3013 iniuriam
1827 2947 2162 3016 inferentibus

626 3038 773 3102 milii,
820 3038 1014 3108 Aquila
1043 3055 1056 3091 :
1091 3034 1171 3089 Ne
1202 3034 1437 3088 dimittas
1476 3050 1554 3087 me
1588 3036 2025 3093 calumniantibus
2055 3056 2154 3105 me,

625 3126 813 3180 edidit.
1725 3120 1733 3128 ’

2337 2316 2617 2379 Ἐποίησα
2652 2306 2823 2382 κρίμα
2850 2313 2943 2383 καὶ
2981 2312 3386 2379 δικαιοσυνην,
3416 2309 3500 2379 μὴ
3528 2311 3811 2379 παραδῷ(-

2250 2421 2327 2474 με
2356 2402 2475 2468 τοῖς
2507 2402 2783 2480 ἀδικοῦσί
2806 2418 2900 2471 με.
2920 2401 2975 2453 '0
3002 2401 3140 2453 κατὰ
3169 2401 3261 2470 τὴν
3301 2402 3471 2471 ἀρχὴν
3509 2406 3803 2473 στοιχειοῦ-

2260 2511 2435 2566 μενος,
2459 2494 2533 2556 ὡς
2562 2494 2624 2547 ἂν
2647 2493 2746 2563 ἤδη
2777 2493 3047 2564 προκόψας
3074 2492 3164 2545 ἐπὶ
3193 2492 3344 2556 πολὺ,
3379 2492 3557 2545 καὶτὰ
3592 2494 3804 2564 μεγάλα

2260 2584 2619 2656 κατορθώσας,
2640 2583 2852 2653 εῠχεται
2883 2584 2954 2653 μὴ
2982 2583 3225 2635 ἐκπεσεῖν
3246 2582 3342 2653 τῆς
3364 2584 3655 2654 προκοπῆς.
3669 2581 3803 2637 Εἶτα

2260 2674 2513 2746 συνορῶν,
2539 2674 2621 2727 ὅτι
2654 2677 2761 2736 τοῖς
2784 2673 2963 2736 καλοῖς
2991 2672 3173 2747 πολλοὶ
3197 2672 3562 2741 βασκαίνουσι,
3590 2675 3685 2727 καὶ
3716 2675 3804 2727 λέ-

2256 2781 2372 2833 γειν
2407 2764 2502 2833 μέν
2527 2780 2577 2814 τι
2615 2762 2812 2830 φαῦλον
2842 2762 2964 2832 περὶ
3000 2761 3174 2815 αὐτῶν
3206 2762 3352 2815 οὐδὲν
3382 2762 3612 2832 ἔχουσιν,
3644 2781 3803 2837 περι-

2256 2854 2507 2905 πλέκουσι
2531 2852 2587 2904 δὲ
2613 2853 2985 2921 συκοφαντίας,
3005 2851 3240 2905 ,ἱκετεύει
3273 2853 3362 2905 καὶ
3391 2853 3565 2906 δέεται
3598 2854 3800 2909 τούτων

2259 2936 2695 3015 ρυσθῆνιιίᾊντὶ
2716 2944 2793 3007 δὲ,
2820 2943 2942 3009 τοῖς
2966 2943 3241 2997 ἀδικοῦσι
3258 2959 3355 3012 με,
3373 2944 3599 3008 Ἀκύλας
3617 2944 3803 3009 ἐξέδω-

2259 3052 2347 3091 κε’
2380 3035 2475 3103 Μὴ
2504 3033 2662 3103 ἀφῇς
2683 3052 2759 3103 με
2782 3036 2911 3101 τοῖς
2939 3033 3383 3103 συκοφαντοῦσι
3401 3051 3497 3104 με.

697 3216 858 3269 Vens.
899 3213 1019 3269 122.
1061 3212 1183 3268 Feci
1211 3214 1476 3283 judicium
1511 3224 1558 3268 et
1577 3214 1862 3283 justitiam,
1902 3234 2001 3271 non
2040 3229 2156 3304 tra-

2259 3214 2611 3310 κἘποίησα
2640 3215 2814 3282 κρίμα
2845 3214 2939 3267 καὶ
2970 3213 3389 3281 donatam,
3411 3214 3497 3283 μὴ

622 3310 720 3363 dus
755 3323 835 3361 me
863 3306 1111 3376 injuriam
1133 3305 1467 3370 inferentibus
1501 3304 1646 3358 mihi.
1700 3303 1910 3373 Suscipe
1950 3297 2156 3364 seruum

622 3407 768 3450 tuum
794 3397 848 3469 in
880 3396 1089 3459 bonum,
1126 3410 1227 3449 non
1263 3394 1648 3448 calumnientur
1674 3410 1753 3448 me
1797 3393 2020 3463 superbi.
2053 3396 2156 3463 Qui

622 3485 993 3557 pmnitentiam
1027 3486 1153 3555 egit,
1189 3499 1218 3537 a
1253 3483 1571 3555 vexantibus
1609 3498 1667 3540 se
1692 3492 1901 3549 erutus,
1938 3494 2097 3555 atque
2126 3502 2157 3542 a

621 3576 926 3646 captivitate
957 3575 1264 3644 redemptus
1290 3574 1365 3627 ait
1405 3588 1417 3623 :
1452 3571 1666 3641 Suscipe
1701 3590 1902 3646 seruum
1931 3582 2072 3628 tuum
2102 3578 2156 3630 in

622 3641 845 3728 bonum;
870 3665 924 3718 hi
960 3641 1190 3732 namque
1224 3677 1309 3717 me
1338 3662 1391 3715 in
1417 3661 1617 3715 malum
1648 3641 2013 3731 susceperant.
2041 3662 2156 3717 Nisi

620 3759 763 3813 enim
801 3771 885 3810 me
909 3770 1121 3809 servum
1156 3761 1303 3805 tuum
1331 3752 1565 3807 inimicis
1593 3752 1871 3807 subactum
1904 3767 2155 3823 suscepe-

620 3848 733 3913 ris;
784 3842 1408 3914 hi.superbi,'videlicet
1441 3839 1791 3900 adversariae
1838 3851 2151 3914 potestates.

619 3956 704 3995 me
729 3939 1129 3994 calumniaturae
1153 3942 1296 3991 sunt.
1320 3933 1597 4000 Quomodo
1616 3942 1792 3991 autem
1822 3926 2154 3992 calumnian-

618 4031 744 4085 tur?
773 4030 906 4100 ipsa:
927 4044 1011 4083 me
1039 4028 1338 4085 incitarunt
1364 4024 1601 4096 mihique
1634 4034 1919 4082 suaserunt
1942 4033 2001 4081 ut
2030 4042 2152 4096 pec.

616 4130 768 4179 cator
798 4120 1075 4178 evaderem
1106 4138 1119 4174 :
1150 4134 1212 4174 ac
1244 4119 1373 4189 ipsa:
1399 4118 1508 4187 jam
1551 4131 1645 4171 me-
1678 4124 1954 4182 accusant,
1985 4124 2150 4172 totam

617 4214 820 4284 peccati
847 4227 1071 4267 causam
1104 4211 1157 4269 in
1198 4202 1295 4265 me.
1317 4207 1672 4264 conferentes.
1704 4206 2019 4289 Necessario
2064 4224 2152 4263 ro-

616 4316 705 4376 gat
753 4304 919 4359 Deum
974 4312 1031 4357 ut
1076 4312 1355 4374 susceptor
1389 4302 1559 4371 ipsius
1590 4300 1678 4365 sit,
1705 4294 2151 4369 quemadmodum
2192 4334 2193 4337 η

615 4406 669 4452 et
696 4412 953 4467 sponsor;
1001 4404 1057 4448 ut
1094 4396 1209 4465 ipse
1250 4400 1437 4456 custos
1472 4393 1638 4461 ipsius
1670 4389 1949 4453 elliciatur,
1990 4405 2151 4460 spon-

2250 3303 2326 3374 ἱιε
2351 3305 2471 3370 τοῖς
2496 3305 2770 3358 ἀδικοῦσι
2790 3304 3169 3373 με.Ἔκδεξαι
3195 3304 3301 3357 τὸν
3320 3303 3545 3359 δοῦλόν
3565 3320 3680 3359 σου
3708 3308 3797 3371 εις

2254 3396 2492 3464 ἀγαθὸν,
2519 3395 2604 3463 μὴ
2639 3394 3261 3465 συκοφαντησάτωσάν
3289 3410 3365 3463 με
3403 3392 3784 3464 ὑπερήφανοι.

2266 3482 2324 3535 '0
2360 3484 2685 3554 μετανοήσας
2710 3484 2800 3536 καὶ
2837 3476 2942 3536 ἀπὸ
2968 3483 3074 3537 τῶν
3100 3484 3497 3555 ἐνεργησάντων
3528 3486 3606 3546 εἰς
3627 3483 3788 3536 αὐτὸν

2254 3572 2477 3638 ἑξελθὼν
2508 3576 2599 3629 καὶ
2750 3574 3113 3646 αἰχμαλωσίας
3134 3575 3419 3646 λυτρωθείς
3444 3592 3632 3647 φησιν·
3662 3576 3789 3629 Ἕκο

2253 3662 2417 3727 δεξαι
2436 3665 2539 3718 τὸν
2563 3665 2782 3719 δοῦλόν
2807 3681 2920 3719 σου
2941 3669 3025 3732 εἰς
3048 3667 3268 3735 ἀγαθόν
3284 3683 3298 3697 ο
3332 3660 3474 3720 οὗτοι
3495 3666 3599 3738 γάρ
3623 3682 3691 3738 με
3711 3667 3792 3728 εἰς

2254 3754 2479 3825 πονηρὸν
2507 3754 2960 3817 ὲξεδέξαντο.Ἐὰν
2992 3756 3095 3826 γὰρ
3127 3757 3199 3827 μὴ
3227 3757 3411 3828 ὲκδὲξῃ
3445 3774 3512 3827 με
3550 3759 3639 3812 τὸν
3675 3757 3792 3812 δοῦ-

2252 3844 2341 3899 λόν
2368 3861 2457 3897 σου
2490 3845 2787 3915 ὑποχείριον
2813 3845 3095 3916 γενόμενον
3115 3850 3223 3909 τοῖς
3259 3847 3548 3915 πολεμιοις,
3578 3844 3717 3902 οὗτοι
3740 3850 3788 3901 οἱ

2252 3936 2600 4007 ὑπερήφανοι,
2630 3938 2683 3989 αἱ
2724 3937 3081 4013 ἁντικεζμεναι
3120 3937 3390 4007 δυνάμεις,
3424 3938 3671 4007 μέλλουσί
3720 3958 3787 4011 με

2253 4031 2615 4098 συκοφαντεῖν.
2648 4028 2769 4093 Πῶς
2804 4028 2860 4082 δὲ
2892 4016 3335 4097 συκοφαντοῦσινς
3365 4023 3530 4083 Δῦται
3561 4030 3790 4103 ἐνήργη-

2252 4136 2348 4175 σαν
2387 4120 2479 4173 καὶ
2520 4118 2738 4173 ἔπεισαν
2770 4122 2835 4175 ἶν’
2866 4120 3180 4192 ἁμαρτωλὸς
3202 4120 3444 4190 γένωμαι
3462 4137 3475 4151 ·
3504 4122 3598 4175 καὶ
3629 4114 3789 4175 αὗται

2251 4227 2342 4279 μοι
2372 4211 2660 4281 κατήγοροι
2678 4212 3060 4281 γίνονται,ὅλην
3086 4211 3181 4282 τὴν
3210 4212 3384 4265 αἰτίαν
3411 4210 3518 4266 τῶν
3542 4214 3791 4283 ἁμαρτη-

2252 4300 2433 4371 μάτων
2474 4302 2552 4363 εἰς
2595 4301 2692 4371 ἐμὲ
2733 4302 3454 4372 ἁναφέρουσαι.Ἃναγκαίως
3487 4304 3789 4375 παρακαλεῖ

2247 4391 2335 4444 τὸν
2363 4390 2491 4445 Θεὸν
2514 4390 2766 4461 ἀνάδοχον
2794 4390 2954 4444 αὐτοῦ
2974 4392 3238 4460 γενέσθαι,
3265 4394 3447 4465 ὥσπερ
3470 4394 3561 4447 καὶ
3586 4397 3783 4463 ἐγγυη-

617 4489 820 4543 sionem
854 4499 1074 4541 servans
1103 4500 1166 4538 ac
1206 4483 1537 4544 custodiens,
1568 4486 1626 4533 ut
1657 4494 1723 4534 ue
1751 4479 2027 4532 minimam
2061 4493 2151 4531 an-

2258 4481 2372 4549 τήνο
2408 4480 2472 4533 ἵν’
2500 4480 2655 4543 αὐτὸς
2699 4480 2866 4548 φύλαξ
2907 4479 3065 4533 αὑτοῦ
3112 4481 3348 4558 γένηται,
3385 4482 3563 4551 τηρῶν
3611 4482 3785 4549 ἑαυτῷ

617 4594 730 4635 sam
753 4578 983 4650 praebeat
1011 4575 1391 4631 insidiantibus
1424 4573 1524 4627 sibi
1547 4568 2042 4625 calumniatoribus.

686 4755 845 4809 τω.
880 4750 1153 4807 125-126.
1197 4748 1349 4805 Oculi
1385 4749 1483 4801 mei
1523 4747 1813 4816 defecerunt
1839 4748 1892 4799 in
1918 4746 2149 4799 salutare

618 4860 781 4915 tuum,
817 4857 865 4901 et
903 4850 956 4898 in
999 4844 1255 4909 eloquium
1277 4841 1501 4909 justitiaz
1536 4848 1655 4894 tum.
1698 4836 1809 4892 Fac
1849 4855 1965 4892 cum
2006 4854 2149 4891 servo

2251 4567 2345 4621 καὶ
2389 4568 2659 4637 φυλάττων
2686 4568 2780 4637 τὴν
2806 4566 3022 4638 ἐγγύην,
3059 4568 3192 4639 πρὸς
3231 4568 3292 4621 τὸ
3330 4569 3593 4639 μηδεμίαν
3615 4568 3784 4640 λαὸἡν

2247 4660 2538 4730 παρασχεῖν
2568 4660 2675 4722 τοῖς
2709 4658 3078 4728 ἐφεδρεύουσιν
3110 4642 3255 4729 αὑτῷ
3281 4660 3657 4726 συκοφάνταις.

2316 4753 2378 4804 Ol
2411 4752 2696 4819 ὀφθαλμοί
2710 4767 2836 4819 μου
2849 4749 3123 4813 ἐξέλιπον
3138 4752 3223 4814 εἰς
3247 4749 3313 4802 τὸ
3335 4750 3624 4816 σωτήριόν
3643 4765 3779 4814 σου,

2209 4851 2215 4856 ’
2243 4841 2339 4893 καὶ
2375 4845 2459 4906 εὶς
2494 4840 2559 4894 τὸ
2585 4844 2787 4911 λόγιον
2820 4838 2928 4907 τῆς
2952 4839 3328 4905 δικαιοσύνης
3348 4854 3481 4894 σου.
3516 4841 3782 4909 Ποίησον

620 4951 704 4994 tuo
738 4937 1015 4993 secundum
1042 4931 1451 4987 misericordiam
1486 4941 1647 4996 tuam,
1676 4939 1725 4984 et
1748 4927 2146 4999 justiﬁcationes

2258 4933 2385 4993 uera
2410 4932 2514 4985 τοῦ
2548 4932 2765 4986 δούλου
2791 4944 2904 4984 σου
2930 4930 3078 4983 κατὰ
3109 4928 3175 4982 τὸ
3207 4929 3375 4995 ἔλεός
3405 4946 3541 4995 σου,
3579 4931 3673 4984 καὶ
3705 4932 3780 4985 τὰ

620 5042 735 5085 tuas
777 5031 901 5083 doce
936 5027 1043 5080 me;
1065 5022 1251 5081 Servus
1284 5032 1399 5075 tuus
1431 5039 1544 5075 sum
1575 5039 1665 5091 ego
1696 5037 1714 5073 :
1748 5020 1814 5073 da
1840 5020 1964 5073 mitti
1998 5019 2147 5072 intel-

620 5123 804 5177 lectum
828 5158 842 5182 ,
897 5129 943 5171 et
977 5114 1140 5171 sciam
1182 5113 1475 5167 testimonia
1524 5122 1633 5165 tua.
1676 5110 1892 5179 Tempus
1923 5109 2147 5177 faciendi

617 5212 862 5274 Domino,
878 5210 1249 5277 dissipaverunt
1272 5204 1427 5275 legem
1452 5212 1613 5256 tuam.
1637 5202 1861 5257 Sursum
1881 5201 2147 5271 aspiciens

554 5284 558 5289 ’
618 5304 685 5357 ad
734 5302 965 5357 salutare
992 5308 1141 5353 tuum
1172 5303 1225 5352 et
1252 5296 1473 5351 verbum
1505 5300 1676 5358 tuum,
1720 5300 1906 5373 totam,
1950 5292 2142 5360 inquit,

617 5411 764 5464 spem
796 5406 966 5447 meam
1014 5390 1139 5444 hinc
1171 5386 1402 5459 pendere
1444 5383 1566 5449 fuci,
1596 5384 1709 5439 erui
1749 5397 1833 5437 me
1869 5384 2144 5454 postulans

617 5488 682 5540 ab
711 5482 1067 5541 invidentibus
1094 5478 1251 5536 saluti
1288 5492 1437 5531 mea.

686 5674 847 5727 Vens.
884 5673 1005 5725 «ιιι.
1046 5668 1168 5722 Ideo
1197 5666 1354 5719 dilexi
1382 5663 1627 5717 mandata
1657 5672 1745 5715 tua
1772 5677 1921 5730 super
1953 5675 2141 5713 aurum

615 5774 666 5821 et
695 5766 949 5832 topasicn.
984 5759 1091 5832 Ego
1123 5758 1337 5829 quidem
1363 5754 1464 5813 feci
1488 5754 1749 5826 judicium
1779 5752 2134 5824 etjustitiam,

2243 5020 2591 5091 δικαιώματὰ
2614 5039 2726 5077 σου
2751 5020 2993 5085 δίδαξον
3005 5036 3099 5089 με.
3116 5019 3337 5087 Δοῦλος
3360 5037 3475 5075 σου
3498 5021 3613 5089 εἰμὶ
3640 5022 3773 5092 ἐγὼ,

2242 5114 2561 5167 συνέτισόν
2601 5129 2695 5182 με,
2726 5112 2819 5166 καὶ
2857 5109 3149 5180 ⁸γνώσομαι
3198 5098 3268 5164 τὰ
3308 5112 3593 5181 μαρτύριά
3636 5129 3771 5167 σου.

2241 5205 2453 5272 Καιρὸς
2481 5204 2585 5257 τοῦ
2614 5188 2854 5272 ποιῆσαι
2899 5201 2977 5267 τῷ
3010 5202 3217 5270 Κυρίῳ,
3248 5202 3639 5257 διεσκέδασαν
3668 5204 3772 5255 τὸν

2241 5296 2423 5363 νόμον
2444 5297 2729 5350 σου.’Δνω
2750 5293 2955 5363 βλέπων
2981 5293 3070 5346 ἐπὶ
3099 5292 3158 5346 τὸ
3187 5294 3442 5365 σωτήριόν
3464 5296 3662 5366 moui
3681 5295 3771 5349 τὸν

2241 5383 2393 5453 λόγον
2427 5402 2537 5450 σου,
2575 5388 2767 5449 πάσας,
2801 5386 2984 5456 φησὶν,
3019 5384 3291 5457 ἀνήρτησα
3335 5384 3427 5439 ἐπὶ
3467 5386 3637 5440 ταῦτα
3672 5386 3769 5448 τὰς

2241 5476 2471 5548 ἐμαυτοῦ
2505 5477 2735 5539 ἐλπίδας,
2762 5476 3013 5546 ῥυσθῆναι
3037 5472 3404 5549 δεόμενος’ἀπ’ὸ
3421 5476 3527 5529 τῶν
3553 5477 3768 5548 διαφθο-

2242 5567 2468 5621 νούντων
2502 5585 2601 5637 μου
2627 5570 2691 5637 τῇ
2726 5567 2977 5637 σωτηρίᾳ.
3382 5638 3390 5642 ⁴

2310 5658 2408 5710 Διὰ
2432 5655 2600 5710 τοῦτο
2626 5653 2906 5724 ἠγάπησα
2938 5646 3041 5721 τὰς
3062 5653 3306 5719 ἐντολάς
3326 5669 3440 5707 σου
3461 5653 3612 5722 ὑπὲρ
3637 5668 3767 5722 χρυ-

2242 5748 2376 5803 σίον
2404 5748 2498 5803 καὶ
2537 5747 2818 5809 τοπάζιον.
2838 5747 2974 5817 Ἐγὼ
3003 5748 3099 5820 μιν
3121 5747 3345 5819 ἐποίησα
3377 5746 3548 5820 κρίμα
3576 5747 3669 5801 καὶ
3690 5742 3767 5799 δι-
