3994 6354
651 425 809 490 “01.

1369 423 1626 480 EUSEB“
1663 425 2124 481 CESARIENSIS
2159 425 2303 482 OPP.
2332 424 2504 480 PARS
2540 425 2628 480 Ill.
2669 455 2736 464 —
2775 425 3164 481 EXEGETICA.

3660 429 3799 482 i393

655 552 755 604 tam
797 551 940 598 tuam
971 540 1148 595 dilexi.
1191 539 1382 608 Septies
1429 543 1484 594 in
1529 540 1610 593 die
1659 541 1864 600 laudem
1918 541 2028 594 dixi
2081 540 2165 593 tibi

2270 543 2453 609 νόμον
2471 556 2585 592 σου
2611 539 2911 608 ἠγάπησα.
2929 539 3188 606 Ἑπτάκις
3215 539 3322 606 τῆς
3355 541 3569 609 ἡμέρας
3611 541 3803 608 ᾔνεσά

650 648 802 702 super
821 633 1022 702 judicia
1047 634 1270 702 justitite
1293 643 1415 687 tua.
1459 632 1567 688 Hoc
1606 635 1728 688 item
1768 635 2034 704 intelligas
2072 636 2172 690 hac

652 725 874 787 ratione,
911 725 1053 794 quod
1082 725 1334 778 nimirum
1363 734 1484 777 ante
1511 725 1676 778 solem
1700 725 1888 780 electo
1925 741 2169 794 surgens,

652 815 940 875 secundum
972 816 1101 870 illud
1138 835 1150 869 :
1190 815 1264 868 De
1307 824 1450 871 nocte
1477 832 1622 871 mane
1655 818 1940 885 eonsurgit-
1960 817 2170 885 spiritus

649 920 791 961 meus
825 905 892 956 ad
926 913 994 966 te,
1040 905 1176 958 Deus
1203 907 1274 968 ²¹;
1305 912 1356 959 et
1387 923 1398 956 :
1439 903 1608 969 Deus,
1652 904 1786 957 Deus
1822 921 1983 968 meus,
2028 905 2094 957 ad
2124 915 2171 957 te

648 1002 711 1058 de
736 998 844 1050 luce
865 997 1016 1065 vigilo
1034 998 1100 1057 ”,
1131 998 1358 1065 primum
1384 997 1647 1052 emitteret
1672 997 1955 1066 hymnum;
1982 997 2171 1052 deinde

648 1089 880 1146 instante
911 1085 1017 1148 die,
1075 1087 1240 1153 prima
1287 1086 1585 1148 lioradiei,
1641 1086 1793 1154 quasi
1848 1088 2167 1140 sacriﬁcium

648 1175 991 1235 matutinum,
1042 1164 1337 1228 secundum
1369 1174 1624 1244 hymnum
1671 1173 1778 1230 Deo
1806 1175 2166 1253 persolveret;

647 1255 778 1322 liora
832 1264 1075 1317 similiter
1117 1263 1298 1326 tertia,
1349 1264 1472 1318 item
1530 1265 1774 1330 tertium;
1822 1274 1971 1320 sexta
2019 1265 2165 1328 item,

646 1363 928 1429 quartum;
974 1368 1134 1416 nona,
1171 1353 1450 1422 quintum;
1496 1355 1809 1408 duodecima
1845 1355 1996 1420 hora,
2048 1370 2168 1409 sex—

649 1450 760 1498 tum
788 1459 801 1508 ;
835 1441 1028 1504 deinde
1058 1457 1278 1511 vespera
1305 1451 1426 1512 post
1451 1443 1738 1498 adhibitam
1771 1446 1980 1513 corpori
2013 1460 2170 1498 cura-

646 1529 867 1593 tionem,
910 1530 975 1582 ad
1000 1529 1192 1582 lectum
1224 1543 1562 1593 accessurus,
1604 1531 1882 1600 septimum
1914 1532 2166 1602 hymnum

646 1617 939 1673 eﬂ'underet
965 1635 978 1683 ;
1011 1627 1170 1688 atque
1206 1619 1279 1676 ita
1305 1618 1554 1688 implebat
1582 1620 1709 1673 illud
1736 1639 1749 1673 :
1787 1619 1978 1689 Septies
2007 1622 2060 1674 in
2087 1622 2168 1675 die

645 1707 847 1772 laudem
876 1709 988 1762 dixi
1013 1709 1121 1762 tibi.

2275 646 2348 684 σε
2368 631 2460 682 ἐπὶ
2489 630 2559 684 τὰ
2582 632 2826 698 κρίματα
2862 629 2965 696 τῆς
3004 630 3382 696 δικαιοσύνης
3406 647 3538 684 σου.
3578 633 3801 701 Νοήσεις

2272 720 2362 772 καὶ
2391 703 2556 782 οὕτως
2581 722 2870 790 ἐπιστήσας
2887 720 2959 782 ὼς
2981 721 3081 791 πρὸ
3105 720 3250 791 ἡλίου
3281 720 3674 790 διανιστάμε;νος
3702 721 3800 788 τῆς

2271 810 2448 878 κοίτης
2472 811 2607 863 κατά
2639 810 2731 863 τὸν
2767 809 2985 878 λέγοντα
3011 827 3022 839 ·
3065 812 3154 862 Ἐκ
3195 809 3408 875 νυκτὸς
3450 809 3688 877 ὀρθρίζει
3735 810 3798 862 τὸ

2269 900 2501 968 πνεῦμά
2515 918 2632 969 μου
2655 901 2801 968 πρὸς
2827 901 2919 961 σὲ,
2950 903 2981 953 ὀ
3013 901 3180 966 Θεόςσ
3213 902 3322 962 καὶ,
3354 904 3387 954 ό
3414 901 3571 966 Θεὸς,
3600 905 3632 954 ὀ
3654 901 3798 965 Θεός

2263 1010 2399 1060 μου,
2417 993 2561 1060 πρὸς
2579 992 2652 1045 σὲ
2670 991 2916 1060 ὀρθρίζω,
2945 991 3031 1044 τὸν
3054 991 3260 1060 πρῶτον
3285 992 3587 1062 ἀνέπεμπεν
3608 993 3794 1060 ῦμνον·

2268 1077 2361 1133 εἶτ’
2377 1081 2664 1150 ἐπιστάσης
2683 1079 2903 1150 ἡμέρας,
2925 1079 3061 1132 κατά
3079 1079 3173 1150 τὴν
3194 1079 3408 1151 πρώτην
3427 1080 3588 1152 ὥραν,
3611 1082 3800 1151 ὥσπερ

2267 1170 2429 1222 ἕωθεν
2465 1170 2561 1239 τὴν
2606 1170 2789 1223 Θυσίαν
2837 1169 3131 1240 προσέφερε
3169 1169 3243 1239 τῷ
3273 1170 3388 1239 Θεῷ
3416 1171 3503 1222 τὸν
3529 1171 3800 1242 δεύτερον,

2268 1259 2355 1310 καὶ
2383 1259 2518 1310 κατά
2539 1260 2634 1328 τὴν
2664 1259 2848 1328 τρίτην
2883 1257 3134 1320 ὡσαύτως
3170 1257 3265 1327 τὴν
3289 1259 3482 1327 τρίτον,
3516 1261 3607 1312 καὶ
3643 1261 3802 1312 πάλιν

2267 1345 2404 1396 κατά
2446 1345 2541 1414 τὴν
2585 1345 2746 1416 ἕκτην
2786 1345 2874 1398 τὸν
2921 1345 3189 1415 τέταρτον,
3222 1347 3354 1399 κατά
3401 1347 3453 1398 δὲ
3486 1347 3580 1417 τὴν
3606 1349 3799 1418 ἐνάτην

2266 1432 2410 1502 ὤραν
2441 1433 2528 1484 τὸν
2550 1433 2808 1502 πέμπτον,
2840 1434 2974 1487 κατὰ
3006 1433 3061 1485 δὲ
3084 1434 3176 1502 τὴν
3196 1433 3490 1505 δωδεκάτην
3507 1438 3596 1488 τὸν
3618 1436 3793 1502 ἕκτον,

2267 1518 2364 1574 εἶθ’
2395 1522 2625 1592 ἑσπέρας
2673 1523 2804 1591 μετά
2849 1523 2942 1592 τὴν
2969 1522 3060 1575 τοῦ
3091 1522 3332 1593 σώματος
3363 1525 3670 1596 θεραπείαν,
3700 1529 3793 1579 ἐπὶ

2266 1613 2445 1680 κοίτην
2474 1611 2673 1681 μέλλων
2698 1612 2982 1682 τρέπεσθαι
3027 1612 3113 1664 τὸν
3157 1612 3374 1682 ἕϐδομον
3419 1614 3583 1682 ὕμνον
3606 1616 3789 1670 ἀπεδί-

2264 1701 2373 1764 δου,
2412 1703 2502 1754 καὶ
2551 1701 2718 1764 οὓτως
2745 1701 2972 1772 ἐπλήρου
3005 1702 3097 1754 τόδ
3139 1701 3401 1768 Ἐπτάκις
3432 1702 3540 1772 τῆς
3571 1705 3791 1773 ἡμέρας

2268 1791 2452 1856 ᾔνεονιὲ
2489 1805 2579 1843 σε.

715 1876 877 1932 Vens.
911 1877 1031 1931 165.
1082 1875 1198 1930 Pax
1235 1879 1398 1932 multa
1430 1880 1752 1950 diligentibus
1799 1882 1954 1951 legem
2001 1890 2162 1946 tuam,

2331 1880 2549 1945 Εἰρήνη
2577 1879 2769 1946 πολλὴ
2795 1879 2915 1945 τοῖς
2943 1879 3322 1948 ἀταπῶσιτὸν
3343 1883 3523 1950 νόμον
3546 1898 3680 1947 σου,
3696 1885 3791 1937 καί

645 1976 694 2020 st
723 1983 822 2020 non
841 1975 916 2020 est
947 1968 1055 2021 illis
1079 1969 1403 2025 scandalum.
1433 2006 1440 2014 -
1469 1969 1561 2024 Dei
1598 1985 1789 2025 nomen
1828 1970 2042 2042 [legem]
2084 1972 2166 2024 di-

654 2056 931 2124 ‘igentibus
957 2071 1055 2125 pax
1083 2057 1220 2110 inest
1243 2058 1402 2110 multa
1427 2076 1442 2124 ;
1478 2074 1583 2112 non
1609 2060 1782 2129 qualis
1799 2067 2017 2114 externa
2043 2077 2055 2110 :
2077 2061 2165 2114 illa

667 2148 842 2214 quippe
864 2160 969 2199 non
1000 2162 1162 2224 penes
1218 2164 1316 2203 nos
1360 2157 1477 2215 est;
1513 2149 1604 2203 sed
1635 2165 1695 2203 ea
1727 2167 1844 2221 quae
1874 2151 1926 2203 in
1961 2151 2163 2219 cogita-

674 2235 882 2290 ionibus
911 2237 1011 2290 sila
1043 2244 1144 2300 est,
1180 2253 1244 2291 ex
1273 2252 1378 2306 qua
1419 2239 1742 2294 turbationis
1786 2247 1838 2294 et
1884 2241 2162 2302 tumultus,

666 2341 761 2384 ςιιεε
799 2341 863 2378 ος
905 2325 1187 2380 allectuum
1253 2329 1518 2383 vacuitate
1569 2329 1803 2398 gignitur
1857 2330 2164 2384 immunitas

678 2413 875 2467 xsistit.
909 2412 1058 2466 Hanc
1083 2429 1187 2466 una
1219 2427 1339 2466 cum
1385 2417 1700 2484 congruenti
1745 2417 1911 2485 gratia
1942 2431 2164 2485 accepe‘

668 2511 789 2564 unt,
815 2503 905 2571 qui
938 2517 1054 2556 eam
1078 2517 1105 2555 a
1131 2501 1238 2556 Deo
1270 2503 1424 2558 Patre
1452 2513 1502 2558 et
1541 2504 1759 2566 Domino
1794 2505 1921 2560 Jesu
1950 2507 2165 2561 Christo

651 2591 788 2644 nacti
824 2599 967 2646 sunt.
999 2589 1131 2644 Cum
1163 2592 1306 2645 illam
1332 2585 1513 2661 itaque
1551 2595 1602 2647 in
1641 2587 1852 2647 nomine
1874 2593 1965 2648 Dei
1992 2595 2166 2664 possi-

647 2677 828 2741 deant,
852 2685 1038 2746 utpote
1077 2680 1270 2733 eximie
1303 2678 1542 2747 perfecti.
1595 2680 1902 2735 scandalum
1937 2697 2042 2736 non
2069 2682 2166 2736 ha-

649 2770 770 2820 bent
803 2767 855 2819 in
903 2767 1206 2835 semetipsis
1256 2785 1270 2820 :
1322 2781 1443 2821 nam
1503 2769 1814 2837 pusillorum
1859 2771 2006 2834 illud,
2058 2786 2164 2826 non

646 2871 770 2909 vero
803 2856 1230 2924 praestandorum
1265 2864 1367 2918 est,
1422 2858 1865 2925 quemadmodum
1920 2861 1994 2912 ait
2041 2860 2164 2914 Scr-

644 2953 797 2998 valor
847 2961 862 2997 :
923 2945 1100 2999 Videte
1148 2962 1208 2998 ne
1237 2947 1602 3000 scandalizetis
1651 2964 1806 3000 unum
1853 2949 1915 3002 de
1961 2950 2164 3016 pusillis

642 3037 758 3098 istis
787 3036 851 3089 “.
892 3035 1045 3102 Quod
1091 3037 1137 3089 si
1185 3037 1348 3088 multa
1383 3051 1482 3104 pax
1527 3038 1595 3090 sit
1626 3037 1970 3107 diligentibus
1999 3040 2162 3108 legem

2263 1971 2368 2021 οὐκ
2395 1969 2562 2022 ἐστιν
2585 1970 2782 2037 αὐτοῖς
2808 1970 3164 2028 σκάνδαλον.
3203 1973 3323 2034 Τοῖς
3350 1973 3439 2025 τοῦ
3463 1973 3596 2027 Θεοῦ
3623 1974 3791 2046 ὄνομα

2263 2059 2509 2112 ποθοῦσιν
2541 2061 2724 2130 εἰρήνη
2756 2061 3001 2130 τυγχάνει
3032 2061 3218 2131 πολλὴ,
3249 2064 3309 2116 οὑ
3335 2063 3581 2116 τοσοῦτον
3603 2067 3635 2134 ὴ
3661 2065 3793 2130 ἔξω.

2263 2148 2351 2200 θεν
2371 2166 2382 2178 ·
2413 2149 2471 2201 οὑ
2501 2149 2606 2219 γὰρ
2632 2152 2713 2218 ἐφ’
2737 2152 2866 2219 ἡμῖν
2893 2151 3027 2219 αῦτη
3047 2168 3060 2181 ο
3088 2151 3197 2203 ἀλλ’
3229 2154 3260 2222 ὴ
3287 2153 3344 2206 ὲν
3364 2155 3470 2216 τοῖς
3492 2153 3788 2223 λογισμοῖς,

2262 2238 2378 2290 καθ’
2407 2239 2469 2306 ἢν
2500 2237 2776 2307 συμϐαίνει
2799 2239 3087 2309 ἀταραξίαν
3111 2240 3200 2292 καὶ
3220 2241 3589 2310 ἀνενοχλησίαν
3615 2241 3715 2311 τῆς
3735 2241 3793 2306 ἐξ

2261 2326 2521 2389 ἀπαθείας
2540 2327 2696 2396 ἔχειν.
2721 2327 2926 2397 Ταύτην
2953 2328 3067 2396 ἅμα
3094 2331 3158 2398 τῇ
3182 2327 3490 2399 καταλλήλῳ
3514 2329 3692 2399 χάιριτι
3717 2332 3792 2381 εἰ-

2261 2414 2486 2484 λήφασιν
2510 2419 2556 2468 oi
2587 2416 2792 2485 ἔχοντες
2815 2417 2919 2470 ἀπὸ
2950 2416 3080 2469 Θεοῦ
3111 2419 3201 2469 καὶ
3228 2417 3433 2487 Πατρὸς
3464 2419 3555 2470 καὶ
3589 2419 3791 2488 Κυρίου

2273 2502 2440 2572 Ἰησοῦ
2472 2503 2718 2575 Χριστοῦ.
2742 2504 3071 2573 Κεκτημένοι
3103 2503 3229 2572 γοῦν
3254 2505 3416 2576 αὐτὴν
3435 2505 3518 2557 διὰ
3543 2507 3604 2558 τὸ
3621 2507 3790 2575 δνομα

2259 2594 2352 2647 τοῦ
2385 2593 2536 2658 Θεοῦ,
2564 2595 2994 2664 ὑπερϐαλλόντως
3023 2596 3344 2666 ὑπάρχοντες
3386 2596 3592 2660 τέλειοι,
3629 2586 3792 2650 σκάν-

2260 2683 2412 2736 δαλον
2452 2683 2548 2734 οὑκ
2577 2682 2783 2751 ἔχουσιν
2821 2685 2876 2734 ὲν
2908 2685 3144 2745 ἑαυτοῖς·
3192 2683 3396 2754 μικρῶν
3440 2684 3545 2754 γὰρ
3591 2685 3704 2738 ἀλλ’
3731 2686 3790 2737 οὑ

2265 2773 2508 2841 μεγάλων
2531 2772 2592 2824 τὸ
2624 2772 2764 2841 ἔχειν
2803 2774 2973 2835 τοῦτο,
3001 2772 3073 2834 ῶς
3107 2789 3265 2842 φησιν
3291 2776 3318 2827 6
3347 2773 3554 2844 Σωτήρ·
3597 2773 3792 2841 Ὁρᾶτε

2255 2862 2338 2929 μὴ
2371 2861 2810 2928 curculiones
2835 2861 2940 2915 ἕνα
2966 2861 3080 2915 τῶν
3097 2861 3318 2933 μικρῶν
3350 2864 3584 2920 τούτων.
3630 2865 3690 2916 El
3730 2864 3789 2921 δὲ

2261 2951 2343 3020 εἴη
2371 2953 2550 3022 εἰρήνη
2585 2951 2748 3019 πολλὴ
2776 2953 2884 3013 τοῖς
2910 2950 3156 3016 ἀγαπῶσι
3187 2953 3275 3004 τὸν
3317 2953 3474 3020 νόμον
3513 2953 3604 3004 τοῦ
3627 2952 3784 3014 Θεοῦ,

2261 3044 2473 3114 εἰρήνην
2493 3041 2601 3110 ἔχει
2627 3042 2840 3111 πολλὴν,
2866 3042 3092 3121 πόλεμος
3115 3044 3210 3112 οὐχ
3243 3044 3466 3096 ἅπτεται
3490 3046 3586 3114 τῆς
3613 3045 3792 3121 ψυχῆς

645 3125 760 3184 Dei.
795 3140 978 3193 pacem
1010 3125 1097 3178 ille
1129 3125 1347 3180 multam
1380 3125 1559 3186 habet,
1601 3125 1903 3194 bellumque
1934 3126 2160 3178 animam

2264 3130 2422 3183 αὑτοῦ
2442 3147 2454 3160 ·
2485 3131 2631 3185 οὐδὲν
2656 3131 2757 3201 γὰρ
2788 3117 3316 3201 τῶνάμαρτημάτων
3343 3133 3551 3189 ἐκκαίει
3571 3135 3666 3204 τὴν
3697 3117 3793 3201 ψυο

641 3213 758 3280 ejus
779 3228 880 3266 non
899 3213 1135 3283 attingit:
1156 3214 1358 3277 nullum
1377 3215 1514 3273 enim
1526 3221 1800 3281 peccatum
1817 3215 1922 3268 urit
1937 3215 2165 3268 animam

2265 3219 2359 3290 χὴν
2383 3217 2565 3282 αὑτοῦ,
2596 3219 2688 3279 καὶ
2714 3219 2805 3271 ἅτε
2843 3221 3025 3289 εἰρήνη
3041 3237 3059 3272 θ
3082 3219 3216 3288 ἔχων
3251 3219 3482 3282 τοιοῦτος
3507 3221 3790 3290 γεγένηται

642 3301 790 3368 ejus:
823 3308 876 3356 et
899 3301 1023 3370 quia
1057 3317 1238 3370 pacem
1267 3303 1584 3366 habet,talis
1603 3304 1795 3365 evasit,
1825 3311 1932 3356 uta
1954 3303 2166 3358 nemine

624 3387 782 3448 'ultra
825 3390 1236 3456 scandalizetur,
1270 3391 1495 3446 dicens:
1530 3391 1655 3456 Quis
1706 3409 1797 3447 nos
1838 3393 2094 3460 separabit
2134 3410 2165 3446 a

639 3482 890 3533 slsuritate
937 3480 1175 3535 Christi?
1209 3480 1516 3544 Tribulatio,
1554 3499 1622 3534 an
1646 3484 1884 3550 angustia
1902 3485 1968 3559 'f,
1998 3491 2100 3537 etc.

716 3567 874 3624 Vens.
904 3569 1024 3622 166.
1063 3568 1437 3636 Exspectabam
1469 3571 1710 3632 Salutare
1733 3583 1900 3636 tuum,
1926 3571 2162 3630 Domine.

642 3669 690 3715 et
719 3658 970 3713 mandata
1012 3667 1102 3718 tua
1155 3658 1335 3712 dilexi.
1397 3659 1531 3715 Cum
1579 3669 1689 3714 ate
1727 3663 1903 3716 veram
1939 3662 2164 3715 salutem

642 3758 1027 3822 exspectarem,
1076 3764 1179 3802 non
1225 3749 1383 3804 modo
1411 3750 1648 3811 servavi,
1683 3749 1776 3803 sed
1818 3751 1976 3805 etiam
2008 3749 2164 3803 dilexi

654 3840 905 3892 mandata
953 3848 1063 3893 tua.
1103 3837 1235 3889 Nam
1270 3853 1389 3890 cum
1431 3848 1581 3895 actus
1625 3854 1728 3892 una
1774 3855 1893 3892 cum
1935 3839 2162 3908 perlecta

647 3929 1012 3984 mandatorum
1040 3927 1322 3984 dilectione
1350 3927 1622 3995 jungetur,
1663 3934 2024 3996 exspectatum
2065 3928 2162 3982 Sa-

669 4029 814 4073 utaie
871 4019 1152 4074 confestim
1201 4028 1472 4088 sequetur,
1521 4019 1659 4088 quod
1715 4037 1819 4073 non
1868 4022 2010 4078 aliud
2061 4031 2160 4084 est,

663 4127 806 4179 luam
839 4112 984 4165 salus
1015 4125 1202 4164 eorum
1245 4112 1334 4179 qui
1379 4113 1546 4179 ipsam
1588 4122 1963 4179 assequuntur.
2012 4114 2164 4179 Quod

657 4200 691 4256 si
723 4199 882 4253 etiam
915 4199 1241 4252 Salvatorem
1270 4209 1562 4267 exspectet,
1595 4202 1660 4255 de
1687 4217 1793 4270 quo
1809 4204 2007 4256 dictum
2037 4212 2114 4258 est
2148 4223 2161 4258 :

655 4287 853 4356 Videbit
894 4288 1059 4340 omnis
1107 4302 1228 4338 caro
1260 4283 1718 4353 Salutate-Dei”,
1779 4296 2167 4357 consequenter

642 4377 886 4432 mandata
909 4375 997 4429 Dei
1024 4375 1213 4445 diligit,
1236 4376 1389 4444 cujus
1413 4376 1570 4430 etiam
1605 4376 1847 4433 Salutare
1886 4389 2164 4446 exspecta-

2261 3307 2334 3375 ὡς
2370 3307 2471 3357 ὑπὸ
2515 3305 2735 3376 μηδενὸς
2775 3304 2851 3356 ἔτι
2889 3305 3236 3376 σκανδαλισθῇ
3274 3307 3471 3375 λὲγων·
3508 3310 3600 3372 Τίς
3636 3307 3794 3376 ἡμᾶς

2246 3395 2494 3464 ’χωρίσει
2522 3396 2638 3452 ἀπὸ
2662 3396 2768 3464 τῆς
2793 3395 3020 3464 ἀγάπης
3045 3397 3146 3450 τοῦ
3178 3399 3463 3465 Χριστοῦ;
3505 3401 3716 3466 Θλίψις
3752 3399 3791 3466 ἢ

2263 3486 2638 3554 στενοχωρία,
2671 3487 2762 3546 καὶ
2791 3486 2857 3547 τὰ
2885 3487 3026 3557 ἑξῆς.

2330 3576 2710 3642 Πωσεόόκων
2748 3577 2812 3628 τὸ
2853 3577 3141 3645 Σωτήριόν
3180 3591 3313 3641 σου,
3343 3580 3530 3645 Κύριε,
3561 3580 3657 3631 καὶ
3688 3580 3792 3644 τὰς

2261 3666 2505 3731 ἐντολάς
2527 3681 2639 3719 σου
2659 3665 2954 3736 ἠγάπησα.
2983 3667 3290 3737 Προσδοκῶν
3316 3668 3411 3736 τὴν
3438 3667 3541 3720 ἀπὸ
3571 3669 3664 3720 σοῦ
3691 3685 3792 3720 cu»-

2263 3755 2452 3824 τηρίαν
2505 3754 2600 3824 τὴν
2650 3754 2922 3825 ἀληθινὴν,
2947 3755 3007 3808 οὑ
3051 3756 3213 3824 μόνον,
3248 3759 3500 3826 ἐτήρησα,
3529 3757 3662 3808 ἀλλὰ
3701 3757 3794 3807 καὶ

2263 3843 2519 3911 ἣγάπησά
2545 3858 2634 3892 σου
2671 3841 2766 3900 τὰς
2797 3841 3027 3908 ἐντολάς.
3051 3841 3160 3909 Τῆς
3196 3842 3300 3910 γὰρ
3333 3843 3443 3910 μετ’
3473 3846 3792 3911 ἀγαπήσεως

2263 3933 2367 3992 τῶν
2408 3931 2629 3988 ἐντολῶν
2672 3929 3098 4008 κατωρθωμένης
3140 3931 3413 3999 ἐνεργείας
3457 3931 3791 4000 ὑπαρξάσης,

2264 4023 2418 4084 εὐθὺς
2441 4022 2781 4092 ἀκολουθήσει
2813 4021 2872 4077 τὸ
2899 4019 3330 4089 προσδοκώμενον
3373 4020 3658 4088 Σωτήριον,
3693 4022 3792 4088 οὑχ

2263 4111 2441 4179 ἕτερον
2467 4108 2524 4161 ὃν
2555 4109 2651 4177 τῆς
2679 4109 2785 4167 τῶν
2817 4107 3124 4176 σωζομένων
3165 4108 3448 4178 σωτηρίας.
3487 4109 3545 4161 El
3593 4109 3649 4160 δὲ
3694 4111 3792 4160 καὶ

2261 4200 2350 4251 τὸν
2379 4199 2595 4268 Σωτῆρα
2622 4196 2905 4275 προσδοκᾷ,
2936 4197 3057 4273 περὶ
3083 4193 3142 4249 οὗ
3169 4196 3403 4266 εἴρηται·
3433 4197 3605 4250 Πᾶσα
3633 4197 3789 4263 σὰρξ

2264 4291 2466 4356 ὄψεται
2495 4289 2558 4340 τὸ
2590 4287 2880 4357 Σωτήρων
2923 4287 3026 4339 τοῦ
3063 4287 3227 4348 Θεοῦ,
3275 4287 3572 4348 ἀκολούθως
3603 4288 3792 4354 ἀγαπᾷ

2266 4380 2362 4442 τὰς
2385 4379 2595 4441 ἐντολὰς
2623 4377 2715 4430 τοῦ
2736 4377 2888 4439 Θεοῦ,
2912 4373 2972 4429 οὑ
2990 4377 3080 4435 καὶ
3101 4377 3160 4426 τὸ
3182 4378 3444 4450 Σωτήρων
3468 4377 3792 4444 προσεδόκη-

643 4474 736 4533 vit,
769 4480 824 4523 ut
853 4478 905 4524 et
933 4472 1140 4526 actione
1179 4487 1344 4540 purus
1390 4480 1442 4524 ct
1487 4471 1885 4539 exspectatione
1927 4476 2165 4523 contem-

2267 4486 2376 4532 σεν,
2407 4470 2490 4529 ενα
2531 4469 2621 4519 καὶ
2651 4468 2745 4537 τὴν
2782 4467 2971 4536 πρᾶξιν
3075 4465 3338 4542 καθαρῶς,
3382 4467 3471 4516 καὶ
3501 4465 3595 4534 τὴν
3625 4482 3792 4534 προσ-

641 4560 948 4628 υιοὺυηίίιιε,
989 4561 1078 4621 sit,
1109 4567 1428 4628 exspeclans
1465 4569 1674 4628 semper
1703 4568 1756 4612 et
1801 4557 2165 4636 cbntemplans

640 4647 806 4704 Deum
844 4648 1071 4702 Verbum
1106 4651 1402 4707 venientem
1432 4664 1670 4718 quaerere
1719 4658 1772 4702 et
1829 4649 2033 4703 salvum
2087 4647 2165 4704 ia-

641 4755 761 4796 cere
787 4739 926 4809 quod
968 4739 1214 4806 perierat.

711 4829 872 4883 Vens.
915 4828 1034 4889 167,
1069 4829 1187 4882 168.
1208 4829 1495 4883 Custodivit
1524 4832 1699 4886 anima
1734 4846 1842 4884 mea
1873 4831 2166 4889 testimonia

643 4929 764 4978 tua,
797 4927 843 4968 et
875 4915 1053 4968 dilexit
1093 4932 1154 4973 ea
1187 4917 1519 4970 vehementer.
1555 4915 1668 4969 Non
1705 4918 1875 4971 solum
1913 4917 2161 4976 mandata

644 5017 732 5057 tua
760 5005 954 5066 dilexi,
985 5018 1166 5057 verum
1195 5005 1352 5056 etiam
1389 5005 1691 5060 testimonia
1723 5011 1813 5063 tua
1848 5005 1999 5064 valde
2031 5004 2164 5058 dile-

645 5097 720 5146 xit
772 5094 946 5149 anima
992 5109 1139 5154 mea,
1187 5100 1238 5149 et
1275 5093 1564 5146 custodiuit
1601 5108 1682 5146 ea.
1727 5092 1906 5147 Primo
1951 5093 2164 5161 quidem

648 5182 950 5248 singulatim
991 5181 1233 5242 dicebat,
1264 5182 1557 5250 diligebam,
1583 5190 1670 5243 et,
1715 5180 1874 5235 dilexi
1920 5181 2167 5236 mandata

653 5282 779 5328 tua;
813 5271 1046 5323 secundo
1081 5283 1285 5330 autem.
1329 5271 1617 5324 Custodivit
1661 5272 1835 5323 anima
1873 5287 1984 5323 utea
2026 5271 2168 5323 testi-

647 5365 818 5421 monia
869 5372 994 5423 tua;
1048 5366 1204 5416 tertio
1253 5367 1374 5418 item
1426 5375 1651 5432 utraque
1697 5365 2023 5432 coniungens
2059 5365 2161 5417 ait:

650 5449 854 5502 Servavi
890 5450 1134 5503 matidata
1165 5462 1251 5504 tua
1279 5463 1325 5505 et
1359 5455 1653 5507 testimonia
1689 5463 1816 5514 tua;
1845 5455 1966 5523 quia
1996 5470 2165 5506 omnes

649 5542 738 5601 vite
771 5558 892 5594 mea:
915 5544 966 5593 in
993 5551 1258 5608 conspectu
1283 5553 1388 5606 tuo,
1422 5545 1650 5598 Domine.
1676 5542 1928 5598 Peccator
1953 5559 2058 5597 non
2089 5544 2170 5596 di-

2267 4560 2446 4618 δοκίαν
2477 4558 2832 4636 θεωρητικῶς,
2863 4555 3166 4627 προσδοκῶν
3193 4556 3277 4607 ἀεὶ
3311 4558 3402 4608 καὶ
3430 4555 3642 4626 θεωρῶν
3667 4557 3793 4623 ὲλη-

2266 4647 2458 4702 λυθότα
2483 4647 2571 4702 τὸν
2589 4647 2718 4699 Θεδν
2745 4647 2914 4712 Λόγον
2942 4645 3166 4715 ζητῆσαι
3191 4646 3282 4703 καὶ
3311 4645 3477 4696 σῶσαι
3501 4647 3559 4696 rb
3585 4647 3786 4698 ἀπολω·

2347 4827 2665 4899 Ἑφύλαξεν
2695 4828 2732 4892 ὴ
2765 4823 2928 4892 ψυχή
2951 4841 3065 4892 μου
3107 4821 3176 4877 τὰ
3210 4823 3490 4891 μαρτύριά
3528 4839 3662 4884 σου,
3693 4826 3790 4875 καὶ

2266 4921 2572 4987 ἠγάπησεν
2598 4915 2746 4970 αὐτὰ
2777 4915 3022 4982 σφόδρα.
3057 4914 3128 4964 Ob
3158 4913 3309 4982 μόνον
3331 4914 3426 4975 τὰς
3455 4913 3665 4974 ὲντολάς
3697 4930 3793 4965 σου

2265 5011 2536 5077 ἠγάπησα,
2563 5007 2696 5060 ἀλλὰ
2723 5006 2815 5058 καὶ
2839 5005 2905 5062 τὰ
2933 5002 3199 5073 μαρτύριά
3229 5019 3319 5054 σου
3354 5004 3551 5071 σφόδρα
3573 5004 3792 5070 ἠγάπη-

2268 5117 2354 5152 σεν
2384 5101 2415 5167 ὴ
2445 5098 2585 5166 ψυχή
2615 5114 2734 5165 μου,
2773 5095 2865 5146 καὶ
2911 5093 3162 5159 ἐφύλαξεν
3208 5094 3358 5145 αὑτά.
3393 5092 3653 5161 Πρότερον
3699 5095 3796 5160 μὲν

2267 5188 2403 5239 κατά
2426 5187 2501 5249 ἒν,
2531 5185 2790 5253 ἠγάπων,
2819 5185 2927 5244 καὶ,
2956 5182 3232 5250 ἠγάπησα
3258 5185 3359 5247 τὰς
3377 5181 3625 5246 ἐντολάς
3655 5199 3789 5236 σου·

2264 5278 2505 5346 δεύτερον
2528 5293 2540 5304 ³
2602 5273 2922 5342 Ἑφύλαξεν
2959 5274 2995 5338 ὴ
3028 5273 3191 5340 ψυχή
3238 5291 3355 5340 μου
3403 5273 3472 5322 τὰ
3505 5272 3797 5340 μαρτύριὰ

2267 5383 2377 5419 σου
2397 5382 2408 5393 ’
2431 5365 2567 5416 κατὰ
2600 5363 2656 5414 δὲ
2681 5363 2739 5414 τὸ
2769 5360 2942 5430 τρίτον
2974 5360 3279 5427 συναγαγὼν
3307 5358 3583 5429 ἀμφότερα
3608 5364 3687 5423 εἰς
3715 5363 3796 5423 ἓν,

2270 5453 2426 5522 φησίν
2445 5469 2458 5481 ο
2502 5450 2791 5517 Ἐφύλαξα
2819 5450 2919 5512 τὰς
2941 5445 3182 5511 ἐντολάς
3209 5461 3322 5497 σου
3363 5446 3455 5497 καὶ
3484 5447 3551 5499 τὰ
3577 5449 3798 5515 μαρτύ-

2266 5544 2366 5611 ριὰ
2392 5561 2523 5606 σου,
2554 5543 2638 5595 ὅτι
2665 5541 2843 5596 πᾶσαι
2866 5545 2920 5594 ai
2950 5541 3074 5594 ὁδοί
3095 5557 3210 5608 μου
3239 5539 3506 5591 ἐναντίον
3530 5555 3667 5604 σου,
3686 5541 3799 5594 Κύ-

814 5697 923 5747 lsa.
969 5710 1090 5757 sim
1116 5737 1130 5765 ,
1167 5697 1218 5750 9.
1293 5698 1334 5728 "
1375 5693 1515 5752 Psal.
1552 5713 1692 5767 mn,
1729 5697 1779 5750 2.
1857 5698 1899 5729 ³³
1940 5696 2118 5749 Matth.
2158 5712 2165 5749 1

2270 5713 2320 5760 ι,
2357 5695 2436 5750 ill.
2512 5697 2570 5767 "_
2594 5693 2744 5748 Rom.
2782 5658 2906 5757 sui,
2941 5694 3011 5749 55
3105 5693 3146 5726 ³⁸
3186 5694 3287 5747 lsa.
3327 5705 3424 5759 ιι,
3463 5692 3512 5745 5.
