3950 6350
138 434 277 492 ίδθδ
1255 413 1665 478 COMMENTAR

1776 413 1842 469 IN
1879 413 2207 471 PSALMOS.
3169 411 3303 468 i594

126 568 243 621 με.
257 551 317 603 '0
331 546 642 620 ἁμαρτωλὸς
671 547 768 600 οὐκ
787 546 928 616 ἐρεῖ·
949 542 1137 598 Πᾶσαι
1161 543 1219 595 αι
1248 540 1373 595 ὁδοί
1386 555 1500 608 μου
1519 538 1665 591 arar.

1778 543 1892 599 cet,
1929 534 2117 591 Omnes
2155 533 2252 587 aiat
2301 545 2425 602 mere
2463 531 2516 584 in
2556 530 2827 599 ednspeetu
2869 538 2953 583 tuo
2987 545 2999 557 ο
3039 544 3161 583 nam
3207 530 3305 583 vite

134 620 269 695 τίον
295 653 439 690 σου·
466 637 520 689 ai
550 637 656 705 γὰρ
684 633 790 687 ὁδοὶ
830 631 922 685 τοῦ
968 626 1285 700 ἁμαρτωλοῦ
1316 626 1411 677 οὐκ
1456 624 1588 676 εἰσιν
1617 624 1665 705 tv

1773 625 2072 695 peccatoris
2105 640 2212 677 non
2256 626 2379 678 sunt
2410 621 2463 675 in
2503 630 2790 691 conspectu
2830 621 2957 687 Dei,
3000 620 3093 676 sed
3131 620 3300 675 solum

135 728 430 797 ὀφθαλμοῖς
462 695 744 785 τοῦΨΘεοῦ,
776 722 907 775 ἀλλὰ
937 695 1097 790 μόνον
1131 720 1183 770 al
1219 715 1310 769 τοῦ
1343 713 1569 767 δικαίου·
1606 695 1665 764 ίν1

1771 716 1866 769 vim
1886 714 2037 783 justi.
2069 711 2137 767 Ut
2164 713 2327 782 igitur
2348 725 2534 767 omnes
2581 712 2678 765 via:
2706 719 2901 765 nostra:
2930 711 2983 764 in
3016 718 3301 779 conspectu

134 814 233 870 οὖν
267 818 356 869 καὶ
383 817 437 869 αί
466 815 720 885 ἡμέτεραι
746 812 1002 881 γένωνται
1031 812 1197 862 πᾶσαι
1220 809 1274 859 αἱ
1305 805 1411 858 ὁδοὶ
1442 801 1671 855 ἐναντίον

136 905 232 957 τοῦ
260 903 480 973 Θεοῦ,⁴οί
507 903 675 974 νόμοι,
706 904 754 955 οἱ
781 901 1071 974 προφῆται,
1107 898 1258 969 ή¹ὲπὶ
1301 896 1432 949 πᾶσι
1472 893 1667 956 τελεία,

135 994 360 1064 ἀληθινὴ
389 993 479 1047 καὶ
506 992 678 1064 ἀγαθὴ
698 992 831 1059 ὁδὸς,
854 994 883 1045 ὁ
906 989 1068 1044 εἰπών
1088 1007 1100 1020 ·
1301 988 1411 1053 ειμι
1438 984 1477 1049 ἡ
1510 982 1664 1047 ὁδὸς,

137 1083 369 1153 Χριστὸς
402 1082 621 1152 Ἰησοῦς,
654 1079 929 1151 cognoscat
966 1081 1023 1131 ὲν
1063 1080 1127 1147 τῇ
1171 1076 1271 1145 ὀδῷ
1300 1073 1456 1145 μέχρι
1486 1072 1666 1132 τέλους

134 1172 413 1239 ὁδεύοντας
435 1173 629 1241 φθάσαι
652 1172 784 1243 πρὸς
805 1170 893 1224 τὸν
914 1170 1040 1223 Θεὸν
1064 1168 1156 1221 καὶ
1176 1162 1389 1236 Πατέρα
1409 1162 1512 1216 τῶν
1532 1162 1666 1215 ὅλων

134 1262 227 1314 διὰ
253 1260 482 1329 Χριστοῦ
522 1260 711 1331 Ἰησοῦ.
1374 1258 1377 1263 ’

1771 805 1858 861 Dei
1893 806 2039 865 sint;
2080 802 2328 859 videlicet
2354 803 2531 872 leges,
2569 802 2865 871 prophetae,
2902 799 3135 870 perfecta
3174 800 3299 855 item

1766 909 1891 949 vera
1930 900 1984 949 et
2025 893 2162 948 bona
2201 891 2287 946 illa
2317 893 2435 957 via,
2477 906 2669 961 nempe
2721 889 2811 959 qui
2843 887 3014 953 dixit,
3049 887 3159 959 Ego
3186 903 3302 941 sum

1765 985 1849 1039 uia
1875 986 1941 1049 ’9,
1972 972 2223 1039 Christus
2253 978 2439 1049 Iesus,
2487 995 2770 1052 precemur
2804 980 2859 1034 in
2904 978 2990 1033 via
3035 992 3204 1047 usque
3245 976 3299 1030 in

1765 1070 1920 1125 linem
1948 1059 2078 1135 ;'ut
2119 1069 2221 1124 iter
2259 1079 2477 1139 agentes
2519 1068 2893 1138 perveniamus
2937 1064 3003 1121 ad
3045 1066 3210 1121 Deum
3247 1072 3302 1121 et

1763 1158 1975 1215 Patrem
2006 1158 2379 1214 universorum
2410 1171 2504 1228 per
2521 1156 2796 1213 Christum
2820 1153 3025 1211 Iesum.

222 1325 531 1421 Ἐγλγισατω
657 1349 859 1417 δέησίς
885 1363 1000 1417 μου
1034 1344 1281 1399 ἐνώπιόν
1308 1357 1441 1405 σου,
1470 1342 1661 1407 Κύριε,

1764 1338 1789 1394 Ι
1833 1334 1999 1390 Vsus.
2039 1332 2293 1389 {69-172.
2336 1330 2721 1402 Appropinquet
2764 1327 3054 1398 deprecatio
3096 1341 3210 1380 mea

135 1406 298 1491 κατὰ.
323 1406 398 1492 ’τὸ
424 1406 647 1506 ἱλότιιξν
682 1406 795 1491 σὸυ
834 1406 1155 1488 σῦνέτισόν
1178 1448 1270 1500 με.
1299 1406 1568 1483 Είσέλθοι
1597 1427 1663 1480 τὸ

1764 1436 2030 1493 conspectu
2052 1435 2138 1477 tuo
2157 1463 2172 1487 ,
2198 1423 2413 1477 Domine
2429 1461 2444 1488 ,
2461 1421 2620 1490 juxta
2641 1420 2897 1486 eloquium
2919 1427 3061 1481 tuum
3083 1417 3153 1469 da
3174 1406 3305 1470 mihi

133 1524 363 1595 ἀξίωμὰ
389 1542 505 1593 μου
527 1522 776 1579 ἐνώπιόν
799 1540 934 1586 σου,
961 1523 1149 1590 Κύριε,
1188 1517 1333 1572 κατὰ
1367 1517 1430 1571 τὸ
1464 1517 1664 1584 λόγιόν

134 1631 255 1669 σου
276 1613 460 1682 ῥῦσαί
474 1631 569 1683 με.
585 1613 1000 1681 Ἐξηρεύξαντο
1024 1611 1093 1664 τὰ
1110 1611 1275 1679 χείλη
1306 1625 1422 1677 μου
1453 1608 1660 1675 ὕμνον,

135 1704 283 1758 ὅταν
303 1703 542 1773 διδάξῃς
562 1720 637 1772 με
662 1704 733 1756 τὰ
755 1700 1104 1771 δικαιώματά
1123 1716 1233 1754 σου
1250 1716 1263 1734 ν
1298 1698 1602 1767 φθέγξαιτο
1624 1698 1661 1763 ἡ

1764 1515 2099 1570 intellectum.
2137 1510 2302 1565 Intret
2330 1509 2615 1579 postulatio
2646 1525 2760 1562 mea
2787 1510 2839 1561 in
2864 1518 3134 1575 conspectu
3175 1514 3260 1559 tuo
3280 1544 3297 1570 ,

1767 1605 2013 1667 Domine,
2045 1600 2325 1657 secundum
2349 1600 2606 1669 eloquium
2631 1607 2775 1651 tuum
2795 1598 2933 1665 eripe
2960 1614 3055 1651 me.
3084 1594 3300 1677 Eructao

1766 1704 1945 1749 verunt
1976 1693 2117 1748 labia
2136 1710 2253 1746 .mea
2277 1692 2517 1760 hymnum
2537 1728 2552 1753 ,
2579 1704 2696 1741 cum
2731 1686 2967 1741 docueris
3002 1703 3080 1741 me
3108 1686 3299 1755 iustifi-

132 1793 383 1862 γλῶσσά
401 1812 518 1863 μου
545 1794 616 1847 τὰ
636 1793 806 1862 λόγια
832 1809 965 1855 σου,
992 1791 1078 1845 ὅτι
1113 1790 1295 1844 πᾶσαι
1332 1792 1391 1842 αι
1427 1784 1663 1841 ὲντολαί

1772 1786 1999 1838 rationes
2030 1791 2168 1839 tuas.
2212 1781 2519 1835 Prouuntie‘t
2560 1778 2736 1848 lingua
2775 1793 2889 1831 mea
2929 1777 3132 1846 eloquia
3174 1786 3295 1842 tua,

132 1902 253 1938 σου
275 1885 636 1950 δικαιοσύνη.
668 1884 875 1954 Σφόδρα
900 1882 1199 1944 ἀκολούθως
1233 1880 1367 1950 μετά
1398 1879 1488 1932 τοῦ
1517 1876 1665 1942 εὖξα-

1769 1875 1890 1944 quia
1917 1874 2089 1927 omnia
2120 1873 2367 1925 mandata
2385 1880 2496 1933 tua,
2516 1868 2749 1937 justitia.
2782 1867 3080 1939 Admodum
3113 1880 3299 1923 consec-

135 1975 261 2028 σθαι
290 1976 414 2029 περὶ
455 1975 555 2044 τῆς
593 1974 824 2037 διανοίας
842 1991 856 2005 ο
883 1976 943 2027 τὸ
973 1973 1079 2045 γὰρ
1110 1972 1479 2041 συνετισθῆναι
1512 1970 1576 2022 τὰ
1598 1970 1678 2021 λό-

132 2078 229 2129 για
257 2061 348 2115 τοῦ
374 2061 506 2115 Θεοῦ
532 2063 630 2115 οὐκ
661 2057 728 2131 ἦν
752 2062 967 2131 χειλέων
992 2064 1110 2116 οὐδὲ
1139 2061 1403 2131 γλώσσης.
1427 2060 1557 2123 ἀλλὰ
1582 2058 1674 2111 τοῦ

122 2153 276 2221 κατὰ
292 2153 464 2224 ψυχὴν
485 2153 817 2225 διανοητικοῦ
832 2170 845 2183 '
869 2153 936 2205 τὰ
958 2154 1228 2224 ἡγούμενα
1252 2151 1425 2204 τοίνυν
1454 2149 1674 2219 αἰτήσας

132 2240 227 2292 ἐπὶ
258 2240 325 2292 τὰ
350 2239 570 2310 δεύτερα
604 2241 825 2311 μέτεισι,
853 2242 943 2294 καὶ
963 2241 1102 2306 ἀξιοῖ
1128 2240 1195 2292 τὰ
1228 2237 1322 2291 τοῦ
1346 2239 1403 2290 ὲν
1427 2236 1577 2305 αὐτῷ
1597 2235 1675 2288 λό-

130 2344 233 2394 γου
258 2328 456 2399 ὄργανα
498 2328 567 2387 τὰ
589 2329 737 2399 χείλη
766 2331 858 2389 καὶ
899 2325 997 2399 τῆν
1025 2328 1261 2397 γλῶτταν
1290 2325 1672 2397 ἁφιερωθῆναι,

131 2417 206 2481 ὼς
242 2418 306 2471 ἂν
331 2420 615 2483 διαπαντὸς
638 2419 707 2473 τὰ
736 2421 833 2490 μὲν
859 2420 1005 2491 χείλη
1038 2420 1199 2489 ὕμνον
1223 2414 1672 2487 διερεύγοιντο,δι·

131 2510 459 2578 δασκομένου
504 2510 597 2563 τοῦ
646 2510 734 2564 νοῦ
782 2514 870 2564 ὑπ’
908 2510 1070 2563 αὐτοῦ
1098 2509 1191 2562 τοῦ
1217 2509 1349 2563 Θεοῦ
1373 2508 1441 2565 τὰ
1458 2506 1672 2564 δικαιώ-

132 2616 280 2669 ματα
311 2600 469 2652 αὐτοῦ
488 2617 501 2630 ·
533 2605 564 2671 ή
595 2600 651 2653 δὲ
672 2600 880 2668 γλῶττα
915 2599 1197 2669 φθέγγοιτο
1233 2599 1392 2674 μηδὲν
1415 2598 1594 2669 ἕτερον
1634 2595 1667 2665 ἢ

113 2688 198 2745 ’τὰ
226 2689 376 2756 λόγια
397 2688 488 2742 τοῦ
511 2688 663 2755 Θεοῦ,
698 2690 790 2743 καὶ
815 2687 969 2743 τοῦτο
994 2688 1245 2760 πράσσοι,
1274 2687 1364 2741 ὅτι
1400 2684 1583 2742 πᾶσαι
1612 2687 1669 2741 αι

129 2778 261 2833 ὁδοὶ
282 2780 462 2834 αὐτοῦ
489 2780 874 2834 δικαιοσύναι.

200 2950 472 3004 Γενέσθω
495 2952 532 3019 ἠ
558 2952 683 3020 χείρ
702 2965 822 3005 σου
844 2949 945 3006 τοῦ
969 2948 1161 3005 σῶσαι
1180 2968 1274 3021 με,
1316 2950 1403 3004 ὅτι
1446 2950 1549 3016 τὰς
1574 2951 1666 3005 ἐν·

129 3039 313 3105 τολάς
346 3055 460 3094 σου
512 3040 887 3110 ᾐρετισάμην.
932 3040 1160 3104 Συνιδὼν
1200 3040 1261 3093 τὸ
1305 3040 1524 3110 μέγεθος
1571 3039 1663 3093 τοῦ

128 3129 365 3198 ἑτοίμου,
400 3129 641 3200 βοηθείας
668 3131 833 3187 δεῖται
878 3132 973 3202 τῆς
1010 3130 1161 3202 παρὰ
1202 3130 1293 3183 τοῦ
1323 3130 1471 3198 Θεοῦ,
1494 3133 1573 3193 είς
1603 3132 1663 3185 τὸ

128 3219 464 3289 κατορθῶσαι
488 3220 555 3272 τὰ
581 3220 973 3291 προλελεγμένα
991 3238 1005 3251 ⁸
1034 3220 1240 3291 μεγάλα
1262 3219 1317 3272 δὲ
1338 3221 1497 3273 αἰτῶν
1518 3221 1663 3292 παρὰ

127 3309 223 3367 τοῦ
246 3308 395 3373 Θεοῦ,
417 3310 508 3364 καὶ
528 3310 586 3365 τὸ
606 3312 732 3381 παρ’
748 3310 934 3363 ἑαυτοῦ
963 3310 1297 3387 συνεισφέρει
1315 3308 1485 3378 λέγων
1504 3326 1518 3339 ο
1552 3311 1666 3365 Ὅτι

126 3398 239 3464 τὰς
258 3398 501 3464 ἐντολάς
523 3413 639 3453 σου
672 3398 1230 3468 ᾐρετισάμην.”υπερ
1256 3396 1362 3469 γὰρ
1393 3394 1459 3466 ἦν
1484 3398 1574 3450 ἐπὶ
1600 3401 1664 3468 τῇ

125 3489 239 3561 ὲμῄ
272 3488 502 3559 ἐξουσίᾳ,
520 3489 660 3541 τοῦτ’
686 3489 745 3552 ἐξ
780 3489 911 3559 ἐμοῦ
935 3488 1297 3561 πεπλήρωται.
1323 3490 1430 3552 Τὰς
1456 3490 1668 3554 ἐντολάς

126 3596 223 3631 σου
250 3580 597 3648 ᾑρετισάμην,
631 3568 917 3649 ἀγαπήσας
961 3579 1128 3643 αὐτὰς
1160 3579 1299 3633 κατὰ
1328 3578 1397 3633 τὰ
1440 3578 1666 3651 πρόσθεν

124 3668 410 3739 εἰρημένα.
1530 3660 1543 3737 ί
1672 3684 1675 3687 ‘

210 3757 578 3823 Ἐπεπόθησα
597 3755 663 3809 τὸ
692 3756 983 3823 Σωτήριόν
1011 3771 1146 3821 σου,
1170 3756 1267 3809 καὶ
1297 3756 1529 3824 ὄνόμος
1553 3768 1666 3809 σου

122 3847 338 3914 μελέτη
365 3865 480 3917 μου
506 3847 655 3901 ἐστι.
698 3838 773 3899 οι
798 3845 977 3909 πολλοὶ
1006 3846 1111 3899 τῶν
1150 3844 1442 3916 ἀνθρώταυν
1482 3846 1666 3898 ὲπιπο-

125 3935 279 3990 θοῦσι
312 3936 598 4006 σωτηρίαν,
620 3935 731 3988 ἀλλ’
754 3935 813 3987 οὐ
838 3934 899 3987 τὸ
924 3934 1017 3987 τοῦ
1045 3933 1199 3996 Θεοῦ,
1220 3934 1352 3988 ἀλλὰ
1381 3935 1441 3987 τὺ
1471 3935 1666 4005 σαρκὸς

126 4022 389 4095 σωτήριον
413 4025 473 4077 τὸ
502 4027 558 4076 ὲν
590 4022 995 4093 κόσμῳ.Ἔργον
1016 4022 1073 4074 δέ
1092 4023 1236 4076 ἐστιν
1255 4022 1591 4092 ,ἐπιπθῆσαί
1605 4022 1665 4074 τὸ

124 4114 223 4166 τοῦ
254 4112 383 4165 Θεοῦ
416 4113 701 4183 Σωτήριον,
733 4110 869 4162 ὥστε
908 4112 964 4164 ὲν
999 4110 1116 4179 Θεῷ
1159 4110 1411 4181 σωθῆναι,
1437 4113 1494 4185 ἐν
1518 4109 1664 4180 αὐτῷ

126 4202 514 4265 ἀναπαύεσθαι,
538 4202 932 4271 κληρονομῆσαι
962 4200 1038 4255 ζτὰ
1065 4202 1191 4270 ἅγια
1208 4218 1223 4230 '
1263 4201 1324 4254 τὸ
1351 4202 1456 4271 γὰρ
1488 4202 1663 4271 Σωτή-

130 4311 245 4364 ριον
266 4293 355 4345 τοῦ
387 4291 518 4349 Θεοῦ
546 4292 698 4345 τοῦτό
726 4294 870 4344 ἐστιν
907 4294 940 4361 ἡ
974 4290 1183 4353 αἰώνιος
1208 4291 1339 4363 ζωή.
1359 4292 1479 4345 Ἐὰν
1507 4292 1662 4364 θέλῃς

127 4381 456 4452 ἐπαναϐῆναι
484 4379 561 4450 τῷ
594 4380 752 4450 λόγῳ,
778 4381 839 4441 τὸ
869 4381 1133 4449 Σωτήρων
1161 4379 1252 4433 τοῦ
1293 4380 1423 4433 Θεοῦ
1466 4382 1494 4434 ὁ
1533 4382 1661 4451 Χρι-

130 4473 255 4534 στός
276 4474 416 4524 ἐστιν
438 4489 451 4502 ⁸
498 4471 696 4540 Ἰησοῦς
718 4472 822 4540 γὰρ
850 4468 1221 4540 ἑρμηνεύεται,
1248 4469 1380 4523 Θεοῦ
1404 4471 1656 4541 σωτηρία.

1764 4474 1878 4521 stus
1905 4472 1986 4519 est
2017 4463 2234 4519 :Jesus
2263 4478 2493 4535 namque
2520 4466 2836 4535 explicatur,
2865 4464 2957 4521 Dei
2987 4468 3154 4522 salus.
3187 4466 3285 4524 llic
3370 4474 3387 4509 Ὺ

127 4557 296 4623 Οὗτος
325 4563 451 4630 ήμίν
477 4558 743 4629 ἐπέμφθη.
762 4558 904 4619 Ὀδδς
936 4557 1026 4609 τοῦ
1054 4557 1431 4620 ἐπιποθοῦντος
1467 4558 1528 4610 τὸ
1554 4558 1665 4611 Σω-

126 4652 312 4720 τήριον
335 4650 424 4701 τοῦ
453 4648 603 4711 Θεοῦ,
630 4648 690 4701 τὸ
724 4648 814 4701 τὸν
840 4648 996 4717 νόμον
1036 4642 1170 4701 εἶναι
1195 4646 1417 4717 μελέτην
1446 4647 1520 4717 τῷ
1545 4649 1662 4700 ἐπι-

130 4735 400 4799 ποθοῦντι,
428 4736 902 4807 προαναφωνοῦντα
942 4737 1037 4806 τὴν
1078 4736 1231 4806 δεῦρο
1264 4737 1423 4789 αὐτοῦ
1464 4738 1657 4805 ἄφιξιν.

132 4826 313 4882 Νόιιον
333 4827 389 4878 δὲ
411 4827 640 4882 ἐνταῦθα
658 4828 807 4882 καλεῖ
833 4830 1007 4881 πᾶσαν
1032 4827 1129 4896 τὴν
1151 4827 1376 4883 παλαιὰν
1394 4829 1487 4885 καὶ
1517 4828 1661 4883 θείαν

129 4918 370 4987 ramo.
1341 4898 1353 4913 '

202 5005 450 5071 Ζήσεται
474 5008 512 5073 ἡ
531 5005 694 5075 ψυχή
712 5023 848 5075 μου,
865 5006 958 5059 καὶ
983 5004 1203 5058 αἰνέσει
1225 5021 1315 5067 σε,
1337 5006 1435 5059 καὶ
1457 5006 1526 5060 τὰ
1543 5008 1661 5074 κρί-

128 5093 285 5161 ματά
326 5085 439 5146 σοὺ
476 5092 764 5161 ,βοηθήσει
799 5111 917 5162 μοι.
956 5095 1047 5156 Εἰς
1073 5093 1161 5145 τὸν
1196 5093 1446 5162 μέλλοντα
1477 5096 1660 5165 χρόνον

132 5184 396 5238 ἐνέκλειεν
419 5182 516 5252 τήν
538 5180 680 5253 ζωὴν
703 5183 801 5251 τῆς
821 5183 1013 5252 ψυχῆς.
1031 5182 1089 5236 'H
1113 5183 1217 5252 γὰρ
1256 5181 1363 5251 ζωὴ
1384 5185 1547 5253 ἡμῶν
1573 5185 1661 5239 κέ-

135 5291 381 5344 κρυπται
407 5274 525 5326 σὺν
551 5273 774 5341 Χριστῷ
797 5275 864 5326 ἐν
892 5274 969 5336 τῷ
998 5272 1133 5337 Θεῷ.
1153 5274 1281 5326 Τότε
1313 5274 1537 5345 ὑμνήσει
1560 5294 1657 5329 κυ-

135 5366 264 5435 ρίως
289 5365 379 5417 τὸν
406 5362 552 5416 Θεόν.
584 5364 691 5417 Καὶ
720 5365 791 5417 τὰ
826 5363 1071 5431 κρίματα
1095 5380 1209 5417 σου
1230 5365 1516 5431 βοηθήσει
1536 5384 1653 5435 μοι.

147 5453 269 5505 Ἐπὶ
300 5446 513 5522 βοηθείᾳ.
536 5452 641 5505 τῶν
675 5454 995 5523 κρινομένων
1026 5454 1092 5505 τὰ
1125 5453 1353 5523 κρίματα
1393 5455 1484 5507 τοῦ
1526 5457 1656 5510 Θεοῦ

136 5540 357 5609 γίνεται.
403 5541 555 5595 Ἀλλὰ
596 5541 724 5613 ἄλλη
772 5542 1043 5613 παρρησία
1092 5542 1333 5612 βοηθείας
1384 5546 1656 5617 κριμύτων

214 5708 259 5741 ’⁸
295 5707 446 5767 Joan.
482 5727 590 5777 xw,
627 5712 677 5767 6.
749 5714 791 5744 ’⁷
832 5708 1035 5776 Coloss.
1070 5728 1156 5782 lu,
1187 5715 1235 5770 3.

1771 1972 1997 2034 quenter
2042 1972 2320 2033 postquam
2368 1977 2464 2032 pro
2508 1969 2683 2017 mente
2711 1975 2807 2017 sua
2836 1967 3082 2029 precatus
3113 1964 3292 2021 esset;

1772 2070 1876 2111 non
1905 2055 2045 2109 enim
2078 2054 2337 2107 labiorum
2378 2060 2432 2107 et
2462 2052 2656 2121 lingua:
2705 2058 2788 2106 est
2828 2050 3156 2118 eloquiorum
3199 2045 3294 2102 Dei

1772 2143 2175 2213 intelligentiam
2209 2142 2478 2210 accipere,
2524 2141 2613 2195 sed
2644 2141 2813 2195 solius
2858 2154 2978 2209 quae
3023 2139 3076 2192 iu
3118 2137 3295 2191 anima

1769 2239 1851 2287 est
1869 2214 2204 2303 intelligendi
2236 2230 2503 2285 facultatis
2530 2246 2544 2295 ;
2577 2245 2699 2285 cum
2723 2230 2900 2300 priora
2935 2226 3293 2299 postulasset,

1769 2324 1834 2378 ad
1864 2324 2096 2379 secunda
2127 2330 2311 2393 postea
2340 2323 2661 2386 transit,»ac
2704 2329 2855 2391 rogat
2894 2329 2951 2373 ut
2999 2322 3146 2375 verbi
3174 2336 3295 2391 quae

1769 2413 1824 2467 in
1854 2428 1911 2467 se
1936 2413 2165 2468 habebat
2191 2414 2544 2468 instrumenta
2563 2450 2579 2476 ,
2612 2426 2799 2481 nempe
2834 2410 2974 2465 labia
2998 2419 3052 2464 et
3078 2410 3254 2480 lingua
3274 2438 3303 2474 ,η
3328 2456 3333 2461 ,

1766 2509 2249 2573 consecrarentur;
2281 2507 2338 2554 ut
2364 2502 2501 2555 labia
2546 2501 2758 2570 quidem
2791 2498 3042 2569 hymnum
3083 2513 3293 2568 semper

1764 2597 2105 2653 eructarent,
2136 2598 2417 2659 postquam
2462 2589 2569 2645 Deo
2621 2591 2842 2645 doctore
2878 2583 3290 2657 justiiicationes

1763 2680 1880 2749 ejus
1906 2695 2057 2734 meas
2086 2680 2436 2745 edidicisset;
2470 2680 2652 2747 lingua
2687 2690 2815 2732 vero
2851 2676 2985 2731 nihil
3016 2676 3160 2731 aliud
3208 2676 3289 2730 lo-

1662 2833 1666 2837 ,
1763 2778 2015 2839 queretur
2058 2785 2216 2840 quam
2237 2769 2447 2837 eloquia
2479 2767 2571 2823 Dei
2598 2787 2610 2823 :
2633 2776 2794 2838 atque
2824 2767 2876 2819 id
2910 2771 3128 2836 ageret,
3172 2765 3294 2817 maia
3362 2761 3367 2766 ’

1763 2875 1934 2913 onmer
1958 2860 2051 2912 aia:
2078 2859 2189 2928 ejus
2208 2859 2452 2927 justitiw.
3042 2911 3047 2916 .
3076 2926 3107 2937 ἤ

1830 2946 1994 3004 Vsus.
2036 2948 2155 3003 173.
2194 2946 2323 3002 Fiat
2353 2962 2536 3002 manus
2577 2956 2699 3013 tua,
2743 2956 2800 3001 ιιι
2831 2951 2992 3003 σαίνει
3023 2967 3099 3004 me
3121 2992 3135 3018 ,
3164 2967 3292 3022 quo-

1761 3041 1904 3094 niam
1932 3022 2189 3110 mandata
2219 3048 2310 3094 tua
2342 3041 2489 3110 elegi.
2517 3037 2718 3093 Videas
2767 3041 3185 3110 magnitudinem
3228 3043 3297 3107 il-_

1763 3129 1868 3184 lius
1897 3127 2038 3198 quod
2072 3128 2125 3182 in
2157 3109 2402 3198 promptu
2424 3109 2572 3191 erat,
2604 3142 2757 3198 Opem
2805 3143 2835 3181 a
2864 3109 2992 3184 Deo
3022 3132 3289 3200 postulat,

1766 3214 1824 3272 ut
1851 3218 2102 3290 praedicta
2133 3216 2390 3287 perﬁciat.
2418 3217 2554 3271 Cum
2586 3232 2745 3287 porro
2776 3233 2967 3289 magna
2995 3223 3228 3289 postulet
3256 3236 3286 3275 a

1763 3307 1891 3371 Deo,
1921 3309 2078 3363 etiam
2104 3308 2245 3377 quod
2276 3322 2307 3359 a
2334 3317 2395 3363 se
2422 3313 2505 3362 est
2533 3307 2734 3377 profert
2763 3308 2949 3365 dicens
2982 3323 2998 3362 :
3030 3309 3289 3375 Quoniam

1763 3397 2010 3453 mandata
2036 3406 2127 3449 tua
2151 3396 2299 3465 elegi.
2324 3393 2455 3449 Nam
2480 3395 2621 3464 quod
2642 3396 2695 3449 in
2714 3409 2833 3450 mea
2857 3404 3115 3464 potestate
3138 3402 3286 3459 erat,

1764 3488 1814 3542 id
1846 3502 1875 3542 a
1906 3499 1989 3541 me
2018 3485 2290 3555 impletum
2319 3493 2420 3563 est.
2452 3484 2695 3539 Mandata
2727 3497 2815 3539 tua
2847 3485 3016 3556 elegi,
3047 3487 3171 3556 quia
3202 3486 3286 3543 di-

1762 3578 1985 3649 ligebam
2009 3590 2108 3645 ea,
2137 3585 2197 3630 ut
2225 3568 2473 3646 superius
2504 3576 2705 3631 dictum
2736 3582 2839 3632 est.

1792 3774 1797 3779 σ
1830 3749 1991 3806 Vens.
2033 3734 2161 3806 174.
2190 3748 2467 3817 Concupivi
2511 3748 2755 3803 Salutare
2795 3760 2971 3817 tuum,
2999 3761 3047 3805 et
3071 3751 3154 3806 lea;
3197 3768 3286 3808 tua
3373 3751 3380 3759 ’

1763 3841 2027 3894 meditatio
2053 3856 2166 3894 mea
2196 3849 2294 3894 est.
2323 3828 2471 3905 Multi
2505 3841 2793 3911 hominum
2818 3842 3042 3896 salutem
3082 3857 3284 3897 concu~
3392 3864 3395 3865 ν

1760 3929 2008 3998 piscunt;
2038 3929 2131 3983 sed
2156 3944 2262 3982 non
2287 3931 2521 3984 salutare
2548 3928 2637 3984 Dei
2656 3967 2671 3990 ,
2700 3930 2795 3983 sed
2824 3916 3002 3986 carnis
3029 3932 3284 3995 salutare,

1759 4018 1902 4089 quod
1934 4020 1986 4072 in
2020 4019 2217 4083 mundo
2249 4027 2349 4074 est.
2401 4016 2547 4089 Opus
2587 4026 2767 4073 autem
2794 4028 2875 4075 est
2896 4023 3287 4092 "concupiscere
3388 4016 3391 4018 ’

1762 4109 2006 4164 Salutare
2031 4108 2162 4173 Dei;
2195 4116 2254 4162 ut
2292 4109 2343 4162 in
2375 4108 2481 4163 Deo
2506 4109 2743 4163 salutem
2790 4111 3187 4175 naueiscamur,
3231 4112 3285 4165 in

1760 4199 1875 4268 ipso
1917 4198 2291 4269 quiescamus,
2337 4208 2520 4253 sancta
2561 4199 2613 4252 in
2651 4198 3010 4254 luereditatem
3052 4202 3284 4271 accipia-

1760 4304 1918 4343 mus:
1967 4302 2090 4341 nam
2118 4288 2365 4344 Salutare
2410 4287 2501 4342 Dei
2542 4295 2625 4342 est
2646 4296 2842 4341 aeterna
2863 4284 2989 4361 vita.
3033 4288 3184 4354 Quod
3237 4293 3282 4345 si

1765 4376 1898 4431 velis
1931 4376 2092 4431 verbo
2122 4376 2403 4431 sublimius
2429 4377 2700 4447 progredi,
2736 4375 2981 4431 Salutare
3010 4376 3100 4433 Dei
3129 4377 3289 4456 Chri:

1762 4562 1845 4609 est
1869 4554 1960 4623 qui
1990 4552 2146 4606 nobis
2198 4553 2395 4607 missus
2436 4561 2537 4609 est.
2579 4552 2673 4607 Via
2717 4555 3148 4623 concupiscentis
3181 4554 3282 4609 Sa-

1759 4648 1934 4700 lutare
1968 4643 2060 4699 Dei
2087 4652 2169 4698 est
2190 4671 2214 4708 ,-
2241 4652 2298 4696 ut
2326 4643 2428 4698 sibi
2470 4646 2869 4715 concupiscenti
2908 4646 3180 4717 meditatio
3210 4648 3283 4703 sit

1761 4738 1840 4792 lex
1862 4775 1878 4799 ,
1901 4750 2027 4804 quae
2055 4734 2170 4801 ejus
2195 4733 2260 4786 ad
2288 4748 2394 4787 nos
2420 4733 2704 4789 adventum
2725 4735 3060 4804 praenuntiat.
3090 4734 3279 4805 Legem
3344 4742 3347 4745 ’

1759 4833 1934 4881 autem
1962 4824 2047 4877 hic
2074 4829 2231 4876 vocat
2272 4822 2433 4877 totam
2482 4833 2712 4879 veterem
2753 4839 2816 4879 ac
2860 4823 3095 4880 divinam
3132 4825 3281 4882 Scri-
3334 4854 3339 4859 ~

1759 4923 1988 4982 pturam.

1828 5007 1994 5061 Vens.
2033 5007 2162 5069 175,
2203 5005 2323 5060 176.
2373 5005 2515 5060 Vivet
2542 4996 2728 5060 anima
2764 5024 2911 5073 mea,
2958 5018 3007 5063 et
3042 5010 3281 5065 laudabit

1759 5108 1836 5159 te,
1867 5106 1915 5150 et
1942 5096 2141 5166 judicia
2166 5107 2253 5148 tua
2283 5096 2598 5164 adjuvabunt
2630 5113 2724 5150 me.
2756 5096 2810 5150 In
2841 5098 3020 5152 futuro
3041 5108 3281 5169 tempore

1755 5187 1916 5240 vitam
1941 5186 2130 5240 animae
2157 5185 2413 5241 includit..
2450 5186 2567 5238 Vita
2595 5187 2736 5239 enim
2768 5197 2946 5241 nostra
2975 5189 3277 5243 abscondita

1755 5286 1831 5331 est
1859 5293 1975 5329 cum
2002 5276 2207 5332 Christo
2236 5278 2289 5330 in
2322 5277 2423 5329 Deo
2460 5276 2525 5330 ".
2556 5274 2706 5330 Tunc
2735 5276 2896 5331 Deum
2926 5280 3139 5347 proprie
3164 5282 3278 5334 lau-

1760 5367 1926 5420 dabit.
1962 5365 2029 5419 Et
2076 5366 2279 5441 judicia
2310 5378 2400 5420 tua
2443 5366 2755 5434 adjuvabunt
2786 5383 2882 5429 me.
2916 5368 2995 5420 Ad
3023 5372 3276 5425 auxilium

1755 5471 1937 5510 eorum
1958 5497 1973 5521 ,
2001 5456 2067 5513 de
2090 5458 2283 5527 quibus
2310 5458 2604 5526 judicatur,
2626 5458 2825 5526 judicia
2868 5459 2956 5513 Dei
2984 5459 3131 5513 liunt.
3169 5460 3272 5516 Vc—

1755 5562 1871 5601 rum
1922 5548 2025 5607 alia
2071 5548 2251 5613 auxilii
2307 5549 2360 5606 in
2392 5547 2614 5613 iudieiis.
2633 5534 2833 5604 ferendi
2875 5550 3065 5606 ﬁducia
3109 5566 3270 5620 penes
3334 5592 3335 5595 η
