4056 6306
596 279 659 334 n
2044 264 2433 322 PRMFATIO.
3811 216 3901 315 η

595 404 807 466 operas
846 384 1118 462 pretium
1151 386 1312 455 erat,
1343 400 1422 442 ex
1454 398 1658 460 eaque
1687 381 2074 458 scriptorum
2115 381 2483 443 accessione
2518 380 2811 443 collectio
2835 381 2899 439 in
2938 380 3282 457 peculiaris
3321 380 3473 441 tomi
3510 382 3738 441 molem
3766 397 3881 441 ac-

595 488 909 547 creverat.
943 482 1189 557 Altera,
1226 481 1397 557 quod
1427 498 1560 540 uno
1592 485 1861 557 excepto
1888 480 2057 539 libro
2084 478 2159 540 de
2186 478 2618 555 Scriptoribus
2638 478 3133 555 Ecclesiasticis,
3162 481 3565 557 reliquorum
3593 482 3881 539 omnium

596 584 987 663 farraginem
1018 582 1173 642 satis
1206 584 1472 641 venuste
1498 597 1626 640 non
1659 579 1734 639 ad
1769 596 1984 647 rerum
2024 579 2238 655 modo,
2281 580 2391 639 sed
2425 579 2501 639 ad
2540 584 2898 660 temporum
2931 598 3194 658 quoque
3246 580 3534 642 ordinem
3586 580 3881 659 digerere

594 689 659 747 in
676 690 980 764 promptu
1014 689 1174 744 erat.
1202 683 1513 742 Nimirum
1548 682 1853 742 universa
1883 679 2431 758 isthzecopuscula
2454 679 2517 739 in
2552 679 2710 740 duas
2747 681 2939 740 veluti
2974 682 3213 744 classes
3248 682 3623 743 tribuuntur
3655 685 3886 759 suapte

594 793 833 849 natura
872 806 886 843 :
929 785 1028 846 vel
1060 784 1230 844 enim
1267 783 1553 844 Ascetiea
1581 788 1753 852 sunt,
1794 788 1855 842 et
1884 780 1960 841 de
1988 780 2453 841 monachorum
2490 779 2649 840 Vitis
2684 797 2759 841 ac
2789 781 3051 859 Regalis
3091 787 3392 857 tractant,
3422 783 3546 854 vel,
3584 800 3729 859 qua:
3752 798 3887 843 ma-

590 886 799 965 jorem
836 889 1081 963 partem
1118 884 1440 953 obtinent,
1479 880 1816 951 Polemica,
1851 886 1918 939 ut
1953 879 2205 957 vulgari
2231 878 2363 958 jam
2403 881 2664 940 nomine
2694 881 2990 954 audiunt,
3027 889 3086 942 et
3123 890 3345 943 contra
3386 884 3713 942 variarum
3751 882 3891 943 hm-

592 1004 828 1049 resewn
864 984 1228 1046 conditores
1264 984 1663 1043 scribuntur.
1704 980 1843 1041 Hac
1870 980 2289 1040 materiarum
2329 980 2671 1057 partitione
2699 982 3073 1053 constituta,
3117 983 3238 1042 sibi
3289 983 3545 1061 singula
3583 989 3711 1043 tam
3741 989 3888 1062 apte

598 1106 714 1169 per
740 1104 924 1149 suam
956 1102 1231 1163 quaeque
1263 1089 1512 1144 tetatem
1543 1081 1906 1157 succedent,
1950 1090 2013 1141 ut
2052 1099 2245 1158 quem
2291 1080 2614 1142 nascendo
2650 1083 2874 1143 sortita
2924 1089 3071 1142 sunt
3110 1083 3350 1157 locum,
3391 1084 3456 1143 in
3494 1084 3633 1161 ipsa
3666 1101 3891 1145 recen-

596 1190 778 1251 sione
812 1192 1125 1267 perpetuo
1153 1190 1435 1246 teneant.

684 1290 745 1350 Si
784 1308 819 1350 e
856 1287 1177 1349 sententia
1211 1285 1620 1361 successerit,
1652 1284 1811 1344 bene
1848 1282 2119 1360 positam
2153 1298 2414 1360 operam
2448 1283 2715 1345 studiosi
2746 1293 2975 1363 sponte
3006 1285 3454 1364 afﬁrmabant;
3483 1287 3614 1365 jam
3648 1304 3777 1364 quo
3830 1285 3891 1345 id

598 1394 788 1469 pacto
818 1386 1218 1466 perfecerim,
1254 1388 1473 1464 paucis
1510 1383 1743 1444 indico.
1775 1383 2062 1444 Priorem
2092 1382 2305 1442 locum
2333 1382 2636 1445 Asceticis
2667 1385 2846 1445 libris
2868 1386 3033 1462 dedi,
3065 1394 3195 1447 tum
3227 1389 3309 1448 ob
3339 1388 3701 1465 argumenti
3735 1404 3894 1466 pra:-

600 1491 905 1554 stantiam
926 1506 1002 1550 ac
1021 1488 1421 1567 dignitatem,
1447 1493 1580 1547 tum
1608 1502 1682 1547 ea
1716 1486 1907 1547 etiam
1931 1483 2005 1545 de
2036 1501 2256 1559 causa,
2284 1486 2449 1561 quod
2477 1503 2511 1546 a
2541 1487 2608 1546 S.
2639 1486 2827 1548 Pauli
2854 1488 3039 1565 primi
3072 1488 3370 1551 Eremitae
3410 1488 3553 1551 Vita
3585 1490 3895 1551 inchoen-

601 1595 734 1664 tur,
771 1607 917 1669 quae
953 1589 1237 1667 reliquas
1278 1605 1498 1648 omnes
1537 1586 2079 1664 Hieronymianas
2114 1586 2659 1658 elucubratioues,
2695 1587 2835 1665 ipso
2872 1590 3150 1649 Auctore
3189 1596 3370 1663 teste,
3409 1591 3717 1668 temporis
3748 1587 3897 1648 suf—

603 1691 810 1769 fragio
857 1689 1223 1749 antevertit.
1275 1686 1776 1764 Subsequuntur
1821 1683 2062 1744 Malchi
2094 1691 2146 1742 et
2180 1683 2542 1744 Hilarionis
2574 1684 2714 1745 dua:
2748 1686 2931 1753 alite;
2968 1693 3100 1745 tum
3138 1687 3206 1747 S.
3246 1686 3573 1747 Pachumii
3634 1687 3896 1765 Regula,

599 1793 873 1872 ejusque
901 1789 1232 1870 Epistolte,
1264 1795 1327 1849 et
1368 1786 1568 1849 Verba
1588 1787 1890 1867 Mystica,
1921 1803 2065 1862 quae
2091 1785 2153 1846 S.
2194 1785 2427 1846 Doctor
2458 1786 2681 1846 Latine
2715 1787 2948 1848 refudit
2974 1806 3056 1848 ex
3087 1788 3308 1850 Graeca
3339 1791 3900 1869 interpretatione,

598 1912 776 1957 nunc
811 1895 1092 1974 primum
1123 1893 1260 1973 ejus
1296 1910 1563 1971 operum
1594 1890 1966 1953 Collectioni
2002 1889 2339 1961 accedunt,
2390 1896 2451 1949 et
2505 1892 2785 1968 priorem
2818 1890 2985 1952 hanc
3042 1896 3288 1968 partem
3345 1892 3626 1970 explent.
3686 1891 3903 1952 Unum

601 1996 812 2057 habeo
842 1994 1011 2073 quod
1046 1993 1256 2055 adhuc
1285 1993 1359 2053 de
1390 1993 1516 2052 illis
1558 2006 2012 2069 praemoneam,
2053 1989 2492 2068 annigmaticas
2528 2008 2752 2069 nempe
2784 1990 3085 2068 loquendi
3125 1992 3464 2066 formulas,
3505 1996 3612 2053 ubi
3656 1994 3902 2055 classes

600 2099 1069 2161 Monachorum
1115 2096 1537 2173 designantur
1572 2111 1685 2170 per
1712 2093 1953 2153 litteras
1979 2092 2180 2152 Graeci
2210 2091 2557 2169 alphabeti,
2589 2110 2862 2169 quaeque
2897 2094 3164 2171 mystica
3196 2097 3387 2154 verba
3421 2096 3901 2171 inscribuntur,

602 2216 642 2261 ει
677 2197 1016 2259 Kircherio
1043 2197 1106 2255 in
1138 2195 1468 2255 Prodromi
1507 2199 1566 2254 et
1604 2192 1822 2253 Lexici
1854 2192 2033 2269 Copti
2074 2192 2533 2269 Supplemento
2563 2195 2880 2254 curiosius
2917 2196 3254 2272 explicari,
3300 2197 3470 2273 quod
3516 2196 3654 2275 ejus
3707 2198 3911 2258 inter-

604 2300 983 2383 pretationis
1016 2299 1209 2359 homo
1246 2299 1513 2378 cupidus
1555 2297 1875 2358 consulat.
1925 2297 2170 2356 Exinde
2207 2296 2473 2358 alterius
2504 2299 2762 2378 generis
2818 2300 3057 2379 scripta
3110 2301 3451 2378 incipiunt,
3490 2318 3636 2379 quae
3678 2307 3912 2364 contra

609 2404 980 2474 haereticos,
1018 2401 1153 2461 sive
1186 2400 1633 2461 haereticorum
1674 2404 1981 2477 patronos
2020 2398 2252 2459 acriori
2284 2400 2448 2478 stylo
2481 2405 2859 2470 exarantnr,
2892 2406 2950 2459 cl
2988 2405 3235 2479 quanta
3270 2399 3458 2460 fuerit
3489 2402 3549 2459 in
3587 2403 3726 2477 ipso
3756 2416 3914 2459 con-

605 2516 704 2571 tra
729 2507 907 2568 Fidei
942 2506 1157 2565 hostes
1197 2503 1552 2563 certamine
1608 2500 1673 2560 S.
1710 2503 2004 2563 Doctoris
2054 2500 2279 2573 virtus,
2313 2519 2458 2577 quae
2502 2501 2670 2562 intra
2720 2502 2969 2561 cellula:
3020 2502 3294 2577 parietes
3331 2505 3576 2561 tantum
3620 2498 3913 2562 docendo

606 2610 934 2683 excelluit,
967 2605 1483 2668 luculentissimo
1515 2604 1815 2678 exemplo
1851 2606 2021 2661 sunt.
2072 2603 2325 2661 Primus
2356 2603 2639 2661 occurrit
2689 2600 2944 2680 Didymi
2982 2601 3148 2662 liber
3193 2601 3268 2662 de
3305 2600 3545 2681 Spiritu
3574 2607 3796 2662 sancto
3826 2601 3915 2663 ab

602 2717 747 2793 ipso
780 2710 1007 2770 Latine
1046 2706 1409 2782 explicatus
1448 2720 1481 2763 e
1519 2703 1769 2775 Graeco,
1807 2709 2002 2779 atque
2039 2702 2148 2761 ille
2179 2704 2436 2780 quidem
2474 2703 2825 2781 singularis
2868 2721 2997 2766 una
3028 2709 3091 2763 et
3120 2705 3428 2764 continua
3461 2704 3651 2778 serie,
3682 2721 3811 2763 non
3841 2710 3916 2764 ut

604 2817 917 2877 hactenus
947 2806 1319 2867 obtinuerat
1355 2804 1551 2863 stulta
1582 2802 1857 2879 quadarn
1894 2806 2161 2880 περιεργίᾳ
2209 2792 2275 2862 in
2320 2808 2446 2864 tres
2491 2803 2892 2864 distributus.
2932 2802 3248 2863 Scribitur
3290 2812 3513 2862 contra
3560 2801 3916 2863 nonnullo—

605 2931 747 2973 rum
783 2913 1126 2970 commenta
1150 2905 1317 2965 circa
1347 2904 1661 2982 Spiritum
1688 2904 2013 2973 Sanctum,
2043 2920 2176 2983 quae
2206 2920 2397 2983 neque
2426 2904 2492 2965 in
2519 2904 2878 2985 Scripturis
2913 2904 3096 2981 lecta,
3140 2923 3334 2985 neque
3362 2925 3396 2965 a
3429 2924 3739 2985 quoquam
3781 2906 3916 2969 Ec-

608 3010 1101 3077 clesiasticorum
1146 3013 1419 3068 veterum
1473 3005 1723 3082 fuerant
1770 3012 2117 3081 usurpato:
2154 3010 2349 3082 atque
2388 3004 2554 3066 hanc
2599 3024 2724 3064 non
2781 3004 3051 3085 Didyme
3092 3007 3348 3083 quidem
3398 3006 3747 3084 scribendi,
3793 3008 3914 3070 sed

606 3112 1007 3187 Hieronymo
1042 3120 1305 3165 causam
1338 3102 1663 3163 exstitisse
1708 3101 2197 3178 interpretandi,
2238 3102 2402 3162 docti
2439 3103 2699 3181 quidam
2742 3104 2861 3163 viri
2894 3107 3254 3164 autumant.
3310 3104 3615 3184 Sequitur
3651 3107 3913 3168 Lucife-

603 3213 772 3277 riani
813 3214 874 3271 et
908 3204 1263 3269 Orthodoxi
1310 3202 1677 3275 Altercatio,
1711 3218 1855 3279 qua)
1892 3208 1955 3262 et
2003 3202 2320 3280 superiori
2379 3204 2544 3263 libro
2580 3204 2656 3263 de
2690 3211 3050 3282 temporum
3098 3207 3409 3266 amussim
3463 3208 3747 3285 prtepoui
3798 3207 3918 3269 de-

602 3318 861 3381 buerat,
908 3309 1033 3372 nisi
1070 3313 1221 3368 tunc
1270 3306 1379 3365 illa
1429 3305 1633 3383 magis
1676 3305 2002 3365 arrisisset
2050 3305 2238 3381 ratio,
2271 3322 2416 3382 qua:
2458 3306 2539 3365 ab
2595 3307 2919 3380 Auctoris,
2958 3314 3153 3382 quam
3202 3322 3347 3382 quas
3402 3323 3483 3365 ex
3539 3306 3914 3383 interpretis

608 3418 791 3476 letale
826 3408 1104 3471 ducitur.
1157 3404 1340 3463 Hanc
1388 3402 1723 3479 excipiunt
1771 3402 1934 3462 liber
1966 3410 2190 3462 contra
2226 3402 2591 3463 Helvidium
2644 3404 2721 3463 de
2768 3403 3132 3481 virginitate
3188 3403 3409 3464 Mariae
3451 3409 3758 3483 perpetua
3799 3429 3813 3467 :
3853 3414 3917 3468 et

608 3516 736 3577 duo
774 3517 1000 3573 contra
1029 3504 1465 3578 Iovinianum,
1522 3519 1652 3579 quo
1701 3502 1777 3562 de
1816 3502 2075 3561 homine.
2107 3521 2250 3563 cum
2290 3504 2491 3564 multa
2536 3503 2834 3583 praefatus
2887 3504 3144 3575 fuerim,
3175 3521 3379 3566 unum
3430 3505 3553 3566 hoc
3602 3514 3916 3584 praeterea

610 3610 892 3690 suppetit
937 3603 1380 3668 annotandum
1430 3623 1444 3660 :
1494 3602 1701 3678 legem
1738 3609 1961 3664 contra
2000 3621 2146 3663 eum
2217 3603 2409 3665 latam
2461 3603 2752 3664 Honorio
2796 3622 2866 3665 1x
2920 3610 2979 3665 et
3026 3604 3393 3667 Theodosio
3435 3625 3474 3669 v
3522 3608 3569 3666 A
3603 3608 3677 3667 A.
3718 3627 3913 3687 coss.,

609 3714 745 3775 sive
778 3726 952 3772 anno
982 3706 1123 3777 ΜΞ,
1154 3720 1300 3782 quae
1327 3709 1388 3762 et
1423 3704 1487 3762 in
1525 3702 2051 3782 Hieronymianis
2084 3703 2332 3780 aliquot
2370 3720 2520 3763 mss.
2573 3706 2634 3762 in
2692 3704 2865 3764 calce
2917 3705 3054 3783 ejus
3092 3706 3304 3782 Operis
3344 3707 3700 3787 invenitur,
3747 3715 3810 3769 et
3849 3712 3915 3772 in

610 3810 1062 3874 Theodosiano
1099 3803 1237 3865 cod.
1273 3802 1441 3862 titul.
1481 3800 1519 3860 5
1549 3801 1625 3861 de
1656 3800 1985 3861 Hiereticis
2020 3800 2145 3878 leg.
2177 3797 2278 3873 53,
2313 3817 2347 3861 a
2379 3801 2458 3861 cl.
2486 3799 2876 3861 Gothofrcdo
2922 3810 3323 3879 recensetnr,
3372 3807 3738 3883 suspicatus
3770 3825 3916 3867 sum

612 3920 721 3979 aut
755 3907 1232 3989 supposititiam
1262 3921 1425 3977 esse,
1472 3908 1585 3964 aut
1614 3902 1785 3980 quod
1819 3900 2235 3963 verisimilius
2264 3902 2619 3962 etiamnum
2645 3908 2825 3981 puto,
2853 3902 2916 3962 in
2950 3902 3230 3965 haeretici
3263 3909 3487 3967 contra
3522 3922 3713 3984 quem
3748 3909 3915 3969 irro-

610 4021 825 4095 gatur,
864 4010 1126 4071 nomine
1153 4006 1596 4083 depravatam,
1648 4004 1811 4064 falso
1836 4004 2254 4065 Iovinianum
2292 4004 2619 4081 praeferre.
2668 4004 3086 4083 Argumentis
3126 4007 3209 4065 ibi
3250 4025 3326 4065 ex
3361 4006 3759 4088 Hieronymo
3794 4012 3916 4071 ad-

610 4116 844 4190 ductis,
871 4108 1313 4172 testimonium
1346 4106 1540 4167 hocce
1573 4105 1847 4165 alterum
1872 4103 2031 4163 adde
2062 4121 2143 4163 ex
2172 4103 2531 4181 Gennadio,
2554 4120 2694 4182 cap.
2730 4104 2811 4164 75
2841 4104 2907 4164 in
2938 4106 3160 4177 Paulo,
3203 4108 3308 4167 ubi
3344 4109 3681 4170 Joviniani
3718 4110 3917 4171 luere—

616 4218 731 4279 tiei
756 4210 1068 4279 meminit,
1104 4208 1502 4285 voluptatum
1550 4223 1623 4264 ac
1680 4203 1965 4265 libidinis
1998 4205 2467 4283 prcedicatoris,
2513 4205 2615 4266 cui
2643 4206 2711 4267 in
2745 4214 2990 4267 tantum
3020 4209 3401 4271 continentis
3448 4210 3591 4270 vitm
3639 4220 3694 4270 et
3736 4223 3922 4274 casta:

613 4315 939 4379 institutio
992 4308 1317 4371 contraria
1368 4305 1516 4385 fuit,
1560 4312 1631 4364 ut
1674 4306 1839 4365 inter
1869 4306 2239 4364 luxuriosas
2266 4306 2479 4385 epulas
2509 4306 2779 4367 animum
2807 4316 3143 4369 eructaret.
3180 4310 3272 4369 Ex
3308 4310 3427 4370 hoc
3464 4326 3722 4371 rursum
3759 4334 3924 4376 cou—

619 4420 839 4492 stabit,
868 4414 1239 4476 haareticum
1300 4426 1427 4469 non
1467 4409 1531 4468 in
1566 4407 1897 4469 Dalmatia:
1936 4409 2147 4470 insula
2187 4412 2433 4472 exsiliis
2467 4413 2665 4485 clara,
2726 4419 2795 4473 ut
2842 4415 2973 4473 Lex
3016 4414 3222 4490 jubet,
3278 4414 3626 4491 plumbatis
3680 4433 3922 4479 czesum

617 4532 1048 4584 aerumnosam
1084 4514 1277 4572 vitam
1310 4510 1613 4585 traxisse,
1654 4510 1761 4569 sed
1805 4510 2159 4572 confertam
2207 4514 2609 4595 voluptatum
2647 4519 2934 4577 omnium
2972 4516 3277 4577 varietate
3317 4514 3539 4575 mediis
3579 4517 3641 4576 in
3672 4518 3919 4580 deliciis

619 4620 900 4681 animam
928 4615 1292 4676 evomuisse
1324 4630 1468 4669 cum
1506 4612 1797 4687 crapula.
1830 4612 1970 4671 Jam
2009 4630 2160 4673 vero
2197 4615 2552 4677 succedunt
2587 4626 2811 4677 contra
2849 4616 3261 4694 Vigilantium
3292 4618 3550 4679 libellus
3591 4640 3705 4698 pro
3743 4623 3923 4682 San-

622 4726 870 4781 ctorum
903 4716 1081 4776 cultu
1125 4730 1200 4773 ac
1234 4712 1528 4787 reliquiis
1550 4756 1565 4786 ,
1594 4715 1790 4789 atque
1821 4712 1986 4773 alius
2026 4714 2245 4775 fusiori
2280 4718 2530 4779 calamo
2560 4722 2870 4779 exaratus
2905 4728 3130 4776 contra
3158 4718 3466 4779 Joannem
3498 4721 3924 4799 Jerosolymi—

626 4826 865 4882 tonum,
897 4811 1309 4887 Origenianaa
1346 4810 1639 4870 factionis
1675 4811 2092 4889 primipilum.
2130 4814 2341 4892 Atque
2377 4816 2546 4875 hunc
2584 4833 2845 4891 quoque
2879 4816 3115 4877 librum
3168 4819 3257 4877 illi
3298 4818 3595 4895 prmterre
3628 4822 3927 4883 videatur

624 4915 855 4989 atatis,
893 4928 1087 4990 quam
1122 4916 1370 4988 egomet
1398 4926 1641 4980 assero,
1683 4915 2152 4992 praerogativa;
2192 4917 2299 4976 sed
2349 4914 2609 4991 quando
2653 4916 2865 4976 varias
2921 4915 3039 4977 hac
3081 4915 3157 4977 de
3196 4936 3264 4978 re
3302 4922 3649 4982 sententias
3704 4921 3926 4983 ferunt

627 5017 888 5087 eruditi,
923 5015 1057 5090 ipse
1086 5020 1301 5073 autem
1326 5012 1487 5072 liber
1518 5032 1635 5073 nec
1666 5013 1745 5075 ad
1777 5014 1969 5075 ﬁnem
2002 5034 2210 5092 usque
2244 5018 2587 5095 perductus
2622 5019 2701 5077 ab
2734 5021 3009 5080 Auctore
3036 5026 3158 5094 est,
3209 5040 3323 5084 nec
3357 5024 3478 5084 nisi
3524 5026 3725 5085 multo
3776 5034 3924 5104 post

627 5116 705 5177 ad
747 5113 921 5190 vulgi
952 5128 1181 5171 manus
1218 5110 1495 5181 devenit,
1538 5118 1604 5171 ut
1668 5114 1859 5175 etiam
1902 5115 2206 5175 Ruﬁnum
2238 5124 2632 5192 qumrentem
2679 5118 2743 5177 in
2784 5121 2997 5197 scirpo
3026 5123 3261 5183 nodum
3295 5126 3584 5192 latuerit:
3619 5128 3681 5185 in
3718 5144 3920 5204 quam

628 5215 909 5293 quisque
940 5210 1115 5269 malit
1145 5210 1517 5288 Opinionem
1567 5216 1944 5287 concedere,
1998 5214 2318 5290 integrum
2353 5214 2474 5274 hoc
2506 5217 2643 5291 ipso
2681 5219 2901 5279 ordine
2933 5224 3283 5284 reservavi.
3321 5224 3640 5286 Subnecto
3671 5227 3924 5302 Apolo-

628 5316 868 5393 geticos
924 5320 1051 5371 tres
1091 5312 1289 5371 libros
1317 5320 1539 5372 contra
1572 5313 1889 5392 Ruﬁnum,
1932 5312 2165 5388 quibus
2196 5313 2531 5391 ipsiusmet
2562 5318 2993 5394 Aquileiensis
3025 5325 3374 5402 presbyteri
3414 5326 3494 5385 ad
3512 5327 3921 5387 Anastasium

634 5431 863 5494 papam
889 5414 1287 5493 Apologiam.
1315 5425 1505 5493 atque
1536 5416 1728 5492 hujus
1756 5416 1837 5474 ad
1861 5417 2171 5476 Joannem
2204 5418 2804 5497 Jerosolymitanum
2828 5425 2901 5483 de
2919 5425 3153 5488 Ruﬁno
3188 5429 3521 5506 epistolam
3553 5431 3917 5509 subjungo:

627 5534 772 5594 quae
806 5515 935 5574 duo
969 5516 1459 5591 praeclarissima
1510 5514 1929 5582 monimenta,
1966 5517 2216 5578 tametsi
2256 5520 2780 5599 Hieronymianis
2818 5526 3015 5601 probe
3059 5528 3486 5605 intelligendis
3545 5534 3917 5592 necessaria

628 5616 705 5675 iis
744 5619 931 5675 antea
965 5630 1091 5671 non
1134 5614 1665 5671 accensebantur.
1700 5611 2199 5689 Subsequuntur
2227 5615 2699 5680 Invectivarum
2727 5620 2939 5680 Ruﬁni
3005 5633 3228 5684 contra
3258 5626 3711 5703 Hieronymum
3743 5630 3915 5701 libri,

626 5712 703 5774 de
756 5726 1035 5789 quorum
1088 5725 1360 5769 numero
1402 5715 1845 5787 procoucepta
1882 5709 2215 5773 doctorum
2278 5713 2610 5777 hominum
2654 5720 2895 5796 Opinio,
2935 5738 3047 5782 seu
3087 5724 3301 5785 verius
3332 5722 3779 5805 hallucinatio,
3815 5727 3919 5791 hic
