4056 6298
194 297 242 350 13
584 296 593 301 ’
1186 304 1250 358 ΙΝ
1288 303 1698 371 8ΕΩΗΕΝΤΕ8
1742 306 1946 363 νιτΑδ
1988 308 2389 366 ΔΒΙΟΝΙΪΙΟ.
3378 315 3444 371 η

181 411 406 474 demum
452 421 549 474 est
582 416 1004 480 sustolleuda.
1050 420 1402 499 Receptum
1436 425 1609 484 enim
1657 431 1751 486 est
1801 426 2021 505 vulgo,
2055 433 2211 501 tres,
2266 445 2396 487 non
2442 426 2604 488 duos
2644 434 2890 489 tantum
2944 431 3058 507 qui
3107 438 3440 508 superant,

177 513 417 592 scriptos
450 517 531 577 ab
562 517 673 579 illo
708 518 930 594 fuisse,
964 541 997 583 e
1026 524 1263 601 quibus
1304 525 1529 586 tertius
1560 532 1920 606 temporum
1951 528 2188 607 injuria
2224 528 2641 590 interciderit.
2674 530 2911 607 Nempe
2951 528 3213 589 totidem
3261 531 3438 592 libris

173 615 486 693 respondet
510 618 940 699 Hieronymus
972 645 986 683 :
1024 630 1429 705 testaturque
1466 628 1603 707 ipse
1630 631 1752 690 sub
1777 629 2035 691 initium
2068 631 2467 710 Apologetici
2496 650 2671 693 num.
2706 631 2747 691 2
2782 648 2937 692 sane
2973 632 3339 693 luculenter
3366 634 3441 694 de

169 712 517 779 adversario
541 737 661 780 suo
694 738 853 783 rues
890 736 1116 786 contra
1147 745 1208 787 se
1238 726 1433 789 libros
1465 738 1782 792 venustate
1821 733 2035 793 Attica
2064 735 2358 795 texuisse.
2394 732 2490 796 Ita
2523 734 2780 812 quidem
2815 733 3163 812 prmferuut
3194 751 3438 795 excusa

164 821 561 899 exemplaria,
595 840 631 885 a
667 824 902 902 quibus
936 829 1183 907 absque
1209 847 1363 891 mss.
1392 830 1701 913 suﬁ'ragio
1728 851 1809 899 ne
1843 835 2043 896 latum
2072 834 2329 915 quidem
2376 854 2659 917 unguem
2704 836 3139 898 discessimus.
3192 836 3435 899 Verum

161 924 265 978 aut
296 918 441 980 duos
477 925 915 1003 reponendum
950 928 1061 1000 ibi,
1101 935 1213 991 aut
1251 949 1593 993 numerum
1638 934 1894 1012 penitus
1928 935 2432 1015 expungendum
2461 936 2777 1011 arbitror;
2808 944 2983 998 certe
3033 954 3161 997 non
3217 937 3437 1016 plures

159 1033 335 1093 quam
370 1022 531 1083 duos
566 1025 646 1084 ab
694 1025 1089 1105 Aquileiensi
1143 1030 1520 1109 presbytero
1562 1038 1865 1095 exaratos
1921 1036 2263 1097 contendo.
2315 1035 2606 1099 Palmare
2651 1043 3108 1115 argumentum
3141 1035 3306 1097 duco
3354 1055 3437 1097 ex

155 1117 429 1200 Epilogo,
464 1142 592 1203 quo
623 1126 758 1205 ipse
791 1128 1034 1191 Auctor
1062 1137 1125 1191 et
1153 1149 1343 1193 suum
1375 1150 1537 1211 opus
1564 1134 1915 1208 concludit,
1953 1144 2011 1195 el
2054 1154 2166 1214 per
2211 1134 2467 1214 singula
2502 1137 2715 1214 capita
2750 1142 3020 1196 recenset
3070 1136 3135 1196 in
3180 1137 3301 1215 ﬁne
3343 1155 3435 1203 ea,

150 1236 272 1297 quae
297 1224 559 1301 sparsim
583 1244 703 1305 pro
734 1247 849 1288 sua
875 1231 1255 1308 purgatione
1288 1232 1729 1311 responderat;
1762 1251 1956 1312 quem
1998 1236 2280 1295 lustrare
2314 1234 2517 1295 oculis
2569 1235 2725 1294 satis
2758 1234 2839 1294 sit
2879 1232 2956 1294 ad
2990 1232 3181 1293 ﬁnem
3217 1242 3436 1311 poste-

150 1320 328 1383 rioris
365 1325 509 1390 libri
545 1347 722 1393 num.
758 1328 831 1391 Μ
872 1336 936 1392 et
984 1351 1165 1411 seqq.
1204 1337 1271 1393 ut
1306 1333 1465 1393 nihil
1503 1335 1783 1412 amplius
1819 1335 2100 1411 dubites,
2136 1336 2330 1395 totius
2355 1336 2569 1412 Operis
2600 1334 3075 1395 luvectivarum
3113 1350 3256 1393 eam
3295 1353 3439 1395 esse

145 1437 476 1497 summam.
498 1428 878 1507 nullumque
902 1431 1065 1492 adeo
1088 1433 1329 1493 librum
1352 1440 1659 1512 praeterea
1690 1450 1833 1495 esse
1861 1433 2166 1511 potuisse.
2187 1433 2371 1512 cujus
2403 1435 2653 1513 integra
2675 1436 2885 1512 capita
2909 1434 2987 1494 ad
3010 1436 3440 1503 ἀνακεφαλαίωσιν

142 1538 263 1584 non
298 1532 637 1590 revocarit.
673 1530 883 1593 Series
911 1552 1176 1611 quoque
1210 1534 1735 1613 Hieronymianm
1771 1535 2193 1608 velitationis,
2239 1535 2592 1612 prasertim
2637 1551 2791 1595 vero
2831 1542 3192 1612 postremas,
3237 1552 3437 1613 quam

139 1628 403 1705 acceptis
443 1631 657 1691 Ruﬁni
711 1633 894 1694 libris
954 1636 1265 1712 reposuit,
1312 1652 1442 1695 non
1505 1636 1627 1697 nisi
1678 1637 1839 1697 duos
1903 1636 2045 1697 illos
2095 1635 2391 1697 confutat
2448 1656 2463 1693 :
2522 1636 2785 1694 tertium
2833 1652 3025 1713 quem
3080 1637 3437 1711 somniant,

136 1726 390 1789 omnino
437 1730 721 1809 ignorat.
778 1734 1068 1811 Denique
1109 1735 1269 1795 duos
1304 1736 1753 1797 tantummodo
1796 1735 2173 1797 Gennadius
2210 1736 2388 1796 novit
2430 1751 2571 1813 cap.
2612 1736 2714 1811 17,
2752 1735 2935 1813 cujus
2988 1736 3429 1796 testimonium

135 1824 333 1887 hacin
366 1845 438 1889 re
471 1849 743 1893 summie
772 1835 936 1893 duco
962 1836 1393 1905 auctoritatis,
1431 1836 1599 1915 quod
1653 1837 1809 1896 nulli
1863 1837 2066 1915 magis
2095 1836 2309 1898 Ruﬁni
2343 1836 2547 1916 gloria
2588 1836 2762 1897 cordi
2806 1838 3017 1911 fuerit,
3066 1847 3175 1900 aut
3235 1840 3435 1900 lucu-

132 1925 451 1992 brationes
488 1940 858 2011 perspectas.
900 1934 1353 2007 Obtrectatori,
1390 1938 1629 2012 inquit,
1656 1938 2107 2015 opusculorum
2126 1954 2383 1998 suorum
2413 1936 2684 2018 (scilicet
2718 1936 3141 2019 Hieronymo)
3178 1958 3435 2019 respon-

130 2025 212 2087 dit
242 2028 576 2114 (Ruﬁnus)
632 2052 880 2093 nuonus
902 2034 1352 2107 columinibus,
1376 2052 1644 2111 arguens
1675 2045 1729 2093 et
1757 2037 2161 2112 convincens,
2183 2055 2241 2095 se
2281 2035 2391 2096 Dei
2416 2035 2684 2103 intuitu.
2718 2046 2770 2094 et
2804 2036 3102 2098 Ecclesia?
3130 2038 3435 2110 utilitate,

128 2130 490 2191 auxiliante
544 2133 845 2206 Domino,
876 2133 1199 2210 ingenium
1254 2134 1546 2208 agitasse,
1606 2134 1782 2193 illum
1817 2151 1963 2193 vero
2003 2136 2418 2197 aemulationis
2477 2139 2729 2197 stimulo
2771 2137 3100 2199 incitatum
3146 2140 3225 2198 ad
3264 2138 3443 2199 oblo-

127 2230 442 2307 quendum
475 2230 710 2309 stylum
742 2231 1017 2293 vertisse.
1058 2230 1174 2291 Sed
1210 2230 1345 2292 hinc
1372 2232 1602 2305 obiter,
1639 2239 1699 2293 et
1744 2232 1807 2293 in
1847 2233 1969 2294 mei
2019 2251 2277 2311 quoque
2322 2236 2596 2312 gratiam
2628 2236 2792 2297 dicta
2831 2239 2981 2305 sint,
3021 2240 3129 2314 qui
3162 2256 3243 2299 ex
3274 2257 3441 2316 prte-

126 2337 436 2406 concepta
470 2331 795 2393 sententia
828 2332 891 2392 in
920 2332 1372 2395 Admonitione
1406 2339 1532 2392 tres
1573 2332 1791 2393 videor
1821 2349 2311 2395 annumerasse.
2363 2333 2494 2392 Hos
2530 2351 2696 2410 pone
2727 2341 3093 2411 sequuntur
3134 2338 3440 2417 Dialogo-

128 2452 258 2494 rum
292 2441 537 2494 contra
578 2434 958 2512 Pelagianos
996 2444 1120 2500 tres
1173 2438 1341 2508 libri,
1379 2438 1515 2497 sive
1564 2443 1630 2495 ut
1675 2454 1827 2497 mss.
1888 2438 2183 2497 nonnulli
2234 2438 2607 2517 praeierunt.
2650 2450 2885 2516 partes,
2935 2442 3169 2515 quibus
3223 2441 3441 2504 isthmc

126 2533 597 2595 Polemicarum
633 2535 1061 2611 scriptionum
1091 2538 1291 2596 series
1324 2535 1568 2595 ﬁnitur.
1616 2536 1818 2595 Porro
1850 2535 2088 2595 librum
2111 2534 2186 2594 de
2213 2534 2648 2613 Scriptoribus
2678 2536 3145 2599 Ecclesiastieis
3175 2540 3432 2599 demum

128 2643 417 2713 annecto,
448 2656 650 2714 quem
685 2639 895 2699 serius
930 2656 1005 2699 ea
1041 2639 1444 2718 potissimum
1480 2638 1554 2695 de
1584 2652 1781 2700 causa
1814 2637 2062 2709 distuli,
2101 2638 2271 2714 quod
2310 2637 2389 2697 ad
2433 2643 2727 2699 neutram
2776 2638 3048 2699 classem
3098 2642 3431 2701 commode

129 2738 335 2800 referri
368 2758 454 2801 ex
491 2740 865 2817 argumenti
901 2746 1135 2801 natura
1165 2746 1405 2819 posset.
1463 2736 1556 2798 Ad
1595 2738 1730 2799 haec
1759 2754 1904 2799 cum
1940 2736 2253 2798 Gennadii
2290 2736 2657 2815 catalogum
2694 2737 2996 2797 Virorum
3040 2738 3425 2816 lllustrium,

129 2859 265 2921 quos
306 2845 380 2904 Β.
406 2843 879 2922 Hieronymum
914 2860 1168 2920 sequens
1219 2848 1677 2910 commemorat,
1718 2840 2113 2919 subjungere
2165 2854 2423 2898 necesse
2470 2843 2635 2897 esset
2686 2836 2762 2897 ad
2812 2838 3255 2915 antiquiorum
3287 2839 3425 2902 edi-

127 2943 359 3004 tionum
397 2951 460 3005 et
498 2961 662 3005 mss.
696 2945 987 3006 codicum
1018 2944 1375 3020 exemplar,
1407 2960 1486 3003 ne
1517 2942 1732 3003 alieno
1764 2942 2005 3021 scripto
2028 2941 2224 3003 series
2254 2939 2911 3019 Hieronymianorum
2950 2941 3293 3003 invenuste
3325 2945 3429 3003 in-

128 3044 572 3122 terciperetur,
606 3060 919 3122 perquam
951 3044 1057 3106 ille
1087 3043 1415 3103 commode
1439 3045 1514 3103 ad
1538 3041 1730 3103 tinem
1750 3044 1901 3104 tomi
1934 3043 2169 3105 dilatus
2192 3048 2307 3115 est,
2332 3043 2434 3103 hic
2454 3043 2839 3121 Appendicis
2863 3043 3003 3104 loco
3019 3044 3402 3125 subjunctus
3420 3093 3433 3107 .

130 3140 425 3205 Castorum
462 3163 554 3205 ne
585 3163 665 3206 ex
698 3162 799 3217 eo,
830 3162 1022 3223 quem
1054 3144 1298 3205 obtinet
1333 3144 1498 3218 loco,
1534 3144 1850 3206 recentior
1880 3147 2041 3207 forte
2072 3149 2431 3225 putaretur,
2456 3143 2531 3204 de
2560 3143 2698 3222 ejus
2737 3151 2921 3207 aetate
2955 3164 3348 3223 prremoneo,
3377 3157 3441 3211 et

136 3246 589 3327 superioribus
614 3264 872 3326 quoque
905 3247 1177 3326 singulis
1222 3246 1406 3307 libris
1454 3246 1745 3316 eamdem
1782 3264 2048 3327 Operam
2105 3246 2168 3305 in
2226 3246 2485 3325 propria
2522 3245 2837 3324 cujusque
2873 3247 3115 3324 epocha
3162 3249 3438 3309 investi-

134 3345 355 3422 ganda,
386 3346 679 3424 aliisque
717 3346 1156 3426 prmuotandis
1185 3347 1377 3408 rebus
1412 3346 1735 3426 impendo.

197 3449 550 3527 Reliquum
569 3469 768 3513 unum
787 3457 905 3524 est,
931 3458 997 3511 ut
1018 3451 1202 3530 cujus
1236 3452 1565 3530 rei'gratia
1596 3450 1769 3512 hunc
1797 3468 1917 3530 ego
1950 3450 2234 3510 laborem
2264 3466 2406 3509 sum
2433 3464 2805 3527 aggressus,
2835 3448 3025 3510 hosce
3054 3449 3431 3529 Hieronymi

132 3549 278 3612 fetus
317 3558 661 3614 nocturna
688 3551 1055 3630 diurnaque
1090 3568 1289 3613 manu
1319 3568 1558 3615 verses.
1597 3554 1758 3615 Cum
1791 3551 1962 3612 enim
2002 3552 2131 3610 sint
2161 3566 2321 3610 sane
2351 3550 2590 3620 omnia,
2635 3564 2782 3626 qua
2832 3551 2913 3609 ab
2962 3551 3073 3610 illo
3112 3552 3439 3614 Ecclesia-

135 3662 261 3707 rum
288 3648 616 3730 Magistro
653 3650 930 3728 posteris
962 3650 1178 3711 relicta
1210 3657 1360 3710 sunt
1392 3650 1754 3711 litterarum
1805 3650 2199 3710 monimenta
2233 3650 2416 3710 utilia
2443 3666 2587 3709 cum
2626 3650 2872 3727 primis,
2901 3656 3096 3729 atque
3131 3654 3433 3728 illustria,

132 3746 567 3828 mihiquidem
601 3749 805 3810 multo
836 3751 1389 3827 praestantissima,
1426 3752 1761 3827 multoque
1805 3753 2130 3813 uberrima
2177 3751 2393 3812 isthmc
2426 3751 2905 3825 existimantur,
2950 3773 3095 3833 quae
3140 3756 3301 3816 alter
3334 3758 3439 3820 hic

136 3849 329 3910 tomus
357 3849 845 3928 complectitur,
883 3850 1066 3929 cujus
1108 3855 1326 3930 partes
1362 3870 1587 3913 omnes
1636 3850 1954 3931 ejusmodi
2007 3857 2183 3923 sunt,
2233 3856 2303 3911 ut
2349 3850 2444 3911 vel
2493 3851 2570 3911 ad
2612 3858 2803 3914 rectae
2848 3853 3021 3915 Fidei
3074 3854 3435 3932 depositum

136 3951 615 4013 custodiendum
652 3956 881 4010 contra
915 3951 1362 4013 haereticorum
1392 3959 1709 4014 venenata
1747 3952 2071 4032 dogmata,
2112 3952 2281 4014 vires
2312 3958 2507 4029 atque
2538 3970 2714 4015 arma
2754 3957 3188 4036 suppeditent,
3219 3957 3322 4017 vel
3359 3961 3437 4020 ad

137 4061 358 4117 rectam
389 4054 649 4119 vivendi
676 4055 992 4116 rationem
1026 4057 1349 4137 sapienter
1376 4058 1837 4121 instituendam
1868 4060 2150 4119 maximo
2194 4058 2563 4137 adjumento
2592 4060 2718 4122 sint
2746 4083 2759 4121 :
2794 4062 3073 4139 denique
3104 4062 3437 4138 generosis

142 4168 205 4213 ac
230 4155 387 4217 bene
414 4155 592 4217 natis
627 4153 911 4231 ingeniis
942 4156 1323 4217 eruditionis
1352 4173 1427 4218 ac
1456 4158 1741 4219 scientias
1768 4159 2122 4239 plurimum
2148 4158 2505 4219 conferant.

1586 4299 1802 4315 ﬂ

1231 4438 1307 4499 IN
1355 4420 1813 4513 SEQUENTES
1855 4439 2055 4501 mss
2098 4439 2339 4501 VITAS

819 4595 1206 4697 PAULI,
1266 4592 1980 4691 HILARIONIS,
2038 4596 2190 4676 ET
2247 4592 2749 4693 MALCHI,

1432 4774 1681 4846 ADM
1697 4769 2117 4844 ONITIO.

199 5117 367 5177 Trium
394 5120 642 5178 maxime
668 5116 960 5187 insignium
992 5113 1405 5177 monachorum,
1434 5111 1607 5174 Pauli,
1637 5104 2253 5169 llilarionis,etMalchi,
2284 5104 2429 5158 Vitas
2459 5104 2632 5160 tribus
2661 5104 2813 5163 hisce
2846 5107 3045 5163 libellis
3064 5109 3431 5181 Hieronymus

143 5225 301 5269 narrat
325 5234 336 5268 :
359 5217 447 5287 qui
481 5211 719 5268 totidem
746 5208 1017 5278 epistolis,
1048 5222 1183 5277 quas
1210 5206 1261 5260 in
1290 5204 1459 5276 priori
1496 5214 1643 5257 tomo
1670 5202 1784 5257 suis
1813 5200 1951 5255 locis
1974 5196 2316 5262 exhibemus,
2350 5197 2508 5251 trium
2535 5200 2838 5255 sanctitatis
2864 5201 3021 5256 laude
3055 5204 3429 5272 praestantium

144 5302 461 5375 feminarum,
496 5304 772 5369 Fabiolze,
801 5302 1009 5367 Paulus,
1042 5316 1106 5355 ae
1139 5298 1426 5361 Marcell:e,
1460 5298 1691 5352 virtutes
1722 5294 1791 5350 ad
1818 5294 2064 5349 Vitarnm
2091 5307 2260 5363 prOpe
2293 5291 2463 5346 instar
2508 5293 2827 5348 celebravit.
2860 5295 2968 5349 Nec
2996 5298 3116 5349 alia!
3166 5309 3431 5364 praeterea

142 5410 276 5467 sunt,
324 5417 459 5473 quas
506 5400 567 5455 S.
625 5397 827 5451 Doctor
873 5394 1239 5459 elucubrarit,
1296 5388 1428 5445 Vita:
1469 5399 1765 5443 sanctorum
1807 5384 2055 5443 Patrum.
2106 5383 2317 5437 tametsi
2367 5383 2526 5451 longe
2577 5384 2798 5452 plures,
2851 5400 3053 5453 easque
3100 5385 3430 5452 praesertim,

141 5504 253 5557 quas
290 5494 579 5549 Eribertus
633 5487 961 5543 Rnsweidus
1001 5487 1279 5542 recensuit
1327 5483 1567 5538 secundo
1614 5480 1783 5543 libro,
1832 5478 1905 5531 illi
1949 5477 2259 5547 adjudieent
2306 5476 2513 5545 antiqui
2559 5477 2867 5546 Scriptores
2915 5480 3150 5545 aliquot,
3197 5492 3427 5544 quorum

144 5584 423 5640 testimonia
474 5580 759 5652 sequioris
805 5580 904 5633 ἱενί
953 5578 1182 5634 eruditis
1233 5577 1628 5644 imposuerunt.
1680 5569 1957 5632 Gelasius,
2003 5584 2095 5623 seu
2144 5569 2388 5638 quisquis
2432 5567 2527 5623 ille
2570 5580 2649 5622 est
2688 5576 2841 5623 vetus
2872 5569 3076 5621 Auctor
3120 5566 3325 5618 Decreti
3375 5572 3437 5621 de

144 5675 418 5732 authentici;
468 5676 660 5737 libris,
711 5687 833 5742 Cap.
879 5670 934 5735 4,
1001 5669 1177 5731 Vitas,
1232 5666 1434 5736 inquit,
1492 5661 1707 5715 Patrum
1756 5658 1949 5722 Pauli,
2001 5659 2245 5721 Antonii,
2307 5656 2625 5721 Hilarionis,
2679 5668 2722 5710 et
2778 5657 3003 5708 omnium
3060 5653 3428 5723 Eremilarum,

144 5779 250 5831 quas
288 5778 451 5825 tamen
494 5769 578 5823 vir
626 5762 695 5819 Β.
742 5741 1090 5832 Hieronymus
1130 5755 1427 5825 descripsit,
1466 5768 1583 5804 cum
1625 5748 1761 5802 omni
1808 5748 1999 5802 honore
2048 5748 2374 5814 suscipimus.
2421 5745 2619 5799 Verum
2670 5743 2890 5796 Antonii
2945 5743 3116 5798 Vitam
3159 5744 3228 5799 ab
3270 5741 3438 5797 Atha-
