4056 6292
572 301 644 359 15
1607 300 1676 357 ΙΝ
1713 292 2123 370 SEQUENTES
2161 297 2174 328 ‘

2280 295 2368 356 AS
2404 292 2802 354 ADMONITIO.
3802 288 3879 352 16

572 413 728 470 nasia
776 411 965 467 Grmce
1008 411 1366 482 descriptam,
1414 410 1482 466 ab
1524 410 1760 480 Evagrio
1808 412 2149 468 Antiocheno
2195 410 2385 466 Latine
2434 410 2601 465 fuisse
2647 408 2949 472 redditam,
2999 414 3337 478 compertum
3384 412 3490 463 est.
3535 406 3711 463 Tanto
3756 411 3887 475 post

576 506 867 561 Gratianus
921 504 1139 559 Decret.
1187 521 1238 575 p.
1285 521 1341 571 tt,
1389 519 1538 559 caus.
1589 504 1682 571 27,
1732 504 1822 570 Ut,
1868 505 2070 572 inquit,
2117 504 2275 572 refert
2317 503 2380 557 Β.
2433 502 2819 574 Hieronymus,
2872 500 3138 555 Macarius
3182 501 3472 571 praecipuus
3512 503 3644 555 inter
3685 497 3888 553 Christi

576 595 857 660 Eremilas,
887 594 1140 649 celebrato
1172 596 1470 668 nuptiarum
1498 596 1728 649 convivio
1757 612 1871 648 cum
1900 611 2100 666 vespere
2127 592 2413 647 thalamum
2440 602 2569 647 esset
2600 594 2946 664 ingressurus,
2973 607 3037 645 ex
3061 591 3197 648 Urbe
3223 589 3509 661 egrediens,
3535 588 3891 644 transmarina

573 692 743 763 petiit,
790 699 837 743 et
878 690 1035 743 eremi
1078 688 1409 743 solitudinem
1448 689 1545 743 sibi
1589 688 1761 758 elegit.
1814 687 1940 742 Haec
1990 702 2118 741 vero
2164 687 2386 740 tniniute
2431 684 2672 740 omnium
2726 685 3107 755 Hieronymus,
3150 682 3245 738 sed
3286 683 3531 753 germani
3578 679 3695 749 ejus
3746 678 3891 734 Vitae

573 794 831 838 auctores
852 782 1209 847 Theonhilns,
1234 782 1459 853 Sergius
1504 792 1555 836 et
1586 781 1823 853 Hyginus
1848 782 2085 835 tradunt.
2117 778 2394 833 Praetereo
2415 794 2534 847 qnte
2555 793 2622 832 ex
2644 776 3008 846 sttpposititiis
3031 774 3422 845 scriptionibus
3443 771 3893 845 llieronymianis

574 874 929 943 proferuntur
958 872 1225 941 ejusmodi
1264 873 1594 935 testimonia,
1630 879 1685 927 et
1726 887 1845 940 quia
1878 868 2127 924 n0nnnlli
2170 885 2241 923 ex
2274 867 2585 923 Cassiodori
2619 867 2865 921 Divinar.
2894 866 3142 921 Lection.
3171 880 3295 936 cap.
3326 862 3419 932 5‘2,
3449 872 3505 919 et
3540 878 3610 919 ex
3642 858 3893 917 Cassiani

575 967 905 1024 Prien-tione
934 967 999 1022 ad
1032 968 1201 1023 libros
1229 968 1627 1022 lnstitutionnni
1656 966 1817 1021 nitnis
1840 967 2114 1021 subtiliter
2140 966 2420 1036 colligunt.
2452 964 2597 1021 Sane
2623 974 2917 1018 occnrrunt
2945 960 3298 1025 vetustissimi
3327 973 3458 1013 mss.
3494 958 3641 1022 libri,
3667 958 3757 1029 qui
3786 969 3894 1027 pro

580 1057 757 1121 hisce,
790 1066 846 1112 et
875 1058 1153 1125 plerisque
1180 1058 1304 1111 aliis
1336 1059 1471 1112 Vitis
1497 1058 1849 1126 lidejubeant.
1887 1057 2028 1111 Duos
2055 1055 2324 1126 ejusmodi
2352 1054 2642 1109 Vaticmtos
2686 1054 2812 1108 olim
2845 1054 3062 1124 Regina-
3089 1051 3389 1107 Succorum
3428 1050 3529 1121 ipsi
3559 1050 3891 1114 evolvitnus,

578 1164 612 1205 e
650 1150 1002 1205 Coislinianis
1026 1151 1224 1204 multos
1249 1151 1441 1205 haberi
1469 1152 1625 1206 testis
1650 1162 1735 1205 est
1762 1151 1832 1203 cl.
1864 1150 2319 1204 Montfauconins.
2346 1147 2558 1202 Mentiri
2586 1156 2766 1203 autent
2794 1147 2914 1202 illos
2942 1146 3026 1201 vel
3050 1146 3152 1201 hoc
3184 1161 3293 1200 uno
3318 1152 3460 1215 patet
3488 1142 3712 1208 indicio,
3740 1138 3894 1211 quod

579 1241 721 1298 Vitae
753 1243 859 1298 illae
890 1244 1022 1297 nihil
1064 1244 1133 1296 ab
1171 1244 1258 1309 iis,
1308 1259 1428 1314 quas
1470 1246 1569 1297 sub
1616 1242 1839 1297 Palladii
1890 1243 2108 1297 nomine
2152 1239 2633 1305 circumferuntur,
2666 1240 2898 1295 diversae
2945 1241 3075 1294 sint.
3129 1238 3277 1293 Unus
3322 1237 3705 1302 Colbertinus,
3751 1242 3897 1291 teste

576 1337 807 1406 Cangio,
841 1346 962 1403 post
993 1336 1308 1391 Lansiacatn
1352 1337 1631 1390 historiam
1667 1337 1781 1389 haec
1810 1335 1993 1390 subdit
2018 1353 2030 1389 ;
2060 1334 2178 1412 Ἑτέλ

2290 1336 2470 1411 στορία
2497 1336 2568 1394 εἰς·
2602 1336 2724 1393 τοὺς·
2755 1334 2900 1403 βίους
2935 1340 3036 1389 τῶν
3074 1332 3231 1403 ἁγίων
3271 1339 3363 1391 τῆς
3398 1326 3660 1402 Αἰγύπτου
3693 1328 3892 1398 (supp.

577 1425 849 1506 πατέρων)
902 1436 1261 1501 συγγραφεῐσα
1299 1429 1440 1503 παρὰ
1489 1426 1793 1503 Ἱερωνύμου
1840 1428 2075 1496 μονάχου
2108 1448 2179 1480 και

2296 1424 2593 1497 ›εσϐυτέρου
2634 1428 2723 1477 τοῦ
2770 1424 2829 1477 ἐκ
2873 1423 3204 1493 Δαλματίαςε
3237 1420 3355 1474 Alia
3392 1418 3631 1473 Historia
3661 1418 3725 1472 de
3765 1416 3898 1471 Vitis

580 1520 895 1578 Sanctorum
944 1517 1161 1573 Patrum
1208 1519 1429 1591 Egypti
1483 1522 1573 1573 abs
1631 1518 1950 1589 Hieronymo
2002 1516 2247 1571 Dalmata
2301 1518 2552 1571 monacho
2605 1523 2651 1567 ct
2703 1517 2995 1585 presbytero
3039 1514 3352 1585 conscripta.
3405 1511 3511 1567 Sed
3541 1511 3708 1567 verbo
3737 1519 3901 1565 tenus

581 1612 885 1671 Palladium
932 1610 985 1665 in
1032 1626 1095 1667 ea
1145 1612 1402 1675 describi,
1445 1626 1510 1666 ex
1554 1611 1672 1680 ipso
1720 1610 1908 1681 Cangii
1956 1612 2271 1666 testimonio
2321 1610 2602 1665 Fabricius
2650 1620 2832 1673 notat;
2881 1625 2983 1664 nec
3029 1608 3251 1663 dubium
3300 1606 3537 1670 videtur,
3588 1603 3902 1662 Graeculum

583 1702 896 1773 quempiam
940 1699 1253 1771 Hieronymi
1296 1716 1492 1755 nomen
1528 1700 1650 1755 ideo
1685 1702 1996 1765 mentitum,
2030 1701 2174 1769 quod
2218 1702 2270 1755 in
2304 1701 2393 1755 illa
2430 1700 2770 1756 Collectione
2803 1709 2912 1756 tres
2941 1714 3157 1771 quoque
3184 1700 3299 1755 ista:
3325 1698 3383 1753 S.
3422 1696 3599 1753 Patris
3626 1710 3905 1768 germana:

582 1792 827 1850 historiae
874 1791 1193 1848 habeantur.
1246 1792 1358 1847 Hoc
1402 1803 1458 1849 et
1507 1792 1728 1849 Gelasio
1779 1792 2010 1861 primum
2063 1793 2242 1849 fraudi
2283 1795 2466 1859 fuerit,
2500 1810 2622 1850 cum
2655 1796 2798 1849 enim
2841 1794 2941 1848 abs
3000 1792 3320 1865 Hieronymi
3360 1792 3503 1859 fetu,
3552 1791 3702 1847 Pauli
3749 1790 3905 1855 Vita,

582 1883 847 1941 Collectio
879 1883 969 1939 illa
994 1884 1202 1951 jamdiu
1230 1885 1359 1938 olim
1391 1888 1675 1955 inciperet,
1707 1884 1775 1941 ab
1805 1902 1893 1950 eo,
1918 1902 2078 1956 quem
2108 1888 2376 1943 litninaris
2403 1888 2596 1958 pagina
2627 1887 2953 1958 praeferebat
2980 1887 3243 1950 Auctore,
3271 1896 3414 1943 totus
3442 1886 3579 1942 liber
3605 1885 3909 1955 inscriptus

584 1987 693 2033 est.
736 1978 1008 2033 Caeterum
1054 1985 1111 2032 et
1155 1978 1222 2031 ad
1267 1978 1647 2033 declinandam
1690 1980 1972 2034 nominum
2023 1980 2201 2035 Rufini
2246 1994 2310 2035 ac
2352 1980 2577 2036 Palladii
2629 1980 2910 2048 invidiam,
2959 1988 3017 2036 et
3043 1979 3109 2035 ad
3144 1980 3491 2037 librariorum
3520 1977 3908 2050 compendium

586 2068 833 2127 {raudetn
868 2070 1142 2125 interdum
1174 2072 1477 2126 institutam
1511 2072 1680 2128 fuisse
1715 2088 1820 2126 non
1852 2073 2066 2128 dubito.

665 2162 801 2217 Tres
829 2161 1012 2231 itaque
1044 2164 1163 2217 ista:
1190 2162 1472 2217 dumtaxat
1500 2180 1530 2218 e
1558 2166 1615 2218 S.
1649 2164 1900 2219 Doctoris
1931 2165 2103 2219 nostri
2134 2164 2346 2221 calamo
2374 2165 2630 2235 profectae
2659 2174 2806 2229 sunt,
2832 2181 2969 2237 quas
2995 2174 3051 2223 et
3080 2165 3278 2223 eximia
3306 2166 3578 2222 sermonis
3609 2140 3909 2236 elegantia,

589 2262 647 2310 et
686 2254 937 2308 asceticaa
979 2254 1104 2307 vita:
1144 2254 1557 2323 przeclarissima
1598 2258 1849 2323 exempla
1886 2257 2294 2310 commendant.
2344 2254 2598 2312 Profecto
2634 2272 2699 2311 ex
2743 2256 3180 2329 llieronymianis
3212 2255 3718 2312 elucubrationibos
3759 2254 3909 2310 nulla

588 2362 784 2404 recusa
811 2358 894 2401 est
921 2346 1142 2416 s:epius,
1178 2348 1323 2401 nulla
1358 2349 1543 2416 plures
1581 2346 1791 2403 invenit
1816 2349 2082 2415 editores,
2113 2364 2177 2403 ac
2204 2350 2379 2419 magis
2406 2348 2668 2403 eruditos.
2701 2349 2831 2404 Duas
2876 2352 3085 2420 priores
3113 2358 3169 2404 et
3195 2349 3387 2404 Graece
3412 2346 3715 2410 habentur;
3740 2346 3911 2401 itnnto

592 2440 821 2494 alteram
855 2439 1074 2493 vixdum
1115 2439 1182 2493 ab
1222 2439 1460 2494 Auctore
1494 2440 1791 2510 vulgatam,
1829 2441 2173 2509 Sopltronius
2204 2444 2252 2495 in
2286 2444 2535 2499 Graecum
2567 2446 2769 2497 vertit:
2805 2446 3017 2499 tametsi
3047 2460 3168 2514 qua:
3197 2458 3342 2499 nunc
3371 2450 3642 2511 superest,
3667 2449 3725 2497 et
3754 2439 3911 2521 cujus

593 2533 809 2589 initium
835 2544 920 2587 est
946 2552 960 2586 :
990 2534 1070 2589 Ἐν
1100 2535 1406 2608 Παλαιστίνῃ
1430 2535 1574 2596 πόλις
1604 2537 1741 2590 ἐστὶν
1760 2538 1845 2589 οὐκ
1875 2533 2094 2593 ἔλαττον
2111 2535 2143 2596 ἣ
2169 2538 2314 2594 πέντε
2345 2538 2429 2592 καὶ
2455 2540 2851 2613 τεσσαράκοντα
2880 2536 3123 2599 σταδίους
3149 2538 3432 2607 ἀπέχουσα
3449 2534 3639 2602 Γάζης,
3661 2523 3911 2588 δίωθοηι

593 2624 979 2695 Metapbrastte
1011 2626 1155 2679 docti
1191 2625 1291 2679 viri
1338 2628 1527 2678 tnaltnt
1576 2626 1908 2681 adscribere.
1956 2626 2149 2680 Latine
2193 2636 2373 2681 autent
2405 2643 2515 2690 eas,
2568 2638 2771 2695 praeter
2814 2626 3359 2698 Hieronymianorum
3390 2640 3615 2695 operum
3647 2622 3911 2690 editores,

592 2716 788 2772 Surius
826 2731 889 2769 ac
924 2715 1297 2784 Lipomannus
1326 2724 1654 2770 recensent:
1679 2715 1964 2781 expoliunt
1991 2715 2173 2770 denuo
2198 2724 2360 2786 atque
2389 2716 2669 2770 illustrant
2702 2716 3035 2772 doctissimis
3079 2714 3527 2770 annotationibus
3557 2710 3909 2776 Rosweidns,

594 2807 915 2872 Bollandns,
946 2810 1143 2877 quique
1176 2822 1427 2876 magnum
1459 2808 1587 2861 illud
1613 2806 1890 2878 inceptum
1918 2819 2334 2879 persequuntur.
2364 2809 2561 2863 Parutn
2592 2808 2885 2879 diligentia:
2912 2818 3111 2864 nostrae
3134 2809 3399 2879 reliquum
3430 2808 3596 2863 fuisse
3623 2804 3908 2871 videatur;

600 2896 958 2955 nilnlominus
1009 2897 1151 2963 quod
1201 2906 1507 2952 nostrarum
1562 2898 1794 2966 partium
1845 2897 1974 2965 fuit,
2015 2914 2084 2956 ne
2132 2899 2334 2955 frustra
2384 2916 2605 2967 cpt-ram
2648 2900 2987 2966 locaremus,
3038 2900 3214 2956 sicubi
3258 2898 3570 2963 emendari,
3616 2900 3912 2967 ornarique

592 2996 892 3060 potuerunt
927 2986 1169 3053 uberius,
1210 2989 1608 3043 contendimus.
1664 2989 1869 3042 Praesto
1910 2989 2128 3044 fuerunt
2173 3000 2407 3059 quatuor
2450 2988 2696 3045 Vaticani
2739 2989 2866 3044 olint
2911 2989 3130 3060 Reginae
3168 2990 3469 3046 Succorum
3519 2985 3729 3058 antiqui
3770 3000 3906 3046 mss.

600 3080 843 3144 codices,
876 3078 1165 3149 prmumati
1210 3079 1450 3134 numeris
1484 3080 1610 3142 432,
1652 3079 1776 3141 500,
1817 3078 1942 3140 589,
1984 3079 2109 3133 797.
2158 3079 2308 3135 Unus
2335 3095 2552 3150 quoque
2578 3097 2607 3133 c
2638 3080 2863 3145 nostris,
2896 3095 3032 3151 quos
3065 3080 3317 3151 privatim
3347 3079 3497 3134 domi
3523 3092 3908 3138 asservamus:

598 3192 711 3231 non
742 3174 836 3228 ille
862 3172 1083 3243 quidem
1117 3173 1500 3229 remotissimae
1528 3174 1835 3238 vetttsmtis,
1866 3172 1958 3227 sed
1992 3172 2175 3241 proba:
2203 3182 2367 3227 notae.
2399 3172 2729 3227 Laudandus
2755 3189 2883 3229 vero
2914 3185 2999 3229 est
3034 3189 3149 3245 prae
3177 3173 3393 3229 caeteris
3424 3188 3563 3228 unus
3588 3169 3910 3242 amplissimi

595 3270 910 3325 Veronens.
956 3266 1185 3336 Capituli
1232 3268 1323 3337 qui
1367 3282 1557 3322 omnes
1602 3267 1666 3321 ad
1718 3266 1854 3319 hanc
1904 3280 2071 3335 usque
2120 3263 2264 3321 diem
2309 3265 2554 3335 cognitos
2598 3266 2759 3321 facile
2806 3277 3049 3335 superat.
3093 3266 3343 3337 Scriptus
3393 3280 3592 3335 nempe
3634 3273 3718 3319 est
3765 3276 3910 3318 anno

604 3360 1041 3432 quingentesimo
1080 3360 1295 3415 decimo
1341 3360 1579 3429 septimo
1624 3359 1693 3413 ab
1735 3357 2007 3423 Ursicino,
2047 3359 2232 3414 nescio
2269 3373 2401 3429 quo,
2434 3368 2636 3414 nostra:
2687 3361 2848 3429 hujus
2891 3360 3152 3415 Ecclesim
3196 3360 3443 3423 Lectore,
3476 3356 3619 3428 quod
3662 3357 3779 3427 ipse
3825 3355 3907 3412 Itis

600 3452 790 3508 verbis
838 3451 1000 3520 paulo
1050 3451 1179 3507 licet
1221 3452 1432 3505 vitiosis
1472 3451 1543 3505 oh
1583 3465 1769 3505 eorum
1820 3457 2127 3521 temporum
2181 3450 2674 3520 pronuntiationem
2727 3452 3033 3522 profitetur.
3089 3451 3245 3508 PER.
3296 3450 3651 3508 SCRIBTVS.
3691 3448 3908 3506 CODIX

602 3541 742 3598 HEC
797 3542 929 3600 SUB
990 3542 1100 3597 DIE
1164 3541 1322 3597 ΚΑΙ..
1388 3542 1549 3598 AVG.
1615 3540 1911 3599 AGAPITO
1966 3539 2087 3602 WE
2143 3542 2307 3598 INDI.
2368 3542 2621 3599 DECIMA
2672 3544 2809 3599 PER
2859 3542 3264 3603 VBSICINVM.
3308 3544 3511 3602 LECT.
3551 3541 3908 3602 ECCLESIIE

608 3632 1044 3690 VERONENSIS
1063 3635 1163 3706 (a).

681 3725 919 3792 Annum,
948 3742 1058 3796 quo
1088 3726 1243 3780 Pauli
1267 3726 1385 3781 Vita
1412 3728 1610 3799 scripta
1641 3738 1746 3793 est,
1772 3729 1861 3783 vix
1887 3729 2239 3786 dubitandum
2268 3731 2485 3787 videtur
2512 3746 2633 3788 esse
2655 3733 2757 3789 574
2781 3746 2874 3789 aut
2903 3745 3241 3807 sequentem.
3268 3735 3369 3793 Per
3393 3735 3447 3791 id
3473 3743 3623 3794 certe
3645 3734 3908 3808 temporis

606 3819 674 3876 ad
700 3821 1078 3889 cognominem
1105 3819 1330 3874 Paulum
1357 3820 1823 3877 Concmdiensetn
1847 3821 2014 3877 ntis‘sa
2043 3833 2122 3877 est
2153 3839 2275 3878 cum
2305 3822 2483 3893 Epist.
2515 3823 2567 3878 itt
2599 3833 2786 3879 nostra
2810 3827 3133 3883 recensione
3161 3826 3343 3901 40(b).
3369 3825 3425 3885 In
3449 3825 3711 3895 Catalogo
3729 3836 3908 3882 autem

606 3912 845 3983 primum
880 3912 1022 3965 inter
1052 3910 1505 3982 Hieronytnianas
1548 3912 1873 3980 scriptiones
1910 3928 2101 3968 omnes
2131 3913 2342 3969 obtinet
2370 3915 2571 3968 locum.
2607 3914 2749 3969 Duas
2787 3917 3022 3983 reliquas
3060 3934 3204 3975 anno
3232 3918 3557 3974 ascribitnus
3583 3917 3690 3975 390
3718 3916 3907 3975 eodem

605 4004 758 4061 ducti
789 4015 1136 4076 argumento,
1169 4006 1312 4060 serie
1341 4004 1569 4072 scilicet,
1604 4021 1707 4076 qua
1736 4004 1788 4059 in
1820 4003 2077 4077 Catalogo
2106 4015 2484 4074 recensentur,
2519 4016 2641 4076 post
2666 4006 3174 4080 interpretationem
3204 4010 3568 4067 Homiliarum
3592 4008 3812 4082 Origen.
3852 4009 3908 4067 in

605 4097 836 4165 Lucani,
863 4112 1025 4167 quam
1058 4094 1332 4167 superiori
1358 4097 1462 4152 389
1492 4097 1851 4167 assignatnus.

1956 4322 3896 4347 W

612 4328 1948 4354 ΜΨ...-

684 4455 759 4523 (a)
798 4453 951 4509 Hunc
992 4454 1235 4507 omnium
1276 4450 1715 4517 antiquissimum
1744 4448 2674 4523 prmstantissimumquecod._mss.
2706 4449 2869 4504 homo
2902 4465 3011 4504 non
3031 4448 3134 4523 ille
3160 4447 3377 4523 quidem
3409 4448 3721 4516 illiteratus,
3753 4450 3908 4523 cujus

606 4520 814 4579 nomini
845 4540 1028 4593 parco.
1059 4524 1159 4577 sibi
1196 4522 1286 4576 tttti
1319 4524 1545 4583 sumpsit
1576 4538 1696 4576 cum
1724 4521 1869 4574 edito
1897 4520 2591 4593 conferendum.‘Cnntulit
2618 4530 2798 4576 autent
2823 4535 2922 4575 nec
2943 4520 3074 4575 satis
3094 4521 3328 4593 curiose,
3352 4535 3454 4593 nec
3482 4531 3540 4576 ut
3569 4520 3905 4593 propositum

610 4596 812 4657 luerat,
839 4588 963 4647 cum
996 4594 1340 4649 Benedictina
1365 4594 1626 4657 editione,
1656 4595 1751 4646 seu
1777 4606 1901 4645 cunt
1928 4593 2031 4646 alia
2057 4592 2287 4661 quadam
2315 4588 2626 4647 Coloniensi
2655 4607 2812 4660 quam
2831 4606 2944 4661 prie
2972 4590 3219 4645 manibus
3241 4591 3491 4647 habebat.
3524 4588 3659 4648 Hinc
3674 4588 3903 4658 factum,

605 4674 670 4720 ut
693 4666 826 4719 falso
849 4663 1142 4718 identidem
1170 4666 1442 4719 variantes
1470 4665 1729 4720 lectiones
1750 4660 2121 4731 exscripscrtt,
2148 4678 2352 4732 nosque
2372 4662 2627 4734 credulos
2647 4663 2696 4715 ei
2727 4660 2951 4716 nimium
2978 4661 3249 4717 habuerit.
3275 4660 3370 4717 Cui
3402 4662 3548 4718 malo
3573 4663 3625 4718 in
3649 4663 3907 4734 praesenti

608 4734 773 4805 hujus
803 4735 967 4805 libelli
997 4736 1236 4789 editione
1263 4736 1491 4803 singulis
1518 4736 1821 4805 quibusque
1853 4735 1987 4788 locis
2015 4736 2377 4799 occurrimus,
2408 4744 2464 4788 et
2494 4732 2797 4805 medemur.

685 4802 764 4877 (ὁ)
800 4806 859 4862 In
884 4803 1175 4874 Chronico,
1202 4807 1270 4861 ad
1298 4802 1500 4863 annum
1528 4802 1835 4864 Constantii
1865 4806 1953 4873 19,
1989 4814 2220 4862 testatur
2246 4820 2306 4863 se
2332 4806 2527 4861 exitum
2558 4802 2717 4857 Pauli
2744 4802 2950 4859 Thebari
2978 4802 3115 4860 brevi
3143 4804 3317 4861 libello
3344 4802 3652 4875 explicatae.

1678 5317 2839 5401 MOE-«Olm-
