4056 6330
611 329 675 385 19
1827 324 1885 379 S.
1933 323 2203 380 EUSEBII
2244 316 2629 379 lﬂERONYMl
3820 323 3890 378 υ)

1166 438 1414 495 ιΝοιριτ
1456 438 1637 494 VITA.

670 534 724 586 2.
777 533 969 587 Decius
1000 543 1048 586 et
1092 532 1402 585 Valerianus
1448 531 1864 586 Christianorum
1905 542 2195 602 persecuto-

599 643 700 681 res.
730 656 800 665 -—
828 636 852 662 α
877 626 989 681 Sub
1023 626 1186 680 Decio
1206 636 1261 680 et
1287 623 1574 679 Valeriano
1607 625 2063 693 persecutoribus.
2088 639 2195 695 quo

602 728 851 786 tempore
901 715 1187 771 Cornelius
1230 714 1451 782 Romus,
1499 714 1801 787 Cyprianus
1846 714 2191 785 Carthagine,

598 810 744 865 felici
801 825 995 865 cruore
1047 809 1366 877 martyrium
1399 808 1774 877 pertulerunt,
1826 808 2023 863 multas
2053 808 2194 877 apud

600 900 894 972 Egyptian
928 911 983 956 et
1012 900 1343 955 Thebaidem
1393 899 1687 966 Ecclesias,
1727 908 2019 969 tempestas
2052 913 2195 952 saeva

599 994 852 1061 populata
879 1001 981 1047 est.
1016 991 1133 1045 Voti
1169 1001 1295 1046 tunc
1321 990 1646 1046 Christianis
1668 1000 1807 1055 erat,
1841 1006 1938 1061 pro
1969 990 2189 1063 [νει-οη.

599 1080 689 1153 eo]
718 1083 918 1136 Christi
961 1082 1182 1135 nomine
1226 1081 1407 1151 gladio
1444 1082 1652 1151 percuti
1687 1078 1907 1152 [.Veron.
1941 1082 2192 1152 perpeti].

600 1173 798 1229 Verum
851 1174 1021 1229 hostis
1075 1175 1307 1229 callidus
1352 1175 1504 1229 tarda
1537 1174 1603 1229 ad
1647 1182 1877 1229 mortem
1930 1174 2193 1244 supplicia

599 1265 926 1333 conquirens
955 1263 1166 1317 animas
1192 1264 1452 1331 cupiebat
1476 1264 1747 1334 jugulare,
1800 1279 1908 1318 non
1937 1278 2193 1334 corpora.

599 1361 665 1414 Et
705 1370 759 1413 ut
792 1362 931 1429 ipse,
964 1359 1055 1429 qui
1089 1359 1157 1413 ab
1207 1360 1324 1426 ipso
1372 1374 1563 1429 passus
1604 1370 1708 1425 est,
1739 1357 2043 1431 Cyprianus
2074 1360 2149 1413 ait
2177 1378 2190 1412 :

599 1451 626 1489 δ
651 1453 972 1507 Volentibus
1002 1451 1158 1515 mori,
1192 1466 1297 1506 non
1339 1451 1751 1521 permittebatur
1781 1450 1978 1507 occidi.
2027 1452 2193 1521 Cujus

598 1554 657 1598 ut
682 1543 978 1599 crudelitas
1002 1541 1181 1597 notior
1214 1542 1326 1607 fiat,
1362 1541 1467 1597 duo
1498 1543 1778 1597 memoria:
1810 1557 1975 1597 causa
2007 1558 2194 1597 exem-

600 1636 685 1703 pla
724 1646 744 1672 ο
769 1635 1108 1704 subjicimus.

673 1729 725 1781 ὃ.
760 1726 875 1780 Duo
899 1725 1155 1797 Martyres
1183 1727 1429 1796 insignes.
1450 1754 1520 1765 —
1538 1724 1985 1780 Perseverantem
2012 1724 2063 1779 in
2090 1724 2194 1779 fide

2224 440 2447 501 Adictu
2499 456 2711 511 quoque
2759 442 2935 497 scelus
2985 449 3094 505 est,
3144 440 3394 495 manibus
3442 447 3735 495 attrectare
3780 438 3889 509 [τυ.

2301 532 2632 603 obtrectare]
2670 532 2844 587 virilia
2872 550 2884 584 :
2921 542 2975 585 ut
3006 547 3235 601 corpore
3264 533 3316 586 in
3348 531 3627 585 libidinem
3657 532 3893 584 concita-

2302 631 2378 688 to,
2413 636 2473 678 se
2502 622 2697 677 victrix
2745 622 3018 691 impudica
3068 622 3462 694 superjaceret.
3496 631 3519 669 ε
3543 621 3680 689 Quid
3710 628 3895 690 ageret

2301 715 2457 771 miles
2487 716 2708 783 Christi,
2756 725 2810 771 et
2859 722 2967 784 quo
3008 730 3068 770 se
3099 724 3357 779 verteret,
3392 714 3689 769 nesciebat.
3720 711 3891 778 Quem

2298 815 2571 863 tormenta
2602 825 2709 863 non
2741 809 3000 874 vicerant,
3034 808 3327 878 superabat
3354 808 3623 879 voluptas.
3652 805 3891 860 Tandem

2298 902 2514 957 caelitus
2556 903 2869 971 inspiratus,
2907 902 3188 971 przecisatn
3216 899 3245 938 ¹ι
3268 899 3543 956 mordicus
3576 900 3811 967 linguam
3839 897 3891 951 in

2299 996 2597 1050 osculantis
2627 1011 2686 1051 se
2707 994 2898 1050 faciem
2931 994 3180 1064 exspuit;
3210 1009 3274 1049 ac
3305 994 3383 1048 sic
3402 991 3639 1047 libidinis
3670 1003 3891 1045 sensum

2297 1086 2595 1141 succedens
2626 1086 2832 1143 doloris
2862 1085 3179 1155 magnitudo
3205 1083 3483 1153 superavit
3513 1080 3623 1153 [ΑΙ.
3661 1093 3897 1149 occupa-

2297 1178 2372 1232 vit
2401 1187 2447 1231 et
2479 1178 2776 1246 pra-ripuit.
2820 1175 2923 1230 Ms.
2966 1176 3151 1229 Veron.
3184 1172 3467 1244 calcavit].

2367 1271 2421 1324 4.
2450 1268 2607 1323 Pauli
2640 1270 2780 1322 dotes
2802 1279 2849 1321 et
2875 1268 3117 1321 eruditio.
3144 1297 3209 1306 —
3235 1267 3336 1321 Per
3360 1265 3502 1320 idem
3528 1278 3658 1332 ergo
3682 1273 3895 1331 tempus

2298 1375 2403 1429 quo
2438 1360 2560 1413 talia
2608 1359 2936 1429 gerebantur
2977 1357 3118 1429 apud
3171 1357 3483 1413 inferiorem
3534 1354 3893 1417 Thebaidam,

2296 1466 2418 1505 cum
2445 1464 2637 1506 sorore
2658 1451 2769 1521 jam
2792 1449 2909 1505 viro
2936 1450 3151 1516 tradita,
3176 1459 3297 1519 post
3316 1458 3541 1504 mortem
3566 1446 3673 1521 [AL
3692 1443 3895 1516 morte]

2298 1544 2586 1599 amborum
2625 1553 2907 1613 parentum
2944 1545 2995 1597 in
3032 1541 3350 1596 haereditate
3390 1539 3665 1610 locupleti,
3700 1538 3898 1593 Paulus

2297 1636 2519 1690 relictus
2538 1644 2621 1690 est
2649 1650 2917 1690 annorum
2947 1635 3170 1688 circiter
3194 1631 3208 1669 ί
3232 1631 3528 1697 sexdecim,
3564 1630 3757 1685 litteris
3789 1640 3896 1681 tam

2298 1727 2502 1784 Graecis
2534 1744 2695 1798 quam
2728 1725 3067 1798 Egyptiacis
3096 1728 3348 1795 apprime
3380 1723 3506 1796 [Ms
3549 1722 3669 1776 Ver.
3711 1720 3899 1790 adple-

598 1820 911 1891 Martyrem,
963 1830 1017 1873 et
1066 1820 1203 1874 inter
1250 1820 1471 1874 eculeos
1516 1819 1851 1888 laminasque
1904 1819 2189 1884 victorem,
2225 1834 2270 1892 ιι
2298 1821 2389 1893 ne]
2421 1821 2689 1888 eruditus,
2723 1820 2992 1875 mansueti
3022 1819 3206 1885 animi,
3237 1818 3406 1873 Deum
3432 1814 3903 1871 valdeamans.Et

597 1913 759 1979 jussit
788 1913 949 1967 melle
981 1914 1225 1983 perungi,
1256 1920 1310 1965 et
1339 1911 1440 1965 sub
1472 1911 1861 1967 ardentissimo
1891 1912 2027 1975 sole,
2063 1909 2191 1965 reli-

599 2004 739 2072 gatis
772 2004 1016 2057 manibus
1052 2012 1171 2072 post
1203 2013 1409 2072 tergum
1440 2002 1465 2039 ά
1495 2004 1710 2072 reponi,
1741 2003 1951 2058 scilicet
1992 2011 2049 2057 ut
2080 2018 2196 2055 mu-

599 2111 810 2150 scarum
845 2097 1049 2151 aculeis
1079 2097 1323 2160 cederet,
1355 2098 1447 2166 qui
1494 2096 1692 2165 ignitas
1723 2098 2023 2167 sartagines
2069 2104 2195 2149 ante

598 2198 934 2255 superasset.
970 2188 1145 2243 Alium
1172 2189 1395 2259 juvenili
1421 2198 1582 2243 :etate
1608 2189 1913 2254 ﬂorentem,
1946 2188 1999 2241 in
2026 2202 2195 2242 amre-

602 2282 860 2335 nissitnos
891 2279 1137 2335 hortulos
1186 2282 1445 2349 praecepit
1492 2278 1599 2351 [AL
1628 2279 1846 2353 adduci]
1891 2278 2106 2334 abduci.
2140 2277 2196 2351 ἥ,

596 2371 785 2440 Ibique
816 2375 958 2426 inter
996 2371 1107 2425 lilia
1140 2371 1425 2425 candentia
1458 2380 1513 2425 et
1544 2370 1801 2426 rubentes
1831 2386 1985 2425 rosas
2006 2411 2020 2437 ,
2069 2386 2191 2425 cum

600 2464 708 2518 leui
730 2464 880 2533 juxta
906 2478 1183 2518 murmure
1211 2478 1471 2532 aquarum
1505 2474 1749 2529 serperet
1772 2464 1940 2528 rivus,
1967 2471 2021 2515 et
2048 2461 2196 2515 molli

600 2557 765 2611 sibilo
795 2556 1050 2609 arborum
1083 2555 1210 2609 folia
1237 2564 1427 2608 ventus
1463 2555 1869 2624 prmstringeret
1900 2552 2007 2625 [AL
2033 2551 2199 2606 strin-

600 2645 797 2719 geret],
834 2657 856 2683 ε
881 2663 1045 2717 super
1067 2656 1401 2700 exstructum
1430 2645 1625 2714 plumis
1650 2644 1846 2698 lectum
1872 2643 2194 2711 resupinari,

603 2751 659 2795 et
692 2758 760 2795 ne
790 2756 847 2794 se
894 2740 1021 2793 inde
1073 2748 1252 2807 posset
1303 2746 1585 2801 excutere,
1622 2736 1879 2792 fblandis
1931 2746 2199 2789 sertorum

608 2835 839 2887 nexibus
879 2832 1149 2886 irretitum
1196 2831 1452 2901 relinqui.
1483 2830 1603 2897 Quo
1635 2846 1755 2884 cuin
1777 2872 1789 2893 .
1824 2828 2204 2884 recedentibus

607 2928 842 2991 cunctis,
885 2927 1137 2980 meretrix
1172 2928 1417 2996 speciosa
1466 2926 1729 2990 venisset,
1759 2926 1919 2994 cmpit
1954 2925 2204 2979 delicatis

608 3020 877 3089 stringere
924 3020 1060 3073 colla
1095 3017 1200 3090 [AL
1234 3016 1459 3091 collum]
1491 3018 1864 3087 eotnplexibns
1898 3036 1910 3072 :
1941 3026 1993 3072 et
2017 3060 2030 3082 ,
2059 3018 2201 3087 quod

682 3212 705 3239 τι
734 3203 941 3257 Titulus
971 3202 1172 3256 Veron.
1205 3218 1305 3255 ms.
1342 3210 1526 3255 nostro
1569 3200 1740 3254 abest.
1791 3201 1925 3255 Tum
1975 3202 2190 3267 vitiose,

609 3286 665 3329 ιιι
717 3276 894 3327 nulltts
938 3272 1146 3335 dubito,
1190 3274 1297 3326 duo
1348 3287 1514 3341 penes
1546 3270 1792 3326 Martian.
1826 3272 2067 3337 codices,
2098 3272 2192 3327 sub

609 3344 953 3401 Diocletiano.
984 3356 1028 3397 et
1067 3344 1381 3405 Valeriano;
1416 3358 1513 3396 nec
1538 3341 1703 3395 refert
1732 3346 1874 3411 quod
1899 3345 2197 3398 subnexam

607 3418 968 3470 aduleSCentis
1000 3434 1026 3468 a
1061 3417 1347 3468 meretrice
1392 3415 1577 3466 tentati
1622 3413 1899 3467 historiam
1940 3415 2042 3467 sub
2077 3415 2201 3469 Dio-

608 3492 844 3541 rletiano
876 3489 1097 3540 titinitne
1127 3498 1408 3539 accuratus
1442 3494 1629 3535 auctor
1650 3482 1985 3552 Nicephorus
2022 3493 2205 3539 narret

612 3561 706 3613 lib.
738 3574 828 3611 vn.
864 3558 982 3611 Mox
1016 3557 1121 3608 duo
1154 3558 1314 3610 verba
1349 3556 1489 3624 [elici
1519 3571 1699 3607 cruore
1733 3557 1783 3605 ιιι
1812 3556 2026 3608 duobus
2054 3573 2083 3609 e
2111 3574 2206 3609 uo-

611 3634 738 3681 stris
772 3644 901 3681 ntss.
951 3626 1352 3681 desiderantur.
1398 3625 1599 3679 Veron.
1634 3625 1783 3694 aliiq.
1837 3626 1977 3695 felici
2023 3642 2206 3680 cruore

612 3702 841 3752 damnati
867 3708 1004 3751 sunt.

686 3771 793 3822 Sub
829 3769 998 3821 Decio.
1034 3766 1157 3821 Mss.
1191 3767 1408 3820 codices
1440 3770 1609 3820 Aveu.
1634 3774 1687 3819 et
1713 3765 1923 3829 Tolos.,
1952 3766 2045 3819 sub
2078 3766 2204 3821 Dio-

613 3840 829 3893 cletiano
869 3852 916 3892 et
967 3836 1259 3890 Valeriano.
1313 3837 1465 3902 Quod
1519 3844 1802 3904 propterea
1858 3851 2203 3899 anttotatuus,

611 3914 735 3964 auia
770 3911 1048 3963 historiam
1076 3908 1291 3975 jutteuis
1330 3924 1448 3960 mox
1482 3908 1799 3975 subjectam,
1853 3908 1953 3962 sub
1993 3908 2205 3962 Diocle-

614 3982 760 4037 tiano
787 3992 990 4049 gestam
1025 3981 1189 4033 refert
1226 3978 1562 4046 Nicephorus
1595 3978 1689 4031 lib.
1720 3993 1787 4031 vn
1822 3978 1959 4031 Hist.
2011 3981 2098 4032 15.

1863 4050 2132 4103 ΜΑιιτιΑιι.

682 4122 708 4159 δ
740 4122 796 4177 S.
828 4120 1133 4193 Cyprianus
1160 4121 1318 4187 epist.
1350 4118 1695 4193 537,]ma1‘ime
1725 4135 1840 4172 cum
1887 4121 2208 4193 cupientibus

610 4196 763 4257 mori,
813 4190 925 4247 non
960 4192 1371 4258 permitterentur
1420 4190 1547 4259 (leg.
1596 4205 1719 4244 cum
1766 4193 1913 4243 llier.
1944 4192 2207 4259 singulari

615 4280 840 4317 munero
883 4260 1285 4332 permitteretur)
1313 4261 1497 4313 occidi.
1527 4263 1730 4315 Seneca
1761 4260 2025 4316 Thebaid.
2060 4263 2209 4315 Occi-

612 4337 731 4388 dere
763 4345 860 4400 est,
893 4344 1060 4387 velare
1089 4332 1374 4401 cupientem
1404 4332 1557 4384 mori.

686 4416 709 4443 ο
739 4408 910 4459 Antea
934 4412 1051 4458 erat
1076 4404 1410 4474 subjecimus,
1448 4402 1874 4470 repugnantibus
1906 4413 2037 4474 mss.
2072 4416 2211 4470 quo-

613 4492 729 4530 rum
758 4492 861 4546 ope
887 4477 1050 4531 etiam
1078 4476 1129 4527 in
1151 4470 1401 4546 sequenti
1427 4486 1609 4539 versu,
1640 4486 1762 4546 cum
1786 4482 1929 4526 esset
1960 4470 2209 4525 Perseve-

609 4544 807 4600 rantetn
836 4548 992 4617 igitur
1030 4549 1081 4598 in
1124 4545 1246 4614 ﬁde,
1287 4554 1419 4617 etc.,
1454 4558 1641 4598 vocem
1669 4544 1849 4614 igitur,
1880 4557 1983 4617 qua
2007 4558 2208 4617 sensus

615 4613 882 4679 turbatur,
910 4618 1291 4680 ettpunximus.
1342 4614 1543 4667 Ilorum
1589 4613 1885 4685 martyrum
1925 4613 1978 4667 in
2007 4613 2209 4685 Marty-

615 4687 826 4756 rologio
859 4687 924 4741 ad
954 4688 1026 4743 28
1054 4686 1180 4741 Julii
1212 4696 1292 4739 est
1325 4686 1551 4737 mentio.

684 4756 711 4792 ά
743 4753 1032 4812 Maluimus
1071 4757 1304 4811 rectiore
1346 4769 1507 4827 sensu
1546 4769 1613 4827 ex
1667 4753 1940 4810 Veronen.
1979 4757 2209 4827 aliisque

612 4829 831 4897 optimc
885 4838 1026 4882 nota:
1076 4828 1229 4881 libris
1276 4826 1505 4898 reﬁgere
1550 4826 1690 4898 hunc
1740 4826 1937 4891 locum,
1980 4826 2209 4898 religatis

613 4895 727 4964 post
757 4911 954 4970 tergum
992 4898 1229 4970 manibus
1256 4896 1433 4965 reponi
1468 4912 1563 4967 pro
1602 4895 1776 4967 ligatis
1804 4908 1857 4953 et
1895 4895 2205 4970 resupinati,

616 4968 1069 5038 quemadmodum
1098 4969 1187 5021 alii
1220 4968 1437 5022 habent.

694 5050 716 5075 ε
749 5042 874 5091 Alit.
924 5055 1077 5106 super
1107 5047 1322 5090 stratum
1367 5038 1573 5103 plumis,
1604 5048 1736 5102 etc.,
1769 5038 1863 5093 sed
1894 5039 2089 5094 deinde
2119 5055 2207 5095 ve-

618 5117 765 5163 teres
790 5107 1029 5162 editores
1055 5109 1288 5169 Erasm.,
1324 5107 1614 5179 Rosweyd.
1645 5120 1698 5163 et
1721 5111 1989 5165 Victorius
2013 5112 2208 5164 immu-

620 5189 734 5232 tant
762 5194 829 5233 ex
863 5182 1173 5243 conjectura
1204 5180 1365 5231 serico
1388 5195 1483 5247 pro
1505 5189 1779 5233 sertorum.
1803 5182 1939 5236 Tum
1966 5197 2028 5236 ac
2050 5183 2212 5235 lectu-

617 5248 726 5302 lum
757 5258 811 5303 ct
837 5248 1093 5315 supinari.

698 5321 714 5358 τ
754 5320 969 5374 Blandis
1019 5327 1294 5372 sertorum.
1344 5320 1483 5373 Edtti
1533 5320 1757 5391 legunt,
1792 5320 1995 5375 blandis
2052 5324 2213 5377 serico

618 5394 871 5455 nexibus;
900 5406 1090 5446 omnes
1117 5400 1298 5443 autem
1322 5404 1454 5445 mss.
1477 5398 1533 5444 ut
1559 5390 1654 5445 nos
1677 5390 1947 5445 edidimus
1964 5433 1976 5451 .
2012 5391 2215 5447 blandis

617 5474 871 5517 sertorum
899 5461 1130 5516 nexibus.
1166 5461 1295 5527 Qua:
1327 5462 1483 5516 lcetio
1506 5476 1611 5515 non
1642 5462 1827 5516 debuit
1848 5463 2119 5517 immutari
2149 5480 2217 5519 ex

617 5534 732 5588 sola
766 5534 975 5588 Erasmi
1005 5532 1337 5603 conjectura.
1742 5602 1771 5603 η
1865 5532 2133 5603 Mannert.

690 5614 713 5650 8
747 5606 881 5659 Tres
910 5600 1125 5670 [legioni
1154 5618 1285 5659 mss.
1312 5603 1439 5674 quid
1473 5602 1826 5674 ageretimiles
1853 5600 2084 5655 Christi?
2110 5623 2211 5674 quo

618 5689 670 5744 se
699 5676 950 5741 conferret
972 5677 997 5726 ν
1020 5690 1189 5744 quem,
1222 5684 1327 5727 etc.
1355 5673 1597 5726 Rectius.
1629 5673 1744 5724 Mox
1773 5686 1910 5744 unus
1936 5673 2209 5739 superabat

617 5741 911 5797 abominata
957 5741 1214 5812 voluptas.
1265 5744 1351 5798 At.
1401 5751 1670 5810 superaret
1712 5743 1985 5812 voluptas:
2016 5753 2069 5796 et
2109 5743 2211 5801 hoc

622 5818 840 5874 rectius.
878 5818 1193 5877 licctissime
1216 5829 1395 5876 autem
1429 5829 1553 5873 mox
1580 5816 1687 5873 duo
1719 5814 1881 5871 verba
1907 5817 2101 5872 cortinis
2132 5818 2212 5876 itt-

2304 1929 2426 1969 cum
2471 1913 2867 1983 persecutionis
2919 1911 3155 1982 procella
3202 1910 3521 1975 detonaret,
3557 1910 3570 1960 ι
3618 1911 3669 1963 in
3713 1908 3901 1961 villam

2305 2008 2652 2063 remotiorem
2704 2014 2757 2061 et
2809 2005 3163 2060 secretiorem
3213 2004 3467 2058 secessit.
3526 2001 3723 2054 Verum
3773 1998 3905 2069 quid

2303 2108 2519 2168 pectora
2554 2097 2787 2151 humana
2819 2112 2923 2149 non
2957 2096 3104 2164 cogit
3131 2093 3261 2166 [Ms.
3300 2093 3421 2146 Ver.
3456 2090 3629 2162 cogis]
3657 2090 3785 2144 Auri
3819 2106 3907 2143 sa-

2307 2205 2395 2242 cra
2442 2189 2604 2258 fames
2656 2187 2889 2257 (Virgil.
2943 2184 3161 2239 zEneid.
3221 2186 3342 2255 tt)?
3408 2185 3615 2239 sororis
3673 2180 3909 2238 maritus

2305 2281 2450 2350 cepit
2475 2279 2706 2349 prodere
2729 2278 2886 2343 velle,
2917 2293 3075 2348 quem
3105 2278 3286 2331 celare
3305 2273 3719 2331 debuerat.Non
3752 2272 3903 2328 illum

2302 2375 2486 2428 uxoris
2556 2374 2847 2442 lacrymae.
2910 2370 2936 2408 λ
2997 2380 3054 2424 ιιι
3098 2370 3299 2423 assolet
3352 2387 3365 2421 :
3433 2382 3540 2422 non
3591 2366 3905 2422 communio

2298 2466 2595 2535 sanguinis,
2652 2480 2755 2519 non
2812 2472 3065 2535 spectans
3115 2473 3307 2517 cuncta
3357 2477 3423 2515 ex
3453 2461 3567 2514 alto
3612 2460 3787 2522 Deus,
3838 2460 3906 2514 ab

2300 2558 2510 2611 scelere
2555 2555 2833 2611 revocavit
2866 2553 2993 2626 [Με.
3027 2552 3149 2607 Ver.
3201 2549 3662 2622 revocaverunt].
3716 2549 3907 2604 lAde-

2304 2660 2407 2713 rat,
2441 2650 2708 2714 inStabat,
2741 2647 3066 2703 crudelitate
3095 2646 3246 2716 quasi
3286 2644 3486 2716 pietate
3518 2644 3792 2697 utebatur.

2374 2743 2425 2814 5
2464 2743 2517 2797 5.
2562 2740 2781 2795 Furtiva
2811 2750 3028 2795 monelte
3054 2741 3285 2811 ofﬁcina.
3315 2769 3385 2780 —
3414 2736 3568 2807 Quod
3627 2736 3717 2791 ubi
3774 2750 3908 2806 pru-

2311 2836 2663 2891 dentissimus
2721 2836 3039 2889 adolescens
3088 2834 3378 2891 intellexit.
3413 2833 3476 2885 ad
3510 2833 3774 2885 montium
3812 2829 3909 2884 de-

2312 2940 2456 2985 serta
2482 2929 2823 3000 confugiens,
2854 2928 2978 2983 dum
3010 2927 3404 2996 persecutionis
3433 2928 3592 2982 linem
3624 2925 3909 2995 praestola-

2314 3032 2460 3077 retur
2494 3022 2601 3094 [AL
2640 3019 3027 3092 praestolatur].
3066 3020 3442 3075 necessitatem
3484 3019 3538 3072 in
3572 3017 3910 3071 voluntatem

2306 3205 2535 3271 spiratus
2573 3219 2673 3257 ms.
2712 3202 2982 3256 Veronen.
3020 3210 3183 3256 tacet.

2228 3309 2271 3370 (ς
2335 3268 2344 3271 ⁷
2377 3272 2401 3309 ιι
2433 3275 2683 3343 Impressi
2716 3290 2911 3337 morsu,
2946 3282 3035 3327 aut
3065 3271 3338 3325 morsibus.
3365 3268 3473 3325 Sed
3506 3284 3666 3337 quam
3700 3277 3912 3337 praetu-

2256 3350 2272 3369 ‘
2312 3346 2473 3397 limus
2544 3345 2870 3397 Veronensis
2893 3385 2906 3397 .
2971 3343 3311 3397 aliorumque
3369 3355 3499 3395 mss.
3578 3340 3907 3397 lectionem.

2256 3346 2345 3397 ‘Ii

2355 3362 2473 3399 mus
2517 3340 2906 3406 ‘Veroueusis,
2971 3343 3311 3409 aliorumque
3369 3355 3499 3395 mss.
3578 3340 3907 3403 lectionem,

2312 3418 2507 3484 probat
2532 3416 2730 3469 similis
2757 3416 3066 3484 Hieronymi
3099 3414 3249 3467 locus
3275 3412 3434 3478 epist.
3461 3410 3551 3469 88.
3584 3410 3697 3463 sive
3726 3410 3912 3484 Theo-

2311 3482 2441 3554 phili
2474 3485 2768 3559 Synodica,
2817 3502 2870 3538 ιι.
2898 3501 2914 3539 ι
2945 3482 2973 3537 :V
2994 3483 3139 3538 Unus
3172 3484 3362 3554 lingua:
3408 3489 3603 3551 portent
3644 3482 3910 3535 mordicus

2311 3558 2613 3623 amputavit.

2386 3627 2401 3664 ί
2437 3628 2511 3682 Ita
2557 3637 2675 3695 post
2718 3625 3085 3680 Martianazum
3119 3637 3248 3678 mss.
3288 3639 3497 3681 omnes.
3530 3624 3783 3695 equibus
3820 3639 3914 3678 ve-

2311 3704 2502 3753 tustior
2535 3694 2695 3759 unus,
2722 3700 2810 3767 qui
2843 3710 3008 3765 penes
3052 3712 3136 3750 me
3174 3706 3278 3759 est,
3321 3694 3594 3763 superiori
3636 3697 3717 3750 sui
3752 3706 3913 3763 parte

2310 3776 2608 3823 truncatus.
2658 3766 2928 3822 Victorius
2978 3782 3127 3827 vero,
3179 3779 3295 3835 pOSt
3349 3767 3561 3821 Erasm.
3613 3766 3910 3827 quindecim

2310 3850 2518 3894 tantum
2544 3848 2851 3893 enumerat.
2877 3837 2985 3892 Nec
3009 3849 3184 3890 tamen
3208 3836 3304 3890 abs
3328 3853 3387 3892 re
3411 3846 3561 3891 n0tat
3587 3837 3909 3901 Bollandus,

2310 3926 2416 3964 non
2458 3912 2561 3963 dici
2594 3910 2691 3964 abs
2732 3910 3086 3979 Hieronymo,
3119 3906 3343 3961 Paulum
3374 3909 3533 3963 simul
3562 3921 3624 3960 ac
3663 3907 3913 3977 parenti-

2314 3984 2411 4035 bus
2453 3981 2676 4035 orbatus
2709 3992 2812 4047 εει,
2854 3978 3179 4049 profugisse,
3221 3980 3315 4034 sed
3365 3988 3552 4048 postea
3599 3992 3721 4032 cum
3761 3990 3914 4033 meta

2311 4061 2394 4174 «ist
2440 4052 2741 4121 persecutio
2787 4062 2905 4121 post
2959 4049 3331 4119 Philipporum
3376 4050 3767 4118 imperatorum
3805 4063 3914 4103 cte-

2311 4138 2454 4174 tem.

2310 4138 2454 4176 nem.

2385 4195 2398 4243 i
2435 4192 2665 4259 Quidam
2710 4206 2865 4257 mss.,
2897 4192 2952 4244 in
2980 4192 3103 4245 villa
3128 4191 3397 4244 remotiore
3426 4189 3668 4243 secretius
3698 4188 3913 4243 habita-

2309 4264 2416 4322 bat.
2450 4264 2694 4317 secretior
2724 4264 2979 4327 manebat,
3013 4263 3104 4316 alii
3134 4262 3379 4315 remotior
3409 4260 3749 4328 secretiorque
3781 4262 3913 4328 fuit.

2311 4335 2521 4389 Meliori
2552 4347 2715 4388 sensu
2746 4348 2958 4387 cautam
2989 4334 3354 4389 recessionem
3388 4332 3610 4387 exhibet
3642 4330 3915 4398 impressa

2310 4406 2493 4469 lectio,
2523 4421 2623 4472 qua
2650 4420 2707 4459 se
2740 4405 2939 4458 Paulus
2976 4406 3429 4472 subtraxisse,ac
3456 4401 3685 4455 Domino
3726 4416 3920 4456 reser-

2310 4491 2466 4529 vasse
2518 4471 3155 4546 significaturputicunt
3196 4471 3715 4546 Cypriano‘loquar.
3775 4472 3916 4528 Vide

2309 4542 2625 4603 Tertulliani
2655 4548 2847 4600 librum
2882 4544 2947 4598 de
2977 4545 3118 4613 Fuga
3150 4545 3200 4596 in
3231 4542 3627 4613 persecutione.

2382 4618 2449 4673 In
2476 4617 2670 4673 villam.
2698 4617 2755 4671 lu
2796 4618 2918 4670 aliis
2958 4610 3109 4668 libris
3146 4610 3274 4669 mss.
3308 4614 3360 4667 in
3388 4610 3512 4667 villa
3546 4612 3791 4666 secretius
3814 4611 3916 4665 Ita-

2237 4681 2286 4741 D
2312 4690 2525 4754 bitabat,
2570 4688 2675 4755 vel,
2705 4688 2759 4740 in
2788 4688 2911 4740 villa
2939 4687 3179 4739 rentotior
3204 4687 3544 4754 secretiorque
3564 4684 3689 4755 fuit.

3563 4752 3839 4809 Maurum.

2391 4832 2414 4868 κ
2450 4831 2569 4883 Duo
2591 4829 2850 4891 verba,ut
2875 4828 3059 4881 assolet
3094 4840 3123 4880 a
3160 4826 3371 4880 cunctis
3387 4826 3589 4879 nostris
3614 4839 3743 4878 mss.
3765 4825 3920 4880 aliis-

2317 4917 2423 4971 que
2455 4902 2608 4954 libris
2628 4900 2845 4961 absunt.
2866 4898 3167 4971 etexpnngi
3194 4897 3398 4971 malint.
3424 4897 3543 4950 Mox
3570 4897 3815 4971 quidam,
3838 4897 3921 4949 Ad

2316 4966 2424 5026 Iitec
2450 4973 2670 5025 instabat
2694 4986 2713 5025 :
2737 4987 2896 5041 quam
2928 4966 3213 5041 lectionem
3241 4969 3401 5041 etiam
3426 4978 3641 5041 veteres
3669 4966 3802 5041 editi
3833 4982 3923 5021 re-

2316 5045 2523 5111 cipiunt
2567 5038 2955 5111 immotamque
2994 5038 3563 5111 amplius.crudelitas.
3592 5051 3706 5111 qua:
3747 5038 3921 5104 pieta-
3986 5082 3995 5093 .

2318 5108 2416 5166 tem
2465 5112 2733 5165 videbatur
2783 5108 2995 5165 imitari.
3054 5110 3158 5167 Sed
3224 5108 3555 5178 prmferenda
3602 5108 3918 5178 impressa,

2315 5197 2475 5253 quam
2498 5194 2708 5237 constat
2732 5200 2795 5238 ex
2831 5184 2995 5239 Floro
3027 5183 3121 5237 lib.
3152 5176 3234 5245 tn,
3264 5196 3384 5250 cap.
3416 5183 3469 5242 5,
3502 5176 3922 5253 de_Mitltridate

2319 5248 2703 5324 Hieronymum
2728 5254 3131 5319 elegantissime
3162 5248 3486 5315 mutuatum,
3506 5248 3716 5310 Aderat,
3741 5251 3918 5303 insta-

2319 5326 2425 5395 bat;
2452 5325 2670 5389 swvilia,
2700 5327 2847 5395 quasi
2879 5326 3081 5384 virtute,
3112 5324 3368 5395 utebatur.

2398 5387 2905 5459 lAderatpin'stabat.
2950 5395 3137 5449 Plures
3162 5393 3382 5448 Codices
3422 5392 3601 5458 legunt
3631 5403 3645 5441 :
3688 5387 3768 5442 Ad
3801 5389 3925 5442 hinc

2317 5467 2559 5540 instabat,
2589 5467 2891 5540 crudelitate
2920 5465 3067 5535 quasi
3115 5467 3301 5532 pietate
3330 5462 3586 5540 utebatur.
3646 5459 3803 5540 quod
3854 5476 3925 5515 cx

2322 5538 2481 5592 Floro
2505 5530 2781 5592 mutuatur
2805 5530 3195 5604 Hieronymus:
3218 5550 3339 5589 cum
3362 5534 3421 5585 L.
3450 5530 3641 5604 Florus
3679 5530 3773 5604 lib.
3818 5544 3883 5583 tu
3911 5572 3925 5591 ,

2317 5609 2438 5665 c.5.
2456 5609 2530 5662 sic
2550 5609 2743 5663 habeat
2763 5624 2776 5661 :
2794 5600 3253 5672 Aderat,'instabat
3272 5645 3287 5669 ,
3312 5602 3528 5667 sterilia,
3553 5609 3701 5672 quasi
3726 5600 3931 5672 virtute

2318 5679 2575 5732 utebatur.
2613 5677 2869 5731 Erasmus
2900 5687 2954 5731 et
2993 5670 3267 5731 Marianos
3308 5675 3359 5729 id
3402 5670 3716 5742 ignorantes
3744 5670 3929 5728 aliam

2319 5752 2605 5805 lectionem
2657 5750 3013 5810 eontlxerunt.
3066 5762 3300 5814 nempe:
3351 5747 3430 5803 Att
3488 5747 3617 5812 lucc,
3664 5744 3929 5816 instabat,

2317 5821 2614 5895 crudelitas,
2643 5836 2759 5895 quis
2782 5823 3022 5895 pietatem
3062 5818 3320 5877 videbatur
3347 5818 3559 5876 imitari.
3636 5816 3933 5880 Massica.
