4056 6298
180 291 231 345 2i
1212 294 1375 350 VITA
1417 294 1477 349 S.
1522 295 1727 351 PAULI
1771 294 1947 351 PRISll
1994 297 2348 353 l-REMITAE.
3382 300 3448 352 ἐξ

179 409 341 475 vertit,
373 424 431 464 ac
460 411 728 478 paulatim
757 409 1126 481 progrediens,
1163 420 1186 445 δ
1216 427 1515 482 rursusque
1574 412 1748 466 subsi-
1781 417 1830 474 Α
1858 413 2183 468 videbuntur
2230 413 2333 477 his,
2370 415 2458 481 qui
2512 430 2614 467 non
2659 412 2885 466 credunt
2941 413 3121 465 omnia
3178 412 3447 480 possibilia

175 511 332 567 stetis,
363 512 521 571 atque
548 500 657 556 hoc
686 501 828 555 idem
878 502 1078 569 saepius
1129 501 1359 565 faciens,
1390 503 1629 557 tamdem
1662 520 1745 557 re~

173 592 301 660 perit
324 590 350 628 δ
379 607 602 647 saxeum
629 602 890 657 montem,
911 593 974 646 ad
1006 593 1162 663 cujus
1189 595 1401 649 radices
1428 595 1570 648 haud
1590 611 1749 666 gran-

170 686 247 741 dis
269 690 546 757 spelunca,
580 688 763 756 lapide
792 688 1164 743 claudebatur.
1195 690 1313 756 Quo
1344 689 1649 762 remoto(nt
1670 701 1755 745 est

170 781 437 849 cupiditas
462 782 743 835 hominum
772 784 975 836 occulta
1001 786 1380 854 cognoscere),
1411 783 1620 837 avidius
1652 799 1747 837 ex-

169 872 410 940 plorans.
464 872 853 927 animadvertit
910 874 1059 927 intus
1114 873 1318 943 grande
1376 874 1749 936 vestibulum.

168 964 305 1033 quod
322 976 515 1034 aperto
543 964 779 1035 desuper
804 966 966 1030 etelo,
1000 967 1200 1037 patulis
1246 966 1441 1021 diffusa
1470 968 1635 1021 ramis
1666 982 1753 1021 ve-

167 1066 248 1110 tus
277 1059 459 1126 palma
484 1069 822 1123 contexerat,
854 1059 1057 1114 fontem
1090 1061 1487 1118 lncidissimum
1527 1075 1547 1100 ο
1572 1073 1755 1116 osten-

1856 521 1973 559 esse
1998 505 2351 559 credentibus
2383 504 2510 574 [Μδ.
2549 503 2668 557 Ver.
2705 505 2948 557 credenti
2976 502 3013 575 ].

1924 599 1976 651 7.
2021 595 2179 649 .Etas
2212 595 2369 650 Pauli
2391 608 2435 647 et
2465 596 2691 648 Antonii.
2723 626 2791 636 —-
2825 595 2931 649 Sed
2961 606 3017 648 ut
3042 595 3109 648 ad
3144 595 3194 649 id
3228 596 3444 649 redeam

1857 692 1994 746 unde
2023 692 2300 761 digressus
2331 705 2475 751 sum,
2507 706 2626 740 eum
2654 689 2759 755 iam
2788 688 2812 723 δ
2837 700 3051 743 centum
3072 688 3331 742 tredecim
3360 706 3452 742 att-

1856 798 1954 837 uos
1985 784 2174 836 beatus
2198 782 2395 835 Paulus
2425 781 2589 834 vitam
2646 782 2924 833 cit-lestem
2956 789 3143 849 ageret
3179 782 3229 832 itt
3264 780 3447 841 terris,

1856 873 2319 943 etnonagenarius
2342 875 2392 927 in
2415 873 2517 927 alia
2543 873 2834 926 solitudine
2848 874 3118 926 Antonius
3142 882 3446 927 moraretur

1856 968 1955 1037 (ut
1982 966 2097 1035 ipse
2116 980 2361 1019 asserere
2390 963 2646 1033 solebat),
2687 966 2799 1017 haec
2850 966 2902 1017 in
2937 973 3173 1017 mentem
3215 964 3331 1032 ejus
3362 978 3452 1016 co-

1856 1058 2043 1125 gitatio
2088 1055 2296 1118 incidit,
2349 1055 2553 1108 nullum
2588 1054 2724 1107 ttltra
2757 1054 2769 1089 ί
2804 1070 2862 1107 se
2898 1052 3198 1121 perfectum
3256 1070 3450 1106 mona-

163 1148 295 1203 dens
327 1166 342 1203 :
376 1151 535 1217 cujus
557 1152 727 1205 rivum
760 1153 1137 1206 tantummodo
1176 1153 1321 1208 foras
1352 1162 1750 1221 erumpentem,

159 1244 345 1296 statim
372 1245 582 1298 modico
599 1245 886 1308 foramine,
914 1247 1102 1301 eadem
1131 1264 1254 1316 qua:
1278 1258 1562 1318 genuerat,
1582 1262 1750 1318 aquas

160 1343 297 1387 terra
350 1336 633 1390 Sorbehat.
692 1338 856 1390 Erant
908 1352 1166 1408 prmterea
1215 1355 1306 1408 per
1364 1356 1586 1395 exesum
1620 1340 1748 1411 [ΑΙ.

156 1439 386 1477 Saxeutn
424 1425 444 1497 j
480 1438 717 1481 montem
753 1428 896 1483 haud
928 1446 1097 1497 pauca
1122 1430 1449 1497 habitacula,
1479 1432 1531 1485 in
1561 1432 1754 1499 quibus

152 1518 360 1571 scabra:
384 1519 498 1586 jam
532 1521 755 1574 incudes
784 1530 839 1575 et
866 1523 1074 1588 mallei,
1100 1524 1298 1591 quibus
1325 1523 1550 1593 pecunia
1576 1522 1753 1591 signa-

154 1619 263 1669 tur,
296 1611 641 1665 visebantur.
666 1613 818 1666 llunc
852 1614 1027 1669 locum
1049 1614 1427 1686 .Egyptiorum
1453 1615 1646 1669 littera-
1672 1615 1750 1669 fe-

151 1711 295 1764 runt,
330 1701 588 1754 furtivam
625 1713 862 1757 moneta:
892 1703 1160 1759 officinam
1195 1707 1381 1771 fuisse,
1415 1721 1476 1760 ea
1507 1715 1751 1774 tempes-

150 1799 254 1844 tate
280 1807 388 1860 qua
416 1791 729 1862 Cleopatrae
751 1796 970 1864 junctus
992 1809 1075 1851 est
1099 1799 1384 1852 Antonius.

213 1884 266 1936 6.
312 1882 497 1952 Igitur
520 1885 775 1940 adamato
804 1888 979 1958 (quasi
1010 1888 1035 1924 ά
1068 1890 1208 1958 quod
1239 1906 1267 1943 a
1303 1890 1413 1944 Deo
1463 1890 1567 1945 sibi
1597 1890 1752 1945 olfer-

145 1981 335 2051 retur)
370 1982 716 2047 habitaculo,
742 2000 959 2040 Omnem
983 1987 1183 2042 ibidem
1214 1990 1266 2041 in
1291 1990 1651 2054 orationibus,
1701 1997 1755 2042 et

142 2080 453 2135 solitudine
509 2083 666 2135 duxit
694 2091 932 2135 aetatem.
964 2084 1153 2136 Cibum
1183 2096 1238 2139 et
1269 2087 1654 2139 vestimentum
1707 2088 1755 2139 ei

140 2180 325 2247 palma
364 2178 679 2247 praebebat.
716 2179 868 2243 Quod
894 2195 959 2233 ne
991 2182 1074 2233 cui
1102 2181 1435 2250 impossibile
1468 2183 1714 2236 videatur
1744 2224 1759 2248 ,

139 2278 336 2334 Jesum
378 2288 565 2334 testor
595 2289 647 2333 et
676 2292 892 2335 sanctos
940 2282 1158 2352 angelos
1204 2284 1320 2352 ejus
1347 2293 1369 2319 θ
1400 2285 1454 2338 in
1486 2300 1547 2339 ea
1591 2286 1759 2340 eremi

143 2390 317 2451 parte,
338 2395 479 2448 quae
498 2381 661 2448 juxta
684 2380 898 2452 Syriam
924 2382 1491 2453 Saracenisjungitttr,
1517 2392 1573 2438 et
1600 2386 1761 2439 vidis-

144 2497 198 2535 se
224 2497 315 2536 me
346 2480 687 2545 monachos,
730 2480 747 2518 τ
774 2492 829 2536 et
857 2483 1057 2548 videre,
1086 2501 1117 2539 e
1144 2485 1344 2554 quibus
1373 2501 1511 2541 unus
1544 2502 1639 2555 per
1664 2491 1759 2540 tri-

146 2584 291 2652 ginta
349 2597 535 2637 annos
594 2581 840 2645 clausus,
903 2583 1210 2637 hordeaceo
1242 2598 1383 2652 parte
1408 2595 1460 2637 et
1492 2584 1760 2639 lutulenta

150 2698 283 2753 aqua
340 2682 510 2743 vixit,
548 2682 690 2734 alter
720 2680 771 2734 in
800 2682 1033 2737 cisterna
1060 2683 1118 2754 θ
1139 2684 1306 2738 veteri
1338 2684 1537 2753 (quam
1570 2686 1757 2754 gentili

153 2797 408 2837 sermone
431 2782 564 2854 Syri
588 2793 615 2830 ε
647 2782 867 2839 ϐυιιΒΑιι
896 2794 1090 2840 vocant
1115 2784 1134 2855 )
1157 2788 1395 2858 quinque
1426 2788 1620 2842 caricis
1661 2805 1755 2857 per

158 2880 399 2951 singulos
425 2883 552 2937 dies
574 2885 1000 2939 sustentabatur.
1040 2884 1165 2941 Haec
1195 2887 1359 2956 igitur
1416 2888 1753 2942 incredibilia

1856 1150 2014 1203 chum
2043 1147 2162 1219 [AL
2182 1145 2603 1218 monachorum]
2623 1150 2673 1201 in
2702 1146 3245 1201 eremoeonsedisse.
3271 1146 3341 1199 At
3372 1145 3449 1199 illi

1859 1258 1951 1310 per
1979 1249 2192 1295 noctem
2219 1238 2519 1308 quiescenti
2554 1241 2851 1293 revelatum
2882 1250 2963 1293 est
3009 1253 3132 1291 esse
3168 1237 3335 1290 aliunt
3369 1237 3450 1291 in-

1859 1336 2025 1388 terius
2040 1333 2147 1403 [Αι.
2170 1332 2394 1385 ulterius
2416 1343 2460 1384 et
2480 1332 2531 1383 in
2554 1329 2737 1402 terris]
2778 1330 2951 1384 multo
2985 1344 3045 1382 se
3072 1328 3355 1382 meliorem
3383 1329 3447 1381 ad

1853 1445 2013 1495 quem
2038 1426 2319 1480 visendum
2339 1425 2563 1479 deberet
2588 1426 2881 1493 proficisci.
2923 1424 3077 1477 Illico
3124 1431 3444 1489 erumpente

1858 1521 1998 1582 luce,
2025 1515 2353 1570 venerabilis
2381 1530 2556 1570 senex
2592 1514 2836 1568 infirmos
2860 1525 3010 1567 artus
3034 1512 3228 1566 haequ
3260 1526 3452 1581 regen-

1860 1624 1908 1667 te
1940 1618 2275 1671 sustentans,
2312 1610 2453 1675 cepit
2483 1608 2562 1662 ire
2586 1608 2727 1662 velle
2757 1623 2865 1677 quo
2912 1606 3211 1660 nesciebat.
3248 1605 3313 1658 Et
3338 1604 3447 1673 jam

1858 1704 2035 1758 media
2065 1702 2184 1757 dies
2212 1713 2481 1771 eoqucnte
2513 1703 2746 1771 desuper
2769 1701 2885 1753 Sole
2907 1699 3168 1758 fervebat,
3225 1711 3324 1750 nec
3374 1707 3449 1749 tn-

1778 1798 1822 1856 B
1855 1813 1976 1851 men
2001 1812 2028 1848 a
2063 1804 2242 1863 coepto
2274 1794 2467 1848 itinere
2497 1793 2867 1849 abducebatur
2906 1790 3056 1863 [Vera
3090 1807 3183 1842 ms.
3217 1789 3451 1844 deduce-

1860 1890 2017 1942 batur
2040 1885 2057 1958 1
2084 1886 2271 1940 dicens
2305 1904 2316 1938 :
2344 1886 2518 1940 Credo
2550 1887 2603 1939 in
2638 1886 2807 1939 Deum
2857 1898 3059 1946 meum,
3090 1881 3234 1951 quod
3262 1884 3275 1929 t
3313 1881 3449 1933 olim

1858 1996 2203 2045 conservum,
2230 1995 2386 2048 quem
2422 1979 2553 2033 mihi
2585 1979 2856 2046 promisit,
2885 1977 3152 2031 osmndet.
3184 1975 3295 2029 Nec
3340 1975 3452 2044 pln-

1862 2088 1917 2123 ra
1944 2072 2051 2135 his,
2074 2071 2337 2136 conspicit
2363 2068 2480 2139 [AL
2510 2070 2881 2137 conSpicatur.
2926 2068 3043 2121 Ver.
3080 2084 3202 2131 ms.,
3228 2074 3449 2119 centau-

1864 2160 1963 2228 ro]
2008 2160 2282 2212 hominem
2338 2176 2476 2226 equo
2526 2162 2776 2218 mixtum,
2822 2162 2906 2212 cui
2959 2160 3143 2227 opinio
3172 2167 3453 2226 poetarum

1864 2249 1886 2287 ι
1914 2250 2354 2319 Hippocentauro
2388 2250 2708 2303 vocabulum
2739 2249 2949 2302 indidit.
3003 2249 3120 2315 Quo
3144 2248 3282 2312 viso,
3316 2247 3455 2300 salu-

1863 2341 1995 2394 taris
2030 2339 2389 2408 impressione
2420 2340 2556 2408 signi
2590 2349 2764 2393 armat
2796 2336 3027 2392 frontem
3063 2355 3073 2389 :
3110 2339 3175 2391 Et
3207 2337 3342 2390 heus
3376 2348 3453 2399 ttt,

1863 2432 2059 2499 inquit,
2108 2447 2339 2499 quanam
2369 2432 2421 2482 iit
2448 2440 2599 2497 parte
2626 2430 2714 2483 hic
2762 2444 2950 2483 servus
2996 2429 3087 2482 Dei
3119 2427 3358 2481 habitat?
3390 2429 3457 2479 At

1865 2522 1959 2576 ille
1982 2521 2273 2574 barbarum
2302 2522 2483 2574 nescio
2524 2521 2649 2589 quid
2698 2519 3045 2583 infrendens,
3097 2529 3151 2571 et
3198 2517 3457 2585 frangens

1859 2617 2039 2685 potius
2080 2614 2244 2669 verba
2272 2629 2433 2683 quant
2469 2613 2821 2681 proloquens,
2855 2611 2996 2665 inter
3026 2609 3304 2663 horrentia
3360 2624 3451 2661 ora

1868 2706 1884 2745 ¹
1912 2708 2066 2771 setis,
2088 2704 2343 2759 blandum
2372 2706 2627 2775 quaesivit
2654 2705 2973 2772 alloquium.
2994 2702 3315 2757 Etdexterm
3334 2718 3457 2769 pro-

1862 2799 2111 2853 tensione
2141 2812 2336 2851 manus
2364 2796 2602 2865 cupitum
2648 2794 2852 2848 indicat
2893 2795 3018 2860 iter,
3072 2804 3128 2847 et
3156 2792 3233 2845 sic
3266 2804 3453 2859 paten-

1864 2900 1940 2945 tes
1969 2890 2020 2960 ’1
2050 2902 2270 2957 campos
2324 2888 2527 2941 volucri
2572 2885 2953 2939 transmittens
3007 2883 3150 2953 fuga.
3182 2897 3250 2937 ex
3282 2883 3456 2936 oculis

233 3099 256 3126 η
295 3090 400 3145 Pro
421 3092 712 3164 subsistens
736 3099 845 3145 tres
864 3090 1081 3160 Reginae
1101 3090 1223 3146 libri
1242 3093 1583 3157 tantumdem,
1606 3109 1761 3164 quam
1794 3095 1837 3155 C
1872 3109 2032 3161 quam
2061 3092 2346 3147 lectionem
2363 3090 2538 3164 doctis
2560 3088 2783 3164 viris,et
2811 3088 3085 3155 pratcipue
3105 3084 3456 3164 Tillemontio

162 3175 344 3215 vocent
377 3163 554 3231 priori
582 3164 805 3215 minime
854 3156 1076 3215 exclusa
1110 3173 1355 3216 nostrum
1382 3156 1657 3232 exemplar
1681 3165 1759 3218 sic
1872 3156 2086 3234 probari
2121 3164 2353 3222 scimus;
2410 3160 2501 3215 sed
2536 3175 2641 3214 non
2674 3159 2811 3213 adeo
2851 3166 3170 3211 contextum
3200 3156 3453 3210 duximus

172 3233 399 3293 retinet,
430 3249 713 3305 rursusque.
759 3234 1037 3286 subsistens
1086 3236 1421 3299 tantumdem,
1452 3245 1603 3304 atque
1632 3235 1763 3287 idem

168 3305 497 3375 πεμφθείς.
534 3302 800 3369 Ms.Ver.,
833 3310 1109 3367 procedens
1133 3321 1407 3375 rursusque
1429 3302 1760 3359 tantumdem.

237 3373 261 3411 δ
302 3373 432 3428 M~s.
464 3375 683 3441 quidam
709 3376 955 3439 excisum,
981 3375 1068 3428 alii
1093 3376 1254 3429 etiam
1282 3373 1410 3429 editi
1440 3393 1665 3437 exesum,
1692 3378 1762 3429 al.

175 3452 451 3516 extensum.
484 3444 685 3499 Verum
729 3463 940 3498 saxeum
971 3456 1125 3499 voCat
1163 3445 1245 3500 ltie
1282 3448 1339 3500 S.
1371 3447 1528 3500 Pater
1554 3448 1766 3516 elegan-

173 3517 281 3568 tiss.
314 3515 615 3569 Sallustius
640 3519 691 3569 in
718 3516 999 3583 Jugurtha,
1030 3534 1079 3571 ο.
1112 3518 1215 3572 92:
1252 3515 1768 3571 Eratintercwte’ram

174 3587 429 3657 planitiem
471 3604 624 3640 mons
652 3602 834 3640 saccus
853 3629 866 3649 ,
898 3589 1139 3640 mediocri
1167 3588 1380 3641 castello
1413 3590 1537 3641 satis
1566 3601 1763 3657 patens.

174 3656 375 3721 Quibus
402 3659 612 3712 similia
655 3659 855 3712 habent
913 3658 1103 3711 Florus
1136 3674 1213 3718 ιιι,
1239 3674 1284 3711 c.
1324 3675 1361 3721 ι,
1390 3668 1444 3712 et
1470 3660 1766 3714 Frontinus

178 3741 247 3788 ttt,
280 3744 325 3781 c.
351 3729 403 3783 9.
437 3730 618 3783 Porro
651 3730 702 3781 itt
755 3729 1127 3797 sequentibus,
1176 3733 1440 3793 omnium,
1473 3745 1606 3799 quos
1640 3745 1769 3784 cou-

179 3798 410 3862 tulimus,
455 3814 597 3853 mss.
654 3798 815 3853 [idem
864 3809 1023 3868 atque
1046 3815 1371 3854 consensum
1400 3798 1551 3870 sequi
1580 3801 1769 3853 malui-

179 3882 324 3939 tuus;
358 3885 597 3939 peccare
623 3870 765 3923 enim
799 3871 1052 3924 videntur
1106 3872 1260 3924 nobis
1311 3871 1588 3939 hucusque
1639 3871 1768 3924 editi

179 3938 392 3992 intrusis
420 3940 753 4008 quibusdam
786 3942 1029 3999 vocibus,
1058 3959 1171 4007 qua-
1199 3938 1538 4009 aliuntatqne
1564 3945 1771 3995 incom-

178 4010 387 4083 modum
411 4026 640 4066 sensum
677 4011 926 4064 reddunt.
954 4012 1219 4083 Adcujus,
1256 4012 1522 4080 inquiunt,
1544 4015 1770 4065 radicem

180 4081 310 4153 baud
340 4083 527 4150 procul
549 4092 660 4153 erat
699 4083 907 4152 grandis
938 4081 1203 4153 spelunca,
1232 4100 1345 4153 qute
1370 4084 1540 4152 lapide
1566 4084 1769 4136 claude-

182 4149 343 4203 batur.
398 4154 454 4205 Itt
514 4152 637 4203 aliis
701 4149 849 4205 ἰιιεε.
917 4149 1056 4216 apud
1111 4149 1432 4219 Graviunt,
1468 4154 1766 4221 speluncam

183 4221 296 4295 cidit
330 4262 343 4285 ,
394 4225 558 4295 citius
602 4237 655 4273 os
712 4222 851 4295 timid
910 4225 1092 4293 grandi
1164 4223 1337 4295 lapide
1412 4222 1767 4277 claudebatur.

186 4290 295 4344 Mox
351 4291 525 4347 etiam
557 4333 569 4351 ,
632 4293 725 4343 sed
773 4290 977 4361 integro
1036 4290 1316 4361 utrobique
1347 4310 1506 4349 sensu
1554 4311 1774 4348 manen—

185 4371 270 4419 te,
318 4366 537 4415 variant
586 4362 829 4430 plerique
889 4378 1018 4415 mss.
1071 4375 1125 4417 ut
1174 4375 1243 4417 est
1296 4366 1549 4433 cupiditas
1607 4366 1773 4417 homi-

188 4448 299 4503 num
320 4435 525 4487 acidius
554 4437 755 4485 occulta
780 4450 1069 4503 agnoscere,
1087 4436 1443 4487 animadvertit
1473 4436 1628 4499 intus,
1662 4444 1767 4503 etc.

192 4502 463 4576 Veronen,
495 4503 697 4576 auidius
726 4502 926 4557 occulta
955 4521 1261 4576 εοᾳηοδειιτε
1292 4505 1522 4576 cupiens.

258 4581 295 4645 °_
324 4572 470 4626 istud
496 4574 768 4645 ostendens
813 4572 1100 4643 opponitur
1157 4574 1488 4645 pnecedenti
1535 4573 1777 4645 proxime

187 4642 353 4715 verbo
383 4653 703 4695 contexerat.
727 4642 902 4697 Palma
933 4642 1169 4712 Scilicet,
1194 4661 1316 4715 qua:
1355 4644 1576 4709 desuper
1616 4643 1778 4696 ramis

191 4712 521 4784 testihulum
552 4716 891 4783 contegebat,
944 4712 1237 4771 ostendebat
1267 4720 1334 4770 tle
1364 4716 1524 4784 plano
1553 4715 1778 4775 fontem,

190 4782 325 4856 idest
350 4786 527 4852 ip~n:n
567 4799 668 4838 non
698 4782 803 4839 tam
838 4788 1048 4842 sinebat
1075 4789 1269 4853 videri,
1298 4782 1456 4856 quam
1491 4786 1662 4853 positu
1684 4798 1782 4837 suo

194 4854 304 4921 ἱρςυ
328 4856 625 4909 iudicabat.
657 4860 959 4911 Anuotasse
991 4861 1039 4910 id
1088 4854 1347 4926 Oportuit,
1377 4871 1433 4910 ιιι
1462 4858 1594 4909 satis
1627 4856 1783 4909 ﬂeret

195 4940 387 4999 nupern
434 4928 627 4982 Severi
671 4930 893 4995 Sulpicii
923 4929 1140 4993 edituri,
1170 4930 1258 4999 qui
1290 4930 1463 4981 locum
1498 4929 1639 4999 hunc
1671 4942 1785 4999 om-

198 4996 316 5069 nino
331 5008 653 5067 corruptum
681 5007 835 5066 putat
858 5000 1088 5069 facitque
1118 4996 1465 5068 intelligendo
1480 5010 1537 5051 ut
1554 4997 1685 5051 nihil
1706 4998 1787 5050 in-

198 5067 406 5138 telligat.
438 5069 743 5123 Vernnens.
764 5086 865 5123 ms.
887 5067 1224 5124 decurtatum
1252 5067 1350 5122 hic
1368 5070 1515 5123 brevi
1534 5071 1786 5138 pericope

198 5137 383 5212 verbis,
412 5144 565 5212 cujus
598 5141 790 5212 vivant,
810 5153 944 5205 etc.,
971 5158 1092 5196 mox
1118 5152 1459 5208 erumpentem
1485 5142 1655 5193 statim
1681 5137 1785 5193 mo-

203 5207 669 5281 dicoforaniiue,et
692 5211 925 5280 denique
952 5230 1129 5281 aquas,
1154 5222 1360 5265 tantum
1387 5227 1492 5264 ttnn
1517 5212 1784 5280 improbo.

262 5278 287 5313 ά
326 5280 421 5333 Ms.
459 5281 693 5339 Verum.
724 5278 873 5348 quasi
904 5284 947 5334 si
971 5278 1005 5332 (ι’
1035 5282 1140 5336 Deo
1171 5282 1438 5348 oﬂerretur
1470 5278 1787 5337 habitacula.

214 5419 221 5428 _
271 5358 291 5381 “
326 5350 393 5428 ‘ln
436 5370 502 5428 ea
526 5352 689 5406 eremi
718 5363 895 5428 parte,
928 5358 1243 5428 qutejuata
1265 5354 1471 5428 Syriam
1513 5352 1790 5428 Saracenis

199 5422 435 5495 jungitur.
462 5424 575 5478 lloc
601 5423 769 5495 modo
792 5424 1018 5492 legimus
1047 5422 1096 5478 iit
1124 5422 1332 5478 duobus
1354 5426 1588 5495 antiquis
1609 5437 1791 5478 exem-

212 5493 429 5552 plaribus
467 5511 596 5548 mss.
641 5494 789 5546 unde
831 5507 1170 5564 eontpertuttt
1206 5496 1357 5549 nobis
1388 5503 1471 5547 est
1528 5494 1793 5562 Hierony-

212 5574 343 5613 tnnnt
365 5566 525 5620 vitam
558 5565 719 5619 Pauli
746 5566 983 5619 edidisse
1016 5568 1068 5619 in
1101 5581 1304 5619 eremo.
1447 5564 1716 5617 ΜΑιιτιΑιι.

281 5630 297 5669 ί
338 5632 555 5690 Comma
578 5636 726 5690 istud
754 5647 802 5689 et
833 5638 1003 5690 videre
1024 5653 1133 5691 non
1186 5635 1385 5688 habent
1423 5634 1529 5685 duo
1574 5632 1795 5702 Regium

220 5711 452 5783 ttissaqtii
483 5720 663 5783 tamen
689 5708 882 5783 _paulo
915 5719 1035 5783 post
1080 5722 1201 5763 eum
1260 5703 1583 5783 \icronensi,
1636 5714 1797 5771 atque

219 5771 328 5857 aliis
352 5771 402 5834 ιιι
429 5779 653 5837 instanti
687 5771 881 5853 legunt
905 5771 1045 5850 vivit,
1100 5789 1258 5854 atque
1289 5776 1427 5835 infra
1459 5784 1791 5840 sustentatur,

1869 3234 2282 3288 itttmutandttm.

1941 3316 1965 3352 8
2000 3306 2261 3367 Equidem
2289 3302 2523 3355 arbitror
2552 3315 2654 3353 ton
2678 3298 2899 3354 Gueaittt
2918 3298 3085 3367 Syros
3115 3297 3301 3364 gentili
3324 3311 3457 3367 ser-

1870 3391 2029 3429 mone
2050 3366 2253 3435 dicere,
2286 3373 2377 3426 sed
2404 3369 2855 3440 quemadmodum
2882 3366 3153 3440 Victorius
3182 3366 3461 3440 legitlt'un-

1866 3463 1969 3501 Bstt
1997 3489 2010 3510 ,
2067 3463 2186 3515 qum
2221 3459 2329 3515 vox,
2370 3438 2683 3504 cisternam,
2730 3441 2973 3515 lacunam
3027 3438 3461 3515 hisqueﬂsimiiia

1870 3508 2158 3585 significat.
2183 3514 2334 3583 Quod
2360 3524 2537 3567 autem
2566 3515 2724 3565 etiam
2756 3512 2806 3563 in
2830 3509 3033 3585 Jerem.
3065 3523 3185 3575 cap.
3221 3510 3254 3561 6
3300 3508 3463 3585 tradit

1871 3579 2115 3643 Gtihbant
2142 3579 2279 3657 Syro
2310 3593 2365 3657 et
2390 3584 2656 3657 Ilehraieo
2682 3596 2935 3657 sermone
2957 3583 3257 3657 cisternam-
3275 3579 3461 3646 υμνοι.

1872 3659 1990 3719 lari.
2021 3649 2517 3729 pronuntiationem
2544 3656 2801 3729 Syrorum
2841 3654 2920 3703 sni
2948 3651 3213 3729 temporis.
3233 3649 3464 3729 fortasse

1874 3720 2193 3797 reSpe'xerit,
2216 3736 2271 3779 et
2297 3727 2513 3797 quidem
2545 3743 2571 3777 a
2601 3723 2839 3797 Chaldeo
2869 3732 3001 3797 una
3025 3720 3216 3797 deduci
3270 3724 3459 3797 possit,

1872 3792 2012 3866 quod
2038 3800 2269 3861 luteam,
2304 3792 2358 3849 et
2385 3796 2558 3850 lacum
2584 3795 2874 3866 significat,
2909 3794 3002 3866 sed
3035 3792 3193 3866 nihil_
3220 3792 3329 3866 tale
3361 3806 3464 3849 vox

1875 3862 1960 3923 illa
1995 3871 2234 3941 Syriaee.
2263 3868 2315 3921 Id
2349 3882 2510 3941 porro
2534 3862 2695 3941 etiam
2726 3864 2926 3941 addere
2947 3864 3147 3941 placet,
3182 3862 3465 3941 huiusmo-

1872 3941 1923 3993 di
1968 3933 2285 3999 monachos.
2327 3940 2501 4007 quise
2545 3937 2800 3991 cisternis
2857 3933 3224 3992 includebant.
3275 3934 3466 3988 Graec

1873 4014 2208 4084 ὶγκλεξστουςᾉ
2224 4010 2511 4084 appellari.

1947 4081 1968 4117 δ
2013 4083 2158 4135 ldeut
2195 4072 2437 4132 his-frum
2464 4083 2575 4150 jam
2604 4077 2880 4150 centesimo
2924 4074 3070 4125 tertio
3102 4072 3302 4150 decimo
3346 4081 3471 4149 teta—

1876 4154 1939 4204 tis
1986 4167 2090 4204 sure
2140 4165 2275 4201 anno
2309 4140 2483 4211 vitam:
2532 4155 2665 4211 etc.,
2700 4147 2818 4216 ipso
2850 4144 3220 4215 przetermisso
3247 4140 3468 4196 nomine

1878 4222 2064 4275 Beatus
2088 4220 2307 4274 Paulus.

1957 4293 1968 4329 ί
2018 4292 2131 4347 Vox
2158 4294 2345 4344 isttia-c
2373 4291 2678 4360 perfectum,
2709 4302 2868 4360 quam
2890 4286 2939 4337 itt
2974 4283 3121 4360 nullo
3146 4295 3250 4360 tus.
3286 4296 3469 4360 exem-

1878 4363 2017 4432 plari
2047 4352 2549 4432 invettimtts,'lacile
2568 4352 2799 4425 expungi
2825 4364 3030 4432 posset,
3058 4354 3182 4432 nisi.
3206 4352 3349 4432 quod
3368 4362 3476 4405 sta-

1880 4423 1973 4487 iitn
2035 4434 2249 4493 subdit,
2294 4431 2590 4484 revelatum
2636 4423 2947 4479 esse'alium
2972 4424 3186 4477 ulterius
3216 4423 3393 4493 multo
3424 4438 3478 4476 ee

1804 4473 2164 4565 l)rr-teliorem,
2216 4474 2529 4567 suffragium
2585 4498 2980 4564 qualecumque
3037 4494 3283 4545 adderet.
3336 4491 3475 4545 Olim

1882 4588 1982 4627 nos
2020 4572 2342 4641 putabamus
2371 4571 2469 4638 legi
2504 4567 2701 4641 debere
2719 4568 3019 4641 profectum,
3053 4572 3111 4617 ut
3136 4576 3331 4641 sensus
3362 4571 3482 4641 tan-

1884 4655 1994 4695 tnnt
2020 4632 2187 4701 esset.
2216 4632 2448 4693 multum
2479 4639 2616 4692 ultra
2651 4632 2876 4691 Paulum
2910 4637 2959 4688 itt
2992 4636 3278 4688 interiores
3318 4632 3471 4702 peni-

1886 4714 2158 4781 tioresque
2182 4715 2349 4764 eremi
2377 4721 2554 4781 parte;
2594 4709 2893 4775 profecisse
2930 4723 2941 4757 :
2977 4706 3117 4773 quod
3152 4720 3478 4781 ttou__ttsque

1885 4782 2021 4836 adeo
2074 4776 2387 4849 probamus.
2432 4780 2699 4833 Malttmus
2737 4788 2915 4849 autem
2964 4792 3084 4830 cum
3141 4793 3242 4829 ms.
3276 4776 3477 4849 νει-(ιιι.

1888 4854 1987 4922 legi
2016 4845 2215 4904 nullum
2243 4850 2378 4902 ultra
2399 4848 2934 4922 semonaehorumin
2952 4863 3143 4922 eremo,
3171 4856 3276 4922 etc.
3300 4845 3486 4900 Tertio

1886 4915 1966 4976 διΙῖ
1985 4923 2085 4976 hoc
2111 4936 2266 4974 versu
2294 4935 2390 4987 pro
2432 4920 2633 4972 deberet
2679 4918 2935 4989 proﬁcisci
2978 4917 3139 4971 habet
3185 4915 3325 4970 idem
3375 4930 3479 4973 nis.

1889 5008 2166 5062 properare
2178 4990 2399 5043 deberet.

1967 5058 1997 5113 ι’
2031 5064 2276 5142 Quinque
2299 5074 2425 5113 mss.
2447 5059 2817 5142 quodservum
2838 5076 3187 5142 suum,_queut
3209 5058 3356 5142 mihi,
3375 5066 3482 5115 etc.

1891 5150 2051 5202 quam
2086 5135 2373 5187 lectionem
2405 5132 2567 5185 etiam
2603 5132 2869 5187 Victorius
2914 5134 3131 5205 probat,
3155 5134 3335 5205 priori
3363 5146 3487 5197 qua:

1893 5215 2021 5259 tunc
2076 5205 2370 5268 obtinebat,
2419 5213 2710 5273 expuncta,
2739 5206 2861 5274 quia
2912 5203 3047 5272 quod
3070 5203 3199 5259 mihi
3223 5218 3365 5258 servo
3394 5218 3488 5255 suo

1931 5288 2153 5329 romtstt.

1931 5295 2153 5329 romtstt.

1896 5295 1928 5346 ρ
1966 5347 1989 5384 ¹ί
2036 5348 2182 5404 Unus
2205 5363 2308 5401 ms.
2335 5354 2701 5400 ouocenlauro.
2729 5346 2803 5399 De
2830 5344 3139 5416 huiusmodi
3165 5338 3493 5416 aute_t_tt_t_ltta-

1897 5434 2015 5472 runt
2042 5421 2343 5489 specierum
2395 5428 2637 5489 monstro
2664 5418 2754 5489 alii
2780 5407 3081 5489 disputapt,
3116 5428 3233 5489 nec
3266 5407 3493 5489 difﬁcile

1896 5476 2103 5545 crediti]
2127 5490 2423 5544 ostendunt
2451 5502 2517 5542 ex
2547 5488 2683 5540 Plin.
2722 5487 2757 5538 I.
2791 5476 2884 5549 ut,
2908 5504 2956 5538 c.
2988 5486 3043 5549 '5,
3069 5476 3129 5537 et
3170 5476 3487 5534 Alexandro

1897 5561 1964 5614 ab
1993 5563 2283 5617 Alexandr.
2318 5563 2352 5612 Ι.
2376 5575 2455 5620 ιιι.
2491 5574 2540 5611 c.
2573 5560 2626 5610 8.
2660 5556 2779 5609 Vid.
2810 5570 2930 5630 pag.
2957 5572 3071 5630 seq.
3108 5552 3308 5630 Nunc.
3359 5619 3367 5627 ἱ

1975 5631 1987 5668 ι
2038 5634 2237 5687 Victor.
2263 5633 2417 5695 senis,
2443 5631 2530 5682 alii
2575 5630 2744 5690 satis;
2793 5627 2886 5678 sed
2933 5626 3112 5677 verius
3148 5626 3271 5674 setis
3322 5626 3496 5674 visunt

1898 5713 1978 5757 est
2013 5722 2025 5755 :
2056 5705 2195 5774 quod
2222 5719 2252 5757 e
2278 5703 2488 5757 duobus
2536 5716 2667 5752 mss.
2702 5696 3087 5762 expressimus.
