4074 6330
578 268 651 323 25
1822 257 1881 315 S.
1924 255 2188 315 EUSEBII
2227 252 2610 313 HIERONYMI
3786 248 3860 307 ει

570 376 818 435 mirantis
861 374 1101 431 evanuit.
1152 374 1355 430 Verum
1410 374 1529 428 hazc
1580 381 1761 427 utrum
1811 371 2062 427 diabolus
2091 371 2159 426 ad
2188 371 2443 436 Amonia
2488 369 2819 427 confluxere.
2866 369 3003 438 Quid
3050 383 3195 425 nunc
3220 368 3433 423 dictura
3478 369 3572 425 es?
3608 387 3627 421 ι
3659 368 3857 426 Bestia

578 470 890 527 terrendum
944 484 1069 525 eum
1120 468 1478 535 simulaverit,
1501 481 1572 522 an
1602 469 1705 536 (ut
1731 465 1874 521 solet
1901 466 1920 537 )
1947 480 2166 521 eremus

578 570 1057 621 monstruosorum
1125 561 1441 617 animalium
1490 560 1680 626 lerax,
1743 560 1900 615 istam
1952 573 2168 630 quoque

570 657 754 729 gignat
774 656 1029 722 bestiam,
1054 655 1319 711 incertum
1342 654 1621 710 habemus.

652 751 708 807 8.
752 747 928 803 Fauni
954 759 1001 803 et
1032 748 1230 820 Satyri.
1263 747 1486 817 Satyrus
1514 745 1705 800 allatus
1746 746 1887 800 vivus
1938 745 2168 799 Alexan-

579 841 769 895 driam.
798 868 869 881 —-
898 840 1132 909 Stupens
1184 838 1363 907 itaque
1412 836 1700 900 Antonius,
1758 846 1813 891 et
1838 834 1905 889 de
1928 850 1996 891 eo
2024 834 2169 905 quod

580 933 793 990 viderat
819 947 1001 987 secum
1029 931 1274 997 volvens,
1304 938 1331 967 κ
1358 929 1587 984 ulterius
1632 927 2019 1000 progreditur[
2048 926 2167 981 Ver.

584 1043 683 1081 ms.
712 1025 1127 1097 regrediebatur
1147 1024 1189 1097 ].
1220 1023 1331 1080 Nec
1357 1037 1531 1089 mora,
1565 1024 1709 1078 inter
1735 1037 1986 1077 saxosam
2040 1035 2171 1076 con-

582 1120 779 1176 vallem
828 1120 969 1175 haud
1001 1119 1260 1190 grandem
1308 1116 1696 1172 homunculum
1744 1115 1913 1179 videt,
1948 1114 2171 1169 aduncis

582 1214 829 1280 naribus,
877 1212 1057 1267 fronte
1101 1211 1358 1267 cornibus
1405 1219 1694 1279 asperata,
1738 1206 1891 1277 cujus
1929 1215 2171 1261 extrema

576 1322 701 1377 pars
753 1306 998 1374 corporis
1047 1305 1099 1359 in
1145 1316 1428 1372 caprarum
1481 1300 1646 1371 pedes
1676 1300 1981 1356 desinebat.
2020 1297 2048 1337 δ
2079 1297 2162 1352 Ad

575 1398 682 1453 hoc
720 1397 986 1453 Antonius
1011 1394 1399 1467 spectaculum,
1456 1403 1665 1447 scutum
1718 1391 1841 1447 ﬁdei
1865 1400 1918 1445 et
1948 1390 2171 1445 loricam

577 1489 717 1560 Spei,
752 1499 808 1542 ut
836 1489 1011 1543 bonus
1040 1487 1313 1557 praeliator
1358 1485 1627 1555 arripuit:
1656 1482 2012 1537 nihilominus
2060 1495 2177 1536 me-

585 1594 855 1637 moratum
884 1579 1110 1646 animal,
1142 1579 1442 1647 palmarum
1480 1575 1688 1631 fructus
1714 1574 1891 1629 eidem
1918 1573 1985 1627 ad
2020 1573 2177 1626 viati-

583 1688 731 1738 cum,
779 1672 937 1744 quasi
963 1672 1111 1742 pacis
1137 1669 1379 1735 obsides,
1403 1668 1669 1723 offerebat
1692 1666 1815 1739 [ΑΙ.
1848 1664 2110 1720 atl‘crehat
2128 1662 2170 1736 ].

2269 458 2545 515 Christum
2572 460 2887 532 loquuntur,
2923 469 2947 497 ε
2979 471 3034 515 et
3066 469 3122 515 tu
3156 475 3253 531 pro
3278 459 3389 515 Deo
3422 469 3673 531 portenta
3691 475 3861 516 vene-

2270 554 2427 608 raris.
2454 552 2692 608 Necdum
2725 553 2891 609 verba
2920 554 3311 623 compleverat,
3341 562 3397 609 et
3420 554 3573 625 quasi
3599 555 3863 625 pennige-

2271 661 2333 702 ro
2364 646 2542 701 Volatu
2568 646 2842 715 petulcum
2870 645 3072 700 animal
3095 646 3322 716 aufugit.
3350 645 3463 700 Hoc
3486 644 3591 701 fne
3608 646 3861 717 cuiquam

2270 739 2339 795 ad
2389 740 2822 795 incredulitatem
2878 740 3191 809 scrupulum
3264 748 3523 807 moveat,
3576 741 3677 795 sub
3734 754 3865 811 rege

2273 842 2297 879 Β
2319 832 2657 897 Constantio,
2692 833 2942 887 universo
2969 832 3169 887 mundo
3194 841 3351 898 teste,
3375 832 3703 887 defenditur.
3730 833 3866 889 Nam

2270 923 2657 979 Alexandriam
2690 924 2992 979 istiusmodi
3028 925 3193 979 homo
3229 924 3384 978 vivus
3410 922 3724 995 perductus,
3754 940 3870 979 ma-

2270 1033 2432 1089 gnum
2458 1016 2661 1087 popqu
2686 1017 3058 1086 spectaculum
3092 1018 3324 1087 prashuit
3358 1034 3371 1070 :
3404 1028 3459 1072 et
3495 1028 3681 1086 postea
3704 1018 3873 1073 cada-

2270 1124 2366 1164 ver
2391 1109 2664 1176 exanime,
2696 1125 2763 1165 ne
2795 1109 2979 1165 calore
3002 1110 3211 1165 aestatis
3238 1108 3619 1179 dissiparetur,
3649 1109 3769 1165 sale
3790 1110 3873 1166 ins

2274 1203 2393 1257 fuso
2422 1200 2443 1274 [
2472 1201 2584 1256 Ver.
2608 1218 2707 1255 ms.
2741 1202 2969 1257 inlusam
3002 1200 3119 1273 et],
3144 1200 3489 1257 Antiochiam
3524 1209 3584 1256 ut
3608 1202 3677 1257 ab
3697 1201 3873 1273 Impe-

2275 1306 2458 1353 ratore
2489 1295 2786 1365 videretur,
2805 1297 3032 1352 allatum
3056 1306 3162 1352 est.

2346 1388 2399 1444 9.
2446 1388 2551 1444 Sed
2583 1398 2641 1442 ut
2685 1390 3020 1459 propositum
3055 1404 3373 1461 persequar.
3401 1390 3669 1447 Antonius
3699 1391 3725 1428 "-
3756 1406 3874 1449 coe-

2276 1493 2421 1555 ptam
2460 1485 2739 1556 regionem
2782 1487 3065 1557 pergebat,
3111 1483 3345 1540 ferarum
3396 1494 3605 1540 tantum
3646 1486 3873 1557 vestigia

2276 1577 2515 1643 intuens,
2539 1585 2595 1632 et
2618 1579 2787 1632 eremi
2822 1578 2983 1633 latam
3012 1577 3342 1632 vastitatem.
3372 1576 3515 1645 Quid
3539 1586 3747 1645 ageret.
3767 1593 3875 1647 quo

2278 1676 2515 1725 verteret
2556 1669 2808 1739 gradum,
2857 1668 3156 1725 nesciebat.
3203 1668 3321 1724 Jam
3367 1669 3537 1723 altera
3586 1667 3873 1725 efﬂuxerat

590 1767 711 1836 Quo
731 1768 971 1836 cognito,
1018 1764 1243 1833 gradum
1290 1762 1487 1833 pressit
1523 1760 1810 1823 Antonius,
1837 1765 1893 1813 et
1921 1758 2171 1827 quisnam
2203 1757 2249 1816 B
2277 1760 2416 1816 dies.
2468 1759 2723 1815 Restabat
2767 1775 2937 1815 unum
2964 1801 2981 1825 ,
3023 1769 3081 1815 ut
3131 1759 3311 1815 deseri
3346 1774 3407 1814 se
3436 1774 3466 1813 a
3496 1756 3712 1814 Christo
3766 1775 3873 1815 non

584 1869 731 1917 esset
771 1859 1134 1928 interrogans,
1178 1855 1281 1909 hoc
1331 1853 1397 1909 ab
1431 1867 1499 1908 eo
1544 1866 1864 1921 responsum
1911 1849 2171 1918 accepit:

590 1970 608 2004 σ
644 1961 665 1989 ο
689 1950 930 2005 Mortalis
953 1962 1055 2017 ego
1084 1962 1225 2009 sum,
1251 1952 1307 2000 et
1326 1958 1466 1999 unus
1488 1958 1553 1997 ex
1583 1941 1783 1996 accolis
1810 1940 2002 2003 eremi,
2035 1952 2173 2009 quos

583 2045 735 2099 vario
756 2042 946 2098 delusa
968 2054 1155 2095 errore
1179 2037 1467 2093 Gentilitas
1484 2076 1500 2102 ,
1531 2034 1747 2089 Faunos
1767 2075 1781 2100 ,
1814 2033 2171 2104 Satyrosque,

584 2148 640 2195 et
676 2137 907 2194 lncubos
937 2132 965 2171 ἀ
994 2148 1193 2189 vocans
1233 2132 1383 2186 colit.
1431 2128 1729 2200 Legatione
1749 2126 1947 2198 iungor
1991 2126 2171 2197 gregis

583 2231 713 2288 mei.
740 2230 1031 2286 Precamur
1052 2236 1111 2282 ut
1135 2242 1235 2299 pro
1286 2226 1443 2280 nobis
1487 2236 1833 2279 communem
1880 2220 2172 2276 Dominum

580 2323 919 2394 depreceris,
972 2334 1130 2389 quem
1185 2319 1238 2372 in
1262 2315 1284 2388 [
1306 2316 1427 2370 Ver.
1481 2324 1609 2368 tacet
1638 2328 1796 2383 quem
1828 2310 1915 2382 in]
1943 2312 2173 2365 salutem

582 2417 774 2473 mundi
805 2415 934 2470 olim
958 2412 1174 2468 venisse
1216 2410 1607 2482 cognovimus;
1654 2417 1709 2462 et
1753 2406 1809 2461 in
1863 2406 2171 2462 universam

580 2520 784 2567 terram
801 2509 1111 2565 exiitsonus
1137 2505 1313 2573 ejus.»
1345 2502 1495 2558 Talia
1518 2518 1584 2557 eo
1600 2502 1876 2572 loquente,
1894 2500 2173 2571 longaevus

580 2603 757 2659 viator
781 2600 1014 2656 ubertim
1038 2598 1233 2653 faciem
1267 2595 1522 2666 lacrymis
1551 2595 1784 2664 rigabat,
1811 2607 1946 2661 quas
1964 2591 2176 2660 magni-

577 2698 710 2754 tudo
768 2694 969 2750 laetitiaa
1039 2692 1247 2746 indices
1314 2687 1495 2743 cordis
1549 2686 1833 2739 elluderat.
1890 2682 2175 2738 Gaudebat

583 2790 784 2858 quippe
831 2785 900 2839 de
959 2782 1162 2836 Christi
1183 2780 1377 2849 gloria,
1405 2787 1461 2832 et
1486 2776 1556 2831 de
1582 2775 1801 2830 interitu
1826 2774 2177 2830 Satanamsi-

581 2880 809 2947 mulquc
830 2876 1126 2939 admirans,
1152 2870 1295 2941 quod
1318 2871 1438 2938 ejus
1489 2877 1674 2937 posset
1719 2866 2025 2937 intelligere
2066 2881 2176 2921 ser-

583 2984 826 3034 monem,
851 2976 907 3021 et
927 2965 1118 3019 hacqu
1138 2961 1362 3017 humum
1391 2957 1723 3029 percutiens,
1765 2958 1944 3013 aiebat
1973 2974 1986 3011 :
2023 2975 2042 3009 ι
2082 2957 2177 3012 Va:

579 3064 702 3127 tibi,
736 3056 1082 3124 Alexandria,
1113 3069 1233 3125 quae
1256 3067 1353 3123 pro
1401 3051 1515 3107 Deo
1561 3058 1812 3120 portenta
1852 3048 2154 3105 veneraris.

2279 1866 2439 1919 posse
2468 1853 2786 1909 conﬁderet.
2814 1852 3026 1907 Pernox
3045 1850 3312 1906 secundas
3337 1850 3391 1905 in
3421 1852 3666 1907 oratione
3696 1852 3876 1922 exegit

2276 1943 2563 1999 tenebras:
2596 1953 2650 1998 et
2671 1943 2831 1998 dubia
2855 1943 3031 1998 adhuc
3058 1944 3200 2010 luce,
3231 1941 3245 1979 ί
3280 1941 3422 1997 haud
3476 1944 3665 2015 procul
3699 1944 3876 1998 intue-

2279 2046 2367 2091 tur
2394 2037 2574 2107 lupam
2628 2038 2748 2092 sitis
2789 2036 3081 2092 ardoribus
3140 2035 3507 2103 anhelantem,
3539 2037 3607 2092 ad
3636 2037 3875 2093 radicem

2281 2131 2484 2186 montis
2516 2131 2775 2201 irrepere.
2804 2130 2975 2198 Quam
3004 2139 3227 2187 secutus
3248 2131 3444 2196 oculis,
3493 2141 3547 2186 et
3565 2131 3719 2201 juxta
3751 2146 3877 2202 spe-

2274 2223 2490 2279 luncam
2516 2264 2531 2288 ,
2572 2239 2694 2278 eum
2736 2223 2847 2279 l‘era
2897 2223 3147 2287 ahiisset,
3204 2223 3489 2288 accedens,
3536 2225 3682 2279 intro
3708 2224 3877 2292 cmpit

2277 2317 2523 2385 aspicere
2546 2314 2699 2387 [Ven
2732 2332 2829 2369 ms.
2884 2316 3049 2385 coepit
3076 2312 3458 2385 intrOSpicere]
3486 2334 3498 2367 :
3530 2315 3663 2370 nihil
3694 2316 3879 2370 curio-

2277 2409 2439 2464 sitate
2464 2407 2799 2477 proliciente,
2816 2407 3057 2463 tenebris
3082 2406 3394 2461 arcentibus
3415 2408 3609 2459 visum.
3632 2404 3645 2454 i
3675 2404 3874 2461 Verum

2279 2511 2336 2557 ut
2358 2501 2640 2571 Scriptura
2668 2500 2764 2566 ait,
2794 2502 3022 2569 perfecta
3044 2498 3252 2551 dilectio
3278 2497 3424 2565 {oras
3454 2496 3609 2548 mittit
3640 2495 3875 2550 timorem

2278 2591 2332 2661 (1
2353 2591 2514 2646 Joan.
2550 2607 2625 2655 tv,
2659 2591 2773 2660 i8),
2806 2604 3074 2659 suspenso
3114 2587 3285 2657 gradu
3313 2597 3369 2642 et
3398 2588 3640 2643 anhelitu
3673 2595 3877 2658 tempe-

2278 2682 2475 2746 rato.k
2502 2682 2733 2737 callidus
2781 2681 3098 2752 explorator
3153 2680 3455 2750 ingressus.
3498 2694 3562 2735 ac
3613 2680 3873 2751 paulatim

2280 2776 2662 2847 progrediens.
2692 2775 2999 2845 saepiusque
3027 2774 3329 2828 subsistens
3375 2787 3570 2827 sonum
3610 2787 3745 2828 aure
3790 2787 3875 2827 ca-

2283 2869 2486 2939 ptabat.
2516 2868 2759 2924 Tandem
2780 2884 2875 2938 per
2893 2882 3053 2923 caeca:
3072 2868 3246 2923 noctis
3274 2866 3558 2922 horrorem
3580 2867 3767 2936 procul
3790 2866 3871 2921 lu-

2281 2978 2405 3018 men
2436 2962 2684 3028 intuitus,
2714 2963 2839 3018 dum
2882 2962 3097 3018 avidius
3125 2971 3402 3033 properat,
3430 2962 3487 3034 θ
3530 2959 3548 2999 ι
3582 2961 3793 3018 oll‘euso
3817 2962 3874 3017 in

2282 3054 2515 3125 lapidein
2552 3055 2710 3125 pede,
2741 3058 3027 3125 strepitum
3075 3055 3373 3112 concitavit
3408 3065 3569 3124 :post
3597 3057 3751 3121 cujus
3782 3067 3870 3108 so-

579 3154 677 3211 Va:
704 3151 823 3217 tibi,
847 3151 905 3222 3
933 3148 1129 3203 civitas
1149 3144 1405 3201 meretrix
1436 3142 1488 3197 in
1517 3156 1678 3212 quam
1703 3141 1867 3197 totius
1889 3142 2039 3199 orbis
2055 3142 2169 3200 dze-
2201 3134 2246 3198 C
2277 3147 2450 3202 nitum
2474 3148 2664 3204 beatus
2683 3148 2881 3204 Paulus
2905 3148 3103 3204 ostium
3144 3146 3289 3217 quod
3321 3146 3541 3217 patebat
3583 3144 3874 3202 occludens

646 3306 673 3334 η
715 3294 833 3349 Duo
858 3289 1016 3346 codd.
1041 3288 1243 3353 Vatic.,
1267 3285 1483 3339 celerius
1504 3282 1945 3355 progrediebatur.

646 3366 677 3406 ι’
719 3366 1009 3430 litterisque
1056 3359 1246 3413 vitiose
1289 3356 1537 3430 obtinuit,
1580 3356 1944 3425 Infractusque
1970 3364 2018 3408 et
2068 3356 2165 3430 hoc

582 3437 836 3496 Antonius
877 3426 1192 3503 spectaculo,
1243 3442 1365 3482 cum
1399 3426 1579 3503 nullus
1609 3436 1788 3478 tamen
1820 3440 1923 3503 ms.
1948 3438 2004 3479 ut
2028 3428 2169 3503 mul-

580 3494 693 3567 tum
721 3512 862 3562 inter
884 3494 943 3559 se
972 3502 1202 3565 varient,
1226 3512 1413 3553 vocem
1442 3494 1808 3567 Infractusque
1839 3497 2054 3551 haheat.
2079 3497 2169 3553 Se.

577 3566 793 3654 quimur
836 3577 924 3654 hic
964 3576 1195 3654 alterum
1218 3570 1467 3654 Regium,
1496 3569 1611 3654 sive
1634 3566 2167 3654 baglAliigattonitus

580 3636 681 3723 pro
729 3648 994 3723 Antonius
1020 3646 1222 3723 legunt,
1274 3636 1503 3723 fortasse
1550 3636 1862 3723 veriushac
1894 3640 2079 3695 serie:
2112 3643 2165 3723 i‘n

580 3708 853 3788 caprarum
897 3718 1047 3782 pedes
1076 3708 1386 3788 desinebat;
1407 3719 1451 3763 et
1482 3708 1578 3788 hoc
1600 3709 1848 3788 attonitus
1873 3712 2166 3788 spectaculo

579 3780 782 3849 scutum
803 3780 927 3859 ﬁdei
950 3788 1111 3859 bonus
1138 3781 1404 3859 praeliator
1428 3780 1672 3847 arripuit,
1700 3780 1863 3833 verba
1913 3784 2059 3859 enim
2084 3782 2161 3835 in-

578 3853 843 3926 terposiia
863 3864 887 3920 .‘
911 3871 956 3912 et
983 3856 1201 3910 loricam
1229 3853 1462 3926 spei,_ut,
1510 3864 1617 3905 non
1648 3861 1967 3920 agnoscunt.
1999 3853 2126 3909 Ver.
2146 3896 2161 3921 ,

577 3943 629 3990 et
656 3922 753 3987 hoc
774 3930 1019 3985 attonitus
1037 3942 1101 3981 ea:
1123 3922 1436 3995 spectaculo.

655 4015 677 4043 ο
722 4003 868 4057 Hauc
890 4000 957 4053 de
981 3991 1187 4061 Fauno,
1242 3996 1502 4065 Satyrove
1532 3991 1889 4065 liistnriolam.
1919 4009 2038 4064 qua:
2068 3996 2163 4050 be-

576 4076 743 4146 nigno
770 4075 973 4146 lectore
1004 4069 1247 4138 indigere
1280 4062 1547 4146 videatur.
1594 4062 1793 4146 faciunt
1820 4062 1989 4146 multa
2021 4066 2163 4135 apud

575 4136 715 4202 alios
737 4142 1088 4214 gravissimos
1118 4136 1368 4214 auctores
1394 4136 1703 4214 testimonia
1718 4136 2158 4214 probabiliorem.

566 4205 851 4285 Augustin.
888 4214 981 4266 lib.
1016 4226 1085 4264 xv
1114 4212 1181 4263 de
1212 4206 1304 4285 Dei
1326 4222 1375 4285 c_.
1400 4206 1531 4285 :23:
1564 4205 1901 4285 Celeberrima
1925 4210 2066 4274 fama
2087 4219 2161 4285 est

565 4278 815 4352 multique
838 4300 894 4337 se
918 4290 1174 4354 expertos,
1205 4278 1283 4333 vel
1303 4278 1366 4330 ab
1392 4278 1455 4330 iis
1485 4278 1574 4347 qui
1618 4278 1813 4354 experti
1859 4288 2045 4354 essent,
2096 4281 2160 4334 de

606 4348 791 4411 uorum
832 4355 939 4424 fide
971 4348 1320 4424 dubitandum
1344 4364 1445 4401 non
1468 4357 1562 4424 est,
1590 4348 1837 4424 _audi_isse
1862 4348 2154 4424 affirmant,

606 4374 791 4411 uorum
832 4374 939 4424 [lae
983 4374 1320 4405 alwuunuum
1344 4374 1445 4401 ιιυη
1468 4374 1562 4413 εει,
1611 4374 1837 4400 uuuuuc
1862 4374 2154 4417 ulprmunt,

568 4374 835 4489 gilaanos,
886 4435 933 4478 et
963 4421 1197 4482 Faunos,
1243 4436 1371 4489 quos
1396 4420 1547 4488 vulgo
1582 4417 1807 4471 Incubo:
1830 4430 2031 4481 vocant,
2059 4420 2157 4473 im-

570 4500 785 4571 probos_
804 4495 1067 4571 exstitisse
1103 4489 1423 4571 mulieribus.
1455 4489 1654 4571 lterum
1690 4489 1909 4571 llieron.
1938 4492 2000 4571 in
2030 4490 2154 4545 lsai.

572 4559 665 4625 'xiti
701 4587 716 4623 :
750 4566 936 4628 Pilosi.
980 4566 1057 4618 vel
1112 4561 1403 4616 Incubones
1428 4601 1443 4623 ,
1483 4559 1860 4629 vel_Satyro§
1905 4561 2157 4617 silvestres

571 4641 822 4709 quosdam
850 4627 1101 4709 homines.
1118 4649 1258 4709 _quos
1282 4630 1520 4709 nonnulli
1548 4627 1788 4709 Faunos.
1809 4627 2047 4709 icarios
2070 4649 2157 4687 tto-

574 4699 713 4764 eant.
748 4708 903 4762 Paria
930 4705 1087 4760 habet
1117 4704 1406 4772 Eutropius
1433 4700 1529 4756 lib.
1563 4712 1703 4755 xuet
1723 4699 1957 4754 Isidorus
1986 4703 2079 4757 lib.
2102 4720 2160 4759 ιι

574 4779 877 4846 Originum.
910 4777 1236 4846 Plerumque
1262 4786 1441 4846 autem
1467 4772 1753 4846 Dietnoues
1783 4772 2008 4846 exvtilgi
2040 4789 2165 4830 sen-

574 4867 639 4908 su
666 4842 833 4906 ﬁnisse
853 4842 1169 4905 creduntur:
1197 4844 1505 4900 Heraclitus
1535 4843 1605 4898 de
1632 4842 2076 4907 lucreilibilihus,
2108 4862 2159 4900 c.

572 4922 666 4987 25,
690 4922 857 4977 fuisse
878 4930 1168 4992 montanos
1194 4918 1444 4971 homines
1460 4924 1663 4992 narrat,
1681 4916 1881 4992 τράγων
1893 4913 1946 4969 δέ
1962 4924 2163 4992 τρῖχας·

571 4999 662 5050 καὶ
711 4995 866 5052 σκελή
908 4990 1461 5062 ἔχειν,1ιίτεονψηᾳμε
1510 4987 1642 5062 pilos
1700 4987 1887 5062 habere
1910 4987 2162 5062 et__¢':rura.

571 5065 670 5120 His
696 5057 1035 5128 laudatisque
1088 5057 1413 5128 praecedenti
1444 5061 1695 5128 columna
1750 5058 2082 5113 Auctoribus
2111 5061 2162 5115 in

571 5134 717 5189 hanc
768 5147 915 5188 rem.
945 5126 1099 5183 adde
1137 5126 1478 5199 Plutarchum
1528 5128 1580 5180 in
1614 5127 1738 5199 Vita
1776 5128 1939 5195 Sylla:
1960 5173 1974 5197 ,
2006 5145 2165 5199 quem

568 5207 648 5261 ait
694 5217 863 5273 prope
901 5198 1252 5273 Dyrrachium
1278 5198 1479 5273 vidisse
1506 5196 1680 5273 oculis
1706 5212 1771 5252 ac
1792 5196 2156 5255 lustrassecu-

568 5268 751 5332 riostts
802 5268 983 5326 vivum
1030 5269 1280 5339 Satyrum
1314 5268 1642 5339 hujusmodi,
1670 5283 1903 5336 eumque
1931 5285 2055 5326 esse
2082 5274 2159 5326 al-

570 5347 835 5409 locutum,
868 5341 1084 5398 tametsi
1118 5337 1365 5410 nequiret
1396 5340 1484 5392 ille
1508 5337 1963 5410 lorinare_verha,
2001 5342 2156 5410 cujus

572 5433 678 5473 vox
710 5408 979 5471 hinnitum
1009 5410 1156 5482 equi,
1174 5408 1431 5482 authirci
1447 5408 1929 5482 souumirelerret.
1959 5408 2156 5482 Dicun-

567 5497 658 5544 tur
683 5500 736 5544 et
766 5481 1153 5545 Tertullian’us,
1181 5491 1237 5536 et
1268 5481 1532 5541 Justinus.
1550 5491 1605 5535 et
1630 5481 1953 5550 Cyprianus,
1982 5481 2153 5540 Athe-

569 5574 823 5630 nagoras,
847 5555 1102 5630 Clemens
1124 5550 1901 5630 A_Iexand_rii_ius,_Lactaotius,
1954 5551 2153 5608 Aucto-

568 5622 671 5683 res'
682 5627 1056 5690 eruditissimi,
1088 5623 1394 5687 huiusmodi
1421 5622 1615 5677 fahula:
1636 5636 1823 5676 aurem
1848 5636 2152 5680 accommo-

570 5698 751 5766 dasse,
782 5713 985 5766 eosque
1010 5697 1237 5768 Satyros
1264 5703 1576 5768 pu_tasse_ex
1602 5692 1826 5768 Angelis
1859 5696 2153 5768 rebellibus

570 5763 746 5839 esse,
792 5763 929 5839 quos
982 5763 1141 5822 terri's
1201 5763 1458 5822 ineubare
1490 5763 1630 5820 Deus
1652 5765 1850 5821 vindex
1895 5764 2150 5835 jusserit,

2269 3286 2391 3341 aliis
2421 3287 2473 3341 in
2505 3302 2651 3348 aere.
2674 3286 2797 3341 aliis
2847 3286 2902 3340 in
2957 3284 3176 3340 lnl‘erno
3224 3296 3343 3337 esse
3392 3282 3619 3337 coactis.
3683 3280 3873 3338 Omnis

2272 3367 2388 3413 arte
2446 3356 2797 3412 Ethnicoruin
2836 3356 3026 3426 religio
3053 3354 3325 3409 communi
3352 3367 3624 3426 consensu
3653 3366 3874 3426 e_o.s_pro

2272 3428 2378 3483 diis
2408 3430 2522 3483 sive
2559 3428 2818 3483 semideis
2858 3421 3067 3481 habuit.
3118 3426 3398 3479 Praetereo
3429 3424 3634 3476 insulsa
3670 3421 3874 3479 Rabbi-

2274 3516 2469 3554 norum
2501 3509 2835 3565 commenta,
2868 3506 2924 3553 et
2954 3512 3077 3551 cum
3111 3496 3303 3563 primis
3329 3492 3394 3546 R.
3428 3492 3737 3561 Abraham,
3782 3496 3877 3565 qui

2272 3585 2430 3625 veras
2461 3580 2740 3627 creaturas
2762 3571 2829 3624 de
2851 3566 3251 3634 Omnipoteutis
3279 3581 3438 3619 manu
3470 3579 3614 3630 esse,
3641 3566 3735 3619 sed
3768 3568 3872 3619 iiii-

2274 3642 2543 3712 perleCIas
2568 3643 2779 3697 censuit
2803 3640 3034 3712 eoquod
3060 3653 3182 3712 eum
3216 3638 3334 3712 illas
3389 3636 3534 3712 Deus
3586 3636 3871 3712 conderet,

2273 3708 2653 3782 deprehensus
2684 3721 2845 3767 nocte
2874 3708 3137 3768 Sahhatlti
3169 3709 3344 3764 uoluit
3366 3709 3613 3763 ultimam
3634 3708 3715 3762 eis
3754 3722 3873 3762 mtt-

2277 3800 2402 3855 uurn
2438 3788 2738 3855 imponere.

2346 3854 2372 3891 ἀ
2413 3851 2598 3912 Nostri
2626 3854 2787 3911 codd.
2820 3853 2952 3908 illud
2982 3868 3171 3907 vocans
3209 3866 3313 3906 non
3340 3851 3561 3906 habent.

2346 3936 2368 3963 ε
2407 3928 2599 3983 lsttuec
2616 3927 2915 3995 superioris
2967 3923 3252 3979 sententia-
3303 3923 3583 3991 repetitio,
3615 3929 3674 3995 et
3690 3929 3743 3973 tu
3774 3938 3870 3991 pro

2269 3997 2381 4051 Deo
2425 3991 2994 4070 portenta'ueneraris,
3046 3995 3098 4049 in
3134 3996 3337 4049 nostris
3365 4009 3497 4049 mss.
3524 4008 3632 4048 non
3660 3991 3873 4047 iuveni-

2272 4078 2378 4124 tur.

2347 4139 2367 4178 ί
2411 4139 2538 4194 Mss.
2569 4158 2631 4195 ne
2652 4140 2736 4195 cui
2758 4139 2825 4194 ad
2856 4137 3272 4193 incredulitatem
3296 4135 3418 4209 (vel
3444 4134 3870 4205 incredulitatis)

2270 4210 2595 4280 scrupulum.

2345 4293 2368 4329 κ
2396 4274 2580 4337 Ἀηιεα
2612 4290 2729 4337 erat
2773 4280 3110 4336 Constantino
3156 4295 3278 4334 cum
3310 4278 3542 4347 vulgatis
3567 4274 3867 4346 plerisque.

2268 4351 2339 4405 At
2366 4352 2492 4407 Mss.
2527 4352 2697 4408 nostri
2724 4368 2913 4407 omnes
2940 4352 3087 4415 libri,
3119 4360 3280 4418 atque
3337 4352 3450 4418 ipse
3499 4364 3621 4402 cum
3676 4348 3870 4413 prunis

2272 4422 2541 4478 Veronen.
2577 4422 2877 4479 Constantio
2908 4422 3146 4486 habent,
3198 4420 3339 4489 quod
3401 4434 3598 4473 nomen
3648 4418 3733 4471 hic
3782 4431 3871 4470 re-

2267 4494 2545 4549 stituimus
2574 4496 2643 4551 ad
2669 4510 2857 4550 eorum
2891 4493 3080 4554 tidem,
3118 4493 3454 4545 assentiente
3486 4492 3601 4557 ipsa
3658 4496 3869 4554 tempo-

2266 4580 2383 4621 rum
2416 4570 2626 4622 ratiooe
2657 4578 2816 4636 atque
2846 4563 3098 4627 historia,
3135 4569 3192 4615 ut
3222 4570 3277 4615 et
3302 4575 3508 4636 impero
3522 4557 3714 4636 Severi
3748 4558 3871 4613 Sul—

2268 4636 2391 4705 picii
2438 4638 2648 4693 editore
2679 4629 2920 4690 notatum
2951 4642 3069 4697 est;
3123 4646 3227 4686 non
3258 4634 3404 4705 enim
3433 4629 3736 4685 Antiochiae
3780 4643 3871 4705 se-

2267 4699 2390 4762 dem
2426 4708 2677 4762 habuisse
2700 4706 3114 4760 Constantinum
3147 4704 3319 4757 asseri
3368 4710 3585 4771 potest,
3616 4715 3758 4771 cum,
3798 4699 3869 4754 de

2266 4777 2584 4833 Constantio
2612 4777 2837 4831 minime
2868 4775 3092 4830 dubium
3120 4776 3213 4839 sit,
3251 4769 3436 4842 primis
3478 4772 3671 4828 saltem
3729 4769 3866 4825 duo-

2268 4848 2447 4903 decim
2479 4858 2571 4902 aut
2592 4848 2849 4901 tredecim
2884 4852 3003 4915 ejus
3032 4846 3245 4914 imperii
3273 4844 3453 4898 annis.

2342 4918 2368 4956 ¹¹
2409 4918 2561 4975 Unus
2589 4932 2716 4981 ms.,
2749 4912 3174 4988 ccepta'region'e;
3221 4916 3331 4988 duo
3361 4915 3453 4988 alii
3493 4923 3547 4969 et
3579 4912 3669 4983 qui
3696 4926 3864 4988 penes

2271 5006 2358 5045 me
2386 5000 2491 5053 e5t,
2513 5000 2674 5059 carpta
2689 4988 2871 5041 itinere
2897 4980 3167 5058 pergebat.
3186 4987 3305 5041 Mox
3334 4986 3559 5040 verbum
3588 4980 3866 5059 fnesciebat

2270 5062 2386 5131 pari
2419 5057 2688 5116 consensu
2717 5057 2909 5115 omnes
2940 5067 3144 5127 tacent,
3200 5059 3480 5129 satiusque
3524 5057 3628 5111 erit
3655 5069 3864 5124 expuu-

2307 5148 2421 5188 ere.

2269 5148 2538 5257 gere'Erat
2564 5202 2769 5270 absque
2791 5200 3019 5272 negandi
3043 5200 3303 5270 particula
3326 5241 3341 5266 ,
3372 5198 3558 5272 procul
3572 5197 3819 5272 intuetur.

2344 5273 2356 5322 i
2405 5267 2737 5329 Concinnius
2784 5267 2914 5329 mss.
2975 5267 3161 5327 Verum
3185 5273 3326 5342 quia,
3356 5267 3412 5325 ut
3443 5268 3714 5339 Scriptura
3760 5267 3856 5334 ait,

2266 5345 2705 5418 etc.,_ingressus
2728 5355 2823 5418 est.
2856 5344 2930 5418 Ac
2949 5346 3347 5418 paulatim,etc_.

2336 5414 2362 5453 ¹ί
2402 5413 2519 5470 Duo
2550 5418 2709 5471 verha
2740 5413 2963 5470 callidus
2995 5418 3293 5483 explorator
3317 5413 3519 5470 Veron.
3556 5425 3659 5466 ms.
3687 5422 3857 5478 tacet;

2262 5503 2387 5559 mox
2411 5488 2642 5559 cupiebat
2666 5490 2794 5559 legit
2838 5503 2935 5559 pro
2980 5490 3239 5552 captabat.

2338 5557 2355 5597 ι
2389 5554 2561 5615 Aliter
2590 5554 2759 5623 mssf,
2789 5557 3044 5620 o/Iensum
3074 5558 3202 5626 pede
3232 5557 3445 5629 (uoster;
3468 5554 3521 5629 in
3551 5556 3751 5628 pedem)
3780 5554 3859 5621 las

2260 5630 2432 5699 pidem
2472 5633 2525 5683 in
2549 5630 3161 5701 strepitumucancitauit.
3191 5627 3312 5685 Mox
3341 5627 3609 5683 recludens
3641 5642 3741 5699 pro
3770 5642 3859 5682 oc-

2260 5697 2492 5756 cludens.
2526 5697 2753 5770 Verum,
2782 5697 2981 5766 offensu
3002 5700 3170 5771 pedis.
