4056 6268
256 223 328 279 25
1350 220 1516 279 VITA
1549 222 1612 280 S.
1654 220 1823 280 ΡΑυι

1937 220 2088 279 ’RIMI
2133 220 2480 278 EREMITE.
3492 223 3563 281 96

251 338 414 414 (Ver.
442 341 809 413 recludens],
835 353 957 396 sera
984 336 1312 403 obfirmavit.
1345 336 1499 394 Tunc
1524 354 1656 395 vero
1687 339 1858 393 Anto—
1883 344 1935 403 Α
1964 337 2086 392 bam
2122 354 2136 391 :
2182 336 2311 391 olim
2366 347 2418 391 te
2466 348 2792 391 conservum
2825 348 3006 389 meum
3062 332 3198 390 mihi
3242 337 3563 406 promiserat

250 434 377 490 nius
404 450 507 505 pro
541 434 668 508 [ΑΙ.
700 433 852 505 νη]
881 433 1086 488 foribus
1110 446 1400 498 corruens,
1441 447 1613 500 usque
1639 431 1705 486 ad
1728 447 1855 487 sex-
1962 428 2137 493 Deus;
2166 428 2262 483 sed
2286 428 2410 499 quia
2429 428 2541 497 jam
2560 428 2909 482 dormitionis
2933 442 3069 483 mea:
3092 436 3309 497 tempus
3327 430 3558 495 advenit,

246 535 380 595 tam,
412 538 563 585 eteo
588 528 820 599 amplius
844 526 1278 593 horam,aditum
1295 526 1616 595 precabatur
1631 524 1853 581 dicens:
1960 530 2015 576 et
2057 521 2199 592 quod
2231 536 2451 590 semper
2474 520 2755 589 cupiebam
2784 517 2936 591 [Ven
2980 519 3285 591 cupieram]
3318 521 3557 585 dissolvi,

241 619 350 689 Qui
406 623 543 687 sim,
578 624 740 688 unde,
802 637 897 677 cur
935 620 1201 685 venerim,
1264 620 1430 676 nosti.
1479 619 1607 675 Scio
1634 634 1720 675 me
1746 634 1853 673 non
1958 621 2164 671 etesse
2207 629 2329 669 cum
2375 612 2623 681 Christo,
2659 622 2882 683 peracto
2916 626 3084 667 cursu
3133 622 3387 682 superest
3430 612 3560 667 mihi

239 717 455 773 mereri
504 728 858 786 conspectum
904 725 1049 768 tuum
1077 731 1089 768 :
1118 722 1300 768 tamen
1334 712 1437 767 nisi
1482 712 1691 777 videro,
1743 727 1853 767 non
1956 721 2155 763 corona
2180 706 2407 777 justitia:
2442 724 2455 761 :
2493 716 2550 761 tu
2585 706 2787 761 missus
2813 720 2874 759 es
2902 720 2934 760 a
2967 704 3220 768 Domino,
3254 705 3347 773 qui
3394 705 3564 761 humo

241 811 532 866 recedam.
584 812 691 880 Qui
734 810 935 866 bestias
964 809 1164 879 recipis
1192 806 1315 879 [AL
1344 808 1630 879 suscipis],
1676 807 1853 862 homi-
1957 802 2337 873 corpusculum
2367 815 2548 856 meum
2568 801 3100 870 tegas,immoterra:
3116 807 3317 853 terram
3339 798 3554 853 reddas.

231 916 368 957 nem
394 918 505 959 cur
534 902 1084 973 repellisiQua-sivi,
1113 910 1167 956 et
1195 902 1375 957 inveni
1402 918 1416 956 :
1446 902 1601 972 pulso
1642 912 1699 957 ut
1726 916 1853 971 ape-
2028 896 2118 951 12.
2174 896 2491 949 Athanasius
2537 894 2759 965 pallium
2810 892 2951 945 dedit
2998 892 3241 947 Antonio.
3292 890 3559 946 Monaste-

228 995 432 1050 riatur.
463 997 634 1065 Quod
663 998 706 1051 si
733 1011 837 1051 non
870 997 1126 1067 impetro,
1157 995 1244 1050 hic
1270 993 1291 1067 [
1321 993 1439 1049 Ver.
1462 993 1572 1058 hic,
1596 992 1714 1065 hic]
1740 1007 1852 1049 mo-
1954 987 2090 1041 rium
2135 986 2347 1040 Antonii
2387 1004 2419 1039 a
2449 984 2730 1040 Saracenis
2775 992 3098 1054 occupatum.
3146 1011 3217 1022 —
3248 981 3341 1036 His
3385 983 3557 1036 Auto-

221 1085 347 1142 riar
380 1096 531 1142 ante
594 1099 770 1160 postes
798 1097 920 1142 tuos
950 1104 964 1139 :
999 1096 1149 1143 certe
1176 1085 1411 1154 sepelies
1441 1085 1526 1140 vel
1547 1092 1572 1121 ⁸
1594 1085 1846 1141 cadaver.
1954 1078 2079 1133 nius
2101 1077 2322 1143 auditis,
2354 1077 2492 1132 flens
2524 1088 2576 1131 et
2597 1091 2846 1147 gemens,
2882 1090 2951 1129 ne
2977 1089 3037 1129 se
3061 1076 3360 1139 desereret,
3391 1084 3554 1145 atque

322 1198 480 1249 Talia
508 1201 755 1262 peli
778 1211 1074 1256 memorans,
1100 1197 1596 1262 διιιεηυεᾉημηβωι
1953 1172 2314 1262 utrum—item
2366 1169 2490 1262 talis
2531 1169 2743 1262 itineris
2772 1169 3068 1262 acciperet,
3106 1166 3449 1236 precabatur.
3490 1168 3554 1223 Et

324 1262 409 1311 Ad
438 1258 601 1324 quem
625 1276 915 1326 responsum
940 1263 1199 1332 p‘aBQlSj-ll
1223 1258 1436 1332 rgddidil
1460 1260 1627 1332 heros.
1661 1326 1673 1332 _
1764 1322 1779 1332 ‘
1953 1258 2059 1332 [AL
2092 1260 2186 1332 At]
2239 1260 2329 1315 ille
2357 1278 2369 1313 :
2403 1259 2519 1314 Non
2561 1260 2753 1324 debes,
2786 1260 2979 1327 inquit,
3010 1274 3256 1329 quaerere
3300 1275 3423 1329 qua:
3463 1269 3549 1315 tua

962 1320 1193 1388 (Virgil,
1223 1321 1440 1381 zEttct'd.,
1466 1319 1551 1371 lib.
1573 1335 1606 1370 ιι
1630 1326 1673 1371 et
1697 1322 1784 1383 vr.)

1948 1319 2101 1417 sunt,
2147 1319 2243 1407 sed
2285 1368 2405 1423 quae
2435 1353 2633 1408 aliena.
2667 1352 2893 1421 Expedit
2928 1351 2946 1388 ί
2985 1351 3102 1413 tibi,
3132 1354 3341 1405 sarcina
3370 1352 3551 1406 carnis

1946 1446 2180 1517 abjecta,
2214 1445 2427 1515 Agnum
2458 1446 2634 1516 sequi.
2684 1444 2792 1499 Sed
2825 1453 2880 1497 et
2918 1443 3135 1498 caeteris
3179 1443 3402 1511 expedit
3444 1443 3551 1498 fra-

208 1537 575 1594 calumniam
597 1538 748 1594 facit.
778 1537 806 1576 δ
830 1539 898 1593 Et
922 1539 1143 1593 miraris
1168 1539 1214 1593 si
1244 1549 1354 1593 non
1378 1538 1636 1607 recipiam
1659 1578 1673 1602 ,
1719 1551 1842 1591 cum
1947 1540 2139 1606 tribus,
2175 1551 2234 1593 ut
2268 1552 2360 1595 tuo
2378 1539 2555 1594 adhuc
2585 1538 2942 1594 instituantur
2973 1536 3248 1606 exemplo.
3273 1536 3548 1605 Quamob-

205 1629 549 1686 moriturus
578 1630 909 1687 adveneris?
954 1630 1046 1686 Sic
1076 1630 1328 1685 arridens
1353 1630 1552 1684 Paulus
1590 1627 1843 1698 patefecit
1946 1648 2085 1698 rem,
2116 1646 2323 1702 quaeso,
2359 1646 2549 1702 perge,
2596 1631 2702 1685 nisi
2739 1631 3030 1683 molestum
3079 1638 3196 1686 est:
3239 1638 3293 1682 et
3326 1629 3547 1699 pallium

201 1717 572 1789 ingressum.
612 1721 733 1791 Quo
764 1734 979 1791 aperto,
1013 1722 1138 1776 dum
1185 1722 1238 1777 in
1293 1730 1513 1775 mutuos
1544 1720 1840 1775 miscentur
1870 1729 1918 1789 Β
1943 1725 2087 1798 quod
2118 1724 2218 1779 tibi
2246 1723 2579 1779 Athanasius
2607 1724 2902 1793 episcopus
2933 1721 3117 1785 dedit,
3150 1721 3219 1775 ad
3250 1721 3548 1776 obvolven-

201 1812 546 1881 amplexus,
580 1812 819 1883 propriis
846 1829 905 1868 se
928 1813 1239 1868 salutavere
1271 1811 1584 1867 nominibus
1616 1810 1839 1882 :gratizc
1944 1819 2071 1874 dum
2104 1819 2488 1887 corpusculum
2518 1832 2727 1882 meum,
2781 1814 2955 1869 defer.
3005 1814 3119 1869 lloc
3145 1822 3324 1869 autem
3358 1815 3547 1871 beatus

196 1903 473 1960 Domino
500 1907 556 1960 in
586 1920 883 1961 Commune
912 1904 1241 1961 referuntur.
1943 1910 2141 1966 Paulus
2170 1912 2400 1980 rogavit,
2432 1924 2535 1963 non
2556 1908 2698 1978 quod
2729 1921 3063 1978 magnopere
3092 1917 3332 1973 curaret,
3362 1920 3545 1961 utrum

276 1996 384 2052 1ο.
437 1997 519 2051 Ει
560 2008 684 2067 post
733 2004 984 2050 sanctum
1031 1999 1274 2051 osculum
1322 1997 1572 2052 residens
1618 1998 1839 2063 Paulus,
1945 2011 2148 2058 tectum
2178 2011 2512 2071 putresceret
2539 2001 2801 2064 cadaver,
2833 2016 2901 2054 an
2948 1998 3145 2053 nudum
3190 1998 3412 2071 (quippe
3456 2000 3545 2069 qui

189 2102 333 2145 cum
366 2092 638 2145 Antonio
660 2091 737 2143 ita
762 2104 992 2143 exorsus
1012 2098 1098 2143 est
1126 2107 1140 2140 :
1171 2090 1255 2142 En
1289 2104 1450 2155 quem
1480 2097 1630 2142 tanto
1656 2090 1846 2144 labore
1948 2102 2097 2147 tanto
2123 2097 2385 2162 temporis
2411 2096 2614 2162 spatio,
2633 2091 2905 2147 contextis
2932 2092 3231 2160 palmarum
3258 2090 3406 2144 foliis
3427 2105 3548 2145 ves-

188 2180 526 2251 quaesisti,
554 2191 577 2217 ε
608 2179 841 2248 putridis
861 2188 1139 2233 senectute
1166 2179 1429 2233 membris
1451 2181 1630 2250 operit
1649 2180 1848 2234 inculta
1950 2184 2235 2253 tiebatur),
2268 2186 2363 2239 sed
2384 2195 2443 2237 ut
2468 2201 2495 2236 a
2526 2200 2587 2237 se
2620 2195 2643 2230 ε
2667 2183 2947 2237 ret-edenti
2975 2198 3180 2237 tnoeror
3210 2199 3323 2236 sua:
3355 2185 3547 2241 mortis

192 2271 504 2326 canities.
552 2269 637 2325 En
688 2269 839 2325 vides
881 2271 1176 2336 hominem,
1224 2270 1500 2339 pulverem
1535 2287 1655 2326 mox
1704 2272 1846 2327 fntrt-
1948 2278 2248 2334 levaretur.
2271 2276 2620 2345 Stupefactus
2642 2292 2772 2346 ergo
2802 2278 3099 2342 Antooius,
3129 2278 3273 2347 quod
3296 2276 3363 2332 de
3379 2279 3548 2335 Atha-

194 2377 359 2417 rum.
428 2362 644 2417 Verum
684 2363 810 2430 quia
864 2362 1103 2416 charitas
1150 2362 1332 2415 omnia
1380 2371 1646 2418 sustentat
1689 2363 1823 2435 [Ver

1947 2376 2101 2430 nasio
2148 2384 2204 2430 et
2245 2374 2411 2443 pallio
2460 2376 2580 2444 ejus
2629 2374 2896 2440 audierat,
2948 2374 3102 2445 quasi
3157 2374 3436 2429 Christum
3491 2375 3545 2430 in

200 2451 519 2525 suStinet],
568 2468 733 2506 narra
764 2451 920 2518 mihi,
962 2466 1168 2522 quaeso,
1191 2452 1468 2521 quomodo
1496 2452 1645 2524 [νιν.
1678 2452 1757 2524 ut]
1788 2468 1823 2507 St

1949 2468 2118 2523 Paulo
2158 2467 2371 2530 videns,
2416 2479 2470 2521 et
2507 2469 2560 2520 in
2607 2477 2827 2536 pectore
2865 2468 2986 2536 ejus
3033 2470 3198 2522 Deum
3250 2483 3543 2535 venerans,

200 2546 429 2604 habeat
458 2549 761 2601 humanum
790 2562 981 2616 genus.
1012 2546 1095 2599 An
1120 2546 1173 2600 in
1198 2546 1437 2616 antiquis
1458 2548 1682 2601 urbibus
1704 2563 1823 2601 nov:

1948 2562 2087 2615 ultra
2121 2562 2457 2631 respondere
2488 2561 2622 2614 nihil
2653 2576 2817 2615 ausus
2846 2572 2929 2615 est
2969 2578 2982 2613 :
3034 2564 3128 2615 sed
3162 2577 3283 2615 cum
3330 2562 3549 2617 silentio

206 2649 363 2696 tecta
397 2647 743 2711 consurgant
770 2658 783 2695 :
812 2655 919 2709 quo
952 2638 1189 2693 mundus
1218 2651 1434 2709 regatur
1468 2640 1695 2709 imperio
1722 2657 1737 2693 :
1769 2656 1823 2693 ar

1942 2652 2272 2723 lacryrnans,
2303 2652 2636 2707 exosculatis
2683 2652 2801 2715 eius
2846 2652 3022 2705 oculis
3066 2653 3451 2717 manibusque,
3481 2654 3547 2709 ad

208 2735 517 2803 supersim
569 2734 761 2802 aliqui,
812 2731 906 2800 qui
949 2731 1260 2787 dzemOnum
1311 2748 1499 2787 errore
1558 2734 1837 2803 rapiantur
1940 2743 2331 2798 monasterium
2362 2742 2506 2810 quod
2554 2740 2581 2778 ιι
2627 2753 2815 2809 postea
2846 2758 2875 2796 ε
2909 2744 3199 2797 Saracenis
3225 2754 3544 2814 occupamm

212 2824 328 2899 [AL
349 2825 696 2899 capiantur].
726 2827 872 2881 Inter
894 2827 991 2880 bas
1014 2826 1505 2881 sermocinationes
1532 2828 1839 2897 suspiciunt
1936 2845 2040 2899 est,
2072 2836 2501 2904 regrediebalur.
2536 2834 2721 2905 Neque
2749 2850 2881 2889 vero
2907 2849 3127 2905 gressus
3173 2836 3541 2905 sequebantur

288 1444 485 1501 Nemo
517 1449 599 1503 sic
628 1449 783 1518 petit,
819 1456 877 1502 ut
905 1448 1147 1503 minetur
1177 1464 1189 1499 :
1227 1462 1390 1503 neruo
1425 1463 1549 1502 cum
1592 1446 1847 1517 lacrymis

208 2920 416 2975 alitem
444 2935 671 2976 corvum
705 2919 758 2973 in
790 2933 943 2974 ramo
973 2919 1187 2973 arboris
1218 2918 1553 2983 consedisse,
1588 2920 1678 2989 qui
1710 2918 1833 2973 inde

208 3010 440 3066 lenite'r
487 3008 515 3048 ἀ
560 3011 908 3073 subvolabat,
954 3018 1007 3067 et
1052 3012 1319 3082 integrum
1354 3027 1546 3081 panem
1584 3022 1710 3067 ante
1737 3027 1832 3067 ora

1936 2931 2195 2984 animum.
2232 2929 2339 2985 Sed
2375 2928 2389 2965 ί
2446 2931 2692 3001 quamvis
2738 2943 2939 2998 corpus
2973 2930 3132 2983 inane
3165 2929 3407 2998 jejuuiis,
3453 2945 3539 2985 se-

1937 3023 2080 3078 niles
2111 3022 2279 3077 etiam
2324 3023 2451 3076 anni
2497 3022 2790 3091 fregerant,
2838 3031 3019 3076 tamen
3066 3020 3247 3075 aniruo
3280 3022 3537 3077 vincebat

209 3105 551 3160 mirantium
575 3104 862 3173 deposuit;
894 3115 1012 3172 post
1040 3104 1195 3173 cujus
1220 3104 1570 3157 abscessum:
1603 3104 1720 3169 Eia,
1746 3103 1826 3157 in-
1862 3124 1907 3187 ρ
1939 3126 2179 3171 autem,

210 3197 335 3266 quit
362 3196 599 3259 Paulus,
645 3196 905 3251 Dominus
948 3196 1106 3250 nobis
1151 3196 1438 3265 prandium
1482 3196 1650 3259 misit,
1704 3211 1832 3251 vere

215 3290 363 3357 pius,
413 3304 545 3345 vere
566 3289 892 3344 misericors.
918 3288 1214 3358 Sexaginta
1237 3291 1347 3357 jam
1368 3289 1494 3342 anni
1524 3299 1652 3342 sunt
1681 3289 1825 3359 quod

218 3377 328 3452 [AL
363 3396 443 3435 ex
473 3380 602 3453 quo]
627 3380 836 3435 dimidii
865 3396 1085 3451 semper
1110 3381 1263 3447 panis
1286 3381 1649 3450 fragmentum
1674 3380 1824 3453 [Ven

214 3472 500 3547 fragmen]
554 3475 766 3541 accipio
793 3492 806 3527 :
851 3490 1038 3529 verum
1067 3473 1134 3528 ad
1165 3474 1457 3530 adventum
1488 3485 1660 3542 tuum,
1689 3476 1831 3530 mili-

217 3566 370 3622 tibus
402 3568 515 3622 suis
547 3566 801 3623 Christus
825 3566 1119 3637 duplicavit
1149 3582 1439 3621 annonam.

292 3661 394 3715 M.
438 3658 606 3729 Igitur
658 3658 889 3715 Domino
936 3660 1232 3730 gratiarum
1282 3661 1497 3714 actione
1528 3660 1824 3725 celebrata,

217 3766 397 3825 super
424 3753 583 3808 vitrei
612 3753 912 3823 marginem
946 3753 1108 3807 fontis
1140 3762 1369 3822 uterque
1396 3755 1646 3809 consedit
1672 3753 1824 3825 [Ven

218 3844 519 3917 subsedit].
554 3844 651 3900 Hic
666 3860 796 3900 vero
820 3844 943 3911 quis
968 3844 1241 3914 frangeret
1266 3860 1458 3915 panem
1483 3845 1673 3899 oborta
1695 3861 1825 3900 con-

219 3941 422 4004 lentio,
444 3954 582 4007 pene
599 3938 741 3992 diem
761 3938 863 4008 ιο
889 3936 1040 3991 duxit
1055 3936 1109 3991 in
1125 3953 1432 4007 vesperum.
1450 3937 1649 3993 Paulus
1672 3953 1825 3993 more

218 4033 459 4105 cogebat
508 4030 751 4101 hOSpitii,
794 4030 1063 4084 Antonius
1116 4031 1237 4100 jure
1290 4031 1571 4086 refellebat
1622 4033 1817 4088 aetatis.

218 4123 470 4182 Tandem
521 4123 808 4178 consilium
844 4124 962 4185 fuit,
1014 4133 1073 4178 ut
1125 4126 1471 4194 apprehenso
1520 4142 1550 4179 e
1600 4126 1821 4196 regione

220 4232 386 4288 pane,
416 4216 549 4272 dum
573 4217 642 4272 ad
666 4229 724 4268 se
748 4216 977 4284 quisque
1010 4217 1219 4283 nititur,
1249 4229 1272 4254 θ
1298 4231 1422 4288 pars
1447 4234 1539 4272 sua
1573 4235 1821 4274 remane-

215 4319 303 4366 ret
332 4312 389 4364 in
416 4310 695 4366 manibus.
724 4312 935 4368 Dehinc
964 4311 1233 4380 paululum
1262 4327 1416 4380 aqua:
1440 4311 1493 4365 in
1523 4311 1669 4367 fonte
1694 4326 1819 4381 pro-

218 4418 288 4459 no
316 4418 421 4459 ore
466 4402 576 4476 [Αι.
612 4420 783 4475 prono
810 4410 861 4461 in
894 4405 1070 4461 fronte
1096 4404 1213 4477 ore]
1242 4404 1553 4458 libaverant
1582 4421 1595 4457 :
1631 4413 1683 4458 et
1713 4406 1817 4457 im-

2011 3210 2099 3264 15.
2142 3208 2353 3262 Antonii
2396 3207 2678 3261 humilitas.
2708 3235 2777 3248 —
2809 3205 3049 3261 Tandem
3083 3205 3339 3276 fatigatus
3384 3204 3533 3276 [νεῖ.

1937 3299 2291 3373 defatigatus]
2321 3310 2375 3355 et
2422 3299 2651 3355 anhelus
2692 3299 2757 3353 ad
2798 3299 3167 3354 habitaculum
3207 3315 3363 3353 suum
3405 3314 3537 3353 con-

1936 3394 2081 3449 fecto
2111 3393 2305 3447 itinere
2350 3392 2619 3461 pervenit.
2663 3392 2758 3445 Cui
2790 3407 2911 3445 cum
2958 3391 3066 3445 duo
3106 3391 3392 3461 discipuli,
3444 3393 3534 3458 qui

1934 3486 1980 3540 ei
2022 3491 2035 3534 l
2072 3485 2441 3555 jamlougmvo
2471 3486 2786 3539 ministrare
2813 3494 3117 3551 coeperant,
3161 3481 3536 3540 occurrissent

1939 3582 2037 3651 ιι
2088 3578 2361 3633 dicentes:
2415 3578 2515 3633 Ubi
2550 3576 2757 3631 tamdiu
2791 3586 3033 3630 moratus
3066 3592 3147 3639 es,
3193 3576 3383 3645 pater?
3430 3574 3534 3630 lic-

1932 3670 2151 3740 spondit
2178 3688 2189 3721 :
2229 3670 2317 3724 Va:
2338 3670 2468 3723 mihi
2496 3670 2797 3739 peccatori,
2825 3670 2915 3738 qui
2939 3668 3132 3722 falsum
3156 3667 3406 3721 Monachi
3436 3684 3532 3721 no-

1932 3779 2053 3818 men
2086 3765 2219 3819 fero.
2249 3762 2369 3818 Vidi
2400 3762 2601 3827 Eliam,
2634 3764 2740 3817 vidi
2790 3762 3052 3817 Joannem
3101 3761 3154 3815 in
3184 3760 3427 3825 deserto,
3475 3772 3533 3816 et

1931 3871 2058 3911 vere
2088 3854 2196 3909 vidi
2229 3854 2449 3908 Paulum
2479 3853 2531 3908 in
2558 3853 2832 3924 paradiso.
2861 3852 2928 3907 Et
2958 3855 3039 3907 sic
3068 3867 3164 3907 ore
3186 3867 3525 3924 compresso,

1928 3958 1983 4004 et
2035 3966 2196 4003 manu
2229 3948 2526 4003 verberans
2558 3956 2769 4018 pectus,
2802 3963 2868 4001 ex
2910 3945 3106 4001 cellula
3140 3946 3364 4015 pallium
3405 3961 3533 4015 pro-

1929 4041 2070 4095 tulit.
2104 4041 2549 4111 Rogautrbusque
2580 4039 2881 4109 discipulis,
2930 4046 2987 4090 ut
3020 4037 3233 4103 plenius
3262 4036 3527 4105 quidnam

1930 4132 2010 4187 rei
2038 4144 2201 4191 esset,
2236 4140 2557 4200 exponeret,
2590 4130 2698 4184 ait:
2736 4126 2961 4196 Tempus
2992 4127 3219 4193 tacendi,
3250 4136 3297 4180 et
3326 4135 3528 4196 tempus

1925 4222 2168 4291 loquendi
2196 4220 2425 4289 (Eccles.
2459 4237 2537 4283 Ill,
2568 4221 2641 4291 ³7).

1999 4314 2086 4369 14.
2140 4312 2299 4369 Pauli
2328 4315 2505 4367 anima
2536 4314 2669 4366 inter
2697 4311 3000 4381 angelorum
3029 4310 3236 4363 choros.
3279 4336 3348 4347 —-
3378 4307 3529 4365 Tunc

1922 4423 2180 4475 egressus
2208 4409 2367 4473 foras,
2402 4419 2454 4461 et
2488 4423 2555 4461 ne
2592 4406 2865 4460 modicum
2895 4404 3113 4473 quidem
3145 4403 3251 4457 cibi
3279 4417 3526 4471 suruens,

215 4496 497 4551 molantes
524 4496 636 4552 Deo
663 4498 991 4554 sacriﬁcium
1022 4499 1217 4563 laudis,
1262 4506 1474 4550 noctem
1508 4503 1823 4560 transegere
1853 4512 1900 4570 ι)
1930 4516 2025 4570 per
2051 4500 2196 4553 viam
2225 4515 2329 4569 qua
2359 4509 2607 4562 venerat,
2640 4510 2921 4567 regressus
2951 4505 3035 4550 est
3064 4495 3214 4568 [νοτ.
3247 4495 3527 4566 regredie-

219 4588 452 4658 vigiliis.
484 4586 728 4659 Cumque
765 4592 874 4661 jam
905 4603 1057 4648 esset
1096 4601 1257 4646 terrae
1311 4586 1420 4660 [ΑΙ.
1472 4586 1657 4655 terris]
1702 4587 1824 4641 red—
1916 4592 2120 4664 batur],
2154 4592 2305 4646 illum
2337 4592 2556 4659 sitiens,
2592 4572 2744 4643 illum
2774 4588 2968 4643 videre
2995 4588 3340 4656 desiderans,
3372 4589 3525 4645 illum

212 4679 374 4735 ditus
395 4678 534 4745 dies,
566 4679 753 4736 beatus
794 4682 991 4737 Paulus
1022 4681 1090 4737 ad
1136 4680 1430 4736 Antoniqu
1475 4676 1552 4731 sic
1610 4676 1820 4731 locutus

212 4781 334 4830 est:
363 4772 511 4828 Olim
534 4780 606 4840 te,
632 4771 821 4839 frater,
850 4775 902 4830 in
929 4775 1049 4831 istis
1076 4771 1395 4842 regionibus
1415 4768 1665 4821 habitare
1682 4769 1823 4822 scie-

288 4952 312 4979 α
344 4942 575 4996 Gravius
605 4940 735 4996 alibi
767 4940 977 4995 invenit
999 4940 1073 4993 rel
1096 4940 1316 4992 cadaver
1344 4936 1598 4990 exanime.

284 5010 314 5051 δ
342 5014 428 5067 ΑΙ.
464 5012 710 5067 Victoria
740 5024 792 5068 et
819 5010 1017 5067 Gravio
1040 5009 1431 5066 annotantibus
1460 5007 1709 5077 injuriam
1739 5006 1819 5076 {a-

212 5084 301 5138 cit.
338 5083 402 5137 Et
430 5084 649 5137 minaris
677 5084 746 5145 si,
774 5092 880 5137 etc.

289 5165 312 5193 ε
356 5155 511 5219 Mss,
537 5154 810 5226 putribus;
841 5162 897 5209 et
922 5153 1086 5223 paulo
1108 5162 1230 5226 post
1256 5152 1430 5207 omnia
1454 5151 1692 5217 sustinet,
1719 5166 1818 5222 pro

211 5234 482 5281 sustentat.

281 5294 307 5333 ιι
349 5296 513 5369 Iidem
546 5297 730 5352 leviter
754 5296 1052 5361 subvalans,
1083 5298 1363 5369 integrant,
1392 5294 1507 5352 fere
1536 5309 1658 5351 cum
1691 5294 1817 5352 Vic-

213 5369 365 5424 torio.
399 5368 521 5426 Ver.
554 5369 747 5424 leniter
775 5370 1045 5423 subvolans
1070 5368 1342 5439 integrum,
1370 5382 1481 5439 etc.

286 5450 307 5477 °
344 5442 526 5498 Addit.
565 5440 699 5497 Ver.
750 5453 852 5495 ms.
887 5441 1115 5506 trahere,
1166 5438 1276 5494 tum
1315 5438 1451 5495 editi
1486 5440 1815 5497 vetustiores

212 5528 328 5585 pars
371 5516 555 5585 cuique
598 5529 724 5568 sua.

282 5583 301 5623 ι
330 5581 670 5643 Concinnius
703 5586 762 5642 in
786 5581 1014 5651 Verou.,
1048 5583 1276 5653 Expedit
1303 5582 1510 5651 quidem
1538 5581 1651 5636 tibi.

277 5666 301 5705 ε
336 5658 393 5716 In
443 5658 667 5714 Veron.
706 5672 823 5711 ms.
856 5671 963 5713 non
1002 5658 1125 5723 sine
1153 5669 1263 5708 uno
1306 5655 1589 5723 alteroque
1622 5654 1820 5710 mendo

214 5726 310 5785 Sed
328 5742 381 5789 ut
402 5732 473 5787 ad
502 5731 638 5805 (pro
661 5726 755 5802 ab)
787 5744 842 5787 se
865 5727 1111 5786 recedens
1131 5724 1379 5786 memoria
1403 5724 1557 5795 (hum
1578 5736 1676 5794 pro
1700 5739 1814 5782 ma:-

1917 4682 2092 4737 oculis
2110 4697 2176 4736 ac
2191 4692 2302 4737 tota
2328 4694 2507 4736 mente
2528 4682 2923 4750 complectens.
2940 4681 3187 4736 Timebat
3202 4684 3364 4748 enim,
3381 4682 3524 4752 quod

1919 4781 1973 4827 et
2003 4774 2211 4839 evenit,
2239 4790 2306 4828 ne
2333 4790 2391 4827 se
2420 4774 2669 4839 absente,
2692 4774 2913 4828 Christo
2939 4773 2963 4810 ι
2997 4773 3242 4830 debitum
3273 4776 3522 4846 spiritum

1923 4954 2041 4991 rore
2057 4938 2106 5006 1’)
2132 4953 2241 4991 sum
2270 4936 2449 4990 mortis
2477 4936 2809 4992 relevaretur.

1992 5006 2021 5044 ιι
2061 5007 2116 5063 Ιιι
2167 5008 2286 5077 ipso
2334 5023 2482 5086 anno
2533 5010 3364 5086 acc_irlisse___uotat_Bollanrlus,
3408 5029 3519 5086 quo

1920 5091 2166 5134 mortuus
2205 5088 2289 5134 est
2330 5078 2389 5135 S.
2434 5079 2731 5138 Antonius.
2788 5079 2909 5136 Vid.
2960 5082 3216 5139 Chronic.
3268 5078 3357 5140 ad
3386 5078 3515 5144 ann.

1922 5150 2131 5205 Christi
2160 5151 2287 5206 556.

1994 5236 2013 5299 ξ
2046 5222 2197 5299 M.~s.,
2219 5222 2326 5299 Sed
2342 5239 2458 5277 cum
2480 5240 2667 5295 corpus
2689 5226 2859 5299 inane,
2885 5236 3018 5291 elc.,
3046 5228 3170 5280 armi
3192 5230 3513 5299 frangerent,

1917 5294 2091 5349 animo
2119 5296 2344 5350 vincebat
2374 5310 2392 5350 :
2421 5300 2697 5351 consentit
2724 5308 2779 5353 et
2803 5296 3010 5353 Veron.
3036 5312 3139 5349 ms.

2000 5367 2013 5417 l
2066 5366 2215 5421 Erat.
2252 5382 2358 5422 non
2409 5369 2541 5422 satis
2572 5383 2809 5437 congruo
2837 5384 2999 5423 sensu
3046 5369 3096 5418 in
3125 5366 3358 5435 vulgatis
3401 5381 3518 5419 om-

1922 5438 2103 5505 nibus,
2133 5442 2221 5511 qui
2268 5439 2316 5492 ei
2346 5440 2499 5508 longo
2519 5441 2631 5511 ja_n_t
2663 5451 2889 5511 tempore
2918 5438 3213 5490 ministrare
3248 5452 3518 5491 consulue-

1920 5520 2071 5577 rant;
2123 5508 2272 5567 certe
2326 5519 2514 5565 contra
2577 5508 2893 5581 Hieronymi
2955 5514 3221 5568 tuentem,
3272 5513 3327 5560 et
3379 5521 3491 5561 mss

1920 5581 2199 5708 ﬁdi'millud
2222 5652 2450 5707 debitum
2471 5649 2523 5704 in
2546 5648 2759 5704 duobus
2786 5649 2963 5704 Vatic.
2989 5642 3351 5715 desideratur.
3384 5645 3511 5715 Mox

1920 5740 2056 5783 vero
2086 5739 2185 5795 pro
2230 5725 2325 5779 iter
2353 5732 2653 5790 remaneret,
2687 5720 2830 5789 quod
2860 5733 2927 5777 ex
2957 5712 3201 5774 omnium
3238 5712 3511 5775 consensu
