4074 6336
545 282 613 335 97
1783 281 1840 334 s.
1887 265 2159 338 EUSEBll
2202 279 2578 336 HIERONYMI
3755 285 3829 340 as

537 399 807 453 reddet-et.
852 395 1100 466 Cumque
1137 396 1248 466 jam
1282 395 1400 450 dies
1428 397 1529 450 alia
1565 395 1852 463 illuxisset,
1882 404 1936 451 et
1966 397 2124 452 trium
2155 385 2207 460 Α
2233 397 2436 452 tonium
2461 407 2843 467 perrexerunt,
2875 415 3063 455 manus
3088 400 3206 470 ejus
3237 401 3507 472 pedesque
3533 402 3826 473 lingentes.

539 493 790 546 horarum
823 490 1003 560 spatio
1049 491 1157 545 iter
1183 500 1514 556 remaneret,
1564 499 1587 526 ³
1625 489 1757 543 vidit
1796 490 1940 545 inter
1970 504 2127 560 auge-

536 584 713 638 lorum
751 593 1034 645 catervas,
1077 582 1222 637 inter
1259 583 1644 653 prOphetarum
1677 595 1729 638 et
1757 586 2128 648 apostolorum

533 674 757 740 choros,
786 675 941 729 niveo
970 674 1207 729 candore
1240 674 1458 729 Paulum
1486 674 1780 746 fulgentem
1815 675 1868 730 in
1899 675 2130 732 sublime

531 769 927 825 conscendere.
981 769 1051 824 Et
1095 773 1274 824 statim
1320 771 1369 825 in
1403 770 1599 826 faciem
1633 786 1787 827 suam
1815 770 2127 843 procidens,

535 863 782 918 sabulum
812 862 974 934 capiti
1003 863 1424 933 superjaciebat,
1458 864 1787 936 ploransque
1813 874 1867 920 et
1897 865 2126 935 ejulans,

537 954 716 1011 aiebat
739 953 889 1028 [Ver.
917 953 1078 1027 tacet]
1108 973 1119 1007 :
1145 954 1256 1024 cur
1286 970 1394 1022 me,
1415 953 1606 1022 Paule,
1638 956 1902 1012 dimittis?
1922 972 2019 1012 cur
2044 956 2125 1011 in-

530 1047 794 1102 salutatus
841 1046 998 1102 aliis?
1031 1047 1162 1102 Tam
1196 1047 1353 1104 tarde
1381 1057 1562 1115 notus,
1593 1058 1702 1104 tam
1730 1051 1837 1104 cito
1879 1049 2131 1105 recedis?

609 1140 696 1194 l5.
743 1139 1028 1196 Referebat
1059 1149 1244 1213 postea
1277 1141 1465 1196 beatus
1493 1141 1762 1197 Antonius
1786 1153 1932 1198 tanta
1957 1158 2014 1197 se
2048 1158 2131 1197 ve-

537 1232 780 1296 locitate,
808 1232 950 1302 quod
996 1233 1261 1303 reliquum
1307 1242 1422 1288 erat
1456 1237 1555 1288 via:
1599 1235 1928 1300 cucurrisse,
1977 1244 2032 1288 ut
2062 1233 2128 1289 ad

536 1323 707 1377 instar
737 1324 850 1377 avis
885 1323 1195 1393 pervolaret
1235 1340 1250 1378 :
1303 1339 1401 1380 nec
1440 1325 1754 1390 immerito;
1799 1341 1921 1380 nam
1963 1326 2131 1379 intro-

533 1430 752 1486 gressns
777 1417 1116 1485 speluncam,
1148 1414 1285 1470 vidit.
1315 1414 1464 1488 [Ver.
1498 1414 1669 1489 videt]
1695 1407 1946 1487 gentibus
1977 1431 2129 1472 com-

539 1509 770 1579 plicatis,
805 1521 985 1564 ereCIa
1017 1510 1252 1574 cervice,
1284 1511 1636 1579 extensisque
1668 1511 1720 1564 in
1751 1510 1918 1564 altum
1963 1510 2133 1564 mani-

535 1602 658 1667 bus,
688 1617 883 1672 corpus
904 1601 1170 1656 exanime.
1204 1601 1283 1657 Ac
1318 1601 1548 1669 primum
1577 1611 1632 1657 et
1661 1604 1775 1670 ipse
1799 1603 1980 1656 vivere
2007 1618 2130 1656 eum

536 1693 788 1757 credens,
838 1694 1040 1762 pariter
1087 1694 1301 1747 orabat.
1355 1693 1644 1764 Postquam
1689 1709 1816 1748 vero
1855 1693 2019 1758 nulla,
2077 1704 2131 1746 ut

2235 499 2260 537 8
2302 490 2484 545 Atille
2526 490 2910 547 animadvertit
2949 491 3384 547 benedictionem
3415 507 3510 547 eos
3538 509 3564 546 a
3609 508 3670 548 se
3711 508 3831 563 pre-

2233 583 2366 637 cari.
2399 581 2510 636 Nec
2533 599 2701 648 mora,
2733 584 2784 637 in
2813 584 3179 640 laudationem
3202 585 3406 641 Christi
3431 586 3653 652 effusus,
3685 586 3828 658 quod

2235 681 2379 728 mnta
2421 689 2634 746 quoque
2671 675 2922 728 animalia
2967 676 3133 730 Deum
3182 693 3304 731 esse
3353 678 3641 740 sentirent,
3693 681 3767 732 ait
3813 695 3827 732 :

2235 766 2480 832 Domine,
2510 767 2628 822 sine
2656 769 2809 838 cujus
2837 779 2967 822 nutu
3019 784 3118 824 nec
3151 770 3335 824 folium
3369 771 3578 825 arboris
3618 769 3829 836 defluit,

2235 879 2334 917 nec
2364 877 2504 917 unus
2533 878 2815 933 passerum
2848 862 2913 917 ad
2967 872 3167 918 terram
3207 863 3372 929 cadit,
3427 864 3493 918 da
3543 864 3647 918 illis
3691 867 3833 919 sicut

2235 964 2287 1008 tu
2317 953 2446 1010 scis.
2482 954 2547 1008 Et
2579 970 2737 1008 manu
2781 969 3030 1010 annuens
3073 955 3180 1027 [AL
3209 955 3464 1028 innuens]
3494 955 3594 1020 eis,
3629 963 3687 1010 ut
3716 955 3832 1008 abi-

2233 1055 2385 1110 rent,
2439 1046 2744 1116 imperavit.
2791 1047 3038 1115 Cumque
3087 1047 3168 1101 illi
3217 1047 3614 1110 recessissent,
3657 1046 3830 1101 sancti

2232 1135 2480 1208 corporis
2504 1136 2658 1190 oneri
2685 1135 2794 1209 [AL
2813 1136 3000 1209 onere]
3032 1138 3233 1192 seniles
3263 1138 3511 1192 curvavit
3542 1137 3829 1199 humeros;

2233 1241 2290 1284 et
2325 1230 2571 1299 deposito
2603 1243 2670 1284 eo
2701 1226 2728 1265 δ
2761 1229 3034 1293 effossam,
3071 1228 3306 1296 desuper
3345 1232 3567 1282 humum
3597 1242 3831 1296 congre-

2234 1339 2386 1393 gans,
2410 1322 2674 1377 tumulum
2691 1337 2754 1377 ex
2783 1337 2932 1377 more
2957 1322 3134 1392 posuit
3162 1321 3273 1391 |AL
3298 1318 3649 1390 composuit].
3681 1319 3837 1374 Post—

2235 1430 2396 1486 quam
2429 1411 2607 1469 autem
2639 1413 2742 1468 alia
2773 1413 2888 1468 dies
2917 1413 3115 1476 illuxit,
3151 1427 3218 1466 ne
3244 1411 3371 1481 quid
3408 1412 3528 1480 pius
3559 1409 3733 1463 haeres
3765 1424 3834 1462 ex

2237 1511 2476 1565 intestati
2508 1509 2665 1563 bonis
2695 1524 2800 1562 non
2835 1507 3152 1578 possideret,
3179 1506 3414 1560 tunicam
3443 1504 3561 1573 ejus
3593 1502 3694 1557 sibi
3719 1502 3838 1557 vin-

2236 1603 2460 1668 dicavit,
2493 1617 2656 1671 quam
2705 1603 2756 1655 in
2799 1611 3107 1670 sportarum
3142 1597 3360 1652 modum
3391 1595 3458 1651 de
3498 1595 3692 1665 palmaa
3724 1593 3833 1666 [AL

2239 1691 2560 1766 palmarum]
2603 1691 2749 1746 foliis
2795 1692 2910 1761 ipse
2949 1691 3053 1745 sibi
3094 1697 3474 1744 contexuerat.
3524 1686 3602 1742 Ac
3649 1685 3728 1740 sic
3769 1683 3837 1739 ad

535 1784 766 1847 solebat,
787 1784 1019 1854 suspiria
1051 1787 1329 1854 precantis
1357 1785 1653 1852 audivit,in
1678 1784 1855 1840 flebile
1881 1787 2125 1840 osculum
2165 1788 2205 1846 Β
2235 1787 2623 1841 monasterium
2665 1799 2945 1848 reversus,
2995 1781 3278 1851 discipulis
3308 1787 3504 1836 cuncta
3546 1795 3611 1832 ex
3644 1777 3840 1832 ordine

536 1892 726 1938 ruens,
761 1875 1030 1931 intellexit
1055 1877 1197 1945 quod
1229 1879 1391 1932 etiam
1423 1877 1656 1933 cadaver
1683 1876 1709 1914 δ
1737 1880 1906 1932 sancti
1941 1878 2133 1946 Deum,

539 1967 626 2020 cui
658 1967 840 2021 omnia
876 1969 1085 2032 vivunt,
1108 1969 1288 2023 officio
1319 1980 1500 2038 geStus
1531 1981 1866 2040 precaretur.

609 2062 698 2115 16.
743 2058 1041 2116 Christiana
1107 2064 1339 2117 traditio.
1385 2093 1455 2102 —
1499 2064 1664 2133 Igitur
1708 2061 1967 2120 obvoluto
2013 2075 2034 2103 ο
2083 2074 2137 2120 et

533 2151 747 2222 prolato
798 2151 945 2208 foras
991 2167 1243 2222 corpore,
1299 2157 1530 2228 hymnos
1567 2165 1782 2225 quque
1812 2167 1866 2211 et
1899 2157 2136 2228 pSaIInos

536 2240 604 2296 de
644 2242 948 2298 Christiana
1003 2244 1294 2302 traditione
1349 2247 1666 2312 decantatis,
1717 2251 2138 2304 contristabatur

537 2333 828 2400 Antonius,
866 2337 1009 2405 quod
1052 2337 1348 2402 sarculunt,
1379 2354 1487 2408 quo
1533 2349 1727 2392 terram
1762 2339 1993 2406 foderet,
2031 2355 2136 2394 non

537 2421 564 2461 ἀ
603 2424 850 2480 haberet.
903 2426 1196 2482 Fluctuans
1239 2428 1420 2498 itaque
1460 2430 1613 2483 vario
1659 2431 1858 2485 mentis
1895 2441 2054 2496 aestu,
2084 2440 2140 2488 et

546 2529 730 2571 secum
763 2519 928 2573 multa
961 2529 1238 2589 reputans,
1272 2520 1491 2576 diccbat
1520 2540 1531 2573 :
1565 2521 1621 2576 Si
1649 2522 1714 2576 ad
1746 2525 2134 2579 monasterium

544 2618 814 2675 revertar,
847 2611 1114 2679 quatridui
1149 2610 1255 2684 [AL
1294 2613 1476 2683 tridui]
1525 2615 1627 2667 iter
1658 2623 1740 2668 est
1770 2631 1782 2665 ε
1823 2617 1868 2668 si
1901 2615 1985 2667 hic
2027 2629 2140 2666 ma-

544 2714 725 2765 neam,
775 2701 910 2753 nihil
956 2701 1094 2754 ultra
1129 2703 1427 2769 proﬁciant.
1469 2705 1572 2774 12
1604 2712 1627 2739 ο
1661 2703 1856 2756 Moriar
1885 2719 2040 2773 ergo,
2083 2713 2140 2757 ut

542 2788 766 2857 dignum
787 2797 891 2853 est,
908 2792 1058 2855 juxta
1084 2791 1398 2846 bellatorem
1423 2800 1594 2856 tuum,
1617 2792 1854 2858 Christe,
1880 2805 1931 2847 et
1953 2809 2137 2861 ruens,

547 2889 850 2934 extremum
872 2880 1096 2936 halitum
1127 2881 1535 2940 fundam.Talia
1565 2901 1633 2940 eo
1654 2887 1836 2941 animo
1864 2887 2137 2952 volvente,

550 2987 677 3027 ecce
703 2972 808 3026 duo
841 2972 1025 3029 leones
1056 2989 1121 3029 ex
1155 2974 1431 3031 interioris
1458 2977 1624 3031 eremi
1654 2986 1808 3046 parte
1834 2987 2138 3044 currentes,

545 3064 851 3119 Volantibus
876 3081 972 3136 per
991 3067 1131 3122 Colla
1162 3067 1326 3137 jubis,
1363 3068 1709 3124 ferebantur:
1743 3070 1935 3139 quibus
1953 3085 2142 3141 aspec-

2240 1879 2553 1951 replicavit;
2587 1878 2894 1946 diebusque
2921 1875 3261 1931 solemnibus
3293 1873 3514 1928 Paschae
3544 1881 3601 1927 et
3638 1871 3838 1926 Pente-

2239 1983 2418 2028 costes
2449 1987 2666 2040 semper
2695 1969 2849 2024 Pauli
2882 1969 3063 2023 tunica
3094 1969 3324 2023 vestitus
3349 1978 3454 2021 eSI.

2315 2065 2399 2118 ΓΙ.
2444 2062 2778 2134 Comparatio
2809 2060 2968 2115 Pauli
2998 2069 3044 2114 et
3075 2060 3292 2114 divitum
3320 2057 3517 2114 swculi.
3566 2085 3636 2098 —
3681 2055 3841 2110 Libet

2242 2158 2294 2212 in
2326 2157 2430 2210 line
2459 2154 2704 2225 opusculi
2735 2167 2836 2208 eos
2861 2154 3224 2222 interrogare,
3251 2151 3344 2221 qui
3381 2163 3477 2203 sua
3511 2145 3841 2218 patrimonia

2243 2252 2513 2319 ignorant,
2547 2249 2636 2317 qui
2669 2249 2860 2300 domos
2892 2246 3254 2299 marmoribus
3287 2243 3548 2310 vestiunt,
3592 2241 3682 2309 qui
3729 2253 3842 2293 uno

2248 2340 2264 2378 ί
2302 2342 2392 2395 filo
2419 2340 2670 2395 villarum
2718 2340 2938 2392 insnnnt
2969 2337 3172 2407 prazdia
3200 2352 3213 2387 :
3257 2335 3381 2388 huic
3417 2335 3534 2387 seni
3565 2333 3707 2386 nudo
3731 2331 3838 2400 [AL

2242 2433 2552 2508 seminudo]
2582 2434 2711 2505 quid
2737 2448 2991 2502 umquam
3015 2429 3224 2486 defuit?
3245 2429 3358 2484 Vos
3385 2441 3600 2497 gemma
3633 2425 3839 2491 bibitis,

2243 2527 2332 2580 ille
2370 2536 2574 2581 natura:
2602 2530 2614 2575 ἱ
2652 2526 2906 2578 concavis
2940 2523 3190 2576 manibus
3221 2517 3507 2572 satisfecit.
3534 2517 3643 2572 Vos
3670 2515 3722 2570 itt
3758 2527 3843 2572 tu-

2246 2619 2385 2671 nicis
2429 2632 2618 2669 aurum
2670 2618 2872 2678 texitis,
2908 2614 3000 2668 ille
3031 2629 3099 2668 ne
3127 2611 3376 2665 vilissimi
3426 2609 3645 2680 quidem
3679 2610 3839 2666 indu-

2245 2713 2481 2760 mentum
2512 2706 2612 2778 13
2641 2705 2829 2760 habuit
2868 2703 3121 2773 mancipii
3147 2701 3330 2756 vestri.
3364 2699 3472 2757 Sed
3505 2717 3534 2756 e
3561 2701 3842 2756 contrario

2247 2798 2320 2850 illi
2357 2797 2685 2867 panperculo
2719 2797 2998 2866 paradisus
3029 2802 3201 2865 patet,
3236 2807 3331 2846 vos
3350 2801 3570 2847 auratos
3592 2792 3839 2862 gehenna

2244 2891 2526 2959 suscipiet.
2576 2889 2676 2945 llle
2719 2899 2926 2945 vestem
2974 2887 3203 2953 Christi,
3237 2886 3412 2940 nudus
3460 2885 3609 2949 licet,
3657 2894 3839 2940 tamen

2244 2983 2476 3036 servavit
2528 2999 2540 3034 :
2590 2994 2685 3034 vos
2727 2979 2905 3034 vestiti
2951 2978 3167 3042 sericis,
3210 2977 3584 3030 indumentum
3630 2974 3839 3029 Christi

2246 3073 2579 3144 perdidistis.
2614 3073 2814 3127 Paulus
2839 3070 3108 3129 vilissimo
3140 3070 3362 3138 pulvere
3383 3077 3677 3138 coopertus
3695 3068 3840 3137 jacet

548 3159 614 3212 tis
646 3160 820 3229 primo
867 3159 1164 3213 exhorruit.
1222 3162 1534 3230 Rursusque
1571 3161 1635 3215 ad
1685 3162 1854 3217 Deum
1895 3163 2137 3220 referens
2166 3165 2211 3228 C
2247 3177 2654 3219 resurrecturus
2710 3164 2762 3217 in
2795 3163 3022 3230 gloriam
3061 3179 3073 3215 :
3108 3177 3205 3215 vos
3237 3174 3465 3230 operosa
3499 3157 3524 3195 ¹ί
3565 3160 3712 3213 saxis
3754 3173 3842 3214 se-

552 3262 811 3318 mentem,
837 3253 988 3321 quasi
1018 3252 1297 3307 columbas
1322 3253 1550 3319 videret,
1586 3254 1785 3309 mansit
1810 3255 2133 3325 intrepidus.

552 3345 618 3399 Et
648 3346 721 3399 illi
753 3345 971 3416 quidem
999 3346 1208 3400 directo
1233 3361 1419 3411 cursu,
1462 3347 1527 3402 ad
1564 3349 1797 3403 cadaver
1823 3349 1968 3404 beati
1997 3352 2144 3405 senis

549 3439 910 3516 substiterunt
938 3457 949 3490 :
977 3438 1428 3507 adulantibnSque
1456 3441 1643 3495 caudis
1662 3443 1804 3495 circa
1829 3443 1947 3510 ejus
1978 3443 2141 3513 pedes

547 3534 885 3586 accubuere:
923 3530 1139 3585 fremitu
1175 3531 1376 3601 ingenti
1401 3533 1701 3603 rugientes,
1737 3550 1958 3603 prorsus
1991 3545 2046 3589 ut
2071 3537 2142 3591 in-

551 3624 822 3693 telligcres
851 3623 956 3697 [AL
989 3622 1343 3696 intelligeret]
1386 3642 1479 3678 eos
1507 3627 1788 3696 plangere,
1834 3643 1940 3697 quo
1982 3625 2143 3684 modo

553 3723 817 3784 poterant.
858 3715 1061 3771 Deinde
1105 3715 1243 3770 haud
1278 3717 1464 3785 procul
1493 3727 1774 3786 coeperunt
1796 3717 2016 3772 humum
2049 3733 2142 3788 pe-

552 3806 710 3860 dibus
761 3806 778 3843 τ
827 3807 1104 3877 scalpere;
1157 3823 1485 3875 arenamque
1529 3811 1775 3864 certatim
1826 3820 2135 3879 egerentes,

553 3899 712 3953 unius
739 3899 972 3955 hominis
994 3916 1249 3972 capacem
1276 3903 1448 3956 locum
1479 3901 1730 3957 foderunt
1758 3901 1910 3974 [Ven
1937 3903 2139 3959 effode-

551 3994 704 4046 runt.
740 3991 848 4066 Et].
882 3999 958 4050 Ac
990 3995 1169 4049 statim
1199 3993 1352 4064 quasi
1377 3993 1680 4049 mercedem
1709 4009 1803 4064 pro
1829 4011 1996 4065 opere
2023 4012 2143 4066 pos-

551 4083 807 4151 tulantes,
838 4100 958 4139 cum
997 4093 1145 4140 motu
1175 4086 1386 4140 aurium
1414 4085 1630 4141 cervice
1656 4084 1888 4156 dejecta,
1922 4086 1988 4141 ad
2023 4091 2136 4143 An-

552 4301 682 4342 mss.
713 4291 1101 4353 expressimus,
1133 4297 1360 4358 cogente
1387 4287 1552 4344 etiam
1577 4287 1825 4344 inferiori
1854 4297 2137 4352 contextu,

553 4360 830 4426 hucusque
880 4359 1185 4415 obtinuerat
1231 4359 1506 4414 contrario
1535 4374 1719 4425 sensu,
1771 4359 1904 4413 viam
1941 4376 2138 4413 remea-

548 4429 718 4482 visset.

625 4501 653 4532 ⁸
693 4500 892 4556 Veron.
919 4501 971 4555 in
1007 4500 1256 4571 prmsenti
1286 4501 1440 4555 videt.

623 4579 652 4619 ιι
689 4571 777 4626 Sic
814 4588 944 4626 mss.
988 4569 1040 4626 ct
1088 4572 1378 4627 Victorius.
1435 4571 1641 4626 Vitiose
1694 4570 1839 4624 enim
1892 4569 2139 4625 Martian.

555 4650 676 4712 post
700 4640 938 4708 Erasm.,
962 4645 1099 4713 quod
1117 4645 1269 4698 etiam
1286 4641 1504 4696 cadaver
1523 4651 1758 4694 sanctum
1779 4641 1934 4696 etiam
1953 4640 2140 4709 Deum,

551 4723 658 4768 etc.

633 4794 656 4821 ο
703 4782 1053 4844 Veronensis.
1085 4783 1284 4854 aliique
1329 4799 1459 4837 mss.
1493 4783 1692 4851 prolato
1724 4783 1866 4850 foras
1901 4800 2140 4851 corpore,

556 4856 768 4924 psalmis
796 4871 994 4927 quoque
1029 4870 1092 4908 ea;
1116 4855 1399 4908 christiana
1447 4855 1725 4908 traditione
1754 4857 1992 4915 cantatis.
2020 4871 2145 4908 con-

560 4927 874 4988 tristabatnr,
907 4938 1014 4980 etc.

629 4995 653 5032 ἀ
681 4999 733 5049 In
765 4997 962 5052 Veron.
996 5011 1121 5058 ms.,
1153 4995 1386 5050 habebat.
1420 4993 1805 5066 Fluctuansque
1832 4997 2010 5066 vario,
2033 5004 2136 5049 etc.

558 5075 802 5138 reputans
828 5085 844 5121 :
867 5067 948 5130 Si,
981 5065 1316 5138 etc._absque
1340 5069 1663 5138 interposito
1686 5065 1854 5122 verbo
1881 5065 2102 5120 dicebat.

634 5147 657 5207 εξ
689 5137 801 5190 Duo
831 5138 1030 5203 Vatic.,
1059 5136 1254 5190 Moriar
1276 5146 1320 5189 et
1348 5155 1461 5207 ego,
1486 5136 1561 5199 ut,
1590 5147 1699 5192 etc.

636 5205 654 5244 ί
693 5207 841 5262 Unus
883 5208 1052 5263 Vatic.
1088 5209 1310 5274 scabere,
1341 5205 1478 5262 alter
1511 5223 1780 5270 creavere,
1813 5215 1865 5258 ct
1906 5223 2146 5278 capacem

559 5278 727 5333 locum
759 5278 981 5345 e/fodere
1022 5295 1040 5332 :
1069 5294 1190 5333 mox
1236 5295 1451 5348 quoque
1491 5289 1765 5348 commota
1793 5279 1996 5328 aurium
2039 5291 2146 5331 uno

559 5351 723 5404 verbo
755 5367 988 5418 procum
1014 5362 1175 5417 metu,
1199 5346 1336 5405 alter
1365 5346 1534 5403 Vatic.
1566 5346 1835 5417 antiquior
1858 5362 1974 5400 cum
1998 5356 2143 5402 nutu.

557 5421 684 5476 Ver.
720 5432 864 5488 posta
873 5421 1044 5477 laturi.

630 5503 655 5540 ε
699 5494 824 5548 Mss.
860 5509 963 5548 una
993 5493 1157 5552 serie,
1191 5501 1246 5544 ut
1274 5491 1364 5546 ille
1409 5490 1868 5551 animadverteret;
1899 5497 1953 5542 et
1981 5489 2140 5554 paulo

559 5575 679 5631 post
718 5565 824 5617 dno
858 5563 1099 5618 Vatietni
1131 5562 1226 5615 sibi
1256 5561 1498 5614 servirent
1533 5576 1631 5629 pro
1660 5559 1822 5631 Deum
1854 5574 1961 5612 esse
1984 5561 2138 5631 senti-

558 5629 700 5698 rent;
727 5637 863 5690 alter
903 5633 1040 5705 quod
1067 5650 1180 5687 eum
1205 5642 1345 5686 muta
1368 5647 1564 5702 quoque
1604 5629 1850 5688 animalia
1877 5630 2138 5686 sentirent.

559 5705 713 5768 Ver.,
753 5705 914 5761 Deum
936 5721 1043 5762 esse
1070 5713 1231 5763 tacet.

629 5776 660 5817 ’λ
687 5776 840 5837 Haud
880 5786 1031 5836 recte
1057 5785 1175 5837 erat
1200 5779 1254 5834 tn
1284 5775 1500 5850 fossam.
1533 5772 1732 5835 Verius
1757 5788 1895 5834 unus
1925 5772 2146 5852 Regina:

2247 3262 2428 3328 pulcra
2456 3266 2711 3330 premunt
2737 3273 2858 3311 cmn
2881 3257 3077 3310 vestris
3107 3255 3305 3324 opibus
3331 3267 3574 3307 arsuros.
3603 3251 3835 3317 Parcite,

2246 3365 2459 3422 quaeso.
2496 3366 2592 3403 vos
2633 3349 2740 3422 [AL
2779 3347 2954 3418 vobis]
2981 3364 2992 3399 :
3023 3352 3227 3416 pareite
3255 3345 3448 3398 saltem
3475 3342 3677 3396 divitiis
3706 3357 3840 3411 quas

2246 3441 2457 3494 amatis.
2499 3438 2602 3512 14
2627 3441 2736 3494 Cur
2783 3449 2837 3493 et
2883 3448 3126 3491 mortuos
3151 3445 3364 3490 vestros
3408 3435 3614 3488 auratis
3643 3435 3840 3488 obvol-

2249 3538 2374 3592 vitis
2405 3537 2680 3592 vestibus?
2709 3553 2806 3591 cur
2836 3535 3062 3589 ambitio
3094 3534 3234 3587 inter
3256 3532 3431 3585 luctus
3464 3530 3840 3601 lacrymasque

2251 3647 2358 3685 non
2386 3631 2600 3685 cessat?
2630 3631 2714 3686 An
2743 3629 3006 3683 cadavera
3036 3627 3260 3681 divitum
3314 3625 3414 3679 nisi
3453 3625 3504 3678 in
3535 3626 3711 3678 serico
3740 3639 3839 3693 pu-

2245 3734 2483 3777 trescere
2509 3721 2796 3776 nesciunt?

2317 3814 2405 3869 18.
2444 3813 2702 3874 Obsecro,
2727 3813 3054 3883 quicumque
3080 3810 3195 3865 huic
3228 3810 3384 3879 legis,
3433 3816 3491 3861 ut
3527 3805 3842 3877 Hieronymi

2244 3905 2547 3976 peccatoris
2594 3905 2952 3960 memineris:
3006 3905 3090 3957 cui
3145 3902 3186 3956 si
3241 3901 3506 3955 Dominus
3563 3899 3840 3967 optionem

2243 3999 2419 4066 daret,
2455 4000 2624 4052 multo
2655 3998 2826 4067 magis
2852 3997 3076 4066 eligeret
3125 3995 3359 4049 tunicam
3392 3993 3542 4046 Pauli
3571 4006 3693 4045 cum
3725 4006 3841 4045 me-

2242 4093 2364 4150 ritis
2390 4093 2532 4164 ejus,
2577 4108 2735 4164 quam
2768 4107 2951 4162 regum
2974 4087 3248 4159 purpuras
3278 4103 3399 4142 cum
3432 4085 3607 4154 poenis
3654 4082 3671 4121 ι
3707 4085 3840 4139 suis.

2247 4307 2376 4357 ms.,
2395 4295 2448 4345 in
2475 4297 2614 4362 fossa
2639 4309 2657 4346 :
2686 4290 2982 4346 Verissima
3005 4299 3186 4362 autem
3216 4286 3842 4362 reliquorum_mss_._lec-

2247 4363 2322 4416 tio
2355 4357 2572 4418 visa'est
2596 4362 3085 4430 effossam,sci|icct
3109 4361 3348 4423 humum,
3381 4367 3494 4412 etc.
3525 4357 3663 4410 Tum
3688 4357 3840 4422 Ver.,

2247 4435 2356 4487 dies
2384 4435 2630 4489 iunxerat
2656 4435 2784 4490 alia.

2328 4505 2340 4542 ί
2391 4507 2534 4566 Erat,
2563 4507 2692 4569 lino,
2722 4504 2973 4572 quodque
2998 4501 3248 4572 vitiosum
3272 4514 3301 4552 a
3325 4496 3570 4572 Victoria
3594 4506 3842 4572 notatum

2171 4598 2222 4657 Ι)
2249 4587 2425 4657 antea.
2457 4577 2652 4644 praedia
2683 4568 2779 4642 pro
2811 4568 3002 4657 pretia,
3017 4585 3182 4652 penes
3202 4569 3447 4657 Martia-tt.
3477 4568 3561 4657 cni
3595 4568 3843 4657 s‘oloetiine

2251 4655 2334 4702 est.
2366 4637 2920 4703 Erasmttuifcaeteris
2952 4637 3102 4694 lib-ris
3131 4640 3474 4703 inconsultis,
3506 4637 3839 4694 describere.

2255 4719 2614 4786 Hieronymus
2638 4731 2764 4786 vero
2810 4715 2984 4786 locum
3013 4712 3254 4786 imilatus
3295 4722 3379 4786 est
3419 4726 3500 4786 ex_
3520 4709 3846 4786 Tertulliani

2254 4789 2390 4843 libro
2413 4781 2482 4842 de
2507 4788 2686 4840 l-labit.
2719 4784 2994 4846 Mnliebr.,
3024 4798 3072 4835 c.
3103 4782 3169 4836 9:
3201 4781 3313 4835 Uno
3342 4781 3449 4834 lino
3469 4781 3634 4833 decies
3662 4789 3845 4834 sester-

2251 4861 2376 4911 tium
2420 4859 2679 4911 inseritur.
2727 4853 2823 4908 Est
2865 4863 3044 4908 autem
3090 4853 3237 4905 liltnn
3292 4854 3376 4906 cui
3419 4852 3748 4920 margaritzc,
3791 4858 3847 4905 et

2251 4944 2480 4999 gemmm
2527 4928 2859 4999 inseruntur,
2895 4935 2949 4999 et
2980 4924 3201 4978 monilia
3245 4925 3396 4999 fiunt.
3428 4923 3632 4999 Yerou.
3665 4932 3842 4975 tamen

2253 4992 2443 5054 ἐιἹὲηο
2469 5014 2564 5064 pro
2593 4997 2706 5067 ﬁlo,
2735 5007 2787 5050 et
2816 4997 2980 5066 pretia
3004 5009 3101 5062 pro
3123 4994 3330 5067 prrrdia
3357 4992 3538 5067 habet.

2328 5070 2341 5118 i
2394 5063 2663 5122 Vid.infra
2693 5068 2786 5120 lib.
2816 5063 2854 5121 it
2895 5077 3080 5121 contra
3113 5064 3383 5119 Jnrinian.
3411 5073 3460 5117 et
3491 5063 3763 5117 Laertium
3791 5063 3843 5118 in

2255 5142 2519 5204 Diogene.
2549 5141 2669 5193 Mox
2699 5138 2806 5192 duo
2836 5153 2990 5204 mss.,
3026 5138 3210 5190 tunicis
3238 5152 3370 5189 auro
3399 5135 3564 5188 textis.

2326 5209 2352 5246 ¹ί
2395 5211 2479 5264 Al.
2505 5210 2620 5264 saxi
2649 5225 2805 5278 quam
2837 5224 3023 5262 vocent
3065 5211 3278 5277 penitus
3306 5209 3562 5260 omittunt
3586 5204 3700 5258 alii.

2333 5279 2346 5318 ι
2385 5275 2680 5345 Vat-ouem,
2719 5297 2833 5333 cum
2874 5275 3219 5343 nteritissuis,
3253 5278 3304 5332 in
3345 5279 3463 5331 aliis
3490 5293 3610 5330 cum
3654 5275 3846 5345 regnis,

2258 5368 2353 5420 pro
2386 5352 2546 5414 pwnis
2578 5351 2821 5405 Martian.
2849 5363 3137 5419 utrumque
3177 5350 3424 5420 attexnit.
3453 5344 3722 5420 (hi-terum
3749 5344 3850 5420 Va_-_

2257 5415 2345 5478 tie.
2385 5438 2519 5478 unus
2547 5427 2662 5477 lucc
2692 5422 2757 5477 ad
2794 5425 2954 5476 linem
2985 5415 3128 5474 addit
3158 5438 3170 5471 :
3206 5418 3346 5473 Finit
3374 5421 3474 5472 vita
3504 5417 3649 5469 Beati
3695 5415 3851 5469 Pauli

2246 5494 2512 5554 Monaclti,
2561 5511 2713 5560 quam
2759 5492 2968 5559 scripsit
3017 5491 3377 5562 Hieronymus
3406 5487 3727 5562 υνεδὺεμρτί,Δ
3759 5487 3850 5562 qui

2246 5567 2344 5637 [itit
2384 5577 2500 5620 ante
2531 5555 2779 5637 Sanctum
2831 5555 3126 5637 Antonium,
3171 5555 3469 5637 quein__ipse
3519 5555 3750 5629 sepelivit
3797 5557 3851 5637 in

2247 5630 2456 5693 Eremo.
2503 5635 2606 5692 Hic
2635 5650 2913 5705 numquam
2944 5634 3123 5704 fuitin
3153 5630 3763 5702 civitatibus,.postquam
3796 5630 3851 5686 in

2247 5706 2529 5766 solitudine
2556 5714 2784 5763 moratus
2811 5715 2910 5773 est.
