4074 6394
272 270 343 326 29
1378 266 1538 321 VITA
1582 265 1641 321 S.
1689 261 1883 320 IIILAB

1982 262 2085 320 NIS
2129 261 2484 321 ΕΒΕΜΙΤᾹΞ.
3510 270 3579 326 30

271 390 3568 416 W

1265 524 1291 553 ‘
1330 527 1612 616 VITA
1676 529 1773 643 Is.
1848 527 2563 613 HILARIONIS.

275 697 501 749 Hilarion
524 695 805 760 monachus,
828 694 1117 760 Thabathze,
1136 692 1410 760 Palaestina
1433 694 1561 760 vico,
1584 698 1738 760 ortus,
1763 702 1818 760 ac
1842 689 2005 760 magni
2028 690 2221 760 Antonii
2247 686 2539 760 discipulus,
2545 695 2733 760 'quanta
2754 688 3048 760 abstinentia
3072 702 3128 737 ac
3146 690 3404 760 sanctitate
3431 687 3579 735 vitam

341 762 563 823 duxerit,
587 750 879 823 quantisque
899 759 1047 823 etiam
1070 750 1121 805 in
1143 753 1408 808 solitudine
1432 750 2009 813 inclaruerit'miraculis,
2036 753 2232 814 copiose
2256 750 2492 801 describit
2522 750 2875 813 Hieronymus,
2902 754 2950 799 in
2980 764 3141 815 eoque
3164 750 3425 813 exemplar
3450 761 3570 811 per-

344 822 461 873 fecti
492 822 714 872 monachi
740 822 974 885 proponit.

792 1084 893 1157 13
919 1082 947 1122 ι)
976 1080 1361 1140 PROLOGUS.

352 1218 404 1273 t.
446 1217 757 1286 Scripturus
787 1216 960 1271 Vitam
995 1215 1135 1271 beati
1166 1214 1480 1281 Hilarionis,
1510 1213 1869 1268 habitatorem

277 1309 397 1377 ejus
426 1310 619 1365 invoco
663 1308 919 1379 Spiritum
967 1308 1261 1371 Sanctum;
1309 1315 1370 1362 ut
1408 1306 1500 1377 qui
1529 1306 1607 1361 illi
1645 1305 1873 1359 virtutes

278 1401 504 1471 largitus
551 1408 653 1465 est,
697 1399 824 1454 mihi
875 1399 940 1454 ad
973 1400 1269 1455 narrandas
1294 1413 1386 1453 eas
1422 1411 1731 1453 sermonem
1779 1395 1873 1450 tri-

278 1494 429 1559 buat,
462 1504 518 1548 ut
553 1494 689 1549 facta
734 1494 893 1549 dictis
922 1502 1298 1563 exaequentur.
1355 1492 1553 1546 Eorum
1602 1490 1744 1545 enim
1780 1489 1873 1559 qui

276 1583 480 1650 fecere,
507 1595 528 1621 ο
556 1585 725 1639 virtus
745 1585 766 1655 (
790 1594 847 1639 ut
873 1584 949 1638 ait
969 1580 1230 1653 Crispus)
1261 1592 1405 1638 tanta
1429 1582 1678 1645 habetur,
1703 1596 1874 1652 quan-

279 1686 389 1732 tum
431 1692 549 1734 eam
580 1678 762 1732 verbis
790 1685 1015 1747 potuere
1040 1676 1307 1732 extollere
1338 1675 1602 1745 praeclara
1633 1674 1869 1744 ingenia.

276 1768 585 1824 Alexander
611 1769 837 1839 Magnus
876 1768 1121 1832 Macedo,
1147 1784 1307 1839 quem
1339 1765 1365 1803 ἀ
1398 1769 1481 1823 vel
1510 1769 1758 1833 arietem,
1788 1765 1873 1820 vel

282 1859 512 1927 pardum
535 1899 552 1925 ,
586 1860 670 1915 vel
705 1859 916 1916 hircum
948 1873 1235 1927 caprarum
1288 1860 1473 1914 Daniel
1507 1869 1699 1923 vocat,
1750 1873 1873 1912 cum

272 1950 341 2006 ad
384 1951 613 2008 Achillis
644 1952 906 2007 tumulum
938 1952 1315 2020 pervenisset:
1353 1960 1374 1987 ο
1406 1951 1635 2005 Felicem
1672 1960 1742 2016 te,
1777 1950 1874 2014 ait,

269 2045 621 2114 juvenis,qui
637 2058 831 2112 magno
855 2044 1048 2098 frueris
1072 2042 1179 2113 [Αι.
1198 2042 1419 2113 fruaris]
1444 2058 1690 2111 praecone
1714 2041 1876 2097 meri-

278 2137 500 2188 toruml
540 2135 832 2187 llomerum
880 2133 1129 2187 videlicet
1156 2134 1487 2202 signiﬁcans.
1536 2133 1704 2187 Porro
1749 2132 1877 2186 mihi

278 2227 420 2280 tanti
440 2242 505 2279 ac
537 2224 660 2280 talis
682 2227 782 2281 viri
804 2225 1147 2282 conversatio
1174 2225 1279 2297 [ΑΙ.
1308 2224 1634 2297 conversio],
1653 2224 1879 2294 Vitaque

277 2318 514 2373 dicenda
536 2328 638 2383 est,
673 2326 731 2374 ut
759 2318 1027 2374 Homerus
1052 2334 1263 2388 quoque
1290 2319 1334 2373 si
1366 2318 1600 2383 adesset,
1631 2318 1714 2374 vel
1746 2318 1881 2374 invi-

276 2410 432 2464 deret
462 2412 732 2477 tnaterim,
780 2412 864 2467 vel
904 2410 1305 2467 succumberet.
1347 2411 1681 2480 Quamquam
1733 2412 1878 2466 enim

276 2514 498 2561 sanctus
530 2504 866 2575 Epiphanius
916 2504 1207 2561 Salamti
1240 2507 1401 2578 Cypri
1448 2507 1753 2575 episcopus,
1790 2504 1881 2574 qui

281 2614 403 2653 cum
448 2598 721 2653 Ililarione
754 2597 1046 2667 plurimum
1090 2608 1334 2653 versatus
1361 2607 1465 2663 est,
1499 2598 1714 2653 laudent
1763 2599 1882 2664 ejus

281 2690 432 2744 brevi
468 2688 484 2728 τ
515 2690 741 2758 epistola
769 2689 1075 2759 scripserit,
1104 2706 1223 2759 qua:
1256 2690 1413 2758 vulgo
1437 2689 1636 2759 legitur
1660 2707 1674 2755 ;
1702 2697 1882 2743 tamen

280 2782 429 2837 aliud
457 2795 539 2838 est
569 2783 702 2838 locis
723 2783 1105 2837 communibus
1135 2782 1352 2838 laudare
1378 2782 1714 2847 defunctum,
1736 2781 1881 2836 aliud

281 2879 520 2933 defuncti
542 2879 783 2947 proprias
804 2894 1030 2933 narrare
1052 2879 1298 2932 virtutes.
1325 2877 1471 2933 Unde
1494 2886 1548 2931 et
1573 2893 1672 2932 nos
1700 2876 1883 2931 favore

284 2973 458 3040 magis
486 2972 649 3036 illius,
676 2986 837 3039 quam
868 2969 1084 3039 injuria,
1114 2978 1351 3039 emptum
1376 2968 1441 3023 ab
1463 2986 1527 3022 eo
1546 2982 1680 3037 opus
1694 2984 1882 3037 aggre-

284 3065 518 3127 dientes,
546 3061 931 3117 maledicorum
979 3076 1140 3117 voces
1167 3062 1560 3117 contemnimus
1588 3077 1600 3114 :
1630 3062 1720 3131 qui
1753 3062 1880 3114 olim

283 3154 635 3208 detrahentes
666 3154 830 3206 Paulo
862 3168 1004 3217 meo,
1028 3168 1173 3207 nunc
1200 3152 1338 3207 forte
1358 3152 1642 3207 detrahent
1664 3162 1721 3208 et
1742 3152 1885 3208 Hila-

287 3244 470 3298 I'intti:
507 3243 659 3295 illum
688 3242 993 3296 solitudinis
1019 3243 1357 3308 calumniati,
1407 3242 1529 3298 huic
1571 3243 1884 3312 objicientes

292 3335 655 3404 frequentiam
682 3352 695 3387 :
732 3342 789 3387 ut
817 3334 904 3403 qui
948 3348 1162 3403 semper
1192 3335 1366 3400 latuit,
1397 3351 1504 3389 non
1540 3333 1643 3406 14
1679 3336 1880 3394 fuisse:

287 3428 378 3497 qui
407 3442 435 3480 a
461 3427 643 3480 multis
676 3426 818 3480 visus
838 3437 938 3492 est,
965 3428 1084 3482 vilis
1110 3428 1463 3481 existimetur.
1496 3427 1757 3481 Fecerunt
1784 3429 1886 3481 hoc

285 3531 342 3576 ct
388 3521 622 3591 majores
667 3536 856 3577 eorum
903 3520 1175 3590 quoadam
1221 3520 1500 3584 Pharis-aii,
1550 3521 1744 3589 quibus
1787 3535 1886 3576 nec

282 3614 509 3671 Joannis
542 3629 760 3669 eremus
791 3630 852 3667 ac
877 3614 1165 3683 jejunium,
1208 3628 1308 3668 nec
1341 3614 1550 3668 Domini
1579 3615 1885 3669 Salvatoris

287 3708 481 3769 turbae.
512 3708 640 3773 cibi,
691 3719 957 3777 potusque
1002 3709 1336 3777 placuerunt.
1374 3707 1571 3763 Verum
1614 3708 1883 3763 destinato

286 3802 438 3869 operi
470 3800 741 3869 imponam
773 3816 1011 3867 manum,
1046 3809 1101 3855 et
1148 3800 1393 3871 Scylleos
1437 3815 1598 3855 canes
1630 3801 1879 3855 obturata

287 3892 393 3963 IAt.
426 3892 712 3965 obdurata]
740 3908 869 3948 aure
901 3894 1163 3948 transibo.

848 4006 1094 4063 INCIPIT
1136 4007 1289 4063 VITA
1306 4048 1319 4062 .

358 4123 413 4176 2.
447 4132 472 4170 8
500 4123 738 4178 Hilarion
762 4131 912 4178 ortus
943 4126 1061 4179 vico
1082 4123 1345 4191 Tabatha,
1376 4125 1463 4194 qui
1488 4126 1709 4180 circiter
1729 4126 1884 4193 quin-

285 4234 393 4288 que
435 4217 602 4272 millia
643 4233 670 4269 a
702 4216 842 4272 Gaza
872 4217 1006 4271 urbe
1036 4216 1334 4272 Palaestinae
1366 4218 1429 4271 ad
1461 4220 1716 4274 Austrum
1750 4219 1885 4273 situs

288 4319 395 4375 cst,
437 4324 559 4364 cum
611 4307 834 4363 haberet
881 4317 1135 4377 parentes
1177 4310 1337 4365 idolis
1365 4310 1601 4377 deditos,
1635 4325 1791 4377 rosa,
1823 4319 1881 4365 ut

288 4401 507 4467 dicitur,
555 4398 623 4457 de
654 4400 824 4471 spinis
852 4400 1053 4457 ﬂoruit.
1107 4402 1150 4458 A
1181 4405 1374 4473 quibus
1407 4405 1601 4457 missos
1651 4404 1883 4459 Alexan-

290 4494 490 4559 driam,
522 4494 870 4564 grammatico
901 4496 1129 4550 traditus
1156 4505 1239 4550 est
1264 4513 1276 4548 :
1304 4496 1483 4564 ibique
1510 4508 1767 4566 quantum
1794 4497 1883 4551 illa

297 4584 601 4653 patiebatur
631 4596 780 4652 aetas,
807 4602 994 4659 magna
1019 4587 1219 4659 ingenii
1249 4598 1303 4643 et
1324 4602 1533 4642 morum
1562 4586 1884 4643 documenta

366 4778 391 4805 ⁸
420 4766 623 4835 Scripta
654 4770 785 4823 circ.
812 4785 901 4823 an.
937 4770 1065 4826 590.

363 4838 391 4878 ι’
425 4840 481 4895 In
516 4839 649 4912 Vitis
673 4840 893 4895 Patrum
926 4840 1361 4912 Prologoisthtec
1377 4840 1716 4911 prmpoultur
1738 4842 1889 4897 obte-

288 4914 452 4967 statio
478 4930 491 4964 :
528 4909 592 4965 In
619 4913 807 4965 sanctis
835 4909 1154 4966 orationibus
1185 4915 1283 4966 tuis
1304 4909 1551 4967 mémento
1579 4914 1700 4976 mei,
1734 4914 1889 4967 decus

288 4994 337 5055 et
388 4983 613 5055 dignitas
656 4983 935 5055 uirginum,
984 4982 1189 5055 Aionna
1220 4982 1433 5047 Asella;
1472 4994 1633 5053 atque
1669 4983 1803 5039 adeo
1837 4987 1886 5038 in

289 5054 399 5107 ﬁne
430 5052 561 5126 Vitae
595 5070 613 5105 :
643 5052 779 5126 Opto
805 5063 860 5126 ut
890 5054 941 5106 in
971 5052 1174 5126 Christo
1200 5072 1518 5126 permaneas,
1549 5052 1599 5111 et
1623 5072 1811 5108 memor
1838 5056 1890 5109 in

290 5125 633 5197 erectionibus
644 5125 750 5197 tuis
765 5125 838 5179 sis
860 5127 999 5197 mei,
1019 5125 1162 5197 virgo
1193 5125 1563 5182 sacratissima.
1592 5127 1725 5182 Hinc
1742 5128 1892 5179 Asel-

289 5196 356 5249 la:
388 5194 611 5249 inscribi
643 5195 924 5267 historiam
956 5184 1052 5250 abs
1089 5184 1416 5267 Hieronymo
1467 5198 1709 5253 nonnulli
1739 5197 1882 5249 arhi-
1918 5184 1970 5244 D

291 5267 415 5338 trati
457 5274 603 5327 sunt,
641 5265 735 5338 sed
779 5281 914 5338 cum
936 5280 1113 5334 neque
1146 5269 1197 5321 in
1241 5265 1362 5321 aliis
1391 5269 1570 5326 edili<.
1629 5285 1802 5338 neque
1832 5268 1886 5320 in

292 5336 421 5390 ullis
452 5351 581 5414 mss.
612 5336 769 5418 verba
790 5335 881 5391 illa
906 5337 1269 5406 inveniantur,
1304 5341 1434 5394 nihil
1462 5341 1615 5396 video
1648 5335 1743 5408 pro
1769 5354 1889 5393 cer-

294 5415 349 5460 to
378 5414 631 5461 Constitui
657 5420 832 5473 posse.

326 5549 336 5559 _
371 5487 391 5514 ε
427 5477 627 5532 Victor.
652 5477 881 5545 virtutes,
918 5489 971 5559 nt
998 5480 1077 5559 ait_
1092 5481 1321 5555 Crispus,
1348 5489 1491 5559 tanta
1512 5481 1758 5559 habentur
1788 5497 1890 5559 me-

292 5549 717 5674 gti'rlquanéum,
776 5559 883 5603 etc.
939 5548 1077 5605 haud
1134 5548 1300 5612 recte.
1365 5550 1486 5606 Vid.
1547 5551 1771 5607 Sallust.
1833 5551 1888 5607 in

340 5636 363 5667 τι
399 5636 409 5669 t
441 5658 481 5674 ..
503 5634 551 5674 c.
619 5661 630 5672 .

364 5686 394 5773 (ξ
424 5658 537 5748 Diti;
563 5690 801 5773 Vaticani
827 5690 999 5773 tellua
1028 5709 1127 5771 pro
1157 5702 1395 5763 arietem.
1429 5709 1549 5773 quae
1582 5709 1681 5753 vox
1708 5693 1757 5751 iu
1782 5692 1888 5752 alio

296 5760 419 5835 cod.
452 5762 654 5826 rectius
682 5763 964 5827 omittitur.

1901 1082 1951 1140 Α
1980 1078 2243 1148 praebuit;
2279 1077 2330 1131 in
2366 1077 2513 1131 brevi
2556 1079 2751 1133 charus
2793 1078 3045 1132 omnibus
3085 1086 3141 1132 et
3179 1075 3431 1148 loquendi
3464 1081 3582 1129 arte

1976 1184 2197 1239 gnarus.
2230 1167 2492 1240 Quodque
2519 1169 2601 1222 his
2645 1170 2813 1237 majus
2846 1179 2930 1225 est
2958 1170 3228 1233 omnibus,
3258 1168 3495 1223 credens
3526 1167 3580 1221 in

1978 1260 2268 1314 Dominum
2310 1260 2517 1325 Iesum,
2566 1276 2671 1314 non
2721 1261 2848 1314 circi
2891 1260 3187 1323 furoribus,
3240 1276 3348 1313 non
3398 1272 3582 1312 arena:

1977 1354 2257 1425 sanguine,
2293 1370 2400 1409 non
2434 1354 2631 1408 theatri
2660 1354 2871 1409 luxuria
2905 1355 3317 1420 delectabatur;
3349 1356 3443 1408 sed
3470 1363 3579 1408 tota

1975 1447 2050 1503 illi
2084 1447 2336 1502 voluntas
2364 1446 2467 1517 [ΑΙ.
2495 1446 2761 1518 voluptas]
2790 1447 2842 1501 in
2869 1446 3126 1501 Ecclesia:
3147 1455 3263 1499 erat
3290 1460 3582 1515 congrega-

1980 1543 2147 1596 tione.

2046 1635 2099 1688 5.
2151 1634 2389 1691 Audiens
2436 1642 2614 1687 autem
2662 1642 2789 1687 tunc
2820 1631 3037 1687 celebre
3085 1648 3283 1686 nomen
3334 1631 3578 1701 Antonii,

1976 1726 2118 1796 quod
2148 1743 2243 1797 per
2266 1740 2454 1782 omnes
2478 1724 2698 1795 Egypti
2727 1725 2954 1794 populos
2986 1723 3282 1786 ferebatur.
3327 1725 3581 1779 incensus

1977 1817 2187 1872 visendi
2217 1818 2333 1885 ejus
2382 1818 2582 1881 studio,
2617 1816 2858 1886 perrexit
2904 1815 2967 1870 ad
2997 1832 3259 1870 eremutn.
3296 1817 3361 1870 Et
3390 1818 3572 1870 statim

1977 1921 2035 1966 ut
2073 1928 2193 1966 eum
2226 1911 2379 1977 vidit,
2430 1921 2636 1965 mutato
2670 1910 2898 1979 pristino
2950 1910 3154 1977 habitu,
3193 1911 3403 1965 duobus
3450 1910 3578 1982 [Μδ.

1976 2005 2173 2079 tribus]
2203 2006 2303 2079 15
2332 2007 2441 2060 lere
2469 2005 2749 2059 mensibus
2774 2005 2921 2073 juxta
2943 2020 3065 2058 eum
3095 2006 3312 2069 mansit,
3338 2016 3584 2059 contem-

1977 2097 2135 2168 plans
2194 2098 2437 2153 ordinem
2495 2098 2623 2151 vine
2679 2096 2798 2164 ejus
2864 2111 3183 2166 morumque
3234 2098 3579 2167 gravitatem.

1980 2188 2152 2253 Quam
2202 2188 2393 2242 creber
2424 2190 2475 2241 in
2526 2189 2794 2250 oratione,
2841 2202 3001 2256 quam
3052 2186 3271 2241 humilis
3317 2190 3369 2240 in
3414 2187 3585 2241 susci—

1981 2278 2192 2348 piendis
2220 2278 2497 2343 fratrilms,
2526 2293 2749 2331 severus
2792 2278 2842 2332 in
2892 2279 3273 2346 corripiendis,
3311 2280 3490 2333 alacer
3522 2279 3575 2333 in

1983 2370 2336 2425 exhortandis
2366 2382 2547 2425 esset:
2583 2378 2637 2424 ct
2668 2381 2722 2423 ut
2749 2372 3162 2439 continentiam,
3205 2372 3420 2441 cibique
3463 2370 3588 2441 ejus

1908 2453 1957 2512 Β
1985 2467 2329 2535 asperitatem
2355 2466 2764 2535 nullaumquam
2789 2467 3074 2521 infirmitas
3100 2468 3392 2535 frangeret.
3416 2466 3587 2520 I’orro

1988 2555 2345 2626 frequentiam
2369 2573 2578 2621 eorum,
2603 2558 2691 2627 qui
2713 2558 2777 2611 ad
2803 2574 2923 2612 enm
2948 2558 3018 2612 ob
3043 2560 3218 2611 varias
3241 2556 3267 2593 ιλ
3298 2559 3585 2626 passiones

1985 2657 2076 2700 aut
2125 2648 2357 2717 impetus
2402 2652 2709 2702 daemonum
2740 2649 3158 2711 concurrebant,
3195 2650 3333 2702 ultra
3369 2664 3478 2701 non
3512 2648 3588 2702 fe-

1986 2754 2151 2793 rens:
2193 2754 2289 2793 nec
2317 2754 2612 2809 congruum
2646 2755 2768 2794 esse
2804 2742 3030 2808 ducens,
3061 2742 3169 2810 pati
3196 2742 3245 2793 in
3279 2756 3465 2796 eremo
3498 2755 3591 2809 po-

1987 2832 2142 2900 pulos
2172 2832 2449 2884 civitatum
2478 2848 2491 2885 :
2516 2831 2701 2898 sicque
2724 2831 2825 2884 sibi
2860 2832 3029 2901 magis
3050 2831 3417 2900 incipiendum
3443 2846 3584 2898 csse,

1985 2930 2043 2975 ut
2097 2921 2353 2990 coepisset
2409 2922 2709 2987 Antonius;
2774 2922 2923 2977 illum
2982 2924 3136 2992 quasi
3172 2925 3343 2978 virum
3391 2923 3585 2979 fortem

1987 3015 2230 3070 vietoriae
2272 3017 2493 3087 prazmia
2537 3017 2787 3085 accipere
2814 3032 2827 3069 :
2860 3032 2919 3070 se
2950 3016 3177 3071 necdum
3208 3018 3442 3071 militare
3472 3032 3585 3073 cm.

1988 3109 2161 3176 pisse;
2197 3123 2449 3162 reversus
2502 3119 2582 3160 est
2640 3123 2758 3161 cum
2810 3108 3129 3178 quibusdam
3190 3108 3470 3163 Monachis
3520 3109 3586 3163 ad

1992 3202 2214 3270 patriam
2246 3219 2258 3253 :
2308 3211 2359 3255 et
2395 3202 2704 3269 parentibus
2726 3201 2838 3271 jam
2866 3201 3160 3265 defunctis,
3218 3213 3427 3271 partem
3460 3201 3589 3255 sub-

1988 3295 2201 3346 stantia:
2250 3292 2521 3356 fratribus,
2576 3305 2779 3357 partem
2831 3295 3155 3362 pauperibus
3209 3294 3434 3363 largitus
3480 3304 3584 3358 est,

1990 3384 2121 3437 nihil
2152 3384 2250 3438 sibi
2283 3384 2506 3438 omnino
2546 3398 2855 3449 reservans,
2891 3395 2944 3438 ct
2980 3386 3175 3438 timens
3197 3384 3326 3437 illud
3351 3384 3415 3436 de
3442 3385 3589 3437 Acti—

1990 3478 2086 3530 hus
2124 3477 2534 3553 Apostolorum,
2586 3475 2809 3529 Ananiae
2857 3487 2910 3529 et
2961 3476 3247 3545 Sapphine
3293 3477 3375 3529 vel
3403 3481 3587 3529 exeni-

1990 3570 2157 3637 plum,
2198 3570 2278 3623 vel
2322 3569 2674 3638 supplicium;
2712 3570 3054 3640 maximeque
3088 3570 3302 3623 Domini
3353 3585 3583 3634 memor,

1990 3664 2254 3718 dicentis:
2294 3664 2396 3729 Qui
2447 3680 2545 3715 non
2578 3662 2943 3716 renuntiaverit
2990 3664 3221 3716 omnibus
3256 3679 3370 3732 qum
3412 3661 3582 3728 habet,

1987 3772 2087 3808 non
2135 3766 2459 3827 potestmens
2508 3771 2618 3808 esse
2660 3755 3130 3827 discipulus(Luc.
3166 3772 3273 3821 xw,
3307 3755 3428 3829 55).
3458 3754 3589 3809 Erat

1909 3846 1954 3909 C
1984 3858 2163 3905 autem
2199 3859 2325 3903 tunc
2353 3864 2613 3901 annorum
2643 3848 2974 3915 quindecim.
2994 3848 3083 3904 Sic
3108 3849 3300 3917 nudus,
3331 3857 3383 3901 et
3408 3862 3586 3901 arma-

1986 3955 2068 3996 tus
2101 3942 2154 3996 in
2176 3942 2412 4005 Christo,
2441 3939 2808 4003 solitudinem,
2839 3956 2959 4009 quae
2988 3941 3039 3994 in
3074 3941 3304 4010 septimo
3334 3938 3587 3991 milliario

1984 4053 2012 4089 a
2054 4036 2067 4073 ί
2105 4036 2332 4105 Majoma
2363 4034 2520 4090 Gaza:
2544 4035 2786 4103 emporio
2815 4049 2912 4103 per
2944 4034 3092 4086 littus
3113 4031 3586 4099 etintibus'ngyp-

1990 4141 2132 4195 tum,
2180 4110 2251 4182 ad
2300 4130 2484 4182 laevam
2531 4129 2787 4193 ﬂectitur,
2834 4128 3111 4197 ingressus
3178 4134 3281 4179 est.
3345 4125 3587 4185 (Linoque

1987 4231 2175 4278 essent
2197 4232 2415 4277 cruenta
2436 4222 2736 4275 latrociniis
2770 4221 2907 4287 ioca,
2939 4231 2991 4276 et
3010 4219 3295 4290 propinqui
3320 4217 3588 4285 amicique

1988 4317 2107 4387 ejus
2160 4317 2446 4370 imminens
2496 4316 2796 4386 periculum
2828 4308 3589 4379 denuntiarent,Contempsit

1994 4416 2251 4470 mortem,
2286 4417 2344 4461 ut
2379 4416 2603 4460 mortem
2638 4407 2916 4461 evaderet.

2063 4499 2117 4551 4.
2160 4499 2429 4568 Jejnnium
2485 4496 2794 4550 Hilarionis.
2844 4498 3177 4551 Mirabantur
3234 4509 3423 4548 omnes
3473 4493 3587 4547 ani-

1997 4606 2141 4645 mum
2168 4608 2180 4642 :
2219 4589 2551 4643 mirabantur
2591 4599 2805 4643 aetatem
2833 4604 2847 4653 ;
2883 4590 2985 4643 nisi
3013 4588 3155 4658 quod
3190 4588 3405 4642 tlatnma
3436 4601 3589 4656 qua:-

2070 4781 2091 4807 θ
2138 4770 2358 4823 Frlicem
2393 4781 2460 4841 te.
2488 4769 2667 4825 Codex
2701 4784 2801 4841 ms.
2828 4770 3095 4823 Avcuion.
3131 4770 3353 4825 Felicem
3385 4784 3451 4841 te,
3486 4773 3584 4840 ais,

1994 4859 2023 4895 ο
2044 4841 2272 4913 juvenis,
2303 4851 2405 4895 etc.
2440 4840 2584 4913 Idem
2632 4838 2864 4913 refertur
2894 4842 2961 4893 ab
2993 4842 3192 4894 Ariano
3219 4843 3327 4913 lib.
3359 4860 3371 4895 ι
3402 4838 3466 4896 de
3497 4838 3585 4899 re;

1996 4910 2094 4967 bus
2120 4911 2285 4980 gestis
2318 4913 2384 4963 ab
2433 4911 2739 4964 Aluitantlrn
2780 4910 2991 4978 Magno,
3035 4923 3083 4965 et
3131 4929 3156 4963 ιι
3215 4912 3502 4967 Plutarcho
3534 4919 3585 4974 in

1997 4981 2325 5036 Alnvatniru.
2388 4981 2559 5034 Vorhn
2614 4982 2901 5035 Alexandri
2958 4982 3095 5049 apud
3174 4983 3464 5049 VOpiscum
3534 4990 3587 5046 in

1995 5053 2171 5107 Probo
2201 5070 2212 5104 :
2250 5050 2474 5104 Felicem
2516 5062 2583 5115 te,
2612 5053 2794 5122 inquit,
2830 5056 3056 5123 juvenis,
3090 5055 3177 5121 qui
3209 5057 3359 5108 talem
3394 5076 3587 5123 ρνανεο-

1997 5141 2108 5195 nem
2139 5133 2342 5195 tuarum
2374 5125 2613 5178 virtutum
2643 5124 2892 5195 reperisti.
3242 5126 3511 5185 ΜΑιιτιΑΝ.

2075 5193 2091 5231 f
2132 5192 2361 5266 [κως-ιιι
2392 5213 2494 5251 non
2527 5198 2646 5250 tulit
2680 5192 2867 5248 isthmc
2906 5196 3190 5266 i‘Tpiphanii
3224 5198 3477 5263 cpistola.

2065 5274 2089 5310 κ
2124 5263 2492 5339 Confereodus
2531 5270 2866 5339 Sozomcuus
2897 5263 2988 5321 liii.
3011 5263 3018 5265 “
3040 5285 3093 5321 ιιι
3122 5284 3237 5334 cap.
3282 5268 3343 5319 I4
3374 5268 3587 5339 :_To»J-r;§

1989 5335 2488 5416 (Ἱλαριῶνιλπατρὶς
2538 5343 2627 5412 μὲν
2676 5336 2733 5397 ἦν
2758 5338 2990 5403 Θαϐαθά,
3019 5342 3167 5416 actin/.72
3191 5333 3327 5416 sipo;
3358 5333 3501 5416 vo'foli
3532 5333 3587 5394 δῖ

1990 5403 2150 5535 ξάξής
2163 5403 2388 5481 κειμένης
2409 5403 2464 5466 ἔτι
2487 5403 2630 5475 "le,
2658 5417 2997 5485 γραμματικῷ
3015 5408 3067 5461 δέ
3091 5403 3272 5477 (ponde
3298 5406 3345 5455 ἐν
3367 5403 3587 5470 Ἀλεξαν-

2023 5484 2153 5535 otia.
2184 5491 2288 5535 etc.

2055 5484 2153 5539 εία.
2184 5491 2288 5535 etc.

2082 5504 2097 5533 ι
2142 5523 2153 5539 .
2200 5502 2213 5515 ³
2257 5502 2288 5535 ἰ

2020 5502 2089 5587 P‘h
2102 5502 2361 5608 gvaﬁlitani
2392 5553 2453 5607 ob
2482 5552 2647 5605 varias
2671 5547 3015 5617 inﬁrmitates,
3040 5555 3088 5599 et
3120 5541 3381 5610 passiones
3414 5560 3431 5597 :
3458 5562 3587 5615 pau-

1992 5623 2044 5681 Ῑθ
2071 5632 2194 5696 Ρ⁴³⁸ί
2213 5666 2227 5690 ο
2263 5627 2433 5685 dicens
2463 5638 2561 5696 pro
2588 5622 2798 5696 ducens.

2070 5683 2089 5735 ι’
2120 5683 2250 5776 Μεέ
2283 5683 2541 5776 Μάλωὴα,
2581 5702 2634 5751 et
2672 5688 2902 5747 Manum.
2931 5683 3051 5745 Viti.
3083 5684 3443 5746 Sozomenum
3486 5689 3581 5752 lib.

1992 5781 2045 5839 v,
2069 5781 2187 5847 cap.
2221 5771 2273 5833 5.
