4056 6294
455 238 525 299 Si
1703 237 1763 294 S.
1806 235 2075 294 EUSEBII
2112 237 2497 298 IIIERONYMI
3683 243 3755 299 ω

455 361 584 418 dam
607 370 632 398 ⁸
662 360 917 431 pectoris,
941 365 996 414 et
1021 357 1272 414 scintillae
1294 356 1417 413 ﬁdei
1440 356 1495 412 in
1519 356 1693 413 oculis
1709 356 2046 412 relucebant.
2077 362 2130 422 Α
2156 361 2373 435 projecit
2393 363 2445 416 in
2475 377 2617 416 mare
2637 361 2657 435 (
2675 361 2842 418 Exod.
2869 376 2960 425 xv,
2990 363 3013 416 l
3041 361 3081 432 ).
3118 360 3208 422 Et.
3240 361 3312 416 Hi
3339 362 3392 416 in
3419 361 3678 424 curribus,
3707 369 3755 415 et

457 452 488 494 δ
517 455 703 510 Laeves
735 452 841 525 [ΑΙ.
876 451 1052 524 lenes]
1097 462 1257 508 erant
1285 466 1458 522 genae,
1518 450 1810 506 delicatum
1857 463 2052 522 corpus

457 557 513 603 et
555 555 740 612 tenue,
784 556 838 602 et
867 546 934 601 ad
980 561 1200 600 onmem
1234 545 1486 614 injuriam
1531 544 1860 612 impatiens:
1910 542 2056 613 quod

461 638 565 696 levi
591 640 676 695 vel
709 640 930 710 frigore,
964 638 1050 693 vel
1077 646 1240 704 aestu,
1269 646 1454 706 posset
1484 636 1668 707 affligi.
1703 636 1870 707 Igitur
1898 651 2056 691 sacco

459 740 671 788 tantum
728 733 969 789 membra
1021 743 1334 802 coopertus,
1389 739 1445 785 et
1508 731 1795 801 pelliceum
1853 729 2059 784 habens

460 827 792 899 ependyten,
822 843 980 897 quem
1016 827 1088 880 illi
1138 826 1327 880 beatus
1377 827 1646 880 Antonius
1691 824 2059 894 proﬁciscenti

461 918 714 982 dederat,
743 933 1040 990 sagumque
1066 919 1352 985 rusticum,
1375 921 1517 973 inter
1542 933 1692 974 mare
1711 929 1764 974 et
1786 918 2054 989 paludem,

461 1019 615 1066 vasta
664 1018 720 1065 et
765 1010 996 1066 terribili
1053 1009 1348 1064 solitudine
1396 1009 1697 1074 fruebatur,
1749 1009 2059 1080 quindecim

465 1113 674 1160 tantum
722 1104 930 1158 caricas
977 1110 1100 1172 post
1147 1102 1279 1157 solis
1327 1117 1580 1158 occasum
1626 1102 1944 1158 comedens.
1994 1101 2064 1156 Et

464 1199 590 1270 quia
623 1198 778 1265 regio
805 1197 1105 1252 latrociniis
1138 1197 1352 1252 infamis
1379 1205 1520 1264 erat,
1556 1211 1847 1266 numquam
1888 1197 1940 1250 in
1967 1210 2061 1250 eo-

463 1291 588 1348 dem
613 1292 733 1347 loco
765 1292 1008 1348 habitare
1029 1303 1413 1348 consueverat.
1439 1292 1578 1361 Quid
1605 1291 1713 1364 [Αι.
1739 1291 2061 1346 mansitans.

463 1382 626 1453 Quid]
658 1383 864 1439 faceret
886 1384 1174 1439 diabolus?
1200 1399 1308 1454 quo
1332 1399 1390 1440 se
1421 1384 1702 1440 verteret?
1727 1382 1832 1450 Qui
1859 1383 2062 1452 gloria-

463 1476 625 1531 batur
647 1489 793 1540 ante,
827 1478 1016 1532 dicens
1042 1496 1054 1531 :
1087 1476 1151 1531 In
1180 1480 1364 1531 caelum
1390 1479 1682 1541 ascendam,
1711 1493 1864 1548 super
1893 1476 2067 1530 sidera

465 1566 580 1621 coeli
623 1585 808 1639 ponam
852 1569 1090 1622 thronum
1126 1585 1315 1634 meum,
1351 1579 1398 1623 et
1441 1585 1525 1622 ero
1569 1569 1754 1622 similis
1799 1566 2065 1620 Altissimo

471 1656 748 1728 (Isa.xtv,
785 1659 914 1732 Η),
972 1662 1229 1716 cernebat
1271 1676 1330 1715 se
1356 1661 1497 1715 vinei
1526 1675 1557 1714 a
1603 1675 1798 1730 puero,
1829 1670 1884 1714 et
1917 1660 2066 1728 prius

2158 457 2212 508 hi
2231 457 2284 509 in
2312 458 2491 528 equis:
2525 473 2614 510 nos
2636 467 2807 511 autem
2833 457 2885 510 in
2913 457 3114 510 nomine
3148 454 3245 510 Dei
3270 457 3431 510 nostri
3456 454 3756 528 magniﬁca-

2158 548 2326 604 bimur
2353 552 2372 622 (
2397 549 2485 603 Ps.
2521 565 2630 616 XVI,
2664 550 2729 605 l8
2749 554 2789 618 ).

2232 645 2285 698 7.
2329 643 2505 698 Multa:
2557 653 2684 698 sunt
2727 644 3050 698 tentationes
3090 644 3231 714 ejus,
3285 651 3340 698 et
3366 643 3456 698 die
3485 650 3758 710 noctuque

2161 738 2323 792 varize
2369 737 2674 792 daemonum
2722 737 2934 792 insidim
2975 752 3158 807 :quas
3199 737 3242 791 si
3291 752 3482 792 omnes
3533 751 3760 793 narrare

2162 830 2345 895 velim,
2378 830 2595 884 modum
2625 829 2881 885 excedam
2904 829 3214 884 voluminis.
3238 829 3464 894 Quoties
3495 829 3570 883 illi
3603 827 3759 883 nuda:

2165 925 2420 980 mulieres
2470 923 2712 990 cubanti,
2763 924 2975 994 quoties
3015 922 3278 978 esurienti
3315 923 3639 993 largissimae
3667 937 3762 991 ap-

2165 1031 2393 1086 paruere
2421 1016 2628 1086 dapes?
2659 1015 2932 1070 Interdum
2964 1024 3213 1070 orantem
3251 1015 3410 1083 lupus
3439 1013 3676 1078 ululans,
3705 1020 3761 1067 et

2166 1110 2448 1179 vulpecula
2479 1110 2745 1179 ganniens
2775 1108 3082 1170 lransilivit,
3113 1107 3481 1176 psallentiqne
3499 1103 3766 1174 glatliato.

2166 1221 2284 1261 rum
2328 1219 2500 1274 pugna
2534 1202 2900 1273 spectaculum
2945 1200 3210 1272 praebuit:
3245 1209 3299 1256 et
3328 1213 3468 1254 unus
3497 1198 3651 1268 quasi
3683 1197 3766 1251 in-

2168 1296 2454 1365 terfectus,
2500 1305 2557 1351 et
2588 1305 2716 1351 ante
2746 1294 2910 1365 pedes
2938 1292 3055 1364 ejus
3099 1307 3387 1359 corruens,
3429 1290 3766 1362 sepulturam

2167 1389 2398 1458 rogarit.

2240 1482 2292 1537 8.
2337 1481 2519 1536 Oravit
2553 1480 2681 1554 [Ms.
2715 1479 2927 1552 orabat]
2955 1479 3125 1534 semel
3156 1479 3264 1534 ﬁxo
3295 1479 3347 1533 in
3383 1487 3584 1533 terram
3617 1476 3770 1546 capi—

2170 1586 2245 1639 te,
2283 1575 2381 1645 17
2413 1584 2467 1630 et
2496 1585 2557 1629 ut
2581 1584 2768 1628 natura
2803 1573 2908 1629 tert
2939 1572 3248 1636 hominum,
3291 1570 3519 1624 abducta
3549 1569 3617 1623 ab
3645 1583 3771 1622 ora-

2171 1670 2317 1724 tione
2374 1684 2544 1735 mens,
2611 1669 2798 1724 nescio
2846 1667 2974 1738 quid
3027 1665 3173 1720 aliud
3219 1665 3532 1735 cogitabat:
3581 1662 3773 1719 insiliit

470 1750 540 1806 ab
592 1767 658 1806 co
688 1753 952 1807 calcatum
986 1752 1177 1818 fuisse.
1221 1767 1387 1824 quam
1430 1767 1529 1823 per
1579 1760 1795 1807 aetatem
1839 1765 2067 1820 peccare
2097 1752 2144 1812 B
2171 1759 2338 1815 dorso
2381 1760 2500 1830 ejus
2551 1759 2568 1796 ί
2617 1761 2873 1829 agitator,
2901 1768 2954 1812 et
2983 1756 3154 1812 latera
3201 1756 3462 1819 calcibus,
3497 1753 3770 1808 cervicem

469 1845 762 1914 p0tuisset.

548 1934 653 2007 16
689 1937 744 1990 5.
791 1947 812 1974 ο
862 1937 1140 1993 Titillabat
1193 1938 1375 2007 itaque
1421 1952 1615 1992 sensus
1672 1937 1814 2007 ejus,
1872 1944 1926 1992 et
1976 1953 2074 2007 pu-

471 2028 718 2084 bescenti
761 2032 978 2099 corpori
1011 2033 1170 2087 solita
1207 2033 1546 2104 voluptatum
1581 2032 1830 2087 incendia
1883 2048 2074 2103 sugge-

471 2124 652 2179 rebat.
707 2125 1010 2195 Cogebatur
1056 2128 1362 2182 tirunculus
1392 2127 1592 2182 Christi
1641 2128 1879 2197 ctigitare
1927 2131 2072 2198 quod

471 2219 773 2287 nesciebat,
805 2231 856 2275 et
880 2220 995 2290 ejus
1027 2222 1104 2276 rei
1140 2222 1321 2276 animo
1353 2236 1604 2292 pompam
1633 2222 1877 2287 volvere,
1917 2222 2074 2291 cujus

471 2312 847 2379 experimenta
903 2330 1010 2368 non
1065 2324 1310 2370 noverat.
1378 2315 1551 2369 Iratus
1600 2317 1782 2384 itaque
1840 2315 1965 2378 sibi,
2023 2323 2080 2369 et

472 2410 665 2474 pectus
708 2405 902 2474 pugnis
952 2407 1253 2460 verberans
1297 2405 1482 2477 (quasi
1524 2407 1888 2476 cogitationes
1928 2406 2077 2460 mede

475 2511 670 2551 manus
702 2508 882 2567 posset
906 2498 1240 2571 excludere)
1266 2517 1277 2552 :
1306 2499 1442 2569 Ego,
1476 2500 1670 2570 inquit,
1704 2497 1731 2535 ἀ
1775 2499 1968 2564 aselle,
1999 2498 2077 2553 fa-

471 2590 633 2656 ciam,
688 2602 885 2646 utnon
936 2592 1232 2648 calcitres:
1287 2608 1388 2648 nec
1420 2602 1472 2648 te
1525 2593 1732 2648 horch
1781 2593 1948 2655 alam,
1983 2592 2076 2646 sed

473 2681 661 2751 paleis.
710 2682 872 2738 Fame
922 2693 974 2738 te
1018 2683 1306 2738 conﬁciam
1357 2693 1406 2736 et
1454 2683 1586 2745 siti;
1639 2683 1790 2753 gravi
1840 2684 2080 2738 onerabo

474 2776 761 2844 pondere;
805 2791 902 2844 per
929 2784 1095 2829 aestus
1141 2775 1406 2843 indagabo
1435 2783 1492 2828 et
1541 2775 1763 2844 frigora,
1814 2784 1870 2830 ut
1899 2777 2077 2830 cibum

474 2867 657 2936 pOIius
679 2883 840 2935 quam
869 2867 1146 2921 lasciviam
1171 2868 1398 2936 eogites.
1432 2868 1732 2922 Herbarum
1755 2884 1884 2937 ergo
1915 2884 2081 2924 succo

476 2969 531 3014 et
572 2959 760 3029 paucis
808 2958 1008 3014 caricis
1051 2967 1170 3029 post
1221 2959 1456 3013 triduum
1488 2961 1574 3014 vel
1604 2961 1949 3030 quatriduum
1981 2963 2078 3015 de-

478 3051 750 3107 flcientem
783 3053 1020 3106 animam
1071 3054 1432 3117 sustentabat,
1465 3069 1626 3108 orans
1676 3054 1988 3124 frequenter
2026 3063 2082 3110 et

2175 1852 2390 1921 flagello
2443 1849 2740 1905 verberans
2797 1868 2810 1904 :
2868 1849 3007 1913 Eia,
3064 1848 3283 1917 inquit,
3335 1861 3432 1901 cur
3469 1845 3773 1900 dormitas?

2174 1941 2612 2008 cachinnansque
2639 1941 2895 2011 desuper,
2946 1941 2989 1994 si
3023 1938 3130 2010 [Αἰ.
3171 1936 3318 2010 cum]
3362 1937 3670 2004 defecisset,
3702 1951 3772 1993 an

2177 2033 2441 2088 hordeum
2473 2032 2639 2088 vellet
2663 2033 2938 2100 accipere,
2969 2032 3374 2085 sciscitabatur.

2248 2129 2300 2181 9.
2347 2125 2684 2197 Tuguriolum
2728 2124 3039 2179 Hilarionis.
3079 2154 3149 2164 —
3193 2124 3363 2194 Igitur
3403 2138 3432 2177 a
3483 2133 3639 2178 sexto
3674 2123 3774 2179 de-

2178 2222 2320 2276 cimo
2350 2236 2524 2287 usque
2552 2220 2617 2272 ad
2649 2218 2967 2274 vicesimum
2996 2233 3108 2273 sum
3135 2220 3308 2272 :Btatis
3336 2234 3566 2277 annum.
3606 2229 3776 2275 aestus

2181 2323 2236 2368 et
2264 2311 2472 2382 pluvias
2496 2311 2647 2365 brevi
2679 2311 3066 2381 tuguriunculo
3094 2311 3411 2377 deelinavit,
3445 2311 3588 2382 quod
3609 2312 3777 2380 junco

2179 2415 2234 2462 et
2260 2405 2438 2461 carice
2467 2413 2695 2459 texerat.
2744 2404 3027 2458 Exstrucla
3058 2405 3316 2473 deinceps
3359 2404 3508 2458 brevi
3539 2404 3733 2458 cellula
3755 2445 3771 2470 ,

2177 2516 2303 2570 qum
2336 2514 2506 2566 usque
2533 2498 2692 2553 hodie
2713 2507 3020 2568 permanet,
3057 2496 3346 2551 altitudine
3378 2495 3577 2565 pedum
3611 2496 3776 2566 quin-

2180 2606 2316 2659 que,
2361 2589 2465 2644 hoc
2491 2601 2571 2642 est
2605 2597 2818 2641 statura
2848 2603 2942 2641 sua
2977 2587 3292 2651 humiliore,
3337 2602 3502 2657 porro
3543 2587 3780 2659 longitu-

2182 2681 2309 2736 dine
2341 2681 2503 2748 paulo
2545 2680 2833 2749 ampliore,
2866 2695 3026 2748 quam
3059 2682 3179 2748 ejus
3213 2680 3600 2750 corpusculum
3632 2690 3656 2727 ε
3685 2695 3777 2750 pa-

2184 2774 2460 2838 tiebatur,
2537 2781 2595 2827 ut
2658 2772 2965 2842 sepulcrum
3028 2776 3251 2843 potius,
3325 2786 3488 2843 quam
3554 2771 3777 2827 domum

2182 2868 2456 2922 crederes.

2257 2963 2344 3015 IO.
2388 2960 2569 3014 Cultus
2601 2959 2910 3014 Hilarionis.
2940 2987 3011 3000 —-
3046 2957 3313 3032 Capillum
3346 2959 3516 3015 semel
3543 2959 3596 3014 in
3632 2974 3780 3014 anno

2183 3055 2273 3109 die
2325 3054 2548 3109 Pascha:
2597 3054 2872 3110 totondit:
2921 3069 3086 3124 super
3132 3055 3330 3109 nudam
3365 3055 3587 3108 humum
3643 3065 3784 3108 stra-

481 3146 742 3215 psallens,
777 3154 832 3200 et
883 3154 1060 3199 rastro
1094 3146 1315 3200 humum
1367 3145 1620 3210 fodiens;
1670 3156 1725 3200 ut
1749 3147 2076 3216 jejuniorum
2109 3139 2154 3202 C
2187 3157 2408 3214 tumque
2448 3147 2704 3216 juncemn
2749 3162 2920 3216 usque
2965 3147 3032 3201 ad
3061 3157 3294 3201 mortem
3326 3147 3610 3201 cubitavit.
3649 3145 3785 3201 Sac-

478 3237 723 3294 laborem
771 3240 923 3294 labor
951 3241 1130 3307 operis
1179 3239 1502 3306 duplicaret.
1536 3240 1817 3310 Simulque
1848 3241 2078 3296 ﬁscellas

471 3331 640 3402 junco
667 3343 876 3398 texens,
910 3331 1264 3386 :ernulabatnr
1287 3331 1662 3403 IEgyptiorum
1698 3333 2077 3388 Monachormn

483 3423 850 3489 disciplinam,
888 3434 942 3478 et
981 3425 1234 3494 Apostoli
1265 3428 1611 3493 sententiam,
1663 3427 1936 3481 dicentis:
1980 3427 2080 3491 Qui

482 3529 651 3571 autem
679 3535 779 3571 non
810 3527 1079 3585 operatur,
1105 3534 1204 3571 non
1239 3518 1545 3586 manducet(
1568 3518 1607 3572 ll
1636 3517 1816 3580 Thess.
1839 3533 1914 3581 Ill,
1941 3519 2036 3587 IO)
2067 3536 2079 3572 :

484 3608 566 3662 sic
593 3618 926 3674 attenuatus,
958 3619 1012 3664 et
1055 3609 1108 3664 in
1139 3619 1347 3664 tantum
1379 3625 1544 3665 exeso
1579 3624 1829 3681 corpore,
1863 3617 1922 3664 ut
1949 3610 2085 3663 ossi-

486 3701 588 3756 bus
618 3701 704 3755 vix
731 3701 983 3756 luereret.
1160 3693 1164 3698 ’

557 3791 610 3847 ϐ.
644 3792 881 3859 Quadam
914 3804 1098 3860 nocte,
1143 3795 1406 3852 infantum
1436 3796 1580 3866 cepit
1624 3796 1814 3851 audire
1847 3796 2086 3863 vagitus,

489 3883 704 3938 balatus
753 3900 1031 3953 pecorum,
1081 3888 1315 3956 mugitus
1369 3890 1553 3952 boum,
1609 3887 1880 3957 planctum
1933 3885 2084 3954 quasi

489 3976 930 4031 muliercularum
954 3977 1060 4049 [AL
1085 3978 1426 4051 mulierum],
1448 3980 1665 4034 leonum
1688 3980 1919 4048 rugitus,
1940 3993 2087 4033 mur-

490 4083 612 4123 mur
631 4070 923 4136 exercitus,
958 4081 1010 4125 et
1041 4080 1064 4107 θ
1089 4087 1273 4126 rursus
1303 4073 1575 4126 variarum
1602 4081 1847 4142 portenta
1872 4085 2085 4136 vocum,

489 4171 551 4214 ut
604 4171 730 4216 ante
778 4163 954 4217 sonitu
1001 4179 1160 4232 quam
1193 4176 1414 4233 aspectu
1450 4164 1672 4218 territus
1711 4162 1950 4218 cederet.
2001 4162 2090 4214 ln-

493 4253 702 4308 tellexit
733 4254 1039 4310 daemonum
1078 4254 1342 4321 ludibria;
1395 4264 1449 4308 et
1480 4256 1800 4323 provolutus
1837 4255 2088 4324 genibus,

493 4345 693 4401 Christi
737 4363 954 4404 crucem
999 4348 1232 4417 signavit
1258 4348 1310 4401 in
1342 4346 1520 4400 fronte
1548 4365 1561 4401 :
1587 4347 1784 4415 talique
1823 4356 2090 4408 armatus,

487 4437 679 4508 jacens
703 4439 894 4494 fortius
923 4439 1306 4508 prmliabatnr;
1337 4437 1740 4506 quodammodo
1769 4437 1955 4492 videre
1995 4436 2092 4490 de-

2183 3254 2302 3294 cnm
2329 3255 2436 3309 quo
2463 3241 2631 3295 semel
2666 3241 2839 3295 fuerat
2870 3239 3111 3304 indutus,
3147 3255 3436 3310 numquam
3472 3239 3659 3293 lavans
3686 3255 3699 3292 :
3727 3247 3784 3293 et

2185 3347 2538 3387 supenrwux
2581 3348 2704 3386 esse
2754 3332 2942 3386 dicens
2994 3331 3287 3385 munditias
3327 3333 3380 3385 in
3421 3332 3600 3386 cilicio
3627 3347 3784 3401 qua:-

2186 3440 2328 3478 rere.
2362 3423 2472 3478 Nec
2498 3423 2722 3477 mutavit
2751 3423 2980 3477 alteram
3016 3423 3274 3488 tunicam,
3310 3423 3414 3478 nisi
3461 3439 3585 3478 cum
3635 3424 3785 3493 prior

2188 3517 2401 3586 penitus
2433 3517 2604 3571 scissa
2636 3527 2803 3571 esset.
2835 3515 3148 3585 St-ripturas
3173 3531 3388 3587 quoque
3419 3527 3638 3572 sanctas
3666 3531 3785 3572 me-

2187 3609 2412 3663 moriter
2443 3617 2653 3673 tenens,
2685 3616 2805 3677 post
2826 3608 3104 3661 orationes
3133 3617 3187 3662 et
3221 3607 3457 3677 psalmos
3487 3608 3641 3679 quasi
3671 3607 3788 3662 Deo

2188 3709 2460 3771 przescnte
2491 3701 2772 3755 recitabat.
2813 3699 2878 3754 Et
2909 3701 3033 3769 quia
3062 3700 3284 3770 longum
3313 3709 3399 3755 est
3429 3716 3526 3770 per
3571 3701 3786 3754 diversa

2190 3803 2430 3860 tempora
2463 3793 2692 3860 carptim
2735 3805 3024 3846 ascensum
3057 3790 3165 3862 [AL
3210 3790 3493 3863 ascensus]
3521 3793 3638 3860 ejus
3673 3790 3789 3845 edi-

2190 3902 2333 3952 cere,
2371 3886 2828 3953 comprehendam
2880 3887 3120 3940 breviter
3155 3894 3282 3940 ante
3327 3886 3547 3940 lectoris
3574 3885 3786 3951 oculos,

2195 3980 2372 4033 Vitam
2405 3979 2521 4047 ejus
2551 3979 2758 4048 pariter
2804 3993 3117 4046 exponens;
3167 3986 3222 4032 et
3265 3977 3528 4046 deinceps
3567 3975 3631 4030 ad
3665 3991 3792 4029 nar-

2194 4071 2346 4127 randi
2376 4071 2623 4125 ordinem
2651 4070 2950 4140 regrediar.

2269 4169 2355 4221 Il.
2392 4167 2566 4220 Victus
2600 4165 2913 4218 Hilarionis.
2959 4193 3029 4203 --
3059 4164 3104 4218 Α
3135 4162 3396 4218 vicesimo
3437 4163 3615 4232 primo
3643 4176 3791 4216 anno

2196 4272 2364 4328 usque
2405 4256 2470 4309 ad
2509 4257 2824 4310 vicesimum
2865 4255 3179 4323 septimum,
3231 4254 3402 4308 tribus
3449 4253 3606 4307 annis
3635 4251 3797 4308 dimi-

2197 4351 2343 4406 dium
2379 4351 2539 4405 lentis
2566 4350 2864 4404 sextarium
2899 4347 3268 4402 madefactum
3302 4361 3438 4413 aqua
3471 4344 3672 4412 frigida
3702 4360 3800 4399 co-

2199 4446 2386 4509 medit,
2434 4452 2487 4498 et
2531 4443 2652 4497 aliis
2683 4442 2857 4496 tribus
2901 4453 3096 4508 panem
3144 4437 3353 4490 aridum
3405 4452 3531 4491 cum
3574 4437 3688 4491 sale
3738 4447 3794 4492 et

489 4527 762 4596 siderans,
816 4546 951 4600 quos
1008 4530 1263 4585 horrebat
1313 4529 1524 4594 audire,
1555 4540 1608 4585 et
1642 4529 1887 4584 sollicitis
1917 4529 2090 4583 oculis
2119 4529 2352 4609 Daqna,
2388 4536 2556 4590 Porro
2601 4552 2628 4588 τι
2679 4534 2943 4604 vigesimo
2985 4531 3217 4592 septimo
3258 4545 3430 4597 usque
3461 4529 3530 4584 ad
3576 4531 3794 4585 tricesi-

494 4621 600 4675 buc
645 4620 877 4690 illucque
919 4623 1386 4692 circumspiciens.
1431 4620 1566 4676 Cum
1613 4621 1832 4675 interim
1880 4636 1947 4675 ex
1988 4621 2087 4674 im-

496 4715 737 4786 proviso,
771 4717 1092 4785 splendente
1119 4718 1267 4782 luna,
1301 4717 1476 4772 cernit
1501 4716 1724 4772 rhedam
1749 4715 2085 4771 ferventibus

496 4808 652 4878 equis
679 4824 843 4878 super
877 4825 936 4864 se
963 4812 1171 4865 irruere
1195 4829 1208 4863 :
1237 4825 1470 4879 cumque
1492 4809 1840 4864 inclamasset
1861 4809 2047 4864 Jesum
2069 4853 2082 4876 ,

495 4909 620 4954 ante
643 4900 831 4956 oculos
857 4903 975 4972 ejus
1001 4903 1288 4971 repentino
1317 4914 1477 4958 terra:
1505 4903 1674 4968 hiatu,
1701 4919 1893 4971 pompa
1913 4904 2089 4956 omnis

499 4990 754 5062 absorpta
793 5001 895 5046 est.
949 4993 1098 5048 Tunc
1140 4995 1228 5050 ille
1271 4995 1389 5049 ait:
1427 4993 1629 5065 Equum
1678 5007 1726 5049 et
1773 5011 2091 5051 ascensorem

575 5140 600 5166 ⁸
632 5130 746 5184 Vox
775 5132 989 5201 pectoris
1011 5132 1063 5184 in
1094 5146 1223 5184 mss.
1256 5131 1366 5184 fere
1395 5131 1734 5186 desideratur

573 5201 601 5241 δ
618 5201 793 5254 Lmves
820 5214 962 5254 erant
987 5217 1148 5266 genie.
1165 5202 1219 5253 In
1236 5203 1478 5273 editione
1499 5203 1809 5260 Erastniana
1836 5205 2087 5273 legimus,

503 5276 643 5329 lenes
692 5283 837 5327 erant
885 5289 1064 5344 gente;
1106 5273 1198 5327 sed
1226 5272 1381 5336 falso,
1413 5290 1532 5326 cum
1565 5289 1752 5329 omnes
1776 5272 1908 5332 mss.
1939 5278 2092 5330 Codi-

503 5361 594 5400 ces
638 5345 880 5399 melioris
928 5358 1072 5398 notae
1119 5355 1276 5414 atque
1320 5360 1542 5410 manus,
1584 5349 1854 5403 retineant
1905 5361 2092 5401 vocem

504 5417 673 5470 la’ves.
711 5415 912 5471 Eadem
943 5416 1131 5472 fraude
1169 5418 1250 5469 vel
1284 5415 1549 5484 imperitia
1606 5426 1847 5473 veterum
1889 5419 2095 5471 exscri-

505 5499 715 5556 ptorum
746 5490 922 5558 potuit
964 5491 1202 5556 irrepere
1245 5489 1473 5544 verbum
1506 5488 1634 5542 lenis
1671 5504 1768 5557 pro
1801 5489 1960 5542 lteris.
1987 5487 2090 5542 Ge-

505 5575 624 5615 nes.
656 5561 750 5622 27,
787 5561 873 5626 Il,
902 5576 992 5628 ego
1019 5577 1137 5613 vero
1169 5558 1320 5612 lenis.
1750 5559 2018 5628 Maurus.

582 5640 602 5667 ε
625 5629 892 5683 Titillabut
916 5626 1102 5699 itaque.
1128 5631 1257 5684 bISs.
1277 5629 1540 5682 Avenion.
1563 5636 1618 5699 et
1630 5628 1815 5684 Tolus.
1835 5626 2098 5681 ’littllubat

504 5699 679 5770 itaque
705 5715 882 5752 sensus
914 5698 1026 5769 ejus
1062 5701 1284 5755 naturali
1317 5699 1490 5752 carnis
1513 5698 1718 5767 ardore,
1749 5707 1955 5823 ᾔνεις.

1809 5781 1955 5823 antu

1755 5771 2024 5826 Maurus.-

2199 4640 2368 4686 mum,
2389 4623 2573 4676 herbis
2602 4618 2930 4689 agrestibus.
2961 4625 3017 4670 et
3045 4615 3401 4685 virgultorum
3435 4613 3792 4684 quorumdam

2199 4715 2469 4769 radicibus
2495 4712 2677 4766 crudis
2717 4717 3054 4764 sustentatus
3086 4716 3189 4762 est.
3227 4709 3269 4761 A
3305 4708 3579 4761 tricesimo
3610 4719 3792 4762 autem

2198 4807 2372 4877 primo
2417 4820 2586 4874 usque
2627 4803 2694 4856 ad
2748 4801 3079 4856 tricesimum
3126 4800 3409 4868 quintum,
3456 4815 3551 4854 sex
3601 4799 3795 4854 uncias

2199 4899 2482 4955 hordeacei
2512 4901 2686 4965 panis,
2717 4904 2772 4949 et
2795 4906 3005 4948 coctum
3041 4891 3254 4946 modice
3278 4891 3398 4945 olus
3421 4892 3628 4959 absque
3663 4889 3792 4944 oleo

2199 4995 2254 5049 in
2280 4973 2401 5047 cibo
2433 4988 2637 5042 habuit.
2673 4984 2926 5042 Sentiens
2954 4995 3137 5039 autem
3167 4983 3406 5052 caligare
3431 4981 3617 5037 oculos
3640 4994 3792 5046 suos,

2269 5128 2293 5164 ά
2328 5125 2739 5195 Elegantissime
2763 5123 2821 5179 S.
2857 5121 3119 5176 Paulinus
3149 5119 3339 5174 Poem.
3372 5133 3464 5173 nt
3495 5136 3508 5174 :

2290 5228 2366 5289 Sii
2389 5237 2527 5286 fortis
2552 5239 2710 5286 anima
2735 5233 3029 5285 mortificans
3053 5236 3241 5284 asinum
3266 5245 3430 5292 suum,

2199 5359 2399 5416 corpus
2427 5360 2622 5414 nempe
2653 5344 2704 5398 in
2736 5342 2987 5397 libidines
3018 5355 3270 5416 pronum.

2275 5413 2312 5454 θ’
2337 5417 2469 5470 Cum
2500 5413 2735 5470 VicIm-io
2762 5430 2891 5468 mss.
2928 5413 3093 5466 nostri
3125 5427 3334 5482 prorsus
3367 5423 3463 5482 pro
3489 5423 3692 5482 rursus.

2275 5488 2293 5526 ί
2329 5488 2532 5543 Victor.
2559 5489 2784 5556 festinus
2800 5485 3041 5556 agitator,
3083 5480 3178 5549 pro
3205 5498 3312 5556 quo
3338 5481 3465 5556 olim
3512 5480 3804 5556 gladiator.

2202 5560 2322 5614 Mox
2356 5571 2532 5616 antem
2559 5551 2679 5614 'duo
2745 5554 2986 5609 Vaticani
3031 5569 3220 5607 curre:
3251 5551 3542 5605 dormitas?
3570 5565 3667 5620 pro
3710 5566 3804 5604 cur

2206 5632 2476 5684 dormitat.

2280 5712 2302 5749 ε
2340 5703 2451 5758 Duo
2475 5701 2635 5758 codd.
2666 5695 2982 5766 spatiabatur
3006 5695 3111 5753 alio
3127 5709 3288 5751 sensu
3312 5693 3449 5750 forte
3483 5707 3547 5750 an
3581 5691 3804 5749 concin-

2209 5786 2368 5826 DIOI'I-
