4056 6322
216 315 281 374 53
1321 309 1479 370 VITA
1518 308 1578 370 S.
1621 308 2017 371 IIILARIONIS
2058 307 2412 368 EREMITJ.
3452 304 3524 366 δι

222 440 274 487 et
303 440 475 486 totum
503 444 713 501 corpus
745 429 1057 502 intpetigine
1084 436 1141 484 et
1160 428 1407 501 pumicea
1437 430 1676 499 quadam
1704 445 1823 486 sca—
1850 432 1896 492 Α
1927 437 2038 484 tum
2064 427 2326 497 temporis
2354 425 2471 480 visa
2509 423 2764 487 muliere,
2800 420 3159 493 interrogavit
3188 433 3400 476 causam
3423 421 3520 476 ad-

224 523 450 580 bredine
506 522 796 586 contrahi,
847 521 915 577 ad
966 523 1311 593 superiorem
1364 524 1569 579 victum
1622 522 1823 591 adjecit

226 618 405 675 oleum
432 634 448 670 :
479 626 536 673 et
575 631 750 687 usque
778 615 845 669 ad
874 616 1270 685 sexagesimum
1302 616 1524 670 tertium
1554 618 1681 670 vita:
1710 628 1826 670 sua:

228 725 434 767 annum
464 712 562 766 hoc
604 708 951 766 continentia:
990 714 1235 766 cucurrit
1263 709 1517 780 gradum,
1557 709 1692 764 nihil
1731 724 1826 764 ex-

231 804 499 859 trinsecus
549 812 638 858 aut
672 817 977 873 pomorum,
1023 810 1118 859 aut
1158 803 1467 873 leguminis,
1514 814 1611 857 aut
1638 801 1825 872 cujus-

232 899 367 956 libet
403 897 484 954 rei
522 889 938 968 gustansﬂode
973 912 1098 952 cum
1143 911 1203 952 se
1233 897 1444 951 videret
1477 911 1707 967 corpore
1733 894 1830 951 de-

231 989 543 1060 fatigatum,
562 1000 618 1045 et
646 988 995 1061 propinquam
1021 998 1237 1060 putaret
1265 989 1551 1044 imminere
1573 996 1827 1052 mortem,

230 1100 262 1139 a
287 1085 635 1155 sexagesimo
655 1093 843 1154 quarto
856 1099 1005 1138 anno
1024 1098 1196 1151 usque
1216 1083 1283 1137 ad
1302 1083 1697 1153 oetogesintum
1728 1082 1832 1154 ιε

232 1187 381 1244 pane
427 1173 715 1241 abstinuit,
764 1173 1077 1228 incredibili
1124 1173 1341 1229 fervore
1391 1173 1631 1241 utentis,
1678 1180 1738 1226 ut
1764 1186 1831 1226 eo

236 1275 489 1336 tempore
528 1267 676 1337 quasi
732 1280 906 1321 novus
932 1266 1218 1322 accederet
1258 1265 1326 1320 ad
1366 1266 1685 1321 servitutem
1730 1264 1835 1319 Do-

234 1358 396 1421 mini,
428 1374 531 1427 quo
553 1358 739 1414 c:eteri
761 1361 941 1414 solent
969 1359 1253 1415 remissius
1281 1359 1484 1414 vivere.
1518 1358 1710 1413 Fiebat
1738 1372 1834 1412 au-

232 1459 346 1505 tem
378 1450 429 1504 ei
458 1450 529 1505 de
572 1450 743 1505 farina
773 1460 830 1505 et
856 1453 1195 1505 comminuto
1235 1451 1387 1505 olere
1413 1450 1831 1513 sorbitiuncula,

236 1541 362 1596 cibo
387 1551 441 1595 et
470 1552 598 1612 potu
627 1544 718 1597 vix
747 1543 991 1611 quinque
1011 1543 1199 1598 uncias
1220 1542 1659 1613 appendentibus
1685 1558 1698 1593 :
1730 1542 1835 1595 sic-

236 1649 347 1705 que
366 1634 644 1705 complens
673 1635 924 1690 ordinem
957 1635 1107 1700 vitaz,
1128 1645 1561 1706 nuutquautaote
1575 1635 1708 1688 solis
1739 1648 1835 1688 oc-

235 1740 443 1793 casum,
472 1742 573 1783 nec
600 1728 651 1782 in
669 1728 866 1784 diebus
893 1727 1070 1794 festis,
1093 1742 1193 1783 nec
1211 1730 1261 1782 io
1278 1727 1597 1797 gravissima
1629 1726 1835 1780 valetu-

1926 531 2121 577 ventus
2150 520 2272 589 ejus
2298 533 2361 573 ac
2388 516 2638 572 ﬂetuum.
2666 516 2733 570 Et
2764 524 3051 585 postquam
3096 513 3309 577 didicit,
3339 513 3523 570 levatis

1927 614 1993 669 ad
2024 614 2225 670 crelum
2253 610 2449 675 oculis,
2483 609 2654 665 lidere
2677 608 2877 679 jussit:
2911 616 3244 678 euntentque
3275 606 3527 678 lacryntis

1929 719 2276 779 prosecutus,
2306 717 2505 761 etaeto
2532 718 2679 760 anno
2699 702 2836 759 vidit
2854 718 2977 759 cum
3010 701 3139 758 lilio.

2002 802 2088 855 Il.
2134 798 2329 854 Mulier
2374 797 2559 852 nobilis
2593 813 2725 851 uxor
2768 796 3000 868 prefecti
3026 794 3289 867 primario.
3343 792 3531 848 Mond-

1930 895 2014 949 cIti
2043 912 2145 949 non
2186 902 2333 947 erant
2370 894 2423 946 in
2458 892 2616 963 Syria
2661 903 2778 945 ante
2824 891 2887 945 S.
2932 888 3275 944 Hilarionent.
3314 916 3386 928 —
3414 886 3528 943 Hoc

1934 991 2210 1059 signorum
2254 988 2372 1059 ejus
2411 987 2741 1057 principium
2763 1027 2779 1049 ,
2807 982 2983 1054 majus
3012 984 3158 1038 aliud
3188 984 3403 1053 signum
3426 994 3530 1035 no-

1933 1082 2184 1139 bilitavit.
2217 1081 2244 1120 δ
2282 1082 2608 1138 Aristmnete
2654 1080 2757 1152 ιθ
2790 1078 3014 1146 Elpidii,
3039 1078 3128 1147 qui
3173 1084 3360 1146 postea
3392 1088 3533 1144 prte-

1935 1175 2110 1231 fectus
2144 1175 2403 1246 przetorio
2437 1174 2556 1239 fuit,
2599 1189 2759 1235 uxor.
2791 1172 2955 1227 valde
2985 1171 3186 1227 nobilis
3215 1172 3357 1225 inter
3380 1184 3530 1233 suos,

1935 1278 1991 1325 et
2017 1271 2159 1323 inter
2183 1267 2528 1323 Christianos
2571 1266 2826 1332 nobilior,
2850 1273 3135 1320 revertens
3166 1279 3290 1318 cum
3336 1264 3531 1318 marito

1935 1372 1992 1416 et
2022 1362 2196 1415 tribus
2228 1361 2415 1416 liberis
2441 1376 2468 1413 a
2500 1361 2659 1416 beato
2686 1360 2947 1421 Antonio,
2980 1357 3138 1414 Ganc
3171 1366 3393 1427 propter
3436 1369 3533 1411 co-

1938 1472 2055 1511 rum
2089 1455 2464 1509 infirmitatem
2489 1462 2761 1509 remorata
2785 1460 2891 1508 est.
2919 1453 2991 1507 lbi
3017 1452 3161 1507 enim
3186 1452 3300 1505 sive
3328 1450 3397 1503 ob
3418 1462 3539 1504 cor-

1938 1557 2157 1616 ruptum
2190 1562 2396 1610 aerem,
2438 1548 2552 1601 sive
2588 1546 2670 1619 (ut
2699 1554 2884 1615 postea
2918 1543 3143 1616 claruit)
3173 1554 3395 1613 propter
3422 1543 3539 1613 glo-

1938 1642 2073 1697 riam
2132 1640 2428 1696 Hilarionis
2493 1643 2638 1697 servi
2694 1640 2823 1705 Dei,
2872 1652 2893 1679 ο
2947 1640 3273 1695 hemitritaeo
3332 1639 3540 1708 pariter

1937 1736 2169 1800 arrepti,
2202 1726 2412 1790 omnes
2451 1750 2480 1789 a
2530 1735 2758 1789 medicis
2800 1734 3074 1804 deSperati
3120 1745 3268 1789 sunt.
3318 1732 3542 1790 Iacebat

234 1818 362 1874 dine
386 1808 503 1892 [AL
530 1819 882 1892 aegritudine]
916 1820 1390 1890 solvitjejuoium.
1422 1819 1528 1876 Sed
1561 1822 1673 1889 jam
1700 1828 1837 1874 tetn-

1959 1828 2160 1883 tlttlans
2191 1838 2385 1892 mater,
2427 1838 2482 1883 et
2527 1828 2683 1899 quasi
2716 1828 2857 1884 inter
2907 1829 3006 1884 tria
3052 1829 3283 1883 filiorum
3328 1828 3543 1884 discur-

229 1928 337 1986 pus
356 1924 439 1970 est
462 1923 524 1969 ut
551 1916 618 1969 ad
648 1914 896 1969 ordinem
926 1926 1283 1970 revertamur.

314 2007 398 2061 I2.
443 2006 697 2062 Latrones
728 2008 937 2061 veniunt
964 2008 1032 2060 ad
1066 2006 1399 2061 Hilarionem
1429 2008 1838 2063 nocte.—Cum

226 2096 515 2154 habitaret
550 2097 728 2151 adhuc
769 2098 825 2150 itt
866 2098 1144 2165 tuguriolo
1179 2112 1353 2149 annos
1378 2109 1539 2150 natus
1573 2098 1763 2152 decem
1790 2106 1845 2152 et

224 2202 388 2255 octo,
424 2192 677 2242 latrones
702 2186 771 2240 ad
796 2202 920 2240 eum
947 2196 1107 2241 nocte
1134 2196 1430 2251 venerunt,
1460 2187 1545 2240 vel
1570 2189 1847 2241 aestiman-

223 2291 328 2337 tes
358 2281 573 2333 habere
592 2278 797 2347 aliquid
825 2276 967 2347 quod
993 2277 1267 2341 tollerent,
1293 2277 1375 2331 vel
1403 2276 1456 2331 itt
1480 2286 1847 2346 contemptum

228 2374 321 2431 sui
355 2378 685 2438 reputantes
702 2370 839 2434 ﬁeri,
861 2372 905 2423 si
942 2368 1374 2439 puersolitarius
1397 2385 1585 2425 eorum
1616 2373 1851 2441 impetus

232 2478 348 2522 non
380 2463 825 2532 pertimesceret.
860 2460 1052 2531 Itaque
1090 2462 1233 2516 inter
1266 2477 1416 2517 mare
1452 2474 1506 2517 et
1538 2462 1793 2533 paludem
1822 2478 1853 2519 a

234 2569 471 2625 vespere
508 2567 680 2623 usque
704 2552 772 2606 ad
816 2553 952 2607 solis
995 2565 1177 2606 ortum
1217 2554 1590 2608 discurrentes
1617 2595 1632 2618 ,
1695 2570 1854 2609 num-

240 2663 407 2720 quam
438 2648 621 2701 locum
655 2653 681 2681 ει
709 2643 904 2699 cubilis
926 2645 1049 2711 ejus
1073 2644 1321 2700 invenire
1342 2656 1657 2715 powerunt.
1682 2646 1852 2700 Porro

240 2744 393 2800 clara
424 2742 551 2796 luce
588 2748 807 2809 reperto
849 2755 1055 2810 puero,
1088 2740 1240 2810 quasi
1273 2756 1369 2811 per
1410 2743 1593 2810 jocum
1620 2757 1633 2793 :
1667 2739 1805 2808 Quid
1831 2781 1847 2808 ,

245 2836 521 2909 inquiunt,
549 2834 778 2902 faceres,
804 2836 849 2890 si
880 2835 1127 2891 latrones
1152 2835 1218 2890 ad
1242 2848 1293 2890 te
1328 2835 1617 2892 venirent?
1646 2836 1850 2904 Quibus

247 2929 343 2985 ille
385 2927 672 2999 respondit
705 2945 718 2982 :
750 2926 938 2983 Nudus
989 2927 1231 2983 latrones
1275 2942 1383 2982 non
1423 2928 1601 2982 timet.
1630 2927 1697 2980 Et
1729 2926 1847 2981 illi:

251 3022 435 3086 Certe,
465 3022 640 3088 aiunt,
668 3022 843 3078 occidi
868 3031 1044 3093 potes.
1079 3021 1335 3088 Possum,
1369 3021 1562 3088 inquit,
1588 3034 1807 3090 possum
1833 3036 1847 3073 :

254 3126 314 3173 et
333 3116 454 3172 ideo
484 3119 722 3172 latrones
750 3131 856 3171 non
888 3117 1091 3181 timeo,
1120 3116 1245 3187 quia
1284 3116 1421 3171 ntori
1458 3125 1678 3185 paratus
1708 3131 1847 3171 sum.

1940 1935 2068 1975 rens
2110 1919 2409 1984 cadavera,
2461 1936 2622 1990 quem
2670 1922 2821 1990 prius
2872 1921 3193 1992 plangeret,
3238 1922 3539 1976 nesciebat.

1940 2013 2173 2083 Cognito
2199 2025 2379 2068 autem
2410 2015 2553 2083 quod
2594 2025 2740 2069 esset
2782 2014 3002 2083 quidam
3036 2014 3335 2070 Monachus
3373 2015 3425 2070 in
3458 2014 3542 2070 vi-

1946 2107 2068 2158 cina
2096 2106 2413 2169 solitudine,
2443 2107 2610 2161 oblita
2643 2109 2965 2163 matronalis
2988 2123 3195 2176 pompae
3224 2112 3457 2173 (tantum
3487 2122 3548 2163 se

1951 2206 2181 2249 matrem
2207 2198 2464 2266 noverat)
2494 2199 2645 2251 vadit
2673 2200 2927 2253 comitata
2967 2199 3264 2263 ancillulis,
3300 2210 3355 2253 et
3381 2215 3551 2255 eunu-

1951 2288 2070 2343 chis
2100 2287 2207 2360 [ΑΙ.
2245 2289 2575 2361 vernaculis]
2606 2306 2618 2342 :
2650 2289 2846 2360 vixque
2873 2306 2903 2344 a
2929 2291 3045 2344 viro
3073 2307 3397 2361 persuasum
3426 2303 3506 2348 est
3530 2336 3547 2361 ,

1953 2393 2009 2437 ut
2035 2382 2209 2435 asello
2240 2380 2435 2436 sedens
2465 2390 2743 2453 pergeret.
2788 2382 2866 2437 Ad
2909 2399 3069 2452 quem
3098 2399 3221 2437 cum
3276 2386 3555 2453 pervenis-

1957 2480 2081 2526 set:
2124 2471 2151 2507 ά
2193 2472 2395 2526 Precor
2434 2484 2515 2537 te,
2549 2475 2662 2536 ait,
2699 2489 2793 2541 per
2837 2474 3024 2529 Iesum
3070 2476 3552 2533 clementissimum

1959 2564 2132 2617 Deum
2182 2572 2427 2616 nostrum
2456 2580 2469 2617 :
2503 2563 2753 2619 obtestor
2791 2580 2887 2633 per
2931 2580 3150 2620 crucem
3196 2568 3317 2633 ejus
3346 2577 3401 2622 et
3429 2582 3558 2624 san-

1953 2654 2197 2723 guinem,
2234 2663 2291 2706 ut
2320 2652 2517 2707 reddas
2558 2653 2691 2708 milii
2724 2665 2834 2709 tres
2858 2653 3032 2719 ﬁlios;
3062 2663 3117 2709 et
3146 2655 3478 2726 gloriﬁcetur
3506 2658 3561 2716 in

1956 2745 2091 2799 urbe
2121 2744 2416 2799 Gentilium
2445 2760 2643 2799 nomen
2677 2744 2891 2800 Domini
2928 2745 3256 2811 Salvatoris,
3288 2757 3343 2801 et
3382 2748 3563 2818 ingre-

1953 2836 2134 2892 diatur
2172 2852 2368 2892 servus
2394 2836 2514 2907 ejus
2538 2836 2761 2902 Gazam,
2788 2850 2843 2892 et
2876 2847 2899 2873 ο
2944 2837 3149 2892 idolum
3190 2837 3404 2895 Marnas
3442 2856 3564 2896 cor-

1953 2937 2097 2983 ruat.
2134 2928 2417 2985 Renuente
2446 2929 2562 2994 illo,
2592 2939 2649 2985 et
2682 2930 2919 2996 dicente,
2951 2946 3245 3000 numquam
3275 2947 3336 2987 se
3373 2947 3553 3005 egres~

1954 3036 2074 3076 sum
2113 3022 2181 3075 de
2210 3023 2348 3077 cella
2376 3063 2393 3089 ,
2441 3038 2540 3078 nec
2590 3022 2789 3078 habere
2826 3023 3283 3078 consuetudinem
3310 3067 3327 3090 ,
3365 3036 3419 3079 ut
3454 3040 3564 3083 non

1958 3112 2122 3167 modo
2150 3113 2450 3177 civitatem,
2479 3114 2575 3168 sed
2606 3128 2677 3168 ne
2708 3113 2951 3168 villulam
2994 3115 3214 3185 quidem
3246 3114 3569 3186 ingredere-

253 3208 407 3265 Tunc
447 3208 700 3263 admirati
730 3210 1096 3265 conSIantiam
1125 3210 1244 3278 ejus
1275 3217 1331 3262 et
1384 3208 1544 3262 fidem
1565 3250 1579 3273 ,
1612 3206 1852 3263 confessi
1880 3204 1926 3266 C
1959 3214 2065 3272 tur,
2097 3207 2387 3276 prostravit
2417 3221 2475 3261 se
2505 3205 2659 3262 humi
2694 3207 2890 3261 crebro
2921 3208 3250 3263 clamitans:
3294 3208 3563 3278 Hilarion,

256 3312 389 3358 sunt
415 3302 593 3356 noctis
624 3317 896 3367 errorem,
933 3310 1277 3371 czecatosque
1304 3300 1531 3366 oculos,
1564 3300 1860 3357 correctio-

255 3411 374 3453 rem
397 3395 655 3463 deinceps
684 3397 851 3450 vitam
875 3396 1217 3465 pollicentes.

338 3488 421 3544 I5.
467 3485 664 3542 Mulier
701 3489 888 3543 sterilis
939 3490 1109 3557 prima
1162 3486 1453 3560 irrumpere
1503 3504 1633 3543 ausa
1680 3496 1754 3542 est
1791 3487 1861 3541 ad

255 3595 398 3633 eum.
426 3605 501 3620 ——
526 3577 726 3649 Viginti
774 3588 829 3634 et
869 3578 1008 3634 duos
1052 3580 1163 3649 jam
1204 3582 1259 3633 iu
1304 3579 1601 3635 solitudine
1633 3579 1864 3635 habebat

261 3686 463 3735 annos,
495 3670 636 3727 fama
661 3679 869 3727 tantum
898 3682 1059 3728 notus
1084 3673 1360 3737 omnibus,
1393 3682 1445 3728 ct
1468 3688 1567 3744 per
1595 3684 1736 3729 totas
1759 3674 1864 3729 Pa-

262 3765 493 3822 laestina:
537 3767 786 3835 vulgatus
834 3766 1024 3831 urbes,
1070 3782 1195 3822 cum
1234 3767 1451 3822 interim
1484 3767 1676 3824 mulier
1718 3784 1867 3838 quae—

263 3857 387 3913 dam
450 3855 995 3928 Eleuther0p0litaua
1050 3872 1283 3913 cernens
1320 3857 1601 3927 despectui
1655 3874 1714 3913 se
1766 3858 1865 3911 ha-

264 3950 381 4007 beri
428 3966 460 4005 a
502 3951 625 4005 viro
666 3950 737 4005 ob
780 3952 1128 4007 sterilitatem
1162 3951 1309 4021 (jam
1357 3953 1499 4007 enim
1549 3967 1646 4021 per
1692 3966 1868 4005 annos

266 4042 580 4114 quindecim
598 4041 780 4096 nullos
800 4042 1036 4113 cOujugii
1060 4041 1266 4097 fructus
1290 4041 1564 4111 dederat),
1596 4044 1769 4113 prima
1798 4044 1871 4098 ir-

265 4148 529 4205 rumpere
559 4147 697 4188 ausa
725 4143 809 4189 est
858 4134 924 4189 ad
968 4135 1182 4191 beatum
1228 4135 1592 4203 Hilarionem;
1641 4147 1696 4193 ct
1735 4137 1871 4193 nihil

272 4225 379 4281 tale
424 4224 771 4293 suspicanti,
826 4236 1053 4294 repente
1105 4227 1334 4297 genibus
1392 4228 1511 4298 ejus
1566 4228 1869 4285 advoluta:

271 4315 529 4389 Ignosce,
569 4316 781 4386 inquit,
810 4317 1088 4373 audacia:
1119 4321 1341 4391 ignosce
1370 4325 1683 4380 necessitati
1715 4340 1869 4381 meae.

1964 3315 2124 3355 serve
2150 3298 2374 3361 Christi,
2411 3298 2577 3353 redde
2612 3299 2741 3352 mihi
2774 3298 2976 3353 liberos
3007 3314 3178 3354 meos.
3212 3301 3361 3366 Quos
3390 3300 3567 3356 Anto-

1964 3393 2087 3447 nius
2117 3393 2294 3446 tenuit
2322 3391 2373 3445 in
2402 3388 2659 3462 :Egypto,
2686 3406 2715 3444 a
2764 3398 2815 3444 te
2842 3401 3126 3446 serventur
3150 3392 3203 3447 in
3236 3392 3414 3462 Syria.
3441 3392 3571 3450 Fle-

1963 3484 2096 3540 bant
2142 3482 2321 3537 cuncti
2354 3482 2443 3551 qui
2483 3481 2709 3536 aderant
2734 3524 2749 3548 ,
2778 3482 2872 3537 sed
2911 3494 2966 3538 et
2997 3484 3114 3553 ipse
3156 3500 3362 3554 negans
3392 3482 3567 3543 flevit.

1965 3578 2103 3646 Qttid
2136 3577 2340 3631 multa?
2372 3592 2477 3631 non
2521 3576 2668 3644 prius
2716 3576 2911 3630 mulier
2948 3577 3201 3645 recessit,
3271 3593 3433 3648 quam
3481 3579 3575 3639 illo

1966 3675 2245 3744 pollicitus
2275 3683 2360 3727 e5t
2385 3686 2445 3726 se
2474 3682 2600 3740 post
2640 3671 2780 3726 solis
2810 3686 3063 3727 occasum
3088 3672 3290 3728 Gazam
3324 3673 3578 3732 introitu-

1968 3782 2110 3821 rum.
2136 3763 2255 3832 Quo
2296 3773 2583 3834 postquam
2622 3764 2796 3824 venit.
2824 3763 3167 3834 singulorum
3230 3763 3461 3822 lcetulos
3521 3775 3577 3824 et

1974 3856 2259 3915 lardentia
2286 3859 2533 3914 membra
2561 3858 2919 3929 consignans.
2940 3859 3219 3915 invocavit
3244 3858 3453 3917 Iesum.
3486 3860 3575 3930 Et,

1970 3968 2003 4007 ο
2058 3954 2190 4007 mira
2244 3951 2466 4007 virtus!
2534 3951 2683 4020 quasi
2743 3950 2813 4007 de
2887 3954 3061 4007 tribus
3116 3951 3355 4007 fontibus
3409 3952 3581 4010 sudor

1971 4048 2177 4119 pariter
2239 4048 2421 4118 erupit
2467 4065 2481 4100 :
2540 4046 2732 4103 eadem
2786 4047 2921 4101 liora
2989 4053 3321 4115 rcceperunt
3371 4046 3526 4099 cibos
3561 4086 3578 4113 ,

1970 4143 2356 4212 lugentemque
2422 4147 2654 4195 matrem
2720 4146 3171 4209 cognoscentes,
3238 4145 3295 4190 et
3355 4134 3585 4194 benedi-

1974 4244 2164 4289 centes
2207 4230 2399 4297 Deum,
2454 4230 2629 4285 sancti
2683 4244 2878 4284 manus
2908 4224 3211 4283 deoscttlati
3248 4235 3397 4281 sunt.
3425 4226 3583 4295 Quod

1978 4335 2264 4399 postquam
2297 4324 2541 4379 auditum
2572 4332 2678 4389 est,
2722 4330 2778 4377 et
2815 4322 2974 4389 longe
3005 4320 3219 4388 lateque
3252 4318 3584 4388 percrebuit,

270 4409 412 4477 Quid
440 4409 648 4465 avertis
675 4408 900 4465 acules?
929 4412 1055 4482 quid
1086 4424 1370 4485 rogantem
1404 4416 1577 4487 fugis?
1603 4417 1724 4473 Noli
1756 4434 1875 4474 mu-
1975 4421 2225 4477 certatim
2268 4418 2334 4473 ad
2367 4432 2491 4473 eum
2530 4415 2599 4471 de
2627 4415 2782 4484 Syria
2814 4424 2869 4468 et
2906 4411 3147 4484 Egypto
3190 4408 3538 4464 conﬂuebant
3566 4430 3580 4467 :

273 4503 467 4559 Iierem
498 4500 765 4573 aspicere,
798 4503 892 4558 sed
921 4505 1198 4561 miseram.
1232 4506 1332 4562 llic
1360 4522 1521 4561 sexus
1548 4511 1731 4577 genuit
1758 4511 1878 4566 Sal-
1978 4512 2053 4566 ita
2084 4520 2142 4565 ut
2182 4509 2337 4563 multi
2368 4506 2657 4562 crederent
2689 4505 2743 4559 in
2772 4503 3073 4568 Christum,
3107 4510 3161 4557 et
3196 4516 3257 4557 se
3288 4500 3587 4558 monachos

280 4608 557 4651 vatorem.
592 4595 714 4651 Non
742 4595 930 4652 habent
960 4600 1076 4653 sani
1104 4617 1232 4671 opus
1254 4600 1492 4667 medico;
1522 4603 1612 4654 sed
1632 4604 1720 4671 qui
1744 4605 1879 4659 male
1905 4586 1957 4647 Ῐ)
1983 4606 2394 4675 profiterentur.
2428 4600 2670 4658 Necdum
2718 4599 2863 4655 enim
2908 4608 3035 4654 tunc
3074 4596 3407 4653 monasteria
3434 4607 3593 4656 erant

282 4688 478 4744 habent
506 4688 675 4761 (Luc.
703 4706 760 4757 v,
789 4692 908 4762 3t).
951 4692 1195 4750 Tandem
1222 4693 1488 4759 substitit,
1518 4703 1573 4750 et
1605 4703 1728 4765 post
1757 4706 1877 4752 tan-
1985 4698 2041 4753 in
2091 4695 2404 4763 Palaestina,
2452 4709 2554 4750 nec
2598 4692 2885 4765 quisquam
2933 4689 3261 4746 monachum
3309 4690 3417 4762 20
3463 4699 3593 4747 ante

353 4814 380 4843 ⁸
414 4802 585 4860 Iidem
616 4802 721 4859 duo
752 4804 940 4868 codd..
972 4807 1217 4862 cubiculi.

347 4874 379 4955 ξι
406 4876 498 4955 Sic
530 4889 663 4955 mss.
698 4875 1095 4955 _Gr.eca_lorrna
1124 4880 1492 4955 ἶᾼρισταινὲιιςη.
1541 4878 1693 4955 lianc
1714 4894 1885 4955 porro

276 4946 557 5019 Libanituth
571 4946 866 5015 plurimum
900 4948 1087 5005 laudat
1128 4946 1220 5005 lib.
1253 4967 1325 5008 tv.
1351 4952 1512 5019 epist.
1538 4951 1632 5014 M,
1660 4946 1736 5005 ad'
1758 4952 1889 5008 Hel-

280 5019 487 5100 pidiut}!
504 5037 516 5072 :
534 5017 725 5100 Ἐηῳν
752 5024 843 5079 τήν
862 5021 1080 5100 ἆρ-ἰστην
1102 5017 1495 5100 ’ᾼρςστᾳινέλτηνς
1525 5022 1771 5100 ilelpidio
1793 5039 1890 5100 atl-

282 5099 393 5164 tent
434 5088 981 5164 Marcellinuspaulo
1027 5102 1111 5164 est
1137 5088 1403 5164 iitiquior;
1436 5088 1692 5150 nimirum
1715 5098 1787 5153 ob
1808 5097 1890 5153 in-

281 5159 483 5215 Vidiatn
511 5157 1097 5217 Christiaoi’nominis.

352 5231 673 5304 Arismeta:
698 5230 921 5300 Elpidt't'.
948 5232 1025 5304 De
1058 5233 1272 5304 Elpidio
1298 5234 1564 5294 Prwfecto
1590 5239 1859 5297 Prmtorio

2066 4820 2090 4847 θ
2120 4807 2320 4863 Vocem
2352 4807 2564 4863 Idolum
2614 4807 2785 4862 nostri
2828 4820 2963 4861 mss.
3008 4820 3115 4861 non
3156 4815 3478 4877 agnoscunt.
3514 4807 3593 4866 De

1994 4880 2189 4936 Μαι-πα
2214 4894 2345 4933 vero
2376 4888 2565 4934 noster
2594 4877 2731 4931 infra
2762 4881 2957 4932 iterum
2990 4886 3045 4932 et
3074 4876 3238 4947 epist.
3268 4877 3334 4929 ad
3364 4876 3589 4947 Lmtam,

1993 4964 2046 5008 et
2092 4950 2386 5013 Arnobius,
2430 4958 2485 5003 et
2526 4948 2767 5003 Marinus
2814 4948 2866 5001 in
2902 4947 3017 5002 Vita
3061 4946 3239 5003 Procli
3270 4946 3590 5018 loquuntur.

1994 5022 2269 5095 Epiphan.
2317 5020 2370 5076 in
2424 5019 2755 5096 Anchorato,
2780 5034 2908 5096 cap.
2951 5019 3056 5096 1708
3094 5038 3107 5075 :
3151 5025 3358 5096 Μαρνᾶς
3393 5020 3596 5096 ’δοῦλος

1994 5091 2281 5171 ’ᾼὸυὲερρουῄ
2305 5101 2396 5149 τοῦ
2439 5092 2632 5171 spurci;
2658 5093 2800 5168 παρὰ
2825 5095 3058 5171 Eduini;
3086 5091 3599 5171 rigui-rat,__Marnas

1997 5162 2189 5223 Asterii
2241 5162 2499 5221 Cretensis
2548 5162 2787 5218 servus'a
2816 5162 3019 5219 Gazart's
3061 5162 3272 5220 colitur.
3320 5162 3439 5221 Mox
3485 5174 3604 5220 erat

321 5234 673 5314 ,ρνξειωηεςςξ
698 5234 921 5314 Ειρὶεζξί.
948 5234 1025 5314 9e
1058 5234 1272 5304 Elpidio
1298 5234 1859 5314 PrtcfcctoPrrctorio
1989 5254 2317 5314 egressurunt
2351 5252 2447 5308 pro
2466 5236 2934 5314 egressum,_quod
2977 5234 3179 5292 habent
3215 5251 3351 5314 mss.
3383 5249 3598 5314 omnes.

280 5301 409 5359 Vide
426 5301 799 5358 Marcellinum
825 5304 921 5357 lib.
951 5303 1045 5358 21·
1127 5301 1140 5304 “
1540 5310 1812 5367 Maurum.
2019 5301 2043 5311 ’
2069 5309 2088 5349 τ
2123 5311 2177 5365 ltt
2206 5310 2328 5366 aliis
2351 5301 2577 5369 arentia,
2624 5301 2951 5362 concinnius
2978 5323 3109 5362 vero
3134 5308 3375 5360 ardentia
3420 5306 3600 5358 hemi-

357 5384 381 5413 ε
428 5372 780 5453 Hemilrineo.
834 5374 1229 5453 Hemitritteum
1260 5390 1345 5453 est
1398 5379 1565 5436 febris
1592 5385 1890 5453 sesqttiter-
1993 5381 2197 5449 tritam,
2230 5387 2345 5453 sive
2375 5378 2793 5453 sesquitertiana
2833 5376 2999 5453 febri,
3030 5377 3254 5453 ntembra
3282 5374 3602 5453 intelligun-

286 5444 450 5526 tiana,
486 5449 820 5526 ᾐμςιξριταῖος
860 5452 1111 5526 nupsi-6;.
1159 5452 1325 5526 lebris
1365 5443 1756 5526 setnitertiana.
1785 5454 1850 5509 ϐε

1997 5464 2104 5509 tur.
2139 5443 2246 5509 Sed
2276 5450 2409 5506 illud
2439 5443 2582 5526 turpi
2613 5464 2807 5526 errore
2833 5449 2885 5502 in
2908 5447 3074 5526 editis
3103 5453 3263 5499 antea
3292 5443 3449 5521 libris
3477 5459 3605 5513 pec-

285 5516 395 5572 Ῑεη·
420 5516 745 5593 Pii—Graue-
796 5516 1027 5593 lelfli'u'tlta
1058 5521 1377 5593 imperfecta
1420 5532 1483 5593 et,
1518 5523 1783 5579 accedens
1826 5524 1893 5578 ad
1997 5533 2177 5580 catum
2207 5533 2311 5590 est,
2356 5521 2503 5593 quod
2534 5516 2865 5593 considerans
2908 5518 3219 5593 leguot_pro
3255 5516 3603 5593 consignatis,

284 5586 652 5667 quotidianam
681 5610 695 5667 ς
727 5591 879 5667 quod
916 5590 1077 5667 citius
1129 5582 1562 5667 recttrratquam
1608 5610 1734 5667 vera
1780 5604 1896 5650 ter-
1998 5596 2142 5667 quod
2174 5604 2262 5651 est
2289 5582 2467 5648 crucis
2506 5592 2662 5667 signo
2706 5600 2932 5650 notans,
2962 5582 3425 5667 'aut_b‘encdic_ens
3454 5587 3599 5657 apud

284 5654 619 5734 IlatlaLVIde
656 5654 887 5734 Celsum
911 5661 983 5718 de
1009 5666 1302 5734 generibus
1330 5654 1579 5734 febrium.
1623 5664 1893 5722 Maurus.
2004 5654 2406 5722 ecclesiasticos
2450 5654 2779 5733 scriptores,
2830 5669 3023 5726 estque
3071 5658 3126 5712 in
3170 5654 3420 5712 omnibus
3465 5654 3607 5730 quos

290 5725 733 5862 lg‘geggttius
766 5725 1038 5789 Vaticani
1072 5735 1182 5792 duo
1224 5751 1357 5793 mss.
1410 5733 1516 5790 Per
1573 5752 1667 5810 ego
1712 5747 1760 5791 te
1805 5738 1901 5805 ait,
2002 5738 2372 5793 consuluimus
2402 5747 2537 5788 mss.

468 5843 484 5873 ι
510 5843 621 5862 νυνι
