4056 6294
520 266 590 323 35
1764 254 1824 312 s.
1868 255 2141 333 Lusgett
2182 254 2560 313 HlEROM‘MI
3742 248 3812 313 36

520 390 766 438 sanctum
813 376 1147 432 Hilarionem
1182 376 1232 427 in
1266 374 1423 443 Syria
1456 378 1700 426 noverat.
1733 371 1826 426 llle
1863 369 2113 425 fundator
2142 374 2191 432 Α
2218 372 2432 437 Manus,
2463 370 2673 435 cervix,
2722 368 2914 433 latera,
2949 367 3119 439 pedes
3169 369 3315 424 ferro
3369 369 3584 425 onerati
3627 379 3807 438 erant,

520 484 571 528 et
594 471 836 524 eruditor
858 468 1016 536 hujus
1048 466 1475 521 Conversationis
1503 474 1556 519 et
1582 463 1744 519 studii
1770 463 1822 517 in
1854 464 1953 517 hac
1986 479 2112 531 pro-

520 563 696 617 vincia
754 562 874 615 fuit.
940 560 1178 615 Habebat
1250 559 1507 612 Dominus
1568 556 1728 612 Jesus
1791 556 1843 610 in
1874 555 2117 628 Egypto

518 668 705 707 senem
741 653 1068 716 Antonium;
1102 650 1412 706 habebatin
1446 649 1731 703 Palzestina
1783 648 2112 703 Hilarionetn

518 744 815 812 juniorem.

592 836 678 891 l5.
711 834 860 890 Cazca
891 836 1077 889 mulier
1107 852 1136 886 (ι
1168 834 1345 890 decem
1374 834 1543 888 armis.
1569 832 1875 887 —Faci(lia
1910 843 1934 869 ³
1962 833 2113 887 vicu-

520 931 603 986 lus
650 940 733 984 est
790 928 1182 985 Rhinocorura:
1229 929 1375 983 urbis
1420 926 1660 997 IEgypti.
1711 926 1786 979 De
1837 928 1938 979 hoc
1987 939 2116 994 ergo

520 1026 657 1089 vico,
692 1023 718 1060 ι’
745 1022 931 1077 decem
953 1023 1062 1091 jam
1088 1023 1246 1075 annis
1280 1037 1419 1076 eruca
1452 1021 1652 1074 mulier
1681 1018 1907 1071 adducta
1938 1027 2022 1072 est
2049 1017 2116 1071 ad

519 1117 733 1171 beatum
764 1115 1093 1168 llilarionetn
1128 1134 1142 1168 :
1187 1114 1475 1181 oblataqtte
1518 1113 1567 1166 ei
1599 1126 1626 1163 a
1673 1108 1931 1163 fratribus
1967 1110 2113 1179 (jam

518 1208 661 1263 enim
706 1207 859 1260 multi
888 1222 1011 1260 cum
1058 1222 1123 1259 eo
1153 1205 1401 1259 Monachi
1434 1202 1613 1275 erant)
1657 1216 1873 1258 omnem
1904 1217 1963 1256 se
1990 1202 2119 1254 sub-

517 1298 770 1354 stantiam
800 1297 1128 1365 expendisse
1171 1298 1242 1349 ait
1282 1298 1332 1349 in
1364 1294 1630 1349 IllediCttS.
1662 1293 1760 1347 Cui
1792 1292 2113 1359 τρειιοηάίιε

516 1392 571 1447 Si
603 1408 724 1461 qua:
756 1392 810 1445 in
847 1390 1069 1444 medicis
1108 1388 1388 1459 perdidiSti
1413 1430 1425 1452 ,
1474 1388 1715 1441 dedisses
1747 1387 2071 1456 pauperibus
2100 1427 2113 1450 ,

516 1495 759 1539 curasset
791 1496 840 1539 te
886 1497 1043 1537 verus
1094 1483 1336 1537 medicus
1382 1480 1559 1536 Jcsus.
1609 1481 1890 1535 Clamaute
1932 1490 2112 1533 autem

516 1577 628 1641 illa,
660 1588 715 1630 et
750 1574 1182 1630 misericordiam
1210 1577 1561 1644 deprecante,
1596 1573 1813 1641 exspuit
1846 1573 1898 1626 in
1928 1572 2114 1625 oculos

514 1671 670 1740 ejus:
705 1673 994 1739 statimque
1041 1668 1341 1724 Salvatoris
1382 1669 1689 1737 exemplum
1723 1667 1892 1720 virtus
1921 1665 2110 1720 eadem

518 1772 804 1832 prosecuta
838 1770 942 1815 est.

590 1857 653 1910 16
718 1856 914 1928 Auriga
947 1853 1217 1907 Gazeusis.
1247 1882 1316 1893 ——
1357 1854 1555 1922 Auriga
1601 1866 1815 1918 qtto;uc
1854 1848 2114 1906 Gazcnsis

516 1952 566 2004 in
617 1966 778 2004 curru
828 1964 1118 2019 percussus
1158 1964 1185 2002 a
1235 1947 1507 2012 daemone,
1553 1953 1700 2000 totus
1729 1945 1994 2015 obriguit;
2044 1944 2113 1997 ita

513 2056 570 2099 ut
610 2060 708 2098 nec
756 2060 973 2097 manum
1026 2043 1255 2112 agitare,
1306 2057 1403 2094 nec
1449 2041 1715 2094 cervicem
1769 2048 1950 2107 posset
1992 2036 2109 2109 [AL

512 2134 717 2207 possit]
767 2135 1069 2189 reﬂectere.
1131 2134 1347 2187 Delatus
1380 2147 1511 2201 ergo
1556 2132 1609 2185 in
1655 2132 1797 2184 lecto
1824 2172 1836 2195 ,
1871 2146 1991 2182 cum
2026 2144 2113 2183 so-

511 2231 615 2284 lam
665 2230 901 2300 linguam
952 2236 1195 2282 moveret
1238 2224 1305 2279 ad
1358 2240 1567 2295 preces,
1617 2224 1764 2277 audit
1810 2239 1915 2276 non
1961 2220 2113 2292 prius

512 2337 672 2391 posse
708 2321 913 2383 sanari,
946 2335 1105 2388 quam
1138 2316 1390 2371 crederet
1420 2317 1471 2368 in
1501 2315 1684 2369 Jesntn
1708 2356 1722 2380 ,
1751 2324 1805 2368 et
1852 2328 1909 2367 se
1944 2327 2110 2384 spon-

510 2413 667 2468 deret
709 2412 809 2465 arti
857 2410 1097 2481 pristina:
1150 2407 1611 2463 renuntiaturum.
1658 2402 1938 2467 Credidit,
1987 2417 2111 2471 spo-

510 2504 723 2574 p0udit,
767 2512 988 2556 sanatus
1020 2512 1101 2553 est
1132 2518 1144 2552 :
1179 2500 1459 2569 magisque
1483 2497 1552 2551 de
1588 2495 1805 2559 animm,
1850 2509 2012 2565 quam
2041 2493 2110 2548 de

508 2597 754 2666 Corporis
782 2596 957 2649 salute
989 2594 1301 2649 exsultavit.

583 2688 670 2741 17.
718 2686 1217 2755 Marsitas,juveuis
1249 2682 1585 2755 fortissimus.
1610 2709 1675 2717 —
1708 2679 1973 2733 Prartcrea
2003 2676 2109 2731 for-

512 2780 753 2833 tissimus
783 2776 999 2846 juvenis
1031 2776 1250 2827 nomine
1294 2784 1314 2811 ο
1350 2772 1597 2826 Marsitas
1628 2771 1696 2824 de
1724 2770 1994 2823 territorio
2022 2770 2110 2825 Je-

510 2870 817 2940 rosolytnze,
871 2878 1077 2921 tantum
1129 2864 1230 2918 sibi
1284 2861 1647 2934 applandebat
1694 2863 1745 2915 in
1780 2861 2016 2926 viribus,
2053 2870 2109 2913 ut

507 2959 815 3033 quindecim
847 2958 1103 3013 frumenti
1132 2954 1343 3009 modios
1379 2955 1471 3009 diu
1520 2954 1792 3024 longeque
1822 2962 2063 3023 portaret
2090 2970 2104 3017 ;

508 3066 557 3109 et
592 3054 732 3108 hanc
777 3052 993 3107 haberet
1027 3052 1259 3122 palmam
1293 3048 1622 3103 fortitudinis
1668 3063 1797 3113 sum,
1836 3047 1880 3101 si
1921 3046 2105 3101 asinos

2221 465 2529 533 furorisque
2565 463 2827 518 saevitiam
2860 463 2999 519 torvi
3040 462 3186 517 oculi
3226 462 3597 517 minabantur.
3645 460 3812 518 Cum-

2217 576 2326 631 que
2348 557 2724 613 deambularet
2752 566 2973 612 sanctus
3005 572 3125 610 cum
3152 555 3433 623 fratribus,
3460 565 3513 609 et
3536 555 3604 610 de
3626 553 3810 623 Scrip-

2221 654 2356 708 turis
2414 652 2596 707 nescio
2644 650 2774 720 quid
2831 650 3329 719 interpretaretur,
3361 648 3547 719 erupit
3599 650 3695 706 ille
3738 653 3811 709 de

2220 747 2469 802 manibus
2492 760 2550 800 se
2582 742 2880 801 tenentium
2911 760 2922 795 :
2950 752 3005 799 et
3036 742 3319 811 amplexus
3350 740 3457 813 [ΑΙ.
3490 743 3812 811 amplexans

2218 849 2263 893 et
2294 835 2655 909 amplexatus]
2678 852 2800 891 eum
2831 844 2953 905 post
2974 844 3207 904 tergum.
3235 833 3287 887 in
3320 832 3553 889 sublime
3582 834 3808 890 levavit.

2218 930 2438 984 Clamor
2479 940 2632 983 ortus
2664 927 2731 981 ab
2763 926 3022 981 omnibus
3054 944 3066 977 :
3097 924 3361 980 timebant
3409 924 3550 978 enim
3583 941 3651 979 ne
3677 940 3811 981 con-

2219 1022 2355 1077 fecta
2384 1019 2609 1091 jejuuiis
2638 1019 2878 1073 membra
2912 1017 3218 1072 collideret.
3252 1018 3485 1073 Sanctus
3514 1018 3768 1073 arridens
3795 1037 3808 1071 :

2216 1115 2383 1170 Silete
2413 1112 2521 1186 [AL
2543 1110 2751 1182 sinite],
2779 1110 2978 1180 inquit,
3000 1119 3053 1163 et
3085 1108 3215 1164 mihi
3242 1124 3423 1165 meum
3455 1109 3810 1179 pala-stritam

2220 1206 2492 1262 dimittite.
2529 1208 2604 1259 Ac
2631 1205 2709 1259 sic
2735 1204 2935 1260 reflexa
2961 1218 3128 1273 super
3153 1204 3413 1257 humeros
3440 1218 3623 1266 manu,
3648 1213 3807 1273 caput

2218 1303 2335 1371 ejus
2378 1301 2551 1370 tetigit
2580 1318 2591 1351 :
2626 1300 3084 1367 apprehensoque
3136 1296 3312 1361 crine,
3345 1306 3468 1349 ante
3516 1295 3686 1366 pedes
3716 1296 3813 1352 ad-

2221 1396 2379 1449 duxit
2412 1412 2425 1448 :
2459 1392 2733 1462 stringens
2784 1407 2813 1446 c
2870 1392 3092 1460 regione
3123 1389 3311 1443 ambas
3360 1404 3553 1444 manus
3583 1388 3724 1457 ejus,
3756 1396 3813 1445 et

2221 1490 2437 1558 plantas
2463 1497 2695 1556 utroque
2716 1485 2936 1540 calcans
2965 1483 3123 1553 pede,
3146 1482 3423 1551 simulque
3446 1481 3810 1551 ingeminans,

2220 1592 2473 1649 torquere
2504 1577 2611 1649 [ΑΙ.
2644 1588 2923 1647 torquere,
2954 1574 3074 1647 ait],
3112 1573 3421 1629 dazmonum
3476 1574 3651 1637 turba,
3700 1584 3813 1628 tor-

2218 1689 2408 1742 quere.
2456 1673 2703 1743 Cumque
2756 1670 2848 1726 ille
2895 1670 3167 1736 eiularet,
3222 1678 3277 1723 et
3339 1666 3539 1723 reﬂexa
3595 1668 3812 1725 cervice

2144 1763 2192 1822 B
2221 1776 2419 1821 terram
2458 1766 2665 1819 vertice
2698 1769 2949 1832 tangeret
2976 1779 2989 1815 :
3021 1760 3271 1824 Domine,
3307 1760 3501 1829 inquit,
3525 1758 3813 1823 Jesu,sol-

2220 1875 2284 1914 ve
2317 1860 2601 1917 miserum,
2625 1855 2775 1909 solve
2806 1854 3102 1922 captivum.
3132 1850 3200 1907 Ut
3223 1866 3414 1916 unum,
3443 1851 3514 1905 ita
3543 1858 3601 1906 et
3624 1851 3813 1921 plures

2217 1954 2440 2007 vincere
2497 1960 2643 2003 tuum
2688 1958 2791 2003 est.
2819 1946 2953 2001 Rem
3000 1946 3195 2015 loquor
3236 1944 3562 2008 inauditam.
3593 1959 3658 1998 ex
3700 1958 3811 1997 uno

2217 2044 2458 2097 hominis
2507 2057 2603 2095 ore
2643 2040 2879 2094 diversa:
2919 2053 3103 2103 voces,
3130 2048 3177 2091 et
3212 2035 3368 2106 quasi
3406 2033 3673 2090 confusus
3705 2050 3811 2103 pu-

2217 2135 2327 2205 puli
2376 2134 2585 2189 clamor
2615 2131 2961 2187 audiebatur.
2995 2129 3237 2185 Curatus
3265 2131 3445 2196 itaque
3472 2138 3526 2182 et
3549 2127 3661 2191 hic,
3699 2143 3809 2183 non

2215 2237 2337 2297 post
2369 2225 2598 2280 multtnn
2635 2226 2897 2292 temporis
2946 2238 3068 2277 cum
3099 2237 3271 2276 uxore
3320 2228 3376 2276 et
3425 2220 3610 2276 liberis
3661 2220 3812 2275 venit

2214 2318 2280 2373 ad
2314 2317 2729 2381 monasterium,
2756 2314 3009 2386 plurima,
3031 2314 3185 2385 quasi
3209 2315 3440 2384 gratiam
3466 2313 3806 2380 redditurus,

2213 2413 2353 2468 dona
2405 2412 2657 2467 offerens.
2712 2409 2808 2463 Cui
2867 2419 3095 2464 sanctus
3135 2427 3147 2462 :
3182 2408 3300 2463 Non
3357 2408 3569 2476 legisti,
3604 2407 3807 2476 inquit,

2212 2503 2342 2574 quid
2373 2502 2521 2559 Giezi
2557 2502 2643 2571 (IV
2684 2500 2811 2571 Reg.
2846 2504 2923 2568 ν),
2951 2500 3078 2569 quid
3122 2498 3309 2555 Simon
3345 2499 3483 2567 (Act.
3514 2499 3627 2567 vui)
3655 2498 3810 2568 passi

2213 2596 2359 2648 sint:
2392 2610 2623 2660 quorum
2656 2594 2793 2646 alter
2822 2593 3035 2660 accepit
3080 2592 3338 2660 pretium,
3364 2591 3509 2644 alter
3556 2592 3753 2646 obtulit
3793 2609 3806 2646 :

2212 2696 2271 2741 ut
2301 2686 2391 2743 ille
2422 2687 2685 2742 venderet
2724 2687 2957 2754 gratiam
2985 2686 3221 2755 Spiritus
3257 2686 3454 2751 sancti,
3485 2684 3575 2739 hic
3596 2700 3810 2739 merca-

2214 2780 2400 2836 retur?
2452 2777 2695 2848 Cumque
2727 2777 2891 2833 Orion
2933 2777 3071 2834 flens
3098 2779 3308 2833 diceret
3339 2796 3353 2832 :
3389 2776 3611 2847 Accipe,
3640 2785 3695 2830 et
3735 2776 3804 2831 da

2211 2873 2577 2943 pauperibus;
2611 2871 2897 2941 respondit
2927 2888 2940 2925 :
2970 2870 3051 2926 Tu
3086 2870 3277 2925 melius
3308 2880 3464 2941 potes
3500 2882 3589 2924 tua
3616 2869 3806 2923 distri-

2208 2964 2396 3029 buere,
2424 2965 2511 3034 qui
2563 2979 2658 3033 per
2708 2963 2869 3019 nrbes
2909 2962 3180 3031 ambulas,
3215 2970 3271 3018 et
3314 2962 3458 3017 noSti
3506 2976 3804 3032 pauperes.

2211 3057 2321 3113 Eoo
2342 3072 2429 3120 QUI
2462 3073 2569 3112 usa
2597 3057 2813 3125 reliqui,
2844 3072 2939 3111 cur
2964 3057 3138 3111 aliena
3165 3055 3465 3126 appetant?
3498 3054 3681 3109 Multis
3708 3071 3809 3109 no-

506 3148 775 3203 vinceret.
813 3145 908 3200 Hic
947 3145 1174 3199 allectus
1222 3142 1461 3213 pessimo
1501 3141 1747 3196 daemone
1773 3183 1785 3203 ,
1822 3155 1931 3193 non
1962 3147 2103 3194 cate-
2133 3135 2179 3198 C
2211 3166 2332 3207 me“
2377 3166 2698 3221 pauperum,
2727 3150 2945 3206 occasio
2977 3149 3222 3205 avaritia:
3257 3158 3341 3204 est
3377 3167 3389 3201 ;
3424 3150 3802 3205 misericordia

507 3256 625 3300 nas.
660 3255 766 3293 non
798 3236 1112 3305 compedes,
1162 3250 1268 3288 non
1311 3234 1544 3287 claustra
1579 3233 1843 3286 ostiorum
1896 3231 2103 3300 integra

506 3332 813 3403 patiebatur
842 3349 853 3381 :
888 3327 1181 3381 tnultorum
1213 3342 1400 3380 nasum
1430 3336 1483 3379 et
1512 3340 1670 3380 aures
1702 3325 1972 3379 morsibus
1992 3340 2105 3378 am-

507 3433 793 3495 putaverat
822 3441 833 3474 :
868 3422 1063 3475 horum
1113 3419 1309 3490 pedes,
1342 3420 1556 3473 illorum
1590 3416 1616 3454 ἀ
1644 3433 1802 3472 crura
1851 3417 2099 3487 fregerat.

506 3515 847 3585 Tantumque
897 3513 978 3565 sui
1034 3522 1295 3565 terrorem
1349 3510 1603 3563 omnibus
1653 3510 1989 3571 incusserat,
2048 3519 2105 3562 ut

506 3620 764 3661 oneratus
804 3605 1011 3659 catenis
1056 3614 1109 3657 et
1138 3603 1381 3668 funibus,
1425 3604 1477 3655 in
1524 3601 1735 3655 diversa
1778 3601 2101 3666 nitentium,

505 3700 661 3771 quasi
696 3698 1065 3753 [CTOL'isslllltlS
1118 3706 1303 3749 taurus
1350 3695 1415 3749 ad
1464 3696 1850 3749 monasterium
1898 3705 2105 3765 pertra-

507 3793 767 3855 heretur;
800 3806 959 3861 quem
1006 3801 1287 3860 postquam
1327 3788 1520 3843 fratres
1551 3789 1734 3843 videre
1768 3830 1783 3857 ,
1830 3788 2101 3858 perterriti

504 3886 655 3958 (erat
687 3885 827 3938 enim
878 3884 1029 3937 mira:
1068 3882 1477 3952 magnitudinis)
1527 3882 1911 3937 nuntiaverunt
1939 3882 2101 3951 patri.

504 3976 597 4031 Ille
643 3977 783 4030 sicut
815 3975 1061 4037 sedebat,
1094 3976 1252 4043 jussit
1282 3992 1402 4027 eum
1451 3974 1514 4027 ad
1548 3990 1605 4029 se
1640 3974 1905 4044 pertrahi,
1939 3986 1993 4030 et
2022 3975 2105 4030 di-

506 4069 663 4123 mitti.
694 4068 1045 4139 ‘Solutoque:
1081 4067 1309 4131 Inclina,
1355 4068 1450 4131 ait,
1482 4075 1663 4136 caput,
1713 4076 1767 4121 et
1794 4069 1935 4121 veni.
1969 4068 2103 4123 Tre-

506 4176 655 4215 tnere
690 4160 805 4227 ille,
855 4168 911 4214 et
955 4160 1223 4213 cervicem
1260 4159 1500 4224 flectere,
1555 4175 1653 4215 nec
1704 4162 1949 4231 aspicere
1995 4166 2099 4236 21

505 4262 696 4308 centra
745 4267 933 4318 ausus,
968 4253 1224 4320 omnique
1277 4250 1564 4306 ferocitate
1613 4250 1885 4322 deposita,
1937 4255 2103 4324 pedes

503 4345 670 4416 coepit
699 4345 942 4400 sedentis
967 4345 1227 4398 lambere.
1249 4343 1545 4413 Adjuratus
1578 4345 1759 4415 itaque
1789 4345 2023 4410 da‘mon,
2049 4357 2104 4402 et

505 4450 698 4504 tortus,
732 4440 823 4509 qui
848 4439 1106 4509 juvenem
1138 4437 1479 4509 possederat,
1523 4437 1752 4508 septima
1782 4437 1871 4492 die
1916 4455 2099 4510 egres-

501 4549 592 4587 SUS
621 4541 727 4586 εει.

576 4622 663 4676 18.
694 4621 857 4674 Orion
886 4623 959 4675 rir
1008 4623 1307 4690 primarius.
1339 4652 1409 4662 —
1438 4622 1545 4677 Sed
1587 4639 1687 4678 nec
1737 4624 1867 4679 illud
1915 4633 2102 4681 tacen—

502 4715 629 4769 dum
664 4723 771 4779 est,
796 4714 941 4783 quod
984 4714 1149 4769 Orion
1186 4714 1289 4787 [Αἰ.
1318 4714 1579 4788 Orionus]
1614 4716 1697 4770 vir
1730 4717 2021 4787 primarius
2048 4728 2104 4774 et

500 4807 805 4863 ditissimus
835 4807 987 4862 urbis
1033 4807 1191 4872 Aila',
1220 4824 1343 4879 qua:
1384 4809 1519 4863 mari
1550 4808 1738 4865 Rubro
1766 4811 2033 4874 imminet,
2068 4828 2097 4866 a

501 4902 712 4972 legione
738 4915 1031 4971 possessus
1061 4902 1399 4969 dtemonum,
1424 4902 1490 4958 ad
1533 4918 1657 4959 eum
1696 4904 1966 4962 adductus
1994 4915 2099 4964 est.

575 5128 597 5152 ⁸
634 5117 759 5171 Erat
786 5115 1011 5169 ridicule
1036 5115 1322 5186 admodum
1356 5117 1523 5171 sicula
1555 5131 1650 5186 pro
1691 5118 1912 5181 viculus,
1945 5118 2091 5186 quod

500 5182 1153 5260 etiantemssaomnibus
1200 5182 1567 5260 restituimus.
1591 5185 1708 5242 Mox
1759 5192 1811 5243 in
1856 5182 2091 5260 antiquis

499 5260 831 5317 editionibus
878 5258 1011 5308 falsa
1051 5267 1204 5330 erat,
1236 5266 1355 5310 sunt
1388 5257 1557 5309 decent
1591 5260 1703 5327 jam
1753 5260 1902 5324 armi,
1945 5257 2087 5330 quod

502 5333 839 5401 liosweydus
870 5326 1214 5401 emendavit,
1239 5338 1292 5380 et
1322 5343 1453 5383 tnss.
1488 5326 1825 5401 conlirmant.

570 5404 595 5441 δ
642 5398 826 5457 Decem
844 5402 959 5471 jam
988 5400 1155 5454 armis.
1198 5398 1484 5471 ltnponuot
1516 5398 1701 5454 lcetori
1727 5410 1933 5471 vetere.-
1976 5402 2089 5456 edi-

501 5477 693 5541 tiones,
728 5473 815 5529 ubi
845 5469 1036 5543 legitur
1063 5472 1202 5535 (sum
1232 5470 1405 5543 decem
1422 5473 1537 5541 jam
1569 5471 1713 5542 anni)
1742 5469 1891 5541 quasi
1918 5472 2083 5526 mira-

502 5548 679 5601 culum
712 5542 1009 5601 curationis
1062 5557 1219 5597 crecae
1253 5542 1495 5597 mulieris
1532 5544 1731 5596 factum
1758 5543 2029 5596 diceretur
2058 5557 2088 5597 a

504 5618 687 5671 decem
715 5618 871 5673 annis
1745 5612 2013 5668 lixarum.

576 5696 595 5724 ε
627 5686 759 5740 Tres
794 5688 961 5741 nostri
991 5686 1149 5741 codd.
1185 5683 1432 5739 Messicas
1458 5682 1680 5747 habent.
1719 5682 1806 5739 alii
1837 5678 2048 5737 Mesitas
2068 5696 2088 5736 :

504 5757 663 5827 paulo
688 5756 1037 5827 postumam
1058 5772 1156 5827 pro
1186 5753 1401 5823 ametur
1423 5768 1443 5808 :
1466 5751 1610 5809 male
1626 5761 1805 5811 autem
1826 5750 2087 5809 vetustio-

2209 3260 2341 3300 vero
2384 3254 2555 3299 artem
2602 3259 2708 3298 non
2761 3244 2943 3299 habet.
2976 3242 3134 3300 Nsuo
3176 3259 3367 3299 usuos
3405 3253 3614 3313 erogat,
3639 3258 3805 3315 quam

2208 3340 2314 3409 22
2344 3339 2436 3408 qui
2482 3338 2585 3392 sibi
2636 3337 2770 3391 nihil
2817 3348 3085 3393 reservat.
3135 3337 3305 3393 Tristi
3348 3347 3531 3392 autem
3573 3347 3627 3393 et
3660 3347 3682 3374 ε’
3740 3338 3800 3396 in

2211 3438 2357 3485 terra
2388 3430 2588 3499 jacenti
2617 3447 2628 3481 :
2658 3428 2800 3495 Noli,
2829 3430 3026 3499 inquit,
3051 3430 3384 3485 contristari.
3410 3428 3515 3495 iiii;
3542 3427 3686 3499 quod
3722 3427 3804 3483 fa-

2208 3520 2296 3575 cio
2325 3535 2426 3591 pro
2458 3536 2565 3582 me.
2598 3528 2654 3573 et
2698 3535 2798 3589 pro
2830 3528 2883 3573 te
2912 3519 3075 3575 facio.
3104 3519 3161 3578 Si
3191 3520 3337 3575 enim
3369 3520 3487 3576 hmo
3510 3535 3803 3590 accepero,

2205 3625 2253 3667 et
2286 3628 2387 3682 ego
2420 3611 2693 3667 oll‘cndam
2721 3612 2890 3666 Deum
2922 3624 2974 3666 et
2998 3612 3063 3664 ad
3100 3621 3149 3665 te
3186 3611 3330 3682 legio
3358 3621 3689 3667 revertetur.

2282 3706 2366 3760 l9.
2398 3703 2729 3775 l’aralyticus
2756 3713 2986 3758 curatus.
3012 3733 3083 3743 -—
3105 3704 3237 3770 Quis
3271 3719 3400 3759 vcro
3424 3704 3605 3775 possit
3634 3704 3804 3759 silen-

2208 3798 2283 3851 tio
2311 3797 2617 3866 prmtcrire,
2646 3796 2788 3867 quod
2828 3794 3119 3852 [Gazanus
3150 3795 3454 3865 Majomites
3494 3794 3638 3852 haud
3680 3795 3802 3851 lon-

2204 3904 2269 3959 ge
2311 3904 2338 3942 a
2386 3888 2721 3943 monasterio
2767 3887 2909 3956 ejus,
2942 3886 3150 3957 lapides
3178 3886 3244 3941 ad
3298 3886 3678 3941 mdiﬁcandunt
3730 3886 3803 3945 de

2207 3998 2301 4037 ora
2347 3982 2516 4037 maris
2560 3983 2803 4047 credens,
2828 3990 2976 4035 totus
3016 3980 3251 4051 paralysi
3289 3978 3606 4043 dissolutus,
3640 3987 3696 4033 et
3730 3979 3801 4034 ab

2208 4075 2394 4145 operis
2442 4072 2607 4129 sociis
2633 4072 2849 4128 delatus
2875 4071 2942 4126 ad
2976 4081 3248 4137 sanctum,
3273 4072 3456 4127 statim
3484 4080 3507 4118 Β
3537 4085 3702 4125 sanus
3728 4069 3799 4125 ad

2207 4185 2347 4240 Opus
2402 4184 2656 4224 reversus
2708 4168 2823 4223 est?
2850 4168 3065 4223 Etenim
3113 4167 3269 4223 littus
3306 4166 3449 4238 quod
3490 4166 3801 4224 Palaestina

2209 4262 2553 4335 Egyptoque
2606 4262 2977 4333 praetenditur
3036 4260 3211 4334 [Fort.
3273 4260 3643 4333 protenditur]
3700 4276 3803 4331 per

2210 4367 2457 4412 naturam
2492 4356 2656 4412 molle
2683 4356 2866 4412 arenis
2896 4356 2949 4410 in
2973 4370 3104 4410 saxa
3132 4353 3556 4410 clarescentibus
3574 4367 3805 4421 asperas

2210 4458 2332 4513 tur;
2381 4448 2751 4519 paulatimque
2790 4445 3177 4501 coltzercscens
3217 4444 3319 4499 sibi
3366 4446 3575 4516 glarea.
3620 4446 3801 4517 perdit

2126 4520 2180 4581 Ῑ)
2210 4552 2429 4607 tactum,
2455 4557 2576 4597 cum
2607 4556 2715 4596 non
2750 4539 2939 4610 perdat
2967 4546 3269 4608 aspectum.

2276 4632 2367 4688 20.
2401 4631 2718 4702 Male/icium
2750 4630 3061 4684 dissolutum
3106 4631 3161 4684 in
3208 4628 3552 4686 Circensibus.
3586 4660 3657 4671 —
3686 4630 3799 4687 Sed

2202 4734 2255 4780 et
2304 4724 2521 4779 Italicus
2566 4723 2810 4793 ejusdem
2862 4725 3050 4796 oppidi
3084 4724 3372 4794 municeps
3413 4723 3791 4792 Christianus,

2201 4817 2466 4872 adversus
2494 4816 2792 4873 Gazenscm
2814 4816 3201 4883 Duumvirum,
3228 4814 3429 4871 Mamre
3461 4814 3605 4871 idolo
3641 4814 3801 4870 dedi-

2204 4920 2337 4976 tum,
2367 4909 2655 4966 Circenses
2703 4924 2879 4980 equos
2901 4909 3011 4982 [ΑΙ.
3033 4909 3170 4965 circi
3203 4921 3375 4980 equos
3418 4905 3663 4979 curules]
3693 4922 3797 4963 nu-

2200 5133 2289 5187 res
2320 5116 2449 5171 editi
2478 5119 2727 5187 afﬂictus.

2271 5186 2295 5225 ἀ
2334 5188 2508 5269 Antea
2539 5186 3171 5273 obtinebaugula'mpro
3205 5204 3379 5273 crura,
3418 5187 3564 5273 quod
3601 5202 3795 5273 emen-

2198 5259 2328 5313 dare
2355 5260 2525 5312 visum
2557 5271 2637 5314 est
2669 5277 2698 5315 c
2726 5259 2936 5316 duobus
2958 5261 3167 5325 Vatic.;
3195 5261 3334 5315 alter
3360 5259 3528 5324 enim,
3561 5266 3795 5327 utraque

2196 5331 2428 5403 leCtione
2469 5342 2711 5398 retenta,
2758 5333 2938 5387 horum
2979 5333 3191 5403 gulam,
3243 5331 3452 5386 illorum
3496 5328 3686 5401 νεύει,
3711 5331 3794 5384 vel

2194 5420 2347 5456 crura
2370 5402 2617 5474 fregerat.

2271 5484 2292 5511 ο
2328 5475 2458 5544 .‘llss.
2491 5488 2704 5531 Omnes.
2733 5486 2784 5531 et
2813 5476 2864 5527 in
2892 5476 3065 5529 arenis
3098 5491 3195 5544 pro
3224 5485 3381 5528 terra.

2275 5544 2293 5582 ί
2324 5543 2477 5601 Unus
2510 5561 2637 5608 ms..
2668 5546 2908 5600 Zamas
2932 5546 3023 5601 alii
3054 5538 3325 5610 zonarius,
3356 5542 3437 5596 vel
3468 5538 3735 5595 Senatum
3770 5556 3787 5597 :

2200 5630 2320 5670 mox
2349 5632 2565 5685 utroque
2584 5616 2777 5671 rudens
2797 5631 2894 5681 pro
2920 5617 3143 5671 credens.

2270 5696 2293 5733 κ
2318 5686 2452 5742 Illud
2481 5704 2639 5743 vanu
2658 5685 2971 5741 addidimus
2999 5704 3030 5741 e
3062 5702 3193 5741 mss.

4049 4814 4052 5000 κ
