  <div class='ocr_page' id='page_1' title='image "/cluster/home/n/w/nwhite01/storage/ocr_20150623/23/uva.x000775467/026.png"; bbox 0 0 4056 6292; ppageno 0'>
   <div class='ocr_carea' id='block_1_1' title="bbox 201 248 263 310">
    <p class='ocr_par' dir='ltr' id='par_1_1' title="bbox 201 248 263 310">
     <span class='ocr_line' id='line_1_1' title="bbox 201 248 263 310; baseline -0.065 0"><span class='ocrx_word' id='word_1_1' title='bbox 201 248 263 310; x_wconf 75' lang='lat'><strong>31</strong></span> 
     </span>
    </p>
   </div>
   <div class='ocr_carea' id='block_1_2' title="bbox 1312 232 3509 297">
    <p class='ocr_par' dir='ltr' id='par_1_2' title="bbox 1312 232 3509 297">
     <span class='ocr_line' id='line_1_2' title="bbox 1312 232 3509 297; baseline -0.004 0"><span class='ocrx_word' id='word_1_2' title='bbox 1312 241 1471 297; x_wconf 75' lang='lat' dir='ltr'><strong>VITA</strong></span> <span class='ocrx_word' id='word_1_3' title='bbox 1514 242 1568 293; x_wconf 86' lang='lat' dir='ltr'><strong>S.</strong></span> <span class='ocrx_word' id='word_1_4' title='bbox 1618 237 2007 293; x_wconf 72' lang='lat' dir='ltr'><strong>lllLARlUNIS</strong></span> <span class='ocrx_word' id='word_1_5' title='bbox 2047 236 2400 292; x_wconf 62' lang='lat' dir='ltr'><strong>EREMITE.</strong></span> <span class='ocrx_word' id='word_1_6' title='bbox 3443 232 3509 289; x_wconf 74' lang='lat'><strong>38</strong></span> 
     </span>
    </p>
   </div>
   <div class='ocr_carea' id='block_1_3' title="bbox 211 343 3505 428">
    <p class='ocr_par' dir='ltr' id='par_1_3' title="bbox 211 343 3505 428">
     <span class='ocr_line' id='line_1_3' title="bbox 211 343 3505 428; baseline -0.007 -11"><span class='ocrx_word' id='word_1_7' title='bbox 211 362 425 417; x_wconf 82' lang='lat' dir='ltr'><strong>triebat.</strong></span> <span class='ocrx_word' id='word_1_8' title='bbox 469 359 586 414; x_wconf 76' lang='lat' dir='ltr'><strong>Hoc</strong></span> <span class='ocrx_word' id='word_1_9' title='bbox 611 356 886 428; x_wconf 85' lang='lat' dir='ltr'><strong>siquidem</strong></span> <span class='ocrx_word' id='word_1_10' title='bbox 912 356 963 410; x_wconf 90' lang='lat' dir='ltr'><strong>in</strong></span> <span class='ocrx_word' id='word_1_11' title='bbox 987 354 1252 409; x_wconf 82' lang='lat' dir='ltr'><strong>Romanis</strong></span> <span class='ocrx_word' id='word_1_12' title='bbox 1281 351 1505 407; x_wconf 85' lang='lat' dir='ltr'><strong>urbibus</strong></span> <span class='ocrx_word' id='word_1_13' title='bbox 1532 349 1646 419; x_wconf 87' lang='lat' dir='ltr'><strong>jam</strong></span> <span class='ocrx_word' id='word_1_14' title='bbox 1681 348 1807 403; x_wconf 88' lang='lat' dir='ltr'><strong>inde</strong></span> <span class='ocrx_word' id='word_1_15' title='bbox 1838 353 1884 411; x_wconf 80' lang='grc' dir='ltr'>Α</span> <span class='ocrx_word' id='word_1_16' title='bbox 1912 362 2034 402; x_wconf 90' lang='lat' dir='ltr'><strong>cum</strong></span> <span class='ocrx_word' id='word_1_17' title='bbox 2065 346 2434 401; x_wconf 75' lang='lat' dir='ltr'><strong>Chrisdanum</strong></span> <span class='ocrx_word' id='word_1_18' title='bbox 2464 344 2531 399; x_wconf 90' lang='lat' dir='ltr'><strong>ad</strong></span> <span class='ocrx_word' id='word_1_19' title='bbox 2554 344 2882 412; x_wconf 84' lang='lat' dir='ltr'><strong>supplicium</strong></span> <span class='ocrx_word' id='word_1_20' title='bbox 2922 352 3315 412; x_wconf 80' lang='lat' dir='ltr'><strong>poposcerunt.</strong></span> <span class='ocrx_word' id='word_1_21' title='bbox 3350 343 3505 397; x_wconf 84' lang='lat' dir='ltr'><strong>ludu-</strong></span> 
     </span>
    </p>
   </div>
   <div class='ocr_carea' id='block_1_4' title="bbox 217 443 1809 517">
    <p class='ocr_par' dir='ltr' id='par_1_4' title="bbox 217 443 1809 517">
     <span class='ocr_line' id='line_1_4' title="bbox 217 443 1809 517; baseline -0.008 -9"><span class='ocrx_word' id='word_1_22' title='bbox 217 464 241 491; x_wconf 80' lang='grc' dir='ltr'><strong>ι</strong></span> <span class='ocrx_word' id='word_1_23' title='bbox 268 453 599 508; x_wconf 72' lang='lat' dir='ltr'><strong>servabatur</strong></span> <span class='ocrx_word' id='word_1_24' title='bbox 643 464 674 504; x_wconf 86' lang='lat' dir='ltr'><strong>a</strong></span> <span class='ocrx_word' id='word_1_25' title='bbox 705 448 961 511; x_wconf 81' lang='lat' dir='ltr'><strong>Romulo,</strong></span> <span class='ocrx_word' id='word_1_26' title='bbox 987 459 1044 503; x_wconf 93' lang='lat' dir='ltr'><strong>ut</strong></span> <span class='ocrx_word' id='word_1_27' title='bbox 1072 456 1298 517; x_wconf 80' lang='lat' dir='ltr'><strong>prepter</strong></span> <span class='ocrx_word' id='word_1_28' title='bbox 1330 445 1540 499; x_wconf 79' lang='lat' dir='ltr'><strong>felicem</strong></span> <span class='ocrx_word' id='word_1_29' title='bbox 1578 443 1809 500; x_wconf 81' lang='lat' dir='ltr'><strong>Sabina-</strong></span> 
     </span>
    </p>
   </div>
   <div class='ocr_carea' id='block_1_5' title="bbox 219 539 1814 614">
    <p class='ocr_par' dir='ltr' id='par_1_5' title="bbox 219 539 1814 614">
     <span class='ocr_line' id='line_1_5' title="bbox 219 539 1814 614; baseline -0.009 -11"><span class='ocrx_word' id='word_1_30' title='bbox 219 565 331 603; x_wconf 88' lang='lat' dir='ltr'><strong>rum</strong></span> <span class='ocrx_word' id='word_1_31' title='bbox 356 554 599 614; x_wconf 82' lang='lat' dir='ltr'><strong>raptum,</strong></span> <span class='ocrx_word' id='word_1_32' title='bbox 628 543 658 582; x_wconf 64' lang='grc' dir='ltr'>δ</span> <span class='ocrx_word' id='word_1_33' title='bbox 689 542 893 606; x_wconf 81' lang='lat' dir='ltr'><strong>Conso,</strong></span> <span class='ocrx_word' id='word_1_34' title='bbox 926 544 1073 611; x_wconf 56' lang='lat' dir='ltr'><strong>quasi</strong></span> <span class='ocrx_word' id='word_1_35' title='bbox 1119 540 1474 593; x_wconf 67' lang='lat' dir='ltr'><strong>consiliorum</strong></span> <span class='ocrx_word' id='word_1_36' title='bbox 1518 539 1648 601; x_wconf 81' lang='lat' dir='ltr'><strong>Deo,</strong></span> <span class='ocrx_word' id='word_1_37' title='bbox 1682 552 1814 607; x_wconf 85' lang='lat' dir='ltr'><strong>qua-</strong></span> 
     </span>
    </p>
   </div>
   <div class='ocr_carea' id='block_1_6' title="bbox 220 632 1815 709">
    <p class='ocr_par' dir='ltr' id='par_1_6' title="bbox 220 632 1815 709">
     <span class='ocr_line' id='line_1_6' title="bbox 220 632 1815 709; baseline -0.006 -15"><span class='ocrx_word' id='word_1_38' title='bbox 220 640 382 709; x_wconf 69' lang='lat' dir='ltr'><strong>drigaa</strong></span> <span class='ocrx_word' id='word_1_39' title='bbox 426 649 658 708; x_wconf 84' lang='lat' dir='ltr'><strong>septeno</strong></span> <span class='ocrx_word' id='word_1_40' title='bbox 702 645 923 690; x_wconf 89' lang='lat' dir='ltr'><strong>currant</strong></span> <span class='ocrx_word' id='word_1_41' title='bbox 967 634 1297 695; x_wconf 84' lang='lat' dir='ltr'><strong>circumitu;</strong></span> <span class='ocrx_word' id='word_1_42' title='bbox 1331 642 1386 687; x_wconf 89' lang='lat' dir='ltr'><strong>et</strong></span> <span class='ocrx_word' id='word_1_43' title='bbox 1438 646 1604 703; x_wconf 88' lang='lat' dir='ltr'><strong>equos</strong></span> <span class='ocrx_word' id='word_1_44' title='bbox 1645 632 1815 699; x_wconf 89' lang='lat' dir='ltr'><strong>partis</strong></span> 
     </span>
    </p>
   </div>
   <div class='ocr_carea' id='block_1_7' title="bbox 225 726 1817 800">
    <p class='ocr_par' dir='ltr' id='par_1_7' title="bbox 225 726 1817 800">
     <span class='ocr_line' id='line_1_7' title="bbox 225 726 1817 800; baseline -0.004 -15"><span class='ocrx_word' id='word_1_45' title='bbox 225 733 471 786; x_wconf 73' lang='lat' dir='ltr'><strong>adversa:</strong></span> <span class='ocrx_word' id='word_1_46' title='bbox 522 732 775 800; x_wconf 77' lang='lat' dir='ltr'><strong>fregisse,</strong></span> <span class='ocrx_word' id='word_1_47' title='bbox 821 727 1048 782; x_wconf 85' lang='lat' dir='ltr'><strong>victoria</strong></span> <span class='ocrx_word' id='word_1_48' title='bbox 1092 727 1184 781; x_wconf 87' lang='lat' dir='ltr'><strong>sit.</strong></span> <span class='ocrx_word' id='word_1_49' title='bbox 1243 727 1343 782; x_wconf 85' lang='lat' dir='ltr'><strong>Hic</strong></span> <span class='ocrx_word' id='word_1_50' title='bbox 1383 727 1566 796; x_wconf 82' lang='lat' dir='ltr'><strong>itaque</strong></span> <span class='ocrx_word' id='word_1_51' title='bbox 1619 726 1817 780; x_wconf 72' lang='lat' dir='ltr'><strong>teuiulo</strong></span> 
     </span>
    </p>
   </div>
   <div class='ocr_carea' id='block_1_8' title="bbox 226 818 1817 890">
    <p class='ocr_par' dir='ltr' id='par_1_8' title="bbox 226 818 1817 890">
     <span class='ocr_line' id='line_1_8' title="bbox 226 818 1817 890; baseline -0.004 -12"><span class='ocrx_word' id='word_1_52' title='bbox 226 838 330 879; x_wconf 92' lang='lat' dir='ltr'><strong>suo</strong></span> <span class='ocrx_word' id='word_1_53' title='bbox 360 824 591 878; x_wconf 85' lang='lat' dir='ltr'><strong>habente</strong></span> <span class='ocrx_word' id='word_1_54' title='bbox 623 821 951 883; x_wconf 75' lang='lat' dir='ltr'><strong>maleficum,</strong></span> <span class='ocrx_word' id='word_1_55' title='bbox 976 821 1068 890; x_wconf 87' lang='lat' dir='ltr'><strong>qui</strong></span> <span class='ocrx_word' id='word_1_56' title='bbox 1105 819 1457 874; x_wconf 71' lang='lat' dir='ltr'><strong>dmmoniacis</strong></span> <span class='ocrx_word' id='word_1_57' title='bbox 1491 818 1817 889; x_wconf 67' lang='lat' dir='ltr'><strong>quibusdam</strong></span> 
     </span>
    </p>
   </div>
   <div class='ocr_carea' id='block_1_9' title="bbox 228 911 1819 984">
    <p class='ocr_par' dir='ltr' id='par_1_9' title="bbox 228 911 1819 984">
     <span class='ocr_line' id='line_1_9' title="bbox 228 911 1819 984; baseline -0.004 -15"><span class='ocrx_word' id='word_1_58' title='bbox 228 915 725 984; x_wconf 72' lang='lat' dir='ltr'><strong>imprecationibus</strong></span> <span class='ocrx_word' id='word_1_59' title='bbox 764 924 815 968; x_wconf 86' lang='lat' dir='ltr'><strong>et</strong></span> <span class='ocrx_word' id='word_1_60' title='bbox 858 912 1019 980; x_wconf 82' lang='lat' dir='ltr'><strong>hujus</strong></span> <span class='ocrx_word' id='word_1_61' title='bbox 1053 912 1347 980; x_wconf 67' lang='lat' dir='ltr'><strong>impediret</strong></span> <span class='ocrx_word' id='word_1_62' title='bbox 1376 911 1483 983; x_wconf 70' lang='lat' dir='ltr'><strong>[AL</strong></span> <span class='ocrx_word' id='word_1_63' title='bbox 1520 922 1819 980; x_wconf 63' lang='lat' dir='ltr'><strong>pra&#39;cauta-</strong></span> 
     </span>
    </p>
   </div>
   <div class='ocr_carea' id='block_1_10' title="bbox 228 1002 1821 1074">
    <p class='ocr_par' dir='ltr' id='par_1_10' title="bbox 228 1002 1821 1074">
     <span class='ocr_line' id='line_1_10' title="bbox 228 1002 1821 1074; baseline -0.004 -15"><span class='ocrx_word' id='word_1_64' title='bbox 228 1006 474 1061; x_wconf 88' lang='lat' dir='ltr'><strong>tionibus</strong></span> <span class='ocrx_word' id='word_1_65' title='bbox 504 1016 563 1061; x_wconf 88' lang='lat' dir='ltr'><strong>et</strong></span> <span class='ocrx_word' id='word_1_66' title='bbox 593 1006 753 1073; x_wconf 86' lang='lat' dir='ltr'><strong>hujus</strong></span> <span class='ocrx_word' id='word_1_67' title='bbox 781 1002 1077 1074; x_wconf 65' lang='lat' dir='ltr'><strong>praeparet]</strong></span> <span class='ocrx_word' id='word_1_68' title='bbox 1105 1018 1301 1073; x_wconf 85' lang='lat' dir='ltr'><strong>equos,</strong></span> <span class='ocrx_word' id='word_1_69' title='bbox 1334 1012 1384 1057; x_wconf 90' lang='lat' dir='ltr'><strong>et</strong></span> <span class='ocrx_word' id='word_1_70' title='bbox 1413 1002 1558 1055; x_wconf 91' lang='lat' dir='ltr'><strong>illius</strong></span> <span class='ocrx_word' id='word_1_71' title='bbox 1579 1005 1821 1055; x_wconf 80' lang='lat' dir='ltr'><strong>concita-</strong></span> 
     </span>
    </p>
   </div>
   <div class='ocr_carea' id='block_1_11' title="bbox 226 1095 1819 1163">
    <p class='ocr_par' dir='ltr' id='par_1_11' title="bbox 226 1095 1819 1163">
     <span class='ocr_line' id='line_1_11' title="bbox 226 1095 1819 1163; baseline -0.003 -10"><span class='ocrx_word' id='word_1_72' title='bbox 226 1109 316 1153; x_wconf 89' lang='lat' dir='ltr'><strong>ret</strong></span> <span class='ocrx_word' id='word_1_73' title='bbox 357 1098 426 1151; x_wconf 78' lang='lat' dir='ltr'><strong>ad</strong></span> <span class='ocrx_word' id='word_1_74' title='bbox 452 1113 690 1163; x_wconf 77' lang='lat' dir='ltr'><strong>cursum,</strong></span> <span class='ocrx_word' id='word_1_75' title='bbox 717 1096 864 1151; x_wconf 87' lang='lat' dir='ltr'><strong>venit</strong></span> <span class='ocrx_word' id='word_1_76' title='bbox 891 1096 957 1148; x_wconf 85' lang='lat' dir='ltr'><strong>ad</strong></span> <span class='ocrx_word' id='word_1_77' title='bbox 990 1096 1208 1149; x_wconf 80' lang='lat' dir='ltr'><strong>beatum</strong></span> <span class='ocrx_word' id='word_1_78' title='bbox 1238 1095 1596 1157; x_wconf 77' lang='lat' dir='ltr'><strong>Hilariouem,</strong></span> <span class='ocrx_word' id='word_1_79' title='bbox 1630 1107 1680 1150; x_wconf 85' lang='lat' dir='ltr'><strong>et</strong></span> <span class='ocrx_word' id='word_1_80' title='bbox 1712 1110 1819 1149; x_wconf 91' lang='lat' dir='ltr'><strong>non</strong></span> 
     </span>
    </p>
   </div>
   <div class='ocr_carea' id='block_1_12' title="bbox 230 1188 1816 1258">
    <p class='ocr_par' dir='ltr' id='par_1_12' title="bbox 230 1188 1816 1258">
     <span class='ocr_line' id='line_1_12' title="bbox 230 1188 1816 1258; baseline -0.003 -13"><span class='ocrx_word' id='word_1_81' title='bbox 230 1202 347 1245; x_wconf 87' lang='lat' dir='ltr'><strong>tam</strong></span> <span class='ocrx_word' id='word_1_82' title='bbox 373 1190 747 1245; x_wconf 84' lang='lat' dir='ltr'><strong>adversarium</strong></span> <span class='ocrx_word' id='word_1_83' title='bbox 779 1189 922 1252; x_wconf 71' lang='lat' dir='ltr'><strong>laedi,</strong></span> <span class='ocrx_word' id='word_1_84' title='bbox 954 1204 1114 1258; x_wconf 86' lang='lat' dir='ltr'><strong>quam</strong></span> <span class='ocrx_word' id='word_1_85' title='bbox 1152 1202 1215 1242; x_wconf 79' lang='lat' dir='ltr'><strong>se</strong></span> <span class='ocrx_word' id='word_1_86' title='bbox 1246 1188 1460 1242; x_wconf 77' lang='lat' dir='ltr'><strong>defendi</strong></span> <span class='ocrx_word' id='word_1_87' title='bbox 1488 1188 1816 1242; x_wconf 74' lang='lat' dir='ltr'><strong>obsecravit.</strong></span> 
     </span>
    </p>
   </div>
   <div class='ocr_carea' id='block_1_13' title="bbox 230 1280 1820 1352">
    <p class='ocr_par' dir='ltr' id='par_1_13' title="bbox 230 1280 1820 1352">
     <span class='ocr_line' id='line_1_13' title="bbox 230 1280 1820 1352; baseline 0 -17"><span class='ocrx_word' id='word_1_88' title='bbox 230 1281 483 1352; x_wconf 79' lang='lat' dir='ltr'><strong>Ineptum</strong></span> <span class='ocrx_word' id='word_1_89' title='bbox 519 1282 693 1336; x_wconf 84' lang='lat' dir='ltr'><strong>visum</strong></span> <span class='ocrx_word' id='word_1_90' title='bbox 740 1290 827 1335; x_wconf 89' lang='lat' dir='ltr'><strong>est</strong></span> <span class='ocrx_word' id='word_1_91' title='bbox 856 1280 1171 1335; x_wconf 84' lang='lat' dir='ltr'><strong>venerando</strong></span> <span class='ocrx_word' id='word_1_92' title='bbox 1209 1281 1325 1335; x_wconf 89' lang='lat' dir='ltr'><strong>seni</strong></span> <span class='ocrx_word' id='word_1_93' title='bbox 1363 1282 1413 1334; x_wconf 92' lang='lat' dir='ltr'><strong>in</strong></span> <span class='ocrx_word' id='word_1_94' title='bbox 1444 1281 1820 1349; x_wconf 83' lang='lat' dir='ltr'><strong>hujuscemodi</strong></span> 
     </span>
    </p>
   </div>
   <div class='ocr_carea' id='block_1_14' title="bbox 226 1367 1818 1441">
    <p class='ocr_par' dir='ltr' id='par_1_14' title="bbox 226 1367 1818 1441">
     <span class='ocr_line' id='line_1_14' title="bbox 226 1367 1818 1441; baseline -0.003 -16"><span class='ocrx_word' id='word_1_95' title='bbox 226 1372 389 1441; x_wconf 91' lang='lat' dir='ltr'><strong>nugis</strong></span> <span class='ocrx_word' id='word_1_96' title='bbox 418 1373 731 1425; x_wconf 89' lang='lat' dir='ltr'><strong>orationem</strong></span> <span class='ocrx_word' id='word_1_97' title='bbox 760 1369 1010 1439; x_wconf 83' lang='lat' dir='ltr'><strong>perdere.</strong></span> <span class='ocrx_word' id='word_1_98' title='bbox 1034 1367 1283 1437; x_wconf 88' lang='lat' dir='ltr'><strong>Cumque</strong></span> <span class='ocrx_word' id='word_1_99' title='bbox 1305 1368 1611 1423; x_wconf 87' lang='lat' dir='ltr'><strong>subrideret</strong></span> <span class='ocrx_word' id='word_1_100' title='bbox 1642 1379 1696 1423; x_wconf 90' lang='lat' dir='ltr'><strong>et</strong></span> <span class='ocrx_word' id='word_1_101' title='bbox 1732 1370 1818 1422; x_wconf 89' lang='lat' dir='ltr'><strong>di-</strong></span> 
     </span>
    </p>
   </div>
   <div class='ocr_carea' id='block_1_15' title="bbox 226 1462 1823 1531">
    <p class='ocr_par' dir='ltr' id='par_1_15' title="bbox 226 1462 1823 1531">
     <span class='ocr_line' id='line_1_15' title="bbox 226 1462 1823 1531; baseline -0.001 -13"><span class='ocrx_word' id='word_1_102' title='bbox 226 1475 377 1518; x_wconf 88' lang='lat' dir='ltr'><strong>ceret</strong></span> <span class='ocrx_word' id='word_1_103' title='bbox 412 1482 423 1516; x_wconf 90' lang='lat'>:</span> <span class='ocrx_word' id='word_1_104' title='bbox 451 1462 564 1517; x_wconf 88' lang='lat' dir='ltr'><strong>Cur</strong></span> <span class='ocrx_word' id='word_1_105' title='bbox 594 1476 701 1516; x_wconf 92' lang='lat' dir='ltr'><strong>non</strong></span> <span class='ocrx_word' id='word_1_106' title='bbox 734 1462 907 1531; x_wconf 77' lang='lat' dir='ltr'><strong>magis</strong></span> <span class='ocrx_word' id='word_1_107' title='bbox 946 1477 1210 1531; x_wconf 86' lang='lat' dir='ltr'><strong>equorum</strong></span> <span class='ocrx_word' id='word_1_108' title='bbox 1257 1464 1488 1531; x_wconf 81' lang='lat' dir='ltr'><strong>pretium</strong></span> <span class='ocrx_word' id='word_1_109' title='bbox 1524 1477 1619 1530; x_wconf 88' lang='lat' dir='ltr'><strong>pro</strong></span> <span class='ocrx_word' id='word_1_110' title='bbox 1648 1463 1823 1517; x_wconf 88' lang='lat' dir='ltr'><strong>salute</strong></span> 
     </span>
    </p>
   </div>
   <div class='ocr_carea' id='block_1_16' title="bbox 223 1555 1822 1623">
    <p class='ocr_par' dir='ltr' id='par_1_16' title="bbox 223 1555 1822 1623">
     <span class='ocr_line' id='line_1_16' title="bbox 223 1555 1822 1623; baseline 0 -14"><span class='ocrx_word' id='word_1_111' title='bbox 223 1556 425 1609; x_wconf 78' lang='lat' dir='ltr'><strong>animae</strong></span> <span class='ocrx_word' id='word_1_112' title='bbox 457 1568 560 1609; x_wconf 74' lang='lat' dir='ltr'><strong>tute</strong></span> <span class='ocrx_word' id='word_1_113' title='bbox 594 1555 929 1623; x_wconf 79' lang='lat' dir='ltr'><strong>pauperibus</strong></span> <span class='ocrx_word' id='word_1_114' title='bbox 960 1556 1197 1623; x_wconf 78' lang='lat' dir='ltr'><strong>erogas?</strong></span> <span class='ocrx_word' id='word_1_115' title='bbox 1225 1556 1317 1609; x_wconf 90' lang='lat' dir='ltr'><strong>Ille</strong></span> <span class='ocrx_word' id='word_1_116' title='bbox 1344 1555 1645 1621; x_wconf 66' lang='lat' dir='ltr'><strong>restioudit.</strong></span> <span class='ocrx_word' id='word_1_117' title='bbox 1668 1555 1822 1609; x_wconf 75' lang='lat' dir='ltr'><strong>{tinc-</strong></span> 
     </span>
    </p>
   </div>
   <div class='ocr_carea' id='block_1_17' title="bbox 225 1646 1820 1717">
    <p class='ocr_par' dir='ltr' id='par_1_17' title="bbox 225 1646 1820 1717">
     <span class='ocr_line' id='line_1_17' title="bbox 225 1646 1820 1717; baseline -0.001 -16"><span class='ocrx_word' id='word_1_118' title='bbox 225 1648 432 1702; x_wconf 88' lang='lat' dir='ltr'><strong>tiouem</strong></span> <span class='ocrx_word' id='word_1_119' title='bbox 468 1664 592 1703; x_wconf 88' lang='lat' dir='ltr'><strong>esse</strong></span> <span class='ocrx_word' id='word_1_120' title='bbox 652 1648 961 1717; x_wconf 82' lang='lat' dir='ltr'><strong>publicam;</strong></span> <span class='ocrx_word' id='word_1_121' title='bbox 1007 1656 1061 1700; x_wconf 81' lang='lat' dir='ltr'><strong>ct</strong></span> <span class='ocrx_word' id='word_1_122' title='bbox 1107 1646 1209 1701; x_wconf 90' lang='lat' dir='ltr'><strong>hoc</strong></span> <span class='ocrx_word' id='word_1_123' title='bbox 1252 1662 1312 1701; x_wconf 88' lang='lat' dir='ltr'><strong>se</strong></span> <span class='ocrx_word' id='word_1_124' title='bbox 1345 1662 1450 1701; x_wconf 87' lang='lat' dir='ltr'><strong>non</strong></span> <span class='ocrx_word' id='word_1_125' title='bbox 1494 1658 1600 1701; x_wconf 89' lang='lat' dir='ltr'><strong>tam</strong></span> <span class='ocrx_word' id='word_1_126' title='bbox 1658 1648 1820 1709; x_wconf 80' lang='lat' dir='ltr'><strong>velle,</strong></span> 
     </span>
    </p>
   </div>
   <div class='ocr_carea' id='block_1_18' title="bbox 1914 434 3507 507">
    <p class='ocr_par' dir='ltr' id='par_1_18' title="bbox 1914 434 3507 507">
     <span class='ocr_line' id='line_1_18' title="bbox 1914 434 3507 507; baseline -0.003 -14"><span class='ocrx_word' id='word_1_127' title='bbox 1914 440 2079 493; x_wconf 80' lang='lat' dir='ltr'><strong>bitata</strong></span> <span class='ocrx_word' id='word_1_128' title='bbox 2112 453 2241 507; x_wconf 80' lang='lat' dir='ltr'><strong>ergo</strong></span> <span class='ocrx_word' id='word_1_129' title='bbox 2265 437 2490 491; x_wconf 83' lang='lat' dir='ltr'><strong>victoria</strong></span> <span class='ocrx_word' id='word_1_130' title='bbox 2519 445 2575 489; x_wconf 82' lang='lat' dir='ltr'><strong>et</strong></span> <span class='ocrx_word' id='word_1_131' title='bbox 2609 436 2730 493; x_wconf 85' lang='lat' dir='ltr'><strong>illis.</strong></span> <span class='ocrx_word' id='word_1_132' title='bbox 2756 444 2811 488; x_wconf 91' lang='lat' dir='ltr'><strong>et</strong></span> <span class='ocrx_word' id='word_1_133' title='bbox 2844 434 3032 487; x_wconf 86' lang='lat' dir='ltr'><strong>multis</strong></span> <span class='ocrx_word' id='word_1_134' title='bbox 3066 444 3215 487; x_wconf 90' lang='lat' dir='ltr'><strong>retro</strong></span> <span class='ocrx_word' id='word_1_135' title='bbox 3241 436 3507 489; x_wconf 59' lang='lat' dir='ltr'><strong>Circensi-</strong></span> 
     </span>
    </p>
   </div>
   <div class='ocr_carea' id='block_1_19' title="bbox 1918 527 2828 603">
    <p class='ocr_par' dir='ltr' id='par_1_19' title="bbox 1918 527 2828 603">
     <span class='ocr_line' id='line_1_19' title="bbox 1918 527 2828 603; baseline -0.005 -18"><span class='ocrx_word' id='word_1_136' title='bbox 1918 532 2015 586; x_wconf 86' lang='lat' dir='ltr'><strong>bus</strong></span> <span class='ocrx_word' id='word_1_137' title='bbox 2038 532 2286 603; x_wconf 84' lang='lat' dir='ltr'><strong>pluritnis</strong></span> <span class='ocrx_word' id='word_1_138' title='bbox 2316 530 2441 584; x_wconf 86' lang='lat' dir='ltr'><strong>lidei</strong></span> <span class='ocrx_word' id='word_1_139' title='bbox 2467 530 2683 582; x_wconf 79' lang='lat' dir='ltr'><strong>occasio</strong></span> <span class='ocrx_word' id='word_1_140' title='bbox 2711 527 2828 581; x_wconf 85' lang='lat' dir='ltr'><strong>luit.</strong></span> 
     </span>
    </p>
   </div>
   <div class='ocr_carea' id='block_1_20' title="bbox 1987 621 3507 693">
    <p class='ocr_par' dir='ltr' id='par_1_20' title="bbox 1987 621 3507 693">
     <span class='ocr_line' id='line_1_20' title="bbox 1987 621 3507 693; baseline -0.005 -14"><span class='ocrx_word' id='word_1_141' title='bbox 1987 625 2077 679; x_wconf 69' lang='lat'><strong>2|.</strong></span> <span class='ocrx_word' id='word_1_142' title='bbox 2116 624 2380 693; x_wconf 70' lang='lat' dir='ltr'><strong>Virginem</strong></span> <span class='ocrx_word' id='word_1_143' title='bbox 2413 622 2474 675; x_wconf 89' lang='lat' dir='ltr'><strong>ab</strong></span> <span class='ocrx_word' id='word_1_144' title='bbox 2514 622 2858 675; x_wconf 83' lang='lat' dir='ltr'><strong>incantatione</strong></span> <span class='ocrx_word' id='word_1_145' title='bbox 2904 621 3164 674; x_wconf 73' lang='lat' dir='ltr'><strong>amatoria</strong></span> <span class='ocrx_word' id='word_1_146' title='bbox 3210 621 3412 673; x_wconf 77' lang='lat' dir='ltr'><strong>liberat.</strong></span> <span class='ocrx_word' id='word_1_147' title='bbox 3442 651 3507 662; x_wconf 69' lang='grc' dir='ltr'><strong>-ο</strong></span> 
     </span>
    </p>
   </div>
   <div class='ocr_carea' id='block_1_21' title="bbox 1920 712 3510 781">
    <p class='ocr_par' dir='ltr' id='par_1_21' title="bbox 1920 712 3510 781">
     <span class='ocr_line' id='line_1_21' title="bbox 1920 712 3510 781; baseline -0.003 -11"><span class='ocrx_word' id='word_1_148' title='bbox 1920 716 1993 770; x_wconf 81' lang='lat' dir='ltr'><strong>De</strong></span> <span class='ocrx_word' id='word_1_149' title='bbox 2022 719 2212 769; x_wconf 72' lang='lat' dir='ltr'><strong>cudi-tu</strong></span> <span class='ocrx_word' id='word_1_150' title='bbox 2260 715 2525 770; x_wconf 83' lang='lat' dir='ltr'><strong>Gazeusis</strong></span> <span class='ocrx_word' id='word_1_151' title='bbox 2556 714 2785 779; x_wconf 73' lang='lat' dir='ltr'><strong>emporii</strong></span> <span class='ocrx_word' id='word_1_152' title='bbox 2810 715 3032 781; x_wconf 84' lang='lat' dir='ltr'><strong>oppido,</strong></span> <span class='ocrx_word' id='word_1_153' title='bbox 3064 722 3087 747; x_wconf 72' lang='grc' dir='ltr'><strong><em>ο</em></strong></span> <span class='ocrx_word' id='word_1_154' title='bbox 3118 712 3383 781; x_wconf 78' lang='lat' dir='ltr'><strong>virginem</strong></span> <span class='ocrx_word' id='word_1_155' title='bbox 3420 713 3510 766; x_wconf 71' lang='lat' dir='ltr'><strong>[lci</strong></span> 
     </span>
    </p>
   </div>
   <div class='ocr_carea' id='block_1_22' title="bbox 1921 805 3510 877">
    <p class='ocr_par' dir='ltr' id='par_1_22' title="bbox 1921 805 3510 877">
     <span class='ocr_line' id='line_1_22' title="bbox 1921 805 3510 877; baseline -0.003 -17"><span class='ocrx_word' id='word_1_156' title='bbox 1921 808 2357 877; x_wconf 85' lang='lat' dir='ltr'><strong>vicinusjuveuis</strong></span> <span class='ocrx_word' id='word_1_157' title='bbox 2382 806 2693 876; x_wconf 80' lang='lat' dir='ltr'><strong>deperibat.</strong></span> <span class='ocrx_word' id='word_1_158' title='bbox 2724 806 2825 872; x_wconf 83' lang='lat' dir='ltr'><strong>Qui</strong></span> <span class='ocrx_word' id='word_1_159' title='bbox 2856 821 2977 858; x_wconf 85' lang='lat' dir='ltr'><strong>cum</strong></span> <span class='ocrx_word' id='word_1_160' title='bbox 3006 805 3321 873; x_wconf 75' lang='lat' dir='ltr'><strong>frequenter</strong></span> <span class='ocrx_word' id='word_1_161' title='bbox 3345 815 3510 867; x_wconf 87' lang='lat' dir='ltr'><strong>tactu,</strong></span> 
     </span>
    </p>
   </div>
   <div class='ocr_carea' id='block_1_23' title="bbox 1917 894 3513 969">
    <p class='ocr_par' dir='ltr' id='par_1_23' title="bbox 1917 894 3513 969">
     <span class='ocr_line' id='line_1_23' title="bbox 1917 894 3513 969; baseline -0.003 -16"><span class='ocrx_word' id='word_1_162' title='bbox 1917 900 2076 969; x_wconf 78' lang='lat' dir='ltr'><strong>jocis,</strong></span> <span class='ocrx_word' id='word_1_163' title='bbox 2115 900 2357 961; x_wconf 90' lang='lat' dir='ltr'><strong>nutibus,</strong></span> <span class='ocrx_word' id='word_1_164' title='bbox 2405 898 2601 959; x_wconf 88' lang='lat' dir='ltr'><strong>sibilis,</strong></span> <span class='ocrx_word' id='word_1_165' title='bbox 2652 908 2706 951; x_wconf 90' lang='lat' dir='ltr'><strong>et</strong></span> <span class='ocrx_word' id='word_1_166' title='bbox 2754 896 2970 950; x_wconf 63' lang='lat' dir='ltr'><strong>caeteris</strong></span> <span class='ocrx_word' id='word_1_167' title='bbox 3020 894 3353 964; x_wconf 85' lang='lat' dir='ltr'><strong>bujusmodi,</strong></span> <span class='ocrx_word' id='word_1_168' title='bbox 3394 911 3513 965; x_wconf 67' lang='lat' dir='ltr'><strong>quae</strong></span> 
     </span>
    </p>
   </div>
   <div class='ocr_carea' id='block_1_24' title="bbox 1921 987 3511 1058">
    <p class='ocr_par' dir='ltr' id='par_1_24' title="bbox 1921 987 3511 1058">
     <span class='ocr_line' id='line_1_24' title="bbox 1921 987 3511 1058; baseline -0.003 -13"><span class='ocrx_word' id='word_1_169' title='bbox 1921 992 2097 1045; x_wconf 89' lang='lat' dir='ltr'><strong>solent</strong></span> <span class='ocrx_word' id='word_1_170' title='bbox 2157 992 2439 1044; x_wconf 67' lang='lat' dir='ltr'><strong>moritura:</strong></span> <span class='ocrx_word' id='word_1_171' title='bbox 2490 990 2814 1058; x_wconf 76' lang='lat' dir='ltr'><strong>virginitatis</strong></span> <span class='ocrx_word' id='word_1_172' title='bbox 2863 1002 2983 1042; x_wconf 72' lang='lat' dir='ltr'><strong>esse</strong></span> <span class='ocrx_word' id='word_1_173' title='bbox 3060 987 3346 1056; x_wconf 87' lang='lat' dir='ltr'><strong>principia,</strong></span> <span class='ocrx_word' id='word_1_174' title='bbox 3380 988 3511 1040; x_wconf 84' lang='lat' dir='ltr'><strong>nihil</strong></span> 
     </span>
    </p>
   </div>
   <div class='ocr_carea' id='block_1_25' title="bbox 1924 1081 3514 1155">
    <p class='ocr_par' dir='ltr' id='par_1_25' title="bbox 1924 1081 3514 1155">
     <span class='ocr_line' id='line_1_25' title="bbox 1924 1081 3514 1155; baseline -0.004 -16"><span class='ocrx_word' id='word_1_175' title='bbox 1924 1086 2267 1155; x_wconf 72' lang='lat' dir='ltr'><strong>profecisset,</strong></span> <span class='ocrx_word' id='word_1_176' title='bbox 2298 1085 2540 1155; x_wconf 79' lang='lat' dir='ltr'><strong>perrexit</strong></span> <span class='ocrx_word' id='word_1_177' title='bbox 2578 1081 2593 1119; x_wconf 77' lang='grc' dir='ltr'>ί</span> <span class='ocrx_word' id='word_1_178' title='bbox 2623 1081 2934 1150; x_wconf 76' lang='lat' dir='ltr'><strong>Memphim,</strong></span> <span class='ocrx_word' id='word_1_179' title='bbox 2968 1091 3025 1135; x_wconf 91' lang='lat' dir='ltr'><strong>ut</strong></span> <span class='ocrx_word' id='word_1_180' title='bbox 3049 1081 3514 1135; x_wconf 81' lang='lat' dir='ltr'><strong>contessovulne-</strong></span> 
     </span>
    </p>
   </div>
   <div class='ocr_carea' id='block_1_26' title="bbox 1925 1174 3507 1249">
    <p class='ocr_par' dir='ltr' id='par_1_26' title="bbox 1925 1174 3507 1249">
     <span class='ocr_line' id='line_1_26' title="bbox 1925 1174 3507 1249; baseline -0.004 -16"><span class='ocrx_word' id='word_1_181' title='bbox 1925 1195 1984 1234; x_wconf 87' lang='lat' dir='ltr'><strong>re</strong></span> <span class='ocrx_word' id='word_1_182' title='bbox 2010 1181 2371 1249; x_wconf 63' lang='lat' dir='ltr'><strong>suo,uiagicis</strong></span> <span class='ocrx_word' id='word_1_183' title='bbox 2397 1177 2604 1231; x_wconf 83' lang='lat' dir='ltr'><strong>artibus</strong></span> <span class='ocrx_word' id='word_1_184' title='bbox 2634 1178 2828 1231; x_wconf 87' lang='lat' dir='ltr'><strong>rediret</strong></span> <span class='ocrx_word' id='word_1_185' title='bbox 2862 1188 3107 1229; x_wconf 87' lang='lat' dir='ltr'><strong>armatus</strong></span> <span class='ocrx_word' id='word_1_186' title='bbox 3132 1174 3201 1229; x_wconf 78' lang='lat' dir='ltr'><strong>ad</strong></span> <span class='ocrx_word' id='word_1_187' title='bbox 3226 1176 3507 1243; x_wconf 72' lang='lat' dir='ltr'><strong>virginem.</strong></span> 
     </span>
    </p>
   </div>
   <div class='ocr_carea' id='block_1_27' title="bbox 1927 1267 3511 1341">
    <p class='ocr_par' dir='ltr' id='par_1_27' title="bbox 1927 1267 3511 1341">
     <span class='ocr_line' id='line_1_27' title="bbox 1927 1267 3511 1341; baseline -0.004 -16"><span class='ocrx_word' id='word_1_188' title='bbox 1927 1271 2090 1341; x_wconf 81' lang='lat' dir='ltr'><strong>Igitur</strong></span> <span class='ocrx_word' id='word_1_189' title='bbox 2136 1279 2260 1339; x_wconf 84' lang='lat' dir='ltr'><strong>post</strong></span> <span class='ocrx_word' id='word_1_190' title='bbox 2311 1286 2508 1324; x_wconf 87' lang='lat' dir='ltr'><strong>annum</strong></span> <span class='ocrx_word' id='word_1_191' title='bbox 2550 1270 2739 1322; x_wconf 86' lang='lat' dir='ltr'><strong>doctus</strong></span> <span class='ocrx_word' id='word_1_192' title='bbox 2767 1278 2790 1313; x_wconf 72' lang='lat'><strong>8</strong></span> <span class='ocrx_word' id='word_1_193' title='bbox 2818 1269 2885 1321; x_wconf 85' lang='lat' dir='ltr'><strong>ab</strong></span> <span class='ocrx_word' id='word_1_194' title='bbox 2934 1267 3230 1337; x_wconf 66' lang='lat' dir='ltr'><strong>Esculapii</strong></span> <span class='ocrx_word' id='word_1_195' title='bbox 3279 1270 3511 1331; x_wconf 64' lang='lat' dir='ltr'><strong>vatibus,</strong></span> 
     </span>
    </p>
   </div>
   <div class='ocr_carea' id='block_1_28' title="bbox 1926 1358 3513 1427">
    <p class='ocr_par' dir='ltr' id='par_1_28' title="bbox 1926 1358 3513 1427">
     <span class='ocr_line' id='line_1_28' title="bbox 1926 1358 3513 1427; baseline -0.005 -12"><span class='ocrx_word' id='word_1_196' title='bbox 1926 1378 2033 1415; x_wconf 82' lang='lat' dir='ltr'><strong>non</strong></span> <span class='ocrx_word' id='word_1_197' title='bbox 2080 1360 2435 1415; x_wconf 87' lang='lat' dir='ltr'><strong>remediantis</strong></span> <span class='ocrx_word' id='word_1_198' title='bbox 2464 1361 2699 1421; x_wconf 82' lang='lat' dir='ltr'><strong>animas,</strong></span> <span class='ocrx_word' id='word_1_199' title='bbox 2730 1359 2823 1413; x_wconf 82' lang='lat' dir='ltr'><strong>sed</strong></span> <span class='ocrx_word' id='word_1_200' title='bbox 2854 1359 3159 1427; x_wconf 79' lang='lat' dir='ltr'><strong>perdentis,</strong></span> <span class='ocrx_word' id='word_1_201' title='bbox 3184 1358 3332 1413; x_wconf 88' lang='lat' dir='ltr'><strong>venit</strong></span> <span class='ocrx_word' id='word_1_202' title='bbox 3362 1376 3513 1426; x_wconf 64' lang='lat' dir='ltr'><strong>prm-</strong></span> 
     </span>
    </p>
   </div>
   <div class='ocr_carea' id='block_1_29' title="bbox 1926 1454 3515 1523">
    <p class='ocr_par' dir='ltr' id='par_1_29' title="bbox 1926 1454 3515 1523">
     <span class='ocr_line' id='line_1_29' title="bbox 1926 1454 3515 1523; baseline -0.003 -13"><span class='ocrx_word' id='word_1_203' title='bbox 1926 1465 2200 1523; x_wconf 84' lang='lat' dir='ltr'><strong>snmptum</strong></span> <span class='ocrx_word' id='word_1_204' title='bbox 2230 1456 2413 1507; x_wconf 83' lang='lat' dir='ltr'><strong>animo</strong></span> <span class='ocrx_word' id='word_1_205' title='bbox 2440 1464 2688 1521; x_wconf 84' lang='lat' dir='ltr'><strong>stuprum</strong></span> <span class='ocrx_word' id='word_1_206' title='bbox 2735 1454 2994 1522; x_wconf 85' lang='lat' dir='ltr'><strong>gestiens,</strong></span> <span class='ocrx_word' id='word_1_207' title='bbox 3028 1466 3079 1507; x_wconf 88' lang='lat' dir='ltr'><strong>et</strong></span> <span class='ocrx_word' id='word_1_208' title='bbox 3122 1460 3310 1505; x_wconf 85' lang='lat' dir='ltr'><strong>subter</strong></span> <span class='ocrx_word' id='word_1_209' title='bbox 3357 1454 3515 1505; x_wconf 80' lang='lat' dir='ltr'><strong>liimn</strong></span> 
     </span>
    </p>
   </div>
   <div class='ocr_carea' id='block_1_30' title="bbox 1925 1546 3515 1614">
    <p class='ocr_par' dir='ltr' id='par_1_30' title="bbox 1925 1546 3515 1614">
     <span class='ocr_line' id='line_1_30' title="bbox 1925 1546 3515 1614; baseline -0.001 -13"><span class='ocrx_word' id='word_1_210' title='bbox 1925 1548 2121 1601; x_wconf 85' lang='lat' dir='ltr'><strong>domus</strong></span> <span class='ocrx_word' id='word_1_211' title='bbox 2157 1548 2347 1613; x_wconf 59' lang='lat' dir='ltr'><strong>puellae</strong></span> <span class='ocrx_word' id='word_1_212' title='bbox 2389 1555 2637 1614; x_wconf 85' lang='lat' dir='ltr'><strong>portenta</strong></span> <span class='ocrx_word' id='word_1_213' title='bbox 2669 1546 2917 1614; x_wconf 58' lang='lat' dir='ltr'><strong>quadam</strong></span> <span class='ocrx_word' id='word_1_214' title='bbox 2953 1547 3266 1605; x_wconf 88' lang='lat' dir='ltr'><strong>verborum,</strong></span> <span class='ocrx_word' id='word_1_215' title='bbox 3290 1556 3343 1599; x_wconf 92' lang='lat' dir='ltr'><strong>et</strong></span> <span class='ocrx_word' id='word_1_216' title='bbox 3392 1562 3515 1613; x_wconf 65' lang='lat' dir='ltr'><strong>prr-</strong></span> 
     </span>
    </p>
   </div>
   <div class='ocr_carea' id='block_1_31' title="bbox 1928 1638 3518 1707">
    <p class='ocr_par' dir='ltr' id='par_1_31' title="bbox 1928 1638 3518 1707">
     <span class='ocr_line' id='line_1_31' title="bbox 1928 1638 3518 1707; baseline -0.004 -16"><span class='ocrx_word' id='word_1_217' title='bbox 1928 1648 2170 1693; x_wconf 88' lang='lat' dir='ltr'><strong>tentosas</strong></span> <span class='ocrx_word' id='word_1_218' title='bbox 2202 1638 2401 1705; x_wconf 69' lang='lat' dir='ltr'><strong>ﬁguras</strong></span> <span class='ocrx_word' id='word_1_219' title='bbox 2419 1640 2657 1703; x_wconf 77' lang='lat' dir='ltr'><strong>scalptas</strong></span> <span class='ocrx_word' id='word_1_220' title='bbox 2688 1640 2739 1690; x_wconf 90' lang='lat' dir='ltr'><strong>in</strong></span> <span class='ocrx_word' id='word_1_221' title='bbox 2770 1638 2893 1690; x_wconf 57' lang='lat' dir='ltr'><strong>avris</strong></span> <span class='ocrx_word' id='word_1_222' title='bbox 2920 1638 3105 1707; x_wconf 69' lang='lat' dir='ltr'><strong>tlyprii</strong></span> <span class='ocrx_word' id='word_1_223' title='bbox 3141 1638 3339 1689; x_wconf 73' lang='lat' dir='ltr'><strong>lamina</strong></span> <span class='ocrx_word' id='word_1_224' title='bbox 3371 1638 3518 1689; x_wconf 83' lang='lat' dir='ltr'><strong>detu.</strong></span> 
     </span>
    </p>
   </div>
   <div class='ocr_carea' id='block_1_32' title="bbox 222 1721 3515 1808">
    <p class='ocr_par' dir='ltr' id='par_1_32' title="bbox 222 1721 3515 1808">
     <span class='ocr_line' id='line_1_32' title="bbox 222 1721 3515 1808; baseline -0.002 -23"><span class='ocrx_word' id='word_1_225' title='bbox 222 1754 388 1807; x_wconf 82' lang='lat' dir='ltr'><strong>quam</strong></span> <span class='ocrx_word' id='word_1_226' title='bbox 430 1742 597 1808; x_wconf 75' lang='lat' dir='ltr'><strong>cogi:</strong></span> <span class='ocrx_word' id='word_1_227' title='bbox 638 1753 739 1791; x_wconf 71' lang='lat' dir='ltr'><strong>nec</strong></span> <span class='ocrx_word' id='word_1_228' title='bbox 795 1753 954 1805; x_wconf 72' lang='lat' dir='ltr'><strong>posse</strong></span> <span class='ocrx_word' id='word_1_229' title='bbox 1006 1740 1283 1791; x_wconf 74' lang='lat' dir='ltr'><strong>hominem</strong></span> <span class='ocrx_word' id='word_1_230' title='bbox 1326 1738 1696 1792; x_wconf 67' lang='lat' dir='ltr'><strong>Christianum</strong></span> <span class='ocrx_word' id='word_1_231' title='bbox 1747 1740 1821 1792; x_wconf 84' lang='lat' dir='ltr'><strong>uti</strong></span> <span class='ocrx_word' id='word_1_232' title='bbox 1861 1721 1899 1778; x_wconf 72' lang='grc' dir='ltr'><strong>Β</strong></span> <span class='ocrx_word' id='word_1_233' title='bbox 1928 1733 2027 1785; x_wconf 81' lang='lat' dir='ltr'><strong>(lit.</strong></span> <span class='ocrx_word' id='word_1_234' title='bbox 2056 1732 2206 1786; x_wconf 79' lang='lat' dir='ltr'><strong>Illico</strong></span> <span class='ocrx_word' id='word_1_235' title='bbox 2238 1730 2477 1785; x_wconf 86' lang='lat' dir='ltr'><strong>insanire</strong></span> <span class='ocrx_word' id='word_1_236' title='bbox 2506 1733 2677 1799; x_wconf 81' lang='lat' dir='ltr'><strong>virgo.</strong></span> <span class='ocrx_word' id='word_1_237' title='bbox 2709 1741 2762 1783; x_wconf 80' lang='lat' dir='ltr'><strong>et</strong></span> <span class='ocrx_word' id='word_1_238' title='bbox 2803 1732 3001 1784; x_wconf 86' lang='lat' dir='ltr'><strong>amictu</strong></span> <span class='ocrx_word' id='word_1_239' title='bbox 3045 1729 3241 1799; x_wconf 78' lang='lat' dir='ltr'><strong>capitis</strong></span> <span class='ocrx_word' id='word_1_240' title='bbox 3278 1730 3515 1798; x_wconf 62' lang='lat' dir='ltr'><strong>abjet&#39;in,</strong></span> 
     </span>
    </p>
   </div>
   <div class='ocr_carea' id='block_1_33' title="bbox 222 1832 1820 1903">
    <p class='ocr_par' dir='ltr' id='par_1_33' title="bbox 222 1832 1820 1903">
     <span class='ocr_line' id='line_1_33' title="bbox 222 1832 1820 1903; baseline 0.001 -18"><span class='ocrx_word' id='word_1_241' title='bbox 222 1835 453 1903; x_wconf 83' lang='lat' dir='ltr'><strong>magicis</strong></span> <span class='ocrx_word' id='word_1_242' title='bbox 485 1833 694 1886; x_wconf 76' lang='lat' dir='ltr'><strong>artibus</strong></span> <span class='ocrx_word' id='word_1_243' title='bbox 715 1849 729 1893; x_wconf 84' lang='lat'>;</span> <span class='ocrx_word' id='word_1_244' title='bbox 749 1832 845 1886; x_wconf 83' lang='lat' dir='ltr'><strong>sed</strong></span> <span class='ocrx_word' id='word_1_245' title='bbox 880 1847 907 1884; x_wconf 90' lang='lat' dir='ltr'><strong>a</strong></span> <span class='ocrx_word' id='word_1_246' title='bbox 941 1848 1102 1885; x_wconf 86' lang='lat' dir='ltr'><strong>servo</strong></span> <span class='ocrx_word' id='word_1_247' title='bbox 1124 1832 1326 1887; x_wconf 83' lang='lat' dir='ltr'><strong>Christi</strong></span> <span class='ocrx_word' id='word_1_248' title='bbox 1354 1834 1530 1901; x_wconf 84' lang='lat' dir='ltr'><strong>potius</strong></span> <span class='ocrx_word' id='word_1_249' title='bbox 1560 1834 1820 1887; x_wconf 76' lang='lat' dir='ltr'><strong>auxilium</strong></span> 
     </span>
    </p>
   </div>
   <div class='ocr_carea' id='block_1_34' title="bbox 221 1924 1823 1993">
    <p class='ocr_par' dir='ltr' id='par_1_34' title="bbox 221 1924 1823 1993">
     <span class='ocr_line' id='line_1_34' title="bbox 221 1924 1823 1993; baseline 0.002 -15"><span class='ocrx_word' id='word_1_250' title='bbox 221 1936 434 1993; x_wconf 88' lang='lat' dir='ltr'><strong>petere,</strong></span> <span class='ocrx_word' id='word_1_251' title='bbox 472 1925 712 1978; x_wconf 78' lang='lat' dir='ltr'><strong>maxime</strong></span> <span class='ocrx_word' id='word_1_252' title='bbox 754 1934 947 1977; x_wconf 87' lang='lat' dir='ltr'><strong>contra</strong></span> <span class='ocrx_word' id='word_1_253' title='bbox 994 1924 1266 1979; x_wconf 81' lang='lat' dir='ltr'><strong>Gazenses</strong></span> <span class='ocrx_word' id='word_1_254' title='bbox 1300 1927 1648 1981; x_wconf 67' lang='lat' dir='ltr'><strong>adversarios</strong></span> <span class='ocrx_word' id='word_1_255' title='bbox 1681 1927 1773 1981; x_wconf 88' lang='lat' dir='ltr'><strong>Dei</strong></span> <span class='ocrx_word' id='word_1_256' title='bbox 1811 1945 1823 1980; x_wconf 90' lang='lat'><strong>:</strong></span> 
     </span>
    </p>
   </div>
   <div class='ocr_carea' id='block_1_35' title="bbox 216 2014 1824 2081">
    <p class='ocr_par' dir='ltr' id='par_1_35' title="bbox 216 2014 1824 2081">
     <span class='ocr_line' id='line_1_35' title="bbox 216 2014 1824 2081; baseline 0 -12"><span class='ocrx_word' id='word_1_257' title='bbox 216 2026 274 2069; x_wconf 92' lang='lat' dir='ltr'><strong>et</strong></span> <span class='ocrx_word' id='word_1_258' title='bbox 306 2033 417 2071; x_wconf 91' lang='lat' dir='ltr'><strong>non</strong></span> <span class='ocrx_word' id='word_1_259' title='bbox 456 2028 563 2071; x_wconf 89' lang='lat' dir='ltr'><strong>tam</strong></span> <span class='ocrx_word' id='word_1_260' title='bbox 597 2018 703 2069; x_wconf 85' lang='lat' dir='ltr'><strong>sibi</strong></span> <span class='ocrx_word' id='word_1_261' title='bbox 737 2031 903 2081; x_wconf 88' lang='lat' dir='ltr'><strong>quam</strong></span> <span class='ocrx_word' id='word_1_262' title='bbox 930 2016 1195 2068; x_wconf 56' lang='lat' dir='ltr'><strong>Ecclesite</strong></span> <span class='ocrx_word' id='word_1_263' title='bbox 1239 2014 1448 2068; x_wconf 86' lang='lat' dir='ltr'><strong>Christi</strong></span> <span class='ocrx_word' id='word_1_264' title='bbox 1480 2017 1824 2069; x_wconf 79' lang='lat' dir='ltr'><strong>insultantes.</strong></span> 
     </span>
    </p>
   </div>
   <div class='ocr_carea' id='block_1_36' title="bbox 215 2104 1835 2177">
    <p class='ocr_par' dir='ltr' id='par_1_36' title="bbox 215 2104 1835 2177">
     <span class='ocr_line' id='line_1_36' title="bbox 215 2104 1835 2177; baseline -0.001 -18"><span class='ocrx_word' id='word_1_265' title='bbox 215 2106 476 2177; x_wconf 80' lang='lat' dir='ltr'><strong>Rogatus</strong></span> <span class='ocrx_word' id='word_1_266' title='bbox 509 2122 642 2173; x_wconf 79' lang='lat' dir='ltr'><strong>ergo</strong></span> <span class='ocrx_word' id='word_1_267' title='bbox 678 2121 708 2156; x_wconf 67' lang='grc' dir='ltr'>τι</span> <span class='ocrx_word' id='word_1_268' title='bbox 735 2105 993 2156; x_wconf 81' lang='lat' dir='ltr'><strong>fratribus</strong></span> <span class='ocrx_word' id='word_1_269' title='bbox 1014 2104 1103 2169; x_wconf 84' lang='lat' dir='ltr'><strong>qui</strong></span> <span class='ocrx_word' id='word_1_270' title='bbox 1129 2105 1378 2165; x_wconf 88' lang='lat' dir='ltr'><strong>aderant,</strong></span> <span class='ocrx_word' id='word_1_271' title='bbox 1406 2105 1668 2172; x_wconf 68' lang='lat' dir='ltr'><strong>scyphum</strong></span> <span class='ocrx_word' id='word_1_272' title='bbox 1697 2105 1835 2157; x_wconf 79' lang='lat' dir='ltr'><strong>licti-</strong></span> 
     </span>
    </p>
   </div>
   <div class='ocr_carea' id='block_1_37' title="bbox 1925 1823 3516 1884">
    <p class='ocr_par' dir='ltr' id='par_1_37' title="bbox 1925 1823 3516 1884">
     <span class='ocr_line' id='line_1_37' title="bbox 1925 1823 3516 1884; baseline -0.003 -6"><span class='ocrx_word' id='word_1_273' title='bbox 1925 1833 2109 1879; x_wconf 85' lang='lat' dir='ltr'><strong>rotarc</strong></span> <span class='ocrx_word' id='word_1_274' title='bbox 2131 1824 2364 1884; x_wconf 71' lang='lat' dir='ltr'><strong>crinem,</strong></span> <span class='ocrx_word' id='word_1_275' title='bbox 2386 1824 2624 1877; x_wconf 81' lang='lat' dir='ltr'><strong>stridere</strong></span> <span class='ocrx_word' id='word_1_276' title='bbox 2653 1823 2933 1883; x_wconf 68' lang='lat' dir='ltr'><strong>dentibus,</strong></span> <span class='ocrx_word' id='word_1_277' title='bbox 2967 1824 3269 1876; x_wconf 80' lang='lat' dir='ltr'><strong>inclamare</strong></span> <span class='ocrx_word' id='word_1_278' title='bbox 3319 1839 3516 1875; x_wconf 77' lang='lat' dir='ltr'><strong>nomen</strong></span> 
     </span>
    </p>
   </div>
   <div class='ocr_carea' id='block_1_38' title="bbox 1925 1913 3518 1985">
    <p class='ocr_par' dir='ltr' id='par_1_38' title="bbox 1925 1913 3518 1985">
     <span class='ocr_line' id='line_1_38' title="bbox 1925 1913 3518 1985; baseline -0.001 -17"><span class='ocrx_word' id='word_1_279' title='bbox 1925 1914 2312 1968; x_wconf 80' lang='lat' dir='ltr'><strong>adolescentis.</strong></span> <span class='ocrx_word' id='word_1_280' title='bbox 2340 1914 2653 1985; x_wconf 69' lang='lat' dir='ltr'><strong>Magnitudo</strong></span> <span class='ocrx_word' id='word_1_281' title='bbox 2681 1918 2878 1983; x_wconf 87' lang='lat' dir='ltr'><strong>quippe</strong></span> <span class='ocrx_word' id='word_1_282' title='bbox 2900 1916 3102 1967; x_wconf 85' lang='lat' dir='ltr'><strong>amoris</strong></span> <span class='ocrx_word' id='word_1_283' title='bbox 3126 1933 3183 1965; x_wconf 74' lang='lat' dir='ltr'><strong>se</strong></span> <span class='ocrx_word' id='word_1_284' title='bbox 3208 1914 3257 1965; x_wconf 89' lang='lat' dir='ltr'><strong>in</strong></span> <span class='ocrx_word' id='word_1_285' title='bbox 3284 1913 3518 1967; x_wconf 69' lang='lat' dir='ltr'><strong>furuum</strong></span> 
     </span>
    </p>
   </div>
   <div class='ocr_carea' id='block_1_39' title="bbox 1931 2007 3519 2077">
    <p class='ocr_par' dir='ltr' id='par_1_39' title="bbox 1931 2007 3519 2077">
     <span class='ocr_line' id='line_1_39' title="bbox 1931 2007 3519 2077; baseline 0 -17"><span class='ocrx_word' id='word_1_286' title='bbox 1931 2018 2190 2063; x_wconf 75' lang='lat' dir='ltr'><strong>verterat.</strong></span> <span class='ocrx_word' id='word_1_287' title='bbox 2222 2008 2487 2062; x_wconf 75' lang='lat' dir='ltr'><strong>Perducta</strong></span> <span class='ocrx_word' id='word_1_288' title='bbox 2521 2023 2652 2073; x_wconf 83' lang='lat' dir='ltr'><strong>ergo</strong></span> <span class='ocrx_word' id='word_1_289' title='bbox 2695 2023 2724 2061; x_wconf 87' lang='lat' dir='ltr'><strong>a</strong></span> <span class='ocrx_word' id='word_1_290' title='bbox 2772 2009 3090 2077; x_wconf 79' lang='lat' dir='ltr'><strong>parentibus</strong></span> <span class='ocrx_word' id='word_1_291' title='bbox 3129 2007 3195 2059; x_wconf 89' lang='lat' dir='ltr'><strong>ad</strong></span> <span class='ocrx_word' id='word_1_292' title='bbox 3246 2019 3519 2060; x_wconf 48' lang='lat' dir='ltr'><strong>monasteo</strong></span> 
     </span>
    </p>
   </div>
   <div class='ocr_carea' id='block_1_40' title="bbox 1934 2099 3525 2157">
    <p class='ocr_par' dir='ltr' id='par_1_40' title="bbox 1934 2099 3525 2157">
     <span class='ocr_line' id='line_1_40' title="bbox 1934 2099 3525 2157; baseline 0.001 -7"><span class='ocrx_word' id='word_1_293' title='bbox 1934 2101 2094 2157; x_wconf 89' lang='lat' dir='ltr'><strong>rium,</strong></span> <span class='ocrx_word' id='word_1_294' title='bbox 2133 2100 2249 2150; x_wconf 89' lang='lat' dir='ltr'><strong>seni</strong></span> <span class='ocrx_word' id='word_1_295' title='bbox 2302 2100 2531 2152; x_wconf 82' lang='lat' dir='ltr'><strong>traditur</strong></span> <span class='ocrx_word' id='word_1_296' title='bbox 2573 2117 2585 2151; x_wconf 90' lang='lat'>:</span> <span class='ocrx_word' id='word_1_297' title='bbox 2622 2099 2862 2151; x_wconf 83' lang='lat' dir='ltr'><strong>ululante</strong></span> <span class='ocrx_word' id='word_1_298' title='bbox 2903 2100 3089 2151; x_wconf 82' lang='lat' dir='ltr'><strong>statim</strong></span> <span class='ocrx_word' id='word_1_299' title='bbox 3134 2107 3188 2149; x_wconf 89' lang='lat' dir='ltr'><strong>et</strong></span> <span class='ocrx_word' id='word_1_300' title='bbox 3228 2100 3525 2151; x_wconf 86' lang='lat' dir='ltr'><strong>conliteute</strong></span> 
     </span>
    </p>
   </div>
   <div class='ocr_carea' id='block_1_41' title="bbox 210 2193 1832 2266">
    <p class='ocr_par' dir='ltr' id='par_1_41' title="bbox 210 2193 1832 2266">
     <span class='ocr_line' id='line_1_41' title="bbox 210 2193 1832 2266; baseline -0.002 -15"><span class='ocrx_word' id='word_1_301' title='bbox 210 2199 339 2254; x_wconf 85' lang='lat' dir='ltr'><strong>lem</strong></span> <span class='ocrx_word' id='word_1_302' title='bbox 389 2213 503 2266; x_wconf 84' lang='lat' dir='ltr'><strong>quo</strong></span> <span class='ocrx_word' id='word_1_303' title='bbox 548 2196 740 2249; x_wconf 87' lang='lat' dir='ltr'><strong>bibere</strong></span> <span class='ocrx_word' id='word_1_304' title='bbox 791 2202 1183 2251; x_wconf 70' lang='lat' dir='ltr'><strong>consueverat.</strong></span> <span class='ocrx_word' id='word_1_305' title='bbox 1214 2208 1347 2262; x_wconf 88' lang='lat' dir='ltr'><strong>aqua</strong></span> <span class='ocrx_word' id='word_1_306' title='bbox 1392 2193 1555 2261; x_wconf 89' lang='lat' dir='ltr'><strong>jussit</strong></span> <span class='ocrx_word' id='word_1_307' title='bbox 1602 2194 1832 2263; x_wconf 84' lang='lat' dir='ltr'><strong>impleri,</strong></span> 
     </span>
    </p>
   </div>
   <div class='ocr_carea' id='block_1_42' title="bbox 207 2282 1835 2356">
    <p class='ocr_par' dir='ltr' id='par_1_42' title="bbox 207 2282 1835 2356">
     <span class='ocr_line' id='line_1_42' title="bbox 207 2282 1835 2356; baseline -0.003 -15"><span class='ocrx_word' id='word_1_308' title='bbox 207 2289 398 2355; x_wconf 80' lang='lat' dir='ltr'><strong>eique</strong></span> <span class='ocrx_word' id='word_1_309' title='bbox 436 2285 598 2339; x_wconf 88' lang='lat' dir='ltr'><strong>tradi.</strong></span> <span class='ocrx_word' id='word_1_310' title='bbox 631 2285 805 2349; x_wconf 82' lang='lat' dir='ltr'><strong>Quem</strong></span> <span class='ocrx_word' id='word_1_311' title='bbox 858 2297 979 2335; x_wconf 90' lang='lat' dir='ltr'><strong>cum</strong></span> <span class='ocrx_word' id='word_1_312' title='bbox 1025 2282 1330 2351; x_wconf 83' lang='lat' dir='ltr'><strong>accepisset</strong></span> <span class='ocrx_word' id='word_1_313' title='bbox 1372 2282 1611 2344; x_wconf 86' lang='lat' dir='ltr'><strong>Italicus,</strong></span> <span class='ocrx_word' id='word_1_314' title='bbox 1636 2293 1690 2337; x_wconf 89' lang='lat' dir='ltr'><strong>et</strong></span> <span class='ocrx_word' id='word_1_315' title='bbox 1731 2285 1835 2356; x_wconf 69' lang='lat'><strong>23</strong></span> 
     </span>
    </p>
   </div>
   <div class='ocr_carea' id='block_1_43' title="bbox 212 2375 1833 2445">
    <p class='ocr_par' dir='ltr' id='par_1_43' title="bbox 212 2375 1833 2445">
     <span class='ocr_line' id='line_1_43' title="bbox 212 2375 1833 2445; baseline -0.001 -12"><span class='ocrx_word' id='word_1_316' title='bbox 212 2378 533 2439; x_wconf 86' lang='lat' dir='ltr'><strong>stabulum,</strong></span> <span class='ocrx_word' id='word_1_317' title='bbox 562 2386 618 2430; x_wconf 88' lang='lat' dir='ltr'><strong>et</strong></span> <span class='ocrx_word' id='word_1_318' title='bbox 651 2389 845 2445; x_wconf 87' lang='lat' dir='ltr'><strong>equos,</strong></span> <span class='ocrx_word' id='word_1_319' title='bbox 880 2386 932 2427; x_wconf 89' lang='lat' dir='ltr'><strong>et</strong></span> <span class='ocrx_word' id='word_1_320' title='bbox 965 2375 1180 2443; x_wconf 83' lang='lat' dir='ltr'><strong>aurigas</strong></span> <span class='ocrx_word' id='word_1_321' title='bbox 1205 2390 1357 2437; x_wconf 80' lang='lat' dir='ltr'><strong>suos,</strong></span> <span class='ocrx_word' id='word_1_322' title='bbox 1387 2388 1405 2407; x_wconf 69' lang='grc' dir='ltr'><em>ν</em></span> <span class='ocrx_word' id='word_1_323' title='bbox 1440 2375 1689 2439; x_wconf 83' lang='lat' dir='ltr'><strong>rhedatn,</strong></span> <span class='ocrx_word' id='word_1_324' title='bbox 1713 2393 1833 2431; x_wconf 82' lang='lat' dir='ltr'><strong>car-</strong></span> 
     </span>
    </p>
   </div>
   <div class='ocr_carea' id='block_1_44' title="bbox 1936 2187 3524 2254">
    <p class='ocr_par' dir='ltr' id='par_1_44' title="bbox 1936 2187 3524 2254">
     <span class='ocr_line' id='line_1_44' title="bbox 1936 2187 3524 2254; baseline 0.003 -15"><span class='ocrx_word' id='word_1_325' title='bbox 1936 2188 2207 2251; x_wconf 64' lang='lat' dir='ltr'><strong>daemone,</strong></span> <span class='ocrx_word' id='word_1_326' title='bbox 2230 2187 2349 2239; x_wconf 77' lang='lat' dir='ltr'><strong>Vim</strong></span> <span class='ocrx_word' id='word_1_327' title='bbox 2380 2190 2637 2251; x_wconf 86' lang='lat' dir='ltr'><strong>sustinui,</strong></span> <span class='ocrx_word' id='word_1_328' title='bbox 2664 2189 2862 2242; x_wconf 82' lang='lat' dir='ltr'><strong>invitus</strong></span> <span class='ocrx_word' id='word_1_329' title='bbox 2885 2188 3149 2242; x_wconf 83' lang='lat' dir='ltr'><strong>abductus</strong></span> <span class='ocrx_word' id='word_1_330' title='bbox 3175 2202 3294 2240; x_wconf 84' lang='lat' dir='ltr'><strong>sum</strong></span> <span class='ocrx_word' id='word_1_331' title='bbox 3321 2204 3332 2238; x_wconf 93' lang='lat'><strong>:</strong></span> <span class='ocrx_word' id='word_1_332' title='bbox 3367 2204 3524 2254; x_wconf 76' lang='lat' dir='ltr'><strong>quam</strong></span> 
     </span>
    </p>
   </div>
   <div class='ocr_carea' id='block_1_45' title="bbox 1938 2279 3527 2348">
    <p class='ocr_par' dir='ltr' id='par_1_45' title="bbox 1938 2279 3527 2348">
     <span class='ocr_line' id='line_1_45' title="bbox 1938 2279 3527 2348; baseline 0 -15"><span class='ocrx_word' id='word_1_333' title='bbox 1938 2280 2075 2334; x_wconf 86' lang='lat' dir='ltr'><strong>bene</strong></span> <span class='ocrx_word' id='word_1_334' title='bbox 2115 2279 2383 2348; x_wconf 70' lang='lat' dir='ltr'><strong>Memphis</strong></span> <span class='ocrx_word' id='word_1_335' title='bbox 2414 2280 2640 2334; x_wconf 89' lang='lat' dir='ltr'><strong>somniis</strong></span> <span class='ocrx_word' id='word_1_336' title='bbox 2682 2280 2933 2333; x_wconf 83' lang='lat' dir='ltr'><strong>homines</strong></span> <span class='ocrx_word' id='word_1_337' title='bbox 2954 2279 3275 2334; x_wconf 68' lang='lat' dir='ltr'><strong>deludebam</strong></span> <span class='ocrx_word' id='word_1_338' title='bbox 3295 2280 3307 2331; x_wconf 89' lang='lat'><strong>!</strong></span> <span class='ocrx_word' id='word_1_339' title='bbox 3330 2282 3372 2332; x_wconf 88' lang='grc' dir='ltr'>υ</span> <span class='ocrx_word' id='word_1_340' title='bbox 3402 2296 3527 2333; x_wconf 74' lang='lat' dir='ltr'><strong>cru-</strong></span> 
     </span>
    </p>
   </div>
   <div class='ocr_carea' id='block_1_46' title="bbox 1938 2370 3533 2442">
    <p class='ocr_par' dir='ltr' id='par_1_46' title="bbox 1938 2370 3533 2442">
     <span class='ocr_line' id='line_1_46' title="bbox 1938 2370 3533 2442; baseline -0.001 -15"><span class='ocrx_word' id='word_1_341' title='bbox 1938 2387 2031 2427; x_wconf 83' lang='lat' dir='ltr'><strong>ces</strong></span> <span class='ocrx_word' id='word_1_342' title='bbox 2054 2373 2066 2424; x_wconf 91' lang='lat'><strong>!</strong></span> <span class='ocrx_word' id='word_1_343' title='bbox 2093 2370 2201 2442; x_wconf 62' lang='grc' dir='ltr'>ει</span> <span class='ocrx_word' id='word_1_344' title='bbox 2229 2387 2263 2425; x_wconf 93' lang='lat' dir='ltr'><strong>o</strong></span> <span class='ocrx_word' id='word_1_345' title='bbox 2287 2383 2554 2426; x_wconf 88' lang='lat' dir='ltr'><strong>tormenta</strong></span> <span class='ocrx_word' id='word_1_346' title='bbox 2580 2387 2699 2440; x_wconf 75' lang='lat' dir='ltr'><strong>qua:</strong></span> <span class='ocrx_word' id='word_1_347' title='bbox 2729 2372 2933 2440; x_wconf 71' lang='lat' dir='ltr'><strong>patior!</strong></span> <span class='ocrx_word' id='word_1_348' title='bbox 2972 2372 3133 2425; x_wconf 74' lang='lat' dir='ltr'><strong>Exire</strong></span> <span class='ocrx_word' id='word_1_349' title='bbox 3164 2389 3251 2425; x_wconf 83' lang='lat' dir='ltr'><strong>me</strong></span> <span class='ocrx_word' id='word_1_350' title='bbox 3276 2373 3447 2439; x_wconf 83' lang='lat' dir='ltr'><strong>cogis,</strong></span> <span class='ocrx_word' id='word_1_351' title='bbox 3479 2382 3533 2425; x_wconf 89' lang='lat' dir='ltr'><strong>et</strong></span> 
     </span>
    </p>
   </div>
   <div class='ocr_carea' id='block_1_47' title="bbox 219 2468 1836 2542">
    <p class='ocr_par' dir='ltr' id='par_1_47' title="bbox 219 2468 1836 2542">
     <span class='ocr_line' id='line_1_47' title="bbox 219 2468 1836 2542; baseline -0.002 -15"><span class='ocrx_word' id='word_1_352' title='bbox 219 2486 535 2542; x_wconf 88' lang='lat' dir='ltr'><strong>cerumque</strong></span> <span class='ocrx_word' id='word_1_353' title='bbox 569 2470 828 2538; x_wconf 86' lang='lat' dir='ltr'><strong>repagula</strong></span> <span class='ocrx_word' id='word_1_354' title='bbox 852 2468 1108 2536; x_wconf 77' lang='lat' dir='ltr'><strong>aspersit.</strong></span> <span class='ocrx_word' id='word_1_355' title='bbox 1134 2469 1267 2521; x_wconf 78' lang='lat' dir='ltr'><strong>Mira</strong></span> <span class='ocrx_word' id='word_1_356' title='bbox 1298 2468 1437 2535; x_wconf 82' lang='lat' dir='ltr'><strong>vulgi</strong></span> <span class='ocrx_word' id='word_1_357' title='bbox 1464 2471 1836 2535; x_wconf 79' lang='lat' dir='ltr'><strong>exspectatio:</strong></span> 
     </span>
    </p>
   </div>
   <div class='ocr_carea' id='block_1_48' title="bbox 223 2559 1838 2627">
    <p class='ocr_par' dir='ltr' id='par_1_48' title="bbox 223 2559 1838 2627">
     <span class='ocr_line' id='line_1_48' title="bbox 223 2559 1838 2627; baseline -0.002 -8"><span class='ocrx_word' id='word_1_358' title='bbox 223 2581 359 2619; x_wconf 89' lang='lat' dir='ltr'><strong>nam</strong></span> <span class='ocrx_word' id='word_1_359' title='bbox 404 2572 461 2617; x_wconf 90' lang='lat' dir='ltr'><strong>et</strong></span> <span class='ocrx_word' id='word_1_360' title='bbox 498 2560 853 2615; x_wconf 82' lang='lat' dir='ltr'><strong>adversarius</strong></span> <span class='ocrx_word' id='word_1_361' title='bbox 884 2560 986 2612; x_wconf 89' lang='lat' dir='ltr'><strong>hoc</strong></span> <span class='ocrx_word' id='word_1_362' title='bbox 1019 2560 1195 2627; x_wconf 89' lang='lat' dir='ltr'><strong>ipsutn</strong></span> <span class='ocrx_word' id='word_1_363' title='bbox 1226 2559 1488 2622; x_wconf 86' lang='lat' dir='ltr'><strong>irridens,</strong></span> <span class='ocrx_word' id='word_1_364' title='bbox 1524 2559 1838 2615; x_wconf 76' lang='lat' dir='ltr'><strong>diﬂamave-</strong></span> 
     </span>
    </p>
   </div>
   <div class='ocr_carea' id='block_1_49' title="bbox 226 2650 1838 2721">
    <p class='ocr_par' dir='ltr' id='par_1_49' title="bbox 226 2650 1838 2721">
     <span class='ocr_line' id='line_1_49' title="bbox 226 2650 1838 2721; baseline -0.005 -8"><span class='ocrx_word' id='word_1_365' title='bbox 226 2663 433 2719; x_wconf 88' lang='lat' dir='ltr'><strong>rat;et</strong></span> <span class='ocrx_word' id='word_1_366' title='bbox 464 2650 905 2707; x_wconf 75' lang='lat' dir='ltr'><strong>l‘amoresltnlici</strong></span> <span class='ocrx_word' id='word_1_367' title='bbox 936 2650 1038 2705; x_wconf 82' lang='lat' dir='ltr'><strong>sibi</strong></span> <span class='ocrx_word' id='word_1_368' title='bbox 1086 2659 1290 2703; x_wconf 87' lang='lat' dir='ltr'><strong>certam</strong></span> <span class='ocrx_word' id='word_1_369' title='bbox 1336 2651 1627 2705; x_wconf 82' lang='lat' dir='ltr'><strong>victoriam</strong></span> <span class='ocrx_word' id='word_1_370' title='bbox 1681 2652 1838 2721; x_wconf 83' lang='lat' dir='ltr'><strong>polli-</strong></span> 
     </span>
    </p>
   </div>
   <div class='ocr_carea' id='block_1_50' title="bbox 225 2743 1832 2813">
    <p class='ocr_par' dir='ltr' id='par_1_50' title="bbox 225 2743 1832 2813">
     <span class='ocr_line' id='line_1_50' title="bbox 225 2743 1832 2813; baseline -0.002 -9"><span class='ocrx_word' id='word_1_371' title='bbox 225 2758 423 2806; x_wconf 87' lang='lat' dir='ltr'><strong>centes</strong></span> <span class='ocrx_word' id='word_1_372' title='bbox 450 2746 821 2802; x_wconf 79' lang='lat' dir='ltr'><strong>exsultabant.</strong></span> <span class='ocrx_word' id='word_1_373' title='bbox 858 2744 1022 2813; x_wconf 79' lang='lat' dir='ltr'><strong>Igitur</strong></span> <span class='ocrx_word' id='word_1_374' title='bbox 1066 2743 1197 2796; x_wconf 88' lang='lat' dir='ltr'><strong>dato</strong></span> <span class='ocrx_word' id='word_1_375' title='bbox 1231 2744 1387 2812; x_wconf 89' lang='lat' dir='ltr'><strong>signo</strong></span> <span class='ocrx_word' id='word_1_376' title='bbox 1444 2745 1495 2797; x_wconf 92' lang='lat' dir='ltr'><strong>hi</strong></span> <span class='ocrx_word' id='word_1_377' title='bbox 1543 2744 1832 2810; x_wconf 83' lang='lat' dir='ltr'><strong>advolant,</strong></span> 
     </span>
    </p>
   </div>
   <div class='ocr_carea' id='block_1_51' title="bbox 228 2832 1832 2908">
    <p class='ocr_par' dir='ltr' id='par_1_51' title="bbox 228 2832 1832 2908">
     <span class='ocr_line' id='line_1_51' title="bbox 228 2832 1832 2908; baseline -0.002 -13"><span class='ocrx_word' id='word_1_378' title='bbox 228 2842 315 2895; x_wconf 90' lang='lat' dir='ltr'><strong>illi</strong></span> <span class='ocrx_word' id='word_1_379' title='bbox 356 2837 791 2908; x_wconf 50' lang='lat' dir='ltr'><strong>praepediuntur.</strong></span> <span class='ocrx_word' id='word_1_380' title='bbox 817 2834 929 2889; x_wconf 86' lang='lat' dir='ltr'><strong>Sub</strong></span> <span class='ocrx_word' id='word_1_381' title='bbox 977 2832 1174 2887; x_wconf 89' lang='lat' dir='ltr'><strong>horum</strong></span> <span class='ocrx_word' id='word_1_382' title='bbox 1218 2849 1381 2889; x_wconf 92' lang='lat' dir='ltr'><strong>curru</strong></span> <span class='ocrx_word' id='word_1_383' title='bbox 1426 2842 1563 2889; x_wconf 69' lang='lat' dir='ltr'><strong>rotae</strong></span> <span class='ocrx_word' id='word_1_384' title='bbox 1602 2836 1832 2903; x_wconf 67' lang='lat' dir='ltr'><strong>fervent,</strong></span> 
     </span>
    </p>
   </div>
   <div class='ocr_carea' id='block_1_52' title="bbox 229 2927 1836 3001">
    <p class='ocr_par' dir='ltr' id='par_1_52' title="bbox 229 2927 1836 3001">
     <span class='ocr_line' id='line_1_52' title="bbox 229 2927 1836 3001; baseline -0.004 -13"><span class='ocrx_word' id='word_1_385' title='bbox 229 2935 307 2989; x_wconf 88' lang='lat' dir='ltr'><strong>illi</strong></span> <span class='ocrx_word' id='word_1_386' title='bbox 342 2928 849 3001; x_wconf 71' lang='lat' dir='ltr'><strong>przetervolantiutn</strong></span> <span class='ocrx_word' id='word_1_387' title='bbox 896 2936 1047 2995; x_wconf 65' lang='lat' dir='ltr'><strong>terga</strong></span> <span class='ocrx_word' id='word_1_388' title='bbox 1099 2928 1186 2979; x_wconf 84' lang='lat' dir='ltr'><strong>vix</strong></span> <span class='ocrx_word' id='word_1_389' title='bbox 1228 2936 1481 2980; x_wconf 85' lang='lat' dir='ltr'><strong>cernunt.</strong></span> <span class='ocrx_word' id='word_1_390' title='bbox 1515 2927 1738 2982; x_wconf 87' lang='lat' dir='ltr'><strong>Clamor</strong></span> <span class='ocrx_word' id='word_1_391' title='bbox 1777 2931 1836 2983; x_wconf 88' lang='lat' dir='ltr'><strong>lit</strong></span> 
     </span>
    </p>
   </div>
   <div class='ocr_carea' id='block_1_53' title="bbox 232 3018 1832 3094">
    <p class='ocr_par' dir='ltr' id='par_1_53' title="bbox 232 3018 1832 3094">
     <span class='ocr_line' id='line_1_53' title="bbox 232 3018 1832 3094; baseline -0.004 -15"><span class='ocrx_word' id='word_1_392' title='bbox 232 3026 381 3094; x_wconf 83' lang='lat' dir='ltr'><strong>vulgi</strong></span> <span class='ocrx_word' id='word_1_393' title='bbox 408 3023 607 3079; x_wconf 91' lang='lat' dir='ltr'><strong>nimius</strong></span> <span class='ocrx_word' id='word_1_394' title='bbox 639 3020 830 3093; x_wconf 55' lang='lat' dir='ltr'><strong>[Codd</strong></span> <span class='ocrx_word' id='word_1_395' title='bbox 850 3018 1050 3072; x_wconf 85' lang='lat' dir='ltr'><strong>nimius</strong></span> <span class='ocrx_word' id='word_1_396' title='bbox 1078 3018 1367 3090; x_wconf 86' lang='lat' dir='ltr'><strong>attollitur]</strong></span> <span class='ocrx_word' id='word_1_397' title='bbox 1395 3037 1407 3071; x_wconf 91' lang='lat'>:</span> <span class='ocrx_word' id='word_1_398' title='bbox 1435 3020 1507 3073; x_wconf 87' lang='lat' dir='ltr'><strong>ita</strong></span> <span class='ocrx_word' id='word_1_399' title='bbox 1538 3029 1593 3073; x_wconf 93' lang='lat' dir='ltr'><strong>ut</strong></span> <span class='ocrx_word' id='word_1_400' title='bbox 1615 3019 1832 3075; x_wconf 82' lang='lat' dir='ltr'><strong>Ethnici</strong></span> 
     </span>
    </p>
   </div>
   <div class='ocr_carea' id='block_1_54' title="bbox 234 3092 1909 3187">
    <p class='ocr_par' dir='ltr' id='par_1_54' title="bbox 234 3092 1909 3187">
     <span class='ocr_line' id='line_1_54' title="bbox 234 3092 1909 3187; baseline -0.002 -16"><span class='ocrx_word' id='word_1_401' title='bbox 234 3131 448 3187; x_wconf 89' lang='lat' dir='ltr'><strong>quoque</strong></span> <span class='ocrx_word' id='word_1_402' title='bbox 481 3115 581 3183; x_wconf 91' lang='lat' dir='ltr'><strong>ipsi</strong></span> <span class='ocrx_word' id='word_1_403' title='bbox 614 3120 1033 3179; x_wconf 85' lang='lat' dir='ltr'><strong>concreparent,</strong></span> <span class='ocrx_word' id='word_1_404' title='bbox 1058 3112 1276 3165; x_wconf 85' lang='lat' dir='ltr'><strong>Marnas</strong></span> <span class='ocrx_word' id='word_1_405' title='bbox 1302 3112 1475 3165; x_wconf 86' lang='lat' dir='ltr'><strong>victus</strong></span> <span class='ocrx_word' id='word_1_406' title='bbox 1497 3121 1575 3166; x_wconf 85' lang='lat' dir='ltr'><strong>est</strong></span> <span class='ocrx_word' id='word_1_407' title='bbox 1596 3128 1623 3165; x_wconf 91' lang='lat' dir='ltr'><strong>a</strong></span> <span class='ocrx_word' id='word_1_408' title='bbox 1648 3113 1829 3168; x_wconf 86' lang='lat' dir='ltr'><strong>Chris-</strong></span> <span class='ocrx_word' id='word_1_409' title='bbox 1864 3092 1909 3154; x_wconf 77' lang='lat' dir='ltr'>C</span> 
     </span>
    </p>
   </div>
   <div class='ocr_carea' id='block_1_55' title="bbox 236 3200 1833 3267">
    <p class='ocr_par' dir='ltr' id='par_1_55' title="bbox 236 3200 1833 3267">
     <span class='ocr_line' id='line_1_55' title="bbox 236 3200 1833 3267; baseline -0.003 -6"><span class='ocrx_word' id='word_1_410' title='bbox 236 3218 315 3261; x_wconf 85' lang='lat' dir='ltr'><strong>to.</strong></span> <span class='ocrx_word' id='word_1_411' title='bbox 348 3206 520 3259; x_wconf 82' lang='lat' dir='ltr'><strong>Porro</strong></span> <span class='ocrx_word' id='word_1_412' title='bbox 553 3204 795 3258; x_wconf 80' lang='lat' dir='ltr'><strong>furentes</strong></span> <span class='ocrx_word' id='word_1_413' title='bbox 838 3201 1178 3267; x_wconf 84' lang='lat' dir='ltr'><strong>adversarii,</strong></span> <span class='ocrx_word' id='word_1_414' title='bbox 1208 3202 1538 3256; x_wconf 82' lang='lat' dir='ltr'><strong>Hilarionem</strong></span> <span class='ocrx_word' id='word_1_415' title='bbox 1567 3200 1593 3237; x_wconf 70' lang='grc' dir='ltr'>ά</span> <span class='ocrx_word' id='word_1_416' title='bbox 1628 3204 1833 3257; x_wconf 84' lang='lat' dir='ltr'><strong>maleﬁ-</strong></span> 
     </span>
    </p>
   </div>
   <div class='ocr_carea' id='block_1_56' title="bbox 312 3340 1834 3406">
    <p class='ocr_par' dir='ltr' id='par_1_56' title="bbox 312 3340 1834 3406">
     <span class='ocr_line' id='line_1_56' title="bbox 312 3340 1834 3406; baseline -0.004 -7"><span class='ocrx_word' id='word_1_417' title='bbox 312 3354 340 3382; x_wconf 75' lang='grc' dir='ltr'><strong>ιι</strong></span> <span class='ocrx_word' id='word_1_418' title='bbox 369 3346 541 3399; x_wconf 80' lang='lat' dir='ltr'><strong>Antea</strong></span> <span class='ocrx_word' id='word_1_419' title='bbox 566 3354 752 3396; x_wconf 89' lang='lat' dir='ltr'><strong>contra</strong></span> <span class='ocrx_word' id='word_1_420' title='bbox 784 3356 916 3395; x_wconf 88' lang='lat' dir='ltr'><strong>mss.</strong></span> <span class='ocrx_word' id='word_1_421' title='bbox 954 3340 1114 3395; x_wconf 76' lang='lat' dir='ltr'><strong>fidem</strong></span> <span class='ocrx_word' id='word_1_422' title='bbox 1139 3350 1257 3395; x_wconf 87' lang='lat' dir='ltr'><strong>erat</strong></span> <span class='ocrx_word' id='word_1_423' title='bbox 1289 3342 1339 3393; x_wconf 92' lang='lat' dir='ltr'><strong>in</strong></span> <span class='ocrx_word' id='word_1_424' title='bbox 1373 3341 1628 3406; x_wconf 69' lang='lat' dir='ltr'><strong>prmsenti</strong></span> <span class='ocrx_word' id='word_1_425' title='bbox 1660 3358 1834 3394; x_wconf 88' lang='lat' dir='ltr'><strong>serva-</strong></span> 
     </span>
    </p>
   </div>
   <div class='ocr_carea' id='block_1_57' title="bbox 242 3409 1835 3482">
    <p class='ocr_par' dir='ltr' id='par_1_57' title="bbox 242 3409 1835 3482">
     <span class='ocr_line' id='line_1_57' title="bbox 242 3409 1835 3482; baseline -0.002 -13"><span class='ocrx_word' id='word_1_426' title='bbox 242 3429 346 3470; x_wconf 88' lang='lat' dir='ltr'><strong>tur.</strong></span> <span class='ocrx_word' id='word_1_427' title='bbox 373 3414 512 3468; x_wconf 87' lang='lat' dir='ltr'><strong>Tum</strong></span> <span class='ocrx_word' id='word_1_428' title='bbox 560 3430 652 3482; x_wconf 91' lang='lat' dir='ltr'><strong>pro</strong></span> <span class='ocrx_word' id='word_1_429' title='bbox 691 3410 861 3467; x_wconf 86' lang='lat' dir='ltr'><strong>Conso</strong></span> <span class='ocrx_word' id='word_1_430' title='bbox 890 3412 1021 3466; x_wconf 88' lang='lat' dir='ltr'><strong>olim</strong></span> <span class='ocrx_word' id='word_1_431' title='bbox 1054 3423 1171 3466; x_wconf 89' lang='lat' dir='ltr'><strong>erat</strong></span> <span class='ocrx_word' id='word_1_432' title='bbox 1203 3412 1265 3464; x_wconf 86' lang='lat' dir='ltr'><strong>ab</strong></span> <span class='ocrx_word' id='word_1_433' title='bbox 1301 3413 1434 3481; x_wconf 82' lang='lat' dir='ltr'><strong>ipso.</strong></span> <span class='ocrx_word' id='word_1_434' title='bbox 1470 3409 1697 3465; x_wconf 77' lang='lat' dir='ltr'><strong>Gravius</strong></span> <span class='ocrx_word' id='word_1_435' title='bbox 1732 3414 1835 3477; x_wconf 71' lang='lat' dir='ltr'><strong>legi</strong></span> 
     </span>
    </p>
   </div>
   <div class='ocr_carea' id='block_1_58' title="bbox 241 3482 1837 3553">
    <p class='ocr_par' dir='ltr' id='par_1_58' title="bbox 241 3482 1837 3553">
     <span class='ocr_line' id='line_1_58' title="bbox 241 3482 1837 3553; baseline -0.003 -14"><span class='ocrx_word' id='word_1_436' title='bbox 241 3488 410 3540; x_wconf 88' lang='lat' dir='ltr'><strong>voluit</strong></span> <span class='ocrx_word' id='word_1_437' title='bbox 437 3486 501 3537; x_wconf 88' lang='lat' dir='ltr'><strong>ab</strong></span> <span class='ocrx_word' id='word_1_438' title='bbox 524 3486 639 3553; x_wconf 86' lang='lat' dir='ltr'><strong>ipso</strong></span> <span class='ocrx_word' id='word_1_439' title='bbox 661 3482 852 3538; x_wconf 87' lang='lat' dir='ltr'><strong>Conso.</strong></span> <span class='ocrx_word' id='word_1_440' title='bbox 884 3485 954 3536; x_wconf 78' lang='lat' dir='ltr'><strong>Ite</strong></span> <span class='ocrx_word' id='word_1_441' title='bbox 986 3484 1088 3537; x_wconf 87' lang='lat' dir='ltr'><strong>hoc</strong></span> <span class='ocrx_word' id='word_1_442' title='bbox 1116 3493 1299 3536; x_wconf 83' lang='lat' dir='ltr'><strong>autem</strong></span> <span class='ocrx_word' id='word_1_443' title='bbox 1324 3482 1680 3535; x_wconf 83' lang='lat' dir='ltr'><strong>Consiliortttlt</strong></span> <span class='ocrx_word' id='word_1_444' title='bbox 1703 3482 1837 3548; x_wconf 87' lang='lat' dir='ltr'><strong>Deo,</strong></span> 
     </span>
    </p>
   </div>
   <div class='ocr_carea' id='block_1_59' title="bbox 239 3554 1841 3625">
    <p class='ocr_par' dir='ltr' id='par_1_59' title="bbox 239 3554 1841 3625">
     <span class='ocr_line' id='line_1_59' title="bbox 239 3554 1841 3625; baseline -0.002 -13"><span class='ocrx_word' id='word_1_445' title='bbox 239 3558 331 3613; x_wconf 92' lang='lat' dir='ltr'><strong>cui</strong></span> <span class='ocrx_word' id='word_1_446' title='bbox 360 3569 592 3625; x_wconf 83' lang='lat' dir='ltr'><strong>septeno</strong></span> <span class='ocrx_word' id='word_1_447' title='bbox 632 3555 864 3608; x_wconf 76' lang='lat' dir='ltr'><strong>circuitu</strong></span> <span class='ocrx_word' id='word_1_448' title='bbox 892 3554 1170 3625; x_wconf 76' lang='lat' dir='ltr'><strong>quadrigae</strong></span> <span class='ocrx_word' id='word_1_449' title='bbox 1197 3554 1511 3615; x_wconf 75' lang='lat' dir='ltr'><strong>currebant,</strong></span> <span class='ocrx_word' id='word_1_450' title='bbox 1544 3564 1841 3608; x_wconf 86' lang='lat' dir='ltr'><strong>occurrunt</strong></span> 
     </span>
    </p>
   </div>
   <div class='ocr_carea' id='block_1_60' title="bbox 242 3624 1837 3696">
    <p class='ocr_par' dir='ltr' id='par_1_60' title="bbox 242 3624 1837 3696">
     <span class='ocr_line' id='line_1_60' title="bbox 242 3624 1837 3696; baseline -0.001 -16"><span class='ocrx_word' id='word_1_451' title='bbox 242 3624 442 3696; x_wconf 71' lang='lat' dir='ltr'><strong>passim</strong></span> <span class='ocrx_word' id='word_1_452' title='bbox 493 3626 850 3696; x_wconf 76' lang='lat' dir='ltr'><strong>monimenta,</strong></span> <span class='ocrx_word' id='word_1_453' title='bbox 883 3643 913 3678; x_wconf 89' lang='lat' dir='ltr'><strong>e</strong></span> <span class='ocrx_word' id='word_1_454' title='bbox 942 3624 1463 3696; x_wconf 77' lang='lat' dir='ltr'><strong>quibusinseriptiu</strong></span> <span class='ocrx_word' id='word_1_455' title='bbox 1512 3636 1665 3677; x_wconf 90' lang='lat' dir='ltr'><strong>vetus</strong></span> <span class='ocrx_word' id='word_1_456' title='bbox 1706 3626 1837 3678; x_wconf 89' lang='lat' dir='ltr'><strong>olim</strong></span> 
     </span>
    </p>
   </div>
   <div class='ocr_carea' id='block_1_61' title="bbox 241 3694 1839 3760">
    <p class='ocr_par' dir='ltr' id='par_1_61' title="bbox 241 3694 1839 3760">
     <span class='ocr_line' id='line_1_61' title="bbox 241 3694 1839 3760; baseline -0.003 -7"><span class='ocrx_word' id='word_1_457' title='bbox 241 3694 437 3753; x_wconf 77' lang='lat' dir='ltr'><strong>ellossa</strong></span> <span class='ocrx_word' id='word_1_458' title='bbox 471 3700 521 3751; x_wconf 90' lang='lat' dir='ltr'><strong>in</strong></span> <span class='ocrx_word' id='word_1_459' title='bbox 551 3695 712 3750; x_wconf 89' lang='lat' dir='ltr'><strong>Circo</strong></span> <span class='ocrx_word' id='word_1_460' title='bbox 752 3696 984 3748; x_wconf 79' lang='lat' dir='ltr'><strong>Maximo</strong></span> <span class='ocrx_word' id='word_1_461' title='bbox 1033 3694 1173 3760; x_wconf 88' lang='lat' dir='ltr'><strong>apud</strong></span> <span class='ocrx_word' id='word_1_462' title='bbox 1224 3694 1545 3747; x_wconf 82' lang='lat' dir='ltr'><strong>Pauviuinm</strong></span> <span class='ocrx_word' id='word_1_463' title='bbox 1592 3706 1839 3749; x_wconf 88' lang='lat' dir='ltr'><strong>nostrum</strong></span> 
     </span>
    </p>
   </div>
   <div class='ocr_carea' id='block_1_62' title="bbox 241 3765 1600 3834">
    <p class='ocr_par' dir='ltr' id='par_1_62' title="bbox 241 3765 1600 3834">
     <span class='ocr_line' id='line_1_62' title="bbox 241 3765 1600 3834; baseline -0.001 -13"><span class='ocrx_word' id='word_1_464' title='bbox 241 3771 312 3823; x_wconf 89' lang='lat' dir='ltr'><strong>de</strong></span> <span class='ocrx_word' id='word_1_465' title='bbox 341 3768 505 3823; x_wconf 86' lang='lat' dir='ltr'><strong>Ludis</strong></span> <span class='ocrx_word' id='word_1_466' title='bbox 534 3768 779 3821; x_wconf 82' lang='lat' dir='ltr'><strong>Circeiis.</strong></span> <span class='ocrx_word' id='word_1_467' title='bbox 818 3766 1142 3834; x_wconf 72' lang='lat' dir='ltr'><strong>Elegantiss.</strong></span> <span class='ocrx_word' id='word_1_468' title='bbox 1177 3765 1494 3833; x_wconf 73' lang='lat' dir='ltr'><strong>l’rOperlius</strong></span> <span class='ocrx_word' id='word_1_469' title='bbox 1525 3781 1561 3819; x_wconf 90' lang='grc' dir='ltr'><strong>ιι</strong></span> <span class='ocrx_word' id='word_1_470' title='bbox 1590 3784 1600 3820; x_wconf 93' lang='lat'><strong>:</strong></span> 
     </span>
    </p>
   </div>
   <div class='ocr_carea' id='block_1_63' title="bbox 339 3880 1468 3945">
    <p class='ocr_par' dir='ltr' id='par_1_63' title="bbox 339 3880 1468 3945">
     <span class='ocr_line' id='line_1_63' title="bbox 339 3880 1468 3945; baseline -0.006 -12"><span class='ocrx_word' id='word_1_471' title='bbox 339 3885 436 3933; x_wconf 75' lang='lat' dir='ltr'><strong>Aut</strong></span> <span class='ocrx_word' id='word_1_472' title='bbox 461 3884 600 3945; x_wconf 86' lang='lat' dir='ltr'><strong>prius</strong></span> <span class='ocrx_word' id='word_1_473' title='bbox 622 3880 807 3931; x_wconf 80' lang='lat' dir='ltr'><strong>infecto</strong></span> <span class='ocrx_word' id='word_1_474' title='bbox 831 3882 1056 3943; x_wconf 84' lang='lat' dir='ltr'><strong>deposcit</strong></span> <span class='ocrx_word' id='word_1_475' title='bbox 1082 3883 1281 3941; x_wconf 58' lang='lat' dir='ltr'><strong>praemia</strong></span> <span class='ocrx_word' id='word_1_476' title='bbox 1301 3896 1468 3945; x_wconf 81' lang='lat' dir='ltr'><strong>cursu,</strong></span> 
     </span>
    </p>
   </div>
   <div class='ocr_carea' id='block_1_64' title="bbox 344 3944 1457 4010">
    <p class='ocr_par' dir='ltr' id='par_1_64' title="bbox 344 3944 1457 4010">
     <span class='ocr_line' id='line_1_64' title="bbox 344 3944 1457 4010; baseline -0.002 -14"><span class='ocrx_word' id='word_1_477' title='bbox 344 3947 565 4010; x_wconf 82' lang='lat' dir='ltr'><strong>Septima</strong></span> <span class='ocrx_word' id='word_1_478' title='bbox 589 3958 733 4008; x_wconf 86' lang='lat' dir='ltr'><strong>quam</strong></span> <span class='ocrx_word' id='word_1_479' title='bbox 760 3950 940 3992; x_wconf 85' lang='lat' dir='ltr'><strong>metam</strong></span> <span class='ocrx_word' id='word_1_480' title='bbox 966 3944 1160 3993; x_wconf 83' lang='lat' dir='ltr'><strong>triverit</strong></span> <span class='ocrx_word' id='word_1_481' title='bbox 1184 3953 1291 3993; x_wconf 88' lang='lat' dir='ltr'><strong>arte</strong></span> <span class='ocrx_word' id='word_1_482' title='bbox 1318 3944 1457 3994; x_wconf 80' lang='lat' dir='ltr'><strong>rota?</strong></span> 
     </span>
    </p>
   </div>
   <div class='ocr_carea' id='block_1_65' title="bbox 242 4048 1838 4120">
    <p class='ocr_par' dir='ltr' id='par_1_65' title="bbox 242 4048 1838 4120">
     <span class='ocr_line' id='line_1_65' title="bbox 242 4048 1838 4120; baseline -0.001 -13"><span class='ocrx_word' id='word_1_483' title='bbox 242 4052 323 4108; x_wconf 77' lang='lat' dir='ltr'><strong>Ad</strong></span> <span class='ocrx_word' id='word_1_484' title='bbox 366 4067 482 4106; x_wconf 89' lang='lat' dir='ltr'><strong>rem</strong></span> <span class='ocrx_word' id='word_1_485' title='bbox 512 4061 755 4104; x_wconf 87' lang='lat' dir='ltr'><strong>nostram</strong></span> <span class='ocrx_word' id='word_1_486' title='bbox 805 4048 971 4103; x_wconf 84' lang='lat' dir='ltr'><strong>Varro</strong></span> <span class='ocrx_word' id='word_1_487' title='bbox 1003 4049 1100 4103; x_wconf 90' lang='lat' dir='ltr'><strong>lib.</strong></span> <span class='ocrx_word' id='word_1_488' title='bbox 1132 4066 1161 4102; x_wconf 90' lang='lat' dir='ltr'><strong>v</strong></span> <span class='ocrx_word' id='word_1_489' title='bbox 1205 4050 1273 4104; x_wconf 88' lang='lat' dir='ltr'><strong>de</strong></span> <span class='ocrx_word' id='word_1_490' title='bbox 1304 4050 1433 4120; x_wconf 86' lang='lat' dir='ltr'><strong>ling.</strong></span> <span class='ocrx_word' id='word_1_491' title='bbox 1460 4051 1671 4105; x_wconf 84' lang='lat' dir='ltr'><strong>Latin.:</strong></span> <span class='ocrx_word' id='word_1_492' title='bbox 1702 4052 1838 4106; x_wconf 84' lang='lat' dir='ltr'><strong>Con-</strong></span> 
     </span>
    </p>
   </div>
   <div class='ocr_carea' id='block_1_66' title="bbox 241 4120 1845 4189">
    <p class='ocr_par' dir='ltr' id='par_1_66' title="bbox 241 4120 1845 4189">
     <span class='ocr_line' id='line_1_66' title="bbox 241 4120 1845 4189; baseline 0.001 -13"><span class='ocrx_word' id='word_1_493' title='bbox 241 4124 411 4176; x_wconf 76' lang='lat' dir='ltr'><strong>sualia</strong></span> <span class='ocrx_word' id='word_1_494' title='bbox 443 4122 580 4174; x_wconf 84' lang='lat' dir='ltr'><strong>dicta</strong></span> <span class='ocrx_word' id='word_1_495' title='bbox 609 4140 639 4174; x_wconf 86' lang='grc' dir='ltr'>α</span> <span class='ocrx_word' id='word_1_496' title='bbox 670 4120 855 4183; x_wconf 78' lang='lat' dir='ltr'><strong>Conso,</strong></span> <span class='ocrx_word' id='word_1_497' title='bbox 887 4122 1022 4189; x_wconf 86' lang='lat' dir='ltr'><strong>quod</strong></span> <span class='ocrx_word' id='word_1_498' title='bbox 1068 4132 1173 4173; x_wconf 90' lang='lat' dir='ltr'><strong>tum</strong></span> <span class='ocrx_word' id='word_1_499' title='bbox 1215 4123 1359 4189; x_wconf 73' lang='lat' dir='ltr'><strong>[erile</strong></span> <span class='ocrx_word' id='word_1_500' title='bbox 1392 4122 1605 4188; x_wconf 69' lang='lat' dir='ltr'><strong>publica?</strong></span> <span class='ocrx_word' id='word_1_501' title='bbox 1641 4125 1687 4177; x_wconf 81' lang='lat' dir='ltr'><strong>ei</strong></span> <span class='ocrx_word' id='word_1_502' title='bbox 1738 4123 1845 4178; x_wconf 88' lang='lat' dir='ltr'><strong>Deo</strong></span> 
     </span>
    </p>
   </div>
   <div class='ocr_carea' id='block_1_67' title="bbox 244 4192 1841 4261">
    <p class='ocr_par' dir='ltr' id='par_1_67' title="bbox 244 4192 1841 4261">
     <span class='ocr_line' id='line_1_67' title="bbox 244 4192 1841 4261; baseline 0 -15"><span class='ocrx_word' id='word_1_503' title='bbox 244 4204 290 4247; x_wconf 87' lang='lat' dir='ltr'><strong>et</strong></span> <span class='ocrx_word' id='word_1_504' title='bbox 322 4198 374 4246; x_wconf 90' lang='lat' dir='ltr'><strong>in</strong></span> <span class='ocrx_word' id='word_1_505' title='bbox 422 4196 562 4245; x_wconf 88' lang='lat' dir='ltr'><strong>circo</strong></span> <span class='ocrx_word' id='word_1_506' title='bbox 611 4194 676 4243; x_wconf 90' lang='lat' dir='ltr'><strong>ad</strong></span> <span class='ocrx_word' id='word_1_507' title='bbox 718 4207 863 4242; x_wconf 87' lang='lat' dir='ltr'><strong>aram</strong></span> <span class='ocrx_word' id='word_1_508' title='bbox 912 4194 1026 4261; x_wconf 71' lang='lat' dir='ltr'><strong>ejus</strong></span> <span class='ocrx_word' id='word_1_509' title='bbox 1065 4192 1127 4243; x_wconf 91' lang='lat' dir='ltr'><strong>ab</strong></span> <span class='ocrx_word' id='word_1_510' title='bbox 1177 4195 1527 4246; x_wconf 78' lang='lat' dir='ltr'><strong>sacerdotibus</strong></span> <span class='ocrx_word' id='word_1_511' title='bbox 1565 4194 1697 4260; x_wconf 78' lang='lat' dir='ltr'><strong>[inut</strong></span> <span class='ocrx_word' id='word_1_512' title='bbox 1727 4194 1841 4247; x_wconf 86' lang='lat' dir='ltr'><strong>ludi</strong></span> 
     </span>
    </p>
   </div>
   <div class='ocr_carea' id='block_1_68' title="bbox 244 4260 1842 4331">
    <p class='ocr_par' dir='ltr' id='par_1_68' title="bbox 244 4260 1842 4331">
     <span class='ocr_line' id='line_1_68' title="bbox 244 4260 1842 4331; baseline 0.001 -14"><span class='ocrx_word' id='word_1_513' title='bbox 244 4264 350 4327; x_wconf 89' lang='lat' dir='ltr'><strong>illi,</strong></span> <span class='ocrx_word' id='word_1_514' title='bbox 388 4262 579 4331; x_wconf 81' lang='lat' dir='ltr'><strong>quibus</strong></span> <span class='ocrx_word' id='word_1_515' title='bbox 630 4263 853 4331; x_wconf 73' lang='lat' dir='ltr'><strong>virgines</strong></span> <span class='ocrx_word' id='word_1_516' title='bbox 897 4260 1101 4331; x_wconf 67' lang='lat' dir='ltr'><strong>Sabina:</strong></span> <span class='ocrx_word' id='word_1_517' title='bbox 1142 4272 1324 4329; x_wconf 76' lang='lat' dir='ltr'><strong>raptw.</strong></span> <span class='ocrx_word' id='word_1_518' title='bbox 1371 4265 1433 4316; x_wconf 82' lang='lat' dir='ltr'><strong>Et</strong></span> <span class='ocrx_word' id='word_1_519' title='bbox 1476 4262 1842 4319; x_wconf 77' lang='lat' dir='ltr'><strong>Tertullianus</strong></span> 
     </span>
    </p>
   </div>
   <div class='ocr_carea' id='block_1_69' title="bbox 246 4330 1843 4403">
    <p class='ocr_par' dir='ltr' id='par_1_69' title="bbox 246 4330 1843 4403">
     <span class='ocr_line' id='line_1_69' title="bbox 246 4330 1843 4403; baseline 0 -14"><span class='ocrx_word' id='word_1_520' title='bbox 246 4336 344 4389; x_wconf 84' lang='lat' dir='ltr'><strong>lib.</strong></span> <span class='ocrx_word' id='word_1_521' title='bbox 383 4330 451 4387; x_wconf 84' lang='lat' dir='ltr'><strong>de</strong></span> <span class='ocrx_word' id='word_1_522' title='bbox 487 4333 826 4403; x_wconf 75' lang='lat' dir='ltr'><strong>Spectaculis</strong></span> <span class='ocrx_word' id='word_1_523' title='bbox 860 4348 873 4403; x_wconf 70' lang='grc' dir='ltr'><strong><em>ς</em></strong></span> <span class='ocrx_word' id='word_1_524' title='bbox 908 4330 1109 4385; x_wconf 80' lang='lat' dir='ltr'><strong>Exinde</strong></span> <span class='ocrx_word' id='word_1_525' title='bbox 1137 4333 1248 4386; x_wconf 86' lang='lat' dir='ltr'><strong>ludi</strong></span> <span class='ocrx_word' id='word_1_526' title='bbox 1275 4333 1555 4388; x_wconf 81' lang='lat' dir='ltr'><strong>Consualia</strong></span> <span class='ocrx_word' id='word_1_527' title='bbox 1584 4336 1728 4397; x_wconf 83' lang='lat' dir='ltr'><strong>dicti,</strong></span> <span class='ocrx_word' id='word_1_528' title='bbox 1752 4337 1843 4403; x_wconf 85' lang='lat' dir='ltr'><strong>qui</strong></span> 
     </span>
    </p>
   </div>
   <div class='ocr_carea' id='block_1_70' title="bbox 246 4402 1845 4473">
    <p class='ocr_par' dir='ltr' id='par_1_70' title="bbox 246 4402 1845 4473">
     <span class='ocr_line' id='line_1_70' title="bbox 246 4402 1845 4473; baseline 0.002 -16"><span class='ocrx_word' id='word_1_529' title='bbox 246 4408 311 4458; x_wconf 89' lang='lat' dir='ltr'><strong>ab</strong></span> <span class='ocrx_word' id='word_1_530' title='bbox 343 4405 490 4461; x_wconf 81' lang='lat' dir='ltr'><strong>initia</strong></span> <span class='ocrx_word' id='word_1_531' title='bbox 517 4402 820 4473; x_wconf 76' lang='lat' dir='ltr'><strong>Neptunum</strong></span> <span class='ocrx_word' id='word_1_532' title='bbox 842 4402 1178 4456; x_wconf 85' lang='lat' dir='ltr'><strong>honorabant.</strong></span> <span class='ocrx_word' id='word_1_533' title='bbox 1208 4404 1462 4455; x_wconf 80' lang='lat' dir='ltr'><strong>Eumdem</strong></span> <span class='ocrx_word' id='word_1_534' title='bbox 1490 4406 1621 4457; x_wconf 82' lang='lat' dir='ltr'><strong>enim</strong></span> <span class='ocrx_word' id='word_1_535' title='bbox 1644 4416 1690 4456; x_wconf 87' lang='lat' dir='ltr'><strong>et</strong></span> <span class='ocrx_word' id='word_1_536' title='bbox 1711 4408 1845 4460; x_wconf 74' lang='lat' dir='ltr'><strong>(Ion-</strong></span> 
     </span>
    </p>
   </div>
   <div class='ocr_carea' id='block_1_71' title="bbox 248 4473 1840 4541">
    <p class='ocr_par' dir='ltr' id='par_1_71' title="bbox 248 4473 1840 4541">
     <span class='ocr_line' id='line_1_71' title="bbox 248 4473 1840 4541; baseline 0.001 -13"><span class='ocrx_word' id='word_1_537' title='bbox 248 4493 365 4529; x_wconf 83' lang='lat' dir='ltr'><strong>sum</strong></span> <span class='ocrx_word' id='word_1_538' title='bbox 408 4487 607 4527; x_wconf 83' lang='lat' dir='ltr'><strong>vocnnt.</strong></span> <span class='ocrx_word' id='word_1_539' title='bbox 639 4475 703 4527; x_wconf 86' lang='lat' dir='ltr'><strong>Et</strong></span> <span class='ocrx_word' id='word_1_540' title='bbox 739 4480 920 4527; x_wconf 84' lang='lat' dir='ltr'><strong>statim</strong></span> <span class='ocrx_word' id='word_1_541' title='bbox 953 4492 964 4524; x_wconf 93' lang='lat'><strong>:</strong></span> <span class='ocrx_word' id='word_1_542' title='bbox 993 4473 1319 4541; x_wconf 81' lang='lat' dir='ltr'><strong>Quamquam</strong></span> <span class='ocrx_word' id='word_1_543' title='bbox 1351 4483 1396 4525; x_wconf 87' lang='lat' dir='ltr'><strong>et</strong></span> <span class='ocrx_word' id='word_1_544' title='bbox 1427 4475 1691 4529; x_wconf 86' lang='lat' dir='ltr'><strong>consualia</strong></span> <span class='ocrx_word' id='word_1_545' title='bbox 1738 4476 1840 4529; x_wconf 76' lang='lat' dir='ltr'><strong>llo-</strong></span> 
     </span>
    </p>
   </div>
   <div class='ocr_carea' id='block_1_72' title="bbox 248 4544 1840 4612">
    <p class='ocr_par' dir='ltr' id='par_1_72' title="bbox 248 4544 1840 4612">
     <span class='ocr_line' id='line_1_72' title="bbox 248 4544 1840 4612; baseline 0.001 -15"><span class='ocrx_word' id='word_1_546' title='bbox 248 4547 399 4597; x_wconf 87' lang='lat' dir='ltr'><strong>mulo</strong></span> <span class='ocrx_word' id='word_1_547' title='bbox 448 4545 754 4612; x_wconf 78' lang='lat' dir='ltr'><strong>defendunt,</strong></span> <span class='ocrx_word' id='word_1_548' title='bbox 800 4544 934 4612; x_wconf 86' lang='lat' dir='ltr'><strong>quod</strong></span> <span class='ocrx_word' id='word_1_549' title='bbox 986 4562 1045 4597; x_wconf 88' lang='lat' dir='ltr'><strong>ea</strong></span> <span class='ocrx_word' id='word_1_550' title='bbox 1090 4544 1258 4597; x_wconf 86' lang='lat' dir='ltr'><strong>Conso</strong></span> <span class='ocrx_word' id='word_1_551' title='bbox 1301 4544 1571 4605; x_wconf 79' lang='lat' dir='ltr'><strong>dicaverit,</strong></span> <span class='ocrx_word' id='word_1_552' title='bbox 1614 4544 1742 4605; x_wconf 84' lang='lat' dir='ltr'><strong>Deo,</strong></span> <span class='ocrx_word' id='word_1_553' title='bbox 1787 4558 1840 4598; x_wconf 88' lang='lat' dir='ltr'><strong>ut</strong></span> 
     </span>
    </p>
   </div>
   <div class='ocr_carea' id='block_1_73' title="bbox 248 4612 1843 4684">
    <p class='ocr_par' dir='ltr' id='par_1_73' title="bbox 248 4612 1843 4684">
     <span class='ocr_line' id='line_1_73' title="bbox 248 4612 1843 4684; baseline 0 -16"><span class='ocrx_word' id='word_1_554' title='bbox 248 4616 469 4679; x_wconf 84' lang='lat' dir='ltr'><strong>volunt,</strong></span> <span class='ocrx_word' id='word_1_555' title='bbox 512 4612 757 4679; x_wconf 41' lang='lat' dir='ltr'><strong>Consilii,</strong></span> <span class='ocrx_word' id='word_1_556' title='bbox 788 4616 900 4684; x_wconf 83' lang='lat' dir='ltr'><strong>ejus</strong></span> <span class='ocrx_word' id='word_1_557' title='bbox 949 4614 1174 4677; x_wconf 74' lang='lat' dir='ltr'><strong>scilicet,</strong></span> <span class='ocrx_word' id='word_1_558' title='bbox 1217 4631 1315 4683; x_wconf 85' lang='lat' dir='ltr'><strong>quo</strong></span> <span class='ocrx_word' id='word_1_559' title='bbox 1367 4625 1488 4666; x_wconf 84' lang='lat' dir='ltr'><strong>tunc</strong></span> <span class='ocrx_word' id='word_1_560' title='bbox 1530 4616 1843 4669; x_wconf 68' lang='lat' dir='ltr'><strong>Sabinarum</strong></span> 
     </span>
    </p>
   </div>
   <div class='ocr_carea' id='block_1_74' title="bbox 251 4685 1846 4755">
    <p class='ocr_par' dir='ltr' id='par_1_74' title="bbox 251 4685 1846 4755">
     <span class='ocr_line' id='line_1_74' title="bbox 251 4685 1846 4755; baseline -0.001 -16"><span class='ocrx_word' id='word_1_561' title='bbox 251 4686 521 4755; x_wconf 84' lang='lat' dir='ltr'><strong>virginum</strong></span> <span class='ocrx_word' id='word_1_562' title='bbox 574 4704 609 4736; x_wconf 77' lang='grc' dir='ltr'><strong>ν.</strong></span> <span class='ocrx_word' id='word_1_563' title='bbox 640 4696 777 4737; x_wconf 64' lang='grc' dir='ltr'>,ικίιιιη</span> <span class='ocrx_word' id='word_1_564' title='bbox 814 4685 1063 4739; x_wconf 82' lang='lat' dir='ltr'><strong>militibus</strong></span> <span class='ocrx_word' id='word_1_565' title='bbox 1093 4688 1198 4739; x_wconf 81' lang='lat' dir='ltr'><strong>suis</strong></span> <span class='ocrx_word' id='word_1_566' title='bbox 1241 4689 1294 4738; x_wconf 90' lang='lat' dir='ltr'><strong>in</strong></span> <span class='ocrx_word' id='word_1_567' title='bbox 1336 4685 1665 4738; x_wconf 86' lang='lat' dir='ltr'><strong>matrimonia</strong></span> <span class='ocrx_word' id='word_1_568' title='bbox 1692 4702 1846 4755; x_wconf 65' lang='grc' dir='ltr'><strong>επο-</strong></span> 
     </span>
    </p>
   </div>
   <div class='ocr_carea' id='block_1_75' title="bbox 248 4754 1846 4826">
    <p class='ocr_par' dir='ltr' id='par_1_75' title="bbox 248 4754 1846 4826">
     <span class='ocr_line' id='line_1_75' title="bbox 248 4754 1846 4826; baseline 0.001 -19"><span class='ocrx_word' id='word_1_569' title='bbox 248 4754 454 4825; x_wconf 73' lang='lat' dir='ltr'><strong>gitat&#39;it.</strong></span> <span class='ocrx_word' id='word_1_570' title='bbox 486 4756 541 4809; x_wconf 88' lang='lat' dir='ltr'><strong>S.</strong></span> <span class='ocrx_word' id='word_1_571' title='bbox 566 4755 634 4826; x_wconf 62' lang='grc' dir='ltr'><strong>(ἶ)</strong></span> <span class='ocrx_word' id='word_1_572' title='bbox 652 4756 867 4821; x_wconf 86' lang='lat' dir='ltr'><strong>priauus</strong></span> <span class='ocrx_word' id='word_1_573' title='bbox 888 4757 979 4809; x_wconf 88' lang='lat' dir='ltr'><strong>lib.</strong></span> <span class='ocrx_word' id='word_1_574' title='bbox 1011 4757 1077 4810; x_wconf 90' lang='lat' dir='ltr'><strong>de</strong></span> <span class='ocrx_word' id='word_1_575' title='bbox 1109 4756 1379 4809; x_wconf 85' lang='lat' dir='ltr'><strong>ltlolorttm</strong></span> <span class='ocrx_word' id='word_1_576' title='bbox 1411 4758 1647 4809; x_wconf 80' lang='lat' dir='ltr'><strong>vanitate</strong></span> <span class='ocrx_word' id='word_1_577' title='bbox 1668 4754 1846 4826; x_wconf 70' lang='lat' dir='ltr'><strong>:_Con-</strong></span> 
     </span>
    </p>
   </div>
   <div class='ocr_carea' id='block_1_76' title="bbox 249 4824 1847 4891">
    <p class='ocr_par' dir='ltr' id='par_1_76' title="bbox 249 4824 1847 4891">
     <span class='ocr_line' id='line_1_76' title="bbox 249 4824 1847 4891; baseline -0.001 -13"><span class='ocrx_word' id='word_1_578' title='bbox 249 4824 373 4887; x_wconf 77' lang='lat' dir='ltr'><strong>sus,</strong></span> <span class='ocrx_word' id='word_1_579' title='bbox 418 4843 565 4888; x_wconf 78' lang='lat' dir='ltr'><strong>quem</strong></span> <span class='ocrx_word' id='word_1_580' title='bbox 612 4824 779 4878; x_wconf 85' lang='lat' dir='ltr'><strong>Deum</strong></span> <span class='ocrx_word' id='word_1_581' title='bbox 834 4828 1055 4891; x_wconf 73' lang='lat' dir='ltr'><strong>fraudis,</strong></span> <span class='ocrx_word' id='word_1_582' title='bbox 1086 4828 1225 4880; x_wconf 87' lang='lat' dir='ltr'><strong>velut</strong></span> <span class='ocrx_word' id='word_1_583' title='bbox 1276 4826 1622 4879; x_wconf 78' lang='lat' dir='ltr'><strong>(.‘onsilt&#39;orum</strong></span> <span class='ocrx_word' id='word_1_584' title='bbox 1681 4824 1847 4878; x_wconf 81' lang='lat' dir='ltr'><strong>Deum</strong></span> 
     </span>
    </p>
   </div>
   <div class='ocr_carea' id='block_1_77' title="bbox 248 4896 1849 4965">
    <p class='ocr_par' dir='ltr' id='par_1_77' title="bbox 248 4896 1849 4965">
     <span class='ocr_line' id='line_1_77' title="bbox 248 4896 1849 4965; baseline -0.001 -16"><span class='ocrx_word' id='word_1_585' title='bbox 248 4896 355 4949; x_wconf 89' lang='lat' dir='ltr'><strong>coli</strong></span> <span class='ocrx_word' id='word_1_586' title='bbox 399 4896 652 4951; x_wconf 81' lang='lat' dir='ltr'><strong>Romulus</strong></span> <span class='ocrx_word' id='word_1_587' title='bbox 678 4898 862 4956; x_wconf 77' lang='lat' dir='ltr'><strong>voluit,</strong></span> <span class='ocrx_word' id='word_1_588' title='bbox 887 4908 1154 4965; x_wconf 80' lang='lat' dir='ltr'><strong>postquam</strong></span> <span class='ocrx_word' id='word_1_589' title='bbox 1184 4900 1235 4951; x_wconf 90' lang='lat' dir='ltr'><strong>in</strong></span> <span class='ocrx_word' id='word_1_590' title='bbox 1275 4908 1485 4965; x_wconf 81' lang='lat' dir='ltr'><strong>raptum</strong></span> <span class='ocrx_word' id='word_1_591' title='bbox 1535 4898 1849 4951; x_wconf 82' lang='lat' dir='ltr'><strong>Sabinarum</strong></span> 
     </span>
    </p>
   </div>
   <div class='ocr_carea' id='block_1_78' title="bbox 254 4966 1849 5039">
    <p class='ocr_par' dir='ltr' id='par_1_78' title="bbox 254 4966 1849 5039">
     <span class='ocr_line' id='line_1_78' title="bbox 254 4966 1849 5039; baseline 0.003 -22"><span class='ocrx_word' id='word_1_592' title='bbox 254 4968 473 5039; x_wconf 77' lang='lat' dir='ltr'><strong>perﬁdia</strong></span> <span class='ocrx_word' id='word_1_593' title='bbox 527 4969 784 5033; x_wconf 73' lang='lat' dir='ltr'><strong>provenit.</strong></span> <span class='ocrx_word' id='word_1_594' title='bbox 828 4966 944 5039; x_wconf 71' lang='grc' dir='ltr'><strong>για.</strong></span> <span class='ocrx_word' id='word_1_595' title='bbox 984 4972 1172 5039; x_wconf 68' lang='lat' dir='ltr'><strong>etiam,</strong></span> <span class='ocrx_word' id='word_1_596' title='bbox 1220 4969 1263 5021; x_wconf 91' lang='lat' dir='ltr'><strong>si</strong></span> <span class='ocrx_word' id='word_1_597' title='bbox 1314 4970 1494 5030; x_wconf 83' lang='lat' dir='ltr'><strong>lubet,</strong></span> <span class='ocrx_word' id='word_1_598' title='bbox 1532 4969 1849 5039; x_wconf 63' lang='lat' dir='ltr'><strong>Dionysium</strong></span> 
     </span>
    </p>
   </div>
   <div class='ocr_carea' id='block_1_79' title="bbox 253 5038 1852 5103">
    <p class='ocr_par' dir='ltr' id='par_1_79' title="bbox 253 5038 1852 5103">
     <span class='ocr_line' id='line_1_79' title="bbox 253 5038 1852 5103; baseline 0.001 -12"><span class='ocrx_word' id='word_1_599' title='bbox 253 5038 749 5093; x_wconf 62' lang='lat' dir='ltr'><strong>llalicarnasseeum</strong></span> <span class='ocrx_word' id='word_1_600' title='bbox 780 5038 875 5091; x_wconf 86' lang='lat' dir='ltr'><strong>lib.</strong></span> <span class='ocrx_word' id='word_1_601' title='bbox 913 5053 951 5097; x_wconf 85' lang='grc' dir='ltr'>ι,</span> <span class='ocrx_word' id='word_1_602' title='bbox 991 5038 1261 5093; x_wconf 65' lang='lat' dir='ltr'><strong>Vale-rium</strong></span> <span class='ocrx_word' id='word_1_603' title='bbox 1316 5040 1603 5093; x_wconf 77' lang='lat' dir='ltr'><strong>Maximum</strong></span> <span class='ocrx_word' id='word_1_604' title='bbox 1635 5042 1669 5092; x_wconf 88' lang='grc' dir='ltr'><strong>Ι.</strong></span> <span class='ocrx_word' id='word_1_605' title='bbox 1704 5056 1769 5103; x_wconf 88' lang='grc' dir='ltr'>ιι,</span> <span class='ocrx_word' id='word_1_606' title='bbox 1800 5050 1852 5092; x_wconf 88' lang='lat' dir='ltr'><strong>et</strong></span> 
     </span>
    </p>
   </div>
   <div class='ocr_carea' id='block_1_80' title="bbox 254 5108 1438 5171">
    <p class='ocr_par' dir='ltr' id='par_1_80' title="bbox 254 5108 1438 5171">
     <span class='ocr_line' id='line_1_80' title="bbox 254 5108 1438 5171; baseline -0.001 -9"><span class='ocrx_word' id='word_1_607' title='bbox 254 5110 607 5163; x_wconf 81' lang='lat' dir='ltr'><strong>Plutarchum</strong></span> <span class='ocrx_word' id='word_1_608' title='bbox 635 5112 705 5162; x_wconf 86' lang='lat' dir='ltr'><strong>de</strong></span> <span class='ocrx_word' id='word_1_609' title='bbox 735 5108 1135 5171; x_wconf 69' lang='lat' dir='ltr'><strong>questionibus</strong></span> <span class='ocrx_word' id='word_1_610' title='bbox 1164 5110 1438 5163; x_wconf 70' lang='lat' dir='ltr'><strong>Romanis.</strong></span> 
     </span>
    </p>
   </div>
   <div class='ocr_carea' id='block_1_81' title="bbox 324 5176 1855 5245">
    <p class='ocr_par' dir='ltr' id='par_1_81' title="bbox 324 5176 1855 5245">
     <span class='ocr_line' id='line_1_81' title="bbox 324 5176 1855 5245; baseline -0.001 -10"><span class='ocrx_word' id='word_1_611' title='bbox 324 5180 349 5218; x_wconf 74' lang='grc' dir='ltr'>δ</span> <span class='ocrx_word' id='word_1_612' title='bbox 391 5180 561 5235; x_wconf 83' lang='lat' dir='ltr'><strong>Conso</strong></span> <span class='ocrx_word' id='word_1_613' title='bbox 586 5179 759 5245; x_wconf 83' lang='lat' dir='ltr'><strong>quasi.</strong></span> <span class='ocrx_word' id='word_1_614' title='bbox 805 5180 876 5232; x_wconf 86' lang='lat' dir='ltr'><strong>De</strong></span> <span class='ocrx_word' id='word_1_615' title='bbox 904 5176 1084 5234; x_wconf 86' lang='lat' dir='ltr'><strong>Conso</strong></span> <span class='ocrx_word' id='word_1_616' title='bbox 1112 5180 1471 5234; x_wconf 72' lang='lat' dir='ltr'><strong>(lonsiliornm</strong></span> <span class='ocrx_word' id='word_1_617' title='bbox 1501 5182 1602 5235; x_wconf 83' lang='lat' dir='ltr'><strong>deo</strong></span> <span class='ocrx_word' id='word_1_618' title='bbox 1625 5192 1677 5235; x_wconf 88' lang='lat' dir='ltr'><strong>et</strong></span> <span class='ocrx_word' id='word_1_619' title='bbox 1718 5182 1855 5235; x_wconf 89' lang='lat' dir='ltr'><strong>ludis</strong></span> 
     </span>
    </p>
   </div>
   <div class='ocr_carea' id='block_1_82' title="bbox 252 5250 1857 5322">
    <p class='ocr_par' dir='ltr' id='par_1_82' title="bbox 252 5250 1857 5322">
     <span class='ocr_line' id='line_1_82' title="bbox 252 5250 1857 5322; baseline 0.001 -18"><span class='ocrx_word' id='word_1_620' title='bbox 252 5250 584 5307; x_wconf 83' lang='lat' dir='ltr'><strong>circensibus</strong></span> <span class='ocrx_word' id='word_1_621' title='bbox 614 5250 1294 5322; x_wconf 15' lang='lat' dir='ltr'><strong>consuleilrngrnentorum</strong></span> <span class='ocrx_word' id='word_1_622' title='bbox 1331 5250 1471 5306; x_wconf 76' lang='lat' dir='ltr'><strong>Festi</strong></span> <span class='ocrx_word' id='word_1_623' title='bbox 1520 5254 1757 5322; x_wconf 79' lang='lat' dir='ltr'><strong>l&#39;onipeii</strong></span> <span class='ocrx_word' id='word_1_624' title='bbox 1794 5253 1857 5306; x_wconf 87' lang='lat' dir='ltr'><strong>li-</strong></span> 
     </span>
    </p>
   </div>
   <div class='ocr_carea' id='block_1_83' title="bbox 255 5319 1859 5392">
    <p class='ocr_par' dir='ltr' id='par_1_83' title="bbox 255 5319 1859 5392">
     <span class='ocr_line' id='line_1_83' title="bbox 255 5319 1859 5392; baseline 0 -15"><span class='ocrx_word' id='word_1_625' title='bbox 255 5322 407 5377; x_wconf 85' lang='lat' dir='ltr'><strong>brum</strong></span> <span class='ocrx_word' id='word_1_626' title='bbox 452 5323 714 5386; x_wconf 83' lang='lat' dir='ltr'><strong>tertium;</strong></span> <span class='ocrx_word' id='word_1_627' title='bbox 755 5331 808 5375; x_wconf 90' lang='lat' dir='ltr'><strong>et</strong></span> <span class='ocrx_word' id='word_1_628' title='bbox 860 5321 925 5374; x_wconf 84' lang='grc' dir='ltr'><strong>Μ.</strong></span> <span class='ocrx_word' id='word_1_629' title='bbox 964 5319 1219 5376; x_wconf 81' lang='lat' dir='ltr'><strong>Varronis</strong></span> <span class='ocrx_word' id='word_1_630' title='bbox 1256 5322 1323 5375; x_wconf 87' lang='lat' dir='ltr'><strong>de</strong></span> <span class='ocrx_word' id='word_1_631' title='bbox 1366 5324 1541 5392; x_wconf 75' lang='lat' dir='ltr'><strong>lingua</strong></span> <span class='ocrx_word' id='word_1_632' title='bbox 1582 5319 1768 5379; x_wconf 80' lang='lat' dir='ltr'><strong>Latina</strong></span> <span class='ocrx_word' id='word_1_633' title='bbox 1797 5325 1859 5377; x_wconf 89' lang='lat' dir='ltr'><strong>li-</strong></span> 
     </span>
    </p>
   </div>
   <div class='ocr_carea' id='block_1_84' title="bbox 259 5391 1783 5465">
    <p class='ocr_par' dir='ltr' id='par_1_84' title="bbox 259 5391 1783 5465">
     <span class='ocr_line' id='line_1_84' title="bbox 259 5391 1783 5465; baseline 0.001 -20"><span class='ocrx_word' id='word_1_634' title='bbox 259 5391 405 5447; x_wconf 88' lang='lat' dir='ltr'><strong>brum</strong></span> <span class='ocrx_word' id='word_1_635' title='bbox 437 5397 711 5465; x_wconf 89' lang='lat' dir='ltr'><strong>quintum.</strong></span> <span class='ocrx_word' id='word_1_636' title='bbox 822 5463 829 5465; x_wconf 93' lang='lat'>_</span> <span class='ocrx_word' id='word_1_637' title='bbox 1059 5464 1065 5465; x_wconf 12' lang='lat'><em>7</em></span> <span class='ocrx_word' id='word_1_638' title='bbox 1455 5391 1460 5392; x_wconf 26' lang='grc' dir='ltr'>ί</span> <span class='ocrx_word' id='word_1_639' title='bbox 1517 5396 1783 5449; x_wconf 66' lang='lat' dir='ltr'><strong>Maurus.</strong></span> 
     </span>
    </p>
   </div>
   <div class='ocr_carea' id='block_1_85' title="bbox 330 5463 1853 5535">
    <p class='ocr_par' dir='ltr' id='par_1_85' title="bbox 330 5463 1853 5535">
     <span class='ocr_line' id='line_1_85' title="bbox 330 5463 1853 5535; baseline 0.001 -17"><span class='ocrx_word' id='word_1_640' title='bbox 330 5474 349 5501; x_wconf 73' lang='grc' dir='ltr'><em>ε</em></span> <span class='ocrx_word' id='word_1_641' title='bbox 386 5463 491 5519; x_wconf 69' lang='lat' dir='ltr'><strong>vox</strong></span> <span class='ocrx_word' id='word_1_642' title='bbox 547 5466 774 5520; x_wconf 81' lang='lat' dir='ltr'><strong>rhedant</strong></span> <span class='ocrx_word' id='word_1_643' title='bbox 820 5463 873 5514; x_wconf 89' lang='lat' dir='ltr'><strong>in</strong></span> <span class='ocrx_word' id='word_1_644' title='bbox 922 5464 1197 5530; x_wconf 86' lang='lat' dir='ltr'><strong>omnibus,</strong></span> <span class='ocrx_word' id='word_1_645' title='bbox 1224 5467 1418 5535; x_wconf 68' lang='lat' dir='ltr'><strong>Quibus</strong></span> <span class='ocrx_word' id='word_1_646' title='bbox 1477 5467 1677 5519; x_wconf 82' lang='lat' dir='ltr'><strong>uliumr</strong></span> <span class='ocrx_word' id='word_1_647' title='bbox 1726 5481 1853 5519; x_wconf 66' lang='lat' dir='ltr'><strong>mss.</strong></span> 
     </span>
    </p>
   </div>
   <div class='ocr_carea' id='block_1_86' title="bbox 253 5534 1861 5605">
    <p class='ocr_par' dir='ltr' id='par_1_86' title="bbox 253 5534 1861 5605">
     <span class='ocr_line' id='line_1_86' title="bbox 253 5534 1861 5605; baseline -0.001 -16"><span class='ocrx_word' id='word_1_648' title='bbox 253 5534 595 5593; x_wconf 86' lang='lat' dir='ltr'><strong>desideratur</strong></span> <span class='ocrx_word' id='word_1_649' title='bbox 621 5555 635 5590; x_wconf 93' lang='lat'>:</span> <span class='ocrx_word' id='word_1_650' title='bbox 673 5548 792 5590; x_wconf 89' lang='lat' dir='ltr'><strong>tum</strong></span> <span class='ocrx_word' id='word_1_651' title='bbox 822 5548 959 5586; x_wconf 86' lang='lat' dir='ltr'><strong>unus</strong></span> <span class='ocrx_word' id='word_1_652' title='bbox 984 5536 1260 5605; x_wconf 87' lang='lat' dir='ltr'><strong>antiquior</strong></span> <span class='ocrx_word' id='word_1_653' title='bbox 1293 5537 1466 5591; x_wconf 87' lang='lat' dir='ltr'><strong>Vatic.</strong></span> <span class='ocrx_word' id='word_1_654' title='bbox 1497 5552 1861 5588; x_wconf 84' lang='lat' dir='ltr'><strong>cat&#39;t&#39;ucat&#39;um-</strong></span> 
     </span>
    </p>
   </div>
   <div class='ocr_carea' id='block_1_87' title="bbox 255 5607 1860 5679">
    <p class='ocr_par' dir='ltr' id='par_1_87' title="bbox 255 5607 1860 5679">
     <span class='ocr_line' id='line_1_87' title="bbox 255 5607 1860 5679; baseline 0.001 -20"><span class='ocrx_word' id='word_1_655' title='bbox 255 5622 349 5679; x_wconf 83' lang='lat' dir='ltr'><strong>que</strong></span> <span class='ocrx_word' id='word_1_656' title='bbox 368 5612 578 5679; x_wconf 78' lang='lat' dir='ltr'><strong>rtgulas</strong></span> <span class='ocrx_word' id='word_1_657' title='bbox 608 5625 712 5679; x_wconf 88' lang='lat' dir='ltr'><strong>pro</strong></span> <span class='ocrx_word' id='word_1_658' title='bbox 735 5620 1109 5675; x_wconf 84' lang='lat' dir='ltr'><strong>carcerumque</strong></span> <span class='ocrx_word' id='word_1_659' title='bbox 1127 5607 1404 5677; x_wconf 80' lang='lat' dir='ltr'><strong>repagula,</strong></span> <span class='ocrx_word' id='word_1_660' title='bbox 1428 5607 1659 5661; x_wconf 79' lang='lat' dir='ltr'><strong>fortasse</strong></span> <span class='ocrx_word' id='word_1_661' title='bbox 1683 5607 1860 5661; x_wconf 87' lang='lat' dir='ltr'><strong>verius</strong></span> 
     </span>
    </p>
   </div>
   <div class='ocr_carea' id='block_1_88' title="bbox 252 5678 397 5749">
    <p class='ocr_par' dir='ltr' id='par_1_88' title="bbox 252 5678 397 5749">
     <span class='ocr_line' id='line_1_88' title="bbox 252 5678 397 5749; baseline 0 -17"><span class='ocrx_word' id='word_1_662' title='bbox 252 5678 397 5749; x_wconf 85' lang='lat' dir='ltr'><strong>legit.</strong></span> 
     </span>
    </p>
   </div>
   <div class='ocr_carea' id='block_1_89' title="bbox 320 5743 1862 5819">
    <p class='ocr_par' dir='ltr' id='par_1_89' title="bbox 320 5743 1862 5819">
     <span class='ocr_line' id='line_1_89' title="bbox 320 5743 1862 5819; baseline -0.003 -11"><span class='ocrx_word' id='word_1_663' title='bbox 320 5743 346 5788; x_wconf 63' lang='grc' dir='ltr'><em>δ</em></span> <span class='ocrx_word' id='word_1_664' title='bbox 378 5752 505 5808; x_wconf 79' lang='lat' dir='ltr'><strong>Mss.</strong></span> <span class='ocrx_word' id='word_1_665' title='bbox 529 5791 545 5819; x_wconf 93' lang='lat'><strong>,</strong></span> <span class='ocrx_word' id='word_1_666' title='bbox 581 5749 893 5818; x_wconf 80' lang='lat' dir='ltr'><strong>maleﬁcum</strong></span> <span class='ocrx_word' id='word_1_667' title='bbox 919 5743 1355 5804; x_wconf 81' lang='lat' dir='ltr'><strong>Christianorum.</strong></span> <span class='ocrx_word' id='word_1_668' title='bbox 1387 5746 1558 5804; x_wconf 87' lang='lat' dir='ltr'><strong>Porro</strong></span> <span class='ocrx_word' id='word_1_669' title='bbox 1581 5746 1862 5804; x_wconf 77' lang='lat' dir='ltr'><strong>maleﬁcos</strong></span> 
     </span>
    </p>
   </div>
   <div class='ocr_carea' id='block_1_90' title="bbox 1942 2457 3533 2531">
    <p class='ocr_par' dir='ltr' id='par_1_90' title="bbox 1942 2457 3533 2531">
     <span class='ocr_line' id='line_1_90' title="bbox 1942 2457 3533 2531; baseline -0.001 -18"><span class='ocrx_word' id='word_1_670' title='bbox 1942 2464 2137 2531; x_wconf 84' lang='lat' dir='ltr'><strong>ligatus</strong></span> <span class='ocrx_word' id='word_1_671' title='bbox 2168 2464 2357 2515; x_wconf 87' lang='lat' dir='ltr'><strong>subter</strong></span> <span class='ocrx_word' id='word_1_672' title='bbox 2389 2464 2548 2515; x_wconf 81' lang='lat' dir='ltr'><strong>limen</strong></span> <span class='ocrx_word' id='word_1_673' title='bbox 2594 2457 2950 2516; x_wconf 61' lang='lat' dir='ltr'><strong>teneorfﬁun</strong></span> <span class='ocrx_word' id='word_1_674' title='bbox 2973 2479 3133 2527; x_wconf 85' lang='lat' dir='ltr'><strong>exeo,</strong></span> <span class='ocrx_word' id='word_1_675' title='bbox 3160 2465 3261 2516; x_wconf 81' lang='lat' dir='ltr'><strong>nisi</strong></span> <span class='ocrx_word' id='word_1_676' title='bbox 3297 2479 3381 2515; x_wconf 90' lang='lat' dir='ltr'><strong>me</strong></span> <span class='ocrx_word' id='word_1_677' title='bbox 3406 2467 3533 2514; x_wconf 57' lang='lat' dir='ltr'><strong>adu-</strong></span> 
     </span>
    </p>
   </div>
   <div class='ocr_carea' id='block_1_91' title="bbox 1943 2554 3532 2623">
    <p class='ocr_par' dir='ltr' id='par_1_91' title="bbox 1943 2554 3532 2623">
     <span class='ocr_line' id='line_1_91' title="bbox 1943 2554 3532 2623; baseline -0.001 -16"><span class='ocrx_word' id='word_1_678' title='bbox 1943 2555 2161 2609; x_wconf 88' lang='lat' dir='ltr'><strong>lescens</strong></span> <span class='ocrx_word' id='word_1_679' title='bbox 2202 2556 2293 2623; x_wconf 84' lang='lat' dir='ltr'><strong>qui</strong></span> <span class='ocrx_word' id='word_1_680' title='bbox 2328 2566 2498 2620; x_wconf 86' lang='lat' dir='ltr'><strong>tenet,</strong></span> <span class='ocrx_word' id='word_1_681' title='bbox 2527 2556 2817 2609; x_wconf 82' lang='lat' dir='ltr'><strong>dimiserit.</strong></span> <span class='ocrx_word' id='word_1_682' title='bbox 2849 2555 3003 2610; x_wconf 81' lang='lat' dir='ltr'><strong>Tunc</strong></span> <span class='ocrx_word' id='word_1_683' title='bbox 3032 2570 3196 2608; x_wconf 76' lang='lat' dir='ltr'><strong>senex</strong></span> <span class='ocrx_word' id='word_1_684' title='bbox 3231 2572 3243 2605; x_wconf 89' lang='lat'><strong>:</strong></span> <span class='ocrx_word' id='word_1_685' title='bbox 3277 2554 3532 2620; x_wconf 81' lang='lat' dir='ltr'><strong>Grandis,</strong></span> 
     </span>
    </p>
   </div>
   <div class='ocr_carea' id='block_1_92' title="bbox 1938 2648 3534 2717">
    <p class='ocr_par' dir='ltr' id='par_1_92' title="bbox 1938 2648 3534 2717">
     <span class='ocr_line' id='line_1_92' title="bbox 1938 2648 3534 2717; baseline -0.002 -17"><span class='ocrx_word' id='word_1_686' title='bbox 1938 2648 2312 2711; x_wconf 86' lang='lat' dir='ltr'><strong>ait,l&#39;ortitudo</strong></span> <span class='ocrx_word' id='word_1_687' title='bbox 2337 2657 2447 2715; x_wconf 89' lang='lat' dir='ltr'><strong>tua,</strong></span> <span class='ocrx_word' id='word_1_688' title='bbox 2473 2649 2565 2717; x_wconf 89' lang='lat' dir='ltr'><strong>qui</strong></span> <span class='ocrx_word' id='word_1_689' title='bbox 2596 2649 2722 2702; x_wconf 88' lang='lat' dir='ltr'><strong>licio</strong></span> <span class='ocrx_word' id='word_1_690' title='bbox 2749 2662 2797 2701; x_wconf 91' lang='lat' dir='ltr'><strong>et</strong></span> <span class='ocrx_word' id='word_1_691' title='bbox 2838 2649 3039 2702; x_wconf 84' lang='lat' dir='ltr'><strong>lamina</strong></span> <span class='ocrx_word' id='word_1_692' title='bbox 3067 2648 3289 2700; x_wconf 85' lang='lat' dir='ltr'><strong>strictus</strong></span> <span class='ocrx_word' id='word_1_693' title='bbox 3311 2657 3534 2701; x_wconf 81' lang='lat' dir='ltr'><strong>teneris.</strong></span> 
     </span>
    </p>
   </div>
   <div class='ocr_carea' id='block_1_93' title="bbox 1940 2739 3534 2811">
    <p class='ocr_par' dir='ltr' id='par_1_93' title="bbox 1940 2739 3534 2811">
     <span class='ocr_line' id='line_1_93' title="bbox 1940 2739 3534 2811; baseline -0.001 -17"><span class='ocrx_word' id='word_1_694' title='bbox 1940 2741 2056 2807; x_wconf 85' lang='lat' dir='ltr'><strong>Dic,</strong></span> <span class='ocrx_word' id='word_1_695' title='bbox 2080 2757 2247 2811; x_wconf 87' lang='lat' dir='ltr'><strong>quare</strong></span> <span class='ocrx_word' id='word_1_696' title='bbox 2277 2756 2445 2795; x_wconf 76' lang='lat' dir='ltr'><strong>ausus</strong></span> <span class='ocrx_word' id='word_1_697' title='bbox 2479 2756 2539 2795; x_wconf 88' lang='lat' dir='ltr'><strong>es</strong></span> <span class='ocrx_word' id='word_1_698' title='bbox 2570 2741 2780 2810; x_wconf 85' lang='lat' dir='ltr'><strong>ingredi</strong></span> <span class='ocrx_word' id='word_1_699' title='bbox 2826 2740 3060 2810; x_wconf 88' lang='lat' dir='ltr'><strong>puellam</strong></span> <span class='ocrx_word' id='word_1_700' title='bbox 3090 2740 3223 2794; x_wconf 73' lang='lat' dir='ltr'><strong>Dei?</strong></span> <span class='ocrx_word' id='word_1_701' title='bbox 3255 2739 3319 2795; x_wconf 89' lang='lat' dir='ltr'><strong>Ut</strong></span> <span class='ocrx_word' id='word_1_702' title='bbox 3349 2756 3534 2793; x_wconf 81' lang='lat' dir='ltr'><strong>serva-</strong></span> 
     </span>
    </p>
   </div>
   <div class='ocr_carea' id='block_1_94' title="bbox 1940 2834 3533 2906">
    <p class='ocr_par' dir='ltr' id='par_1_94' title="bbox 1940 2834 3533 2906">
     <span class='ocr_line' id='line_1_94' title="bbox 1940 2834 3533 2906; baseline -0.001 -17"><span class='ocrx_word' id='word_1_703' title='bbox 1940 2852 2074 2901; x_wconf 87' lang='lat' dir='ltr'><strong>rem,</strong></span> <span class='ocrx_word' id='word_1_704' title='bbox 2126 2837 2318 2906; x_wconf 84' lang='lat' dir='ltr'><strong>inquit.</strong></span> <span class='ocrx_word' id='word_1_705' title='bbox 2351 2851 2470 2890; x_wconf 78' lang='lat' dir='ltr'><strong>eam</strong></span> <span class='ocrx_word' id='word_1_706' title='bbox 2508 2836 2793 2904; x_wconf 87' lang='lat' dir='ltr'><strong>virginetu.</strong></span> <span class='ocrx_word' id='word_1_707' title='bbox 2838 2834 2917 2888; x_wconf 85' lang='lat' dir='ltr'><strong>Tu</strong></span> <span class='ocrx_word' id='word_1_708' title='bbox 2968 2848 3237 2897; x_wconf 76' lang='lat' dir='ltr'><strong>servares,</strong></span> <span class='ocrx_word' id='word_1_709' title='bbox 3292 2834 3533 2901; x_wconf 86' lang='lat' dir='ltr'><strong>proditur</strong></span> 
     </span>
    </p>
   </div>
   <div class='ocr_carea' id='block_1_95' title="bbox 1936 2928 3529 2997">
    <p class='ocr_par' dir='ltr' id='par_1_95' title="bbox 1936 2928 3529 2997">
     <span class='ocr_line' id='line_1_95' title="bbox 1936 2928 3529 2997; baseline -0.003 -14"><span class='ocrx_word' id='word_1_710' title='bbox 1936 2929 2376 2985; x_wconf 71' lang='lat' dir='ltr'><strong>castitatistﬂur</strong></span> <span class='ocrx_word' id='word_1_711' title='bbox 2419 2945 2525 2984; x_wconf 93' lang='lat' dir='ltr'><strong>non</strong></span> <span class='ocrx_word' id='word_1_712' title='bbox 2572 2933 2751 2997; x_wconf 83' lang='lat' dir='ltr'><strong>potius</strong></span> <span class='ocrx_word' id='word_1_713' title='bbox 2794 2932 2844 2981; x_wconf 87' lang='lat' dir='ltr'><strong>in</strong></span> <span class='ocrx_word' id='word_1_714' title='bbox 2890 2944 3015 2983; x_wconf 88' lang='lat' dir='ltr'><strong>eum</strong></span> <span class='ocrx_word' id='word_1_715' title='bbox 3052 2928 3142 2995; x_wconf 86' lang='lat' dir='ltr'><strong>qui</strong></span> <span class='ocrx_word' id='word_1_716' title='bbox 3176 2936 3227 2981; x_wconf 86' lang='lat' dir='ltr'><strong>te</strong></span> <span class='ocrx_word' id='word_1_717' title='bbox 3258 2928 3529 2993; x_wconf 68' lang='lat' dir='ltr'><strong>mittebat,</strong></span> 
     </span>
    </p>
   </div>
   <div class='ocr_carea' id='block_1_96' title="bbox 1939 3020 3531 3091">
    <p class='ocr_par' dir='ltr' id='par_1_96' title="bbox 1939 3020 3531 3091">
     <span class='ocr_line' id='line_1_96' title="bbox 1939 3020 3531 3091; baseline -0.003 -15"><span class='ocrx_word' id='word_1_718' title='bbox 1939 3038 1998 3076; x_wconf 85' lang='lat' dir='ltr'><strong>es</strong></span> <span class='ocrx_word' id='word_1_719' title='bbox 2028 3023 2348 3091; x_wconf 73' lang='lat' dir='ltr'><strong>ingressus?</strong></span> <span class='ocrx_word' id='word_1_720' title='bbox 2378 3020 2449 3076; x_wconf 88' lang='lat' dir='ltr'><strong>Ut</strong></span> <span class='ocrx_word' id='word_1_721' title='bbox 2472 3020 2631 3089; x_wconf 88' lang='lat' dir='ltr'><strong>quid,</strong></span> <span class='ocrx_word' id='word_1_722' title='bbox 2667 3020 2970 3088; x_wconf 73' lang='lat' dir='ltr'><strong>reapondit,</strong></span> <span class='ocrx_word' id='word_1_723' title='bbox 3005 3022 3260 3073; x_wconf 82' lang='lat' dir='ltr'><strong>intrarent</strong></span> <span class='ocrx_word' id='word_1_724' title='bbox 3293 3020 3343 3073; x_wconf 87' lang='lat' dir='ltr'><strong>in</strong></span> <span class='ocrx_word' id='word_1_725' title='bbox 3382 3035 3531 3083; x_wconf 89' lang='lat' dir='ltr'><strong>eum,</strong></span> 
     </span>
    </p>
   </div>
   <div class='ocr_carea' id='block_1_97' title="bbox 1940 3110 3533 3183">
    <p class='ocr_par' dir='ltr' id='par_1_97' title="bbox 1940 3110 3533 3183">
     <span class='ocr_line' id='line_1_97' title="bbox 1940 3110 3533 3183; baseline -0.002 -16"><span class='ocrx_word' id='word_1_726' title='bbox 1940 3116 2028 3183; x_wconf 88' lang='lat' dir='ltr'><strong>qui</strong></span> <span class='ocrx_word' id='word_1_727' title='bbox 2048 3114 2563 3182; x_wconf 85' lang='lat' dir='ltr'><strong>babebatcollegam</strong></span> <span class='ocrx_word' id='word_1_728' title='bbox 2580 3127 2755 3167; x_wconf 84' lang='lat' dir='ltr'><strong>meum</strong></span> <span class='ocrx_word' id='word_1_729' title='bbox 2776 3114 2977 3167; x_wconf 86' lang='lat' dir='ltr'><strong>amoris</strong></span> <span class='ocrx_word' id='word_1_730' title='bbox 2990 3111 3295 3166; x_wconf 65' lang='lat' dir='ltr'><strong>daemonem</strong></span> <span class='ocrx_word' id='word_1_731' title='bbox 3312 3113 3334 3164; x_wconf 75' lang='lat' dir='ltr'><strong>‘I</strong></span> <span class='ocrx_word' id='word_1_732' title='bbox 3354 3110 3533 3165; x_wconf 78' lang='lat' dir='ltr'><strong>Noluit</strong></span> 
     </span>
    </p>
   </div>
   <div class='ocr_carea' id='block_1_98' title="bbox 1941 3203 3533 3276">
    <p class='ocr_par' dir='ltr' id='par_1_98' title="bbox 1941 3203 3533 3276">
     <span class='ocr_line' id='line_1_98' title="bbox 1941 3203 3533 3276; baseline 0.001 -17"><span class='ocrx_word' id='word_1_733' title='bbox 1941 3217 2121 3261; x_wconf 88' lang='lat' dir='ltr'><strong>autem</strong></span> <span class='ocrx_word' id='word_1_734' title='bbox 2166 3208 2403 3261; x_wconf 56' lang='lat' dir='ltr'><strong>Sanctus</strong></span> <span class='ocrx_word' id='word_1_735' title='bbox 2432 3218 2723 3276; x_wconf 81' lang='lat' dir='ltr'><strong>antequam</strong></span> <span class='ocrx_word' id='word_1_736' title='bbox 2769 3215 3028 3276; x_wconf 80' lang='lat' dir='ltr'><strong>purgaret</strong></span> <span class='ocrx_word' id='word_1_737' title='bbox 3066 3207 3351 3275; x_wconf 85' lang='lat' dir='ltr'><strong>virginem.</strong></span> <span class='ocrx_word' id='word_1_738' title='bbox 3390 3203 3413 3241; x_wconf 69' lang='grc' dir='ltr'><strong>ιι</strong></span> <span class='ocrx_word' id='word_1_739' title='bbox 3454 3208 3533 3260; x_wconf 81' lang='lat' dir='ltr'><strong>vel</strong></span> 
     </span>
    </p>
   </div>
   <div class='ocr_carea' id='block_1_99' title="bbox 1945 3342 3534 3415">
    <p class='ocr_par' dir='ltr' id='par_1_99' title="bbox 1945 3342 3534 3415">
     <span class='ocr_line' id='line_1_99' title="bbox 1945 3342 3534 3415; baseline -0.003 -18"><span class='ocrx_word' id='word_1_740' title='bbox 1945 3360 2206 3415; x_wconf 86' lang='lat' dir='ltr'><strong>equorum</strong></span> <span class='ocrx_word' id='word_1_741' title='bbox 2238 3344 2553 3411; x_wconf 78' lang='lat' dir='ltr'><strong>agitatores,</strong></span> <span class='ocrx_word' id='word_1_742' title='bbox 2574 3342 2662 3410; x_wconf 89' lang='lat' dir='ltr'><strong>qui</strong></span> <span class='ocrx_word' id='word_1_743' title='bbox 2685 3342 3117 3396; x_wconf 83' lang='lat' dir='ltr'><strong>adversariorum</strong></span> <span class='ocrx_word' id='word_1_744' title='bbox 3145 3358 3315 3410; x_wconf 84' lang='lat' dir='ltr'><strong>equos</strong></span> <span class='ocrx_word' id='word_1_745' title='bbox 3339 3342 3534 3415; x_wconf 63' lang='lat' dir='ltr'><strong>dmino.</strong></span> 
     </span>
    </p>
   </div>
   <div class='ocr_carea' id='block_1_100' title="bbox 1946 3413 3534 3482">
    <p class='ocr_par' dir='ltr' id='par_1_100' title="bbox 1946 3413 3534 3482">
     <span class='ocr_line' id='line_1_100' title="bbox 1946 3413 3534 3482; baseline 0.001 -16"><span class='ocrx_word' id='word_1_746' title='bbox 1946 3413 2116 3469; x_wconf 79' lang='lat' dir='ltr'><strong>uincis</strong></span> <span class='ocrx_word' id='word_1_747' title='bbox 2166 3415 2646 3482; x_wconf 67' lang='lat' dir='ltr'><strong>imprecationibus</strong></span> <span class='ocrx_word' id='word_1_748' title='bbox 2693 3416 3035 3482; x_wconf 86' lang='lat' dir='ltr'><strong>impedirent,</strong></span> <span class='ocrx_word' id='word_1_749' title='bbox 3064 3426 3119 3467; x_wconf 90' lang='lat' dir='ltr'><strong>ut</strong></span> <span class='ocrx_word' id='word_1_750' title='bbox 3148 3431 3274 3467; x_wconf 85' lang='lat' dir='ltr'><strong>suos</strong></span> <span class='ocrx_word' id='word_1_751' title='bbox 3301 3413 3365 3466; x_wconf 88' lang='lat' dir='ltr'><strong>ad</strong></span> <span class='ocrx_word' id='word_1_752' title='bbox 3407 3430 3534 3467; x_wconf 86' lang='lat' dir='ltr'><strong>cur-</strong></span> 
     </span>
    </p>
   </div>
   <div class='ocr_carea' id='block_1_101' title="bbox 1944 3486 3537 3553">
    <p class='ocr_par' dir='ltr' id='par_1_101' title="bbox 1944 3486 3537 3553">
     <span class='ocr_line' id='line_1_101' title="bbox 1944 3486 3537 3553; baseline 0.001 -14"><span class='ocrx_word' id='word_1_753' title='bbox 1944 3501 2036 3539; x_wconf 87' lang='lat' dir='ltr'><strong>sus</strong></span> <span class='ocrx_word' id='word_1_754' title='bbox 2096 3487 2397 3541; x_wconf 88' lang='lat' dir='ltr'><strong>velociores</strong></span> <span class='ocrx_word' id='word_1_755' title='bbox 2457 3486 2798 3551; x_wconf 89' lang='lat' dir='ltr'><strong>impellerent</strong></span> <span class='ocrx_word' id='word_1_756' title='bbox 2836 3503 2982 3553; x_wconf 71' lang='lat' dir='ltr'><strong>szepe</strong></span> <span class='ocrx_word' id='word_1_757' title='bbox 3030 3495 3241 3539; x_wconf 84' lang='lat' dir='ltr'><strong>veteres</strong></span> <span class='ocrx_word' id='word_1_758' title='bbox 3282 3495 3537 3541; x_wconf 81' lang='lat' dir='ltr'><strong>auctores</strong></span> 
     </span>
    </p>
   </div>
   <div class='ocr_carea' id='block_1_102' title="bbox 1948 3555 3539 3625">
    <p class='ocr_par' dir='ltr' id='par_1_102' title="bbox 1948 3555 3539 3625">
     <span class='ocr_line' id='line_1_102' title="bbox 1948 3555 3539 3625; baseline -0.001 -17"><span class='ocrx_word' id='word_1_759' title='bbox 1948 3556 2424 3611; x_wconf 84' lang='lat' dir='ltr'><strong>uotattt.Cassiod.</strong></span> <span class='ocrx_word' id='word_1_760' title='bbox 2460 3557 2549 3608; x_wconf 86' lang='lat' dir='ltr'><strong>lib.</strong></span> <span class='ocrx_word' id='word_1_761' title='bbox 2574 3571 2631 3610; x_wconf 87' lang='lat' dir='ltr'><strong>tu</strong></span> <span class='ocrx_word' id='word_1_762' title='bbox 2667 3555 2869 3610; x_wconf 80' lang='lat' dir='ltr'><strong>Variar.</strong></span> <span class='ocrx_word' id='word_1_763' title='bbox 2901 3572 2990 3625; x_wconf 87' lang='lat' dir='ltr'><strong>ep.</strong></span> <span class='ocrx_word' id='word_1_764' title='bbox 3025 3574 3060 3619; x_wconf 84' lang='grc' dir='ltr'>ι,</span> <span class='ocrx_word' id='word_1_765' title='bbox 3091 3556 3157 3609; x_wconf 87' lang='lat' dir='ltr'><strong>de</strong></span> <span class='ocrx_word' id='word_1_766' title='bbox 3182 3557 3409 3625; x_wconf 86' lang='lat' dir='ltr'><strong>quodam</strong></span> <span class='ocrx_word' id='word_1_767' title='bbox 3443 3573 3539 3608; x_wconf 87' lang='lat' dir='ltr'><strong>uo-</strong></span> 
     </span>
    </p>
   </div>
   <div class='ocr_carea' id='block_1_103' title="bbox 1948 3626 3533 3697">
    <p class='ocr_par' dir='ltr' id='par_1_103' title="bbox 1948 3626 3533 3697">
     <span class='ocr_line' id='line_1_103' title="bbox 1948 3626 3533 3697; baseline 0.001 -18"><span class='ocrx_word' id='word_1_768' title='bbox 1948 3627 2042 3680; x_wconf 87' lang='lat' dir='ltr'><strong>bili</strong></span> <span class='ocrx_word' id='word_1_769' title='bbox 2072 3626 2282 3695; x_wconf 70' lang='lat' dir='ltr'><strong>attriga,</strong></span> <span class='ocrx_word' id='word_1_770' title='bbox 2312 3628 2617 3697; x_wconf 79' lang='lat' dir='ltr'><strong>frequentia,</strong></span> <span class='ocrx_word' id='word_1_771' title='bbox 2648 3627 2838 3693; x_wconf 80' lang='lat' dir='ltr'><strong>inquit,</strong></span> <span class='ocrx_word' id='word_1_772' title='bbox 2867 3628 3157 3697; x_wconf 75' lang='lat' dir='ltr'><strong>palmarum</strong></span> <span class='ocrx_word' id='word_1_773' title='bbox 3189 3644 3301 3679; x_wconf 86' lang='lat' dir='ltr'><strong>eum</strong></span> <span class='ocrx_word' id='word_1_774' title='bbox 3335 3628 3434 3678; x_wconf 86' lang='lat' dir='ltr'><strong>dici</strong></span> <span class='ocrx_word' id='word_1_775' title='bbox 3461 3628 3533 3693; x_wconf 71' lang='lat' dir='ltr'><strong>fa-</strong></span> 
     </span>
    </p>
   </div>
   <div class='ocr_carea' id='block_1_104' title="bbox 1952 3698 3535 3768">
    <p class='ocr_par' dir='ltr' id='par_1_104' title="bbox 1952 3698 3535 3768">
     <span class='ocr_line' id='line_1_104' title="bbox 1952 3698 3535 3768; baseline 0.001 -19"><span class='ocrx_word' id='word_1_776' title='bbox 1952 3698 2111 3751; x_wconf 79' lang='lat' dir='ltr'><strong>ciebat</strong></span> <span class='ocrx_word' id='word_1_777' title='bbox 2156 3700 2467 3768; x_wconf 83' lang='lat' dir='ltr'><strong>maleﬁcum.</strong></span> <span class='ocrx_word' id='word_1_778' title='bbox 2517 3698 2737 3750; x_wconf 57' lang='lat' dir='ltr'><strong>Necesse</strong></span> <span class='ocrx_word' id='word_1_779' title='bbox 2765 3711 2836 3751; x_wconf 86' lang='lat' dir='ltr'><strong>est</strong></span> <span class='ocrx_word' id='word_1_780' title='bbox 2864 3699 3000 3751; x_wconf 86' lang='lat' dir='ltr'><strong>enim</strong></span> <span class='ocrx_word' id='word_1_781' title='bbox 3043 3698 3112 3750; x_wconf 83' lang='lat' dir='ltr'><strong>ad</strong></span> <span class='ocrx_word' id='word_1_782' title='bbox 3157 3700 3535 3765; x_wconf 75' lang='lat' dir='ltr'><strong>perrersitatem</strong></span> 
     </span>
    </p>
   </div>
   <div class='ocr_carea' id='block_1_105' title="bbox 1952 3769 3535 3839">
    <p class='ocr_par' dir='ltr' id='par_1_105' title="bbox 1952 3769 3535 3839">
     <span class='ocr_line' id='line_1_105' title="bbox 1952 3769 3535 3839; baseline 0.003 -19"><span class='ocrx_word' id='word_1_783' title='bbox 1952 3770 2204 3838; x_wconf 76' lang='lat' dir='ltr'><strong>magicam</strong></span> <span class='ocrx_word' id='word_1_784' title='bbox 2232 3774 2436 3839; x_wconf 76' lang='lat' dir='ltr'><strong>referri,</strong></span> <span class='ocrx_word' id='word_1_785' title='bbox 2466 3769 2674 3837; x_wconf 84' lang='lat' dir='ltr'><strong>quando</strong></span> <span class='ocrx_word' id='word_1_786' title='bbox 2706 3770 2920 3822; x_wconf 83' lang='lat' dir='ltr'><strong>victoria</strong></span> <span class='ocrx_word' id='word_1_787' title='bbox 2943 3786 3189 3836; x_wconf 79' lang='lat' dir='ltr'><strong>equorum</strong></span> <span class='ocrx_word' id='word_1_788' title='bbox 3221 3772 3411 3824; x_wconf 81' lang='lat' dir='ltr'><strong>meritis</strong></span> <span class='ocrx_word' id='word_1_789' title='bbox 3435 3786 3535 3825; x_wconf 83' lang='lat' dir='ltr'><strong>non</strong></span> 
     </span>
    </p>
   </div>
   <div class='ocr_carea' id='block_1_106' title="bbox 1951 3840 3536 3911">
    <p class='ocr_par' dir='ltr' id='par_1_106' title="bbox 1951 3840 3536 3911">
     <span class='ocr_line' id='line_1_106' title="bbox 1951 3840 3536 3911; baseline 0 -19"><span class='ocrx_word' id='word_1_790' title='bbox 1951 3849 2115 3909; x_wconf 82' lang='lat' dir='ltr'><strong>potest</strong></span> <span class='ocrx_word' id='word_1_791' title='bbox 2131 3842 2407 3909; x_wconf 81' lang='lat' dir='ltr'><strong>applicari.</strong></span> <span class='ocrx_word' id='word_1_792' title='bbox 2432 3840 2639 3895; x_wconf 78' lang='lat' dir='ltr'><strong>Arnob.</strong></span> <span class='ocrx_word' id='word_1_793' title='bbox 2660 3840 2751 3893; x_wconf 91' lang='lat' dir='ltr'><strong>lib.</strong></span> <span class='ocrx_word' id='word_1_794' title='bbox 2775 3856 2790 3894; x_wconf 92' lang='grc' dir='ltr'><strong>ι</strong></span> <span class='ocrx_word' id='word_1_795' title='bbox 2814 3842 3030 3895; x_wconf 72' lang='lat' dir='ltr'><strong>advers.</strong></span> <span class='ocrx_word' id='word_1_796' title='bbox 3063 3841 3221 3895; x_wconf 82' lang='lat' dir='ltr'><strong>Gent.</strong></span> <span class='ocrx_word' id='word_1_797' title='bbox 3251 3841 3319 3895; x_wconf 89' lang='lat' dir='ltr'><strong>de</strong></span> <span class='ocrx_word' id='word_1_798' title='bbox 3352 3856 3536 3911; x_wconf 84' lang='lat' dir='ltr'><strong>mago-</strong></span> 
     </span>
    </p>
   </div>
   <div class='ocr_carea' id='block_1_107' title="bbox 1954 3911 3539 3976">
    <p class='ocr_par' dir='ltr' id='par_1_107' title="bbox 1954 3911 3539 3976">
     <span class='ocr_line' id='line_1_107' title="bbox 1954 3911 3539 3976; baseline 0.001 -13"><span class='ocrx_word' id='word_1_799' title='bbox 1954 3926 2068 3963; x_wconf 89' lang='lat' dir='ltr'><strong>rum</strong></span> <span class='ocrx_word' id='word_1_800' title='bbox 2098 3912 2311 3965; x_wconf 88' lang='lat' dir='ltr'><strong>artibus</strong></span> <span class='ocrx_word' id='word_1_801' title='bbox 2341 3931 2352 3965; x_wconf 92' lang='lat'><strong>:</strong></span> <span class='ocrx_word' id='word_1_802' title='bbox 2382 3911 2507 3976; x_wconf 76' lang='lat' dir='ltr'><strong>Quis</strong></span> <span class='ocrx_word' id='word_1_803' title='bbox 2537 3912 2668 3963; x_wconf 85' lang='lat' dir='ltr'><strong>enim</strong></span> <span class='ocrx_word' id='word_1_804' title='bbox 2708 3912 2803 3964; x_wconf 86' lang='lat' dir='ltr'><strong>hoc</strong></span> <span class='ocrx_word' id='word_1_805' title='bbox 2834 3912 3142 3965; x_wconf 51' lang='lat' dir='ltr'><strong>nesciat...”</strong></span> <span class='ocrx_word' id='word_1_806' title='bbox 3178 3914 3228 3962; x_wconf 87' lang='lat' dir='ltr'><strong>iu</strong></span> <span class='ocrx_word' id='word_1_807' title='bbox 3267 3913 3539 3965; x_wconf 82' lang='lat' dir='ltr'><strong>curriculis</strong></span> 
     </span>
    </p>
   </div>
   <div class='ocr_carea' id='block_1_108' title="bbox 1950 3981 3535 4047">
    <p class='ocr_par' dir='ltr' id='par_1_108' title="bbox 1950 3981 3535 4047">
     <span class='ocr_line' id='line_1_108' title="bbox 1950 3981 3535 4047; baseline 0.001 -15"><span class='ocrx_word' id='word_1_808' title='bbox 1950 3997 2098 4046; x_wconf 83' lang='lat' dir='ltr'><strong>eques</strong></span> <span class='ocrx_word' id='word_1_809' title='bbox 2114 3983 2396 4043; x_wconf 82' lang='lat' dir='ltr'><strong>debilitare,</strong></span> <span class='ocrx_word' id='word_1_810' title='bbox 2415 3984 2645 4047; x_wconf 82' lang='lat' dir='ltr'><strong>incitare,</strong></span> <span class='ocrx_word' id='word_1_811' title='bbox 2671 3982 2899 4041; x_wconf 83' lang='lat' dir='ltr'><strong>tardare,</strong></span> <span class='ocrx_word' id='word_1_812' title='bbox 2916 3992 3022 4036; x_wconf 89' lang='lat' dir='ltr'><strong>etc.</strong></span> <span class='ocrx_word' id='word_1_813' title='bbox 3048 3982 3166 4035; x_wconf 83' lang='lat' dir='ltr'><strong>Vid.</strong></span> <span class='ocrx_word' id='word_1_814' title='bbox 3183 3983 3309 4037; x_wconf 88' lang='lat' dir='ltr'><strong>cod.</strong></span> <span class='ocrx_word' id='word_1_815' title='bbox 3328 3981 3535 4034; x_wconf 84' lang='lat' dir='ltr'><strong>Theod.</strong></span> 
     </span>
    </p>
   </div>
   <div class='ocr_carea' id='block_1_109' title="bbox 1949 4050 3541 4175">
    <p class='ocr_par' dir='ltr' id='par_1_109' title="bbox 1949 4050 3541 4175">
     <span class='ocr_line' id='line_1_109' title="bbox 1949 4050 3541 4175; baseline 0.002 -73"><span class='ocrx_word' id='word_1_816' title='bbox 1949 4054 2013 4175; x_wconf 57' lang='lat' dir='ltr'><strong>in]</strong></span> <span class='ocrx_word' id='word_1_817' title='bbox 2041 4055 2152 4133; x_wconf 76' lang='lat' dir='ltr'><strong>leg.</strong></span> <span class='ocrx_word' id='word_1_818' title='bbox 2188 4054 2221 4108; x_wconf 89' lang='lat'><strong>9</strong></span> <span class='ocrx_word' id='word_1_819' title='bbox 2269 4055 2334 4107; x_wconf 89' lang='lat' dir='ltr'><strong>de</strong></span> <span class='ocrx_word' id='word_1_820' title='bbox 2358 4053 2590 4107; x_wconf 75' lang='lat' dir='ltr'><strong>Maleﬁc.</strong></span> <span class='ocrx_word' id='word_1_821' title='bbox 2614 4094 2627 4117; x_wconf 93' lang='lat'><strong>,</strong></span> <span class='ocrx_word' id='word_1_822' title='bbox 2657 4055 2931 4107; x_wconf 81' lang='lat' dir='ltr'><strong>Ammiau.</strong></span> <span class='ocrx_word' id='word_1_823' title='bbox 2962 4052 3253 4105; x_wconf 75' lang='lat' dir='ltr'><strong>Marcellini.</strong></span> <span class='ocrx_word' id='word_1_824' title='bbox 3294 4050 3541 4117; x_wconf 80' lang='lat' dir='ltr'><strong>pluribus</strong></span> 
     </span>
     <span class='ocr_line' id='line_1_110' title="bbox 1973 4137 2105 4175; baseline -0.015 0"><span class='ocrx_word' id='word_1_825' title='bbox 1973 4137 2105 4175; x_wconf 77' lang='lat' dir='ltr'><strong>ocis.</strong></span> 
     </span>
    </p>
   </div>
   <div class='ocr_carea' id='block_1_110' title="bbox 1973 4137 2105 4177">
    <p class='ocr_par' dir='ltr' id='par_1_110' title="bbox 1973 4137 2105 4177">
     <span class='ocr_line' id='line_1_111' title="bbox 1973 4137 2105 4177; baseline 0 -10"><span class='ocrx_word' id='word_1_826' title='bbox 1973 4137 2105 4177; x_wconf 66' lang='grc' dir='ltr'><strong>(ιρις,</strong></span> 
     </span>
    </p>
   </div>
   <div class='ocr_carea' id='block_1_111' title="bbox 2027 4190 3541 4264">
    <p class='ocr_par' dir='ltr' id='par_1_111' title="bbox 2027 4190 3541 4264">
     <span class='ocr_line' id='line_1_112' title="bbox 2027 4190 3541 4264; baseline -0.001 -18"><span class='ocrx_word' id='word_1_827' title='bbox 2027 4204 2049 4227; x_wconf 69' lang='grc' dir='ltr'><strong>θ</strong></span> <span class='ocrx_word' id='word_1_828' title='bbox 2100 4192 2362 4264; x_wconf 77' lang='lat' dir='ltr'><strong>Virginem</strong></span> <span class='ocrx_word' id='word_1_829' title='bbox 2392 4192 2508 4264; x_wconf 76' lang='lat' dir='ltr'><strong>Dei.</strong></span> <span class='ocrx_word' id='word_1_830' title='bbox 2540 4193 2594 4247; x_wconf 91' lang='lat' dir='ltr'><strong>lu</strong></span> <span class='ocrx_word' id='word_1_831' title='bbox 2628 4195 2797 4248; x_wconf 89' lang='lat' dir='ltr'><strong>tribus</strong></span> <span class='ocrx_word' id='word_1_832' title='bbox 2818 4204 2905 4246; x_wconf 91' lang='lat' dir='ltr'><strong>aut</strong></span> <span class='ocrx_word' id='word_1_833' title='bbox 2943 4200 3173 4262; x_wconf 86' lang='lat' dir='ltr'><strong>quatuor</strong></span> <span class='ocrx_word' id='word_1_834' title='bbox 3214 4190 3541 4264; x_wconf 79' lang='lat' dir='ltr'><strong>exemplari-</strong></span> 
     </span>
    </p>
   </div>
   <div class='ocr_carea' id='block_1_112' title="bbox 1950 4263 3542 4385">
    <p class='ocr_par' dir='ltr' id='par_1_112' title="bbox 1950 4263 3542 4385">
     <span class='ocr_line' id='line_1_113' title="bbox 1950 4263 3542 4385; baseline -0.001 -67"><span class='ocrx_word' id='word_1_835' title='bbox 1950 4264 2049 4319; x_wconf 88' lang='lat' dir='ltr'><strong>bus</strong></span> <span class='ocrx_word' id='word_1_836' title='bbox 2078 4263 2209 4320; x_wconf 74' lang='lat' dir='ltr'><strong>ntss.</strong></span> <span class='ocrx_word' id='word_1_837' title='bbox 2234 4266 2445 4335; x_wconf 75' lang='lat' dir='ltr'><strong>virginis</strong></span> <span class='ocrx_word' id='word_1_838' title='bbox 2474 4263 2780 4319; x_wconf 79' lang='lat' dir='ltr'><strong>Deivicinus</strong></span> <span class='ocrx_word' id='word_1_839' title='bbox 2799 4266 3030 4337; x_wconf 80' lang='lat' dir='ltr'><strong>juvenis,</strong></span> <span class='ocrx_word' id='word_1_840' title='bbox 3060 4278 3232 4385; x_wconf 40' lang='grc' dir='ltr'><strong>ωηιξη</strong></span> <span class='ocrx_word' id='word_1_841' title='bbox 3256 4263 3542 4325; x_wconf 78' lang='lat' dir='ltr'><strong>deperibas.</strong></span> 
     </span>
     <span class='ocr_line' id='line_1_114' title="bbox 3176 4348 3392 4385; baseline 0 0"><span class='ocrx_word' id='word_1_842' title='bbox 3176 4348 3392 4385; x_wconf 66' lang='grc' dir='ltr'>ΑιιτιΑιη.</span> 
     </span>
    </p>
   </div>
   <div class='ocr_carea' id='block_1_113' title="bbox 3176 4348 3392 4385">
    <p class='ocr_par' dir='ltr' id='par_1_113' title="bbox 3176 4348 3392 4385">
     <span class='ocr_line' id='line_1_115' title="bbox 3176 4348 3392 4385; baseline 0 0"><span class='ocrx_word' id='word_1_843' title='bbox 3176 4348 3392 4385; x_wconf 70' lang='grc' dir='ltr'><strong>ΑΒΤΙΑΝ.</strong></span> 
     </span>
    </p>
   </div>
   <div class='ocr_carea' id='block_1_114' title="bbox 1872 4404 3545 4529">
    <p class='ocr_par' dir='ltr' id='par_1_114' title="bbox 1872 4404 3545 4529">
     <span class='ocr_line' id='line_1_116' title="bbox 1872 4404 3545 4496; baseline -0.002 -36"><span class='ocrx_word' id='word_1_844' title='bbox 1872 4438 1921 4496; x_wconf 79' lang='lat' dir='ltr'><strong>D</strong></span> <span class='ocrx_word' id='word_1_845' title='bbox 2028 4405 2045 4442; x_wconf 68' lang='grc' dir='ltr'><strong>ί</strong></span> <span class='ocrx_word' id='word_1_846' title='bbox 2083 4407 2235 4461; x_wconf 82' lang='lat' dir='ltr'><strong>Paria</strong></span> <span class='ocrx_word' id='word_1_847' title='bbox 2264 4407 2426 4461; x_wconf 81' lang='lat' dir='ltr'><strong>habet</strong></span> <span class='ocrx_word' id='word_1_848' title='bbox 2467 4408 2517 4461; x_wconf 91' lang='lat' dir='ltr'><strong>in</strong></span> <span class='ocrx_word' id='word_1_849' title='bbox 2544 4406 2672 4462; x_wconf 80' lang='lat' dir='ltr'><strong>lsai.</strong></span> <span class='ocrx_word' id='word_1_850' title='bbox 2705 4422 2831 4461; x_wconf 72' lang='lat' dir='ltr'><strong>XIX:</strong></span> <span class='ocrx_word' id='word_1_851' title='bbox 2864 4404 3145 4473; x_wconf 79' lang='lat' dir='ltr'><strong>Memphim</strong></span> <span class='ocrx_word' id='word_1_852' title='bbox 3179 4404 3389 4472; x_wconf 85' lang='lat' dir='ltr'><strong>magicis</strong></span> <span class='ocrx_word' id='word_1_853' title='bbox 3416 4404 3545 4482; x_wconf 56' lang='lat' dir='ltr'><strong>arti-</strong></span> 
     </span>
     <span class='ocr_line' id='line_1_117' title="bbox 1950 4474 3541 4529; baseline -0.003 0"><span class='ocrx_word' id='word_1_854' title='bbox 1950 4476 2041 4529; x_wconf 82' lang='lat' dir='ltr'><strong>bus</strong></span> <span class='ocrx_word' id='word_1_855' title='bbox 2070 4477 2319 4529; x_wconf 81' lang='lat' dir='ltr'><strong>deditam.</strong></span> <span class='ocrx_word' id='word_1_856' title='bbox 2348 4478 2548 4529; x_wconf 84' lang='lat' dir='ltr'><strong>uristini</strong></span> <span class='ocrx_word' id='word_1_857' title='bbox 2578 4493 2734 4529; x_wconf 78' lang='lat' dir='ltr'><strong>usque</strong></span> <span class='ocrx_word' id='word_1_858' title='bbox 2759 4476 2825 4526; x_wconf 87' lang='lat' dir='ltr'><strong>ad</strong></span> <span class='ocrx_word' id='word_1_859' title='bbox 2855 4490 3075 4529; x_wconf 65' lang='lat' dir='ltr'><strong>praesens</strong></span> <span class='ocrx_word' id='word_1_860' title='bbox 3106 4484 3304 4529; x_wconf 80' lang='lat' dir='ltr'><strong>tempus</strong></span> <span class='ocrx_word' id='word_1_861' title='bbox 3329 4474 3541 4529; x_wconf 79' lang='lat' dir='ltr'><strong>vesttqia</strong></span> 
     </span>
    </p>
   </div>
   <div class='ocr_carea' id='block_1_115' title="bbox 1984 4495 2012 4528">
    <p class='ocr_par' dir='ltr' id='par_1_115' title="bbox 1984 4495 2012 4528">
     <span class='ocr_line' id='line_1_118' title="bbox 1984 4495 2012 4528; baseline 0 0"><span class='ocrx_word' id='word_1_862' title='bbox 1984 4495 2012 4528; x_wconf 81' lang='lat' dir='ltr'><strong>ll</strong></span> 
     </span>
    </p>
   </div>
   <div class='ocr_carea' id='block_1_116' title="bbox 2019 4473 3541 4545">
    <p class='ocr_par' dir='ltr' id='par_1_116' title="bbox 2019 4473 3541 4545">
     <span class='ocr_line' id='line_1_119' title="bbox 2019 4473 3541 4545; baseline -0.001 -16"><span class='ocrx_word' id='word_1_863' title='bbox 2019 4494 2041 4529; x_wconf 76' lang='grc' dir='ltr'><strong>δ</strong></span> <span class='ocrx_word' id='word_1_864' title='bbox 2070 4477 2319 4536; x_wconf 82' lang='lat' dir='ltr'><strong>deditam,</strong></span> <span class='ocrx_word' id='word_1_865' title='bbox 2348 4478 2548 4542; x_wconf 84' lang='lat' dir='ltr'><strong>pristini</strong></span> <span class='ocrx_word' id='word_1_866' title='bbox 2578 4493 2734 4545; x_wconf 86' lang='lat' dir='ltr'><strong>usque</strong></span> <span class='ocrx_word' id='word_1_867' title='bbox 2759 4476 2825 4526; x_wconf 86' lang='lat' dir='ltr'><strong>ad</strong></span> <span class='ocrx_word' id='word_1_868' title='bbox 2853 4490 3075 4545; x_wconf 71' lang='lat' dir='ltr'><strong>prtzsens</strong></span> <span class='ocrx_word' id='word_1_869' title='bbox 3096 4484 3304 4545; x_wconf 67' lang='lat' dir='ltr'><strong>tempus</strong></span> <span class='ocrx_word' id='word_1_870' title='bbox 3329 4473 3541 4545; x_wconf 78' lang='lat' dir='ltr'><strong>vestigia</strong></span> 
     </span>
    </p>
   </div>
   <div class='ocr_carea' id='block_1_117' title="bbox 1947 4544 3537 4612">
    <p class='ocr_par' dir='ltr' id='par_1_117' title="bbox 1947 4544 3537 4612">
     <span class='ocr_line' id='line_1_120' title="bbox 1947 4544 3537 4612; baseline -0.001 -13"><span class='ocrx_word' id='word_1_871' title='bbox 1947 4564 2135 4599; x_wconf 73' lang='lat' dir='ltr'><strong>erroris</strong></span> <span class='ocrx_word' id='word_1_872' title='bbox 2164 4548 2456 4600; x_wconf 84' lang='lat' dir='ltr'><strong>ostendunt.</strong></span> <span class='ocrx_word' id='word_1_873' title='bbox 2492 4545 2560 4599; x_wconf 85' lang='lat' dir='ltr'><strong>Et</strong></span> <span class='ocrx_word' id='word_1_874' title='bbox 2598 4548 2650 4598; x_wconf 93' lang='lat' dir='ltr'><strong>iu</strong></span> <span class='ocrx_word' id='word_1_875' title='bbox 2682 4560 2799 4611; x_wconf 76' lang='lat' dir='ltr'><strong>cap.</strong></span> <span class='ocrx_word' id='word_1_876' title='bbox 2834 4544 2941 4598; x_wconf 75' lang='lat' dir='ltr'><strong>va</strong></span> <span class='ocrx_word' id='word_1_877' title='bbox 2967 4544 3034 4597; x_wconf 88' lang='lat' dir='ltr'><strong>de</strong></span> <span class='ocrx_word' id='word_1_878' title='bbox 3064 4544 3364 4612; x_wconf 64' lang='lat' dir='ltr'><strong>Esculapii</strong></span> <span class='ocrx_word' id='word_1_879' title='bbox 3394 4545 3537 4609; x_wconf 82' lang='lat' dir='ltr'><strong>lano,</strong></span> 
     </span>
    </p>
   </div>
   <div class='ocr_carea' id='block_1_118' title="bbox 1947 4614 3545 4685">
    <p class='ocr_par' dir='ltr' id='par_1_118' title="bbox 1947 4614 3545 4685">
     <span class='ocr_line' id='line_1_121' title="bbox 1947 4614 3545 4685; baseline 0 -16"><span class='ocrx_word' id='word_1_880' title='bbox 1947 4616 2000 4671; x_wconf 88' lang='lat' dir='ltr'><strong>in</strong></span> <span class='ocrx_word' id='word_1_881' title='bbox 2020 4633 2126 4684; x_wconf 84' lang='lat' dir='ltr'><strong>quo</strong></span> <span class='ocrx_word' id='word_1_882' title='bbox 2154 4619 2327 4671; x_wconf 86' lang='lat' dir='ltr'><strong>stratis</strong></span> <span class='ocrx_word' id='word_1_883' title='bbox 2360 4614 2579 4684; x_wconf 82' lang='lat' dir='ltr'><strong>pellibus</strong></span> <span class='ocrx_word' id='word_1_884' title='bbox 2602 4618 2888 4669; x_wconf 84' lang='lat' dir='ltr'><strong>hostiarum</strong></span> <span class='ocrx_word' id='word_1_885' title='bbox 2920 4614 3162 4668; x_wconf 79' lang='lat' dir='ltr'><strong>incubare</strong></span> <span class='ocrx_word' id='word_1_886' title='bbox 3182 4614 3319 4669; x_wconf 87' lang='lat' dir='ltr'><strong>soliti</strong></span> <span class='ocrx_word' id='word_1_887' title='bbox 3345 4616 3545 4685; x_wconf 72' lang='lat' dir='ltr'><strong>(genti-</strong></span> 
     </span>
    </p>
   </div>
   <div class='ocr_carea' id='block_1_119' title="bbox 1952 4688 3252 4757">
    <p class='ocr_par' dir='ltr' id='par_1_119' title="bbox 1952 4688 3252 4757">
     <span class='ocr_line' id='line_1_122' title="bbox 1952 4688 3252 4757; baseline 0 -17"><span class='ocrx_word' id='word_1_888' title='bbox 1952 4688 2049 4757; x_wconf 86' lang='lat' dir='ltr'><strong>les)</strong></span> <span class='ocrx_word' id='word_1_889' title='bbox 2078 4698 2243 4757; x_wconf 82' lang='lat' dir='ltr'><strong>erant,</strong></span> <span class='ocrx_word' id='word_1_890' title='bbox 2270 4697 2321 4739; x_wconf 88' lang='lat' dir='ltr'><strong>ut</strong></span> <span class='ocrx_word' id='word_1_891' title='bbox 2354 4690 2403 4757; x_wconf 88' lang='lat' dir='ltr'><strong>in</strong></span> <span class='ocrx_word' id='word_1_892' title='bbox 2432 4688 2642 4739; x_wconf 82' lang='lat' dir='ltr'><strong>somniis</strong></span> <span class='ocrx_word' id='word_1_893' title='bbox 2663 4691 2839 4756; x_wconf 77' lang='lat' dir='ltr'><strong>futura</strong></span> <span class='ocrx_word' id='word_1_894' title='bbox 2870 4698 3252 4757; x_wconf 82' lang='lat' dir='ltr'><strong>cognoscerent.</strong></span> 
     </span>
    </p>
   </div>
   <div class='ocr_carea' id='block_1_120' title="bbox 2025 4756 3540 4825">
    <p class='ocr_par' dir='ltr' id='par_1_120' title="bbox 2025 4756 3540 4825">
     <span class='ocr_line' id='line_1_123' title="bbox 2025 4756 3540 4825; baseline 0.003 -18"><span class='ocrx_word' id='word_1_895' title='bbox 2025 4767 2047 4801; x_wconf 67' lang='grc' dir='ltr'>Β</span> <span class='ocrx_word' id='word_1_896' title='bbox 2081 4759 2155 4807; x_wconf 79' lang='lat' dir='ltr'><strong>Ab</strong></span> <span class='ocrx_word' id='word_1_897' title='bbox 2196 4756 2513 4824; x_wconf 63' lang='lat' dir='ltr'><strong>At‘scrilapii.</strong></span> <span class='ocrx_word' id='word_1_898' title='bbox 2552 4757 2647 4809; x_wconf 87' lang='lat' dir='ltr'><strong>llic</strong></span> <span class='ocrx_word' id='word_1_899' title='bbox 2686 4772 2899 4824; x_wconf 87' lang='lat' dir='ltr'><strong>quoque</strong></span> <span class='ocrx_word' id='word_1_900' title='bbox 2933 4756 3110 4825; x_wconf 88' lang='lat' dir='ltr'><strong>legunt</strong></span> <span class='ocrx_word' id='word_1_901' title='bbox 3141 4774 3155 4811; x_wconf 87' lang='lat'><strong>:</strong></span> <span class='ocrx_word' id='word_1_902' title='bbox 3187 4757 3261 4809; x_wconf 80' lang='lat' dir='ltr'><strong>Ab</strong></span> <span class='ocrx_word' id='word_1_903' title='bbox 3294 4757 3540 4812; x_wconf 66' lang='lat' dir='ltr'><strong>zEscula-</strong></span> 
     </span>
    </p>
   </div>
   <div class='ocr_carea' id='block_1_121' title="bbox 1953 4826 3542 4897">
    <p class='ocr_par' dir='ltr' id='par_1_121' title="bbox 1953 4826 3542 4897">
     <span class='ocr_line' id='line_1_124' title="bbox 1953 4826 3542 4897; baseline 0.006 -22"><span class='ocrx_word' id='word_1_904' title='bbox 1953 4827 2023 4897; x_wconf 85' lang='lat' dir='ltr'><strong>pii</strong></span> <span class='ocrx_word' id='word_1_905' title='bbox 2056 4828 2275 4887; x_wconf 85' lang='lat' dir='ltr'><strong>vutibus,</strong></span> <span class='ocrx_word' id='word_1_906' title='bbox 2325 4842 2424 4877; x_wconf 85' lang='lat' dir='ltr'><strong>non</strong></span> <span class='ocrx_word' id='word_1_907' title='bbox 2471 4826 2887 4890; x_wconf 86' lang='lat' dir='ltr'><strong>remediantibus,</strong></span> <span class='ocrx_word' id='word_1_908' title='bbox 2938 4829 3026 4879; x_wconf 85' lang='lat' dir='ltr'><strong>sed</strong></span> <span class='ocrx_word' id='word_1_909' title='bbox 3068 4828 3388 4895; x_wconf 82' lang='lat' dir='ltr'><strong>perdentibus</strong></span> <span class='ocrx_word' id='word_1_910' title='bbox 3430 4832 3542 4884; x_wconf 85' lang='lat' dir='ltr'><strong>nni-</strong></span> 
     </span>
    </p>
   </div>
   <div class='ocr_carea' id='block_1_122' title="bbox 1956 4897 3445 4956">
    <p class='ocr_par' dir='ltr' id='par_1_122' title="bbox 1956 4897 3445 4956">
     <span class='ocr_line' id='line_1_125' title="bbox 1956 4897 3445 4956; baseline 0.003 -8"><span class='ocrx_word' id='word_1_911' title='bbox 1956 4912 2087 4956; x_wconf 80' lang='lat' dir='ltr'><strong>mas,</strong></span> <span class='ocrx_word' id='word_1_912' title='bbox 2118 4905 2228 4949; x_wconf 89' lang='lat' dir='ltr'><strong>etc.</strong></span> <span class='ocrx_word' id='word_1_913' title='bbox 3199 4897 3445 4954; x_wconf 69' lang='lat' dir='ltr'><strong>Msa-run</strong></span> 
     </span>
    </p>
   </div>
   <div class='ocr_carea' id='block_1_123' title="bbox 2027 4964 3545 5045">
    <p class='ocr_par' dir='ltr' id='par_1_123' title="bbox 2027 4964 3545 5045">
     <span class='ocr_line' id='line_1_126' title="bbox 2027 4964 3545 5045; baseline 0.005 -26"><span class='ocrx_word' id='word_1_914' title='bbox 2027 4964 2055 5044; x_wconf 54' lang='grc' dir='ltr'>ἐι</span> <span class='ocrx_word' id='word_1_915' title='bbox 2087 4966 2547 5045; x_wconf 58' lang='lat' dir='ltr'><strong>Peccantcoutra</strong></span> <span class='ocrx_word' id='word_1_916' title='bbox 2582 4965 2823 5045; x_wconf 73' lang='lat' dir='ltr'><strong>historia:</strong></span> <span class='ocrx_word' id='word_1_917' title='bbox 2850 4966 3152 5045; x_wconf 72' lang='lat' dir='ltr'><strong>veritatem,</strong></span> <span class='ocrx_word' id='word_1_918' title='bbox 3190 4985 3253 5024; x_wconf 89' lang='lat' dir='ltr'><strong>ac</strong></span> <span class='ocrx_word' id='word_1_919' title='bbox 3283 4970 3545 5045; x_wconf 78' lang='lat' dir='ltr'><strong>Hierony-</strong></span> 
     </span>
    </p>
   </div>
   <div class='ocr_carea' id='block_1_124' title="bbox 1959 5036 3544 5111">
    <p class='ocr_par' dir='ltr' id='par_1_124' title="bbox 1959 5036 3544 5111">
     <span class='ocr_line' id='line_1_127' title="bbox 1959 5036 3544 5111; baseline 0.006 -20"><span class='ocrx_word' id='word_1_920' title='bbox 1959 5036 2035 5111; x_wconf 84' lang='lat' dir='ltr'><strong>mi</strong></span> <span class='ocrx_word' id='word_1_921' title='bbox 2061 5046 2296 5111; x_wconf 77' lang='lat' dir='ltr'><strong>mentem</strong></span> <span class='ocrx_word' id='word_1_922' title='bbox 2335 5036 2611 5107; x_wconf 82' lang='lat' dir='ltr'><strong>hucusque</strong></span> <span class='ocrx_word' id='word_1_923' title='bbox 2651 5036 2781 5111; x_wconf 85' lang='lat' dir='ltr'><strong>editi</strong></span> <span class='ocrx_word' id='word_1_924' title='bbox 2824 5040 2978 5094; x_wconf 86' lang='lat' dir='ltr'><strong>unius</strong></span> <span class='ocrx_word' id='word_1_925' title='bbox 3012 5040 3231 5110; x_wconf 86' lang='lat' dir='ltr'><strong>hujusce</strong></span> <span class='ocrx_word' id='word_1_926' title='bbox 3265 5036 3544 5111; x_wconf 67' lang='lat' dir='ltr'><strong>particulae</strong></span> 
     </span>
    </p>
   </div>
   <div class='ocr_carea' id='block_1_125' title="bbox 1958 5108 3545 5184">
    <p class='ocr_par' dir='ltr' id='par_1_125' title="bbox 1958 5108 3545 5184">
     <span class='ocr_line' id='line_1_128' title="bbox 1958 5108 3545 5184; baseline 0.007 -24"><span class='ocrx_word' id='word_1_927' title='bbox 1958 5109 2035 5161; x_wconf 77' lang='lat' dir='ltr'><strong>rel</strong></span> <span class='ocrx_word' id='word_1_928' title='bbox 2064 5108 2361 5184; x_wconf 86' lang='lat' dir='ltr'><strong>omissiou_e</strong></span> <span class='ocrx_word' id='word_1_929' title='bbox 2391 5120 2492 5184; x_wconf 83' lang='lat' dir='ltr'><strong>:_u_t</strong></span> <span class='ocrx_word' id='word_1_930' title='bbox 2524 5110 2831 5184; x_wconf 82' lang='lat' dir='ltr'><strong>signiﬁcent</strong></span> <span class='ocrx_word' id='word_1_931' title='bbox 2862 5114 3035 5179; x_wconf 91' lang='lat' dir='ltr'><strong>ipsum</strong></span> <span class='ocrx_word' id='word_1_932' title='bbox 3072 5108 3287 5184; x_wconf 79' lang='lat' dir='ltr'><strong>quoque</strong></span> <span class='ocrx_word' id='word_1_933' title='bbox 3330 5118 3545 5171; x_wconf 85' lang='lat' dir='ltr'><strong>adules-</strong></span> 
     </span>
    </p>
   </div>
   <div class='ocr_carea' id='block_1_126' title="bbox 1960 5179 3545 5248">
    <p class='ocr_par' dir='ltr' id='par_1_126' title="bbox 1960 5179 3545 5248">
     <span class='ocr_line' id='line_1_129' title="bbox 1960 5179 3545 5248; baseline 0.004 -15"><span class='ocrx_word' id='word_1_934' title='bbox 1960 5190 2171 5234; x_wconf 88' lang='lat' dir='ltr'><strong>centem</strong></span> <span class='ocrx_word' id='word_1_935' title='bbox 2223 5194 2249 5231; x_wconf 89' lang='lat' dir='ltr'><strong>a</strong></span> <span class='ocrx_word' id='word_1_936' title='bbox 2310 5180 2366 5235; x_wconf 88' lang='lat' dir='ltr'><strong>S.</strong></span> <span class='ocrx_word' id='word_1_937' title='bbox 2412 5179 2687 5236; x_wconf 88' lang='lat' dir='ltr'><strong>Hilarione</strong></span> <span class='ocrx_word' id='word_1_938' title='bbox 2727 5192 2997 5248; x_wconf 88' lang='lat' dir='ltr'><strong>curatum,</strong></span> <span class='ocrx_word' id='word_1_939' title='bbox 3030 5179 3151 5240; x_wconf 71' lang='lat' dir='ltr'><strong>cuiu</strong></span> <span class='ocrx_word' id='word_1_940' title='bbox 3195 5179 3226 5241; x_wconf 82' lang='lat' dir='ltr'><strong>e</strong></span> <span class='ocrx_word' id='word_1_941' title='bbox 3268 5189 3545 5243; x_wconf 86' lang='lat' dir='ltr'><strong>contrario</strong></span> 
     </span>
    </p>
   </div>
   <div class='ocr_carea' id='block_1_127' title="bbox 1962 5252 3548 5321">
    <p class='ocr_par' dir='ltr' id='par_1_127' title="bbox 1962 5252 3548 5321">
     <span class='ocr_line' id='line_1_130' title="bbox 1962 5252 3548 5321; baseline 0.003 -15"><span class='ocrx_word' id='word_1_942' title='bbox 1962 5266 2136 5318; x_wconf 86' lang='lat' dir='ltr'><strong>neque</strong></span> <span class='ocrx_word' id='word_1_943' title='bbox 2169 5252 2405 5321; x_wconf 89' lang='lat' dir='ltr'><strong>perquiri</strong></span> <span class='ocrx_word' id='word_1_944' title='bbox 2432 5252 2581 5306; x_wconf 90' lang='lat' dir='ltr'><strong>illum</strong></span> <span class='ocrx_word' id='word_1_945' title='bbox 2613 5255 2819 5315; x_wconf 77' lang='lat' dir='ltr'><strong>siverit,</strong></span> <span class='ocrx_word' id='word_1_946' title='bbox 2854 5272 2920 5310; x_wconf 91' lang='lat' dir='ltr'><strong>ne</strong></span> <span class='ocrx_word' id='word_1_947' title='bbox 2948 5257 3065 5321; x_wconf 77' lang='lat' dir='ltr'><strong>eius</strong></span> <span class='ocrx_word' id='word_1_948' title='bbox 3096 5257 3548 5311; x_wconf 77' lang='lat' dir='ltr'><strong>incantationibus</strong></span> 
     </span>
    </p>
   </div>
   <div class='ocr_carea' id='block_1_128' title="bbox 1965 5322 3549 5381">
    <p class='ocr_par' dir='ltr' id='par_1_128' title="bbox 1965 5322 3549 5381">
     <span class='ocr_line' id='line_1_131' title="bbox 1965 5322 3549 5381; baseline 0.002 -5"><span class='ocrx_word' id='word_1_949' title='bbox 1965 5322 2124 5376; x_wconf 83' lang='lat' dir='ltr'><strong>lide</strong></span> <span class='ocrx_word' id='word_1_950' title='bbox 2172 5323 2448 5377; x_wconf 83' lang='lat' dir='ltr'><strong>videretur</strong></span> <span class='ocrx_word' id='word_1_951' title='bbox 2473 5324 2809 5379; x_wconf 82' lang='lat' dir='ltr'><strong>adhibuisse.</strong></span> <span class='ocrx_word' id='word_1_952' title='bbox 2835 5326 2944 5381; x_wconf 74' lang='lat' dir='ltr'><strong>Nos</strong></span> <span class='ocrx_word' id='word_1_953' title='bbox 2990 5342 3018 5377; x_wconf 90' lang='lat' dir='ltr'><strong>e</strong></span> <span class='ocrx_word' id='word_1_954' title='bbox 3052 5328 3254 5379; x_wconf 58' lang='lat' dir='ltr'><strong>llOall&#39;lS</strong></span> <span class='ocrx_word' id='word_1_955' title='bbox 3292 5326 3549 5379; x_wconf 70' lang='grc' dir='ltr'>οιιιιιίῑιιιῧ</span> 
     </span>
    </p>
   </div>
   <div class='ocr_carea' id='block_1_129' title="bbox 1965 5394 3544 5450">
    <p class='ocr_par' dir='ltr' id='par_1_129' title="bbox 1965 5394 3544 5450">
     <span class='ocr_line' id='line_1_132' title="bbox 1965 5394 3544 5450; baseline 0.001 -3"><span class='ocrx_word' id='word_1_956' title='bbox 1965 5408 2093 5448; x_wconf 87' lang='lat' dir='ltr'><strong>mss.</strong></span> <span class='ocrx_word' id='word_1_957' title='bbox 2122 5395 2412 5450; x_wconf 84' lang='lat' dir='ltr'><strong>accedente</strong></span> <span class='ocrx_word' id='word_1_958' title='bbox 2440 5396 2600 5449; x_wconf 82' lang='lat' dir='ltr'><strong>etiam</strong></span> <span class='ocrx_word' id='word_1_959' title='bbox 2644 5395 2821 5450; x_wconf 68' lang='lat' dir='ltr'><strong>lii-avii</strong></span> <span class='ocrx_word' id='word_1_960' title='bbox 2854 5398 3175 5448; x_wconf 81' lang='lat' dir='ltr'><strong>auctoritate</strong></span> <span class='ocrx_word' id='word_1_961' title='bbox 3211 5394 3544 5448; x_wconf 54' lang='lat' dir='ltr'><strong>suﬂecimus.</strong></span> 
     </span>
    </p>
   </div>
   <div class='ocr_carea' id='block_1_130' title="bbox 1967 5465 3546 5530">
    <p class='ocr_par' dir='ltr' id='par_1_130' title="bbox 1967 5465 3546 5530">
     <span class='ocr_line' id='line_1_133' title="bbox 1967 5465 3546 5530; baseline -0.002 -11"><span class='ocrx_word' id='word_1_962' title='bbox 1967 5468 2042 5519; x_wconf 77' lang='lat' dir='ltr'><strong>Ad</strong></span> <span class='ocrx_word' id='word_1_963' title='bbox 2078 5467 2188 5521; x_wconf 76' lang='lat' dir='ltr'><strong>ltzet:</strong></span> <span class='ocrx_word' id='word_1_964' title='bbox 2211 5466 2439 5521; x_wconf 88' lang='lat' dir='ltr'><strong>alterum</strong></span> <span class='ocrx_word' id='word_1_965' title='bbox 2473 5465 2747 5530; x_wconf 77' lang='lat' dir='ltr'><strong>hucusque</strong></span> <span class='ocrx_word' id='word_1_966' title='bbox 2776 5469 3047 5521; x_wconf 86' lang='lat' dir='ltr'><strong>editorqu</strong></span> <span class='ocrx_word' id='word_1_967' title='bbox 3090 5466 3340 5517; x_wconf 89' lang='lat' dir='ltr'><strong>mendum</strong></span> <span class='ocrx_word' id='word_1_968' title='bbox 3378 5465 3546 5517; x_wconf 69' lang='lat' dir='ltr'><strong>casti~</strong></span> 
     </span>
    </p>
   </div>
   <div class='ocr_carea' id='block_1_131' title="bbox 1962 5533 3548 5606">
    <p class='ocr_par' dir='ltr' id='par_1_131' title="bbox 1962 5533 3548 5606">
     <span class='ocr_line' id='line_1_134' title="bbox 1962 5533 3548 5606; baseline -0.003 -15"><span class='ocrx_word' id='word_1_969' title='bbox 1962 5542 2205 5606; x_wconf 83' lang='lat' dir='ltr'><strong>gavimus</strong></span> <span class='ocrx_word' id='word_1_970' title='bbox 2236 5538 2479 5603; x_wconf 78' lang='lat' dir='ltr'><strong>legentes</strong></span> <span class='ocrx_word' id='word_1_971' title='bbox 2509 5552 2575 5591; x_wconf 85' lang='lat' dir='ltr'><strong>ex</strong></span> <span class='ocrx_word' id='word_1_972' title='bbox 2605 5538 2796 5592; x_wconf 81' lang='lat' dir='ltr'><strong>iisdem</strong></span> <span class='ocrx_word' id='word_1_973' title='bbox 2828 5554 2960 5592; x_wconf 75' lang='lat' dir='ltr'><strong>mss.</strong></span> <span class='ocrx_word' id='word_1_974' title='bbox 2986 5533 3208 5606; x_wconf 69' lang='lat' dir='ltr'><strong>solutus,</strong></span> <span class='ocrx_word' id='word_1_975' title='bbox 3236 5533 3283 5606; x_wconf 74' lang='lat' dir='ltr'><strong>id</strong></span> <span class='ocrx_word' id='word_1_976' title='bbox 3316 5543 3395 5606; x_wconf 62' lang='lat' dir='ltr'><strong>est</strong></span> <span class='ocrx_word' id='word_1_977' title='bbox 3436 5535 3548 5587; x_wconf 79' lang='lat' dir='ltr'><strong>da:-</strong></span> 
     </span>
    </p>
   </div>
   <div class='ocr_carea' id='block_1_132' title="bbox 1966 5602 3547 5678">
    <p class='ocr_par' dir='ltr' id='par_1_132' title="bbox 1966 5602 3547 5678">
     <span class='ocr_line' id='line_1_135' title="bbox 1966 5602 3547 5678; baseline 0.003 -20"><span class='ocrx_word' id='word_1_978' title='bbox 1966 5602 2103 5676; x_wconf 70' lang='lat' dir='ltr'><strong>inon,</strong></span> <span class='ocrx_word' id='word_1_979' title='bbox 2139 5602 2436 5678; x_wconf 16' lang='lat' dir='ltr'><strong>proso’litis,</strong></span> <span class='ocrx_word' id='word_1_980' title='bbox 2460 5623 2653 5677; x_wconf 83' lang='lat' dir='ltr'><strong>nempe</strong></span> <span class='ocrx_word' id='word_1_981' title='bbox 2684 5604 3137 5663; x_wconf 85' lang='lat' dir='ltr'><strong>incantationibus.</strong></span> <span class='ocrx_word' id='word_1_982' title='bbox 3168 5602 3310 5658; x_wconf 74' lang='lat' dir='ltr'><strong>Infra</strong></span> <span class='ocrx_word' id='word_1_983' title='bbox 3344 5604 3547 5663; x_wconf 76' lang='lat' dir='ltr'><strong>leviora</strong></span> 
     </span>
    </p>
   </div>
   <div class='ocr_carea' id='block_1_133' title="bbox 1965 5680 2465 5735">
    <p class='ocr_par' dir='ltr' id='par_1_133' title="bbox 1965 5680 2465 5735">
     <span class='ocr_line' id='line_1_136' title="bbox 1965 5680 2465 5735; baseline 0.004 -4"><span class='ocrx_word' id='word_1_984' title='bbox 1965 5681 2066 5733; x_wconf 87' lang='lat' dir='ltr'><strong>alia</strong></span> <span class='ocrx_word' id='word_1_985' title='bbox 2088 5680 2465 5735; x_wconf 82' lang='lat' dir='ltr'><strong>emendamus.</strong></span> 
     </span>
    </p>
   </div>
  </div>
