4056 6298
551 311 624 369 39
1806 294 1868 353 S.
1901 290 2176 353 EUSEBI!
2215 288 2595 349 HIERONYMI
3772 287 3851 347 40

548 425 972 487 adolescentem,
1000 417 1086 476 vel
1130 418 1284 489 signa
1307 414 1499 487 jubere
1530 411 1797 485 perquiri,
1827 427 1897 468 ne
1929 420 2023 467 aut
2050 424 2138 467 so-
2166 420 2221 483 Α
2244 416 2302 464 ιιι
2347 421 2518 463 exeas
2547 406 2603 460 in
2634 401 2857 459 nomine
2884 400 3100 457 Domini
3132 401 3303 457 nostri
3329 399 3458 457 Jesu
3487 399 3715 468 Christi,
3741 400 3847 456 im-

549 518 693 573 lutus
733 511 1197 569 incantationibus
1232 508 1535 565 recessisse
1575 505 1788 562 dwmon
1843 505 2141 569 videretur,

554 617 649 665 aut
674 608 790 677 ipse
801 604 1045 663 sermoni
1063 604 1183 675 ejus
1209 600 1655 659 accommodasse
1676 598 1837 655 ﬁdem
1859 615 1873 654 :
1894 611 2144 653 asserens

550 699 774 756 fallaces
794 712 919 754 esse
938 695 1241 760 daemones,
1269 702 1327 749 et
1355 692 1421 748 ad
1453 690 1819 748 simulandum
1848 704 1972 746 esse
1992 688 2146 744 calli-

547 793 680 858 dos;
718 800 775 848 et
804 790 975 862 magis
1012 787 1226 846 reddita
1267 787 1505 843 sanitate
1542 785 1817 856 increpuit
1851 783 2137 854 virginem,

545 900 644 942 cur
671 884 888 941 fecisset
919 883 1069 953 talia,
1105 898 1203 954 per
1230 897 1353 952 quae
1378 880 1594 936 daemon
1625 881 1834 934 intrare
1855 878 2138 948 potuisset.

616 977 710 1035 29..
748 976 1098 1032 Candidatum
1143 974 1434 1029 Constantii
1474 988 1505 1025 a
1541 972 1775 1026 dwmone
1805 970 2009 1025 liberat.
2040 967 2143 1022 De-

544 1074 783 1129 curiones
805 1070 1144 1125 locorum.—
1169 1067 1287 1123 Non
1320 1066 1497 1122 solum
1528 1075 1711 1121 autem
1740 1065 1794 1119 in
1829 1063 2138 1129 Palaestina,

548 1169 678 1224 etin
707 1166 898 1222 vicinis
930 1165 1156 1221 urbibus
1183 1161 1405 1234 Egypti
1436 1163 1519 1217 vel
1546 1162 1744 1233 Syriae,
1763 1160 1857 1216 sed
1887 1161 2053 1214 etiam
2086 1158 2139 1211 in

550 1262 858 1334 longinquis
892 1260 1189 1331 provinciis
1216 1260 1355 1313 fama
1387 1258 1504 1329 ejus
1544 1255 1954 1327 pcrcrebuerat.
1980 1252 2142 1306 Nam-

548 1373 655 1429 que
693 1355 1031 1411 Candidatus
1062 1364 1087 1391 τι
1129 1352 1438 1409 Constantii
1489 1349 1838 1421 imperatoris
1871 1388 1885 1413 ,
1941 1347 2141 1400 rutilus

548 1465 743 1511 coma,
790 1461 845 1505 et
900 1448 1141 1503 candore
1191 1444 1443 1515 corporis
1499 1443 1747 1498 indicans
1803 1438 2139 1511 provinciatn

550 1547 718 1618 (inter
748 1546 993 1602 Saxones
1032 1544 1235 1614 quippe
1262 1551 1317 1595 et
1347 1540 1645 1595 Alemanos
1666 1550 1801 1607 gens
1826 1533 1853 1573 ιε
1883 1534 2002 1603 ejus
2032 1548 2139 1588 non

547 1646 656 1693 tam
705 1638 811 1691 lata
864 1650 1026 1705 quam
1073 1632 1289 1697 valida;
1324 1630 1465 1701 apud
1498 1629 1791 1683 historicos
1821 1625 2137 1688 Germania,

547 1746 693 1787 nunc
710 1729 938 1785 Francia
971 1727 1241 1797 vocatur),
1271 1724 1518 1794 antiquo,
1549 1722 1652 1777 hoc
1682 1730 1789 1783 est,
1816 1719 1883 1773 ab
1913 1716 2140 1772 infantia

2250 516 2402 571 pero.
2430 498 2677 568 Cumque
2721 502 2944 551 curatus
2994 503 3167 561 esset,
3194 502 3218 532 ο
3249 492 3599 563 simplicitate
3640 491 3847 548 rustica

2247 592 2438 648 decem
2477 590 2595 645 auri
2637 588 2806 643 libras
2848 584 3111 648 oll‘erens.
3141 583 3507 641 hordeaceum
3537 584 3608 640 ab
3643 598 3712 639 eo
3750 598 3848 655 pa-

2246 698 2372 739 nem
2415 680 2632 753 accepit
2657 697 2672 735 :
2696 678 2925 735 audiens
2953 677 3098 750 quod
3124 678 3218 750 qui
3247 677 3341 734 tali
3381 676 3504 734 cibo
3535 676 3845 744 alerentur,

2245 789 2439 829 aurum
2471 787 2569 843 pro
2599 772 2713 828 luto
2735 770 3020 828 ducerent.

2316 888 2409 943 25.
2451 887 2613 941 Bruta
2638 886 2890 942 animalia
2917 892 3118 939 curata.
3142 912 3213 925 -—-
3237 881 3437 938 Parum
3459 889 3544 939 est
3572 881 3641 937 de
3666 878 3847 937 homi-

2245 980 2406 1035 nibus
2432 978 2604 1051 loqui,
2638 979 2795 1032 bruta
2826 991 3040 1048 quoque
3071 975 3325 1030 animalia
3354 972 3594 1045 quotidie
3621 973 3688 1029 ad
3716 987 3843 1028 eum

2245 1070 2478 1127 furentia
2507 1068 2984 1141 pertrahebantur,
3008 1068 3059 1121 in
3084 1067 3279 1137 quibus
3302 1065 3552 1120 Bactrum
3575 1065 3844 1119 camelum

2245 1164 2486 1218 enormis
2528 1159 2943 1233 magnitudinis,
2983 1161 3073 1231 qui
3116 1160 3228 1229 jam
3268 1159 3467 1213 multos
3505 1156 3842 1217 obtriverat.

2245 1254 2463 1323 triginta
2512 1262 2567 1307 et
2616 1267 2684 1308 eo
2731 1252 2963 1322 amplius
3009 1250 3110 1304 viri
3160 1249 3457 1305 distentum
3498 1247 3843 1303 solidissimis

2246 1348 2465 1404 funibus
2492 1364 2616 1403 cum
2658 1348 2895 1403 clamore
2934 1347 3297 1402 adduxerunt.
3349 1346 3638 1417 Sanguinei
3685 1349 3846 1399 erant

2244 1442 2410 1504 oculi,
2440 1442 2730 1510 Spumabat
2754 1457 2837 1504 os,
2866 1440 3121 1496 volubilis
3152 1440 3336 1511 lingua
3370 1440 3638 1509 turgebat,
3660 1438 3721 1492 'et
3746 1452 3840 1492 su-

2245 1549 2343 1604 per
2370 1549 2583 1589 omncm
2625 1544 2891 1589 terrorem
2941 1534 3147 1603 rugitus
3193 1533 3519 1603 personabat
3569 1530 3843 1586 immanis.

2243 1626 2414 1681 Jussit
2445 1627 2603 1697 igitur
2630 1642 2753 1681 eum
2800 1626 3000 1681 dimitti
3028 1640 3220 1680 senex.
3250 1624 3444 1679 Statim
3477 1638 3608 1680 vero
3653 1635 3708 1679 et
3747 1621 3843 1694 qui

2244 1717 2604 1780 adduxerant,
2636 1727 2690 1773 et
2720 1719 2957 1789 quicum
2987 1733 3119 1773 sene
3145 1726 3322 1781 erant,
3365 1732 3533 1788 usque
3568 1716 3633 1771 ad
3675 1730 3843 1770 unum

547 1839 837 1898 possessus
861 1824 1130 1885 dtentone,
1161 1821 1253 1891 qui
1293 1817 1546 1874 noctibus
1573 1832 1697 1871 eum
1727 1815 1958 1877 ululare,
1991 1814 2137 1882 inge-
2168 1824 2217 1884 Β
2244 1824 2432 1864 omnes
2463 1808 2747 1877 diffugere.
2779 1810 2950 1864 Porro
2983 1809 3075 1865 ille
3117 1809 3269 1864 solus
3311 1812 3551 1879 perrexit
3591 1807 3841 1875 obviam,

545 1920 803 1985 miscere,
839 1919 1077 1973 fremere
1120 1913 1378 1970 dentibus
1410 1909 1797 1980 compellebat,
1830 1915 2042 1961 secreto
2072 1906 2141 1959 ab

545 2015 875 2086 imperatore
908 2024 929 2051 ο
955 2010 1313 2067 Evectionem
1353 2004 1530 2077 petiit,
1562 2017 1782 2058 causam
1838 1999 1887 2055 ei
1935 1997 2142 2067 simpli-

543 2108 683 2164 citer
716 2107 985 2161 indicans.
1018 2103 1089 2159 Et
1143 2100 1388 2171 acceptis
1420 2097 1485 2151 ad
1517 2096 1874 2152 Consularem
1919 2106 2140 2163 quoque

541 2200 849 2257 Palaestina:
872 2197 1097 2257 litteris,
1127 2210 1250 2251 cum
1281 2192 1487 2262 ingenti
1537 2192 1745 2245 honore
1788 2196 1843 2242 et
1874 2185 2137 2241 comitatu

542 2293 744 2351 Gazam
782 2291 1052 2348 deductus
1079 2301 1185 2344 est.
1215 2288 1318 2354 Qui
1346 2301 1469 2342 cum
1506 2300 1534 2337 a
1565 2282 1953 2339 decurionibus
1989 2278 2139 2332 illius

542 2386 648 2442 loci
674 2384 984 2457 quaesisset,
1006 2384 1097 2438 ubi
1121 2383 1387 2437 habitaret
1409 2377 1650 2432 Ililarion
1684 2374 2006 2438 monachus,
2031 2372 2138 2445 25

543 2483 717 2536 territi
752 2480 1028 2536 Gazenses
1070 2476 1451 2539 vehementer,
1476 2482 1530 2527 et
1558 2469 1585 2507 ά
1617 2478 1868 2541 putantes
1897 2483 2021 2523 eum
2068 2467 2138 2520 ab

538 2575 871 2643 imperatore
902 2569 1229 2632 missum,ad
1248 2564 1645 2622 nronasterium
1673 2562 2025 2617 adduxerunt
2044 2575 2059 2622 ;
2078 2567 2138 2611 ut

541 2677 599 2724 et
628 2669 891 2723 honorem
924 2663 1309 2719 commendato
1337 2660 1696 2721 exltiberent;
1729 2667 1785 2709 et
1823 2656 1869 2708 si
1915 2652 2044 2722 quid
2072 2667 2137 2707 ex

541 2759 836 2831 przeteritis
866 2755 1077 2825 injuriis
1100 2757 1152 2807 in
1184 2753 1523 2806 Hilarionem
1552 2755 1700 2802 esset
1722 2745 1966 2811 oﬂ'ensrc,
1991 2758 2138 2798 novo

542 2852 722 2906 ofllcio
764 2849 1062 2903 deleretur.
1086 2843 1482 2899 Deambulabat
1510 2849 1638 2894 tunc
1670 2854 1836 2895 senex
1872 2839 1925 2892 in
1956 2838 2138 2892 arenis

542 2944 826 3007 mollibus,
849 2951 905 2994 et
935 2954 1122 2995 secum
1150 2936 1220 2992 de
1248 2934 1475 3006 psalmis
1506 2932 1696 2989 nescio
1725 2931 1858 3002 quid
1886 2935 2138 2986 submur-

543 3036 825 3097 murabat;
858 3032 1155 3100 vidensque
1196 3038 1402 3083 tantam
1448 3028 1658 3081 turbam
1686 3023 1993 3079 venientem
2027 3020 2135 3094 [ΑΙ.

542 3125 921 3198 venientium],
945 3124 1203 3180 substitit.
1227 3123 1293 3178 Et
1318 3120 1631 3178 resalutatis
1653 3119 1929 3183 omnibus,
1949 3132 2139 3171 manu-

2244 1912 2297 1954 et
2325 1915 2578 1955 sermone
2607 1899 2786 1970 Syro:
2815 1900 2928 1955 Non
2981 1915 3089 1963 me,
3130 1899 3325 1967 inquit,
3360 1910 3553 1965 terres,
3599 1898 3840 1965 diabole,

2247 2004 2393 2049 tanta
2424 1994 2568 2049 mole
2598 1995 2848 2063 corporis
2875 2011 2886 2045 :
2916 2000 2971 2048 et
2998 1992 3051 2047 in
3083 1991 3363 2062 vulpecula
3383 2033 3397 2057 ,
3442 2000 3498 2046 et
3538 1993 3590 2045 in
3631 1991 3844 2046 camelo

2245 2103 2382 2142 unus
2409 2096 2570 2155 atque
2597 2086 2738 2141 idem
2758 2101 2837 2140 es.
2860 2085 2927 2139 Et
2945 2086 3163 2139 interim
3188 2091 3439 2153 porrecta
3461 2083 3636 2138 stabat
3654 2097 3841 2136 manu.

2241 2177 2323 2235 Ad
2351 2194 2511 2248 quem
2542 2178 2668 2232 dum
2703 2178 2910 2241 furens,
2941 2187 2995 2231 et
3022 2176 3176 2246 quasi
3209 2191 3332 2230 eum
3375 2174 3704 2229 devoratura
3734 2172 3844 2245 26

2242 2271 2419 2325 bellua
2472 2270 2845 2336 pervenisset,
2899 2271 3082 2322 statim
3130 2266 3843 2335 Corruit:subtnissumqtte

2242 2369 2406 2431 caput
2430 2369 2587 2417 terra:
2616 2360 2949 2431 cozrquavit,
2982 2359 3308 2414 mirantibus
3337 2360 3548 2414 cunctis
3583 2359 3673 2427 qui
3715 2356 3844 2412 ade-

2240 2463 2385 2520 rant,
2412 2462 2534 2522 post
2556 2461 2756 2507 tantam
2786 2451 3062 2513 ferociam,
3091 2460 3293 2505 tantam
3323 2449 3501 2505 subito
3529 2460 3845 2503 mansuetu-

2242 2548 2446 2601 dinem.
2482 2547 2721 2600 Docebat
2748 2555 2929 2600 autem
2962 2560 3153 2610 senex,
3184 2546 3465 2598 hominum
3514 2559 3677 2599 causa
3719 2542 3838 2597 dia-

2243 2638 2426 2692 bolum
2475 2637 2638 2690 etiam
2686 2635 2934 2705 jumenta
2979 2637 3303 2706 corripere:
3344 2644 3400 2690 et
3448 2644 3600 2689 tanto
3648 2648 3837 2690 eorum

2242 2729 2434 2783 ardere
2461 2727 2613 2796 odio,
2640 2738 2698 2781 ut
2724 2742 2830 2782 non
2858 2728 3033 2782 solum
3057 2727 3229 2797 ipsos,
3264 2726 3359 2783 sed
3388 2736 3441 2781 et
3464 2741 3525 2781 ea
3550 2742 3670 2795 qua:
3697 2729 3840 2795 ipso-

2242 2835 2361 2873 rum
2391 2828 2596 2885 essent,
2629 2829 2856 2887 cuperet
2885 2818 3130 2874 interire.
3156 2818 3430 2889 llujusque
3459 2820 3535 2873 rei
3570 2832 3839 2889 propone-

2243 2911 2337 2965 bat
2362 2911 2861 2982 exemplum,quod
2889 2919 3179 2981 antequam
3226 2912 3439 2965 beatum
3485 2908 3587 2964 .Iob
3630 2921 3839 2966 tentare

2242 3006 2680 3075 permitteretur,
2710 3019 2927 3060 onmem
2955 3005 3309 3059 substantiam
3331 3004 3450 3073 ejus
3480 3002 3835 3059 interfecerit.

2241 3097 2349 3153 Nec
2399 3112 2619 3153 movere
2666 3098 2976 3168 quempiam
3025 3097 3254 3161 debere,
3283 3098 3424 3166 quod
3459 3096 3676 3150 Domini
3718 3095 3837 3165 jus-

541 3238 647 3295 que
674 3224 751 3277 eis
790 3188 1141 3281 heIIediccns,
1176 3225 1295 3287 ροει
1326 3216 1518 3269 εισι-ειη
1550 3222 1783 3268 caeteros
1811 3212 1964 3265 abire
2002 3224 2134 3278 pm-
2162 3208 2206 3272 (ς
2243 3192 2421 3257 sione,
2455 3190 2563 3245 duo
2592 3190 2768 3246 millia
2804 3206 3089 3260 porcorum
3120 3205 3149 3243 a
3178 3189 3519 3243 daemonibus
3548 3188 3839 3245 interfecta

539 3316 703 3385 cepit.
734 3315 885 3368 illum
915 3328 1047 3367 vero
1073 3327 1196 3367 cum
1246 3309 1422 3365 servis
1457 3307 1571 3362 suis
1611 3316 1669 3363 et
1713 3306 2135 3376 appztratorihus

541 3423 859 3475 remanere;
894 3423 960 3463 ex
992 3406 1166 3462 oculis
1195 3404 1338 3460 enim
1382 3403 1500 3472 ejus
1530 3410 1585 3456 et
1615 3400 1786 3467 vultu,
1821 3416 1920 3453 cur
1956 3398 2137 3453 venis-

540 3512 626 3560 set
650 3513 964 3574 agnoverat.
998 3498 1191 3554 Statim
1234 3511 1367 3565 ergo
1409 3493 1477 3548 ad
1521 3493 1999 3563 interrogationem
2040 3490 2136 3546 Dei

540 3599 683 3655 servi
710 3609 1010 3669 suspensus
1052 3593 1239 3657 homo,
1282 3590 1371 3645 vix
1402 3599 1605 3643 terram
1640 3586 1874 3658 pedibus
1916 3597 2135 3655 tangere

540 3693 805 3761 etepit,et
845 3693 1088 3747 immane
1144 3689 1384 3759 rugiens,
1422 3684 1562 3756 Syro
1607 3698 1718 3754 quo
1772 3682 2136 3751 interrogatus

541 3788 719 3843 fuerat
744 3800 1021 3847 sermone,
1054 3782 1360 3854 respondit.
1394 3778 1623 3833 Videres
1654 3776 1723 3833 de
1750 3791 1845 3831 ore
1882 3774 2134 3841 barbaro,

540 3889 598 3938 et
619 3880 713 3951 qui
741 3878 1005 3934 Francam
1034 3886 1243 3932 tantum
1273 3873 1594 3929 etLatiuam
1620 3871 1859 3942 linguam
1886 3875 2132 3933 noverat,

538 3973 681 4048 Syra
731 3972 797 4028 ad
845 3988 1037 4043 purum
1086 3969 1251 4025 verba
1298 3980 1565 4023 resonare
1599 3982 1612 4017 :
1644 3971 1707 4019 ut
1750 3979 1855 4017 non
1908 3960 2132 4028 stridor,

536 4084 647 4126 non
675 4066 959 4138 aspiratio,
993 4079 1102 4120 non
1132 4063 1335 4118 idioma
1362 4058 1585 4128 aliquod
1614 4055 1892 4113 Palaestini
1922 4054 2137 4110 deesset

538 4160 767 4232 eloquii.
794 4158 1095 4215 Confessus
1126 4166 1213 4212 est
1249 4156 1456 4225 itaque,
1484 4168 1591 4223 quo
1634 4152 1688 4206 in
1727 4167 1850 4206 eum
1880 4150 2138 4204 intrasset

536 4254 747 4312 ordine.
798 4253 864 4308 Et
910 4261 970 4307 ut
1020 4252 1354 4320 interpretes
1403 4246 1525 4316 ejus
1587 4244 1995 4315 intelligerent,
2041 4240 2134 4311 qui

537 4346 784 4405 Graecam
815 4353 1026 4400 tantum
1053 4352 1108 4398 et
1132 4341 1385 4396 Latinam
1412 4338 1652 4408 linguam
1681 4332 2137 4397 noverant,Grac-

535 4455 600 4499 ce
622 4454 843 4512 quoque
869 4451 995 4493 eum
1022 4433 1407 4505 interrogavit.
1428 4431 1548 4500 Quo
1573 4427 1829 4485 similiter
1851 4436 1904 4483 et
1936 4428 1986 4480 in
2018 4441 2135 4481 ver-

533 4532 602 4590 ba
657 4530 850 4587 eadem
902 4526 1295 4599 respondente,
1330 4523 1639 4593 multasque
1698 4519 2132 4575 incantationum

2241 3294 2365 3339 sunt
2399 3282 2612 3356 (Matth.
2649 3299 2739 3339 vrn
2761 3324 2776 3348 ,
2802 3293 2849 3337 et
2879 3283 3043 3337 Marc.
3076 3282 3167 3352 v);
3213 3282 3483 3350 siquidem
3515 3294 3611 3337 eos
3640 3296 3731 3351 qm
3763 3276 3839 3330 vi-

2240 3378 2459 3442 derant,
2494 3394 2598 3431 non
2630 3378 2873 3449 potuisse
2895 3378 3053 3431 aliter
3077 3377 3302 3431 credere
3325 3377 3503 3430 exisse
3524 3373 3592 3430 de
3618 3374 3838 3428 homine

2242 3481 2445 3526 tantam
2477 3472 2785 3526 daemonum
2812 3470 3235 3535 multitudinem,
3263 3470 3365 3524 nisi
3393 3468 3615 3539 grandis
3645 3478 3838 3537 porco-

2242 3583 2363 3621 rum
2392 3580 2669 3633 numerus,
2702 3573 2757 3620 ct
2793 3563 2948 3635 quasi
2976 3578 3009 3617 a
3037 3564 3222 3618 multis
3252 3569 3431 3629 actus,
3471 3561 3680 3633 pariter
3723 3572 3839 3614 cor-

2240 3670 2457 3715 l‘lllSSCl.

2309 3775 2399 3831 24.
2445 3772 2772 3829 Hilarionem
2819 3772 3017 3827 colebat
3066 3771 3140 3827 Μ.
3187 3772 3460 3826 Antonius.
3500 3768 3836 3839 —-Tempus

2243 3887 2329 3927 me
2358 3869 2596 3934 deficiet,
2629 3869 2675 3923 si
2714 3869 2941 3923 voluero
2984 3866 3239 3921 universa
3284 3866 3460 3935 signa,
3500 3878 3621 3935 qua:
3667 3862 3737 3918 ab
3772 3874 3836 3915 eo

2241 3970 2550 4034 perpetrata
2580 3968 2731 4027 sunt,
2759 3962 2960 4017 dicere.
3003 3961 3059 4015 ltt
3092 3968 3296 4015 tantam
3343 3960 3485 4014 enim
3531 3974 3560 4012 a
3605 3956 3837 4012 Domino

2244 4056 2425 4111 fuerat
2452 4054 2699 4110 elevatus
2727 4053 2955 4122 gloriam
2978 4093 2993 4117 ,
3022 4063 3080 4107 ut
3112 4053 3301 4108 beatus
3330 4067 3543 4123 quoque
3568 4048 3837 4107 Antonius

2239 4148 2469 4204 audiens
2500 4146 2972 4203 conversationem
3003 4146 3141 4214 eius,
3174 4146 3441 4201 scriberet
3468 4146 3548 4211 ei,
3581 4145 3837 4199 libenter-

2239 4256 2344 4312 que
2374 4240 2491 4310 ejus
2517 4238 2778 4310 epistolas
2806 4248 3067 4294 sumeret.
3099 4239 3164 4293 Et
3213 4238 3258 4292 si
3300 4237 3516 4307 quando
3557 4236 3624 4291 de
3665 4231 3835 4305 Syria:

2238 4332 2488 4404 partibus
2518 4332 2587 4385 ad
2616 4346 2678 4388 se
2704 4331 3021 4402 languentes
3052 4331 3440 4400 perrexiSsent,
3473 4328 3682 4384 diceret
3711 4325 3790 4379 eis
3817 4338 3829 4375 :

2238 4426 2417 4494 Quare
2448 4440 2548 4480 vos
2570 4433 2679 4480 tam
2708 4424 2870 4495 longe
2892 4437 3090 4478 vexare
3114 4420 3396 4486 voluistis,
3440 4434 3561 4474 cum
3586 4414 3830 4475 iubeatis

2238 4518 2311 4573 ibi
2345 4516 2513 4573 lilium
2546 4534 2725 4574 meum
2772 4514 3144 4570 llilarionem?
3200 4510 3464 4580 Exemplo
3510 4515 3690 4580 itaque
3717 4508 3831 4577 ejus

536 4624 877 4686 occasiones,
910 4630 968 4676 et
1019 4619 1380 4677 necessitates
1418 4615 1753 4687 magicarum
1791 4613 1995 4669 artium
2036 4610 2134 4667 ob-
2158 4609 2211 4669 D
2238 4625 2333 4681 per
2352 4617 2522 4665 totam
2541 4609 2887 4664 Palaestinam
2913 4602 3328 4660 innumerabilia
3357 4604 3687 4658 monasteria
3714 4611 3833 4655 esse

548 4718 826 4783 tendente,
852 4731 962 4771 non
992 4730 1149 4782 curo,
1196 4715 1293 4781 ait,
1337 4710 1612 4783 quomodo
1667 4708 1990 4775 intraveris;
2040 4706 2136 4763 sed

610 4930 637 4958 α
664 4919 793 4976 Mss.
821 4930 1036 4981 omnes,
1063 4921 1119 4969 et
1161 4908 1497 4981 quosetiam
1536 4906 1789 4964 Martian.
1815 4902 2093 4981 consuluit
2113 4942 2127 4969 ,

537 4990 885 5049 Constantini.
914 4988 988 5041 De
1024 4977 1375 5046 'Candidatis,
1401 4980 1493 5050 qui
1545 4981 1754 5034 militia:
1799 4977 1937 5050 ordo
1987 4982 2128 5050 erat,

536 5046 753 5119 veteres
782 5068 1054 5123 auctores,
1083 5063 1138 5110 et
1182 5046 1455 5123 pra-cipue
1487 5051 1807 5105 Ammianus
1851 5046 2129 5103 Marcelli-

537 5149 640 5191 nus
665 5145 891 5191 DaSSlm.

606 5205 635 5245 ι»
667 5191 777 5259 pro
797 5209 933 5268 ejus,
951 5195 1097 5269 quod
1125 5194 1325 5269 habent
1353 5206 1627 5269 mss._cum
1651 5191 1894 5269 Victoria
1913 5203 2127 5269 omnes,

534 5261 881 5334 Martianmus
908 5261 1007 5325 est.
1038 5268 1209 5323 Porro
1239 5267 1308 5322 de
1336 5264 1539 5318 veteris
1577 5263 1823 5319 Francia:
1847 5261 2130 5334 limitibus,

534 5329 905 5411 etwvocabulo,
936 5339 1202 5397 videndus
1254 5336 1555 5411 Eumenius
1609 5334 1664 5388 in
1711 5333 2029 5411 Panegyric.
2064 5329 2132 5384 ad

533 5403 976 5476 Constantinum.
1006 5410 1099 5468 ubi
1122 5425 1229 5465 non
1255 5409 1434 5466 solum
1467 5406 1559 5460 illa
1588 5419 1741 5476 pars,
1763 5403 1857 5476 sed
1882 5403 2131 5456 universa

533 5474 753 5547 omnino
790 5474 1083 5545 Germania
1125 5480 1373 5536 Francia!
1402 5474 1623 5532 nomine
1652 5474 1982 5547 appellatur.
1996 5476 2135 5547 AAm-

534 5542 750 5618 {nillil},
788 5542 1007 5629 quoque
1052 5552 1400 5629 Nan-elutius
1429 5547 1525 5601 lib.
1558 5559 1733 5629 xxvii.
1758 5557 1807 5595 c.
1834 5542 1889 5623 ξς,
1921 5543 2008 5629 ubi
2040 5542 2136 5596 de-

805 5611 1069 5703 dicuntur
1101 5620 1409 5703 Gallicanos
1438 5626 1641 5703 tractus
1875 5622 1950 5703 ἐει

536 5681 1119 5760 Salaminiam"...
1152 5693 1298 5748 Inter
1327 5689 1575 5743 Saxonas
1609 5684 1812 5811 quippe
1837 5694 1889 5737 et
1919 5681 2132 5737 Alama-

536 5787 641 5811 nn.
666 5771 769 5811 nim
801 5778 917 5811 erat
946 5764 1200 5811 Francia.
1226 5770 1287 5811 ut
1326 5759 1490 5811 etiam
1512 5771 1582 5811 ex
1654 5754 1815 5809 abula
1845 5754 2131 5811 Peutinne—

536 5754 641 5827 nos
660 5754 769 5825 sita
801 5778 918 5822 erat
946 5754 1201 5830 Francia,
1226 5770 1287 5818 ut
1326 5759 1490 5815 etiam
1512 5771 1582 5812 ex
1609 5754 1815 5811 'Iabula
1845 5754 2131 5823 Peutinge—

537 5843 691 5907 riam
714 5843 949 5898 constat.

2245 4712 2553 4774 coeperunt,
2602 4710 2658 4758 et
2687 4714 2880 4756 omnes
2906 4698 2975 4753 ad
3006 4713 3132 4753 eum
3164 4696 3412 4752 Monachi
3439 4696 3683 4752 certatim
3713 4703 3835 4748 curo

2316 4913 2336 4939 ε
2371 4896 2665 4969 Imperiale
2681 4896 2944 4967 diploma.
2976 4910 3085 4965 quo
3125 4909 3346 4969 cursum
3377 4894 3649 4969 publi_cn_m
3679 4902 3833 4969 usur-

2239 4987 2370 5043 pare
2396 4959 2608 5024 liceret.
2637 4959 2827 5024 Graice
2850 4959 3101 5043 aegaeo...
3131 4967 3250 5043 V_id.
3281 4959 3402 5036 quae
3429 4968 3481 5043 i_n
3507 4966 3678 5043 Epist.
3706 4959 3828 5043 “8,

2240 5035 2392 5097 itum.
2427 5057 2466 5094 ι.
2495 5043 2901 5095 annOIavimus.
2937 5035 3267 5092 \ot'alntlum
3296 5035 3377 5090 est
3430 5036 3595 5099 Juris,
3628 5046 3737 5103 quo
3778 5035 3832 5080 et

2240 5114 2299 5168 S.
2334 5109 2877 5181 llicronymﬁus'alibi.
2900 5119 2955 5162 et
2982 5108 3220 5181 Severus
3262 5107 3530 5181 sulpitius
3571 5119 3700 5181 n_sus
3746 5106 3833 5181 est

2240 5183 2337 5238 lib.
2365 5184 2399 5236 2
2418 5170 2557 5237 Hist:
2578 5200 2591 5235 :
2612 5180 2718 5236 Per
2744 5180 3012 5234 Vicarinm
3034 5196 3093 5233 ac
3118 5170 3404 5233 Praesident
3430 5182 3551 5232 data
3580 5170 3832 5240 Quwstt'oj

2238 5235 2877 5321 nisciopiamompellitnr
2903 5258 3103 5321 adesse,
3137 5267 3251 5303 cum
3291 5262 3461 5321 tamen
3502 5235 3660 5301 deﬂeo
3701 5235 3829 5321 nihil

2240 5307 2880 5392 mandassetspécialiter
2920 5307 3233 5387 Imperator.
3284 5320 3535 5375 Occurrit
3561 5326 3635 5392 Aet
3680 5307 3820 5392 apud

2239 5382 2626 5460 Symmachum
2654 5396 2749 5449 lib.
2782 5410 2857 5459 vt,
2884 5382 3042 5457 epist.
3076 5393 3131 5457 6,
3160 5401 3214 5447 et
3243 5393 3340 5447 lib.
3369 5408 3463 5458 vn,
3484 5390 3650 5460 epist.
3674 5382 3744 5438 48
3775 5386 3828 5435 et

2242 5464 2365 5534 105,
2396 5480 2450 5523 et
2470 5468 2566 5522 lib.
2590 5482 2667 5527 Ix,
2700 5466 2868 5536 epist.
2895 5464 2987 5518 20.

2310 5528 2494 5595 d'Duo
2532 5538 2706 5594 Vatic.
2737 5528 2926 5589 't-odic.
2946 5573 2960 5596 ,
3006 5542 3241 5603 putantes
3266 5534 3334 5586 ad
3364 5548 3480 5587 eum
3504 5531 3565 5586 ab
3598 5528 3828 5598 Impera-

2241 5620 2349 5666 tore
2378 5612 2589 5673 missos,
2617 5610 2685 5661 ad
2718 5606 3087 5677 Monasterium
3117 5612 3466 5677 perrexerunt.

2314 5663 2339 5717 έ
2382 5663 2613 5736 NAddun't
2664 5692 2795 5733 mss.
2860 5676 3013 5731 homo
3058 5692 3075 5729 :
3118 5663 3325 5731 leviora
3381 5672 3629 5745 quaedam
3690 5663 3827 5721 infra

2238 5753 2613 5810 emendamus.
