4056 6308
199 283 261 339 H
1312 286 1473 343 VITA
1513 288 1573 343 S.
1621 286 1819 345 lllLAR

1927 289 2009 346 {IS
2050 287 2403 345 EllEMITE.
3450 298 3522 354 ιι

202 412 341 454 rere.
369 397 529 467 Quod
562 398 673 471 [ΑΙ.
704 397 878 471 Quos]
906 399 995 456 ille
1020 413 1280 468 cernens,
1314 402 1573 459 laudabat
1603 404 1814 459 Domini
1842 413 1896 473 Α
1920 405 1988 459 ad
2015 421 2161 470 eum,
2195 404 2511 460 custodibus
2532 404 2645 475 jam
2674 404 2727 459 in
2758 415 2780 442 ο
2806 405 2989 472 vinea,
3018 422 3127 477 qua
3154 408 3517 482 venirentilli,

208 494 466 565 gratiam;
495 504 555 550 et
579 504 607 532 ι
650 496 719 549 ad
761 494 1061 566 profectum
1100 496 1301 551 anima:
1337 498 1582 568 singulos
1622 498 1820 554 Cohor-

210 587 445 655 tabatur,
474 588 708 643 dicens:
740 588 1032 644 Praeterire
1059 590 1287 660 ﬁguram
1321 589 1481 660 hujus
1514 593 1731 657 mundi;
1766 602 1821 647 ct

210 678 359 734 illam
389 696 518 736 esse
546 696 735 736 veram
765 681 955 748 vitam,
984 698 1105 754 qua:
1134 683 1262 738 vita:
1291 685 1572 753 praesentis
1610 700 1818 739 emere-

213 778 305 827 tur
334 773 705 829 incommodo.

284 864 373 920 25.
422 864 682 921 Visitabat
724 869 1033 923 monasteria
1062 867 1330 924 Hilarion.
1365 899 1439 910 ——
1468 867 1672 925 Volens
1717 886 1813 924 au-

212 965 318 1014 tem
344 960 667 1029 exemplum
711 960 789 1016 eis
830 960 963 1017 dare
1014 972 1069 1016 et
1117 962 1461 1029 humilitatis,
1510 971 1565 1017 et
1606 961 1813 1029 officii,

208 1052 365 1107 atatis
394 1051 595 1109 diebus
618 1062 741 1108 ante
767 1054 1096 1109 vindemiam
1138 1055 1403 1112 lustrabat
1441 1056 1671 1111 cellulas
1698 1071 1813 1112 mo-

206 1146 537 1200 nachorum.
562 1146 709 1214 Quod
744 1156 1035 1217 postquam
1063 1148 1342 1219 cognitum
1374 1156 1459 1203 est
1481 1163 1509 1202 a
1537 1148 1812 1214 fratribus,

207 1255 409 1296 omnes
450 1241 516 1295 ad
561 1256 680 1297 eum
727 1241 1194 1297 conﬂuebantzct
1236 1243 1479 1296 comitati
1530 1242 1619 1296 tali
1649 1243 1812 1307 duce,

205 1332 574 1388 circumibant
602 1336 931 1389 monasteria
952 1376 966 1401 ,
1014 1335 1278 1391 habentes
1309 1336 1565 1389 viaticum
1614 1350 1771 1390 suum
1799 1352 1811 1387 :

208 1428 336 1496 quia
371 1426 644 1481 interdum
676 1442 847 1498 usque
872 1428 938 1482 ad
964 1430 1070 1482 duo
1095 1427 1258 1482 millia
1285 1429 1564 1483 hominum
1588 1442 1815 1496 congre-

206 1519 496 1589 gabantnr.
544 1519 654 1576 Sed
703 1532 760 1575 et
810 1521 1147 1591 procedente
1178 1531 1444 1591 tempore,
1477 1535 1815 1591 unaquaaque

206 1612 338 1668 viila
366 1614 560 1669 vicinis
590 1614 883 1669 monachis
935 1615 1001 1669 ad
1047 1618 1452 1686 susceptionem
1493 1625 1812 1669 sanctorum

202 1707 449 1777 gaudens
472 1707 631 1763 cibos
656 1707 945 1763 offerebat.
991 1708 1261 1777 Quantum
1313 1720 1494 1763 autem
1548 1708 1710 1763 fuerit
1760 1709 1810 1763 in

1920 497 2222 570 dispositis,
2252 500 2341 570 qui
2372 516 2493 555 cum
2520 499 2789 569 lapidibus
2811 510 2866 556 et
2893 504 3178 574 glebarum
3202 508 3371 577 jactu,
3400 511 3520 567 fun-

1920 592 2113 663 tlaique
2161 594 2427 664 vertigine
2471 593 2794 649 accedentes
2842 596 3214 666 deterrerent,
3260 602 3381 658 sine
3424 620 3520 660 esu

1922 703 2043 742 uvae
2069 703 2227 743 mane
2254 702 2444 743 omnes
2470 689 2702 757 profecti
2730 701 2878 757 sunt,
2912 693 3127 749 ridente
3158 709 3312 761 sene,
3337 709 3391 753 et
3412 700 3523 755 dis-

1919 780 2215 836 simulante
2240 781 2381 836 scire
2408 782 2555 852 quod
2585 795 2863 840 evenerat.

1991 875 2081 929 27.
2126 874 2417 931 Monachus
2446 879 2627 951 largus
2664 879 2853 934 Satias.
2876 912 2947 923 --
2973 882 3145 939 Porro
3180 890 3422 957 suscepti
3451 892 3521 948 ab

1919 967 2028 1022 alio
2052 968 2356 1033 monacho,
2385 971 2471 1024 cui
2521 971 2694 1027 Sabas
2737 975 3057 1030 vocabulum
3108 988 3193 1033 est
3237 981 3521 1049 (debemus

1916 1062 2117 1133 quippe
2158 1063 2309 1131 parci
2340 1074 2521 1121 tacere
2565 1066 2912 1131 vocabulum,
2948 1070 3080 1141 largi
3110 1072 3363 1144 dicere);
3392 1079 3517 1147 quia

1920 1152 2237 1209 Dominicus
2267 1166 2388 1210 erat
2412 1157 2548 1219 dies,
2594 1158 2961 1215 imitabantur
2986 1162 3054 1216 ab
3086 1180 3151 1219 eo
3180 1165 3419 1222 universi
3463 1172 3518 1226 in

1919 1247 2159 1311 vineam,
2190 1256 2249 1301 ut
2275 1257 2401 1303 ante
2431 1248 2621 1303 horam
2667 1251 2771 1306 cibi
2820 1269 3042 1308 uvarqu
3076 1268 3229 1325 pastu
3277 1260 3517 1317 laborem

1923 1340 2026 1395 via:
2055 1339 2428 1395 sublevarent.
2474 1342 2543 1396 Et
2585 1354 2807 1399 sanctus
2834 1364 2845 1399 :
2877 1346 3226 1415 Maledictus,
3275 1354 3378 1418 ait,
3428 1356 3518 1422 qui

1920 1431 2070 1498 prius
2098 1430 2447 1486 refectionem
2480 1436 2744 1503 corporis,
2776 1454 2935 1505 quam
2975 1441 3174 1495 animo:
3216 1445 3515 1511 qumsierit.

1917 1524 2172 1588 Oremus,
2199 1526 2521 1595 psallamus,
2552 1529 2840 1585 reddamus
2880 1531 3113 1587 Domino
3150 1534 3423 1602 officium,
3464 1548 3518 1594 et

1918 1618 1993 1672 sic
2018 1619 2085 1672 ad
2125 1619 2235 1690 28
2264 1620 2477 1675 vineam
2511 1622 2924 1690 properabimus
2972 1627 3076 1690 [ΑΙ.
3108 1631 3518 1697 properabitis].

1917 1706 2201 1779 Completo
2237 1712 2414 1780 itaque
2445 1712 2774 1777 ministerio,
2809 1714 2865 1768 in
2898 1717 3118 1770 sublimi
3165 1730 3314 1774 stans
3352 1722 3521 1777 bene-

202 1812 274 1854 eo
316 1800 520 1867 studii,
577 1810 635 1855 ut
681 1801 890 1856 nullum
934 1801 1157 1857 fratrem
1214 1802 1465 1873 quamvis
1512 1802 1808 1867 humilem,
1841 1780 2051 1855 Bdixit
2104 1802 2312 1865 vineae.
2358 1813 2413 1857 et
2463 1819 2591 1859 suas
2634 1805 2703 1859 ad
2756 1809 3086 1874 pascendum
3119 1810 3329 1867 dimisit
3365 1831 3516 1871 oves.

199 1898 452 1965 quamvis
485 1912 785 1965 pauperem
834 1902 1171 1967 praeteriret,
1200 1897 1288 1953 vel
1319 1898 1449 1954 illud
1482 1898 1685 1951 indicio
1707 1908 1811 1964 est,

195 1986 349 2056 quod
367 1988 575 2042 vadens
594 1989 648 2042 in
668 1988 948 2044 desertum
961 1987 1137 2043 Cades
1161 1989 1230 2043 ad
1259 2004 1424 2043 unum
1446 1989 1511 2042 de
1532 1989 1813 2058 discipulis

191 2080 320 2132 suis
360 2079 693 2141 visendum,
724 2094 850 2131 cum
902 2078 1115 2131 infinito
1163 2079 1380 2147 agmine
1424 2078 1814 2131 monachorum

186 2169 221 2210 1³
242 2173 511 2239 pervenit
541 2168 892 2239 ElusamlAl.
914 2169 1158 2221 Elusium
1189 2178 1233 2221 et
1264 2167 1566 2239 Butes-ant],
1587 2182 1652 2220 eo
1681 2168 1817 2223 forte

183 2265 317 2337 27
348 2262 463 2327 die,
493 2277 604 2332 quo
634 2261 1009 2315 anniversaria
1040 2260 1359 2315 solemnitas
1394 2275 1612 2314 omnem
1641 2260 1819 2328 Oppidi

184 2355 475 2427 populum
510 2354 563 2407 in
599 2352 863 2420 templum
898 2353 1129 2408 Veneris
1156 2366 1597 2425 congregaverat.
1626 2353 1821 2408 Colunt

188 2460 385 2504 autem
419 2446 569 2500 illam
600 2446 674 2500 ob
704 2444 1038 2510 Luciferum,
1074 2456 1095 2483 ε
1125 2447 1286 2515 cujus
1322 2446 1489 2500 cultui
1524 2444 1823 2500 Saraceno-

192 2556 323 2597 rum
372 2538 521 2592 natio
568 2538 757 2593 dedita
808 2546 915 2591 est.
968 2537 1075 2593 Sed
1122 2548 1178 2593 et
1229 2541 1407 2607 ipsum
1459 2539 1717 2607 oppidum
1756 2554 1821 2593 ex

194 2646 399 2703 magna
434 2640 589 2701 parte
620 2630 1055 2686 scmibarbarum
1090 2640 1173 2685 est
1212 2640 1434 2700 propter
1479 2632 1584 2686 loci
1631 2633 1813 2685 situm.

196 2724 374 2795 igitur
402 2723 592 2777 audito
612 2722 760 2790 quod
785 2722 1019 2778 Sanctus
1055 2722 1296 2776 llilarion
1326 2723 1635 2791 prteteriret
1659 2722 1818 2795 (mul-

197 2826 291 2872 tos
322 2819 466 2871 enim
506 2815 905 2870 Saracenorum
950 2823 1197 2883 arreptos
1225 2829 1255 2868 a
1285 2813 1535 2869 daemone
1566 2813 1818 2884 frequen-

198 2922 288 2969 ter
316 2912 651 2977 curaverat),
683 2911 948 2980 gregatim
982 2910 1029 2963 ei
1078 2924 1200 2962 cum
1232 2910 1489 2963 uxoribus
1531 2918 1586 2963 et
1630 2907 1815 2963 liberis

200 3002 418 3059 obviam
454 3016 797 3072 processere,
827 3000 1216 3055 submittentes
1245 3001 1408 3067 colla,
1439 3011 1492 3056 et
1519 3016 1651 3055 voce
1679 2999 1815 3071 Syra

201 3095 445 3155 Banscn,
471 3093 524 3148 id
553 3101 660 3160 est,
679 3093 911 3157 benedic,
933 3092 1315 3147 inclamantes.
1334 3090 1483 3158 Quos
1503 3091 1596 3146 ille
1616 3091 1816 3146 blande

207 3187 597 3255 humiliterque
625 3186 957 3255 suscipiens,
984 3184 1311 3240 obsecrabat
1342 3194 1401 3238 ut
1437 3184 1606 3239 Deum
1648 3184 1817 3253 magis
1843 3160 1891 3226 α

210 3294 378 3349 quam
427 3278 632 3347 lapides
674 3280 960 3332 colerent:
1012 3276 1287 3345 simulque
1332 3276 1565 3330 ubertim
1616 3274 1817 3342 ﬂebat,

207 3371 415 3427 calum
444 3380 714 3440 spectans,
751 3379 807 3425 et
840 3368 1121 3439 pollicens,
1157 3370 1199 3422 si
1230 3368 1447 3423 Cbrism
1495 3368 1817 3434 crederent,

209 3464 281 3520 ad
312 3480 402 3519 eos
431 3480 491 3520 se
517 3465 712 3519 crebro
732 3478 860 3519 esse
887 3473 1195 3517 venturum.
1227 3462 1355 3516 Mira
1380 3462 1594 3515 Domini
1622 3461 1817 3532 gratia,

210 3571 322 3611 non
354 3559 505 3626 prius
532 3556 685 3610 abire
715 3557 858 3627 passi
899 3565 1063 3619 sunt,
1108 3570 1269 3624 quam
1321 3554 1519 3609 futurae
1560 3554 1820 3609 Ecclesia:

212 3648 413 3703 lineam
442 3649 719 3713 mitteret;
755 3658 808 3702 et
834 3646 1092 3701 sacerdos
1121 3661 1308 3702 eorum
1329 3687 1344 3711 ,
1370 3658 1429 3700 ut
1453 3655 1568 3701 erat
1594 3642 1621 3681 ἀ
1644 3647 1819 3701 Coro-

210 3749 396 3804 natus,
427 3738 633 3796 Christi
660 3742 817 3812 signo
848 3741 1223 3794 denotaretur.

285 3833 374 3888 26.
425 3832 720 3887 Monachus
767 3848 976 3887 avarus.
1002 3863 1072 3872 —-
1102 3831 1224 3886 Alio
1259 3847 1476 3903 quoque
1515 3847 1659 3887 anno
1696 3847 1819 3887 cum

213 3925 464 3982 exiturus
494 3936 641 3980 esset
670 3924 737 3978 ad
779 3925 1003 3981 visenda
1046 3926 1403 3990 monasteria,
1448 3936 1501 3978 et
1548 3924 1823 3995 digereret

210 4022 268 4076 in
312 4018 599 4082 schednln,
632 4017 778 4088 apud
828 4034 963 4088 quos
1012 4032 1256 4083 manere,
1304 4032 1439 4088 quos
1484 4019 1535 4072 in
1588 4017 1819 4071 transitu

211 4112 443 4167 visitare
472 4110 725 4175 deberet,
755 4110 986 4164 scientes
1013 4108 1266 4165 monachi
1296 4109 1583 4179 quemdam
1619 4110 1687 4163 de
1716 4110 1824 4162 fra-

214 4204 395 4260 tribus
428 4203 766 4271 parciorem,
798 4202 1065 4271 simulque
1095 4202 1375 4271 cupientes
1402 4200 1533 4254 vitio
1555 4201 1673 4269 ejus
1709 4214 1822 4254 me-

214 4296 353 4362 deri,
389 4296 666 4367 rogabant
692 4304 749 4349 ut
781 4294 920 4363 apud
948 4310 1068 4349 eum
1102 4304 1363 4349 maneret.
1392 4293 1461 4348 Et
1501 4294 1592 4347 ille
1619 4313 1631 4348 :
1654 4292 1819 4359 Quid,

213 4391 415 4460 inquit,
448 4388 618 4443 vultis
644 4397 698 4441 et
726 4386 880 4440 vobis
905 4386 1181 4456 injuriam,
1206 4395 1261 4439 nt
1284 4385 1437 4439 fratri
1477 4387 1820 4440 vexationem

213 4480 439 4536 facere?
469 4480 621 4546 Quod
666 4489 953 4548 postquam
1004 4477 1171 4532 frater
1218 4476 1311 4531 ille
1357 4489 1551 4544 parcus
1594 4477 1819 4542 audivit,

1918 1892 2085 1946 Erant
2105 1901 2290 1947 autem
2318 1896 2409 1964 qui
2434 1896 2820 1963 vescebantur,
2848 1915 2956 1954 non
2987 1902 3165 1956 minus
3197 1906 3371 1961 tribus
3402 1910 3523 1962 mil-

1917 1984 2078 2040 libus.
2115 1984 2359 2055 Cumque
2387 1999 2606 2042 centum
2639 1989 2848 2060 lageuis
2875 1994 3145 2047 aestimata
3196 1996 3388 2053 fuisset
3436 1999 3520 2053 iii-

1919 2085 2065 2146 tegra
2095 2079 2271 2133 adhuc
2299 2082 2479 2141 vinea.
2518 2092 2641 2151 post
2664 2084 2784 2138 dies
2820 2086 3007 2155 viginti
3056 2096 3329 2143 trecentas
3376 2092 3524 2147 fecit.

1922 2167 2096 2221 Porro
2128 2170 2219 2221 ille
2250 2186 2449 2236 parcus
2471 2172 2636 2226 frater
2661 2176 2833 2227 multo
2855 2176 3034 2230 minus
3057 2179 3221 2232 solito
3241 2182 3523 2252 colligens,

1923 2258 2086 2312 etiam
2116 2258 2166 2311 id
2190 2258 2334 2326 quod
2366 2258 2629 2316 habuerat
2660 2279 2874 2319 versum
2910 2268 2962 2321 in
3005 2282 3218 2323 acetum
3261 2288 3387 2326 sero
3427 2275 3522 2327 do-

1921 2348 2043 2402 luit.
2078 2348 2189 2404 Hoc
2217 2349 2402 2405 multis
2434 2352 2692 2408 fratribus
2726 2371 2892 2412 senex
2939 2370 3067 2414 ante
3114 2361 3351 2417 futurum
3382 2381 3522 2432 ιιι-ως

1925 2440 2159 2494 dixerat.
2214 2442 2595 2498 Detestahatur
2641 2457 2820 2501 autem
2866 2452 3141 2519 praecipue
3193 2457 3525 2523 monachos,

1925 2533 2016 2603 qui
2049 2532 2372 2588 infidelitate
2407 2535 2637 2603 quadam
2669 2537 2726 2590 in
2760 2541 3000 2594 futurum
3035 2557 3373 2597 reservarem
3408 2562 3529 2613 sua,

1926 2634 1980 2677 et
2013 2623 2351 2692 diligentiam
2387 2624 2671 2692 baberent,
2695 2630 2775 2682 vel
2806 2641 3143 2699 sumptuum,
3172 2634 3253 2686 vel
3287 2636 3530 2703 vestitus,

1921 2724 2016 2768 aut
2055 2714 2285 2785 alicujus
2318 2730 2507 2770 earum
2542 2733 2761 2787 rerum,
2800 2738 2921 2788 qua:
2951 2738 3074 2777 cum
3106 2727 3308 2780 saiculo
3348 2736 3527 2785 trans—

1923 2815 2074 2862 eunt.

1992 2899 2082 2954 28.
2126 2897 2320 2954 Frater
2346 2902 2498 2955 nimis
2524 2914 2724 2959 cautus.
2752 2934 2822 2947 -—
2852 2907 3094 2977 Denique
3126 2926 3290 2967 unum
3324 2913 3391 2968 de
3417 2914 3525 2968 fra-

1922 2991 2095 3045 tribus
2127 2994 2177 3046 in
2208 2996 2398 3063 quinto
2426 2995 2539 3051 fere
2568 3012 2596 3049 a
2628 3011 2686 3052 se
2719 3000 2974 3053 milliaiio
3020 3016 3328 3059 manentem
3352 3048 3365 3068 ,
3397 3009 3525 3077 quia

1920 3087 2296 3156 comperiehat
2328 3088 2524 3143 hortuli
2558 3090 2642 3144 sui
2694 3092 2854 3144 nimis
2895 3107 3113 3148 cautum
3168 3098 3526 3169 timidumque

1921 3180 2227 3244 custodem,
2256 3191 2312 3236 et
2342 3182 2643 3248 pauxillum
2673 3184 2872 3239 habere
2898 3201 3273 3253 nummorum,
3304 3191 3371 3245 ab
3396 3208 3529 3245 ocu-

1921 3271 1989 3325 lis
2014 3272 2290 3341 abegerat.
2325 3271 2426 3338 Qui
2449 3274 2637 3327 voletis
2668 3274 2772 3330 sibi
2800 3278 3143 3334 reconciliari
3174 3296 3392 3345 senem,
3420 3285 3529 3337 fre-

1920 3374 2152 3433 quenter
2184 3365 2437 3420 veniebat
2464 3366 2529 3420 ad
2564 3367 2777 3432 fratres,
2810 3378 2862 3423 et
2900 3372 3135 3426 maxime
3178 3374 3243 3425 ad
3288 3372 3303 3410 τ
3356 3374 3527 3446 llesy-

1921 3460 2128 3521 chium,
2145 3474 2251 3527 quo
2270 3460 2360 3514 ille
2380 3460 2855 3517 vehementissime
2868 3464 3265 3522 delectabatur.
3281 3467 3524 3534 Quadam

1922 3551 2083 3620 igitur
2110 3552 2199 3605 die
2226 3552 2422 3607 ciceris
2447 3552 2649 3607 fascem
2676 3556 2924 3619 virentis,
2955 3557 3095 3611 sicut
3121 3558 3171 3611 iti
3203 3558 3388 3613 herbis
3413 3571 3532 3615 erat

1923 3641 2137 3697 detulit.
2183 3644 2357 3709 Quem
2399 3658 2521 3697 cum
2566 3644 2870 3715 Hesychius
2909 3649 3185 3716 posuisset
3240 3649 3293 3703 in
3339 3668 3528 3708 mensa

1923 3735 1990 3790 ad
2025 3751 2341 3805 vesperum,
2392 3736 2718 3791 exclamavit
2763 3755 2953 3801 senex,
3008 3754 3069 3795 se
3116 3752 3362 3811 putorem
3409 3746 3530 3813 eius

1922 3829 2067 3885 ferre
2101 3846 2207 3885 non
2242 3845 2422 3899 pmse,
2454 3830 2725 3897 simulque
2781 3834 2924 3887 umle
2962 3846 3111 3889 esset
3153 3839 3385 3907 rogavit.
3423 3840 3530 3893 lte-

1926 3922 2198 3993 poudente
2224 3933 2405 3976 autem
2440 3921 2733 3990 llesycliio,
2780 3926 2921 3994 quod
2972 3927 3143 3983 frater
3172 3931 3390 3999 quidam
3423 3936 3531 4001 pri-

1924 4014 2103 4068 mitias
2149 4013 2306 4083 agelli
2359 4015 2443 4067 sui
2492 4012 2749 4067 fratribus
2798 4016 3126 4081 detulisset,
3180 4034 3287 4070 nou
3322 4022 3526 4086 sentis,

1926 4105 2123 4175 inquit,
2158 4117 2402 4174 putorem
2433 4106 2796 4170 teterrimum,
2820 4115 2875 4159 et
2904 4107 2954 4159 iti
2985 4108 3162 4161 cicere
3187 4107 3378 4164 fmtere
3405 4127 3526 4166 ava-

1925 4198 2145 4255 ritiam?
2176 4197 2327 4252 Mitte
2351 4197 2547 4265 bubus,
2572 4199 2728 4254 mitte
2757 4200 2930 4253 brutis
2956 4200 3306 4269 animalibus,
3335 4215 3383 4258 et
3409 4206 3533 4261 vide

1926 4306 1991 4347 an
2042 4290 2351 4346 comedunt.
2386 4288 2539 4358 Quod
2586 4306 2707 4344 cum
2758 4289 2849 4345 ille
2892 4292 3046 4360 juxta
3094 4305 3430 4361 praeceptum
3478 4299 3529 4353 in

1927 4400 2173 4454 praesepe
2219 4385 2526 4455 posuisset,
2576 4384 2830 4439 exterriti
2882 4385 3051 4439 boves
3098 4397 3153 4440 et
3200 4386 3321 4455 plus
3371 4389 3533 4443 solito

1928 4477 2252 4547 mugientes,
2289 4477 2463 4543 ruptis
2493 4475 2724 4527 vinculis
2764 4474 2818 4526 in
2854 4475 3071 4529 diversa
3100 4476 3374 4544 fugerunt.
3430 4480 3535 4534 Ha-

216 4572 480 4633 erubuit;
511 4579 566 4624 et
589 4570 961 4624 annitentibus
985 4570 1219 4639 cunctis,
1246 4568 1333 4622 vix
1361 4567 1429 4620 ab
1461 4566 1628 4619 invito
1656 4567 1824 4634 impe-
1850 4536 1904 4597 D
1933 4570 2093 4625 bebat
2117 4568 2260 4622 enim
2290 4581 2455 4621 senex
2486 4566 2625 4618 hanc
2650 4565 2906 4634 gratiam,
2944 4576 3001 4619 ut
3032 4582 3093 4621 ex
3123 4569 3290 4627 odore
3332 4588 3529 4646 carpo-

219 4662 419 4727 travit,
452 4671 509 4715 ut
536 4677 696 4716 suum
728 4677 938 4731 quoque
968 4662 1359 4717 monasterium
1402 4659 1455 4713 in
1487 4659 1825 4713 mansionum

218 4754 476 4815 ordinem
510 4764 753 4825 poneret.
786 4754 915 4810 Post
943 4755 1087 4811 diem
1112 4769 1244 4825 ergo
1267 4754 1542 4810 decimum
1565 4761 1830 4808 venerunt

299 4955 324 4981 ι
366 4945 419 5000 In
462 4945 672 5013 aliquot
712 4941 971 5013 vulgatis,
1013 4953 1060 4998 et
1100 4959 1195 5013 pro
1232 4946 1427 5015 affectu
1463 4942 1624 4995 animi
1653 4942 1832 5011 singu-

228 5018 324 5076 los.
360 5025 471 5071 etc.

295 5086 321 5126 δ
365 5085 610 5140 Pervenit
645 5083 890 5139 Elusam.
924 5083 1151 5140 Codices
1179 5099 1309 5139 mss.
1340 5086 1603 5139 Avenion.
1642 5095 1696 5137 et
1725 5082 1829 5137 'l‘o-

223 5160 353 5223 los.,
386 5159 628 5212 retinent
658 5156 899 5209 Elusium
929 5174 942 5209 :
974 5156 1064 5211 alii
1103 5155 1367 5211 Eolesam.
1482 5156 1754 5211 “ARTIAN.

301 5240 321 5267 ε
365 5230 507 5284 Idem
540 5228 859 5285 Gordianus
890 5227 1189 5282 Monachus
1223 5228 1273 5280 in
1305 5226 1362 5282 S.
1396 5227 1597 5281 Placidi
1634 5227 1832 5297 Marty-

223 5302 303 5356 ris
325 5300 445 5357 Vita
476 5309 736 5365 testatur,
767 5315 918 5352 num.
947 5297 1040 5362 6!,
1072 5299 1159 5352 ubi
1186 5298 1252 5353 de
1289 5299 1495 5353 Abdala
1533 5298 1834 5353 Saraceno—

226 5389 342 5428 rum
372 5374 712 5443 imperatore
745 5370 947 5443 tradit,
980 5384 1105 5424 eum
1139 5379 1197 5443 ut
1232 5368 1526 5443 christiana:
1566 5370 1833 5443 religionis

227 5440 477 5499 culturam
502 5442 751 5514 funditus
781 5442 845 5493 de
868 5449 1000 5493 terra
1020 5442 1277 5500 eraderet,
1300 5451 1345 5493 et
1374 5440 1602 5514 Moloclii
1620 5440 1833 5514 templa,

228 5525 273 5569 et
300 5509 554 5572 Laurent
582 5513 855 5567 culturam
887 5522 1119 5581 augeret,
1159 5522 1364 5565 centum
1396 5512 1603 5563 navium
1630 5509 1837 5579 expedi-

224 5586 404 5659 tionem
431 5599 800 5659 congregasse.
835 5581 944 5659 Sed
974 5593 1025 5637 et
1054 5594 1241 5659 noster
1282 5582 1426 5635 llier.
1471 5581 1524 5634 iii
1567 5587 1735 5634 Amos
1771 5595 1836 5633 v:

338 5655 825 5705 iremm‘huenmue
858 5655 1107 5705 Saraceni
1147 5664 1479 5705 venerantur.

226 5655 825 5729 Luciferum‘hucusque
858 5655 1107 5708 Saraceni
1147 5664 1479 5708 venerantur.

293 5726 317 5767 δ
356 5730 577 5786 Ethnici
603 5725 912 5782 sacerdotii
940 5726 1073 5779 ordo
1112 5734 1235 5781 erat
1274 5724 1680 5787 Coronatorum,
1710 5736 1843 5790 quo-

223 5814 340 5857 rum
368 5801 579 5859 mentio
608 5797 861 5855 occurrit
889 5796 938 5850 in
968 5797 1199 5867 epistola
1225 5794 1525 5853 Innocentii
1547 5793 1614 5851 ad
1636 5794 1844 5863 episco-

440 5897 746 5961 ΡΑτιοι..
792 5888 1033 5951 XXIII.

1933 4676 2052 4714 rum
2083 4660 2446 4728 veStiumque,
2474 4666 2527 4711 et
2553 4672 2739 4712 carum
2770 4673 2954 4712 rerum
2996 4676 3130 4728 quas
3174 4666 3296 4733 quis
3340 4670 3534 4741 teligc_

1936 4760 2043 4814 rat,
2071 4751 2236 4804 sciret
2262 4748 2353 4801 cui
2378 4748 2635 4811 dwmoni,
2671 4748 2754 4801 vel
2783 4749 2871 4802 cui
2902 4749 3031 4804 vitio
3055 4754 3383 4824 subjaceret.

1936 4951 2033 5007 pus
2074 4934 2129 4988 in
2173 4930 2381 5008 synodo
2422 4930 2686 5008 Toletana
2735 4930 3001 5008 Tolosana
3051 4940 3396 5008 constitutos,
3444 4949 3529 5005 ubi

1936 4951 2033 5007 pus
2074 4950 2129 4988 ιη
2173 4948 2381 5057 Ξγιιοιιο
2423 4948 2686 4985 10tetana
2745 4948 3001 4988 tOtosana
3051 4948 3396 5008 constitutos,
3444 4949 3529 5005 ubi

1934 5015 2097 5077 negat.
2141 5018 2203 5079 a_
2256 5001 2688 5079 ecclesiasticum
2738 5004 2983 5059 ordinem
3018 5012 3201 5065 venire
3248 5030 3404 5079 posse
3435 5036 3531 5078 eos

1932 5075 2022 5150 qui
2046 5085 2157 5146 post
2187 5075 2492 5150 baptismum
2522 5078 2598 5150 vel
2644 5079 2886 5150 coronati
2912 5081 3136 5149 fuerint,
3178 5075 3257 5138 vel
3287 5075 3528 5145 sacerdo:

1935 5145 2225 5225 iiumquod
2251 5145 2443 5225 dicitur
2471 5147 2823 5201 sustinuerint.
2851 5145 2920 5205 Et
2942 5152 3140 5207 clarius
3163 5164 3301 5225 apud
3333 5159 3531 5216 Firmi-

1934 5236 2055 5277 cum
2075 5219 2199 5272 Mat.
2224 5234 2238 5271 ε
2264 5218 2428 5271 Erunt
2454 5232 2645 5279 autem,
2672 5230 2761 5271 aut
2787 5225 3036 5281 coronati.
3063 5236 3152 5278 aut
3173 5218 3529 5284 sacerdotibus

1937 5292 2198 5364 pra’vositi
2226 5300 2339 5364 _aut
2363 5307 2632 5344 sacrorum
2661 5291 2826 5361 bajuli
2855 5294 3270 5349 simulacrorum.

2013 5372 2036 5399 ο
2078 5362 2191 5415 Duo
2225 5360 2397 5416 Vatic.
2429 5365 2672 5424 codices,
2722 5360 2773 5414 in
2820 5364 2989 5426 vinea,
3030 5366 3177 5427 quasi
3218 5367 3343 5418 villa
3379 5376 3529 5434 esset,

1938 5435 2000 5489 ab
2020 5449 2079 5489 eo
2102 5433 2387 5501 dispositis,
2423 5434 2561 5486 alter
2587 5434 2872 5492 vetttslior,
2894 5436 3007 5495 jnm
3032 5434 3206 5495 nimie,
3236 5438 3384 5500 quasi
3408 5433 3532 5495 υὶιιά

1941 5516 2091 5568 esset,
2120 5506 2183 5556 ab
2215 5521 2293 5567 eo,
2328 5514 2435 5559 etc.
2460 5503 2691 5557 Gravius
2718 5504 2769 5556 in
2799 5504 2922 5555 aliis
2954 5503 3183 5565 invenit,
3214 5505 3362 5570 quasi
3385 5510 3532 5564 vinea

1944 5578 2113 5631 aliena
2151 5587 2312 5645 esset,
2344 5585 2398 5628 et
2418 5575 2565 5645 quasi
2593 5574 2728 5626 villa:
2764 5582 2933 5645 custos
2962 5581 3113 5623 esset.

2018 5648 2037 5687 ί
2084 5647 2209 5701 Mss.
2233 5689 2248 5711 ,
2280 5642 2497 5718 Isicitjm
2520 5653 2853 5701 constanter;
2877 5642 3217 5718 Soaomenus
3240 5642 3537 5718 Hesychnm

1946 5726 2125 5782 vocat,
2152 5709 2296 5786 quod
2316 5733 2378 5769 ex
2412 5716 2672 5787 Syrorum
2707 5709 3153 5787 pronunciatione
3181 5709 3456 5787 facit,'qui
3481 5725 3535 5783 in

1948 5808 2032 5845 am
2062 5781 2253 5846 Graeca
2280 5781 2495 5842 nomina
2522 5781 2937 5853 detorquebant.

3015 5877 3054 5935 ‘2
