4056 6292
517 282 589 355 ts
1772 283 1831 341 s.
1875 281 2145 341 aussuu
2186 280 2569 340 Hisnourm
3752 277 3823 343 η

589 412 681 465 ‘29.
729 407 1011 463 Turbarum
1040 406 1283 461 inimicus
1312 411 1421 459 erat
1452 402 1565 458 Hii.
1591 430 1663 449 -ο
1693 401 1865 474 Igitur
1894 415 2123 471 sesage—
2148 405 2202 469 Α
2226 410 2281 457 et
2310 409 2563 470 potentes
2587 400 2684 455 viri
2712 441 2725 464 ,
2756 406 2809 454 et
2836 398 3046 470 judices
3074 440 3088 466 ,
3136 404 3195 454 ut
3238 398 3583 456 benedictum
3633 401 3701 456 ab
3759 419 3825 457 co

520 508 655 563 sima
686 501 843 559 tertio
872 502 996 555 vita:
1024 514 1139 555 suae
1166 513 1309 552 anno
1339 511 1573 552 cernens
1601 495 1806 566 grande
1846 504 2123 550 monaste-

518 601 681 663 rium,
713 606 768 652 et
798 593 1201 650 multitudinem
1238 590 1463 645 fratrum
1492 603 1677 644 secum
1723 588 2118 651 habitantium;

521 692 816 759 turbasque
844 701 1056 753 eorum,
1086 684 1175 752 qui
1219 682 1452 738 diversis
1498 681 1885 750 languoribus,
1922 689 1974 734 et
2022 679 2124 733 im-

519 782 740 840 mundis
768 780 1048 849 Spiritibus
1078 786 1378 845 occupatos
1402 774 1469 829 ad
1488 790 1551 831 se
1573 772 1934 838 deducebant,
1964 773 2037 826 ita
2064 780 2124 826 ut

519 878 670 934 omni
697 888 895 943 genere
924 871 1206 927 hominum
1238 866 1482 924 solitudo
1511 881 1606 937 per
1652 865 1995 921 circumitum
2037 877 2124 918 re-

517 970 781 1041 plcrctur,
806 965 968 1022 ilehat
990 962 1262 1033 quotidie,
1290 969 1345 1017 et
1374 958 1687 1016 incredibili
1717 959 1827 1030 20
1847 955 2123 1013 desiderio

523 1058 961 1117 conversationis
990 1054 1228 1125 antiquae
1254 1052 1663 1109 recordabatur.
1697 1051 2065 1120 Interrogatus
2092 1062 2120 1101 a

521 1151 785 1215 fratribus
815 1150 944 1219 quid
981 1148 1240 1212 haberet,
1267 1162 1366 1201 cur
1393 1158 1452 1201 se
1489 1144 1806 1207 conficeret,
1841 1142 1952 1196 ait:
1978 1140 2121 1195 Rur-

521 1260 642 1302 sum
675 1243 745 1299 ad
772 1242 1030 1297 szecuium
1060 1240 1231 1305 redii,
1258 1246 1315 1295 et
1359 1239 1541 1307 recepi
1588 1234 1900 1292 mercedem
1946 1247 2124 1288 meam

518 1339 577 1399 in
608 1340 721 1394 vita
750 1353 891 1393 mea.
928 1336 1006 1391 En
1037 1335 1286 1391 homines
1314 1332 1624 1397 Palestinae,
1664 1340 1722 1385 et
1765 1328 1954 1385 vicina:
1994 1342 2121 1397 pro-

524 1433 718 1489 vincite
743 1432 1057 1489 existimant
1088 1445 1175 1485 tne
1202 1428 1433 1497 alicujus
1462 1441 1585 1482 esse
1612 1424 1912 1491 momenti;
1943 1432 1999 1480 et
2023 1436 2125 1495 ego

522 1529 626 1585 sub
653 1536 916 1596 prastoxtu
949 1524 1262 1581 monasterii
1286 1522 1352 1577 ad
1377 1520 1840 1593 dispensationem
1871 1519 2123 1586 fratrum,

522 1622 684 1677 vilem
710 1618 884 1693 [Fam
914 1618 1127 1691 utilem]
1169 1616 1563 1687 supellectilem
1614 1615 1810 1669 habeo.
1857 1613 2128 1670 Servaba-

527 1724 617 1772 tur
663 1724 845 1771 autem
876 1729 907 1768 a
939 1713 1222 1778 fratribus,
1271 1710 1508 1766 maxime
1556 1708 1626 1761 ab
1679 1706 1985 1778 Hesychia,
2033 1706 2125 1775 qui

2232 504 2256 532 ο
2286 510 2517 565 panem,
2544 493 2629 549 vel
2656 492 2835 548 oleum
2886 495 3219 562 acciperent.
3271 492 3340 548 At
3388 493 3482 548 ille
3511 492 3642 548 nihil
3672 494 3820 548 aliud

2226 586 2327 642 nisi
2362 586 2710 642 solitudinem
2741 585 3129 651 meditabatur,
3154 585 3423 639 intantum
3452 626 3466 648 ,
3501 594 3559 639 nt
3587 585 3821 656 quadam

2225 681 2312 735 die
2361 678 2632 750 proficisci
2663 679 2954 734 statuerit:
3012 686 3068 733 et
3115 677 3353 733 adducto
3409 678 3581 732 asello
3628 678 3824 749 (nimis

2224 773 2429 844 quippe
2474 787 2680 828 exesus
2726 772 2986 840 jejuniis,
3016 770 3107 825 vix
3140 770 3349 840 ingredi
3413 774 3666 840 poterat)
3718 770 3826 826 iter

2225 865 2469 935 arripere
2495 874 2809 918 conaretur.
2831 862 2939 932 30
2965 861 3119 927 Quod
3140 877 3260 915 eum
3285 859 3706 930 percrebuisset,
3729 861 3748 897 ί
3770 870 3825 916 et

2225 955 2379 1027 quasi
2412 958 2638 1011 vastitas
2695 966 2750 1011 et
2798 954 3066 1026 iustitium
3114 954 3409 1009 Palestina:
3461 954 3821 1021 indiceretur,

2227 1051 2348 1119 plus
2372 1063 2535 1119 quam
2565 1048 2756 1103 decem
2783 1047 2954 1101 millia
2987 1046 3268 1101 hominum
3294 1046 3524 1100 diversae
3564 1046 3743 1100 artatis
3770 1054 3828 1099 et

2226 1156 2391 1197 sexus
2415 1141 2482 1196 ad
2508 1140 2851 1197 retinendum
2882 1153 3009 1195 eum
3034 1146 3363 1209 congregata
3392 1146 3537 1191 sunt.
3569 1135 3829 1192 immobi-

2226 1234 2294 1289 lis
2320 1234 2411 1289 ille
2439 1233 2506 1288 ad
2535 1248 2727 1304 preces
2749 1273 2764 1298 ,
2789 1240 2845 1288 et
2861 1232 3058 1287 baculo
3080 1246 3276 1287 arenas
3304 1230 3617 1297 discutiens,
3636 1231 3825 1301 loque-

2225 1325 2422 1382 batur:
2456 1326 2724 1381 Fallacem
2760 1324 3043 1380 Dominum
3075 1340 3253 1380 meum
3286 1338 3392 1379 non
3424 1323 3616 1379 faciam
3644 1339 3657 1390 ;
3715 1337 3821 1377 non

2227 1433 2449 1488 possunt
2475 1419 2666 1475 videre
2694 1419 2991 1473 subversas
3016 1418 3283 1474 ecclesias
3306 1460 3319 1485 ,
3372 1418 3580 1473 calcata
3621 1416 3825 1471 Christi

2226 1515 2439 1577 altaria,
2461 1514 2695 1568 ﬁliorum
2721 1526 2966 1568 meorum
2994 1513 3338 1582 sanguinem.
3370 1510 3620 1566 Universi
3643 1523 3823 1563 autem

2227 1610 2317 1679 qui
2336 1607 2587 1671 aderant,
2613 1605 2996 1675 intelligebant
3020 1611 3323 1660 revelatum
3348 1604 3396 1657 ei
3423 1602 3679 1673 quiddam
3706 1615 3827 1657 esse

2228 1695 2425 1758 scereti
2448 1743 2460 1761 .
2494 1701 2639 1771 quod
2672 1700 2841 1755 nollet
2861 1698 3144 1764 conﬁteri;
3179 1710 3233 1753 et
3266 1698 3617 1752 nihilominus
3639 1706 3830 1750 custo-

524 1810 665 1865 miro
692 1822 878 1862 amore
909 1804 1247 1862 venerationi
1280 1802 1429 1857 senis
1462 1799 1680 1855 deditus
1708 1809 1845 1854 erat.
1878 1799 2129 1868 Cumque
2160 1798 2208 1863 Β
2235 1794 2459 1850 diebant
2486 1809 2610 1849 eum
2636 1835 2649 1859 ,
2683 1807 2751 1847 ne
2779 1791 3240 1862 proficisceretur.
3272 1790 3527 1844 Decrevit
3549 1803 3701 1858 ergo,
3733 1802 3832 1856 pu-

523 1900 599 1957 ita
630 1901 857 1955 vixisset
886 1900 995 1966 [Αι.
1021 1895 1292 1968 duxisset]
1322 1896 1513 1966 lugens
1532 1893 1839 1957 biennium,
1863 1902 1887 1930 ι
1909 1892 2131 1947 Aristae-

526 2000 655 2048 nete
684 1992 794 2057 illa,
832 1991 989 2061 cujus
1015 2004 1182 2059 supra
1214 1986 1445 2043 fecimus
1472 1986 1808 2041 mentionem
1829 2024 1844 2050 ,
1890 1982 2132 2054 praefecti

526 2095 658 2143 tunc
697 2101 851 2150 uxor,
896 2083 995 2139 sed
1046 2083 1183 2137 nihil
1235 2081 1303 2136 de
1353 2080 1595 2150 prtefecti
1640 2078 1849 2133 ambitu
1894 2077 2128 2142 habens,

524 2182 673 2236 venit
701 2179 769 2232 ad
799 2192 951 2243 eum,
981 2177 1174 2231 volens
1204 2175 1369 2230 etiam
1422 2172 1491 2227 ad
1542 2172 1835 2227 Antonium
1876 2182 2128 2241 pergere.

525 2273 622 2328 Cui
658 2272 747 2326 ille
776 2272 914 2325 ﬂens
940 2288 952 2322 :
980 2269 1210 2330 Vellem,
1242 2272 1340 2330 ait,
1388 2266 1508 2335 ipse
1548 2279 1767 2334 quoque
1812 2263 1917 2327 ire,
1946 2264 1992 2316 si
2022 2276 2130 2317 non

526 2379 748 2424 carcere
778 2364 935 2433 hujus
957 2360 1275 2417 monasterii
1302 2359 1521 2414 clausus
1546 2367 1788 2423 tenerer,
1814 2365 1869 2410 et
1890 2355 1936 2410 si
1964 2354 2133 2410 eundi

527 2463 737 2515 fructus
767 2466 935 2513 esset.
967 2455 996 2495 ι)
1026 2455 1256 2510 Biduum
1286 2453 1433 2508 enim
1463 2449 1625 2506 hodie
1652 2458 1756 2515 est,
1792 2447 1938 2520 quod
1984 2455 2133 2503 totus

522 2552 761 2609 mundus
810 2550 905 2607 tali
948 2556 1176 2620 parente
1224 2547 1451 2602 orbatus
1497 2554 1603 2600 est.
1656 2542 1902 2597 Credidit
1942 2543 2035 2596 illa
2074 2549 2135 2596 et

523 2644 786 2701 substitit.
820 2642 887 2696 Et
918 2649 1041 2709 post
1065 2653 1269 2709 paucos
1296 2638 1414 2692 dies
1442 2637 1697 2690 veniente
1728 2634 1941 2698 nuntio,
1966 2631 2135 2686 Anto-

526 2740 602 2793 nii
631 2735 1022 2791 dormitionem
1050 2732 1281 2785 audivit.

604 2829 694 2883 30.
728 2826 1064 2894 Contemptus
1088 2822 1270 2891 gloria?
1288 2819 1560 2873 mirabilis.
1580 2818 1895 2872 Dracontius
1919 2827 1965 2873 et
1984 2817 2135 2873 Philo

527 2919 756 2988 episcopi
783 2912 1009 2970 exsules.
1035 2942 1107 2954 —
1129 2912 1392 2965 Miremur
1424 2910 1513 2963 alii
1548 2910 1700 2979 signa
1738 2918 1759 2947 ο
1795 2922 1915 2979 qua:
1953 2908 2083 2965 fecit
2118 2928 2131 2964 :

528 3012 796 3068 mirentur
821 3005 1206 3061 incredibilem
1235 3001 1625 3057 abstinentiam
1645 3043 1661 3069 ,
1695 3002 2004 3065 scientiam,
2036 3002 2137 3056 litt--

531 3102 846 3158 utilitatem.
878 3098 988 3167 Ego
1015 3095 1145 3151 nihil
1179 3096 1250 3150 ita
1279 3107 1505 3164 stupeo,
1536 3108 1695 3162 quam
1724 3094 1956 3163 gloriam
1983 3094 2131 3148 illum

2234 1888 2371 1943 hlica
2398 1902 2592 1942 omnes
2622 1900 2756 1940 voce
2784 1894 3100 1939 contestans
3129 1924 3143 1949 ,
3177 1898 3281 1936 non
3313 1882 3420 1935 cibi
3453 1897 3512 1936 se
3534 1922 3548 1945 ,
3599 1895 3706 1934 non
3734 1895 3833 1949 po-

2234 1992 2321 2038 tus
2370 1982 2664 2051 quidquam
2715 1993 2976 2045 sumere,
3037 1977 3142 2032 nisi
3175 1975 3566 2029 dimitteretur.
3611 1974 3677 2028 Et
3710 1980 3833 2042 post

2233 2083 2442 2144 septem
2472 2072 2623 2136 dies,
2656 2072 2851 2126 inedia:
2897 2068 3112 2124 tandem
3167 2068 3440 2123 relaxatus
3469 2107 3483 2132 ,
3532 2081 3595 2120 ac
3628 2064 3837 2120 valedi-

2233 2182 2365 2222 cens
2393 2166 2638 2235 plurimis
2665 2206 2679 2231 ,
2711 2178 2834 2219 cum
2886 2162 3095 2216 intinito
3123 2161 3337 2231 agmine
3388 2158 3829 2229 prosequentium

2236 2260 2389 2315 venit
2415 2269 2440 2307 ε
2474 2259 2720 2312 Betiiiutn
2739 2298 2753 2323 ,
2782 2256 2871 2310 ubi
2901 2256 3180 2325 persuasis
3204 2254 3378 2307 turbis
3408 2262 3466 2306 ut
3493 2260 3835 2309 reverteren-

2236 2360 2345 2415 tur,
2376 2351 2541 2421 eiegit
2560 2348 2917 2419 quadraginta
2946 2345 3244 2401 monachos
3265 2386 3280 2412 ,
3310 2346 3400 2415 qui
3430 2345 3694 2400 haberent
3726 2345 3837 2399 via-

2234 2444 2403 2499 ticum
2428 2485 2443 2510 ,
2472 2452 2531 2497 et
2557 2450 2787 2514 possent
2821 2440 3133 2510 jejunantes
3182 2438 3391 2506 ingredi
3422 2480 3434 2503 ,
3469 2438 3522 2491 id
3548 2448 3633 2493 est
3660 2479 3673 2501 ,
3711 2446 3839 2507 post

2235 2538 2367 2591 solis
2397 2551 2686 2599 occasum;
2719 2531 3061 2599 visitatisque
3112 2530 3368 2584 fratribus
3390 2569 3403 2595 ,
3437 2528 3529 2598 qui
3570 2529 3626 2583 in
3656 2530 3833 2584 vicina

2239 2642 2426 2684 eremo
2450 2635 2605 2681 erant
2630 2667 2643 2691 ,
2672 2637 2726 2680 et
2758 2626 2809 2678 in
2840 2624 2961 2678 loco
2988 2625 3080 2695 qui
3108 2621 3309 2677 dicitur
3332 2620 3358 2659 ιι
3382 2621 3633 2694 Lychnos
3656 2638 3841 2678 mora-

2237 2723 2459 2785 bantur,
2492 2720 2735 2789 perrexit
2767 2726 2893 2787 post
2924 2717 3160 2771 triduum
3210 2717 3277 2770 ad
3302 2723 3546 2771 castrum
3581 2714 3838 2771 ‘l‘heuba-

2237 2826 2351 2871 tum
2373 2854 2389 2882 ,
2422 2825 2482 2868 ut
2513 2812 2725 2867 videret
2744 2812 3101 2865 Drucontium
3132 2810 3445 2878 episcopum
3475 2818 3530 2863 et
3556 2810 3841 2865 confesso-

2240 2923 2355 2963 rem
2385 2948 2398 2973 ,
2426 2907 2515 2976 qui
2552 2906 2622 2960 ibi
2654 2904 2959 2959 exsulabat.
2985 2904 3103 2969 Quo
3130 2902 3527 2956 incredibiliter
3552 2902 3839 2958 consolati)

2241 3007 2374 3058 tanti
2402 3002 2501 3057 viri
2533 3000 2845 3069 praesentia,
2872 3010 2996 3071 poSt
3019 2996 3161 3053 aliud
3185 2997 3420 3052 triduum
3452 2997 3624 3052 multo
3656 2998 3834 3069 Baby-

2240 3096 2418 3151 lonem
2448 3095 2633 3150 labore
2654 3094 2908 3163 pervenit
2929 3134 2942 3157 ,
2975 3101 3030 3145 et
3067 3091 3273 3145 viseret
3304 3090 3586 3144 Philonem
3616 3090 3837 3158 episce-

529 3202 587 3251 et
615 3195 876 3249 honorem
895 3191 1108 3245 calcare
1134 3189 1399 3259 potuisse.
1429 3185 2129 3257 Concurrebantepiscopi,
2162 3158 2208 3231 ρ
2240 3202 2365 3261 pum
2402 3198 2456 3244 et
2486 3189 2658 3259 ipsum
2687 3188 3079 3242 confessorem.
3122 3184 3473 3238 Constantius
3519 3184 3662 3237 enim
3695 3199 3793 3239 rex
3818 3225 3833 3250 ,

527 3284 861 3357 presbyteri,
896 3281 1216 3336 clericorum
1243 3289 1297 3333 et
1321 3276 1711 3332 monachorum
1745 3275 1997 3348 greges,d
2017 3293 2131 3333 ma-

527 3388 810 3433 tronarum
838 3389 1053 3445 quoque
1082 3372 1512 3427 Christianarum
1564 3370 1827 3442 (grandis
1860 3372 2087 3427 tentatio
2112 3371 2131 3444 )

531 3479 585 3527 et
614 3471 742 3524 hinc
769 3466 896 3522 inde
917 3481 984 3521 ex
1006 3464 1233 3520 urbibus
1260 3471 1316 3519 et
1344 3463 1487 3533 agris
1512 3464 1705 3532 vulgus
1730 3462 1969 3532 ignobile
1994 3480 2006 3515 :
2035 3464 2132 3519 sed

605 3620 631 3646 ει
664 3605 808 3663 Editi
838 3603 1157 3667 Aristcneta,
1189 3598 1335 3671 quod
1365 3613 1527 3667 supra
1551 3606 1795 3655 notatum
1827 3610 1933 3656 est.
1994 3602 2116 3658 Mox

535 3680 643 3735 duo
674 3693 806 3733 mss.
842 3676 1015 3727 Itttbitu
1043 3688 1139 3743 pro
1163 3672 1373 3724 ambitu.

606 3751 631 3790 ιι
657 3751 804 3803 Hanc
830 3748 901 3801 de
931 3743 1109 3812 Magni
1132 3743 1349 3797 Antonii
1376 3750 1552 3797 morte
1579 3744 1842 3798 visionem
1889 3759 2010 3797 cum
2042 3745 2125 3801 his

534 3823 742 3883 confer,
763 3836 882 3888 qute
912 3819 1012 3871 sub
1044 3815 1381 3888 insequentis
1412 3816 1625 3870 numeri
1656 3814 1821 3888 linem
1847 3816 2123 3888 edisserit.

611 3906 632 3931 ε
661 3885 795 3947 Mss.
819 3904 1009 3944 omnes
1033 3886 1266 3947 addunt,
1316 3894 1363 3937 et
1403 3893 1639 3951 portenta
1668 3903 1685 3950 ;
1739 3885 1939 3941 deinde
1989 3904 2127 3944 unus

538 3965 909 4019 humanitatem
928 4001 942 4017 .
969 3973 1067 4027 pro
1092 3957 1438 4011 humilitatem
1464 3996 1478 4023 ,
1532 3967 1588 4014 et
1632 3955 1788 4028 paulo
1813 3968 1935 4027 post
1960 3962 2128 4015 celare

534 4038 697 4093 habet
730 4047 827 4103 pro
845 4031 1067 4103 calcare.

600 4107 628 4144 ά
680 4097 858 4160 Nostri
906 4100 1068 4157 codd.
1117 4114 1241 4156 cum
1295 4098 1566 4166 Victorio,
1623 4097 1882 4154 Μαινοητ
1926 4118 2127 4173 quoque

537 4177 982 4237 Christianorum,
1012 4180 1116 4226 etc.

606 4277 677 4288 --
697 4246 1077 4302 Matronarum.
1109 4253 1215 4297 etc.
1251 4240 1476 4296 Codices
1504 4242 1744 4297 nonnulli
1775 4243 1977 4313 legunt,
2012 4244 2130 4299 Μα-

536 4328 803 4375 lronarum
825 4332 1023 4386 quoque
1046 4324 1094 4367 et
1117 4313 1561 4386 Christianorum,
1586 4326 1692 4367 etc.
1716 4313 1949 4367 Grandis
1970 4316 2131 4383 igitur

534 4406 619 4448 est
648 4385 872 4445 tentatio
904 4390 955 4441 in
989 4387 1249 4440 matronis
1285 4385 1634 4448 Christianis,
1666 4399 1801 4454 quas
1842 4395 2129 4455 propterea

535 4478 729 4521 cavere
752 4461 952 4517 debent
976 4456 1225 4514 monachi
1258 4465 1418 4524 atque
1444 4455 1653 4521 clerici,
1684 4457 1729 4511 si
1759 4454 1862 4511 sibi
1890 4454 2127 4524 sapiunt.

1784 4527 2057 4584 Maurus.

613 4614 635 4641 ο
668 4602 1044 4657 Vetustissima
1092 4600 1313 4670 pietatis
1352 4598 1691 4653 Consuetudo
1742 4598 1793 4651 in
1846 4598 2087 4653 Ecclesia
2114 4642 2128 4666 ,

536 4692 659 4747 quae
689 4677 818 4727 viris
844 4674 1131 4747 sanctitate
1160 4670 1460 4747 insignibus
1489 4672 1669 4723 oleum
1700 4670 1787 4747 _vel
1814 4684 2008 4747 panem
2035 4672 2130 4725 be-

537 4740 900 4801 nedicendum
947 4743 1210 4797 offerebat
1239 4784 1253 4807 ,
1282 4744 1383 4794 Sibi
1416 4751 1601 4808 postea
1647 4740 1714 4794 ad
1745 4742 1883 4795 mala
1911 4744 2132 4810 propul-

538 4817 708 4872 sanda
735 4814 1095 4887 profuturum.
1126 4814 1364 4887 Severus
1386 4812 1891 4887 StilpicinsDialog.
1926 4812 2003 4887 Illi
2031 4856 2058 4887 ,Α
2077 4828 2127 4887 c.

536 4891 610 4945 ὅτ
646 4882 769 4942 Non
814 4884 1310 4953 prmtermtttrndum
1364 4883 1595 4945 videtur,
1621 4882 1869 4953 Aciliani
1914 4882 2131 4937 Comitis

538 4976 751 5013 uxorem
780 4951 973 5009 misisse
1007 4954 1233 5008 Martino
1262 4955 1461 5015 oleum,
1492 4951 1629 5022 quod
1656 4954 1723 5006 ad
1741 4952 1971 5007 diversas
1994 4972 2131 5008 mor-

540 5030 721 5081 borum
751 5044 931 5080 causas
972 5024 1343 5086 necessurium,
1389 5028 1518 5077 sicut
1554 5034 1626 5076 est
1667 5026 2001 5092 consuetudo,
2046 5028 2131 5079 be-

543 5100 820 5153 nedicerct.
874 5098 939 5149 lit
992 5096 1151 5167 paulo
1179 5096 1964 5167 post:Auasuitreumcumoleo,
1990 5098 2131 5167 quod

544 5168 805 5222 Martinus
859 5162 1201 5219 benedixerut.
1258 5162 1529 5217 Videndus
1587 5175 1641 5217 et
1697 5162 2125 5222 Ilutinus'l'list.

539 5241 752 5297 Ecclcs.
783 5237 874 5291 lih.
910 5252 947 5289 tt
967 5280 977 5294 .
1001 5250 1122 5299 cap.
1146 5235 1180 5289 4
1200 5276 1213 5299 ,
1236 5234 1325 5287 tibi
1352 5235 1419 5289 de
1445 5234 1598 5287 arido
1627 5238 1884 5291 membris
1910 5239 2128 5294 homine

539 5326 755 5375 narrat,
775 5311 863 5379 qui
897 5308 1018 5362 oleo
1052 5305 1339 5379 benedicta
1362 5315 1656 5379 perunctus
1676 5309 1744 5359 ab
1769 5310 1987 5362 Antonii
2018 5309 2130 5363 dis-

536 5374 1268 5505 cipulissiatimﬂgonvaiuit.
1298 5376 1451 5444 Quod
1473 5374 1813 5433 Sozomenus
1840 5380 2129 5435 confirmat

559 5473 571 5505 I
618 5496 631 5505 .
659 5472 707 5505 τι
735 5495 750 5505 .
775 5467 893 5505 (ῑςιῐ).
1009 5490 1020 5502 .

538 5456 631 5510 lib.
659 5472 707 5509 \‘t
735 5495 750 5510 .
775 5467 893 5510 CuD.
927 5456 1020 5505 20.

618 5496 631 5510 ,
679 5473 686 5483 ’
808 5472 833 5503 il
883 5494 893 5503 .
1009 5490 1020 5502 .

615 5526 631 5565 ί
659 5472 750 5579 ιὲί
769 5467 1170 5595 (ῗαὲδίῗνῖςεὶιαελ,
1192 5528 1298 5595 etc.
1328 5517 1711 5595 in_aliis_liliris
1734 5518 1962 5595 _mss._‘!§t_
1972 5523 2128 5595 quasi

537 5597 748 5650 institas
782 5586 827 5649 et
860 5594 1098 5649 nttrstitia
1138 5592 1191 5646 in
1228 5588 1504 5643 Iustitium
1530 5586 1827 5643 Palwstinte
1871 5586 2125 5648 indicere-

537 5678 639 5719 titr.
670 5667 810 5733 Quid
847 5670 917 5721 sit
944 5663 1235 5731 Iustitium,
1272 5661 1472 5717 vidcsis
1500 5662 1553 5715 in
1580 5661 1944 5785 Dicttougilriis.

1841 5748 1939 5785 sar

1841 5748 2053 5791 ΔΙΠΊΑΝ.

610 5818 633 5855 κ
688 5805 832 5862 Venit
849 5804 1128 5864 Betuliam.
1157 5806 1301 5869 Editi
1316 5804 1557 5867 retinent
1584 5800 1849 5879 Betiiium,
1872 5818 2003 5863 mss.
2022 5804 2125 5862 Be-

2156 4497 2211 4569 Ι)

2241 3284 2565 3338 Arianorum
2599 3281 2785 3335 favens
2814 3279 3044 3344 haeresi,
3078 3289 3367 3348 utrumque
3414 3280 3466 3331 in
3498 3294 3558 3332 ea
3591 3277 3708 3331 ioca
3738 3277 3837 3333 deo

2242 3382 2575 3448 portaverat.
2610 3373 2741 3428 inde
2763 3371 3070 3442 egrediens,
3109 3369 3124 3408 ί
3165 3380 3285 3441 post
3323 3371 3559 3425 triduum
3590 3371 3741 3425 venit
3765 3370 3835 3425 ad

2241 3470 2503 3542 Oppidum
2534 3468 2877 3539 Aphroditon
2906 3484 2920 3520 :
2944 3466 3037 3520 ubi
3065 3475 3335 3521 convento
3358 3465 3591 3521 diacono
3605 3465 3837 3521 Baisane

2229 3606 2433 3662 tuliam.
2477 3607 2583 3661 Alii
2628 3606 2813 3676 legunt
2859 3604 3171 3668 Betlrelium.
3222 3604 3291 3662 de
3344 3620 3453 3677 quo
3488 3604 3839 3677 iszomenus

2232 3679 2327 3733 lib.
2359 3695 2387 3731 v
2420 3678 2671 3733 Historia:
2701 3676 2908 3731 Ecclus.
2941 3691 3062 3746 cap.
3102 3677 3190 3730 15.
3485 3676 3759 3746 Mauri/tu.

2303 3781 2373 3791 —-
2395 3749 2675 3804 Betulium.
2708 3749 2799 3804 Sic
2830 3746 2959 3801 editi
2983 3745 3106 3801 ante
3131 3746 3503 3801 Martianmum
3536 3745 3786 3800 Betiliunt
3816 3765 3836 3812 ;

2232 3820 2351 3891 ipse
2377 3836 2509 3876 vero
2532 3820 2793 3873 Betuliam
2826 3821 2951 3888 legit
2976 3833 3043 3872 ex
3091 3818 3302 3891 aliquot
3329 3833 3487 3891 mss.,
3519 3819 3837 3891 cuiusmodi

2235 3889 2444 3949 nullum
2473 3907 2572 3947 nos
2604 3892 2948 3951 invenimus;
2982 3890 3152 3959 nostri
3185 3890 3333 3945 enim
3376 3889 3695 3959 plerumque
3740 3889 3840 3945 Ve-

2236 3964 2403 4018 titium
2425 4006 2438 4027 ,
2472 3962 2569 4017 sed
2591 3961 2698 4015 duo
2728 3960 2971 4032 Vaticani
2999 3958 3261 4014 Vetulittm
3284 3958 3615 4032 praeferunt.
3638 3961 3835 4016 Dicim-

2240 4044 2328 4088 tur
2356 4036 2517 4089 etiam
2550 4033 2781 4105 quidam,
2804 4031 3095 4105 Betneliunt
3137 4031 3337 4105 legere.
3390 4031 3651 4084 Betuliam
3686 4043 3838 4088 certe

2236 4104 2293 4160 in
2314 4106 2455 4160 libro
2469 4102 2736 4159 Locorum
2768 4103 3055 4163 Eusebius,
3076 4110 3168 4156 aut
3192 4102 3549 4171 Hieronymus
3573 4116 3836 4171 nusquam

2240 4185 2548 4232 memorant
2571 4193 2584 4239 ς
2610 4174 2806 4231 Suidas
2834 4181 3015 4227 autern
3045 4172 3097 4228 id
3144 4188 3307 4228 unum
3360 4175 3523 4227 tradit
3559 4172 3839 4231 civitatem

2237 4248 2305 4301 ad
2358 4247 2671 4305 Jttdtnorunt
2718 4246 2983 4299 ditiOnem
3034 4248 3307 4315 pertinere
3346 4245 3624 4316 βαιτυλαῑα
3675 4248 3837 4306 ἡτῶν

2236 4318 2492 4373 Ἰουδαίων
2537 4318 2701 4378 πόλις.
2750 4318 2930 4385 Quare
2961 4317 3136 4388 vicum
3170 4318 3321 4388 illum
3354 4316 3674 4370 (lumborum
3697 4359 3710 4383 ,
3744 4319 3835 4388 qui

2239 4391 2543 4445 Sozmnenr.
2566 4390 2661 4444 itb.
2687 4405 2742 4453 v,
2775 4404 2896 4457 cap.
2924 4385 2991 4439 15
3018 4428 3029 4445 .
3065 4387 3266 4444 Βηθελία
3290 4387 3515 4451 dicitur,
3541 4388 3698 4442 facile
3727 4385 3840 4457 opi-

2240 4477 2341 4515 nor
2366 4461 2612 4516 indicari.
2647 4461 2875 4515 Accedit
2900 4457 3234 4523 conjecturae
3278 4470 3609 4512 momentum
3641 4474 3704 4513 ex
3744 4476 3842 4513 eo-

2236 4533 2358 4587 dem
2390 4532 2694 4588 Soznmeno
2716 4530 3096 4601 gravissimum
3123 4568 3139 4591 ,
3168 4528 3314 4601 quod
3343 4528 3464 4596 ejus
3494 4528 3597 4583 loci
3631 4531 3837 4587 incolas

2235 4620 2262 4656 a
2292 4604 2348 4658 S.
2379 4604 2656 4658 lliiarione
2676 4598 2741 4654 ad
2770 4601 3131 4653 Christianam
3159 4598 3319 4652 iidem
3342 4604 3836 4669 Conversostradit,

2236 4675 2521 4744 ipsumque
2550 4688 2709 4727 avum
2734 4686 2891 4725 suum
2924 4671 3249 4744 baptismum
3277 4671 3346 4744 ibi
3370 4672 3676 4740 sUsrcpisse
3707 4672 3841 4727 l’or-

2234 4741 2295 4799 ro
2325 4745 2597 4799 Bethelian
2628 4745 2707 4796 sic
2754 4744 2829 4795 ait
2880 4741 3143 4811 appellari
3185 4757 3249 4795 ex
3301 4741 3542 4796 P-llllilell
3567 4744 3710 4811 quod
3761 4744 3837 4799 ibi

2233 4827 2373 4890 erat,
2401 4818 2452 4869 ἐκ
2480 4824 2569 4875 τῆς·
2593 4817 2759 4890 Σύρῳν
2773 4823 2956 4890 φωνῆς.
2973 4815 3043 4890 εἰς
3069 4817 3159 4890 {uti
3179 4811 3416 4890 Ἑλλήνων
3434 4815 3834 4890 ἑρμηνευόμενον

2233 4881 2669 4964 ρςῶνῌοεκητήριοιξ
2712 4881 3049 4964 ὀνόμάζὶσθαι
3085 4881 3169 4938 διὰ
3217 4887 3301 4939 τὸν
3331 4892 3418 4939 τοῦ
3448 4881 3831 4942 flauescit-mou.

2235 4956 2318 5011 Ea:
2354 4953 2602 5027 Syrorum
2624 4953 2804 5025 tinguit
2821 4959 2873 5008 in
2896 4953 3133 5009 Graecam
3162 4970 3459 5027 conticrstuu
3485 4972 3691 5022 nomen,
3710 4960 3839 5011 deo-

2232 5045 2347 5082 rum
2377 5025 2695 5080 domicilium
2725 5028 2976 5097 appellari
3006 5036 3215 5096 propter
3248 5025 3466 5097 l’antltei
3488 5028 3756 5097 templum.

2308 5098 2331 5134 ’ί
2367 5098 2613 5153 Vaticani
2642 5099 2750 5152 duo
2781 5096 3068 5163 Licltonos,
3098 5100 3291 5150 tertius
3321 5096 3513 5167 Lignos
3533 5140 3546 5165 ,
3594 5096 3687 5152 alii
3742 5100 3829 5154 Li-

2232 5170 2479 5241 c/tognos.
2507 5169 2733 5224 Videtur
2782 5178 2961 5222 autem
3009 5168 3300 5241 legendum
3338 5168 3506 5240 Lycas
3527 5210 3541 5233 ,
3575 5171 3718 5238 quod
3748 5181 3838 5227 est

2233 5239 2489 5312 Opp—idin“
2523 5242 2574 5293 in
2605 5250 2841 5312 extrema
2880 5250 3030 5312 parte
3062 5239 3616 5295 Tltcbaidis.’Plittius
3651 5242 3742 5312 lih.
3779 5259 3833 5309 γ,

2233 5310 2399 5382 Lycas
2428 5310 2513 5364 ubi
2534 5322 2728 5382 montes
2746 5310 2952 5380 finiunt.
2979 5310 3099 5363 Mox
3120 5325 3339 5380 quoque
3362 5312 3451 5365 alii
3469 5312 3629 5382 codd.
3656 5311 3837 5367 Thou-

2233 5380 2413 5437 buston
2435 5424 2449 5447 ,
2484 5394 2537 5437 et
2570 5380 2866 5437 Thabastan
2896 5422 2910 5450 ,
2952 5396 3088 5435 unus
3127 5383 3346 5450 propius
3381 5397 3510 5437 vero
3555 5380 3835 5438 Tltaubas-

2232 5466 2354 5520 ton;
2382 5453 2539 5509 facile
2562 5457 2704 5509 enim
2737 5465 2986 5523 putamus
3013 5452 3218 5511 Θαῦϐα.
3250 5453 3392 5521 quod
3423 5454 3476 5506 in
3506 5455 3703 5508 Arabia
3735 5454 3835 5512 de-

2232 5526 3004 5602 serta_coilo_catPtolemmus,
3038 5523 3276 5602 cap._l9,
3312 5524 3512 5602 debere
3540 5524 3792 5593 ittlelligi.

2312 5594 2501 5651 i'l‘res
2534 5597 2701 5649 Vatic.
2756 5609 2915 5662 mss.,
2965 5603 3077 5664 post
3127 5594 3358 5647 biduum.
3396 5593 3600 5651 Vitiose
3646 5608 3832 5657 autem

2232 5677 2347 5722 erat
2374 5682 2543 5737 penes
2573 5666 2942 5738 Martiantenm
2975 5666 3135 5738 paulo
3160 5675 3311 5738 post,
3343 5664 3431 5735 qui
3455 5669 3599 5738 equis
3623 5665 3828 5734 locatis,

2232 5734 2593 5806 dromodibus,
2626 5744 2732 5792 etc.
2769 5737 2876 5791 Nec
2903 5738 3036 5791 satis
3063 5736 3200 5806 bene
3228 5734 3504 5791 Victurius
3526 5779 3540 5799 ,
3573 5739 3661 5806 qui
3685 5739 3833 5797 loca-

2234 5811 2298 5864 tis
2321 5809 2560 5878 camelis,
2581 5804 2639 5864 'et
2666 5807 2950 5878 dromedis,
2978 5806 3133 5878 quasi
3159 5804 3280 5862 duce
3311 5816 3498 5864 essent
3518 5804 3827 5871 be‘lluarunt
