4074 6394
214 334 283 396 ιδ
1311 343 1472 402 VITA
1514 344 1575 405 S.
1619 345 2010 406 lllLAﬂlONlS
2054 348 2415 408 EREMITE.
3456 362 3527 421 46

219 459 355 532 (qui
386 459 583 517 locatis
605 460 959 518 dromadibus
983 463 1241 531 camelis,
1264 464 1337 520 ob
1358 480 1511 536 aqua:
1541 468 1594 521 in
1627 482 1817 523 eremo
1844 475 1893 532 Α
1992 472 2081 525 52.
2116 470 2361 525 Ριιιυὶαηι
2388 470 2634 541 impetrat
2664 471 2929 528 Hilarion.
2964 502 3033 514 ——
3070 473 3235 545 igitur
3266 491 3526 534 reversus

217 558 511 627 penuriam
532 570 892 615 consueverat
918 572 1111 616 euntes
1139 561 1204 615 ad
1238 563 1533 617 Antonium
1557 564 1817 635 ducere),

216 652 505 707 confessus
534 662 615 708 est
655 654 910 709 fratribus
940 655 1143 710 instare
1165 656 1270 728 31
1296 657 1437 712 diem
1471 658 1819 716 dormitionis

216 743 367 798 beati
400 744 618 799 Antonii
644 762 658 811 ;
694 753 749 801 et
778 747 1092 817 pervigilem
1121 762 1335 803 noetem
1361 750 1411 804 in
1445 750 1565 820 ipso
1592 768 1698 822 quo
1725 754 1821 808 de-

221 834 435 891 functus
468 838 643 893 fuerat
669 839 818 902 loco,
849 854 876 892 a
907 855 965 894 se
992 841 1043 895 ei
1071 840 1270 896 debere
1298 843 1581 897 celebrari.
1621 844 1818 901 Tribus

220 927 384 999 igitur
413 929 608 985 diebus
634 947 729 1000 per
757 942 961 987 vastam
984 942 1040 988 et
1067 934 1386 991 horribilem
1422 938 1776 993 solitudinem
1799 981 1814 1007 ,

215 1020 435 1076 tandem
465 1023 533 1077 ad
560 1035 801 1079 montem
830 1026 1154 1082 altissimum
1184 1040 1553 1098 pervenerunt
1578 1074 1592 1099 ,
1624 1047 1817 1104 reper-

217 1112 290 1168 tis
317 1114 389 1169 ibi
417 1115 626 1171 duobus
651 1118 954 1183 monachis,
984 1118 1131 1174 Isaac
1163 1131 1213 1175 et
1243 1121 1554 1188 Pelusiauo,
1585 1139 1815 1193 quorum

211 1202 367 1261 Isaac
393 1207 661 1278 interpres
688 1212 907 1265 Antonii
938 1211 1137 1268 fuerat.

284 1302 377 1356 51.
423 1301 795 1360 Ηαὺὶιτιοαιωη
823 1308 883 1361 8.
919 1307 1147 1363 Antonii.
1174 1307 1375 1364 Cellttla
1395 1310 1624 1365 Antonii.
1648 1311 1815 1384 Igno-

210 1399 320 1447 tum
343 1394 635 1465 sepulcrum
657 1396 720 1451 Β.
748 1398 978 1453 Antonii.
1004 1432 1074 1442 -
1098 1403 1161 1455 Et
1185 1402 1309 1471 quia
1340 1418 1397 1457 se
1429 1404 1637 1472 praebet
1660 1420 1817 1459 occa-

207 1485 329 1553 sio,
366 1496 421 1543 et
449 1490 514 1543 ad
549 1490 651 1544 loci
684 1492 931 1547 venimus
957 1534 972 1560 ,
1005 1493 1227 1564 dignum
1262 1493 1475 1549 videtur
1508 1496 1658 1551 brevi
1700 1511 1816 1551 ser-

207 1594 375 1636 mone
410 1582 772 1639 habitacninm
808 1588 943 1640 tanti
998 1588 1097 1642 viri
1127 1588 1466 1644 describere.
1514 1589 1729 1645 Saxeus
1760 1600 1815 1645 et

205 1673 458 1729 sublimis
485 1692 642 1731 mons
673 1694 769 1747 per
795 1679 945 1734 mille
975 1681 1193 1735 circiter
1226 1695 1418 1750 passus
1446 1722 1459 1747 ,
1493 1681 1558 1735 ad
1600 1681 1814 1737 radices

203 1778 335 1821 suas
363 1784 530 1835 aquas
563 1772 863 1839 exprimit,
898 1787 1124 1842 quarum
1170 1775 1305 1826 alias
1338 1788 1518 1828 arena!
1548 1774 1810 1841 ebibunt,

1923 561 1989 616 ad
2016 562 2362 631 Aphroditon
2393 604 2407 625 ,
2438 563 2652 617 duobus
2680 580 2865 620 secum
2917 574 3126 620 tantum
3161 568 3393 621 retentis
3416 569 3527 621 fra-

1924 655 2118 715 tribus.
2150 657 2199 710 in
2227 654 2405 710 vicina
2438 670 2625 710 eremo
2649 669 2896 713 moratus
2921 668 3005 713 est
3032 677 3043 711 :
3072 668 3218 713 tanta
3248 661 3532 715 abstinen-

1922 746 1997 799 tia
2034 755 2094 804 et
2117 747 2335 802 silentio
2362 790 2377 813 ,
2440 757 2499 802 ut
2527 757 2655 803 tunc
2687 752 2921 817 primum
2952 766 3015 805 se
3040 753 3277 821 cepisse
3306 754 3529 808 Christo

1921 843 2129 896 servire
2179 842 2405 898 diceret.
2466 841 2639 897 Porro
2691 844 2803 913 jam
2853 846 3149 901 triennium
3179 856 3335 913 erat,
3378 848 3529 917 quod

1920 932 2164 989 clausura
2196 936 2395 989 etclam
2451 935 2575 988 illas
2603 945 2774 990 terras
2798 936 3138 1002 arefecerat;
3172 949 3228 992 ut
3256 940 3418 1007 vulgo
3444 940 3528 995 di-

1919 1035 2139 1091 cerent,
2169 1026 2390 1081 Antonii
2419 1036 2651 1081 mortem
2681 1029 2845 1082 etiam
2873 1029 3148 1085 elementa
3175 1031 3380 1101 lugere.
3403 1032 3523 1087 Non

1920 1116 2076 1173 latuit
2118 1118 2260 1175 fama
2309 1119 2605 1175 Hilarionis
2626 1122 2840 1177 accolas
2868 1139 3081 1195 quoque
3104 1124 3246 1179 illius
3278 1125 3416 1179 loci:
3472 1134 3528 1180 et

1919 1211 2171 1265 certatim
2203 1212 2376 1267 virilis
2404 1227 2469 1268 ac
2496 1214 2775 1270 muliebris
2807 1230 2971 1270 sexus
3017 1233 3114 1272 ore
3144 1217 3333 1283 luridi,
3359 1226 3414 1272 et
3441 1228 3527 1273 at-

1920 1302 2127 1356 tenuati
2167 1301 2328 1371 fame,
2359 1304 2572 1373 pluvias
2598 1320 2628 1357 a
2649 1319 2808 1360 servo
2838 1304 3038 1362 Christi
3064 1349 3077 1373 ,
3108 1308 3165 1362 id
3188 1320 3291 1371 est,
3322 1325 3349 1363 a
3380 1310 3529 1365 beati

1918 1393 2145 1449 Antonii
2166 1409 2486 1451 successore
2510 1397 2966 1467 deprecabantur.
2998 1402 3145 1469 Quos
3162 1402 3252 1456 ille
3266 1416 3521 1466 cernens,

1927 1487 2069 1542 mire
2100 1487 2294 1542 doluit.
2324 1488 2673 1561 Elevatisque
2704 1492 2756 1546 in
2789 1493 2991 1548 emtum
3017 1495 3223 1560 oculis,
3272 1502 3327 1547 ct
3352 1503 3528 1547 utras-

1917 1595 2030 1651 que
2060 1581 2113 1635 in
2140 1581 2379 1637 sublime
2429 1586 2646 1653 erigens
2694 1586 2929 1654 palmas,
2964 1587 3149 1641 statim
3199 1587 3517 1656 impetravit

1916 1673 2065 1741 quod
2090 1685 2433 1744 rogaverant.
2469 1677 2609 1731 Ecce
2638 1691 2817 1733 autem
2849 1680 3041 1735 sitiens
3062 1697 3401 1751 arenosaque
3429 1698 3519 1737 re-

1917 1766 2041 1834 gio,
2075 1778 2364 1837 postquam
2418 1768 2614 1837 pluviis
2645 1772 2863 1839 irrigata
2912 1782 3023 1837 est,
3058 1783 3261 1828 tantam
3292 1790 3521 1844 serpen-

200 1858 325 1914 δῆω
348 1862 415 1915 ad
448 1861 704 1917 inferiora
738 1864 1000 1935 delapsa,
1034 1866 1296 1935 paulatim
1327 1866 1500 1921 rivum
1524 1868 1804 1934 efﬁciunt;
1840 1862 1887 1921 B
1922 1866 2033 1913 tum
2067 1868 2122 1914 et
2149 1870 2543 1916 venenatorum
2574 1864 2889 1918 animalium
2937 1882 3001 1921 ex
3050 1868 3346 1938 improviso
3367 1869 3520 1923 ebul-

200 1967 370 2023 super
392 1972 552 2025 quem
596 1974 658 2012 ex
690 1968 925 2028 utraque
975 1961 1091 2027 ripa
1145 1960 1338 2031 palma:
1378 1962 1809 2017 innumerabiles

196 2049 431 2102 multum
460 2051 584 2104 loco
604 2062 653 2105 et
686 2052 1022 2106 amoenitatis
1044 2064 1101 2106 et
1122 2054 1396 2108 commodi
1423 2056 1691 2110 tribuunt.
1719 2057 1804 2109 Vi-

194 2138 365 2193 deres
397 2156 591 2195 senem
626 2140 731 2194 huc
763 2152 926 2209 atque
981 2142 1110 2196 illuc
1155 2158 1278 2197 cum
1338 2145 1619 2214 discipulis
1666 2146 1813 2201 beati

197 2232 433 2287 Antonii
464 2232 795 2289 discurrere.
832 2234 931 2289 Hic
954 2276 967 2301 ,
991 2235 1237 2301 aiebant,
1268 2237 1539 2306 psallere,
1574 2238 1659 2294 bie
1682 2254 1806 2294 ora-

195 2339 298 2388 re,
344 2322 432 2379 hic
458 2325 700 2394 operari,
728 2325 815 2381 hic
845 2325 1021 2382 fessus
1054 2328 1299 2384 residere
1326 2330 1521 2385 solitus
1542 2341 1675 2386 erat.
1704 2331 1810 2387 llas

188 2416 377 2481 vites,
410 2417 507 2471 bas
543 2419 864 2474 arbusculas
889 2420 1006 2491 ipse
1039 2421 1306 2490 plantavit
1335 2439 1347 2475 :
1392 2420 1539 2475 illam
1570 2424 1809 2478 areolam

187 2510 444 2565 manibus
472 2514 588 2565 suis
620 2511 735 2582 ipse
764 2516 1094 2583 composuit.
1146 2514 1295 2570 Hanc
1326 2516 1589 2585 piscinam
1629 2515 1647 2589 [
1675 2516 1803 2572 Mss.

190 2603 519 2673 piscinulant
547 2602 567 2676 ]
597 2605 661 2658 ad
694 2606 1035 2677 irrigandum
1070 2608 1348 2661 hortulum
1386 2610 1559 2663 multo
1606 2612 1805 2664 sudore

189 2696 492 2750 fabricatus
519 2708 621 2751 est.
656 2696 817 2751 istum
848 2699 1120 2753 sarculum
1155 2697 1221 2752 ad
1255 2698 1566 2755 fodiendam
1600 2711 1799 2755 terram

189 2788 444 2859 pluribus
486 2790 643 2845 annis
704 2791 909 2845 habuit.
964 2790 1193 2847 Jacebat
1239 2792 1289 2845 in
1336 2801 1510 2847 stratu
1536 2792 1697 2861 ejus,
1747 2802 1802 2848 et

190 2881 355 2953 quasi
376 2884 560 2939 calens
586 2884 763 2940 adhuc
788 2886 967 2940 cubile
990 2886 1432 2941 deosculabatur.
1465 2888 1593 2939 Erat
1617 2894 1795 2941 autem

188 2974 390 3029 cellula
421 2990 528 3030 non
555 2977 672 3046 plus
703 2993 974 3032 mensura:
1006 2993 1101 3048 per
1121 2978 1390 3048 quadrum
1427 2986 1619 3033 tenens
1638 2993 1799 3047 quam

190 3065 365 3122 homo
392 3068 668 3124 dormiens
698 3069 915 3124 extendi
944 3080 1182 3139 poterat.
1212 3069 1493 3125 Praeterea
1522 3070 1575 3123 in
1627 3069 1797 3124 subli-

190 3161 271 3215 mi
300 3161 501 3215 montis
532 3164 736 3216 vertice
756 3204 768 3227 ,
799 3163 953 3232 quasi
1006 3179 1101 3231 per
1131 3163 1407 3217 cochleam
1449 3162 1796 3217 ascendenti-

1916 1952 2033 2006 livit
2062 1952 2505 2020 multitudinem,
2549 1964 2605 2009 ut
2636 1958 2876 2025 percuSsi
2903 1958 3334 2015 innumerabiles
3364 2003 3379 2025 ,
3414 1962 3519 2016 nisi

1914 2046 1982 2099 ad
2010 2047 2342 2102 Hilarionem
2372 2049 2781 2105 concurrissent
2807 2094 2820 2117 ,
2873 2055 3048 2108 statim
3080 2056 3387 2109 interirent.
3418 2055 3517 2109 Be—

1916 2137 2137 2193 nedicto
2162 2140 2343 2209 itaque
2365 2142 2487 2195 oleo
2517 2143 2761 2198 universi
2797 2145 3048 2213 agricola:
3075 2156 3240 2216 atque
3270 2156 3519 2216 pastores

1916 2238 2205 2299 tangentes
2236 2232 2462 2288 vulnera
2488 2275 2502 2299 ,
2528 2245 2737 2289 certam
2766 2237 2998 2292 salutem
3040 2238 3412 2294 resuinebant.

1984 2322 2073 2377 35.
2106 2321 2286 2392 Pergit
2308 2325 2360 2377 in
2386 2325 2520 2380 alias
2540 2328 2795 2397 regiones.
2831 2357 2900 2367 ——
2925 2330 3130 2384 \‘ideus
3157 2331 3320 2385 etiam
3346 2331 3420 2385 ibi
3455 2349 3514 2388 se

1914 2416 2064 2468 miris
2098 2414 2399 2470 honoribus
2421 2416 2563 2471 affici
2592 2459 2605 2483 ,
2642 2419 2884 2489 perrexit
2916 2421 3311 2477 Alexandriam
3338 2464 3351 2488 ,
3390 2425 3515 2480 inde

1913 2504 1982 2559 ad
2040 2505 2561 2577 ulteriorem[Mss.
2622 2510 2969 2585 interiorem]
3025 2515 3206 2570 Oasim
3266 2533 3509 2572 eretnum

1913 2596 2267 2652 transiturus.
2299 2599 2367 2653 Et
2390 2602 2516 2670 quia
2551 2617 2844 2672 numquam
2869 2620 2932 2659 ex
2963 2621 3070 2675 quo
3114 2619 3360 2677 coeperat
3392 2624 3515 2665 esse

1909 2691 2228 2755 monachus,
2252 2690 2305 2744 in
2331 2692 2555 2747 urbibus
2573 2706 2873 2761 manserat,
2906 2698 3128 2753 divertit
3151 2701 3218 2755 ad
3248 2703 3511 2771 quosdam

1904 2780 2107 2837 fratres
2137 2782 2239 2838 sibi
2263 2793 2423 2838 notos
2456 2785 2507 2838 in
2542 2796 2564 2823 ο
2594 2785 2859 2853 Bruchie,
2893 2789 3033 2844 haud
3064 2794 3255 2860 procul
3285 2796 3352 2849 ab
3384 2797 3513 2851 Ale-

1906 2874 2157 2939 xandria;
2194 2876 2282 2944 qui
2312 2891 2433 2930 cum
2466 2877 2604 2930 miro
2632 2880 2828 2949 gaudio
2859 2886 3229 2952 suscepissent
3272 2902 3462 2942 senem
3494 2930 3508 2955 ,

1904 2977 1955 3022 et
1981 2968 2089 3037 jam
2123 2969 2300 3023 vicina
2330 2984 2435 3024 uox
2468 2981 2639 3036 esset,
2671 2983 2897 3043 repente
2941 2978 3169 3034 audiunt
3200 2980 3507 3052 discipulos

1904 3062 2022 3132 ejus
2050 3062 2269 3117 asinum
2319 3072 2597 3129 sternere,
2657 3067 2922 3139 illumque
2962 3085 3155 3141 parare
3206 3078 3503 3144 proficisci.

1902 3154 2088 3224 itaque
2126 3154 2365 3211 advoluti
2391 3157 2658 3227 pedibus,
2694 3161 2957 3230 rogabant
3006 3180 3075 3220 ne
3123 3166 3226 3223 hoc
3262 3168 3502 3237 faceret;

188 3254 303 3311 bus
327 3296 342 3321 ,
372 3264 428 3309 ei
457 3253 628 3308 arduo
652 3255 810 3309 valde
855 3256 976 3310 nisu
1019 3250 1135 3325 [A1,
1174 3258 1367 3313 nanis“
1392 3258 1445 3331 1,
1505 3260 1624 3315 dum
1649 3259 1791 3329 ejus.
1824 3243 1870 3308 C
1901 3258 1953 3303 et
1980 3261 2105 3303 ante
2128 3248 2291 3304 limen
2316 3250 2573 3318 prostrati
2598 3291 2610 3312 .
2645 3252 2806 3307 citius
2850 3268 2908 3308 se
2952 3258 3086 3312 mori
3116 3300 3129 3323 ,
3159 3275 3320 3329 quam
3352 3270 3505 3317 tanto

182 3344 323 3403 dem
357 3359 626 3400 mensura:
658 3346 868 3403 cellulae
900 3347 1217 3403 visebantur
1242 3368 1253 3402 :
1282 3351 1333 3405 in
1357 3352 1551 3421 quibus
1574 3351 1798 3407 venien-

185 3438 334 3493 tium
370 3436 725 3508 frequentiam
750 3480 762 3503 ,
808 3447 861 3494 et
908 3438 1303 3511 discipulorum
1351 3457 1572 3498 suorum
1606 3453 1798 3499 contu-

184 3533 446 3591 bernium
474 3533 686 3604 fugiens
716 3545 960 3590 moratus
989 3546 1093 3589 est.
1130 3535 1327 3591 Verum
1362 3538 1443 3591 brc
1467 3538 1519 3592 in
1550 3539 1672 3593 vivo
1696 3554 1794 3592 cx-

188 3624 320 3681 ciszc
344 3640 508 3693 saxo,
544 3627 681 3680 ostia
711 3634 921 3681 tantum
952 3626 1138 3682 addita
1173 3628 1465 3684 habebant.
1503 3630 1794 3700 Postquam

188 3728 375 3773 autem
407 3719 475 3774 ad
505 3719 787 3775 hortulum
816 3732 1115 3777 venerant:
1148 3722 1358 3777 Videtis
1381 3765 1395 3788 ,
1423 3724 1595 3795 inquit
1620 3724 1792 3791 Isaac,

188 3812 297 3867 hoc
329 3813 636 3884 pomarium
668 3811 777 3886 [ΑΙ.
804 3813 1143 3887 pomerium]
1167 3816 1467 3871 arbusculis
1498 3818 1795 3883 consitum,

188 3915 249 3961 et
289 3907 533 3963 oleribus
566 3904 785 3972 virens;
814 3918 942 3963 ante
976 3907 1081 3963 hoc
1118 3907 1291 3965 ferme
1334 3909 1629 3965 triennium
1668 3924 1790 3965 cum

188 4013 521 4071 onagrorum
552 4016 685 4072 grex
717 4011 981 4069 vastaret,
1018 4019 1180 4058 unum
1206 4019 1236 4059 e
1256 4004 1573 4061 ductoribus
1601 4019 1791 4061 eorum

188 4092 557 4163 starejussit,
584 4093 889 4167 baculoque
935 4096 1170 4153 tundens
1207 4098 1418 4154 latera:
1464 4099 1677 4165 Quare,
1710 4098 1794 4153 in-

187 4186 339 4257 quit,
373 4187 664 4243 comeditis
691 4192 833 4259 quod
863 4206 968 4245 non
996 4191 1306 4248 seminastis
1328 4194 1350 4246 τ
1375 4193 1439 4247 Et
1467 4193 1666 4249 exinde
1692 4209 1793 4249 ex-

186 4279 365 4349 ceptis
402 4280 586 4351 aquis,
606 4281 672 4336 ad
690 4297 822 4352 quas
838 4284 1100 4353 potaudas
1115 4286 1475 4353 ventitabant,
1494 4304 1788 4359 numquam

186 4387 289 4430 eos
320 4390 419 4430 nec
444 4376 793 4432 arbusCulam
816 4420 829 4444 ,
857 4394 956 4435 nec
997 4382 1144 4435 olera
1164 4382 1484 4452 contigisse.
1517 4382 1788 4438 Praeterea

184 4468 419 4539 rogabat
452 4485 621 4525 senex
650 4514 664 4538 ,
695 4479 753 4525 ut
782 4473 883 4528 sibi
910 4473 1091 4530 locum
1125 4474 1321 4529 tumuli
1364 4475 1482 4544 ejus
1530 4476 1788 4531 ostende-

182 4566 341 4616 rent.
386 4560 491 4627 Qui
539 4576 661 4618 cum
710 4577 953 4621 seorsum
1008 4582 1131 4622 eum
1161 4566 1554 4631 abduxissent,
1606 4576 1783 4623 utrum

183 4654 624 4708 monstraverint
667 4672 837 4713 necne
888 4659 1190 4730 ignoratur.
1245 4658 1480 4714 Causam
1507 4630 1864 4715 occultau-D

185 4743 245 4800 di
281 4742 434 4814 juxta
458 4758 787 4820 praeceptum
816 4758 843 4787 ι
874 4752 1095 4806 Antonii
1131 4750 1300 4807 fuisse
1342 4750 1648 4807 referentes
1675 4792 1688 4817 ,
1716 4767 1783 4808 ne

183 4832 542 4907 Pergamius,
596 4841 687 4909 qui
736 4840 845 4913 32
901 4841 956 4897 in
986 4843 1092 4898 illis
1122 4843 1256 4898 locis
1282 4843 1585 4898 ditissimus
1622 4853 1778 4912 erat,

183 4927 410 4984 sublato
430 4931 497 4986 ad
520 4932 707 4989 villam
735 4948 888 4990 suam
911 4935 1087 4991 sancti
1119 4950 1371 5007 corpore,
1404 4935 1431 4976 δ
1462 4937 1781 5010 martyrium

182 5016 574 5081 fabricaretur.

184 5165 434 5239 species,
465 5177 651 5226 contra
681 5185 843 5239 quam
874 5170 1036 5226 docet
1066 5170 1331 5239 Vopiscus
1357 5169 1409 5225 in
1438 5169 1733 5225 Aureliano
1761 5207 1777 5235 ,

181 5234 415 5314 leucoia
443 5258 559 5294 cum
590 5234 789 5314 fugeret
812 5244 1049 5302 camelis.
1079 5234 1209 5312 quos
1231 5242 1504 5295 drcmedas
1535 5234 1778 5306 vocitant,

184 5319 293 5363 etc.
325 5310 437 5365 Nos
464 5310 703 5367 locum'e
734 5330 865 5368 mss.
891 5310 1162 5368 consensu
1190 5314 1544 5369 restituitnus.

258 5390 284 5417 α
316 5382 438 5437 Vid.
464 5384 519 5438 S.
554 5384 918 5440 Athanasium
952 5386 1003 5439 in
1033 5385 1145 5440 Vit.
1177 5385 1233 5442 S.
1266 5387 1508 5441 Antonii.
1534 5386 1676 5440 Infra
1706 5385 1782 5438 le-

184 5453 337 5508 viora
370 5455 616 5522 quadam
644 5460 1027 5512 einendamus.

254 5524 282 5601 ιζ
325 5523 550 5598 Μανιῃν.
582 5530 768 5601 [αιινὶσ.
809 5527 1124 5601 Martyrium
1148 5538 1236 5601 est
1266 5524 1780 5601 templumdicatum

182 5596 237 5653 in
267 5595 533 5677 honorem
564 5595 880 5671 Martyrum,
911 5595 997 5655 vel
1022 5595 1425 5677 Conlessorum.
1510 5597 1780 5677 Maturius.

260 5679 281 5743 ’ἶ
324 5667 621 5743 “Inerant
653 5666 930 5743 ct'contra
977 5686 1108 5726 mss.
1147 5672 1306 5743 fidem
1334 5674 1612 5743 hucusque
1646 5666 1787 5743 obti-

186 5740 309 5794 nuit
342 5736 619 5812 hic‘atque
646 5743 785 5797 infra
817 5742 1021 5799 Brutio.
1060 5743 1167 5800 Sed
1190 5742 1472 5797 Bruchium
1503 5736 1786 5812 legendum

187 5813 399 5865 monuit
430 5807 591 5869 etiam
622 5813 894 5870 Ammian.
929 5814 1171 5869 Mareell.
1215 5816 1307 5870 lib.
1332 5828 1473 5877 xxii,
1520 5807 1687 5864 cIiG.
1722 5807 1794 5861 Et

190 5878 529 5954 Epiphanius
556 5926 570 5955 ,
626 5887 720 5957 qui
767 5884 1024 5966 Βρούχιον
1084 5887 1261 5958 κλίμα,
1302 5884 1355 5940 id
1399 5891 1483 5939 est
1513 5880 1791 5950 regionem

1902 3355 2091 3395 carere
2120 3340 2336 3411 hospite
2370 3343 2732 3398 testabantur.
2788 3345 2996 3414 Quibus
3029 3349 3121 3404 ille
3176 3353 3502 3422 respondit:

1902 3434 2113 3490 idcirco
2134 3436 2289 3492 abire
2321 3437 2552 3503 festino,
2582 3453 2649 3494 ne
2681 3439 2836 3494 vobis
2885 3443 3193 3499 molestiam
3217 3462 3500 3517 generem.

1900 3526 2063 3583 Certe
2084 3542 2152 3584 ex
2179 3530 2571 3598 posterioribus
2622 3535 2965 3602 cognoscetis
2985 3577 2997 3601 ,
3052 3555 3159 3593 non
3183 3541 3305 3595 sine
3334 3557 3503 3597 causa

1900 3635 1988 3675 me
2013 3621 2193 3676 subito
2220 3622 2548 3679 ambulasse.
2573 3624 2743 3693 Igitur
2770 3626 2937 3682 altera
2965 3629 3053 3684 die
3075 3630 3345 3687 Gazenses
3373 3649 3495 3689 cum

1899 3711 2183 3768 lictoribus
2204 3714 2447 3784 priefecti
2476 3715 2627 3787 (nam
2648 3718 2825 3785 pridie
2847 3735 2973 3775 eum
2992 3725 3211 3779 venisse
3230 3740 3500 3795 Cognove-

1898 3805 2047 3876 rant)
2070 3806 2335 3863 intrantes
2360 3810 2777 3877 monasterium,
2794 3827 2916 3867 cum
2933 3815 3079 3869 illum
3102 3818 3322 3874 minime
3345 3821 3495 3877 inve-

1899 3896 2105 3954 nissent
2136 3901 2370 3956 invicem
2400 3902 2764 3967 loquebantur
2790 3923 2801 3958 :
2836 3905 3030 3965 Nonne
3058 3924 3186 3965 vera
3219 3924 3343 3966 sunt
3369 3930 3491 3983 qua:

1897 3993 2238 4050 audivimus?
2286 4011 2475 4067 magus
2516 4005 2625 4065 est,
2675 4007 2730 4053 et
2769 3999 2945 4055 futura
2999 4006 3305 4073 cegnoscit.
3349 4007 3491 4062 Urbs

1896 4088 2040 4142 enim
2064 4088 2230 4153 Gaza,
2277 4103 2589 4160 pOStquam,
2636 4093 2881 4162 profecto
2908 4092 2977 4147 de
3020 4094 3308 4149 Palaestina
3340 4096 3492 4153 Hila-

1896 4181 2077 4246 rione,
2110 4180 2361 4235 Julianus
2391 4183 2443 4236 in
2487 4183 2781 4253 imperium
2821 4185 2928 4256 33
2973 4200 3350 4254 successerat,
3398 4190 3491 4246 de-

1896 4285 2105 4331 structo
2123 4278 2455 4331 monasterio
2470 4278 2608 4347 ejus,
2633 4280 2890 4348 precibus
2908 4280 2973 4332 ad
2997 4279 3380 4349 imperatorem
3397 4284 3493 4337 da-

1894 4370 1994 4437 tis,
2014 4381 2068 4426 et
2096 4371 2414 4435 Hilarionis,
2445 4380 2501 4425 et
2535 4372 2787 4444 llesychii
2816 4382 3047 4427 mortem
3068 4373 3488 4443 impetraverat:

1892 4464 2163 4529 amboque
2188 4474 2251 4518 ut
2280 4476 2678 4534 quaererentur,
2711 4475 2823 4521 tuto
2844 4467 2977 4521 orbe
3001 4469 3263 4535 scriptum
3295 4478 3432 4523 erat.

1963 4561 2052 4617 5i.
2100 4559 2178 4613 De
2222 4561 2450 4615 Adriano
2482 4560 2759 4629 discipulo.
2804 4562 3071 4631 Egressus
3096 4581 3225 4635 ergo
3261 4565 3330 4622 de
3362 4565 3492 4623 Bru-

1890 4653 2039 4719 eliio,
2072 4669 2167 4723 per
2189 4653 2392 4708 inviam
2416 4654 2768 4709 solitudinem
2800 4656 3026 4709 intravit
3046 4657 3228 4713 Oasim
3259 4676 3271 4712 :
3303 4660 3486 4731 ibique

1892 4763 2037 4801 anno
2088 4749 2208 4817 plus
2259 4748 2439 4801 minus
2487 4758 2708 4814 exacto,
2743 4747 3078 4819 quiadilluc
3128 4768 3345 4823 quoque
3388 4772 3488 4811 sua

1890 4838 2031 4893 fama
2067 4846 2408 4909 pervenerat,
2452 4838 2607 4908 quasi
2630 4839 2741 4907 jam
2791 4842 2846 4895 in
2876 4840 3101 4897 Oriente
3153 4845 3324 4901 latere
3375 4862 3486 4902 non

1892 4939 2099 5002 posset,
2134 4929 2225 4983 ubi
2253 4928 2409 4982 multi
2458 4929 2611 4982 illum
2643 4939 2699 4984 et
2725 4932 3008 5000 opinione,
3041 4943 3096 4991 et
3123 4937 3274 4991 vultu
3318 4956 3485 4999 nove-

1891 5034 2036 5095 rant,
2066 5023 2133 5079 ad
2163 5022 2309 5079 solas
2338 5022 2594 5093 navigare
2640 5024 2844 5082 insulas
2885 5030 3185 5101 cogitabat;
3222 5044 3281 5090 ut
3320 5054 3478 5108 quem

1884 5164 2149 5221 Bruchion
2173 5161 2373 5216 dictam
2401 5176 2493 5216 sua
2520 5173 2679 5220 :elate
2708 5166 2975 5224 desertam
3021 5170 3185 5228 fuisse
3228 5182 3478 5233 testatur.

1890 5243 2094 5315 Aucmt'
2120 5233 2266 5315 Vitas
2288 5236 2557 5315 Apollonii
2583 5240 2820 5315 llyscqli,
2851 5244 3106 5315 Προύχςον
3132 5263 3142 5296 :
3175 5258 3331 5299 vocat
3359 5251 3403 5299 ἐν
3417 5259 3478 5315 τῇ

1888 5310 2133 5389 Προυχίῳ
2148 5330 2181 5362 π
2194 5310 2269 5383 cpi
2284 5308 2367 5389 rev
2380 5306 2561 5389 δριέμον
2575 5306 2710 5389 (Sic.
2729 5306 2899 5389 Forte
2918 5306 3257 5389 ςῄὗῖἕρημον),
3275 5320 3325 5369 ἓν
3339 5307 3478 5388 τὸπῲ

1889 5380 2007 5457 dira)
2046 5380 2169 5457 (Sic
2190 5380 2520 5457 lixaloutis'vni
2551 5380 2670 5457 περὶ
2692 5388 2779 5441 τήν
2810 5380 3179 5457 ’Δλεξάνὸῥειὰν
3218 5380 3225 5384 ’
3250 5380 3481 5457 Alexin.-

1889 5453 2059 5528 drmit:
2092 5452 2239 5507 urbis
2260 5452 2407 5523 regio
2449 5452 2547 5505 ista
2579 5452 2872 5528 l'titt,_quast
2905 5452 3223 5528 nupobZaZo-a
3247 5454 3407 5519 dicta,
3447 5474 3477 5511 a

1888 5540 1995 5602 quo
2013 5522 2225 5602 det_orta
2248 5522 2344 5602 vos
2362 5533 2657 5602 Βρᾳνχείον,
2680 5524 2801 5602 ideo
2822 5540 2914 5602 per
2932 5522 3322 5602 diphthongum
3347 5542 3477 5582 con-

1891 5596 2164 5661 cipienda.
2193 5604 2251 5651 tit
2281 5596 2533 5651 Petavius
2551 5596 2832 5651 contendit
2862 5596 2913 5646 in
2948 5598 3397 5653 annotationibus
3422 5603 3474 5657 in

1895 5667 2259 5740 Epiphaniam
2314 5669 2383 5725 de
2434 5667 2768 5740 ponderibus
2812 5673 2865 5715 et
2906 5666 3203 5730 mensuris,
3236 5683 3397 5737 quem
3427 5676 3472 5730 si

1898 5739 2054 5815 lubet
2068 5740 2220 5815 _vide.
2236 5813 2248 5815 _
2443 5739 2448 5740 γ
2854 5803 2864 5815 ,

1972 5807 1996 5845 ἀ
2038 5810 2188 5881 Mss,
2228 5813 2362 5871 Nluc
2401 5826 2603 5887 quoxjttc
2626 5820 2741 5859 eum
2786 5807 2864 5858 sui
2909 5809 3049 5877 fama
3104 5827 3438 5880 prtevcnerat.
