4056 6294
556 358 622 417 si
1814 336 1869 391 s.
1918 329 2185 388 unseen
2225 324 2607 385 HIERONYMI
3798 318 3864 379 is

558 486 701 529 terra
746 467 1101 537 vulgaverat,
1156 458 1353 517 saltem
1403 455 1574 510 maria
1621 451 1886 507 celarent.
1940 446 2146 502 Eodem
2175 445 2539 508 Avenienles
2584 456 2645 497 se
2694 448 2882 496 notum
2938 437 3203 501 facerent,
3258 449 3281 477 ε
3334 437 3401 491 ad
3461 436 3864 492 mediterranea

556 567 730 621 ferme
763 570 1012 627 tempore
1043 552 1356 609 Hadrianus
1379 547 1682 617 discipulus
1712 544 1832 614 ejus
1859 543 1927 597 de
1957 540 2155 596 Palaes-l

558 660 673 715 tina
698 650 1039 722 supervenit,
1065 645 1251 700 dicens
1295 642 1572 697 lulianum
1606 637 1870 700 occisum,
1920 642 1973 688 et
2003 632 2160 687 Chri-

554 752 793 807 stianum
821 748 1201 813 imperatorem
1221 736 1241 809 (_
1258 734 1607 791 .lovinianum
1628 729 1892 803 )regnare
1903 727 2155 796 coepisse;

555 840 879 909 revertique
918 849 1043 893 eum
1070 833 1275 888 debere
1300 830 1367 885 ad
1400 824 1724 884 monasterii
1769 822 1853 878 sui
1878 819 2157 889 reliquias.

561 934 717 1004 Quod
743 932 836 986 ille
857 929 1086 983 audiens
1105 926 1410 980 detestatus
1426 930 1511 977 est
1530 938 1544 974 :
1565 928 1618 976 ct
1638 916 1910 973 conducto
1928 912 2158 977 camelo,

564 1043 661 1097 per
707 1032 914 1079 vastam
962 1016 1344 1079 solitudinem,
1398 1011 1654 1083 pervenit
1710 1008 1775 1062 ad
1824 1006 2160 1061 maritimam

564 1094 755 1174 urbem
805 1114 1012 1183 Libyae,
1064 1108 1419 1165 Paretonium
1448 1122 1459 1156 :
1490 1104 1581 1158 ubi
1616 1100 1925 1156 Hadrianus
1972 1094 2161 1151 infelix

562 1214 754 1267 volens
781 1206 1129 1263 Pal.cstinam
1157 1200 1384 1265 reverti,
1414 1208 1468 1252 et
1490 1195 1775 1265 pristinam
1807 1191 1910 1245 sub
1942 1189 2161 1243 nomine

562 1303 806 1376 magistri
850 1312 1102 1370 quanens
1132 1293 1385 1363 gloriam,
1436 1288 1643 1342 multas
1669 1286 1718 1340 ei
1748 1284 1880 1338 lecit
1908 1281 2159 1351 injurias.

559 1398 641 1453 Ad
656 1372 998 1453 extremum,
1025 1391 1052 1419 ⁸
1075 1382 1387 1441 convasatis
1419 1395 1539 1450 quae
1564 1394 1591 1431 a
1624 1376 1885 1431 fratribus
1910 1373 1960 1427 ei
1994 1372 2159 1425 missa

561 1490 856 1548 detulerat,
906 1480 1190 1537 nesciente
1236 1476 1354 1540 illo,
1391 1470 1673 1541 profectus
1711 1476 1813 1522 est.
1850 1465 2028 1533 Super
2060 1463 2163 1516 hoc

561 1581 685 1649 quia
737 1576 878 1630 alter
910 1575 1061 1627 locus
1096 1564 1367 1623 referendi
1403 1578 1509 1616 non
1560 1569 1661 1619 est.
1696 1558 1799 1612 hoc
1832 1567 2042 1611 tantum
2077 1552 2162 1607 di-

559 1647 732 1728 xerim
764 1670 819 1722 in
848 1675 1115 1720 terrorem
1143 1672 1336 1715 eorum
1367 1655 1458 1726 qui
1489 1653 1779 1722 magistros
1810 1647 2156 1718 despiciunt;

560 1763 706 1835 quod
759 1768 881 1831 post
953 1754 1353 1827 aliquantulum
1430 1747 1689 1818 temporis
1764 1740 2161 1813 computruerit

562 1855 756 1911 morbo
784 1850 955 1922 regio.

631 1948 722 2003 55.
767 1943 1175 2015 Evangeliorum
1205 1937 1431 1992 codicem
1461 1950 1619 1988 manu
1648 1948 1743 1986 sua
1770 1929 2065 1999 scripserat.
2089 1954 2157 1964 -—

561 2039 781 2094 Habeas
828 2032 1041 2107 igiturb
1089 2045 1256 2087 senex
1309 2028 1586 2084 Gazanum
1644 2037 1858 2085 secum,
1914 2015 2160 2074 ascendit

560 2132 818 2193 classem,
870 2142 992 2195 qua:
1045 2124 1287 2180 Siciliam
1338 2117 1645 2188 navigabat.
1678 2116 1923 2182 Cumque
1952 2125 2159 2164 venun-

560 2225 689 2279 dato
721 2219 1145 2290 Evangeliorum
1187 2213 1400 2278 codice,
1430 2226 1592 2281 quem
1625 2222 1786 2263 manu
1816 2220 1911 2259 sua
1948 2203 2156 2258 adoles-

559 2330 691 2371 cens
721 2314 1040 2381 scripserat,
1088 2308 1222 2361 dare
1264 2306 1485 2359 naulum
1536 2301 1856 2369 disponeret
1886 2297 1940 2349 in
1983 2293 2159 2348 medio

559 2409 733 2464 ferme
776 2406 980 2468 Adrize,
1038 2398 1281 2454 naucleri
1340 2396 1487 2450 [ilius
1535 2403 1785 2461 arreptus
1824 2404 1851 2442 a
1886 2388 2155 2451 daemone,

555 2500 792 2553 clamare
835 2494 1023 2561 C(Bpil,
1076 2501 1131 2544 et
1164 2490 1349 2543 dicere
1386 2503 1397 2538 :
1432 2484 1679 2539 Hilarion
1727 2496 1885 2536 serve
1913 2478 2030 2544 Dei,
2062 2492 2158 2531 cur

556 2590 716 2645 nobis
749 2603 845 2658 per
876 2598 927 2640 te
955 2595 1009 2639 et
1050 2584 1102 2636 in
1136 2581 1328 2651 pelago
1378 2587 1526 2631 tutos
1558 2588 1679 2630 esse
1709 2590 1815 2627 nnn
1871 2570 2035 2624 licet?
2085 2569 2157 2621 Da

555 2683 691 2741 mihi
713 2682 949 2750 spatium
977 2678 1153 2731 donec
1182 2673 1248 2726 ad
1283 2683 1491 2725 terram
1524 2667 1765 2729 veniam,
1796 2677 1865 2716 ne
1896 2661 1983 2714 hic
2015 2660 2159 2729 ejec—

555 2790 667 2843 tus,
692 2775 1003 2845 pratcipiter
1038 2774 1091 2823 in
1121 2770 1403 2837 abyssum.
1427 2763 1527 2818 Cui
1558 2763 1652 2815 ille
1685 2779 1697 2812 :
1729 2760 1788 2814 Si
1816 2760 1959 2813 Deus
1983 2772 2154 2823 meus,

556 2872 656 2933 ait,
689 2867 787 2921 tibi
829 2862 1079 2919 concedit
1107 2869 1166 2914 ut
1197 2872 1441 2919 maneas,
1497 2870 1693 2917 mane;
1733 2852 1816 2906 sin
1856 2861 2037 2905 autem
2069 2849 2161 2905 ille

560 2971 615 3017 te
643 2959 812 3029 ejicit,
857 2954 987 3026 quid
1015 2951 1151 3007 mihi
1183 2949 1438 3005 invidiam
1472 2946 1626 3009 lacis,
1660 2944 1768 3017 34
1803 2943 2007 2999 homini
2035 2957 2159 3012 pec-

557 3052 733 3109 caturi
766 3060 929 3120 atque
962 3044 1252 3101 mendico?
1280 3042 1395 3096 Hoc
1420 3048 1599 3094 autem
1625 3038 1863 3102 dicebat,
1892 3051 1958 3090 ne
1982 3045 2158 3089 nautae

557 3158 612 3202 et
643 3143 1008 3213 negotiatores
1029 3142 1119 3207 qui
1147 3136 1200 3191 in
1222 3133 1351 3188 navi
1380 3142 1558 3196 erant,
1591 3146 1668 3196 se,
1703 3144 1825 3183 cum
1858 3126 1925 3181 ad
1956 3138 2154 3182 terram

2262 538 2397 608 fugit
2445 537 2590 598 loca,
2626 534 2677 589 id
2718 542 2825 600 est,
2861 532 3120 587 vicesimo
3150 545 3178 583 a
3207 529 3343 585 mari
3378 528 3634 591 millario;
3679 526 3864 596 ibique

2266 630 2318 684 in
2348 629 2583 700 quodatn
2609 628 2830 682 deserto
2860 624 3063 694 agello,
3096 623 3367 692 lignorum
3392 620 3636 690 quotidie
3659 619 3863 673 fascem

2264 722 2516 790 alligans,
2550 719 2864 790 imponebat
2886 717 3051 771 dorso
3075 713 3353 779 discipuli.
3379 714 3498 781 Quo
3528 713 3581 766 in
3607 709 3862 782 proxima

2263 814 2393 867 villa
2424 812 2760 874 venundato,
2794 820 2848 865 et
2880 809 2984 863 sibi
3015 806 3355 873 alimoniam,
3385 814 3441 861 et
3470 805 3556 860 his
3586 808 3676 875 qui
3718 803 3861 858 forte

2264 903 2332 958 ad
2378 918 2475 958 eos
2498 902 2815 965 veniebant,
2864 898 3220 967 pauxillulum
3252 897 3409 968 panis
3437 896 3713 953 emebant.
3743 893 3857 950 Sed

2265 1011 2395 1052 vere
2438 995 2591 1065 juxta
2641 993 2782 1063 quod
2816 992 3081 1061 scriptum
3132 988 3402 1046 est:Non
3457 998 3623 1059 potest
3678 986 3864 1041 civitas

2266 1088 2426 1142 latere
2458 1102 2613 1156 super
2638 1095 2859 1139 montem
2886 1086 3055 1154 posita
3087 1082 3313 1152 (Matth.
3340 1098 3393 1149 ν,
3423 1079 3547 1151 14),
3574 1079 3862 1136 Scutarius

2265 1179 2482 1249 quidam
2503 1194 2623 1233 cum
2649 1184 2698 1231 in
2720 1176 2946 1231 basilica
2968 1175 3110 1231 beati
3126 1174 3268 1229 Petri
3287 1174 3476 1228 Roma:
3494 1181 3864 1241 torqueretur,

2273 1272 2537 1327 clamavit
2588 1273 2640 1326 in
2688 1285 2754 1327 eo
2792 1271 3101 1325 immttndus
3153 1269 3425 1335 Spiritus:
3464 1268 3604 1321 Ante
3658 1279 3866 1336 paucos

2266 1364 2385 1420 dies
2418 1364 2661 1419 Siciliam
2708 1363 2989 1433 ingressus
3034 1370 3117 1417 est
3138 1361 3386 1415 Hilarion
3409 1373 3603 1415 servus
3632 1356 3864 1426 Christi,

2266 1469 2320 1513 et
2370 1474 2532 1512 nemo
2588 1474 2712 1512 eum
2762 1458 2934 1519 novit,
2990 1466 3043 1511 et
3092 1463 3240 1525 putat
3290 1470 3350 1509 se
3392 1468 3515 1508 esse
3564 1461 3864 1516 secretum;

2264 1564 2364 1620 ego
2416 1550 2631 1614 vadam,
2662 1558 2716 1603 et
2763 1550 2986 1619 prodam
3020 1550 3192 1601 illum.
3246 1545 3557 1616 Statimque
3587 1559 3710 1599 cum
3742 1559 3862 1599 ser-

2266 1641 2403 1695 vulis
2450 1641 2566 1696 suis
2617 1656 2845 1697 ascensa
2878 1640 2929 1693 in
2963 1649 3119 1708 portu
3152 1655 3310 1704 nave,
3353 1638 3617 1709 appulsus
3646 1647 3730 1693 est
3757 1637 3865 1693 Pa-

2265 1734 2528 1806 chynum,
2564 1746 2615 1788 et
2635 1731 2662 1769 ἀ
2685 1734 2992 1788 deducente
3024 1747 3083 1786 se
3114 1730 3392 1797 daemone,
3423 1730 3513 1786 ubi
3545 1739 3673 1786 ante
3700 1739 3865 1800 tugu-

2191 1839 2238 1898 Β
2268 1828 2406 1881 rium
2451 1828 2603 1882 senis
2654 1842 2714 1881 se
2760 1826 3078 1896 prosuavit,
3130 1825 3277 1880 illico
3322 1832 3544 1879 curatus
3592 1832 3693 1878 est.
3749 1823 3868 1880 Hoc

2266 1921 2479 1975 initium
2510 1922 2787 1991 signorum
2820 1919 2937 1989 ejus
2968 1918 3021 1973 in
3055 1917 3263 1982 Sicilia,
3305 1917 3759 1972 innumerabilem
3789 1917 3864 1972 ad

2264 2028 2386 2069 eum
2400 2013 2657 2083 deinceps
2676 2012 3080 2081 aegrotandum,
3096 2011 3193 2066 sed
3213 2009 3656 2079 etreligiosorum
3685 2008 3861 2064 homi-

2262 2121 2392 2159 num
2424 2105 2649 2160 adduxit
2675 2101 3079 2158 multitudinem
3110 2120 3122 2156 :
3157 2104 3210 2156 in
3238 2110 3475 2166 tantum,
3497 2102 3639 2157 utde
3664 2102 3865 2172 primo-

2263 2197 2415 2251 ribus
2447 2197 2581 2251 viris
2610 2195 2828 2267 quidam
2862 2207 3075 2250 tumens
3100 2193 3292 2249 morbo
3322 2194 3606 2249 intercutis
3631 2202 3653 2230 θ
3678 2209 3857 2261 aquae,

2263 2288 2459 2343 eodem
2481 2288 2590 2361 35
2611 2288 2698 2343 die
2720 2304 2827 2359 quo
2858 2288 2924 2341 ad
2957 2302 3081 2342 eum
3112 2295 3357 2351 venerat,
3393 2297 3614 2341 curatus
3640 2288 3731 2341 sit.
3757 2285 3862 2355 Qui

2264 2394 2449 2451 postea
2484 2382 2722 2438 offerens
2759 2383 2808 2437 ei
2857 2382 3068 2437 inﬁnita
3115 2398 3360 2449 munera,
3403 2380 3611 2435 audivit
3652 2379 3864 2435 dictum

2261 2473 2561 2531 Salvatoris
2607 2476 2675 2530 ad
2720 2476 3072 2546 discipulos:
3115 2474 3291 2529 Gratis
3354 2473 3644 2543 accepistis,
3696 2474 3863 2543 gratis

2262 2573 2381 2625 date
2407 2569 2636 2641 (Matth.
2666 2587 2719 2637 Χ,
2742 2570 2831 2639 8

2334 2660 2423 2716 58.
2468 2662 2761 2732 Hesychius
2788 2663 3076 2733 discipulus
3101 2664 3284 2734 quaerit
3313 2661 3666 2717 Hilarionem.
3715 2661 3849 2717 Dum

2264 2756 2380 2812 hzec
2426 2756 2495 2811 ita
2544 2764 2804 2825 geruntur
2853 2756 2904 2809 in
2948 2756 3157 2819 Sicilia,
3210 2754 3515 2826 Hesychius
3553 2755 3861 2824 discipulus

2262 2848 2401 2919 ejus,
2451 2857 2563 2902 toto
2611 2862 2796 2902 senem
2827 2848 2961 2902 orbe
3007 2846 3306 2917 quzerebat,
3360 2847 3596 2902 lu5trans
3649 2847 3855 2915 littora,

2262 2940 2479 2995 deserta
2513 2950 2835 3008 penetrans;
2866 2950 2919 2995 et
2950 2940 3088 2994 hanc
3112 2950 3319 2994 tantum
3351 2938 3557 2995 habens
3576 2938 3856 3005 ﬁduciam,

2262 3033 2750 3103 quianuhicnmque
2782 3040 2951 3097 esset,
2974 3032 3068 3087 diu
3094 3032 3263 3087 latere
3296 3048 3401 3086 non
3424 3042 3629 3101 posset.
3659 3031 3863 3087 Trans-

2262 3133 2385 3179 aeto
2413 3125 2579 3195 igitur
2602 3124 2713 3194 jant
2744 3124 3002 3187 triennio,
3032 3123 3242 3178 audivit
3270 3122 3538 3179 Methone:
3565 3139 3594 3178 a
3616 3122 3857 3192 quodam

565 3236 972 3309 pervenissent,
1022 3229 1337 3301 proderent.
1387 3225 1499 3281 Nec
1529 3224 1699 3278 multo
1750 3231 1874 3292 post
1904 3226 2162 3291 purgatus
2189 3226 2233 3288 ρ
2266 3217 2477 3283 Judaei),
2530 3215 2653 3270 vilia
2689 3216 2905 3285 populis
2954 3223 3135 3270 scruta
3188 3216 3487 3282 vendente,
3528 3212 3862 3284 Prophetam

560 3341 645 3385 est
674 3343 831 3402 puer,
866 3334 1017 3395 patre
1047 3322 1209 3375 ﬁdem
1241 3319 1430 3383 dante,
1463 3326 1518 3371 et
1543 3316 1758 3370 czeteris
1787 3315 1876 3384 qui
1905 3313 2155 3376 aderant,

564 3424 696 3479 nulli
727 3437 787 3476 se
813 3435 978 3488 super
1009 3416 1129 3486 ejus
1174 3412 1391 3467 nomine
1424 3412 1722 3464 locuturos.

634 3516 725 3571 56.
769 3514 1054 3583 Ingressus
1102 3516 1284 3561 autem
1352 3503 1667 3573 Pachynum
1720 3499 2157 3571 promontorium

564 3607 787 3671 Siciliae,
838 3601 1037 3659 obtulit
1084 3598 1347 3653 nauclero
1378 3594 1738 3665 Evangelinm
1788 3608 1886 3662 pro
1930 3592 2157 3645 subvec-

567 3702 718 3756 tione
764 3713 856 3752 sua
900 3704 955 3749 et
984 3691 1215 3748 Gazani.
1249 3688 1352 3755 Qui
1383 3688 1575 3741 nolens
1622 3686 1892 3755 accipere,
1926 3685 2162 3737 maxime

566 3808 690 3847 cum
722 3789 930 3844 videret
958 3787 1103 3849 illos,
1137 3790 1374 3849 excepto
1407 3780 1503 3833 illo
1533 3780 1745 3845 codice,
1779 3788 1831 3832 et
1858 3778 1943 3832 his
1972 3778 2169 3847 quibus

567 3884 748 3940 vestiti
797 3890 972 3947 erant,
1022 3877 1265 3947 amplius
1315 3874 1452 3929 nihil
1489 3874 1717 3937 habere,
1762 3874 1828 3927 ad
1860 3882 2166 3927 extremum

563 3980 713 4046 jurat
743 3989 804 4029 se
837 3986 947 4026 non
978 3977 1354 4039 accepturum.
1389 3966 1495 4021 Sed
1528 3974 1580 4021 ct
1609 3980 1773 4019 senex
1812 3980 2079 4019 accensus
2108 3965 2168 4019 ft-

566 4070 723 4123 ducia
758 4064 1014 4135 pauperis
1048 4060 1420 4123 conscientiae,
1459 4058 1510 4111 in
1545 4072 1610 4110 eo
1642 4057 1813 4126 magis
1853 4056 2165 4122 lzetabatur,

570 4177 623 4218 et
654 4159 795 4227 quod
836 4156 972 4209 nihil
1001 4154 1229 4208 haberet
1262 4150 1472 4211 saeculi,
1500 4150 1644 4204 etab
1670 4150 1871 4205 accolis
1893 4149 2039 4203 illius
2064 4148 2167 4203 loci

572 4252 858 4310 mendicus
885 4258 1189 4318 putaretur.

642 4347 733 4402 57.
782 4343 939 4412 Fugit
971 4340 1039 4393 ad
1070 4337 1450 4391 mediterranea
1484 4335 1621 4388 loca.
1662 4332 1996 4404 IIydrOpicus
2022 4351 2172 4388 cura-

573 4454 675 4496 tus.
721 4438 896 4491 Porro
942 4432 1251 4501 recogitans
1301 4444 1369 4483 ne
1420 4428 1793 4496 negotiatores
1841 4426 1911 4480 de
1951 4427 2175 4481 Oriente

2267 3311 2706 3367 Christianorum
2735 3309 3057 3381 apparuisse
3084 3311 3138 3364 in
3166 3309 3376 3373 Sicilia,
3419 3317 3567 3363 tanta
3596 3307 3864 3362 miracula

2269 3414 2324 3461 et
2353 3406 2504 3475 signa
2542 3404 2830 3459 facientem
2850 3444 2864 3468 ,
2900 3413 2957 3457 ut
2980 3402 3049 3457 de
3096 3402 3378 3458 veteribus
3406 3401 3611 3457 sanctis
3639 3410 3864 3470 putare-

2266 3508 2373 3552 tur.
2410 3497 2427 3534 ε
2461 3497 2814 3568 Interrogans
2847 3497 3030 3566 itaque
3050 3495 3293 3551 habitum
3322 3496 3466 3565 ejus,
3502 3495 3775 3549 incessum
3807 3500 3866 3548 et

2270 3592 2534 3662 linguam,
2586 3591 2927 3660 maximeque
2958 3598 3199 3656 tetatetn,
3234 3587 3369 3642 nihil
3420 3587 3635 3642 discere
3668 3585 3866 3656 potuit.

2268 3686 2363 3741 Ille
2386 3687 2530 3740 enim
2553 3686 2644 3755 qui
2676 3684 2972 3749 referebat,
3003 3683 3198 3738 famam
3222 3682 3289 3737 ad
3311 3698 3371 3737 se
3402 3682 3629 3738 venisse
3655 3690 3870 3736 tantum

2272 3778 2506 3834 hominis
2558 3780 2878 3834 testabatur.
2920 3778 3202 3848 Ingressus
3235 3778 3396 3848 igitur
3440 3776 3689 3841 Adriam,
3742 3792 3873 3846 pro-

2274 3886 2434 3941 spero
2467 3869 2586 3941 [ΑΙ.
2643 3869 2912 3942 propero]
2949 3885 3113 3925 cursu
3165 3869 3314 3924 venit
3347 3868 3696 3941 Pachynum;
3729 3877 3786 3923 et
3816 3870 3873 3925 in

2275 3962 2509 4033 quadam
2533 3962 2684 4016 curvi
2716 3963 2912 4017 littoris
2941 3962 3148 4025 villula,
3179 3960 3378 4015 famam
3435 3962 3584 4016 senis
3623 3961 3879 4016 sciscita-

2278 4064 2386 4122 tus,
2420 4072 2658 4111 consona
2691 4072 2825 4112 voce
2855 4057 3095 4111 omnium
3133 4056 3393 4126 cognovit
3423 4054 3514 4110 ubi
3546 4063 3713 4119 esset,
3738 4055 3877 4123 quid

2278 4162 2461 4220 ageret
2492 4167 2505 4205 :
2532 4151 2664 4205 nihil
2692 4151 2744 4204 in
2785 4166 2852 4205 eo
2886 4151 2957 4204 ita
2983 4149 3197 4205 cunctis
3243 4146 3669 4212 admirantibus,
3705 4161 3879 4216 quam

2278 4242 2423 4312 quod
2474 4252 2594 4311 post
2623 4254 2765 4297 tanta
2799 4243 2947 4312 signa
2980 4249 3146 4312 atque
3191 4240 3473 4305 miracula,
3524 4254 3589 4294 ne
3619 4237 3877 4307 fragmen

2280 4333 2501 4401 quidem
2535 4334 2691 4405 panis
2721 4350 2751 4388 a
2784 4350 3057 4404 quoquam
3109 4332 3163 4387 in
3214 4332 3321 4386 illis
3362 4331 3496 4386 locis
3549 4329 3880 4397 accepisset.

2283 4427 2353 4482 Et
2376 4442 2443 4482 ne
2471 4427 2687 4498 longum
2724 4426 2943 4495 iaciam,
2971 4433 3194 4482 sanctus
3214 4423 3298 4477 vir
3326 4422 3633 4493 Hesychius
3665 4422 3731 4477 ad
3764 4436 3884 4477 ma-

654 4586 681 4612 “
724 4576 837 4628 Duo
862 4586 1018 4633 mss.,
1068 4567 1358 4622 convocatis
1404 4565 1637 4617 omnibus
1688 4578 1824 4631 quae,
1864 4572 1998 4625 etc.,
2036 4562 2176 4616 alius
2204 4567 2258 4627 Ι)
2284 4562 2603 4625 declinaret,
2631 4579 2753 4617 cum
2790 4577 2885 4631 per
2913 4560 2964 4615 id
2994 4558 3253 4626 temporis
3276 4555 3750 4633 AOasidelituisse,
3783 4572 3882 4633 us-

583 4662 701 4701 cttm
730 4644 861 4697 rasis
886 4656 1019 4709 qtae,
1051 4652 1155 4693 etc.
1192 4637 1399 4709 Monuit
1436 4634 1705 4709 Vlt'ltH‘iUS
1737 4636 2023 4709 convasatis
2057 4650 2177 4701 per-

584 4719 710 4771 inde
742 4727 863 4767 esse
890 4706 954 4766 ac
988 4710 1236 4766 collectis
1282 4708 1338 4761 in
1376 4707 1624 4761 sarcinas
1672 4706 1857 4768 rebus,
1894 4715 1951 4757 nt
1988 4719 2180 4773 aspor-

584 4798 788 4844 tentur.

660 4859 687 4898 ι’
730 4858 891 4912 Iidem
922 4868 1080 4915 mss,
1110 4851 1296 4905 Senem
1320 4848 1606 4901 lasanum.

664 4942 685 4967 η
727 4924 1102 4983 Confert-udus
1134 4923 1474 4978 Sozomenus
1505 4920 1597 4973 lib.
1639 4932 1692 4980 γ,
1736 4932 1853 4986 cap.
1890 4916 1977 4983 10,
2020 4930 2179 4984 quem

586 5001 876 5057 brevitatis
902 4997 1070 5065 gratia
1109 4993 1299 5047 Latine
1326 5000 1628 5065 tantnurcx
1668 4988 1869 5065 Valesii
1911 4989 2183 5055 interpre-

589 5075 791 5125 tatione
842 5060 1293 5131 repnesentatnus
1349 5079 1360 5112 :
1398 5060 1503 5113 Per
1532 5062 1685 5131 idem,
1725 5060 1918 5129 inquit,
1965 5072 2167 5126 tempus

595 5139 847 5213 (Jullani_
870 5130 1079 5213 scilicet
1125 5133 1463 5213 imperatoris
1484 5130 1740 5213 )ullilurio
1766 5148 1963 5213 quoque
1990 5146 2169 5213 titana-

591 5200 719 5266 cltus
744 5226 776 5262 a
806 5206 1006 5260 Castris
1051 5202 1293 5271 quaesitus
1323 5201 1374 5253 iu
1406 5206 1423 5250 .‘
1448 5200 1639 5253 iciliam
1668 5217 1719 5253 se
1750 5203 1957 5271 recepit.
1996 5200 2076 5253 lbi
2107 5201 2173 5255 li-

596 5300 700 5357 gna
726 5298 789 5335 ea;
832 5270 1069 5329 desertis
1092 5270 1343 5357 utentibus
1372 5271 1620 5338 colligens
1664 5280 1710 5322 et
1737 5270 1955 5325 humeris
1984 5272 2090 5357 suis
2120 5272 2171 5324 in

596 5342 771 5409 urbem
793 5342 1289 5423 ρονιιυιπς-ςἰηιίιεὺιίιιζ
1310 5350 1904 5423 .eoquenpuctoguautum
1932 5343 1999 5423 (id
2024 5344 2173 5423 vit-am

596 5411 812 5494 sufﬁcit:
841 5413 1319 5494 quotidioitumnstbi
1345 5411 1901 5494 parabat‘alimemum.
1946 5411 2107 5464 Tuml.
2126 5430 2175 5465 m

598 5483 714 5551 υρὲἱ)
741 5483 977 5566 quisnam
1004 5500 1053 5542 et
1089 5483 1257 5566 qualis
1284 5496 1430 5545 esset,
1482 5483 1740 5533 indicatus
1767 5499 1797 5534 a
1824 5485 1933 5535 viro
1976 5499 2177 5549 sumi,

597 5568 685 5635 qui
728 5556 765 5619 α’
797 5562 1052 5619 dwmonto
1083 5556 1397 5635 vra'aliutur;
1428 5565 1711 5635 Postquam
1759 5569 1872 5606 eum
1918 5557 2179 5635 immundo

599 5624 781 5706 spiritu
811 5638 1091 5696 liberasset,
1123 5628 1321 5700 trajecit
1340 5626 1391 5677 in
1417 5624 1753 5706 Dalmatiam,
1781 5633 1885 5706 etc.
1921 5624 1963 5678 E
1985 5627 2180 5706 quibus

597 5695 709 5759 d'uo
740 5719 859 5759 sunt
895 5707 946 5757 in
994 5695 1106 5755 rem
1155 5695 1395 5753 nostram
1430 5695 1936 5763 animadvertenda;
1987 5704 2043 5750 et
2072 5697 2181 5766 pri-

597 5791 743 5829 tnum
770 5774 988 5844 quidem
1014 5772 1121 5844 (alti
1140 5771 1524 5844 Sozemeuum,
1548 5768 1638 5844 qui
1665 5769 1715 5819 in
1740 5766 1981 5844 Siciliam
2008 5776 2181 5844 trans-

591 5837 821 5905 fretasse
874 5839 1200 5900 Hilarionem
1256 5841 1440 5911 tradit,
1471 5837 1894 5896 ultimorum
1952 5837 2181 5895 insidias

2286 4652 2388 4704 que
2413 4650 2540 4705 qtto,
2570 4628 3143 4705 Juliano'imperatore
3173 4631 3376 4691 occiso,
3421 4628 3664 4684 Siciliam
3698 4628 3873 4705 venit,

2285 4702 2351 4761 ex
2398 4702 2714 4776 Hieronymi
2778 4702 3045 4776 superiori
3094 4710 3351 4776 contextu
3398 4711 3737 4776 compertum
3781 4702 3876 4776 sit.

2286 4776 2483 4831 lterum
2516 4770 2658 4829 haud
2695 4770 3121 4829 recte—Gravium
3146 4770 3437 4841 suspicari,
3475 4772 3751 4825 hominem
3776 4771 3879 4838 qui

2288 4847 2582 4901 Hilarionis
2646 4848 2989 4900 sanctitatettt
3039 4843 3369 4912 prodiderit,
3432 4857 3539 4895 non
3595 4846 3886 4896 scutarium

2289 4920 2475 4983 luisse,
2528 4920 2645 4971 sive
2697 4918 2796 4987 legi
2842 4917 3063 4987 debere,
3109 4913 3203 4987 sed
3246 4913 3579 4979 scrutariam,
3634 4912 3747 4967 sive
3782 4913 3885 4983 qui

2290 5000 2465 5043 serata
2496 4986 2778 5054 venderet,
2813 5001 2870 5042 ut
2899 5003 2966 5043 ex
3006 4986 3210 5041 Horatii
3241 5000 3421 5049 versu,

2377 5090 2503 5141 Vilia
2528 5091 2828 5140 vendentem
2855 5090 3071 5138 tunicato
3088 5091 3252 5136 scruta
3277 5084 3501 5149 pupello;

2279 5210 2399 5271 cum
2419 5212 2449 5251 e
2467 5196 2741 5271 contrario
2763 5194 2919 5271 ἄνδρᾳ
2934 5205 3034 5271 τῷν
3060 5197 3376 5271 ἐπιστήμων,
3407 5193 3574 5247 virum
3598 5192 3881 5260 illustrem,

2280 5269 2395 5322 sive
2440 5282 2661 5337 genere.
2700 5269 2814 5322 sive
2844 5267 3108 5327 dignitate
3139 5309 3155 5333 ,
3198 5270 3540 5321 Sommenus
3594 5274 3774 5330 vocet,
3823 5272 3888 5321 et

2284 5338 2519 5395 Scutatii
2554 5355 2750 5393 nomen
2788 5339 3054 5403 designet.

2356 5408 2378 5447 ἀ
2425 5410 2576 5465 llrus
2610 5427 2737 5468 ltts.,
2782 5412 3064 5463 deduccnle
3095 5424 3149 5461 se
3180 5408 3431 5472 daemone,
3481 5416 3601 5461 ante
3628 5422 3884 5479 conspec-

2288 5492 2394 5535 tum
2425 5486 2559 5535 senis
2586 5480 3078 5551 prostra:us,illico,
3112 5487 3218 5534 etc.

2363 5562 2384 5589 ο
2402 5548 2599 5607 Vareni
2624 5570 2792 5620 «quae,
2816 5566 2937 5621 qua:
2958 5560 3115 5604 antea
3136 5552 3343 5612 deerat,
3367 5548 3684 5604 suﬁ‘ecimus
3699 5564 3730 5603 e
3746 5563 3886 5605 mss.

2364 5622 2383 5661 τ
2432 5624 2633 5678 Vitiose
2662 5624 2926 5677 hactenus
2949 5621 3189 5693 obtinuit
3210 5621 3579 5693 Interrogatus
3599 5623 3891 5693 prointer—

2288 5712 2492 5768 rogans,
2526 5707 2583 5750 et
2605 5694 2741 5768 nihil
2772 5694 2943 5768 dicere
2974 5706 3072 5759 pro
3102 5691 3317 5758 discere,
3348 5691 3814 5761 quemadmodum
3851 5707 3889 5752 ο

2291 5765 2420 5823 mas.
2452 5765 2704 5822 omnibus
2728 5765 3103 5820 emendamtts.
