4056 6302
203 303 266 360 l9
905 310 909 317 '
1284 310 1444 364 VITA
1486 310 1546 366 S.
1593 309 1781 365 HILAI

1894 308 1989 368 ηδ
2029 310 2392 367 ΕΒΕΜΙΤΛΕ.
3410 319 3475 371 50

200 423 339 492 gisu-i
380 438 549 495 genua
600 425 937 496 provolutus,
982 427 1306 497 plantasque
1363 429 1484 497 ejus
1515 429 1774 503 lacrymis
1801 436 1854 495 Α
1879 434 2039 487 transi
2067 436 2121 487 in
2148 451 2313 499 mare,
2345 448 2393 489 et
2424 437 2510 504 ﬁet
2539 438 2555 502 (
2582 434 2772 490 Matth.
2812 451 2941 499 xvu,
2968 435 3031 489 l9
3053 440 3094 505 ),
3124 438 3285 489 etiam
3314 438 3463 505 juxta

202 513 392 584 rigans,
428 517 643 573 tandem
678 518 837 573 abeo
863 518 1204 577 sublevatus.
1241 530 1364 590 post
1393 522 1542 577 bidui
1584 525 1776 579 tridui-

198 621 295 674 que
317 622 621 664 sermonem
645 610 843 663 audita
867 608 1105 673 Gazano,
1134 626 1240 665 non
1268 627 1428 682 posse
1456 628 1642 669 senem
1662 616 1773 684 jam

197 697 248 753 in
276 699 385 755 illis
427 701 665 758 habitare
708 704 1055 774 regionibus;
1092 704 1189 759 sed
1221 706 1361 762 velle
1406 707 1472 761 ad
1517 710 1776 765 barbaras

196 792 447 860 quasdam
478 810 701 866 pergere
731 798 996 862 nationes,
1025 798 1119 851 ubi
1151 809 1206 854 et
1236 808 1260 835 ει
1285 814 1482 854 nomen
1508 809 1565 855 et
1592 818 1776 857 rumor

195 898 322 939 suus
350 886 657 956 incognitus
689 888 845 945 foret.

259 976 348 1031 39.
390 978 661 1034 Comburit
684 993 963 1053 serpentem
993 986 1139 1039 beam
1164 987 1376 1043 dictum.
1412 990 1571 1044 Duxit
1599 992 1776 1060 itaque

189 1080 308 1122 eum
340 1069 409 1125 ad
441 1072 765 1141 Epidaurum
818 1076 1100 1132 Dalmatice
1128 1081 1413 1148 Oppidum,
1464 1083 1554 1137 ubi
1589 1085 1776 1152 paucis

185 1158 377 1216 diebus
407 1164 459 1217 in
492 1166 670 1221 vicino
708 1168 887 1239 agello
919 1172 1243 1238 mansitans,
1290 1188 1397 1228 non
1429 1175 1608 1245 potuit
1645 1178 1775 1232 abs-

183 1256 367 1310 condi.
399 1258 453 1313 Si
483 1260 696 1329 quidem
747 1262 916 1318 draco
966 1264 1117 1320 mira:
1169 1268 1581 1337 magnitudinis,
1638 1286 1776 1340 quos

180 1354 364 1421 gentili
397 1370 649 1411 sermone
678 1359 799 1411 boas
846 1369 1060 1423 vocant,
1097 1362 1166 1416 ab
1196 1377 1262 1414 eo
1290 1363 1437 1432 quod
1471 1373 1578 1416 tam
1611 1379 1768 1434 gran-

180 1443 271 1501 des
293 1446 422 1513 sint,
453 1458 513 1503 ut
532 1451 697 1506 boves
717 1451 924 1521 glutire
946 1455 1182 1519 soleant,
1204 1470 1420 1510 omnem
1462 1456 1569 1511 late
1598 1469 1776 1513 vasta-

179 1537 267 1594 bat
298 1544 660 1609 provinciam,
686 1554 743 1599 et
771 1558 881 1599 non
905 1546 1082 1601 solum
1116 1558 1368 1603 armenta
1411 1558 1464 1603 et
1501 1551 1772 1618 pecudes;

178 1632 269 1687 sed
298 1636 573 1706 agricolas
596 1654 815 1711 quoque
845 1651 900 1697 et
928 1652 1175 1713 pastores
1203 1644 1231 1683 δ
1266 1655 1471 1701 tractos
1514 1650 1581 1705 ad
1621 1665 1681 1705 se
1721 1650 1775 1704 vi

176 1726 395 1795 spiritus
446 1732 803 1788 absorbebat.
836 1732 934 1789 Cui
966 1752 1087 1791 cum
1116 1752 1309 1809 pyram
1345 1740 1607 1809 jussisset
1638 1759 1775 1812 prae-

1875 524 2113 580 litteram
2171 526 2386 596 impleri
2447 535 2647 596 potest.
2707 527 2752 581 si
2812 534 2996 580 tamen
3056 528 3180 594 quis
3229 526 3477 582 habuerit

1876 619 2252 688 apostolorum
2280 618 2462 682 tidem,
2492 630 2545 673 et
2571 620 2734 673 talem
2767 619 2982 688 qualem
3024 617 3136 671 illis
3168 619 3473 673 habendam

1877 712 2131 766 Dominus
2153 712 2461 781 imperavit.
2488 712 2626 778 Quid
2652 713 2799 765 enim
2830 712 3079 773 interest,
3108 720 3292 764 utrum
3318 726 3477 764 mons

1876 804 2167 859 descendat
2217 809 2267 859 iu
2305 822 2478 867 mare,
2511 821 2577 858 an
2637 804 2889 859 immensi
2940 803 3205 857 undarum
3259 814 3478 858 montes

1877 910 2099 966 repente
2127 898 2489 968 obriguerint,
2515 910 2566 952 et
2597 909 2723 953 ante
2750 900 2901 953 senis
2936 908 3146 952 tantum
3180 897 3351 967 pedes
3386 912 3472 951 sa-

1878 994 1980 1055 xei.
2006 1010 2072 1049 ex
2104 994 2207 1046 alia
2241 1004 2391 1061 parte
2433 993 2673 1047 molliter
2702 992 3010 1047 ﬂaverint?

1949 1086 2036 1139 41.
2080 1084 2243 1157 Fugit
2292 1085 2541 1157 Cyprum.
2587 1087 2881 1141 Mirabatur
2929 1086 3109 1140 omnis
3152 1086 3370 1149 civitas,
3418 1095 3475 1141 et

1882 1180 2197 1245 magnitudo
2222 1181 2361 1249 signi
2387 1180 2607 1235 Salonis
2635 1197 2851 1251 quoque
2879 1182 3289 1250 percrebuerat.
3319 1181 3479 1246 Quod

1879 1273 2188 1343 intelligens
2219 1288 2408 1339 senex,
2441 1276 2494 1328 in
2532 1276 2682 1330 brevi
2717 1275 2902 1330 lembo
2933 1276 3075 1329 clam
3120 1285 3284 1329 nocte
3315 1275 3475 1343 fugit,

1880 1377 1931 1421 et
1965 1367 2184 1419 inventa
2219 1376 2339 1433 post
2372 1367 2597 1421 biduum
2630 1368 2879 1422 oneraria
2913 1368 3059 1429 navi,
3098 1366 3338 1434 perrexit
3367 1366 3474 1436 Cy-

1880 1476 2055 1530 prum.
2113 1460 2243 1513 Cum
2268 1476 2353 1525 lue
2407 1462 2547 1515 inter
2580 1460 2800 1515 Maleam
2852 1470 2906 1515 et
2934 1458 3231 1530 Cytheram
3287 1458 3474 1528 piratze

1878 1556 2137 1611 derelicta
2187 1556 2365 1610 classe
2398 1557 2455 1609 in
2500 1556 2708 1621 littore,
2754 1572 2873 1627 qua:
2926 1569 3035 1608 non
3069 1564 3351 1617 antemna,
3385 1554 3480 1607 sed

1877 1658 2040 1705 c0nto
2072 1651 2299 1718 regitur,
2346 1649 2561 1703 duobus
2614 1649 2756 1702 haud
2808 1649 2997 1719 parvis
3051 1646 3477 1718 myoparonibus

1876 1741 2266 1803 occurrissent,
2281 1753 2329 1794 et
2344 1741 2523 1796 denuo
2538 1742 2663 1795 hinc
2678 1741 2803 1794 inde
2820 1737 2845 1775 ιλ
2863 1740 3061 1793 [luctus
3090 1745 3475 1799 occurrerent,

176 1826 373 1890 parari,
408 1836 467 1879 et
499 1839 519 1865 ε
552 1828 803 1883 oratione
835 1829 904 1884 ad
952 1828 1229 1888 Christum
1284 1836 1509 1902 emissa,
1544 1847 1768 1892 evocato
1802 1820 1846 1880 Β
1874 1834 2107 1903 remiges
2154 1848 2341 1887 omnes
2377 1834 2463 1902 qui
2516 1834 2567 1887 in
2611 1834 2729 1886 navi
2772 1842 2931 1887 erant
2980 1830 3282 1900 trepidare,
3320 1830 3473 1897 flere,

172 1912 529 1987 praecepisset
574 1930 782 1974 struem
846 1922 1112 1991 lignorum
1174 1927 1464 1995 scandere,
1515 1928 1541 1965 ἀ
1592 1933 1768 1999 ignem

168 2012 483 2077 supposuit.
507 2011 648 2067 Tum
688 2016 876 2083 itaque
896 2025 1092 2071 cuncta
1120 2030 1400 2087 spectante
1442 2022 1623 2090 plebe,
1668 2024 1769 2077 im-

165 2116 385 2159 manem
436 2104 674 2157 bestiam
722 2108 1115 2160 concremavit.
1166 2109 1276 2179 36
1305 2111 1464 2165 Unde
1514 2124 1773 2177 aestuans,

164 2194 298 2262 quid
329 2194 576 2257 faceret,
608 2208 714 2262 quo
744 2208 804 2248 se
836 2205 1094 2261 verteret,
1123 2200 1282 2251 aliam
1314 2202 1541 2269 parabat
1574 2203 1776 2273 fugam;

160 2294 212 2341 et
267 2285 566 2339 solitarius
618 2295 791 2341 terras
839 2298 1022 2343 mente
1079 2292 1439 2360 perlustrans,
1514 2297 1781 2352 maerebat

164 2374 290 2447 [ΑΙ.
320 2375 674 2449 mirabatur]
695 2377 839 2447 quod
866 2390 1084 2436 tacente
1110 2381 1178 2437 de
1200 2396 1260 2437 se
1284 2382 1489 2453 lingua,
1518 2387 1778 2442 miracula

166 2469 556 2542 loquerentur.

231 2564 323 2619 40.
372 2564 665 2635 Egressum
716 2568 947 2621 terminis
973 2585 1115 2625 mare
1158 2576 1452 2643 compescit.
1491 2584 1514 2611 θ
1540 2575 1613 2629 Ea
1649 2586 1782 2631 tem-

169 2667 395 2727 pesrate,
453 2666 615 2711 terra:
655 2669 804 2711 motu
840 2658 1003 2715 totius
1053 2661 1221 2727 orbis,
1276 2664 1365 2733 qui
1415 2672 1536 2733 post
1582 2664 1782 2721 Juliani

171 2760 403 2805 mortem
444 2749 666 2813 accidit,
702 2751 869 2805 tnaria
903 2767 1125 2822 egressa
1171 2764 1297 2809 sunt
1336 2756 1601 2810 terminos
1624 2773 1776 2825 suos,

168 2848 217 2894 et
242 2841 410 2910 quasi
439 2856 655 2895 rursum
676 2841 823 2896 Deus
841 2842 1110 2899 diluvium
1141 2846 1461 2913 minaretur,
1494 2849 1579 2903 vel
1606 2850 1659 2903 in
1683 2865 1778 2903 an-

170 2934 384 3003 tiquum
423 2935 595 2990 chaos
627 2936 863 2991 redirent
897 2940 1102 3005 omnia,
1151 2957 1315 2995 naves
1345 2943 1412 2997 ad
1453 2941 1471 2980 τ
1503 2955 1775 3015 prterupta

174 3025 373 3082 delatze
404 3029 670 3083 tuentium
721 3030 1123 3100 pependerunt.
1167 3033 1321 3099 Quod
1354 3049 1476 3087 cum
1522 3034 1779 3090 viderent

177 3116 577 3188 Epidauritani,
631 3120 923 3177 frementes
953 3122 1161 3177 scilicet
1205 3125 1400 3179 tluctus
1431 3135 1484 3179 et
1511 3128 1775 3181 undarum

1874 1928 2203 1991 discurrere,
2226 1942 2530 1996 prcharare
2553 1934 2764 1991 contos,
2785 1926 2891 1997 37
2911 1933 2967 1980 et
2991 1925 3147 1995 quasi
3184 1938 3291 1977 non
3327 1922 3477 1977 suill-

1878 2029 2178 2075 ceretunus
2197 2021 2437 2084 nuntius,
2460 2021 2839 2076 certatimseni
2875 2021 3080 2089 piratis
3108 2019 3306 2073 adesse
3331 2018 3479 2073 dice-

1881 2112 2028 2163 bant.
2044 2112 2191 2175 Quos
2205 2111 2297 2165 ille
2312 2114 2494 2179 procul
2516 2113 2730 2165 intuens
2743 2114 2989 2164 subrisit.
3008 2113 3074 2166 Et
3089 2126 3390 2165 Conversus
3414 2109 3479 2163 ad

1883 2202 2186 2267 discipulos
2215 2201 2385 2253 dixit:
2424 2201 2663 2264 Modica,
2694 2202 2865 2268 inquit
2899 2202 3043 2269 fidei,
3068 2217 3229 2270 quare
3253 2199 3485 2269 trepida-

1884 2295 1950 2347 tis
1976 2290 2195 2359 (Matth.
2231 2307 2319 2344 xw
2345 2332 2358 2356 ,
2390 2291 2523 2361 5:2)?
2555 2291 2825 2362 Numquid
2860 2293 3045 2360 plures
3076 2302 3199 2345 sunt
3235 2292 3287 2344 lii
3321 2306 3479 2359 quam

1887 2387 2189 2441 Pharaonis
2216 2386 2529 2441 exercitus?
2560 2397 2739 2441 tamen
2765 2404 2957 2442 omnes
2979 2390 3088 2441 er
3114 2388 3334 2441 Volente
3358 2386 3485 2439 sub-

1888 2478 2054 2533 mersi
2084 2487 2230 2532 sunt.
2262 2476 2608 2546 Loquehatur
2636 2478 2741 2539 his,
2764 2488 2819 2531 et
2847 2480 3207 2532 nihilominus
3232 2493 3491 2542 spuman-

1886 2572 2032 2625 tibus
2065 2569 2263 2625 rostris
2295 2569 2523 2623 hostiles
2541 2568 2865 2640 carinmldl.
2891 2568 3085 2638 turbae]
3109 2569 3486 2629 imminuebant,

1877 2664 2027 2734 jactu
2081 2673 2289 2717 tantum
2338 2664 2534 2731 lapidis
2583 2663 2786 2717 medio.
2842 2663 3009 2717 Stetit
3052 2678 3185 2729 ergo
3232 2664 3283 2714 in
3329 2676 3487 2727 prora

1883 2754 1990 2826 [ΑΙ.
2028 2754 2149 2826 ora]
2180 2756 2351 2815 navis,
2378 2764 2431 2808 et
2468 2768 2718 2823 porreeta
2753 2764 2944 2809 contra
2972 2757 3256 2808 venientes
3289 2768 3487 2808 manu:

1882 2847 2183 2916 hucusque,
2219 2846 2317 2909 ait,
2355 2846 2570 2901 venisse
2598 2847 2847 2900 sutticiat.
2880 2845 2923 2899 Ο
2947 2847 3079 2899 mira
3107 2862 3283 2899 rerum
3316 2845 3481 2899 fides!
3522 2900 3533 2909 ,

1879 2942 2060 2994 statim
2113 2940 2376 2994 resiluere
2423 2939 2706 3005 naviculae,
2743 2949 2797 2994 et
2838 2939 3243 3008 impellentibus
3286 2949 3477 2993 contra

1882 3033 2069 3094 remis,
2103 3031 2169 3085 ad
2197 3034 2420 3101 puppim
2457 3034 2690 3101 impetus
2714 3031 2880 3086 redit.
2916 3031 3254 3086 Mirabantur
3287 3032 3478 3101 pirata:

1882 3134 2004 3191 post
2054 3133 2263 3192 tergum
2308 3140 2365 3179 sc
2403 3124 2582 3179 redire
2620 3125 2874 3180 nolentes
2910 3141 2924 3176 :
2970 3134 3191 3193 totoque
3232 3125 3482 3192 Corporis

177 3211 378 3279 moles,
406 3221 463 3265 et
494 3222 702 3268 montes
734 3215 1007 3285 gurgitum
1040 3216 1311 3271 littoribus
1335 3216 1548 3279 inferri,
1579 3233 1773 3273 veren-
1800 3202 1844 3263 Ο
1879 3220 2019 3283 nisu,
2046 3226 2105 3271 ut
2133 3218 2197 3268 ad
2228 3216 2499 3285 navigium
2528 3218 2904 3284 pervenirent,
2946 3216 3279 3281 laborantes,
3320 3216 3472 3270 velo-

182 3313 277 3369 tes,
307 3302 469 3373 quod
493 3304 600 3373 jam
629 3307 876 3361 evenisse
908 3309 1230 3373 cernebant,
1272 3324 1339 3363 ne
1370 3308 1629 3379 Oppidum
1660 3310 1779 3365 fun-

178 3396 321 3452 ditus
375 3397 1116 3471 subverteretur,8ingressi
1166 3411 1291 3457 sunt
1340 3404 1406 3457 ad
1456 3419 1645 3459 senem
1688 3414 1778 3460 :et

184 3489 328 3558 quasi
360 3489 428 3544 ad
466 3490 710 3559 praelium
748 3492 1181 3562 proficiscentes,
1230 3503 1532 3562 posuerunt
1570 3510 1691 3550 eum
1723 3498 1775 3550 in

184 3582 388 3641 littore.
416 3585 518 3652 Qui
543 3602 665 3641 cum
689 3588 787 3640 tria
812 3587 991 3642 crucis
1010 3587 1163 3657 signa
1191 3589 1456 3657 pinxisset
1481 3590 1532 3641 in
1558 3590 1775 3657 sabulo,

184 3694 483 3751 manusque
510 3690 699 3735 contra
744 3680 1016 3745 tenderet,
1067 3682 1393 3736 incredibile
1422 3680 1573 3735 dictu
1606 3692 1690 3737 est
1724 3684 1775 3736 in

184 3784 439 3844 quantam
472 3774 820 3829 altitudinem
870 3776 1242 3830 intumescens
1294 3792 1443 3831 mare
1485 3784 1613 3831 ante
1652 3792 1776 3832 eum

183 3868 436 3922 steterit:
464 3882 525 3921 ac
568 3866 659 3921 diu
708 3866 969 3929 fremens.
1006 3876 1062 3923 et
1090 3870 1242 3938 quasi
1288 3868 1355 3922 ad
1384 3869 1595 3923 obicem
1640 3870 1781 3923 indi-

186 3972 373 4027 gnans,
406 3958 669 4027 paulatim
716 3959 768 4012 in
802 3960 1159 4028 semetipsum
1191 3961 1467 4028 relapsum
1514 3970 1616 4016 est.
1665 3961 1779 4015 lloc

188 4049 487 4117 Epidaurus
516 4060 571 4103 et
591 4050 772 4104 omnis
794 4049 883 4103 illa
913 4052 1065 4117 regio
1089 4067 1257 4120 usque
1292 4051 1456 4107 hodie
1484 4052 1775 4123 przrdieat,

190 4152 495 4212 matresque
524 4142 723 4197 docent
760 4144 954 4197 liberos
977 4160 1107 4198 suos
1135 4147 1198 4198 ad
1226 4147 1545 4200 memoriam
1573 4147 1625 4200 in
1653 4162 1778 4217 pos-

192 4242 330 4291 teros
362 4234 871 4290 transmittendam.
908 4236 1045 4293 Vere
1078 4238 1210 4293 illud
1244 4240 1389 4308 quod
1424 4241 1490 4293 ad
1542 4244 1781 4310 Aposto-

192 4325 269 4382 los
314 4328 524 4384 dictum
560 4335 685 4382 est:
722 4326 784 4381 Si
829 4329 1177 4397 credideritis,
1228 4332 1408 4385 dicetis
1455 4332 1572 4385 huic
1597 4333 1779 4399 monti,

1877 3310 1992 3365 cius
2020 3310 2192 3363 multo
2219 3323 2381 3377 quam
2411 3318 2688 3373 venerant,
2721 3308 2786 3361 ad
2816 3308 2967 3362 littus
2998 3308 3335 3363 ferebantur.

1950 3403 2038 3456 4'2.
2076 3400 2274 3453 Multos
2302 3400 2365 3453 ab
2396 3401 2673 3453 immundis
2702 3401 2966 3471 spiritibus
2994 3400 3481 3453 curat—Practer-

1880 3498 2037 3551 mitto
2064 3504 2260 3549 cratera
2283 3536 2300 3558 ,
2334 3510 2401 3549 ne
2431 3494 2619 3548 videar
2649 3495 2701 3547 in
2735 3495 3052 3548 narratione
3080 3494 3363 3563 signorum
3390 3507 3485 3545 vo-

1882 3591 2061 3644 lumen
2094 3586 2420 3643 extendere.
2450 3586 2561 3641 lloe
2595 3586 2768 3641 solum
2795 3587 3006 3647 dicam,
3042 3586 3185 3653 quod
3219 3600 3483 3654 prospero

1883 3683 2210 3752 cursuginter
2227 3680 2493 3751 Cycladas
2520 3679 2806 3749 navigans,
2828 3679 2955 3734 hinc
2976 3680 3101 3734 inde
3130 3678 3483 3733 clamantium

1884 3773 1951 3829 de
1996 3773 2221 3828 urbibus
2252 3780 2307 3827 et
2336 3773 2475 3826 vicis
2508 3814 2520 3836 ,
2573 3782 2625 3826 et
2665 3772 2731 3826 ad
2766 3774 2947 3827 littora
2990 3772 3434 3828 concurrentium
3465 3813 3481 3839 ,

1885 3867 2290 3921 immundorum
2325 3866 2615 3936 spirituum
2648 3881 2809 3922 voces
2842 3866 2856 3903 ί
2891 3868 3163 3922 audiebat.
3201 3868 3485 3938 Ingressus

1888 3976 2018 4030 ergo
2074 3959 2319 4029 Paphum
2349 4000 2362 4022 ,
2414 3959 2604 4014 urbem
2649 3961 2813 4031 Cypri
2864 3963 3101 4017 nobilem
3146 3960 3483 4017 carminibus

1886 4064 2191 4122 poetarum,
2210 4069 2331 4121 qua:
2356 4054 2671 4121 frequenter
2688 4051 2815 4123 [Vel
2842 4051 3135 4122 frequenti]
3156 4060 3317 4105 terra:
3336 4060 3484 4105 motu

1886 4145 2061 4213 lapsa,
2080 4157 2222 4197 nunc
2247 4143 2523 4197 ruinarum
2554 4154 2765 4198 tantum
2786 4144 3029 4213 vestigiis
3057 4141 3186 4211 quid
3214 4140 3342 4195 olim
3371 4139 3487 4195 fuc-

1891 4239 1984 4304 rit,
2014 4237 2272 4303 ostendit,
2304 4237 2356 4290 in
2382 4238 2622 4293 secundo
2652 4238 2721 4291 ab
2743 4237 2878 4293 urbe
2910 4234 3175 4291 milliario
3207 4234 3491 4289 habitabat

1892 4332 2188 4403 ignobilis,
2234 4331 2589 4403 gaudensque
2631 4331 2775 4402 quod
2824 4331 3016 4401 paucis
3065 4328 3262 4384 diebus
3308 4328 3492 4395 quiete

260 4481 283 4508 ι
321 4472 456 4526 Mss.
503 4480 842 4537 constanter,
884 4488 1066 4526 nomen
1111 4481 1159 4526 et
1187 4488 1355 4527 sermo
1388 4488 1511 4525 suus
1550 4473 1779 4541 ignotus,
1809 4478 1864 4537 D
1893 4473 1967 4527 bit
2018 4473 2336 4527 Ammianus
2387 4471 2737 4524 Marcellinus
2782 4472 2849 4524 ad
2903 4471 3066 4523 tinem
3119 4469 3216 4541 lib.
3244 4480 3393 4541 xm,
3441 4475 3491 4520 et

194 4552 299 4597 etc.

264 4613 293 4651 δ
335 4612 457 4685 ρυο
488 4628 642 4671 mss.,
674 4622 836 4666 tractu
862 4616 980 4669 ηειιί
1004 4616 1241 4685 spiritus,
1268 4614 1408 4667 alius
1440 4613 1519 4665 sui
1545 4613 1781 4685 spiritus.

269 4696 291 4723 ι’
323 4682 391 4737 Et
420 4686 653 4737 oratione
687 4686 755 4737 ad
784 4682 1071 4750 Christum,
1102 4699 1209 4741 ctc.
1258 4686 1398 4740 Male
1442 4685 1622 4753 legunt
1653 4684 1784 4738 editi

196 4756 333 4822 libri,
372 4764 421 4808 et
462 4757 693 4809 oratione
716 4757 785 4809 ad
819 4755 1078 4811 Christum
1123 4759 1277 4812 misso
1322 4759 1513 4827 popqu
1558 4766 1786 4821 evocato,

199 4828 538 4898 praecepisset.
568 4837 699 4889 εις..
732 4835 980 4882 eviiCavit
1001 4830 1144 4883 enim
1173 4826 1481 4898 setpentem
1519 4826 1787 4889 Hilarion,

199 4912 242 4952 et
271 4901 317 4953 ei
349 4902 605 4969 praecepit
636 4909 840 4953 struem
883 4901 1149 4970 lignorum
1179 4900 1493 4963 ascendere,
1541 4910 1595 4951 ut
1636 4914 1788 4953 com-

198 4970 496 5025 bureretur.
1443 4971 1715 5025 Maurum

267 5041 291 5078 ά
329 5041 665 5096 Concinnius
713 5056 847 5096 mss.
898 5050 953 5096 et
982 5041 1228 5109 brevius,
1278 5042 1447 5111 ignem
1495 5042 1790 5113 supposuit,

204 5125 476 5182 cunctaque
508 5122 775 5179 spectante
798 5114 968 5183 plebe,
1002 5124 1109 5169 etc.

270 5195 291 5221 ε
330 5188 411 5237 Ea
445 5194 771 5253 tempestate,
809 5195 962 5239 terra:
1006 5197 1167 5238 motu.
1215 5184 1267 5238 In
1306 5183 1593 5241 Cbronicis
1628 5186 1796 5241 Euse-

205 5255 365 5309 bianis
406 5257 548 5311 idem
579 5255 973 5325 Hieronymus,
1002 5271 1145 5311 anno
1176 5255 1532 5312 Valentiniani
1561 5260 1615 5319 ἓ,
1646 5268 1799 5312 terra:

204 5338 333 5399 motu
360 5343 446 5390 per
475 5338 644 5380 totum
674 5328 846 5380 orbem
895 5330 1056 5399 facto,
1104 5344 1243 5381 mare
1270 5327 1409 5382 littus
1440 5331 1717 5399 egreditur,
1750 5338 1800 5385 et

208 5396 413 5461 Sicilire,
440 5398 828 5468 multarumque
851 5396 1146 5451 insularum
1172 5399 1341 5461 urbes,
1385 5412 1430 5452 et
1455 5396 1801 5454 innumerabi-

208 5469 275 5522 les
296 5473 508 5542 papulas
558 5472 842 5539 oppressit.
880 5470 955 5524 De
982 5469 1176 5524 eodem
1220 5473 1333 5523 haec
1379 5472 1541 5524 habet
1592 5473 1643 5523 in
1676 5470 1799 5524 lsai.

209 5554 320 5607 cap.
363 5557 467 5595 xv:
498 5542 652 5595 Motu
695 5552 851 5596 εει-ηε
879 5558 1068 5612 magno
1096 5542 1147 5593 in
1178 5558 1291 5594 mea
1323 5542 1564 5607 infamia,
1600 5542 1804 5612 quando

209 5613 351 5665 totius
386 5614 524 5667 orbis
566 5612 715 5668 littus
769 5610 1096 5682 transgressa
1137 5623 1255 5665 sunt
1294 5616 1478 5675 maria,
1528 5622 1633 5682 etc.
1672 5610 1807 5667 Vide

210 5686 359 5739 etiam
387 5689 641 5740 Orosium
677 5685 773 5739 lib.
800 5700 896 5749 vlt,
925 5681 1048 5752 cap.
1078 5683 1169 5748 5‘2,
1203 5692 1255 5738 et
1286 5683 1497 5739 Socrat.
1532 5681 1668 5733 llist.
1710 5682 1810 5737 Ec-

212 5755 333 5827 cles.
363 5756 454 5813 lib.
489 5772 566 5821 tv,
597 5772 720 5827 cap.
765 5757 821 5811 5.
868 5825 877 5827 Α
1342 5824 1354 5827 _
1465 5752 1736 5827 Maurum.

211 5826 461 5885 --Teme
488 5822 680 5886 motus'
704 5829 793 5881 hic
830 5825 971 5882 idem
1000 5831 1103 5894 est,
1134 5835 1294 5895 Quem
1310 5824 1584 5893 eleganter
1611 5822 1815 5875 deseri»

1892 4544 2104 4597 consule
2142 4543 2508 4597 Valentiniano
2538 4542 2763 4608 primum
2794 4558 2909 4593 cum
2951 4541 3111 4607 fratre
3149 4538 3363 4593 Valente
3398 4553 3496 4592 ac-

1890 4616 2087 4669 cidisse
2114 4615 2268 4677 dieit,
2296 4614 2437 4683 quod
2468 4612 2705 4683 refertur
2733 4612 2797 4665 ad
2823 4628 2927 4683 an:
2948 4612 3054 4665 305
3076 4612 3231 4681 (vide
3264 4609 3497 4665 Chroni-

1893 4700 1993 4739 con
2035 4684 2100 4738 ad
2121 4701 2206 4738 an.
2230 4687 2265 4735 ἓ
2286 4680 2704 4749 Valentiniani),
2725 4693 2775 4737 et
2808 4684 2859 4735 in
2891 4680 3164 4737 Chronico
3190 4684 3492 4737 Alexand.:

1894 4758 2074 4827 Τούτῳ
2104 4765 2176 4829 τῷ
2207 4754 2310 4810 ἔτει
2398 4757 2631 4829 θάλασςα
2661 4755 2713 4805 ἐκ
2740 4762 2841 4807 τῶν
2871 4752 3007 4807 ἰδίων
3036 4754 3165 4829 ὅρων
3188 4756 3348 4819 ἐξῆ).θι
3378 4759 3497 4826 μηνὶ

1899 4822 2109 4897 ﬂuviust
2151 4822 2256 4898 arpi)
2300 4824 2359 4878 ιϐ
2400 4822 2649 4878 γαλανδῶν
2682 4827 3008 4895 Δύγούστων.
3043 4822 3166 4881 Vid.
3213 4822 3499 4881 Socratem

1904 4899 1995 4952 lib.
2036 4913 2107 4960 tv,
2140 4911 2189 4949 e.
2223 4898 2277 4950 5.

1980 4965 1999 5004 ί
2049 4966 2325 5034 Ρνίεναριτι
2363 4963 2533 5018 delata
2575 4965 2842 5019 montium.
2888 4964 3000 5021 Hoc
3051 4965 3211 5023 modo
3242 4966 3503 5033 scriptum

1906 5040 2211 5109 reperimus
2233 5040 2286 5091 in
2316 5037 2588 5101 omnibus,
2615 5052 2750 5107 quos
2777 5038 3013 5101 insuexi.
3045 5057 3177 5095 mss.
3202 5054 3243 5093 ct
3268 5038 3501 5094 dicihus.

1904 5112 2174 5167 Marianus
2207 5110 2356 5179 legit,
2391 5110 2459 5163 ad
2488 5118 2752 5181 prwrupta
2776 5112 3027 5167 montium
3054 5110 3226 5167 delato
3243 5112 3503 5180 pepende-

1906 5193 2049 5237 runt.
3159 5184 3429 5239 Maurum.

1909 5254 2376 5309 —-Erasmianam
2406 5254 2697 5309 lectionem
2730 5253 3073 5310 Martianmus
3120 5272 3184 5310 ex
3226 5254 3330 5305 tide
3373 5264 3507 5304 mss.

1911 5342 2137 5381 suorum
2171 5327 2462 5390 revocavit,
2496 5326 2559 5378 de
2600 5325 2778 5391 latere,
2810 5342 2907 5396 pro
2936 5343 3041 5380 uno
3078 5325 3248 5378 verbo
3277 5322 3465 5374 delata:
3496 5337 3511 5373 :

1915 5399 2073 5454 nobis
2116 5398 2384 5467 probatur
2442 5398 2615 5465 magis
2646 5395 2838 5451 istbzrc
2883 5395 3135 5456 Victorii,
3165 5406 3328 5467 quam
3367 5404 3512 5467 mss.

1914 5470 1980 5525 ad
2014 5462 2179 5524 unum
2211 5484 2427 5529 omnes,
2459 5462 2598 5537 quos
2626 5468 3030 5526 consuluimus,
3055 5462 3401 5537 confirmant.

1990 5552 2013 5589 ες
2058 5543 2186 5594 lirat
2214 5548 2373 5593 antea
2397 5530 2618 5608 ingressi
2643 5548 2782 5604 sunt,
2814 5548 2963 5592 certe
2988 5530 3352 5589 renitentibus
3375 5544 3513 5589 mss.

1917 5612 2043 5667 Vid.
2078 5611 2443 5666 Sozotneuum
2475 5611 2567 5663 lib.
2595 5626 2648 5672 v,
2668 5624 2786 5676 cap.
2814 5608 2907 5660 20.

1992 5680 2021 5719 δ
2064 5682 2218 5737 Unus
2256 5680 2430 5736 Vatic.
2468 5681 2662 5749 ﬂuctus
2689 5671 3045 5749 vértentelal.
3075 5671 3342 5749 uerrente)
3372 5674 3529 5727 remi-

1922 5771 2015 5826 ge,
2034 5770 2227 5826 omnes,
2259 5760 2394 5817 etc.,
2426 5741 2547 5820 qua:
2577 5750 2811 5826 fortasse
2838 5745 3017 5826 verior
3048 5754 3135 5800 est
3163 5741 3346 5801 lectio}

2006 5822 2018 5859 ί
2058 5825 2190 5877 Erat
2214 5813 2400 5877 contra
2429 5813 2563 5876 mss.
2597 5818 2778 5883 ﬁdem,
2803 5813 3160 5872 audiebantur.
