4056 6298
554 296 617 353 51
1766 290 1826 347 S.
1864 290 2147 348 EUSEDH

2282 290 2579 347 EBONYMJ
3794 289 3863 344 52

552 413 779 467 viveret.
826 407 1027 464 Verum
1060 416 1087 445 ι
1132 420 1239 462 non
1295 406 1363 462 ad
1392 407 1615 478 plenum
1660 405 1849 477 viginti
1878 406 2154 462 transiere
2182 416 2237 475 Α
2260 405 2531 470 standum,
2566 405 2840 461 hominem
2871 406 3236 476 surrigebant.
3257 406 3413 475 Quod
3441 417 3729 477 postquam
3757 422 3859 462 au-

556 507 711 568 dies,
756 517 880 556 cum
929 518 1026 572 per
1069 516 1287 556 omnem
1349 502 1495 555 illam
1547 500 1782 555 insulam
1824 501 2156 570 quicumque

551 596 867 651 immundos
914 594 1185 649 habebant
1227 594 1496 665 Spiritus,
1546 595 1786 649 clamare
1824 602 2154 663 cmperunt,

548 690 770 744 venisse
802 687 1135 742 llilarionem
1177 702 1399 742 servum
1445 686 1695 754 Christi,
1738 695 1793 741 et
1832 687 1899 741 ad
1944 703 2069 742 eum
2098 701 2157 743 se

553 782 761 836 debere
789 796 1108 849 properare.
1142 781 1256 835 lloc
1281 780 1551 834 Salamina
1579 822 1592 847 ,
1627 779 1731 835 hoc
1760 778 2020 844 Curium,
2056 780 2159 833 hoc

552 873 799 942 Lapetha
838 884 893 926 et
937 874 1104 928 urbes
1140 873 1365 943 reliqua:
1395 874 1857 939 conclamabant,
1882 874 2159 944 plerisque

552 966 931 1019 aSserentibus
968 966 1109 1021 scire
1152 980 1212 1020 se
1248 965 1473 1035 quidem
1518 965 1856 1020 llilarionem
1882 1005 1899 1031 ,
1934 973 1988 1018 et
2026 980 2159 1020 vere

552 1059 708 1113 illum
750 1073 876 1113 esse
921 1057 1184 1111 famulum
1227 1058 1322 1111 Dei
1351 1099 1365 1121 ,
1410 1057 1508 1111 sed
1552 1057 1645 1111 ubi
1690 1067 1837 1112 esset
1878 1058 2156 1128 ignorare.

555 1152 702 1206 Intra
738 1151 961 1220 triginta
988 1151 1156 1219 igitur
1184 1165 1286 1205 nec
1314 1151 1486 1205 multo
1512 1150 1751 1220 amplius
1783 1150 2159 1215 dics,dncenti

550 1247 725 1300 ferme
748 1286 761 1309 ,
799 1254 909 1298 tam
942 1244 1039 1298 viri
1070 1260 1235 1315 quam
1264 1244 1525 1299 mulieres
1545 1286 1558 1310 ,
1587 1244 1654 1297 ad
1685 1259 1810 1298 cum
1837 1244 2156 1315 congregati

557 1348 707 1392 sunt.
736 1338 886 1405 Quos
915 1352 1039 1391 cum
1084 1337 1346 1403 vidisset,
1374 1337 1574 1391 dolens
1598 1336 1749 1406 quod
1776 1350 1837 1391 se
1867 1352 1973 1391 non
2008 1344 2163 1407 pate-

550 1441 743 1486 rentur
772 1432 1061 1500 quiescere
1085 1471 1101 1497 ,
1133 1439 1189 1485 et
1227 1429 1631 1501 quodammodo
1671 1429 1725 1483 in
1768 1430 2034 1484 ultionem
2077 1429 2161 1484 sui

556 1527 817 1591 είενίθιιε,
854 1535 1004 1580 tanta
1027 1539 1124 1580 eos
1146 1526 1452 1579 orationum
1483 1524 1741 1580 instantia
1764 1525 2082 1596 ﬂagellavit,
2105 1536 2165 1581 ut

556 1620 778 1690 quidam
808 1621 993 1675 statim
1020 1662 1033 1684 ,
1062 1620 1151 1675 alii
1179 1628 1300 1691 post
1330 1620 1553 1674 biduum
1588 1620 1898 1676 triduumve
1918 1661 1934 1687 ,
1970 1634 2163 1676 omnes

563 1726 694 1765 vero
716 1713 856 1765 intra
882 1727 1043 1765 unam
1074 1711 1472 1766 hebdomadam
1498 1720 1842 1766 curarentur.

2261 498 2432 552 ditum
2460 506 2549 552 est
2573 540 2588 564 ,
2621 498 2784 553 etiam
2818 497 3193 552 difficultatem
3237 496 3344 553 ioci
3371 540 3385 563 ,
3432 506 3491 552 et
3519 496 3625 552 iter
3652 498 3859 553 invium

2262 592 2614 662 plurimorum
2658 592 2786 646 vicit
2833 592 3154 647 necessitas.
3200 591 3345 646 Nihil
3399 606 3552 661 teque
3601 606 3699 660 per
3752 591 3863 646 cir-

2262 686 2518 740 cumitum
2546 686 2757 741 cunctis
2783 686 2924 740 villis
2959 686 3376 741 observantibus
3405 728 3419 752 ,
3451 702 3611 757 quam
3656 701 3725 740 ne
3754 699 3863 756 quo

2262 779 2426 834 modo
2450 780 2784 834 elaberetur.
2814 780 3272 836 Dissentinaverat
3294 782 3442 835 enim
3474 781 3577 835 hoc
3592 780 3662 835 de
3684 794 3750 835 eo
3772 796 3865 835 ru-

2265 887 2402 938 mor,
2424 871 2514 925 diu
2538 886 2663 926 eum
2695 872 2745 926 in
2769 872 2959 927 eodem
2992 873 3111 928 loco
3129 888 3353 928 manere
3374 888 3481 929 non
3506 872 3863 943 posse.Quod

2264 963 2357 1019 ille
2387 978 2491 1017 non
2524 964 2739 1019 levitate
2770 964 3003 1033 quadam
3032 1006 3045 1026 ,
3091 975 3185 1020 aut
3228 966 3426 1035 puerili
3476 978 3639 1019 sensu
3683 966 3864 1021 victus

2263 1057 2527 1122 faciebat;
2573 1058 2668 1113 sed
2708 1058 2973 1113 honorem
3012 1059 3228 1129 fugiens
3269 1068 3324 1115 et
3352 1059 3863 1129 importunitatem;

2264 1163 2481 1219 semper
2511 1150 2621 1222 39
2644 1151 2787 1205 enim
2818 1150 3098 1207 silentium
3124 1162 3183 1207 et
3209 1151 3376 1207 vitam
3412 1152 3701 1221 ignobilem
3722 1150 3873 1209 desi~

2266 1242 2515 1298 derahat.

2337 1335 2428 1390 45.
2466 1334 2841 1391 Testamentum
2872 1336 3388 1393 Hilarionis.-—-0lei
3428 1340 3666 1395 tinctione
3695 1338 3869 1394 curati

2268 1429 2379 1497 ﬁlia
2408 1439 2455 1483 et
2476 1446 2629 1501 gener
2649 1430 2982 1486 Constantiaz.
3011 1431 3178 1501 Igitur
3193 1433 3531 1504 octogesimo
3549 1435 3734 1489 etatis
3752 1446 3871 1488 sue

2268 1534 2411 1574 anno
2435 1564 2450 1586 ,
2503 1536 2627 1576 cum
2660 1522 2855 1577 absens
2893 1532 3047 1578 esset
3088 1523 3396 1596 Hesychius
3425 1565 3439 1589 ,
3488 1525 3645 1596 quasi
3694 1533 3869 1580 testa-

2271 1614 2438 1667 menti
2467 1614 2587 1669 vice
2620 1613 2839 1669 brevem
2872 1629 3036 1670 manu
3066 1618 3283 1685 propria
3315 1618 3534 1687 scripsit
3557 1617 3873 1687 epistolam,

2269 1719 2460 1761 omnes
2508 1704 2728 1760 divitias
2778 1721 2905 1761 suas
2952 1708 3000 1762 ei
3047 1708 3435 1780 derelinquens
3477 1710 3873 1782 (Evangelium

632 1806 725 1860 45.
752 1803 815 1858 In
833 1806 1157 1859 secretiorem
1179 1806 1350 1859 [actim
1372 1805 1624 1859 ascendit.
1665 1802 1886 1859 Bucolia
1914 1803 2158 1876 ngyptt'.
2195 1812 2241 1872 Β
2270 1799 2499 1863 scilicet,
2528 1808 2583 1853 et
2608 1799 2846 1854 tunicam
2876 1815 3147 1864 sacceam,
3166 1802 3435 1857 cucullam
3457 1811 3511 1857 et
3541 1803 3875 1873 palliolum),

568 1898 912 1969 Paralyticus
936 1900 1477 1954 curatus.—Mauens
1512 1900 1694 1969 itaque
1715 1898 1791 1954 ibi
1825 1900 2052 1954 biennio
2072 1940 2086 1965 ,
2110 1908 2170 1957 et

561 2008 779 2062 semper
823 1991 891 2046 de
940 1991 1061 2062 fuga
1105 1994 1352 2063 cogitans
1379 2034 1395 2059 ,
1443 1991 1779 2063 llesychium
1820 1992 1887 2047 ad
1930 2007 1991 2047 se
2022 1991 2169 2048 veris

559 2094 808 2151 tempore
851 2099 1245 2148 reversurum,
1296 2084 1641 2138 Palzeslinam
1680 2084 1748 2138 ad
1776 2083 2167 2139 salutationem

557 2175 812 2239 fratrum,
828 2185 882 2230 et
903 2177 1221 2230 monasterii
1250 2178 1331 2230 sui
1350 2177 1461 2247 38
1479 2176 1696 2231 cineres
1717 2177 1973 2231 visendos
1999 2178 2167 2231 misit.

563 2269 666 2336 Qui
696 2284 820 2322 cum
861 2270 1217 2335 revertisset,
1245 2270 1489 2339 cupienti
1524 2284 1739 2324 rursum
1776 2269 1844 2323 ad
1872 2269 2169 2340 Egyptum

563 2360 845 2427 navigare,
877 2359 979 2413 hoc
1009 2370 1113 2427 est,
1143 2361 1209 2414 ad
1242 2376 1301 2415 ea
1332 2360 1475 2421 loca,
1508 2376 1629 2429 quae
1651 2368 1925 2415 vocantur
1946 2360 1972 2398 ι)
1999 2361 2174 2416 Buco-

560 2452 632 2505 lia
663 2468 792 2526 “eo
837 2451 979 2521 quod
1014 2452 1197 2505 nullus
1242 2452 1315 2506 ibi
1360 2450 1801 2507 Christianorum
1836 2463 1991 2507 esset
2022 2495 2038 2520 ,
2072 2456 2171 2511 sed

561 2542 795 2595 barbara
826 2550 1036 2595 tantum
1060 2552 1113 2595 et
1143 2541 1292 2596 ferox
1323 2544 1491 2603 natio.
1510 2543 1679 2597 suasit
1700 2551 1758 2597 ut
1781 2545 1833 2597 in
1860 2543 1975 2613 ipsa
2000 2543 2173 2612 magis

567 2635 743 2689 insula
776 2635 842 2689 ad
876 2637 1243 2690 secretiorem
1282 2636 1461 2691 locum
1496 2647 1517 2673 ο
1547 2636 1967 2690 conscenderet.
1997 2635 2172 2702 Quem

564 2742 688 2779 cum
731 2726 823 2778 diu
860 2726 1102 2779 lustrans
1137 2728 1318 2780 omnia
1341 2768 1356 2791 ,
1392 2725 1719 2794 reperisset,
1752 2725 2007 2794 perduxit
2048 2741 2172 2780 eum

565 2815 853 2869 duodecim
877 2816 1117 2868 millibus
1137 2831 1168 2868 a
1194 2817 1326 2867 mari
1349 2816 1541 2885 procul
1574 2816 1717 2870 inter
1744 2826 1989 2870 secretos
2016 2830 2175 2886 aspe-

565 2922 769 2975 rosque
797 2916 1012 2959 montes
1036 2947 1049 2970 ,
1083 2914 1135 2960 et
1163 2922 1272 2975 quo
1304 2906 1389 2960 vix
1419 2907 1686 2977 reptando
1715 2908 1970 2961 manibus
1996 2924 2173 2979 genu-

566 3003 780 3069 lmsque
821 3010 1002 3067 posset
1043 3000 1289 3053 asccnili.
1333 3001 1433 3067 Qui
1469 3000 1843 3071 introgressus
1872 3042 1885 3065 ,
1917 3009 2173 3056 contem-

568 3094 744 3161 platus
761 3091 981 3161 quidem
1000 3102 1081 3146 est
1102 3091 1400 3146 terribilem
1423 3092 1579 3147 valde
1598 3101 1654 3147 et
1682 3101 1951 3147 remotum
1973 3094 2172 3161 locum,

2273 1907 2397 1945 nam
2435 1892 2686 1947 minister
2713 1892 2834 1962 ejus
2865 1901 2993 1948 ante
3034 1908 3235 1962 paucos
3272 1894 3391 1950 dies
3421 1894 3658 1949 obierat.
3692 1893 3880 1950 Vene-

2272 1998 2398 2042 runt
2434 1987 2615 2058 itaque
2643 1987 2710 2042 ad
2742 1999 3100 2059 :egrotantem
3132 1989 3198 2044 de
3232 1989 3415 2059 Papho
3448 1989 3601 2043 multi
3634 1988 3879 2059 religiosi

2273 2078 2411 2142 viri;
2450 2088 2505 2134 et
2535 2081 2769 2133 maxime
2798 2080 2942 2151 quod
2974 2096 3099 2135 eum
3128 2082 3339 2135 dixisse
3379 2082 3668 2136 audierant
3698 2118 3714 2146 ,
3753 2082 3872 2151 jam

2273 2187 2333 2226 se
2363 2170 2429 2225 ad
2462 2172 2753 2227 Dominum
2783 2173 3168 2243 migraturum,
3198 2174 3341 2229 etde
3367 2174 3618 2244 corporis
3644 2172 3881 2229 vinculis

2274 2260 2646 2326 liberandum;
2691 2261 2786 2317 sed
2821 2274 2874 2317 et
2916 2262 3236 2319 Constantia
3282 2264 3529 2334 quaedam
3568 2276 3758 2320 saneta
3800 2268 3881 2320 [θη

2277 2355 2419 2409 mina
2442 2396 2459 2419 ,
2493 2356 2649 2425 cujus
2674 2372 2937 2427 generum
2966 2368 3021 2413 et
3053 2358 3216 2411 filiam
3240 2358 3310 2412 de
3342 2366 3520 2413 morte
3549 2359 3885 2415 liberaverat

2277 2450 2535 2505 unctione
2565 2450 2669 2504 olei
2716 2467 2727 2505 :
2760 2466 2898 2520 quos
2930 2467 3120 2506 omnes
3145 2452 3415 2521 adjnravit
3442 2492 3456 2517 ,
3486 2462 3544 2505 ut
3571 2466 3641 2506 ne
3670 2461 3881 2521 puncto

2277 2543 2496 2613 quidem
2525 2544 2673 2597 horae
2704 2553 2828 2613 post
2856 2553 3089 2599 mortem
3118 2554 3526 2609 reservaretur;
3564 2543 3658 2599 sed
3690 2545 3881 2599 statim

2277 2650 2399 2689 eum
2426 2637 2479 2690 in
2509 2635 2699 2691 eodem
2732 2639 2951 2692 hortulo
2980 2647 3124 2693 terra
3148 2640 3450 2707 aperirent,
3483 2640 3622 2693 sicut
3644 2638 3881 2695 vestitus

2278 2737 2395 2781 erat
2424 2729 2476 2782 in
2510 2729 2687 2783 tunica
2718 2729 2931 2783 cilicina
2960 2738 3015 2785 et
3046 2731 3259 2786 cuculla
3287 2771 3302 2791 ,
3333 2740 3389 2784 et
3418 2744 3547 2800 sago
3574 2732 3803 2786 rustico.

2348 2824 2439 2879 45.
2473 2823 2701 2892 Jamque
2727 2826 2975 2879 modicm
3000 2826 3149 2880 calor
3178 2827 3397 2894 tepebat
3424 2827 3476 2878 in
3502 2836 3743 2893 pectore,
3768 2840 3877 2882 nec

2280 2927 2477 2986 prmter
2505 2934 2726 2973 sensum
2757 2920 3047 2990 quidquam
3078 2920 3182 2973 vivi
3214 2921 3453 2975 hominis
3482 2930 3792 2991 supererat,
3824 2930 3880 2977 et

2282 3017 2461 3063 tamen
2507 3010 2711 3079 apertis
2748 3011 2922 3066 oculis
2965 3012 3323 3082 loquebatur:
3378 3011 3654 3081 Egredere
3683 3055 3697 3078 ,
3751 3013 3877 3082 qttid

2280 3102 2477 3157 times?
2506 3103 2763 3175 egredere
2780 3144 2796 3171 ,
2831 3104 3012 3160 anima
3035 3120 3179 3170 mea,
3203 3105 3331 3174 quid
3356 3104 3616 3161 dubitas?
3644 3106 3880 3176 Septua-

566 3185 858 3240 arboribus
902 3185 1029 3240 hinc
1066 3186 1191 3240 inde
1216 3187 1645 3252 circumdatum,
1680 3186 1974 3242 habentem
2006 3190 2168 3244 etiam
2200 3192 2245 3253 C
2277 3197 2421 3265 ginta
2453 3212 2619 3266 prope
2647 3198 2805 3252 annis
2835 3198 3307 3259 servistiChristo.
3328 3208 3385 3253 et
3414 3212 3649 3255 mortem
3685 3199 3881 3256 times?

569 3292 737 3344 uiuas
764 3276 832 3331 de
854 3279 1149 3346 supercilio
1176 3278 1327 3333 collis
1356 3279 1603 3350 irriguas,
1628 3289 1682 3332 et
1711 3278 1989 3333 hortulum
2017 3295 2173 3349 pera-

574 3385 838 3434 mmuum,
865 3379 917 3425 et
940 3372 1183 3440 pomaria
1213 3373 1468 3441 plurima,
1494 3388 1726 3443 quorum
1753 3373 1987 3429 fructum
2018 3391 2177 3429 num-

571 3484 733 3535 quam
785 3469 839 3521 in
863 3469 989 3523 cibo
1033 3471 1306 3538 sumpsit:
1360 3472 1453 3525 sed
1496 3481 1554 3526 et
1595 3472 1965 3543 antiquissimi
2018 3474 2173 3543 juxta

572 3561 758 3629 templi
790 3563 1003 3615 ruinam
1035 3580 1099 3617 ex
1133 3579 1240 3631 quo
1271 3565 1353 3636 (ut
1382 3564 1498 3633 ipse
1529 3564 1802 3619 referebat
1831 3576 1887 3620 et
1917 3567 2034 3636 ejus
2060 3567 2175 3623 dis-

573 3680 583 3703 ι
609 3658 736 3725 ipuli
768 3655 791 3694 ‘l
824 3660 1115 3726 testantur)
1149 3668 1256 3713 tam
1283 3660 1757 3715 innumerabilium
1787 3676 1883 3730 per
1911 3673 2102 3718 noctes
2122 3674 2179 3719 et

576 3751 694 3804 dies
726 3751 1036 3805 daemonum
1067 3766 1227 3807 voces
1261 3753 1608 3818 resonabant,
1645 3761 1703 3807 ut
1730 3754 2029 3808 exercitum
2057 3770 2178 3810 cre-

575 3843 755 3897 deres.
797 3844 916 3907 Quo
944 3844 1035 3898 ille
1064 3842 1222 3896 valde
1248 3843 1558 3898 delectatus
1582 3886 1598 3909 ,
1645 3860 1754 3909 quo
1785 3845 1995 3901 scilicet
2026 3856 2179 3900 anta-

573 3940 817 4006 gonistas
841 3935 1072 3990 haberet
1102 3937 1155 3990 in
1181 3938 1450 4005 proximo,
1483 3936 1749 3991 habitavit
1780 3938 1853 3993 ibi
1884 3954 1980 4008 per
2008 3953 2181 3994 annos

574 4027 844 4097 quinque,
878 4036 931 4081 et
962 4043 1109 4097 saepe
1139 4028 1414 4084 invisente
1444 4044 1505 4085 se
1530 4028 1830 4100 Hesychia,
1866 4030 1919 4085 in
1943 4030 2049 4085 hoc
2086 4046 2182 4087 ex-

574 4130 751 4175 tremo
786 4121 901 4189 jam
941 4121 1064 4176 vita:
1098 4136 1213 4176 sua:
1244 4134 1491 4192 tempore
1529 4122 1861 4179 refocillatus
1882 4134 2007 4192 est,
2035 4126 2181 4195 quod

575 4225 801 4282 propter
826 4216 1178 4283 asperitatem
1206 4216 1701 4288 difficultatemque
1728 4218 1855 4286 loci,
1888 4230 1940 4276 et
1964 4222 2182 4277 umbra-

572 4326 695 4365 rum
724 4310 810 4380 (ut
851 4310 1133 4365 ferebatur
1162 4312 1351 4382 vulgo)
1382 4314 1787 4370 multitudinem
1814 4358 1830 4382 ,
1854 4326 1945 4371 aut
1968 4318 2147 4373 nullus
2166 4360 2183 4386 ,

559 4417 667 4495 put
716 4420 874 4460 rarus
920 4408 985 4460 ad
1019 4423 1078 4462 se
1109 4407 1193 4461 vel
1226 4418 1412 4476 posset
1440 4450 1454 4473 ,
1487 4409 1570 4463 vel
1596 4409 1827 4465 auderet
1858 4413 2177 4471 ascendere.

575 4498 820 4567 Quodam
852 4509 1032 4555 autem
1064 4500 1153 4556 die
1185 4516 1441 4571 egressus
1472 4501 1751 4557 hortulum
1783 4546 1798 4569 ,
1839 4501 1973 4562 vidit
2006 4505 2185 4562 homi-

2278 3289 2335 3344 In
2380 3288 2496 3344 haec
2543 3290 2707 3345 verba
2756 3290 3033 3345 exhalavit
3061 3291 3335 3361 spiritum.
3371 3292 3675 3363 Statimque
3710 3293 3881 3349 humo

2278 3381 2529 3436 obrutum
2558 3422 2573 3446 ,
2605 3393 2733 3438 ante
2762 3384 2881 3439 urbi
2915 3386 3209 3454 sepultum,
3244 3400 3404 3453 quam
3435 3395 3711 3440 mortuum
3746 3402 3884 3442 nunc

2282 3474 2571 3530 tiaverunt.

2352 3566 2579 3639 4046.
2616 3568 2910 3640 Hesychius
2959 3574 3167 3642 {uratur
3215 3589 3404 3642 corpus
3455 3572 3517 3629 S.
3565 3571 3879 3630 Hilarionis.

2280 3664 2309 3719 Ι
2319 3675 2554 3736 ntegrum
2581 3680 2768 3735 corpus
2803 3666 3093 3722 Hilarionis
3120 3678 3167 3721 et
3188 3667 3372 3723 illaesa
3402 3676 3579 3723 vestes.
3608 3694 3683 3710 --
3724 3667 3879 3736 Quod

2283 3771 2567 3827 postquam
2592 3770 2811 3814 sanctus
2844 3760 2925 3813 vir
2950 3760 3157 3814 audivit
3187 3759 3511 3830 Hesychius,
3537 3764 3787 3830 perrexit
3814 3760 3879 3816 ad

2281 3848 2516 3922 Cyprum
2545 3890 2560 3916 ,
2606 3860 2661 3905 et
2700 3852 2965 3907 simulans
3007 3868 3069 3908 se
3113 3852 3254 3907 velle
3301 3852 3555 3908 habitare
3582 3854 3636 3908 in
3681 3853 3879 3909 eodem

2284 3943 2503 3999 hortulo
2525 3982 2540 4009 ,
2573 3953 2631 3997 ut
2671 3944 2948 4013 diligentis
2972 3944 3238 4000 custodite
3279 3945 3645 4014 suspicionem
3676 3945 3882 4002 accolis

2286 4038 2521 4106 tolleret,
2554 4053 2678 4093 cum
2709 4039 2911 4109 ingenti
2940 4040 3065 4093 vitae
3096 4054 3209 4093 sure
3243 4039 3508 4110 periculo,
3540 4048 3661 4110 post
3687 4039 3878 4096 decem

2284 4130 2400 4187 fere
2428 4144 2646 4187 menses
2667 4145 2871 4201 corpus
2896 4131 3016 4201 ejus
3038 4130 3249 4187 furatus
3276 4141 3380 4187 est.
3408 4131 3564 4198 Quod
3592 4132 3878 4202 Majumam

2285 4222 2560 4288 deferens,
2585 4226 2710 4280 totis
2724 4225 3115 4279 monachorum
3140 4234 3194 4281 et
3213 4224 3539 4295 oppidorum
3563 4225 3738 4280 turbis
3762 4239 3881 4296 pro-

2285 4316 2660 4385 sequentibus,
2688 4316 2742 4371 in
2770 4316 2999 4388 antiquo
3027 4318 3367 4374 monasterio
3395 4318 3673 4383 condidit;
3712 4320 3877 4374 illaesa

2289 4410 2475 4464 tunica
2499 4451 2513 4475 ,
2546 4410 2757 4465 cuculla
2786 4452 2800 4475 ,
2830 4418 2887 4465 et
2911 4410 3133 4479 palliolo
3157 4452 3172 4475 ,
3205 4420 3259 4465 et
3289 4418 3403 4464 toto
3430 4426 3691 4481 corpore,
3727 4409 3879 4482 quasi

2288 4500 2466 4556 adhuc
2493 4501 2965 4571 viveret,iutegro,
2995 4501 3270 4571 tantisque
3295 4501 3571 4571 fragrante
3604 4498 3878 4567 odoribus,

578 4607 703 4646 nem
730 4602 842 4645 toto
869 4608 1102 4663 corpore
1132 4595 1500 4666 paralyticum
1538 4596 1815 4665 jacentem
1847 4607 1974 4652 ante
2011 4597 2177 4655 fores.
2212 4576 2261 4637 D
2289 4604 2345 4649 υι
2373 4593 2675 4649 delibutum
2710 4594 3001 4663 unguentis
3033 4604 3275 4663 ριιιπθε.

579 4681 1041 4755 lnterrogavitque
1076 4685 1410 4757 liesychium
1442 4688 1693 4757 quisnam
1728 4698 1906 4751 esset,
1934 4689 2019 4744 vel
2042 4706 2179 4760 quo-

579 4776 745 4829 modo
775 4776 968 4831 fuisset
995 4779 1282 4834 adductus.
1314 4780 1415 4847 Qui
1445 4781 1787 4852 respondens
1808 4823 1822 4849 ,
1857 4784 1953 4849 ait,
1986 4797 2183 4850 procu-

579 4881 822 4925 ratorem
869 4886 930 4925 se
977 4870 1147 4929 fuisse
1174 4874 1379 4929 villulae
1405 4916 1420 4940 ,
1466 4876 1533 4929 ad
1576 4876 1734 4946 cujus
1764 4884 1788 4911 θ
1816 4875 1906 4946 jus
1934 4875 2188 4932 hortulus

580 4980 819 5035 quoque,
859 4966 911 5018 in
943 4980 1052 5033 quo
1080 4967 1183 5035 ipsi
1211 4978 1369 5023 erant
1392 5011 1406 5034 ,
1437 4970 1757 5039 pertineret.
1799 4968 1867 5024 Et
1896 4970 1990 5025 ille
2016 4971 2184 5025 colla-

583 5069 839 5125 crymans
893 5056 1231 5127 tendensque
1277 5059 1344 5113 ad
1388 5061 1663 5130 jacentem
1712 5076 1970 5118 manum:
2014 5061 2177 5131 Tibi,

580 5144 799 5216 inquit,
834 5142 958 5199 dico
1001 5146 1054 5198 in
1087 5148 1304 5202 nomine
1335 5148 1549 5203 Domini
1589 5153 1762 5207 nostri
1806 5152 1935 5209 Jesu
1974 5152 2181 5210 Christi

577 5250 822 5309 surge,et
851 5236 1092 5293 ambula.
1121 5239 1251 5295 Mira
1278 5242 1557 5296 velocitas.
1584 5244 1778 5300 Adhuc
1805 5248 1971 5303 verba
2001 5248 2055 5303 in
2085 5263 2182 5304 ore

578 5332 858 5401 loquentis
888 5331 1251 5387 volvebantur
1281 5376 1295 5399 ,
1338 5341 1394 5389 et
1429 5331 1540 5403 jam
1572 5336 1817 5390 membra
1847 5337 2082 5395 solidata
2114 5339 2182 5395 ad

653 5479 679 5508 ⁸
712 5470 865 5527 Unus
895 5468 1071 5525 Vatic.
1099 5512 1113 5536 ,
1145 5484 1249 5524 non
1278 5470 1431 5541 plus;
1461 5470 1604 5527 alius
1632 5485 1734 5525 non
1757 5472 1926 5543 plene,
1955 5475 2135 5545 viginti
2162 5518 2178 5545 ,

584 5550 691 5647 cui;
718 5613 769 5663 lu
814 5614 1021 5681 aliquot
1064 5627 1194 5668 mss.
1226 5657 1239 5675 ,
1288 5612 1556 5667 But/talia.
1610 5614 1941 5669 Heliodorus
1982 5616 2181 5673 Βονκὸλι

582 5680 821 5762 cupitae“
837 5680 1070 5762 κέὴᾖγνςαι
1102 5687 1243 5762 πρὸς
1288 5689 1577 5762 Aha-irritas
1604 5687 1629 5741 ὁ
1655 5686 1813 5747 τόπος
1838 5730 1851 5751 ,
1896 5695 1999 5740 etc.
2038 5687 2182 5762 llinc

582 5760 744 5833 etiam
778 5752 1008 5833 B_tscolici
1041 5752 1230 5833 milites
1255 5776 1345 5832 per
1362 5752 1655 5833 Az'gyptunt
1679 5767 1939 5833 notantur
1969 5773 1997 5833 ᾳ
2026 5760 2181 5829 (Jupi-

582 5823 751 5885 tulino
773 5823 1000 5901 aliisque
1022 5841 1050 5883 a
1077 5823 1285 5902 vulgar'i
1310 5823 1675 5905 appellatione
1698 5830 1860 5908 hujus
1882 5823 2177 5905 locl,quém

2355 4688 2444 4741 47.
2475 4686 2775 4740 Constantia
2798 4685 2973 4739 dolore
2999 4697 3201 4741 mortua
3220 4696 3427 4757 propter
3444 4687 3673 4756 {uratum
3700 4701 3878 4760 corpus

2285 4777 2349 4832 S.
2387 4775 2897 4832 Hilarionis—Non
2940 4775 3074 4832 tnihi
3120 4777 3334 4833 videtur
3376 4780 3430 4833 in
3468 4779 3618 4835 calce
3644 4780 3773 4835 libri
3803 4787 3879 4833 ta—

2284 4870 2451 4927 cenda
2472 4870 2801 4925 Constantia:
2824 4871 2972 4926 illius
2988 4870 3347 4927 sanctissima:
3372 4871 3617 4928 mulieris
3639 4870 3873 4936 devotio,

2284 4977 2405 5035 quae
2434 4962 2641 5032 perlato
2668 4962 2733 5016 ad
2776 4978 2835 5018 se
2879 4962 3070 5018 nuntio
3096 5008 3109 5031 ,
3143 4963 3287 5034 quod
3317 4964 3705 5033 corpusculum
3735 4964 3876 5020 Hila-

2282 5054 2454 5109 riouls
2482 5053 2787 5109 Palaestina:
2813 5064 2979 5122 esset,
3009 5056 3191 5111 statim
3222 5058 3533 5112 exanimata
3559 5068 3669 5124 est,
3693 5071 3875 5113 veram

2284 5150 2339 5206 in
2369 5163 2588 5203 servum
2613 5148 2709 5203 Dei
2730 5148 3079 5206 dilectionem
3110 5149 3273 5207 etiam
3296 5161 3469 5207 ntorte
3492 5150 3874 5222 comprobans.

2286 5240 2419 5296 Erat
2449 5241 2591 5295 enim
2622 5239 2776 5296 solita
2806 5243 3096 5313 pervigiles
3138 5244 3194 5299 in
3230 5246 3489 5312 sepulcro
3522 5245 3646 5315 ejus
3685 5249 3870 5299 noctes

2284 5335 2506 5399 ducere,
2530 5342 2584 5389 et
2608 5336 2759 5406 quasi
2784 5350 2905 5391 cum
2928 5348 3199 5409 praesente
3229 5339 3295 5394 ad
3322 5338 3659 5410 adjuvandae
3682 5337 3875 5395 oratio-

2292 5472 2625 5530 insidebant.

2368 5559 2387 5584 ε
2423 5546 2572 5602 Unus
2603 5544 2804 5609 Vatic.,
2840 5546 3155 5598 concederet.

2361 5614 2387 5654 ἀ
2419 5619 2546 5672 Mss.
2577 5660 2591 5683 ,
2641 5619 2991 5681 testabantur;
3035 5627 3089 5669 et
3132 5615 3293 5687 paulo
3339 5626 3457 5686 post
3510 5618 3648 5689 quod
3686 5615 3876 5672 scilicet

2292 5697 2459 5743 tantos
2483 5688 2743 5756 agonistas
2776 5689 2979 5743 haberet
3003 5729 3018 5755 ,
3046 5696 3155 5743 etc.

2364 5769 2388 5797 ο
2415 5760 2702 5827 Victorius,
2737 5759 2804 5815 ad
2834 5763 2982 5832 cujus
3009 5760 3233 5833 con/iniu
3262 5758 3520 5828 hortulus,
3548 5770 3657 5819 etc.
