4056 6328
501 268 568 321 55
1745 264 1806 319 S.
1849 262 2117 322 EUSEBII
2156 261 2537 321 ﬂlERONYMI

3731 261 3807 319 36

492 381 564 436 ad
593 388 835 436 austrum
874 380 978 436 sita
1021 387 1126 435 est.
1159 377 1235 433 lbi
1281 375 1513 448 repertis
1557 375 1863 443 monachis,
1904 390 2093 432 eorum
2122 383 2177 444 Α
2202 375 2294 430 ubi
2345 375 2622 430 dominam
2678 374 2989 447 liberosque
3035 391 3102 433 ex
3154 392 3306 433 more
3350 378 3528 447 gentis
3570 374 3803 431 adorare

498 490 588 534 me
617 473 927 546 magisterio
951 471 1172 536 tradidi,
1210 486 1470 527 manuum
1502 470 1688 526 labore
1718 472 1918 524 victum
1947 486 2097 539 quae-

499 568 694 634 ritans,
727 566 1115 635 lasciviamque
1161 564 1342 618 carnis
1386 562 1937 632 refrenansjejnniis.
1967 560 2098 615 Post

500 661 702 715 multos
749 673 921 713 annos
963 656 1151 712 incidit
1193 656 1322 711 mihi
1354 665 1380 694 α
1410 655 1763 715 desiderium,
1798 664 1855 709 ιιι
1888 653 1958 709 ad
2001 669 2097 723 pa-

493 754 662 809 triam
700 766 1004 821 pergerem.
1053 750 1122 803 Et
1165 750 1291 804 dum
1323 750 1499 804 adhuc
1527 749 1734 804 viveret
1762 746 1870 821 43
1902 760 2097 815 mater,

499 844 611 916 jam
640 844 785 898 enim
810 853 1015 914 patrem
1049 853 1324 896 mortuum
1354 842 1669 907 audieram;
1695 842 1903 895 solarer
1928 841 2102 895 vidui-

504 945 670 990 tatem
693 935 829 1005 ejus,
854 944 908 989 et
934 934 1132 988 exinde
1159 934 1467 989 venundata
1497 933 1953 1005 possessiuncula,
1980 946 2101 1002 par—

505 1038 615 1084 tem
644 1043 924 1098 erogarem
959 1030 1307 1098 pauperibus,
1331 1027 1359 1066 b
1383 1038 1588 1099 partem
1623 1028 1953 1082 monasterio
1974 1043 2104 1081 con—

505 1123 835 1187 stituerem;
901 1121 1028 1191 quid
1092 1121 1356 1176 erubesco
1420 1122 1668 1177 confiteri
1733 1121 2102 1176 infidelitatem

509 1213 725 1268 meam?
770 1222 975 1283 partem
1007 1215 1058 1267 in
1087 1224 1402 1283 sumptuum
1434 1230 1679 1269 meorum
1710 1214 1900 1269 solatia
1923 1229 2103 1269 reser-

509 1323 719 1364 varem.
748 1309 1000 1364 Clamare
1028 1309 1192 1378 coepit
1223 1310 1389 1364 abbas
1410 1325 1586 1373 mens,
1611 1308 1815 1364 diaboli
1845 1323 1966 1363 esse
1991 1316 2107 1363 ten-

511 1402 797 1468 tatioiiem,
827 1412 884 1457 et
903 1402 1004 1457 sub
1029 1402 1277 1458 boneslaz
1316 1403 1395 1458 rei
1425 1403 1727 1468 occasione,
1766 1403 1934 1457 latere
1970 1404 2108 1457 anti-

511 1495 603 1564 qui
657 1494 830 1549 bostis
884 1494 1131 1550 insidias.
1184 1495 1300 1550 Hoc
1346 1511 1502 1563 esse,
1552 1496 1753 1552 reverti
1801 1509 1991 1550 canem
2041 1496 2108 1549 ad

512 1587 777 1641 vomitum
818 1602 996 1641 suum.
1032 1587 1124 1643 Sic
1168 1588 1372 1643 multos
1410 1588 1802 1643 monachorum
1853 1600 1973 1643 esse
2017 1585 2112 1640 de-

513 1686 740 1748 ceptos,
785 1694 1076 1746 numquam
1118 1679 1393 1734 diabolum
1437 1692 1621 1750 aperta
1663 1679 1844 1734 fronte
1889 1695 1949 1735 se
1990 1693 2110 1748 pro-

2197 470 2357 541 jussi,
2387 471 2630 526 cervices
2658 470 2948 525 flectimus.
2982 469 3080 524 Hic
3113 471 3267 540 quasi
3308 470 3524 525 clausus
3552 483 3800 533 carcere,

2203 573 2412 619 mutato
2440 563 2651 630 habitu,
2686 563 2738 618 id
2768 570 2873 625 est.
2901 560 3077 617 nudus
3108 563 3385 618 ambulare
3416 562 3587 616 disco.
3618 570 3640 597 ε
3664 558 3804 616 Nam

2202 656 2346 712 aeris
2369 671 2579 726 quoque
2603 654 2977 725 intemperies,
3006 654 3139 709 nihil
3162 654 3306 709 aliud
3330 664 3531 724 praeter
3554 651 3806 723 pudenda

2204 748 2369 802 velari
2402 747 2731 817 patiebatur.
2756 745 3067 801 Traduntur
3092 747 3221 801 mihi
3249 746 3532 816 pascendi}:
3562 759 3714 810 oves,
3748 751 3806 799 et

2206 840 2259 895 in
2306 841 2570 895 malorum
2620 842 3027 907 comparatione
3069 839 3171 893 hoc
3216 838 3368 893 fruor
3410 838 3628 904 solatio,
3660 836 3807 903 quod

2206 934 2456 989 dominos
2494 948 2670 998 meos,
2701 944 2756 989 et
2799 946 3097 987 conservos
3144 930 3325 987 rarius
3352 931 3531 986 video.
3565 928 3809 984 Videbar

2208 1026 2337 1081 mihi
2366 1026 2570 1096 aliquid
2598 1025 2797 1080 habere
2824 1025 2995 1079 sancti
3026 1024 3221 1087 Jacob,
3254 1022 3582 1078 recordabar
3610 1019 3812 1090 Moysi,

2209 1120 2299 1188 qui
2328 1130 2384 1175 et
2410 1120 2513 1189 ipsi
2545 1122 2595 1173 in
2627 1133 2813 1173 eremo
2839 1118 3110 1188 quondam
3137 1116 3286 1172 fuere
3316 1123 3582 1186 pastores.
3607 1112 3813 1168 Vesce-

2208 1211 2307 1268 bar
2335 1211 2539 1266 recenti
2564 1226 2727 1267 caseo
2756 1220 2811 1265 et
2838 1210 3013 1265 lacte:
3043 1210 3266 1265 orabam
3295 1209 3514 1280 jugiter,
3546 1207 3814 1263 canebam

2212 1304 2477 1375 psalmos,
2520 1318 2660 1374 quos
2700 1304 2753 1359 in
2786 1304 3116 1358 monasterio
3146 1303 3465 1358 didiceram.
3494 1298 3815 1356 Delectabat

2212 1412 2299 1453 me
2330 1396 2616 1466 captivitas
2645 1412 2797 1461 mea;
2829 1396 3166 1467 agebamque
3207 1395 3299 1449 Dci
3339 1393 3545 1465 judicio
3580 1392 3815 1464 gratias,

2213 1491 2357 1561 quod
2391 1491 2737 1555 monachum,
2762 1505 2922 1560 quem
2955 1490 3009 1544 in
3042 1489 3217 1559 patria
3246 1487 3455 1543 fueram
3478 1485 3816 1557 perditurus,

2216 1587 2270 1641 in
2298 1602 2482 1641 eremo
2512 1588 2857 1642 inveneram.

2288 1679 2342 1734 6.
2385 1677 2694 1733 Conservam
2739 1679 2792 1731 in
2832 1694 3044 1733 uxorem
3090 1678 3294 1750 cogitur
3338 1676 3589 1746 accipere.
3641 1673 3825 1728 Virtus

514 1770 668 1826 dere.
714 1770 1062 1840 Proponebat
1104 1772 1235 1826 mihi
1287 1774 1537 1841 exempla
1574 1772 1640 1827 de
1672 1772 1968 1843 Scripturis
1994 1772 2112 1841 plu-
2143 1780 2190 1840 Β
2220 1770 2424 1840 femina:
2451 1769 2826 1840 captivom—0
2855 1768 2988 1822 nihil
3029 1783 3286 1839 umquam
3330 1778 3500 1821 tutum
3533 1766 3674 1834 apud
3704 1766 3827 1820 dia-

514 1862 693 1915 rima:
728 1863 869 1916 inter
904 1878 1025 1933 qua:
1058 1863 1213 1929 illud,
1246 1864 1389 1934 quod
1430 1864 1585 1918 initio
1618 1863 1790 1919 Adam
1822 1879 2035 1934 quoque
2063 1872 2119 1919 et

517 1950 688 2007 Evam
710 1967 807 2018 Spe
831 1952 1133 2008 divinitatis
1161 1955 1610 2025 supplantaverit.
1644 1954 1713 2010 Et
1741 1970 1863 2010 cum
1898 1970 2121 2025 persua-

518 2044 651 2099 dere
678 2060 784 2099 nou
822 2056 1027 2114 posset,
1069 2046 1386 2115 provolutus
1414 2047 1645 2117 genibus
1675 2046 2018 2111 obsecrabat,
2053 2060 2120 2102 ne

520 2150 582 2191 se
606 2136 942 2204 desererem,
959 2153 1027 2192 ne
1044 2154 1133 2192 me
1156 2138 1463 2207 perderem,
1490 2152 1612 2203 nec,
1638 2146 1879 2193 aratrum
1902 2147 2115 2204 tenens,

520 2238 645 2299 post
671 2238 880 2300 tergum
910 2231 1266 2299 respicerem.
1293 2231 1388 2286 Va:
1420 2230 1622 2286 misero
1645 2229 1801 2297 mihi,
1822 2230 1925 2284 vici
1948 2231 2124 2284 moni-

521 2330 697 2375 torem
733 2321 968 2387 pessima
1001 2322 1249 2386 victoria,
1286 2335 1478 2392 putans
1508 2324 1660 2377 illum
1697 2337 1804 2377 non
1833 2337 2008 2378 meam
2039 2337 2126 2377 sa-

521 2411 690 2467 lutem
720 2411 875 2485 [Mss.
911 2414 1247 2486 utilitatem],
1274 2414 1369 2470 sed
1393 2430 1549 2470 suum
1576 2416 1826 2470 solatium
1856 2429 2122 2485 quaerere.

526 2505 856 2560 Prosecutus
905 2521 1036 2578 ergo
1086 2522 1173 2562 me
1220 2509 1288 2563 de
1335 2508 1706 2575 monasterio,
1759 2508 1915 2579 quasi
1967 2508 2127 2563 funus

528 2594 770 2661 efferret,
803 2606 856 2651 et
888 2597 954 2653 ad
993 2608 1296 2655 extremum
1334 2601 1649 2659 valedicens
1676 2618 1687 2653 :
1716 2600 1905 2668 Video,
1946 2601 2041 2665 ait,
2078 2612 2131 2656 te

531 2684 624 2741 lilii
673 2686 887 2743 Satanae
936 2692 1178 2744 cauterio
1216 2700 1631 2745 notatumznon
1681 2706 1869 2760 quaero
1914 2706 2104 2747 causas

531 2779 912 2833 excusationes
938 2797 1043 2834 non
1074 2782 1298 2850 recipio.
1324 2782 1453 2836 Ovis
1475 2797 1595 2851 qua:
1622 2782 1691 2836 de
1716 2783 1953 2838 ovilibus
1978 2798 2097 2854 egre

536 2869 704 2936 ditur,
736 2872 846 2938 lupi
878 2873 1060 2926 statim
1089 2874 1363 2930 morsibus
1394 2874 1513 2948 [Αι.
1547 2875 1824 2948 faucibus]
1857 2887 2022 2947 patet.

609 2962 665 3016 4.
710 2962 952 3033 Captivus
981 2966 1369 3023 adducitur.—
1392 2971 1466 3025 De
1513 2969 1683 3025 Beroa
1714 2970 1975 3026 Edessam
2011 2986 2138 3042 per-

539 3057 823 3128 gentibus,
882 3059 1057 3114 vicina
1106 3070 1191 3115 est
1242 3061 1458 3131 publico
1503 3063 1687 3119 itineri
1730 3063 1997 3132 solitudo,
2044 3079 2139 3134 per

2220 1861 2437 1916 bolum!
2471 1878 2503 1916 o
2536 1861 2864 1931 multiplices
2896 1869 2951 1914 et
2983 1858 3284 1913 ineffabiles
3311 1857 3429 1927 ejus
3460 1856 3705 1911 insidiae!
3732 1856 3827 1911 Sic

2219 1969 2434 2025 quoque
2459 1955 2715 2010 latentem
2741 1969 2828 2009 me
2852 1954 3061 2007 invenit
3090 1952 3312 2007 invidia.
3341 1951 3605 2006 Dominus
3633 1948 3830 2005 videns

2220 2062 2440 2117 gregem
2467 2062 2625 2102 suum
2654 2060 2927 2111 crescere,
2954 2045 3197 2115 nihilque
3226 2046 3278 2099 in
3303 2059 3392 2099 me
3410 2042 3831 2113 deprehendens

2223 2140 2599 2195 fraudulentiae
2646 2138 2910 2210 (sciebam
2945 2138 3092 2191 enim
3134 2136 3455 2207 Apostolum
3503 2132 3830 2205 praecepisse

2223 2233 2450 2305 (Epltcs.
2497 2249 2572 2297 v1,
2615 2235 2789 2301 etc.),
2836 2232 3072 2287 dominis
3118 2232 3197 2285 sic
3240 2229 3394 2300 quasi
3441 2227 3554 2283 Deo
3602 2226 3833 2283 fideliter

2228 2325 2688 2394 serviendum),et
2703 2324 2891 2380 volens
2910 2341 2998 2380 me
3018 2336 3393 2387 remunerare,
3409 2336 3518 2392 quo
3541 2319 3707 2374 fidum
3726 2320 3834 2376 sibi

2228 2421 2401 2491 magis
2433 2420 2658 2486 faceret,
2684 2419 2909 2474 tradidit
2937 2418 3069 2474 mihi
3102 2418 3248 2472 illam
3277 2429 3597 2471 conservam
3630 2427 3831 2481 meam,

2230 2511 2522 2581 aliquando
2564 2511 2857 2581 captivam.
2908 2510 2978 2564 Et
3024 2524 3146 2565 cum
3192 2524 3294 2578 ego
3326 2506 3644 2571 refutarem,
3686 2505 3837 2559 dices

2232 2620 2455 2674 remque
2496 2619 2583 2658 me
2626 2602 3032 2669 Christianum,
3078 2617 3178 2657 nec
3225 2603 3388 2655 licere
3433 2598 3567 2654 mihi
3607 2612 3834 2652 uxorein

2233 2696 2465 2753 viventis
2496 2694 2675 2749 mariti
2708 2694 2959 2764 accipere
2991 2692 3281 2765 (siquidem
3314 2697 3508 2761 captus
3550 2688 3838 2743 nobiscum

2237 2787 2323 2842 vir
2345 2788 2482 2857 ejus,
2504 2786 2572 2841 ab
2593 2786 2700 2841 alio
2721 2786 2945 2841 domino
2969 2785 3146 2840 fuerat
3170 2782 3484 2853 abductus),
3512 2778 3532 2818 ί
3559 2780 3722 2835 herus
3746 2779 3839 2835 ille

2239 2880 2592 2951 implacabilis
2624 2880 2676 2934 in
2711 2877 2953 2933 furorem
2989 2892 3201 2940 versus,
3236 2877 3522 2946 evaginato
3554 2889 3640 2930 me
3676 2872 3843 2944 cmpit

2238 2980 2426 3044 petere
2454 2972 2654 3043 gladio.
2690 2972 2757 3027 Et
2784 2981 2809 3019 ε
2837 2971 2942 3028 nisi
2989 2970 3281 3027 confestim
3327 2969 3550 3025 brachia
3588 2967 3838 3034 tendens,

2241 3068 2523 3123 mulierem
2549 3080 3039 3137 praeoccupassem,
3065 3066 3207 3121 illico
3235 3064 3464 3120 fudisset
3490 3062 3836 3133 sanguinem.

538 3165 700 3220 quam
731 3151 987 3206 Saraceni
1018 3152 1240 3208 incertis
1260 3155 1483 3210 sedibus
1506 3156 1609 3211 huc
1641 3166 1801 3227 atque
1830 3157 1961 3213 illuc
1988 3173 2134 3213 setn-
2166 3161 2212 3225 C
2242 3161 2359 3217 Jam
2409 3161 2571 3231 igitur
2614 3168 2837 3215 venerat
2885 3158 3228 3213 tenebrosior
3268 3156 3451 3224 solito,
3484 3164 3541 3211 et
3585 3153 3716 3209 mihi
3758 3154 3842 3208 ni-

540 3257 640 3313 per
666 3254 951 3313 vngantur.
983 3244 1115 3311 Qua:
1141 3245 1378 3316 suspicio
1404 3246 1763 3317 frequentiam
1788 3250 1839 3303 in
1866 3250 1971 3305 illis
2004 3250 2139 3305 locis

540 3336 811 3392 viatorum
836 3351 1148 3409 congregat,
1182 3350 1241 3394 ut
1283 3341 1576 3397 imminens
1602 3342 1904 3412 periculum
1935 3343 2140 3398 auxilio

544 3438 733 3485 mutuo
770 3430 1093 3486 declinetur.
1146 3432 1317 3486 Erant
1357 3435 1408 3488 in
1452 3439 1713 3488 comitatu
1752 3451 1874 3490 meo
1905 3436 2029 3501 viri,
2058 3434 2141 3489 fe-

544 3524 743 3592 minae,
792 3540 978 3592 senes,
1029 3527 1293 3594 juvenes,
1350 3528 1590 3597 parvuli,
1643 3543 1873 3583 numero
1921 3528 2143 3584 circiter

544 3617 911 3688 septuaginta.
956 3618 1019 3673 Et
1059 3634 1186 3673 ecce
1216 3620 1397 3675 subito
1429 3632 1451 3659 ο
1481 3636 1743 3690 equorum
1782 3620 2145 3675 camelorum-

546 3720 655 3777 que
696 3723 943 3765 sessores
986 3709 1269 3765 lsmaelitze
1312 3712 1544 3777 irruuut,
1583 3712 1796 3767 crinitis
1830 3712 2145 3781 vittatisque

547 3800 839 3871 capitibus,
871 3818 934 3858 ac
963 3804 1248 3859 seminudo
1278 3818 1533 3875 corpore,
1566 3805 1724 3875 pallia
1753 3816 1808 3861 et
1841 3806 1977 3859 latas
2011 3804 2145 3860 cali-

545 3909 645 3965 gas
668 3894 975 3951 trahentes:
1002 3895 1312 3966 pendebant
1333 3914 1400 3953 ex
1420 3897 1651 3953 humero
1671 3899 1947 3968 pharetrae
1962 3913 1978 3961 ;
1994 3896 2146 3952 laxos

546 4002 709 4044 arcus
737 3989 1034 4053 vibrantes,
1073 3989 1291 4045 hastilia
1322 3990 1477 4061 longa
1508 3991 1830 4061 portabant;
1865 4006 1971 4046 non
2001 3992 2145 4046 enim

547 4082 613 4137 ad
645 4084 1014 4153 pugnandum,
1042 4084 1137 4138 sed
1166 4083 1233 4137 ad
1264 4084 1500 4152 przedam
1537 4092 1820 4139 venerant.
1860 4084 2144 4154 Rapimur,

544 4174 931 4245 dispergimur,
957 4176 1010 4229 in
1040 4174 1255 4229 diversa
1287 4176 1571 4230 trahimur.
1599 4175 1714 4246 Ego
1739 4176 1953 4231 interim
1987 4175 2149 4245 longo

548 4267 882 4337 postliminio
912 4266 1291 4323 luereditarius
1324 4281 1632 4336 possessor,
1658 4276 1714 4322 et
1739 4282 1863 4321 sero
1886 4269 1991 4321 mei
2017 4282 2151 4322 cun-

547 4358 649 4413 silii
694 4360 986 4428 paenitens,
1019 4373 1141 4413 cum
1184 4360 1353 4415 altera
1395 4359 1714 4414 muliercula
1747 4360 1798 4413 in
1838 4359 1997 4413 unius
2030 4359 2148 4413 heri

549 4457 866 4512 servitutem
896 4458 1123 4511 sortitus
1150 4458 1329 4511 venio.
1362 4456 1638 4522 Ducimur,
1667 4455 1834 4509 immo
1866 4464 2151 4523 portantur

2243 3254 2411 3309 mium
2453 3261 2666 3308 matura
2699 3267 2826 3307 nox.
2874 3251 3022 3306 Duco
3066 3252 3119 3306 in
3150 3250 3465 3319 Speluncam
3498 3248 3838 3315 semirutam,

2244 3360 2437 3400 novam
2488 3345 2773 3415 conjugem
2806 3362 2819 3396 :
2853 3353 2908 3399 et
2956 3343 3297 3413 pronubante
3353 3342 3513 3396 nobis
3561 3340 3843 3407 maestitia,

2247 3451 2472 3510 uterque
2520 3434 3194 3501 detestamnrhalterum,
3244 3451 3343 3492 nec
3394 3437 3645 3490 fatemur.
3694 3431 3845 3487 Tunc

2247 3548 2371 3589 vere
2416 3532 2565 3587 sensi
2606 3532 2977 3601 captivitatem
3009 3547 3208 3595 meam;
3238 3540 3657 3601 prostratusque
3698 3526 3846 3581 humi

2248 3627 2572 3682 monachum
2599 3627 2738 3696 coepi
2772 3626 3050 3697 plangere,
3075 3642 3233 3696 quem
3262 3625 3579 3696 perdebam,
3614 3622 3800 3678 dicens
3828 3637 3843 3676 :

2248 3720 2489 3776 iluccine
2520 3720 2687 3776 miser
2726 3730 2976 3775 servatus
3019 3720 3175 3775 sum?
3210 3719 3278 3774 ad
3303 3720 3405 3774 hoc
3444 3734 3529 3773 me
3569 3730 3687 3771 mea
3721 3729 3844 3771 sce-

2250 3812 2362 3869 lera
2399 3796 2803 3883 perduxerunt,
2852 3822 2910 3866 ut
2956 3813 3338 3868 incanescente
3378 3812 3488 3881 jam
3510 3809 3710 3881 capite,
3740 3806 3846 3880 45

2249 3908 2403 3977 virgo
2451 3908 2680 3962 maritus
2726 3906 2952 3961 fierem?
2991 3905 3130 3974 Quid
3182 3905 3406 3975 prodest
3450 3910 3722 3973 parentes,
3755 3914 3848 3970 pa-

2252 4000 2434 4064 triam,
2470 4014 2583 4053 rem
2618 3999 2935 4053 familiarem
2967 3998 3361 4068 contempsisse
3391 4010 3488 4067 pro
3517 3996 3770 4056 Domino,
3800 3993 3845 4048 si

2252 4093 2358 4149 hoc
2402 4093 2570 4161 facio,
2609 4093 2752 4165 quod
2801 4109 2869 4150 ne
2920 4093 3187 4157 facerem,
3241 4094 3334 4149 illa
3377 4088 3845 4161 contempsi:nisi

2252 4186 2397 4255 quod
2450 4186 2589 4241 forte
2639 4195 2923 4256 propterea
2973 4186 3088 4241 haec
3135 4186 3405 4250 sustineo,
3453 4184 3578 4255 quia
3623 4180 3848 4251 patriam

2252 4274 2751 4343 desideraviJQuid
2796 4278 3029 4347 agimus,
3066 4278 3284 4333 anima?
3324 4275 3585 4346 perimus,
3630 4289 3696 4327 an
3732 4272 3851 4327 viu-

2253 4367 2465 4425 cimus?
2508 4368 2905 4438 EXSpectamus
2952 4383 3169 4423 manum
3220 4366 3468 4431 Domini,
3516 4380 3587 4419 an
3632 4362 3851 4433 proprio

2256 4475 2513 4517 mucrone
2537 4460 2915 4517 confodiunur‘l
2941 4460 3103 4516 Verte
3128 4461 3181 4513 in
3213 4468 3266 4513 te
3292 4457 3549 4528 gladium;
3576 4466 3663 4511 tua
3687 4456 3856 4526 magis

548 4539 809 4604 sublimes
861 4549 913 4602 in
962 4548 1219 4613 camelis;
1269 4557 1325 4602 et
1380 4562 1477 4617 per
1525 4556 1731 4601 vastam
1762 4545 1873 4618 44
1902 4562 2128 4602 eremun

2255 4569 2402 4610 mors
2431 4555 2671 4611 timenda
2713 4564 2816 4617 est.
2848 4568 3009 4623 quam
3048 4551 3313 4619 corporis.
3348 4549 3523 4604 liabet
3562 4559 3619 4603 et
3645 4558 3856 4605 servata

549 4654 772 4707 semper
815 4640 1025 4694 ruinam
1072 4641 1352 4705 timentes,
1378 4637 1403 4675 ἀ
1433 4638 1732 4709 pendemus
1769 4639 1949 4708 potius
1989 4654 2149 4708 quam

552 4730 825 4785 sedemus.
874 4730 1076 4786 Carnes
1118 4728 1463 4797 semicruda,
1494 4729 1678 4795 cibus;
1705 4740 1759 4784 et
1790 4730 1872 4785 lac
1908 4732 2149 4788 camelo-

552 4839 697 4889 rum,
728 4832 888 4895 potus
918 4834 1054 4880 erat.

626 4915 679 4975 5.
721 4915 942 4973 Poscere
980 4935 1093 4973 oves
1122 4919 1715 4993 jubelur.—Tandem
1756 4919 1948 4990 grandi
1994 4935 2156 4976 amne

553 5010 896 5073 transmisso,
928 5013 1274 5079 pervenimus
1305 5012 1373 5067 ad
1416 5013 1733 5069 interiorem
1775 5013 2151 5083 solitudinem,

628 5221 655 5249 ⁸
693 5211 819 5268 Pari
845 5225 1118 5287 consensu
1144 5227 1277 5287 mss.
1301 5228 1512 5277 omnes,
1534 5216 1717 5269 incidit
1739 5217 1867 5287 mihi
1886 5218 2153 5287 cogitatio,

554 5295 631 5349 ut,
656 5292 790 5349 etc.,
813 5282 1268 5354 quemadmodum
1291 5294 1344 5338 et
1368 5299 1527 5351 supra
1556 5286 1607 5338 in
1632 5286 1738 5340 vita
1759 5286 1818 5341 S.
1845 5282 1996 5341 Pauli
2018 5304 2072 5345 ιι.
2102 5290 2154 5355 7,

554 5359 663 5411 hac
690 5358 744 5409 in
772 5366 989 5410 mentem
1020 5358 1131 5427 ejus
1162 5357 1406 5425 cogitatio
1427 5356 1631 5415 incidit,
1657 5366 1733 5417 ut,
1759 5366 1865 5411 etc.

626 5427 654 5466 δ
696 5430 843 5483 Ideni
887 5442 1045 5488 mss..
1081 5442 1145 5481 ea:
1191 5440 1335 5490 parte
1377 5427 1746 5480 monasterium
1784 5437 2152 5483 construerem.

630 5510 651 5537 ε
696 5499 849 5556 Unus
884 5498 1053 5554 Vatic.
1085 5496 1255 5569 addit.
1289 5498 1640 5553 Barbarorum
1668 5514 1873 5569 manus,
1905 5507 1961 5553 et
1992 5500 2153 5569 paulo

556 5580 679 5636 post
736 5582 847 5625 tres
891 5585 1022 5625 mss.
1076 5568 1307 5624 Gallicas
1354 5571 1554 5624 habent
1604 5584 1702 5637 pro
1748 5567 1967 5636 caligas,
1997 5567 2154 5625 alius

557 5638 843 5695 colliculus.
875 5641 1000 5696 Vid.
1037 5642 1169 5697 infra
1202 5641 1464 5707 Regulam
1493 5642 1550 5696 S.
1582 5640 1879 5695 Pachumii.

632 5709 660 5747 ά
698 5712 827 5771 Mss.
861 5728 1077 5777 omnes,
1099 5713 1357 5774 haeremus
1388 5713 1579 5777 potius.
1607 5721 1714 5767 etc.
2090 5766 2093 5767 ν

636 5790 659 5817 ⁶
698 5781 831 5838 Tres
858 5796 1017 5852 mss.,
1044 5784 1183 5839 Nam
1211 5786 1344 5841 aeris
1373 5781 1474 5840 lori
1497 5782 1636 5837 illius
1669 5782 1992 5855 intemperies
2021 5798 2156 5854 pra:-

2258 4647 2510 4717 pudicitia
2536 4662 2691 4701 suum
2723 4646 3062 4716 martyrium.
3101 4643 3287 4699 Jaceat
3328 4641 3631 4712 insepultus
3658 4639 3856 4697 Christi

2258 4741 2412 4794 testis
2438 4739 2488 4793 in
2520 4752 2732 4803 eremo,
2765 4738 2880 4805 ipse
2910 4734 3042 4789 mihi
3070 4750 3165 4790 ero
3194 4742 3249 4789 et
3283 4743 3602 4803 persecutor
3626 4740 3683 4786 et
3708 4746 3853 4786 mar-

2258 4842 2366 4901 tyr.
2408 4832 2499 4887 Sic
2534 4830 2697 4894 fatus,
2742 4828 2907 4883 eduxi
2950 4827 3001 4882 in
3042 4828 3281 4882 tenebris
3320 4840 3539 4896 quoque
3566 4822 3853 4879 micantem

2256 4922 2517 4994 gladium,
2540 4931 2596 4977 et
2615 4920 2865 4977 acumine
2888 4927 3077 4974 contra
3106 4934 3194 4974 me
3218 4932 3409 4975 verso:
3436 4918 3591 4983 Vale,
3616 4917 3851 4986 inquam,

2255 5014 2448 5071 infelix
2492 5012 2725 5069 mulier:
2758 5012 2955 5068 habeto
3004 5026 3092 5066 me
3132 5022 3425 5083 martyrem
3467 5009 3648 5082 potius
3696 5022 3855 5080 quam

2261 5226 2336 5271 ter
2366 5216 2670 5283 pudicitiam
2707 5214 2839 5268 nihil
2870 5213 3041 5280 aliud,
3071 5223 3177 5272 etc.
3210 5214 3360 5271 Unus
3390 5215 3679 5283 temperies.

2337 5286 2356 5324 ί
2400 5286 2475 5342 Ita
2515 5286 2583 5340 ad
2626 5300 2758 5341 mss.
2799 5302 3125 5342 consensum
3166 5302 3228 5341 ac
3275 5288 3434 5341 fidem
3484 5286 3852 5350 einendamus;

2264 5359 2542 5429 hucusque
2592 5359 2738 5412 enim
2792 5358 2949 5423 editi,
3003 5357 3266 5413 adverbio
3312 5372 3495 5410 rursus
3546 5359 3855 5429 praeposito,

2260 5431 2402 5499 quod
2434 5428 2659 5501 minime
2680 5428 2746 5483 atl
2774 5445 2887 5484 rem
2914 5430 3064 5493 facit,
3093 5432 3275 5499 legunt
3299 5442 3514 5501 quoque
3540 5432 3681 5497 ferus
3704 5428 3792 5483 ille
3810 5437 3857 5482 et

2261 5500 2628 5571 implacabilis.

2337 5570 2361 5621 is
2400 5572 2644 5642 Quatuor
2696 5585 2851 5635 mss.,
2875 5579 2920 5624 et
2951 5572 3049 5626 nisi
3076 5573 3289 5641 festinus
3320 5570 3529 5625 brachio
3556 5578 3726 5642 tenere
3750 5588 3856 5624 ntu-

2262 5639 2443 5700 ltercni
2468 5658 2930 5713 prazoccupassem;
2963 5639 3101 5697 alius
3129 5644 3230 5696 nisi
3259 5642 3476 5711 festinus
3500 5639 3765 5696 mulierem
3786 5651 3857 5697 te-

2264 5732 2460 5781 nerem,
2491 5715 2702 5769 brachio
2726 5728 3048 5784 occuparem,
3081 5724 3189 5768 etc.

2335 5784 2363 5823 ³³
2405 5785 2519 5842 Duo
2551 5799 2707 5854 mss.,
2739 5782 3068 5851 alterutrum,
3099 5799 3190 5838 nec
3217 5787 3457 5855 fatemur.
