4056 6302
538 265 610 319 59
1786 264 1846 319 S.
1892 260 2163 321 EUSEBll
2200 257 2586 320 HIEBONYMI
3776 267 3853 328 60

543 376 635 447 qtti
664 389 787 430 eum
818 372 1034 429 videret
1064 371 1218 427 illum
1256 384 1437 430 moras
1474 372 1652 430 facere
1674 412 1689 441 ,
1716 376 2024 446 suspicatus
2047 386 2133 433 est
2162 390 2213 454 Α
2240 376 2351 432 lato
2379 390 2509 447 ergo
2538 376 2789 444 horrore,
2820 384 2876 433 et
2903 378 2995 434 illa
3035 386 3305 435 transacta
3354 381 3445 438 die
3468 422 3483 447 ,
3527 382 3848 455 egredimur

541 470 677 526 duos
709 467 801 523 uni
833 468 1112 524 resistere.
1144 466 1253 524 Sed
1284 475 1340 523 et
1367 468 1501 523 iram
1531 466 1757 524 dilerre
1785 485 1894 524 non
1922 470 2135 538 valens,

534 564 677 618 sicut
709 560 935 616 tenebat
977 560 1218 631 gladium
1247 560 1314 615 ad
1355 561 1671 631 speluncam
1710 559 1824 632 ιο
1854 561 2031 627 venit;
2083 571 2139 618 et

538 655 785 711 clamore
815 653 1008 710 rabido
1038 655 1185 710 servi
1237 655 1531 725 increpans
1559 664 1585 695 ι
1615 656 1949 723 socordiam,
1989 655 2140 726 prius

539 765 569 805 a
596 750 709 803 tera
744 757 980 812 tenetur,
1015 762 1177 818 quam
1202 747 1271 802 ad
1300 756 1514 803 nostras
1546 747 1786 803 latebras
1807 748 2135 819 perveniret.

541 840 671 910 Quis
696 840 801 895 hoc
830 854 1082 909 umquam
1114 840 1389 903 crederet,
1421 848 1480 894 ut
1503 849 1629 896 ante
1653 855 1718 895 os
1749 849 2020 909 nostrum,
2039 840 2135 897 be-

540 936 645 990 stia
674 947 775 1005 pro
804 933 962 990 nobis
991 932 1310 989 dimicaret?
1343 933 1573 990 Sublato
1617 943 1798 990 autem
1828 934 1923 989 illo
1967 942 2136 1001 metu,

538 1029 738 1085 similis
759 1040 887 1085 ante
912 1029 1105 1083 oculos
1136 1036 1356 1084 nostros
1376 1028 1696 1084 versabatur
1723 1029 2004 1095 interitus;
2034 1026 2138 1085 nisi

538 1121 684 1191 quod
705 1120 734 1161 ι’
757 1120 940 1193 potius
966 1130 1085 1176 erat
1113 1119 1319 1175 rabiem
1344 1119 1539 1187 leonis,
1563 1134 1724 1191 quam
1747 1121 1884 1177 iram
1905 1120 2140 1176 hominis

538 1218 831 1272 sustinere.
855 1214 1119 1270 Pavemus
1136 1215 1496 1281 intrinsecus;
1522 1223 1658 1270 etne
1680 1229 1901 1271 movere
1918 1214 2134 1285 quidem

539 1326 641 1368 nos
669 1311 809 1377 ausi,
859 1309 1311 1381 prtrstolabamur
1355 1318 1609 1365 eventum
1656 1310 1757 1375 rei,
1809 1310 1951 1365 inter
1990 1312 2138 1364 tanta

542 1406 811 1478 pericula,
868 1405 1148 1476 pudicitiae
1194 1412 1401 1459 tantum
1450 1404 1781 1459 conscientia
1838 1418 1938 1474 pro
1983 1419 2139 1459 muro

535 1499 697 1569 septi.
724 1496 920 1554 Leaena
954 1497 1178 1552 insidias
1201 1510 1423 1563 cavens,
1475 1506 1530 1553 et
1558 1498 1726 1552 visam
1758 1510 1882 1552 esse
1911 1512 1971 1552 se
2007 1511 2136 1553 sen-

540 1592 707 1658 tiens,
760 1591 1163 1661 apprehensum
1211 1589 1488 1645 mordicus
1537 1590 1776 1645 catulum
1819 1600 1840 1629 ο
1873 1590 2136 1645 ma:utina

540 1684 719 1750 cili-rt,
752 1685 1017 1755 nobisque
1043 1684 1191 1739 cedit
1221 1684 1534 1754 hospitium.
1572 1684 1757 1754 Neque
1794 1694 1974 1739 tamen
2006 1685 2139 1739 satis

2241 469 2307 523 ad
2334 483 2653 539 vesperam;
2685 470 3030 543 vidimusque
3050 474 3314 540 camelos,
3348 489 3487 545 quos
3517 476 3589 531 ob
3617 477 3841 533 nimiam

2241 563 2585 617 velocitatem
2606 562 2987 620 dromedarios
3016 576 3231 636 vocant,
3275 572 3580 639 prreteritos
3605 572 3759 628 cibos
3788 570 3841 629 in

2241 670 2340 712 ore
2368 655 2611 721 volvere,
2643 664 2699 713 et
2723 657 2777 712 iu
2817 657 2998 713 alvum
3030 659 3227 715 missos
3282 660 3479 717 iterum
3530 665 3840 721 retrahere.

2242 748 2448 817 Quibus
2471 751 2731 820 ascensis,
2785 759 2841 808 et
2876 768 3014 809 nova
3060 755 3301 821 sitarcia,
3333 754 3352 793 ί
3382 756 3435 812 id
3466 765 3572 823 est,
3627 773 3845 817 annona

2242 845 2550 912 reiocillati,
2580 846 2787 901 decima
2822 846 3039 903 tandem
3069 847 3158 903 die
3178 848 3246 904 ad
3275 849 3515 905 Remana
3541 867 3639 922 per
3659 852 3847 910 deser-

2242 947 2355 994 tum
2382 949 2556 993 castra
2586 941 2854 995 venimus.
2883 938 3177 1012 Oblatique
3205 942 3443 1010 tribuno,
3464 948 3487 990 κ
3513 959 3623 1001 rem
3648 946 3847 1003 ordine

2243 1030 2569 1102 pandimus:
2624 1031 2749 1087 inde
2792 1029 2821 1069 δ
2853 1035 3157 1091 transmissi
3196 1035 3263 1091 ad
3312 1036 3603 1091 Sabianum
3667 1037 3847 1095 Meso-

2242 1126 2494 1197 potamiae
2520 1125 2739 1194 ducem,
2772 1127 3108 1183 camelorum
3138 1131 3377 1199 pretium
3408 1131 3743 1201 accepimus.
3776 1130 3846 1188 Et

2241 1219 2366 1289 quia
2391 1217 2501 1288 jam
2533 1215 2702 1273 abbas
2730 1218 2823 1274 ille
2849 1234 3001 1274 meus
3049 1220 3350 1277 dormierat
3396 1206 3448 1276 in
3482 1223 3741 1289 Domino;
3774 1224 3845 1281 ad

2243 1310 2359 1366 bare
2398 1308 2610 1365 delatus
2652 1311 2767 1365 loca
2800 1326 2887 1366 me
2932 1312 3217 1368 monachis
3273 1313 3465 1381 reddo,
3519 1312 3657 1370 hanc
3689 1316 3843 1372 trado

2242 1404 2566 1473 virginibus,
2594 1403 2824 1474 diligens
2848 1419 2969 1461 eam
3001 1412 3058 1460 ut
3104 1420 3375 1471 sororem,
3399 1421 3511 1462 non
3566 1419 3742 1464 tamen
3791 1409 3843 1465 ei

2242 1513 2329 1554 me
2374 1498 2609 1554 credens
2656 1510 2713 1553 ut
2761 1500 2960 1555 sorori.
2990 1499 3006 1536 ί
3035 1498 3164 1556 Haec
3192 1500 3326 1556 mihi
3376 1515 3547 1557 senex
3599 1502 3844 1560 Malchus

2240 1591 2657 1648 adolescentulo
2686 1592 2897 1646 retulit.
2934 1591 3062 1646 llaec
3089 1606 3191 1662 ego
3216 1591 3373 1647 vobis
3395 1594 3609 1648 narravi
3650 1608 3843 1663 senex,

2241 1685 2409 1740 castis
2443 1685 2726 1740 historiam
2751 1686 3019 1739 castitatis
3059 1684 3311 1753 esposui.
3341 1684 3356 1735 i
3390 1685 3640 1755 Virgines
3681 1684 3849 1742 casti-

539 1776 772 1842 creduli,
805 1776 987 1831 statim
1011 1776 1349 1846 erumpinms
1375 1793 1388 1830 :
1418 1773 1445 1813 ει
1478 1775 1573 1832 sed
1604 1784 1985 1846 exspectantes
2022 1777 2134 1842 diu,
2169 1818 2217 1879 B
2244 1785 2407 1833 tatem
2436 1777 2713 1833 custodire
2740 1777 3021 1833 exhortor.
3068 1777 3176 1833 Vos
3225 1788 3440 1832 narrate
3481 1780 3737 1847 posteris,
3788 1784 3851 1835 ut

534 1884 592 1929 et
621 1872 807 1943 egredi
832 1873 1156 1943 cogitantes,
1184 1870 1329 1926 illius
1352 1872 1510 1927 nobis
1540 1871 1902 1943 tignrabamus
1947 1886 2141 1927 occur-

537 1980 681 2024 sum.

612 2061 700 2118 10.
736 2059 985 2116 Pericula
1012 2061 1261 2117 liberatus
1290 2062 1361 2116 ad
1387 2062 1676 2117 monachos
1697 2061 1977 2117 redit.-—°
1998 2060 2136 2118 Saba

609 2232 636 2263 α
669 2222 882 2293 Vulgati
904 2222 1031 2278 libri
1055 2225 1363 2289 vecordiam,
1394 2224 1748 2280 renuentibus
1772 2238 1905 2279 mss.
1926 2222 2135 2280 Deinde

536 2293 750 2364 Victor.
770 2296 857 2364 qui
888 2306 1031 2351 sunt.
1056 2297 1141 2364 qui
1165 2295 1263 2349 huc
1285 2294 1571 2363 crederent,
1604 2308 1714 2351 etc.

607 2364 635 2404 1⁵
672 2362 810 2420 Editi
844 2367 943 2418 nisi
966 2362 1104 2435 quod
1136 2369 1293 2420 tutius
1315 2375 1443 2428 erat,
1478 2376 1586 2422 etc.

615 2447 638 2475 ε
666 2436 758 2493 Sic
780 2450 913 2490 mss.
949 2439 1121 2491 nostri
1155 2451 1369 2504 omnes,
1423 2447 1477 2493 et
1505 2444 1740 2505 quatuor
1779 2436 1907 2503 alii,
1938 2437 2135 2507 quibus

536 2508 885 2579 Martianmns
915 2524 1048 2564 usus
1087 2520 1193 2575 est,
1236 2510 1325 2579 qui
1376 2520 1559 2564 tamen
1612 2518 1813 2564 mature
1861 2510 1991 2577 legit
2037 2522 2137 2577 pro

537 2582 811 2706 gramina.
842 2578 1111 2636 Victorius
1132 2623 1146 2647 ,
1183 2578 1357 2652 eoque
1388 2582 1723 2636 vetustiores
1756 2590 2008 2634 neutrum
2044 2580 2139 2633 ha-

576 2663 689 2706 8111.

576 2663 689 2707 CIII.

611 2720 852 2776 Catulum
880 2730 1103 2774 mature.
1150 2722 1206 2775 ln
1253 2730 1484 2788 quatuor
1516 2735 1644 2773 mss.
1696 2716 2004 2779 codicibus,
2043 2733 2140 2787 pro

537 2804 740 2846 mature
770 2794 1001 2861 legimus
1032 2793 1308 2855 matutina,
1334 2792 1499 2856 idest,
1521 2791 1749 2861 catulum
1779 2789 2033 2842 matutina
2059 2794 2141 2861 eis

541 2866 714 2935 fert.“
958 2933 965 2935 _
1158 2933 1166 2935 Α
1528 2932 1553 2935 Α
1642 2860 1914 2917 ΜΑΙΠΊΛΝ.

610 2930 636 2969 ά
670 2931 823 2989 Unus
851 2932 1051 2997 Vatic.,
1077 2933 1167 2988 sed
1185 2939 1472 3005 spectamus
1502 2932 1627 3000 diu;
1657 2941 1768 2985 tum
1794 2946 1984 2987 omnes
2007 2931 2136 3004 ﬁgu-

537 3020 720 3093 ramus
742 3004 1236 3093 proIﬁgurab‘amus.

614 3086 637 3113 ο
671 3072 811 3129 idem
844 3072 1010 3130 Va'tic.
1044 3076 1153 3132 Sub
1200 3075 1289 3130 Iali
1316 3090 1435 3145 ergo
1463 3074 1697 3129 custodia
1723 3084 1772 3128 ot
1814 3072 1906 3129 illa
1954 3086 2131 3129 trante

537 3156 653 3201 acta
684 3149 825 3210 dies;
854 3148 1011 3213 alios,
1037 3148 1147 3204 Sub
1174 3149 1265 3201 tali
1289 3164 1408 3218 ergo
1434 3158 1771 3211 terrore,etc.

615 3219 632 3256 ι
664 3218 854 3273 Verius
880 3219 1085 3283 isthrt-c,
1110 3219 1165 3274 id
1185 3230 1257 3273 est
1276 3216 1659 3289 annona,quod
1688 3217 1943 3273 seioliest
1963 3216 2131 3273 alicu-

538 3291 630 3361 jus
659 3291 953 3360 glossema,
984 3292 1392 3361 prmslattliotfes
1417 3305 1547 3344 mss.
1579 3294 1859 3344 omittunt.

612 3370 636 3407 ε
669 3359 819 3426 Mss.,
849 3361 921 3415 rei
940 3362 1171 3415 ordinem
1189 3359 1487 3433 pandimus,
1515 3362 1735 3431 indeque
1755 3361 2042 3433 transmissi
2058 3361 2127 3415 ad

544 3431 924 3497 Sabinianum;
962 3434 1092 3487 olim
1125 3431 1245 3487 erat
1299 3432 1573 3499 Sabinum,
1629 3443 1685 3486 et
1712 3446 1881 3499 penes
1910 3432 2129 3487 Martia-

540 3519 715 3575 nzeutu
735 3506 869 3559 forte
891 3504 1355 3575 typographorum
1371 3519 1559 3559 errore
1574 3501 1879 3559 Sabianum.
1895 3505 2130 3559 Ammia-

2244 1872 2419 1926 sciant
2448 1872 2590 1926 inter
2616 1870 2848 1942 gladios,
2881 1880 2935 1927 et
2958 1871 3102 1927 inter
3121 1870 3341 1927 deserta
3362 1872 3652 1937 etbcstias,
3691 1866 3850 1941 pudi-

2244 1964 2424 2019 citiam
2454 1981 2747 2036 numquam
2766 1980 2890 2023 esse
2919 1965 3188 2036 captivam
3215 1983 3227 2020 :
3258 1974 3313 2021 et
3336 1965 3609 2022 hominem
3627 1966 3849 2023 Christo

2242 2060 2481 2115 deditum
2517 2075 2675 2131 posse
2707 2064 2862 2128 mori,
2888 2077 2995 2117 non
3027 2074 3186 2132 posse
3214 2061 3481 2131 superari.

2244 2231 2489 2301 potestate
2515 2224 2741 2301 sufﬂans,
2799 2237 2966 2291 quem
3010 2222 3174 2293 paulo
3208 2221 3352 2277 ini‘ra
3392 2222 3649 2276 hominem
3698 2221 3847 2292 parvi
3944 2300 3949 2301 γ

2244 2294 2543 2401 angustique
2577 2294 2737 2347 animi
2759 2302 2939 2347 vocat.

2378 2362 2691 2401 Trnncmien’
2736 2365 2803 2401 ηιΙ
2856 2364 2939 2401 Qui

2378 2362 2691 2418 Transmissi
2736 2365 2803 2416 ad
2850 2364 3213 2430 Sabinianum,
3271 2372 3378 2418 etc.
3434 2363 3510 2418 De
3552 2363 3851 2419 Sabiniano

2243 2436 2651 2504 Mesopmamice
2695 2435 2832 2490 duce
2875 2438 3093 2507 scripsit
3134 2436 3455 2490 Ammianus
3502 2432 3850 2507 Marcellinus

2246 2509 2343 2564 ltb.
2381 2522 2532 2561 xvm.
2987 2505 3003 2507 “
3504 2505 3771 2561 illam”.

2321 2580 2336 2616 ί
2384 2577 2513 2630 Htcc
2539 2576 2664 2631 mihi
2689 2592 2843 2631 senex
2868 2574 3124 2639 Matr/tus,
3151 2583 3257 2630 etc.
3291 2574 3585 2630 Variasbic
3610 2580 3850 2634 retinent

2243 2650 2508 2703 lectiones
2538 2664 2670 2717 mss.
2711 2650 3058 2714 exemplaria.
3097 2645 3240 2717 l’etri
3270 2645 3485 2717 P.thtei_
3509 2647 3679 2701 codex
3714 2649 3848 2717 legit

2249 2718 2350 2772 hoc
2381 2715 2726 2770 modo:ch
2760 2716 2883 2770 mihi
2912 2734 3065 2771 aenea:
3090 2716 3333 2769 Malchus
3364 2715 3679 2773 adolescenti
3709 2715 3849 2773 relu-

2246 2790 2324 2845 lit.
2362 2789 2489 2842 lltec
2519 2805 2611 2859 ego
2637 2790 2774 2842 vobis
2808 2804 2962 2842 narro
2994 2804 3167 2851 senex,
3201 2789 3355 2841 castis
3384 2791 3658 2843 historiam
3684 2792 3846 2845 casti-

2248 2864 2389 2915 tatis.
2427 2860 2553 2915 lltec
2576 2876 2778 2926 expono
2806 2877 2833 2915 e
2857 2861 3161 2931 virginibus,
3198 2860 3546 2931 virginitatem
3578 2860 3842 2919 exhortor.

2253 2932 2354 2987 i’os
2381 2940 2588 2985 narrate
2618 2932 2856 3000 pos’eris.
2888 2930 2992 3000 etc.
3015 2932 3224 3000 itimteri
3244 2930 3463 2985 codices
3484 2931 3756 2989 Aveuinn.
3790 2942 3846 2989 et

2242 3003 2455 3058 Tolos.:
2479 3000 2605 3056 Iliae
2640 3001 2770 3055 mihi
2797 3018 2952 3056 senex
2972 2999 3212 3055 Male/tus
3233 3001 3623 3057 adolescentulo
3654 3003 3847 3059 Hiero—

2240 3091 2405 3147 nymo
2434 3075 2627 3147 retulit.
2660 3071 2784 3147 Hcce
2807 3089 2900 3145 ego
2936 3075 3081 3147 nobis
3111 3073 3319 3147 narravi
3349 3091 3525 3147 senex,
3551 3076 3704 3127 castis
3738 3075 3846 3129 Itis-

2240 3144 2425 3201 toriam
2453 3146 2704 3198 castitatis
2733 3144 2967 3214 exposui.
3021 3144 3321 3215 Virginibus
3362 3146 3712 3215 uirginitatem
3750 3163 3845 3201 cu-

2237 3218 2429 3272 stodire
2468 3217 2768 3271 monstravi.
2815 3215 3078 3273 Exhortor
3107 3217 3324 3289 denique
3366 3232 3453 3271 vos
3492 3233 3707 3289 narrare
3749 3235 3849 3285 po-

2230 3292 2407 3351 steris,
2440 3297 2515 3353 ut,
2550 3298 2657 3344 etc.

3487 3288 3765 3342 Maurus.

2306 3363 2319 3410 t
2360 3361 2476 3415 Duo
2505 3374 2662 3423 mss.,
2694 3358 2861 3413 Casiis
2892 3358 3160 3412 historiam
3190 3359 3438 3412 castitatis
3479 3375 3704 3429 expono.
3740 3360 3847 3414 uir-

2230 3433 2433 3505 ginibus
2459 3432 2793 3505 virginitatis.
2832 3429 2934 3485 Vos
2964 3439 3192 3505 narrate,
3227 3440 3333 3483 etc.
3369 3429 3506 3505 Qua:
3548 3439 3730 3505 autem
3762 3432 3848 3485 in-

2232 3500 2603 3565 terseritntur.
2639 3500 2876 3573 Virgines
2922 3502 3213 3555 castitatem
3265 3504 3526 3557 custodire
3578 3502 3844 3573 exhortor,

541 3589 642 3629 nus
670 3572 1275 3631 MarceliiimSlibevnt
1295 3593 1306 3629 :
1327 3575 1643 3629 Sabinianus
1662 3578 1852 3645 adepta
1875 3575 2135 3646 repentine
2235 3576 2287 3631 in
2313 3588 2422 3629 uno
2455 3582 2667 3629 tantum
2703 3572 2805 3627 ms.
2834 3572 3167 3628 invenimus.

617 3730 3792 3757 W

856 3868 980 3953 IN
1052 3867 2015 3980 SUBSEQUENTEM
2088 3866 2176 3953 S.
2256 3866 2850 3952 PACHOMII
2927 3868 3519 3955 REGULAM

1546 4024 1592 4083 Α
1633 4025 1689 4082 S.
1736 4022 2144 4082 lllERONYMO
2182 4020 2443 4082 LATINE
2485 4020 2842 4081 llEDDlTAM

1862 4180 2248 4256 ADMON
2256 4182 2518 4255 lTIO.

609 4482 926 4544 Collectionl
973 4482 1522 4558 Hieronymianornm
1556 4490 1813 4554 Operum,
1846 4494 2004 4553 quam
2036 4480 2397 4551 adornamus,
2431 4482 2608 4554 primo
2640 4482 2828 4539 isthatc
2865 4480 3076 4538 accedit
3099 4480 3158 4537 S.
3191 4479 3467 4538 Pachomii
3504 4480 3841 4540 Tabcnnen-

538 4580 679 4635 slum
712 4580 1101 4637 monachorum
1136 4580 1311 4638 Patris
1338 4580 1577 4652 Regula,
1610 4594 1771 4651 quam
1794 4579 2020 4651 Syrisce
2050 4579 2120 4635 ab
2147 4578 2265 4651 ipso
2307 4588 2531 4636 auctore
2558 4580 2925 4650 conscriptam
2945 4621 2959 4646 ,
2993 4578 3191 4634 deinde
3222 4578 3413 4635 Graeco
3440 4594 3693 4635 sermone
3724 4580 3849 4635 red-

542 4671 733 4737 ditam,
763 4671 1010 4746 aliisque,
1045 4686 1102 4731 ut
1127 4691 1225 4747 par
1252 4684 1335 4732 est
1364 4675 1613 4741 credere,
1645 4674 1945 4741 Theodori,
1971 4682 2135 4744 atque
2165 4673 2391 4731 Orsiesii
2421 4675 2707 4745 praeceptis
2730 4672 3113 4745 institutisque,
3143 4675 3547 4745 locupletatam,
3577 4672 3846 4745 Hierony-

544 4781 665 4821 mus
695 4764 762 4819 ad
802 4766 1268 4839 presbyterorum,
1302 4766 1510 4823 Leontii
1557 4781 1619 4822 ac
1646 4766 1854 4822 Silvani
1887 4780 2075 4836 preces
2108 4764 2313 4822 Latinis
2352 4767 2555 4823 litteris
2583 4766 2899 4838 explicavit.
2947 4768 3121 4838 Atque
3160 4766 3249 4822 illa
3282 4767 3502 4838 quidem
3538 4767 3775 4822 nomium
3818 4781 3848 4822 e

541 4858 995 4916 bibliothecarum
1049 4861 1241 4917 loculis
1292 4860 1568 4931 prodierat
1613 4859 1666 4915 in
1716 4858 1925 4924 lucem,
1964 4872 2086 4913 cum
2136 4857 2430 4926 Erasmus,
2479 4868 2532 4914 et
2574 4868 2759 4928 postea
2803 4853 3078 4913 Victorius
3128 4872 3346 4928 quoque
3398 4872 3525 4913 suas
3579 4857 3847 4913 editiones

545 4951 924 5021 elaborarent;
954 4954 1047 5010 sed
1077 4969 1200 5010 cum
1230 4953 1425 5010 exinde
1460 4955 1534 5010 sit
1558 4954 1759 5026 saepius
1787 4953 1965 5020 edita,
1995 4952 2220 5010 minime
2255 4952 2537 5009 debuisset
2566 4953 2617 5008 in
2649 4954 2945 5008 Martianaci
2977 4951 3220 5008 editione
3264 4954 3632 5024 praetermitti,
3660 4953 3711 5007 in
3742 4966 3852 5021 qua

546 5044 661 5113 ipsa
688 5044 1001 5120 Hieronymi
1046 5048 1308 5119 epistola,
1336 5064 1455 5119 qua:
1486 5048 1821 5120 prrel‘ationls
1842 5046 1962 5105 loco
1983 5058 2087 5117 est,
2121 5049 2177 5105 in
2206 5059 2394 5105 octava
2426 5048 2604 5104 classe
2640 5055 2695 5104 et
2727 5050 2808 5104 sui
2843 5058 2997 5120 parte
3028 5062 3252 5115 manca,
3299 5059 3351 5106 et
3398 5049 3677 5105 erroribus
3717 5061 3850 5103 sane

547 5135 738 5191 multis
764 5134 1071 5193 delormata
1107 5150 1553 5211 repraesentatur.

619 5230 689 5289 Ut
714 5246 846 5288 vero
875 5235 944 5289 de
983 5233 1097 5304 ipsa
1133 5234 1453 5306 primigenia
1484 5235 1757 5294 Pachomii
1788 5239 2088 5311 scriptione
2126 5235 2373 5309 qucedam
2412 5235 2793 5307 prmlibcmus,
2823 5237 2958 5294 nihil
2999 5239 3091 5294 illa
3126 5238 3299 5295 ferme
3330 5249 3414 5295 est
3443 5238 3586 5309 apud
3618 5239 3850 5294 Veteres

546 5325 897 5383 celebratius.
932 5323 1127 5382 Narrat
1156 5326 1431 5384 Palladius
1459 5328 1511 5385 in
1535 5329 1795 5388 Lausiaca
1825 5347 1946 5404 cap.
1977 5333 2067 5396 38.
2095 5331 2356 5388 Tabulam
2387 5345 2593 5386 teneam
2618 5333 2904 5388 monastici
2929 5334 3385 5404 complectentem
3416 5332 3644 5389 instituti
3677 5334 3854 5404 itcgu-

546 5420 627 5475 las
662 5420 955 5476 Pachomio
981 5420 1051 5476 ab
1080 5421 1274 5492 angelo
1300 5422 1551 5477 traditam
1572 5464 1585 5490 ,
1619 5425 1777 5495 cujus
1807 5425 1972 5481 etiam
2006 5434 2383 5494 argumentum
2416 5424 2658 5493 exponit.
2691 5424 3006 5480 Gennadius
3038 5423 3107 5478 de.
3133 5424 3439 5479 illustribus
3466 5424 3599 5479 viris
3625 5440 3746 5494 cap.
3778 5426 3808 5479 7
3835 5442 3850 5482 :

548 5513 884 5583 Par/comins,
911 5516 1099 5587 inquit,
1130 5516 1431 5585 monachus,
1466 5517 1544 5569 vir
1572 5525 1676 5571 tam
1707 5517 1761 5570 in
1784 5515 2195 5586 dicendo,quam
2215 5521 2267 5571 in
2286 5520 2435 5590 signa
2457 5515 2698 5584 faciendo
2725 5514 3020 5588 apostolica:
3048 5514 3251 5586 gratim,
3273 5526 3319 5568 et
3350 5515 3601 5585 fundator
3632 5514 3855 5587 zEgypti

550 5609 917 5679 ctznobiorum,
952 5610 1160 5677 scripsit
1189 5611 1423 5683 regulam
1461 5611 1666 5681 utrique
1695 5609 1870 5681 generi
1896 5609 2265 5665 monachorum
2291 5622 2488 5680 aptam,
2515 5626 2672 5679 quant
2698 5608 2881 5679 angelo
2913 5608 3139 5661 dictante
3162 5619 3478 5680 perceperat.
3512 5609 3666 5664 Paria
3692 5609 3856 5666 habet

548 5697 885 5755 Sozomenus
910 5703 1046 5756 tiist.
1083 5703 1290 5759 Eecles.
1325 5702 1366 5758 l.
1400 5718 1479 5769 tu,
1511 5716 1634 5771 cap.
1671 5702 1726 5766 5,
1757 5718 1822 5757 ex
1856 5701 2169 5773 pervulgata
2198 5704 2491 5761 traditione
2522 5702 2821 5760 Pachomio
2853 5711 3090 5757 sanctum
3112 5702 3353 5772 angelum
3390 5703 3551 5758 visum
3596 5719 3729 5769 esse,
3762 5704 3858 5760 de-

548 5792 781 5867 ditaeque
809 5795 889 5851 illi
918 5794 1161 5863 tabulam,
1186 5815 1339 5871 quam
1369 5796 1602 5855 monachi
1633 5798 1806 5853 adhuc
1835 5806 2060 5870 servant,
2095 5798 2149 5853 in
2174 5815 2276 5877 qua
2306 5807 2416 5854 erat
2443 5799 2713 5871 scriptum,
2748 5796 3042 5872 utsingulis
3070 5795 3371 5854 concederet
3398 5798 3702 5872 facultatem
3736 5806 3859 5872 tan-
3920 5854 3923 5857 ,
