4056 6266
232 228 293 286 6|
1185 225 1762 286 ΙΝΤΕΒΡΒΒΤΔΤΙΟ
1804 228 1834 285 ll

1951 225 2109 285 υιηε
2150 226 2206 282 S.
2253 224 2608 284 PACHOMII.
3480 229 3546 288 6!

230 363 331 407 tam
361 353 699 421 comedendi,
727 354 955 420 bibendi,
984 353 1250 425 aperanti,
1265 352 1574 426 jejamdi,
1598 352 1677 407 vel
1701 368 1871 418 secus,
1900 360 2153 423 quantum
2183 361 2375 406 natura
2398 356 2581 424 ferret.
2610 349 2666 407 Η
2672 352 2716 406 is
2738 366 2858 406 vero
2885 353 2978 421 qui
3000 352 3194 424 largius
3213 353 3548 421 comederent,

229 459 385 514 opera
412 445 763 503 laboriosiora
798 449 1111 519 imponeret;
1131 446 1373 517 [utiliora
1394 456 1568 501 autent
1598 446 1701 510 liis,
1723 446 1812 517 qui
1836 462 2025 515 corpus
2034 446 2258 518 jejuniis
2280 453 2330 499 et
2357 444 2670 501 abstinentia
2684 445 3023 517 castigarem.
3060 443 3391 517 Prcscripsit
3416 462 3547 515 pra-

226 551 379 604 terea,
411 549 467 594 at
498 542 699 596 multas
726 540 1002 606 aediculas,
1026 551 1159 604 etc.,
1189 554 1313 609 quas
1344 540 1415 595 ibi
1439 538 1663 608 copiose
1684 540 1821 594 satis
1844 548 2205 606 enarrantur;
2236 538 2334 595 sed
2357 539 2641 610 copiosius
2661 540 2835 596 multo
2859 539 3036 611 repeti
3058 548 3293 610 possunt
3312 555 3378 595 ex
3407 539 3553 609 Vita,

224 646 391 701 quam
431 634 678 689 incertus
706 643 898 688 auctor
916 631 1249 701 composuit.
1272 632 1363 701 qui
1397 640 1578 686 tamen
1602 630 1798 686 iisdem
1829 644 1893 685 ac
1923 630 2255 686 Pachomius
2280 632 2622 700 temporibus
2645 632 2848 687 vixisse
2866 647 2926 686 se
2959 631 3267 699 profitetur.
3303 630 3397 685 liis
3424 631 3546 687 addi

220 736 437 795 queunt
459 726 910 799 Martyrologium
943 725 1248 780 Romanum
1280 722 1420 794 prid.
1447 722 1528 779 Id.
1555 723 1703 789 Maii,
1726 720 2042 790 Cassianus,
2070 722 2743 795 Nicephorus,Callistus,
2762 723 2823 780 S.
2848 722 3175 779 Benedictus
3199 723 3553 792 Attianensis,

220 816 603 890 Smaragdus,
637 830 694 876 ct
718 837 787 875 ne
819 820 1157 890 singulorum
1190 817 1508 873 testimonia
1539 817 1744 873 diutius
1784 832 2217 888 prosequamur,
2248 817 2523 888 Rupertus
2564 818 2747 874 Ahbas
2780 817 3080 874 Tuitieusis
3112 818 3208 873 lib.
3252 832 3303 873 tv
3334 818 3402 873 de
3434 816 3545 874 Vit.

208 912 549 983 Apostolica
573 914 681 969 sub
703 916 933 978 initium,
955 913 1071 983 qui,
1097 912 1309 979 Beatus,
1334 912 1534 981 inquit,
1564 910 1883 966 Par/uomitu
1914 911 2165 984 Regulam
2187 913 2564 967 monachorum
2584 912 2646 967 ab
2675 915 2790 985 ipso
2812 914 2999 987 angelo
3024 914 3088 968 de
3113 914 3239 969 catlo
3266 914 3539 981 dictatam,

207 1018 314 1057 non
343 1004 631 1073 videlicet,
653 1014 707 1058 stt
732 1003 975 1067 hominis,
999 1002 1089 1057 sed
1116 1012 1171 1055 ut
1199 1003 1425 1056 divinum
1457 1003 1727 1058 oraculum
1752 1003 2015 1058 monachis
2039 1003 2277 1059 tradidit.

283 1097 365 1155 De
390 1098 504 1154 bac
531 1099 648 1169 ipsa
681 1112 807 1153 vero
849 1097 1271 1168 llierouymiana
1307 1096 1424 1166 ejus
1446 1094 1670 1167 Regulae
1711 1096 1902 1153 Latina
1944 1098 2421 1169 interpretatione,
2454 1100 2587 1155 nihil
2622 1100 2848 1157 dubium
2880 1111 2986 1166 est,
3019 1117 3049 1157 e
3074 1102 3133 1157 S.
3170 1101 3418 1157 Doctoris
3444 1117 3539 1159 ca-

200 1192 363 1251 lamo
404 1195 588 1250 fetum
604 1193 1085 1266 germanissimum
1110 1192 1432 1262 proiecisse;
1466 1201 1525 1247 ut
1556 1193 1679 1248 illos
1708 1192 1847 1249 adeo
1869 1202 2051 1265 putem
2081 1193 2362 1266 desipere,
2382 1196 2475 1264 qui
2500 1195 2604 1252 hac
2627 1210 2729 1250 una
2755 1195 2823 1251 de
2852 1210 3017 1250 causa
3044 1195 3247 1250 audent
3283 1194 3539 1261 iuliciari,

196 1290 358 1361 quod
391 1289 767 1345 Pacbomiunt
801 1288 1162 1359 Hieronymus
1192 1287 1335 1343 inter
1368 1287 1791 1343 Ecclesiasticos
1824 1288 2127 1356 scriptores
2158 1302 2266 1342 non
2311 1299 2626 1352 recenseat,
2658 1290 2987 1344 mentionem
3021 1289 3140 1358 ejus
3170 1299 3325 1345 certe
3363 1288 3543 1345 lactu-

197 1397 317 1446 rus,
341 1385 519 1447 cuius
549 1400 740 1441 revera
778 1384 978 1439 librum
1018 1382 1209 1440 Latine
1244 1382 1440 1439 fuisset
1476 1384 1889 1454 interpretatus.
1922 1382 2171 1451 Quorum
2216 1394 2599 1453 argumentum
2636 1394 2826 1456 suapte
2863 1395 3056 1440 natura
3088 1386 3547 1455 infirmissimum,

194 1473 337 1528 l'aisa
378 1474 563 1530 etiam
605 1475 817 1531 laborat
843 1474 1261 1545 suppositione;
1301 1488 1480 1544 neque
1542 1473 1689 1531 enim
1732 1472 1923 1530 istbaic
1954 1475 2275 1545 Catalogum
2308 1477 2595 1546 prmeessit
2625 1476 3030 1548 interpretatio,
3077 1478 3172 1533 scd
3201 1493 3232 1533 e
3272 1478 3550 1534 contratio

193 1569 507 1624 subsecuta
538 1579 625 1626 est
650 1580 775 1639 post
798 1568 1059 1625 tredecim
1083 1567 1250 1625 ferme
1278 1582 1548 1622 annorum
1576 1568 1833 1638 spatium,
1865 1567 2009 1639 quod
2035 1567 2173 1622 infra
2206 1568 2420 1638 planius
2442 1569 2782 1626 demonstro.

263 1662 511 1720 Interim
541 1678 663 1737 qua:
700 1664 863 1734 huius
894 1663 1296 1735 llierouymiani
1331 1662 1535 1717 laboris
1560 1661 1812 1718 feruntur
1831 1662 2191 1733 exemplaria,
2232 1660 2499 1718 debemus
2531 1678 2657 1719 cum
2697 1664 2893 1734 primis
2935 1664 2993 1722 S.
3026 1664 3324 1719 Benedicto
3366 1666 3536 1721 Auia-

188 1761 355 1816 ueusi
385 1762 608 1827 abbati,
634 1763 730 1834 qui
756 1762 904 1817 circa
927 1772 1130 1816 annum
1153 1760 1352 1816 Christi
1377 1758 1485 1816 820
1512 1760 1733 1826 claruit,
1765 1768 1821 1816 et
1847 1774 1946 1818 suo
1986 1760 2167 1815 Codici
2202 1760 2521 1833 [legatorum
2553 1776 2657 1815 una
2696 1776 2818 1815 cum
2841 1759 3115 1827 epistolis,
3141 1774 3279 1829 quas
3315 1759 3536 1815 Genna-

187 1849 313 1905 dius
336 1861 632 1908 memorat
651 1867 773 1921 cap.
800 1867 951 1923 supr.
978 1850 1465 1920 laudato,aliisque
1480 1849 1757 1905 nonnullis
1780 1852 2030 1906 attexuit.
2052 1848 2316 1921 Equidem
2338 1866 2459 1905 cum
2477 1867 2539 1905 es
2564 1850 2780 1920 angulis
2799 1849 3259 1907 bibliothecarum
3290 1850 3533 1908 nondum

185 1941 486 1997 evasisset
514 1943 741 1997 Aniaute
772 1940 999 1995 Abbatis
1027 1940 1302 2005 Collectio,
1336 1956 1397 1993 ex
1427 1940 1551 1993 aliis
1580 1954 1713 1995 mss.
1746 1939 2026 1996 codicibus
2057 1940 2245 1994 Latina
2274 1940 2466 1996 iSlhtBO
2498 1940 2705 2011 Regula
2733 1950 2963 2010 excepta
2990 1950 3095 1996 est.
3130 1940 3265 1995 Eam
3297 1942 3531 2011 primum

184 2031 399 2089 Romae
434 2051 540 2089 an.
576 2033 741 2095 lb‘iB,
771 2031 1015 2086 Achilles
1043 2029 1248 2085 Statius
1274 2031 1542 2099 vulgavit;
1567 2039 1681 2084 tum
1705 2028 2028 2085 Ciaccouius
2058 2030 2262 2084 ibidem
2294 2031 2453 2096 1588;
2483 2032 2685 2087 deinde
2719 2033 2874 2086 novis
2900 2030 3294 2086 accedentibus
3316 2034 3459 2087 curis
3480 2035 3535 2092 in

179 2127 355 2183 calce
387 2126 785 2181 Collatiouum
810 2121 1077 2185 Cassiani,
1108 2132 1165 2176 et
1191 2122 1243 2176 in
1273 2122 1490 2177 Patrum
1512 2122 1869 2179 Bibliothecis
1894 2124 1983 2176 alii
2004 2124 2290 2179 recudere.
2309 2123 2417 2177 illa:
2439 2136 2619 2180 tamen
2640 2126 2912 2180 editiones
2934 2141 3033 2181 nec
3056 2134 3252 2190 totam,
3275 2128 3539 2196 quemad-

178 2220 448 2275 modum
484 2219 578 2274 hic
618 2215 930 2281 exhibetur,
958 2214 1240 2285 Regulam;
1264 2230 1364 2271 nec
1414 2231 1537 2287 quae
1568 2214 1805 2281 Iudicia,
1838 2215 2018 2290 Leges,
2057 2225 2107 2269 et
2138 2214 2363 2281 )lonita,
2390 2217 2621 2273 diversis
2672 2217 2846 2272 titulis
2875 2218 3276 2285 inscribuntur;
3307 2234 3407 2274 nec
3447 2220 3542 2276 de-

182 2316 371 2387 nique
412 2313 722 2384 Epistolas,
754 2323 804 2366 et
840 2311 1009 2365 Verba
1041 2311 1279 2383 Mystica.
1321 2313 1539 2384 aliaque
1580 2314 1634 2369 id
1660 2328 1829 2383 genus
1873 2315 2098 2378 habent,
2128 2324 2252 2383 quas
2280 2313 2443 2367 simul
2468 2314 2569 2367 abs
2611 2313 2946 2383 Hieronymo
2970 2310 3137 2368 fuisse
3177 2312 3371 2368 Latine
3415 2315 3537 2371 red-

186 2407 307 2463 dita
351 2421 435 2463 ex
485 2408 609 2476 ipsa
640 2404 968 2460 meatione
994 2413 1328 2476 compertum
1357 2414 1462 2462 est.
1496 2406 1629 2463 Tota
1664 2407 1804 2461 adeo
1820 2408 1892 2462 cl.
1926 2408 2031 2461 viri
2062 2407 2224 2461 Luce
2250 2406 2506 2461 llolstcnii
2535 2406 2808 2461 sodalitati
2837 2406 3006 2477 gratia
3035 2419 3119 2461 est
3144 2407 3411 2469 habenda,
3442 2410 3531 2478 qui

190 2512 322 2556 cum
350 2502 413 2555 in
446 2499 515 2556 8.
544 2498 827 2554 Benedicti
851 2498 1227 2569 apographum
1254 2497 1532 2554 incidisset
1563 2514 1631 2554 ea
1652 2514 1719 2554 eo
1748 2497 2275 2569 descriptum,quod
2307 2499 2445 2567 apud
2470 2499 2528 2553 S.
2562 2499 2920 2553 llaximinum
2949 2513 3117 2568 prape
3140 2499 3417 2553 Treveros
3442 2516 3538 2556 an-

193 2594 593 2665 tiquissimum
626 2604 841 2649 exstare
871 2593 1233 2659 dicitur,,cutu
1265 2591 1380 2646 aliis
1413 2592 1645 2647 vetustis
1670 2591 1954 2647 codicibus
1985 2592 2248 2656 contulit,
2280 2594 2370 2661 qui
2400 2591 2726 2661 aliquam;ex
2754 2592 2867 2645 illis
2892 2593 3090 2661 regulis
3118 2592 3458 2657 exhiberem,
3484 2608 3546 2648 ac

198 2687 347 2758 typis
390 2686 590 2751 dedit,
620 2685 806 2741 [totum
838 2686 1077 2755 primum
1113 2699 1202 2739 an.
1238 2684 1362 2740 166i
1392 2725 1407 2749 ,
1449 2684 1647 2740 deinde
1684 2684 1905 2739 Parisiis
1942 2684 2173 2740 biennio
2205 2693 2330 2754 post
2377 2686 2783 2739 escudendum.
2834 2686 2948 2739 lloc
2974 2686 3156 2755 itaque
3186 2701 3286 2740 nos
3337 2690 3538 2743 utimur

197 2780 525 2851 διδωμιπὶ
556 2789 742 2850 utpote
768 2778 1015 2834 omnium
1043 2778 1313 2833 uberiore.
1340 2785 1505 2846 atque
1531 2776 1973 2841 accuratissima;
2009 2787 2065 2831 et
2101 2790 2224 2830 cum
2252 2790 2418 2846 porro
2443 2777 2716 2831 variantes
2750 2777 3018 2832 lectiones
3042 2792 3179 2846 quas
3206 2792 3273 2831 ex
3316 2777 3440 2831 aliis
3468 2779 3535 2834 lio

202 2876 319 2931 hris
338 2884 716 2945 excerpserat
741 2874 1095 2929 doctissimus
1117 2872 1207 2927 ille
1238 2872 1331 2939 vir,
1364 2882 1418 2927 et
1440 2872 1659 2926 notulas
1685 2886 1818 2941 quas
1860 2878 2142 2941 paraverat
2178 2871 2230 2923 in
2260 2871 2466 2924 calcem
2500 2872 2686 2939 operis
2716 2870 3112 2939 conjiciendas,
3145 2878 3319 2925 morte
3361 2872 3532 2927 inter.

204 2973 453 3032 cedente
488 2972 747 3030 exhibere
773 2973 917 3028 haud
946 2972 1205 3042 potuerit,
1236 2984 1328 3025 nos
1356 2970 1501 3042 quod
1523 2979 1646 3025 erat
1674 2985 1705 3024 e
1730 2984 1790 3024 re
1813 2979 2025 3035 nostra,
2056 2968 2358 3039 principem
2388 2968 2710 3034 editionem,
2744 2969 2976 3024 Achillis
3006 2969 3185 3035 Statii,
3230 2979 3340 3024 tum
3384 2972 3522 3025 alte-

210 3082 326 3122 ram
356 3068 670 3123 auctiorem
700 3066 847 3121 Petri
873 3062 1153 3120 Ciaccouii
1178 3064 1244 3118 ad
1270 3064 1411 3119 illam
1441 3066 1719 3134 exegimus
1748 3063 2073 3136 diligenter;
2106 3072 2163 3118 et
2193 3079 2315 3135 qua:
2345 3063 2704 3120 Holsleniutto
2727 3065 2897 3120 labori
2928 3065 3179 3132 deerant,
3207 3066 3381 3137 quoad
3409 3066 3529 3135 ejus

214 3160 329 3216 fieri
364 3162 573 3232 potuit,
602 3170 697 3214 aut
726 3160 996 3214 interesse
1022 3157 1325 3224 videbatur,
1347 3156 1685 3212 sull‘ccitutts.

280 3253 559 3323 Tempus,
582 3266 687 3322 quo
720 3253 970 3307 Latinam
1005 3251 1211 3306 hancce
1243 3250 1744 3321 interpretationem
1781 3250 2145 3322 Hieronymus
2172 3249 2490 3316 elaborarit,
2522 3266 2587 3305 ex
2616 3264 2681 3305 eo
2708 3250 2867 3306 facile
2894 3253 3127 3321 eruitur,
3170 3252 3313 3324 quod
3342 3252 3523 3307 statim

220 3347 416 3404 limine
446 3347 782 3403 Prml‘atiouis
810 3357 1132 3403 mmrentcm
1159 3360 1219 3400 se
1239 3345 1541 3399 dormitione
1567 3358 1760 3401 sancta
1785 3355 1831 3399 et
1855 3346 2156 3401 venerabilis
2185 3344 2389 3411 Paulte,
2419 3345 2514 3401 diu
2536 3347 2768 3401 tacuisse
2799 3348 3111 3416 profitetur,
3133 3350 3309 3404 donec
3338 3349 3390 3402 in
3421 3346 3524 3405 hoe

220 3446 546 3503 exornando
575 3460 762 3515 opere,
795 3446 927 3501 bona
954 3454 1010 3498 ut
1033 3445 1178 3498 aiunt
1201 3446 1425 3512 auspicia
1454 3446 1664 3515 longam
1695 3446 1960 3499 silentium
1988 3455 2267 3515 rumperet.
2301 3444 2396 3499 His
2440 3444 2585 3500 enim
2618 3460 2790 3501 anuus
2824 3446 3096 3501 indicatur
3128 3443 3254 3509 406,
3286 3443 3391 3496 sub
3425 3456 3521 3497 cu-

220 3538 305 3607 ius
337 3538 583 3604 initium,
607 3537 845 3592 dormivit
881 3546 1063 3591 sancta
1085 3546 1136 3591 et
1160 3537 1310 3591 Orata
1354 3536 1520 3592 Paula
1562 3540 1778 3607 septimo
1809 3537 2074 3593 Kalendas
2110 3537 2423 3594 Februarias
2464 3540 2613 3593 tertia
2646 3540 2858 3595 Snbbati
2898 3550 3010 3609 post
3041 3540 3165 3593 solis
3211 3536 3521 3603 accubitum,

222 3631 465 3687 Honorio
493 3631 727 3703 Augusto
759 3640 813 3686 vt
859 3636 907 3685 et
935 3631 1222 3685 Aristeneto
1249 3646 1375 3695 oss.,
1398 3630 1540 3701 quod
1570 3634 1621 3686 in
1646 3632 1765 3700 eius
1790 3632 2075 3702 Epitaphio
2106 3633 2540 3689 luculentissima
2564 3635 2725 3689 tradit
2750 3636 3137 3708 Hieronymus.
3168 3633 3248 3689 Ad
3278 3630 3519 3703 ejusdem

225 3725 391 3796 igitur
422 3725 551 3779 anni
570 3723 753 3790 ﬁnem,
776 3723 865 3779 vel
896 3725 941 3779 si
964 3724 1224 3791 luhet,“ad
1256 3723 1621 3795 insequentem
1650 3724 1759 3781 405
1782 3728 2069 3783 commode
2092 3727 2377 3785 transferri
2408 3728 2528 3784 haec
2551 3739 2732 3801 potest
2759 3731 3160 3802 interpretatio,
3187 3740 3371 3800 quam,
3394 3742 3521 3784 cum

226 3820 386 3892 longo
416 3819 637 3875 silentio
661 3817 909 3874 dolorem
936 3818 1280 3887 devorasset,
1314 3820 1662 3876 elucubravit.

228 3952 3517 3993 Μ

828 4099 974 4217 S.
1054 4102 1761 4233 EUSEBH
1837 4102 2921 4229 HIEBONYMI

1314 4318 1878 4385 STRlDONENSIS
1919 4324 2417 4390 PRESBYTER]

999 4484 2013 4605 TRANSLATIO
2144 4492 2743 4608 LATINA

441 4694 1315 4860 REGULfE
1413 4709 2119 4862 SANCTI
2214 4714 3290 4869 PACHOMII.

1562 4942 2151 4982 .._-=-_—===

1545 5114 2189 5202 PPu‘EFATIO.

299 5414 401 5487 53
422 5414 473 5470 Ι.
508 5412 776 5482 Quamvis
820 5418 1012 5470 acutus
1036 5413 1247 5487 gladius
1273 5423 1329 5471 et
1349 5415 1624 5487 levigatus,
1655 5418 1698 5472 si
1723 5417 1815 5473 ditt
1844 5432 1893 5492 Α
1920 5420 2018 5477 sed
2047 5436 2155 5492 quo
2184 5423 2479 5480 multorum
2510 5424 2681 5481 incisa
2710 5425 2858 5484 illius
2887 5433 3064 5482 morte
3093 5425 3372 5493 refrigeria
3398 5440 3517 5484 sus-

233 5506 283 5562 in
326 5508 520 5580 vagina
563 5506 828 5564 conditus
874 5504 1080 5577 fuerit,
1129 5506 1397 5565 sordescit
1447 5508 1715 5581 rubigine,
1766 5521 1822 5567 et
1926 5514 2183 5583 pirarem,
2213 5517 2396 5588 accepi
2428 5517 2603 5573 libros
2631 5517 2699 5574 ab
2734 5519 2956 5574 homine
2990 5519 3081 5572 Dei
3115 5515 3341 5572 Silvano
3369 5532 3519 5585 pres-

233 5598 574 5670 splendorem
622 5600 849 5673 pristini
896 5598 1113 5657 decoris
1160 5598 1388 5658 amittit.
1442 5600 1583 5657 Unde
1616 5611 1671 5657 et
1717 5617 1819 5675 ego
1922 5606 2121 5680 bytero
2166 5602 2297 5665 mihi
2328 5611 2590 5677 directos,
2640 5628 2778 5683 quos
2823 5614 2913 5666 ille
2939 5608 3269 5665 Alexandria
3324 5611 3520 5671 missos

240 5709 465 5753 mterens
487 5711 660 5769 super
679 5695 1014 5754 dormitione
1039 5706 1241 5754 sancta:
1267 5706 1324 5755 et
1343 5695 1657 5753 veneralilis
1681 5695 1820 5754 Pau—
1920 5712 2270 5772 susceperat,
2302 5711 2363 5757 ut
2390 5705 2552 5759 etiam
2583 5702 2704 5776 [AL
2735 5700 2901 5774 mihi]
2926 5702 3235 5775 iujungeret
3282 5704 3515 5763 transfe-

236 5786 317 5858 lte,
351 5806 454 5848 non
505 5806 616 5867 quo
646 5801 845 5851 contra
895 5803 1231 5870 praeceptum
1283 5792 1531 5869 Apostoli
1562 5792 1817 5868 tacerem,
1922 5793 2148 5859 rendos.
2178 5794 2371 5855 Aiebat
2390 5796 2537 5854 enim
2565 5794 2710 5868 quod
2740 5794 2797 5854 in
2820 5793 3116 5855 Thebaidis
3145 5794 3433 5867 ccenobiis,
3464 5811 3497 5855 ο
