4074 6346
534 273 603 329 es
1793 271 1851 327 s.
1895 271 2159 329 EUSEBIl
2189 272 2572 331 HIERONYMI
2882 256 2885 259 ’
3761 276 3845 335 δι’

528 389 585 446 in
615 388 948 445 monasterio
988 386 1291 453 Metanmae,
1342 385 1484 457 quod
1513 384 1583 441 de
1608 384 1836 456 Canopo
1865 386 1918 440 in
1953 395 1977 423 ἰ
2010 401 2127 457 pm-
2157 394 2213 457 Α
2237 406 2399 446 unum
2420 393 2531 463 jam
2561 394 2808 449 attritum
2829 394 2896 449 ad
2925 394 3328 459 dormiendum,
3353 394 3439 449 vel
3466 398 3828 466 operandam;

528 482 814 537 nitentiam
866 478 1013 535 felici
1044 478 1279 534 nominis
1326 478 1682 534 conversione
1732 486 1997 532 mutatum
2026 487 2130 545 est,

528 572 849 628 habitarent
923 573 1145 643 plurimi
1199 571 1570 636 Latinorum,
1651 571 1741 639 qui
1819 573 2135 642 ignorarent

526 667 908 739 Egyptiacum
942 666 1302 732 Grmcumque
1349 680 1685 731 sermonem,
1712 680 1821 737 quo
1850 665 2131 720 Pachumii

525 771 583 818 et
606 760 885 817 Theodori
907 774 957 815 et
973 760 1196 816 Orsiesii
1230 768 1500 829 prmcepta
1524 756 1835 829 conscripta
1859 768 2004 813 sunt.
2030 757 2133 825 Qui

525 854 691 928 primi
717 871 811 925 per
844 854 1179 911 Thebaidem
1207 862 1262 910 et
1284 854 1580 926 A'ngptum
1609 854 1982 910 emnobiorum
2014 852 2132 907 fun-

523 949 782 1004 damenta
827 948 1078 1018 jecerunt
1101 948 1255 1017 juxta
1288 955 1621 1016 praeceptum
1656 945 1789 1012 Dei,
1818 954 1874 1000 et
1902 944 2130 1014 Angeli,

528 1042 621 1114 qui
664 1042 731 1097 ad
762 1058 859 1099 eos
906 1043 978 1098 ob
1024 1041 1166 1098 hanc
1220 1042 1396 1113 ipsam
1447 1040 1842 1097 institutionem
1873 1039 1899 1079 δ
1932 1041 2134 1095 missus

527 1139 765 1196 Venerit.

598 1230 655 1285 2.
687 1231 871 1302 Itaque
922 1231 1048 1301 quia
1086 1231 1175 1285 diu
1228 1240 1524 1295 tacueram,
1569 1238 1624 1285 et
1670 1228 1918 1285 dolorem
1952 1244 2133 1284 meum

529 1322 752 1377 silentio
782 1323 1174 1377 devoraveram
1202 1340 1214 1375 :
1258 1321 1525 1391 urgebant
1550 1331 1729 1376 autem
1767 1320 1918 1376 missi
1946 1320 2014 1375 ad
2048 1335 2136 1376 me

527 1413 601 1468 ob
626 1412 766 1468 hanc
814 1417 986 1483 ipsam
1015 1429 1236 1468 causam
1286 1412 1552 1468 Leontius
1586 1414 1893 1484 presbyter,
1946 1422 2001 1469 et
2028 1428 2135 1467 cae-

524 1506 634 1559 teri
685 1519 809 1558 cum
858 1520 926 1559 eo
969 1504 1191 1574 fratres,
1239 1506 1417 1561 accito
1475 1505 1712 1573 notario,
1758 1516 1816 1560 ut
1862 1514 2022 1561 erant
2068 1506 2136 1562 de

529 1594 857 1667 Egyptiaca
894 1597 947 1650 in
977 1595 1229 1652 Graecam
1280 1596 1521 1667 linguam
1556 1611 1739 1663 versa,
1794 1604 1985 1651 nostro
2014 1612 2134 1652 ser-
2164 1628 2169 1631 -

529 1699 697 1740 mone
726 1685 948 1750 dictavi,
974 1696 1034 1741 ut
1063 1695 1119 1743 et
1149 1687 1313 1742 tantis
1340 1688 1473 1742 viris
1502 1686 1923 1757 imperantibus,
1958 1703 2025 1742 ne
2056 1689 2138 1742 di-

2235 498 2288 545 et
2318 488 2576 543 amictum
2607 488 2830 554 lineam,
2884 488 3234 556 cucullosque
3265 488 3423 554 dum;
3466 499 3521 545 et
3550 492 3829 561 caprinam

2237 580 2574 652 pelliculam,
2604 597 2762 650 qttatn
2782 580 3012 637 Melcten
3039 589 3253 645 vocant;
3278 582 3571 637 balteolum
3599 582 3827 649 lineum,

2236 683 2289 728 et
2314 674 2533 744 gallicas
2560 672 2667 746 [AL
2700 673 2946 747 caligas].
2979 690 3042 729 ac
3074 675 3327 729 bacillum
3356 676 3571 729 itineris
3595 676 3829 730 socium.

2308 766 2360 821 5.
2392 764 2739 835 IEgrotantes
2791 768 2941 821 miris
2995 776 3376 823 sustentantur
3430 768 3730 839 obsequiis,
3775 780 3832 824 et

2237 860 2302 915 ad
2350 877 2567 916 ntnncm
2622 861 2834 931 copiam
2879 862 3193 931 praiparatis
3238 862 3411 917 cibis:
3464 865 3581 917 sani
3637 862 3833 932 majori

2239 954 2442 1024 pollent
2488 952 2837 1009 ahsﬁnentia.
2889 954 2979 1009 Bis
3028 955 3080 1008 in
3115 954 3479 1019 hebdomada,
3535 963 3731 1023 quarta
3774 962 3836 1008 et

2238 1056 2386 1101 sexta
2433 1044 2538 1117 55
2570 1046 2775 1099 sabbati
2823 1045 2889 1100 ab
2942 1046 3200 1100 omnibus
3247 1046 3546 1115 jejunatur.
3600 1053 3837 1115 excepto

2239 1146 2481 1209 tempore
2512 1136 2733 1191 Pascha:
2764 1146 2819 1193 et
2850 1137 3221 1191 Pentecostes.
3257 1137 3393 1191 Aliis
3424 1136 3617 1191 diebus
3646 1152 3830 1192 come—

2238 1230 2483 1300 duutqui
2515 1230 2701 1284 volunt
2732 1239 2853 1299 post
2885 1229 3199 1283 meridiem:
3233 1237 3288 1283 et
3317 1229 3370 1283 in
3393 1243 3549 1284 cmna
3579 1229 3840 1284 similiter

2238 1338 2424 1379 mensa
2452 1325 2688 1395 ponitur,
2741 1330 2965 1392 propter
3004 1322 3343 1385 laborantes,
3398 1335 3583 1384 senes,
3615 1330 3670 1375 et
3698 1335 3837 1389 pue-

2238 1430 2351 1481 ros,
2382 1426 2655 1484 aestusque
2681 1415 3051 1484 gravissimos.
3083 1413 3221 1468 Sunt
3251 1413 3340 1482 qui
3373 1411 3614 1466 secundo
3642 1427 3833 1483 parum

2239 1507 2570 1573 comedunt;
2600 1507 2689 1561 alii
2713 1508 2805 1577 qui
2849 1506 3080 1576 prandii,
3115 1509 3232 1560 sive
3273 1518 3446 1560 coenae
3479 1519 3588 1559 uno
3622 1515 3832 1559 tantum

2239 1605 2363 1661 cibo
2388 1603 2631 1658 contenti
2661 1610 2806 1657 sunt.
2837 1600 3091 1658 Nonnulli
3123 1609 3336 1672 gustato
3371 1600 3650 1671 paululum
3693 1614 3835 1670 pane

2241 1697 2615 1769 egrediuntur.
2647 1696 2853 1750 Omnes
2874 1695 3078 1766 pariter
3100 1693 3416 1749 comedunt.
3449 1694 3553 1759 Qui
3583 1692 3651 1746 ad
3685 1707 3835 1747 men-

530 1794 651 1834 cam
683 1779 1000 1849 rogantibus
1021 1779 1331 1842 obedirem,
1364 1791 1417 1837 et
1436 1781 1678 1848 bono,ut
1696 1780 1867 1847 aiunt,
1892 1781 2138 1852 auspicio
2169 1786 2218 1846 B
2243 1803 2357 1843 sam
2393 1789 2470 1843 ire
2502 1788 2763 1853 noluerit,
2812 1786 2864 1841 in
2914 1786 3109 1842 cellula
3152 1801 3251 1839 sua
3281 1800 3475 1855 panem
3534 1794 3744 1839 tantum
3780 1792 3835 1838 et

528 1870 751 1941 longum
780 1871 1058 1925 silentium
1108 1887 1440 1939 rumperetn,
1497 1872 1733 1930 reddens
1763 1890 1848 1929 me
1889 1875 2138 1944 pristinis

531 1963 753 2029 studiis,
789 1972 842 2018 et
872 1973 1073 2019 sancta:
1116 1964 1330 2020 feminae
1354 1965 1687 2037 refrigeratis
1717 1967 1978 2031 animam,
2011 1983 2135 2038 qua:

532 2055 997 2112 monasteriorum
1026 2072 1247 2123 semper
1278 2073 1464 2114 amore
1494 2059 1762 2129 flagravit,
1790 2070 1844 2115 et
1870 2059 1979 2133 54
1995 2061 2139 2129 quod

530 2150 720 2205 visura
751 2160 869 2207 erat
903 2154 957 2205 in
985 2153 1148 2215 cmlo,
1184 2152 1271 2207 hic
1304 2154 1357 2207 in
1390 2155 1552 2209 terris
1580 2154 1843 2210 meditata
1884 2167 1991 2211 est.
2026 2156 2137 2213 Ve-

530 2244 798 2299 nerabilis
820 2260 1037 2316 quoque
1058 2247 1211 2316 virgo
1235 2245 1345 2301 filia
1373 2246 1492 2317 ejus
1519 2247 1880 2303 Eustochium
1911 2248 2141 2303 haberet

532 2336 679 2405 quod
707 2337 987 2391 sororibus
1020 2348 1041 2375 ο
1073 2338 1343 2408 agendum
1374 2340 1676 2405 tribueret,
1715 2338 2005 2408 nostrique
2031 2339 2140 2393 fra-

536 2438 648 2486 tres
678 2428 1057 2501 Aﬂgyptiorum
1082 2473 1096 2497 ,
1128 2432 1234 2488 hoc
1259 2441 1366 2501 est,
1400 2430 1427 2470 ἀ
1461 2433 1907 2491 Tabennensinm
1941 2450 2136 2491 mona-

534 2525 762 2579 chorum
788 2526 1036 2597 exempla
1058 2538 1440 2597 sequerentur,
1462 2529 1775 2600 quihabent
1798 2546 1898 2601 per
1924 2530 2137 2599 singula

535 2618 865 2673 monasteria
919 2630 1122 2688 patres,
1171 2630 1226 2675 et
1258 2622 1692 2690 diSpensatores,
1744 2632 1800 2676 et
1839 2623 2141 2675 hebdoma-

535 2708 743 2776 darins,
770 2726 834 2764 ac
856 2711 1157 2773 ministros,
1179 2721 1234 2765 et
1261 2713 1597 2782 singularum
1612 2712 1899 2765 domorum
1922 2712 2142 2781 Praepo-

534 2800 691 2861 sitos,
725 2803 795 2851 ita
824 2809 883 2852 ut
911 2800 963 2851 in
996 2815 1103 2853 una
1133 2801 1297 2854 domo
1334 2800 1690 2869 quadraginta
1722 2802 1850 2870 plus
1889 2802 2139 2856 minusve

533 2891 733 2946 fratres
774 2890 1036 2953 habitent,
1082 2893 1173 2961 qui
1219 2892 1481 2947 obediant
1520 2893 1862 2962 Praiposito;
1917 2895 2137 2962 sintque

536 2998 639 3053 pro
667 2996 895 3037 numero
919 2981 1147 3040 fratrum
1173 2985 1413 3053 triginta,
1445 2986 1529 3040 vel
1553 2985 1913 3057 quadraginta
1940 2986 2138 3042 domus

536 3080 593 3136 in
624 3097 732 3134 uno
783 3082 1117 3136 monasterio
1152 3124 1167 3149 ,
1198 3087 1266 3153 et;
1290 3093 1483 3150 ternae,
1515 3086 1599 3141 vel
1627 3094 1908 3155 quaternm
1938 3087 2136 3143 domus

2244 1898 2467 1954 aquam,
2496 1897 2559 1937 ac
2608 1883 2777 1937 salem
2808 1881 3021 1951 accipit,
3057 1880 3173 1935 sive
3206 1880 3259 1934 in
3305 1893 3414 1935 uno
3442 1878 3530 1933 die
3578 1875 3834 1943 voluerit,

2248 1986 2272 2023 8
2300 1976 2415 2031 sive
2439 1974 2492 2029 ir.
2524 1974 2712 2030 biduo.

2314 2071 2368 2125 6.
2398 2068 2617 2124 Fratres
2639 2068 2880 2139 ejusdem
2910 2068 3047 2123 artis
3070 2069 3124 2123 in
3158 2083 3320 2122 unam
3351 2066 3570 2121 domum
3598 2063 3697 2119 sub
3728 2078 3839 2119 uno

2244 2162 2547 2233 Praeposito
2568 2148 3001 2234 congregantur:
3034 2162 3188 2217 verbi
3212 2160 3408 2232 gratia,
3443 2170 3499 2214 ut
3529 2159 3621 2229 qui
3651 2164 3839 2213 texunt

2245 2257 2350 2310 lina
2385 2258 2494 2310 sint
2526 2257 2755 2325 pariter;
2801 2257 2883 2323 qui
2918 2263 3136 2319 mattas,
3194 2254 3249 2306 in
3292 2267 3452 2305 unam
3504 2258 3831 2318 repetantur

2244 2348 2541 2411 familiam;
2590 2347 2968 2410 sarcinatores,
3022 2342 3375 2413 carpentarii,
3420 2342 3675 2407 fullones,
3723 2340 3840 2410 gal-

2242 2440 2420 2496 licarii
2442 2454 2686 2496 seorsum
2715 2454 2744 2491 a
2764 2437 2868 2492 suis
2897 2437 3208 2506 praepositis
3227 2435 3637 2503 gubernantur:
3664 2442 3715 2485 et
3741 2446 3840 2500 per

2243 2533 2485 2603 singulas
2531 2530 2891 2586 hebdomadas
2921 2526 3208 2581 ratiocinia
3237 2539 3464 2594 cperum
3511 2538 3732 2579 suorum
3766 2525 3835 2580 ad

2243 2620 2463 2676 Patrem
2494 2620 2801 2673 monasterii
2830 2620 3097 2672 referunt.

2270 2768 2279 2775 ,
2316 2713 2368 2766 7.
2401 2710 2653 2765 Omnium
2693 2710 3141 2764 monasteriorum
3175 2708 3433 2779 princeps
3472 2723 3637 2763 unum
3665 2707 3832 2762 habe-

2242 2816 2331 2862 tur
2358 2817 2541 2877 caput,
2572 2807 2664 2877 qui
2688 2805 2887 2860 habitat
2915 2806 2973 2859 in
3002 2806 3335 2861 monaSIerio
3356 2805 3547 2860 diebus
3576 2805 3827 2861 Paschal:

2241 2902 2482 2969 exceptis
2516 2901 2596 2953 his
2621 2905 2710 2970 qui
2732 2900 2777 2953 in
2807 2899 3139 2954 monaSterio
3165 2899 3457 2954 necessarii
3486 2908 3635 2963 sunt,
3671 2901 3735 2953 ad
3767 2900 3834 2953 il-

2243 2996 2353 3051 lum
2404 3011 2593 3049 omnes
2642 3003 3057 3063 congregantur,
3116 3003 3172 3047 ut
3218 2994 3607 3064 quinquaginta
3659 2993 3829 3048 millia

2242 3088 2355 3143 fere
2387 3088 2663 3143 hominum
2716 3086 2988 3141 Passionis
3032 3086 3330 3143 Dominica:
3362 3085 3471 3157 56
3498 3086 3660 3141 simul
3688 3086 3832 3142 cele-

534 3173 589 3229 in
616 3174 999 3231 unamtribmn
1024 3173 1391 3244 fmdereutur,
1428 3186 1487 3233 ut
1532 3180 1617 3233 vel
1668 3180 1735 3234 ad
1779 3195 1947 3251 opera
1975 3183 2137 3238 simul
2165 3176 2210 3238 C
2241 3186 2405 3239 brent
2435 3182 2794 3237 festivitatem.

534 3270 757 3333 vadant,
791 3270 876 3324 vel
910 3270 960 3323 in
987 3270 1451 3327 hebdomadarum
1480 3273 1789 3329 ministerio
1812 3276 1915 3331 sibi
1948 3290 2140 3332 succe-

536 3361 665 3417 dant
697 3377 794 3427 per
825 3362 1094 3419 ordinem.

608 3455 663 3509 3.
682 3456 1025 3527 Quicumque
1055 3468 1233 3513 autem
1255 3461 1650 3516 monasterium
1671 3462 1880 3530 primus
1898 3462 2139 3533 ingredi-

537 3558 646 3613 tur,
666 3550 875 3619 primus
890 3550 1066 3612 sedet,
1084 3551 1561 3619 primusambulat,
1589 3554 1796 3622 primus
1821 3563 1844 3589 ο
1871 3555 2139 3623 psalmum

540 3640 693 3706 dicit,
728 3643 933 3708 primus
966 3643 1020 3698 iu
1055 3659 1300 3700 mensam
1330 3646 1578 3701 extendit
1608 3662 1857 3713 manum,
1907 3647 2056 3717 prior
2091 3650 2142 3702 in

538 3733 594 3788 in
628 3732 871 3791 Ecclesia
918 3737 1305 3804 communicat;
1337 3754 1437 3795 nec
1463 3748 1596 3795 aetas
1639 3741 1782 3796 inter
1811 3756 1907 3797 eos
1940 3743 2141 3812 quaeri-

542 3834 655 3890 tur,
687 3826 781 3881 sed
815 3829 1106 3894 professio.

608 3922 664 3976 4.
707 3920 849 3976 Nihil
882 3922 1081 3978 habent
1126 3924 1178 3978 in
1209 3925 1423 3981 cellulis
1464 3936 1665 3997 praeter
1701 3927 1997 3995 psiathium
2032 3928 2050 3966 ί
2081 3941 2134 3985 et

539 4028 662 4084 qum
688 4013 827 4069 infra
846 4016 1045 4085 scripta
1070 4026 1221 4083 sunt,
1248 4018 1355 4072 duo
1379 4019 1701 4074 lebitouaria
1728 4021 1899 4092 (quod
1925 4021 2135 4094 Egyp-

543 4109 632 4164 tiis
663 4107 945 4165 monachis
975 4125 1144 4180 genus
1180 4112 1500 4169 vestimenti
1530 4125 1614 4170 est
1644 4115 1765 4171 sine
1794 4117 2061 4188 manicis)
2091 4126 2147 4173 et

614 4373 640 4402 ⁸
686 4363 911 4421 Scilicet
963 4362 1314 4432 pmnitentiam
1388 4362 1577 4418 Graece
1626 4374 1782 4418 sonat
1850 4363 2137 4419 Metanoea.

2318 3276 2372 3330 8.
2408 3274 2611 3337 Mense,
2640 3274 2725 3327 cui
2764 3272 3092 3328 vocabulum
3141 3284 3225 3328 est
3258 3273 3489 3333 Mesore.
3522 3271 3576 3325 id
3617 3281 3701 3327 est
3724 3271 3835 3326 Au-

2248 3380 2427 3439 gusto.
2452 3368 2622 3423 instar
2647 3367 2854 3422 Jubilaai
2887 3367 3231 3422 remissiOnis
3252 3366 3369 3421 dies
3399 3378 3749 3428 exercentur,
3780 3376 3835 3421 et

2248 3471 2467 3531 peccata
2491 3462 2738 3516 omnibus
2760 3459 3133 3525 dimittuntur,
3165 3459 3706 3529 reclincilianturqne
3729 3458 3832 3513 sibi

2249 3555 2340 3625 qui
2387 3555 2621 3622 aliquam
2673 3553 2928 3607 habuerat
2955 3552 3328 3617 simultatem;
3375 3561 3431 3607 ct
3470 3551 3835 3620 disponuntur

2250 3649 2694 3705 monasteriorum
2750 3648 2960 3719 capita,
3023 3647 3454 3717 dispensatores,
3516 3646 3833 3716 prmpositi,

2251 3745 2506 3808 ministri,
2543 3750 2694 3811 prout
2728 3741 3029 3797 necessitas
3054 3741 3361 3812 postularit.

2321 3836 2374 3892 9.
2406 3837 2572 3891 Aiunt
2607 3844 2777 3890 autem
2808 3834 3029 3889 Tltebtei
3078 3834 3223 3904 quod
3273 3831 3585 3897 Pachomio,
3634 3832 3838 3887 Corne-

2250 3928 2429 3998 lioque
2453 3936 2506 3981 et
2535 3927 2688 3995 Syro,
2722 3927 2812 3995 qui
2846 3940 3019 3995 usque
3052 3925 3213 3979 hodie
3242 3924 3381 3978 ultra
3418 3932 3633 3977 centum
3666 3936 3720 3977 et
3748 3923 3841 3977 de-

2250 4036 2368 4077 cem
2411 4036 2581 4073 annos
2614 4034 2787 4072 vivere
2818 4000 3037 4082 dicitur,
3085 4018 3311 4087 angelus
3343 4018 3541 4087 lingua:
3594 4017 3843 4088 mysticcc

2251 4115 2533 4171 scientiam
2563 4112 2785 4179 dederit,
2824 4124 2877 4168 ut
2905 4112 3217 4168 scriberent
3242 4111 3374 4180 sibi,
3403 4121 3457 4167 et
3488 4111 3845 4180 loquerentur

2252 4364 2414 4419 hodie
2441 4365 2538 4430 fit;
2589 4362 2673 4420 sed
2704 4361 2899 4433 singuli
2931 4379 2961 4418 a
3009 4364 3263 4434 singulis,
3306 4370 3367 4417 ut
3415 4376 3523 4418 uno
3575 4363 3845 4430 psalmum

541 4439 1000 4508 Canopusautem
1031 4433 1233 4488 dudum
1266 4433 1480 4489 infamis
1510 4436 1580 4491 ob
1604 4434 1796 4508 luxum
1822 4450 1885 4491 ac
1915 4435 2140 4508 delicias
2166 4447 2223 4508 Ι)
2246 4447 2475 4491 canente
2506 4452 2572 4491 ex
2602 4435 2806 4500 (rdine,
2839 4433 3270 4508 emterigsummo
3303 4434 3524 4508 silentio
3555 4438 3845 4490 ausculta-

542 4510 740 4571 insnla,
778 4507 1043 4561 Metantea
1086 4516 1273 4559 vocata
1302 4516 1407 4570 est,
1437 4506 1715 4561 translatis
1746 4507 1873 4561 illnc
1903 4523 1931 4560 a
1961 4507 2141 4561 Theo-

546 4581 717 4650 philo,
750 4580 832 4631 vel
864 4578 1072 4650 Cyrillo
1119 4578 1418 4650 monachis,
1442 4648 1447 4650 Α
1469 4577 1557 4636 qui
1615 4580 1987 4650 ptenitentinm
2019 4594 2146 4648 age-

548 4648 672 4706 i'ent
711 4651 896 4720 vitam.
930 4648 1260 4720 Athana~ius
1315 4648 1602 4720 pre~byter
1632 4649 1685 4702 in
1736 4649 1945 4715 libello,
1981 4667 2143 4719 quem

548 4720 785 4775 concilio
817 4717 1249 4774 ChalcedOnensi
1283 4717 1766 4774 obtultt'adversus
1800 4717 2140 4787 llioscornm,

545 4794 817 4850 Μετάνοιαν
842 4794 1151 4867 προάστειον
1173 4801 1268 4855 τῆς
1293 4794 1538 4867 galia-1n;
1558 4790 1950 4867 Ἀλεξανδρείας.
1975 4792 2001 4847 ὁ
2021 4794 2145 4849 πότε

548 4868 789 4926 Κάνωπος
834 4864 1159 4934 κάλούμενος,
1200 4873 1307 4918 etc.
1344 4864 1976 4934 Metanaerrsuburbanum
2028 4881 2144 4916 ma-

548 4940 705 4993 xima:
726 4935 867 4988 urbis
896 4932 1243 4995 Alexandriae,
1267 4935 1405 5004 quod
1428 4937 1552 4988 olim
1582 4932 1823 5001 Caiwpus
1845 4935 2144 5000 vocabatur,

552 5020 662 5062 ctc.
701 5007 832 5058 Vide
867 5009 1030 5059 etiam
1064 5005 1365 5073 Eunapiutn
1428 5005 1482 5061 in
1516 5006 1633 5059 Vita
1667 5005 1872 5061 [Edesii
1894 5048 1908 5071 ,
1940 5008 2026 5059 ubi
2056 5009 2151 5063 de-

554 5074 987 5142 structisCanopi
1010 5076 1252 5130 delubris
1274 5081 1571 5131 monachos
1590 5092 1655 5131 eo
1675 5076 1835 5131 tradit
1872 5078 2147 5133 inductos.

627 5147 655 5185 δ
681 5146 1163 5217 l’rjncepsuditio,
1184 5154 1239 5199 et
1272 5147 1515 5200 ltumana
1537 5164 1627 5201 an.
1662 5148 1798 5204 1580
1818 5153 2148 5217 accuratior,

553 5220 641 5290 qui
668 5235 698 5270 a
725 5215 842 5290 Deo
870 5216 961 5269 sub
991 5213 1550 5290 haucjitstitutiouem,
1576 5226 1681 5290 etc.

630 5303 651 5330 ε
690 5287 869 5345 Malim
899 5286 1234 5341 coacinuiori
1264 5289 1751 5358 senstthgendum.

626 5361 654 5399 ἀ
684 5360 980 5416 Cassianus
1005 5359 1038 5409 I.
1066 5373 1141 5422 tv,
1163 5371 1212 5412 c.
1243 5360 1291 5422 l,
1318 5358 1720 5414 Tabemicsiotas
1742 5368 1915 5414 vocat.
1941 5360 2151 5418 Nomen

558 5444 901 5496 mutuantur,
946 5446 976 5485 a
1010 5427 1267 5485 Tahenna
1323 5432 1499 5486 insula
1554 5431 1604 5485 in
1647 5430 1769 5484 Nilo
1799 5430 2055 5496 flitniine,
2098 5434 2152 5489 in

559 5522 664 5576 qua
698 5502 1027 5560 Pachnmius
1057 5504 1266 5576 insigne
1292 5503 1681 5576 monasterium
1717 5502 2055 5567 tonditlerat,
2087 5522 2152 5560 ex

561 5573 669 5648 quo
697 5579 901 5646 reliqua
934 5573 1175 5648 ejttsdeln
1212 5575 1478 5648 instituti,
1531 5573 1683 5648 quasi
1736 5589 1801 5628 ex
1846 5576 2149 5646 metropoli,

561 5645 743 5705 excisa
775 5645 919 5701 sunt.
956 5646 1077 5700 Vid.
1110 5645 1434 5711 Palladiuut,
1466 5657 1520 5700 et
1548 5645 1930 5699 Sozomenum.

571 5764 579 5773 .
642 5728 664 5754 ε
694 5717 835 5787 Olim
859 5734 1053 5787 nempe
1084 5718 1277 5787 psalmi
1306 5732 1413 5771 non
1443 5718 1716 5784 utrimque
1736 5718 1976 5787 invicem
2013 5717 2156 5773 inter

567 5786 894 5853 monachos,
927 5785 1042 5842 sive
1076 5785 1311 5847 clericos
1340 5787 1618 5847 declamari
1651 5785 1748 5842 toti
1788 5788 2052 5843 silebant.
2098 5800 2155 5843 ut

2248 4520 2388 4564 rent.
2420 4508 2543 4563 Vid.
2571 4523 2683 4578 que
2712 4512 2764 4561 in
2793 4507 2957 4575 epist.
2989 4506 3115 4573 125,
3147 4508 3213 4559 ad
3242 4506 3546 4573 Rusticum,
3579 4522 3731 4561 num.
3755 4509 3844 4576 15,

2248 4582 2648 4635 aunotavimus.

2325 4650 2343 4690 ί
2378 4652 2524 4716 Ηίρε,
2558 4661 2601 4705 ει
2628 4664 2742 4717 quia
2770 4650 2908 4718 infra
2938 4649 3132 4719 scripta
3162 4659 3303 4715 sunt,
3336 4656 3549 4703 veteres
3581 4648 3711 4703 editi
3736 4665 3847 4705 non

2249 4730 2571 4792 agnoscunt.
2603 4719 2768 4774 Porro
2824 4718 3117 4792 Psiatbium
3150 4722 3275 4789 quid
3329 4720 3511 4792 fuerit,
3551 4730 3673 4786 post
3706 4721 3848 4774 Ros—

2252 4790 2487 4848 tveidum
2518 4792 2910 4847 aclleuardum
2947 4791 3260 4846 Hnlstenius
3290 4794 3341 4845 in
3377 4790 3623 4846 Iudiculo
3656 4799 3843 4858 nutat,

2251 4866 2495 4919 Stnream
2545 4879 2727 4931 nunpe
2760 4878 2824 4916 ex
2864 4863 3066 4929 junco,
3118 4864 3231 4918 sive
3260 4878 3462 4934 papyro
3511 4862 3845 4934 confertam,

2253 4953 2355 5006 qua
2385 4952 2484 5006 pro
2513 4936 2642 5006 lecto
2665 4943 2758 4987 aut
2785 4936 3025 5006 stragulo
3052 4938 3297 5006 monachi
3334 4933 3645 4989 utebantur.
3681 4933 3849 4988 Lebi-

2257 5004 2522 5061 tonai'ium
2556 5005 2753 5061 Glossze
2799 5004 3067 5059 Colobium
3100 5019 3152 5059 et
3193 5005 3523 5060 Colobarium
3569 5006 3848 5074 interpre-

2258 5089 2459 5132 tantur.
2494 5078 2730 5148 Cassian.
2761 5076 2798 5129 ι.
2824 5092 2865 5138 t,
2894 5091 2943 5130 c.
2985 5076 3041 5140 5,
3075 5076 3361 5148 lEstyptms
3408 5076 3710 5131 monachus
3746 5077 3849 5131 de-

2255 5150 2525 5215 seribens,
2552 5147 2801 5206 Colobiis.
2838 5148 3035 5217 inquit,
3080 5147 3230 5203 tineis
3277 5149 3465 5209 induti,
3500 5163 3617 5216 qua:
3643 5150 3733 5201 vix
3777 5148 3849 5201 ad

2255 5222 2541 5275 cubitorum
2566 5219 2678 5290 ima
2698 5220 3010 5290 pertingant.
3047 5220 3214 5272 nudas
3244 5219 3309 5272 de
3337 5220 3535 5284 reliquo
3562 5220 3847 5290 circumfe-

2256 5304 2375 5344 runt
2421 5306 2612 5345 manus.
2644 5289 2766 5344 Vid.
2818 5289 2953 5345 intra
3001 5305 3121 5357 cap.
3157 5291 3244 5345 ll.
3283 5291 3357 5345 De
3410 5291 3610 5345 lllelote
3662 5305 3850 5346 autem

2260 5364 2458 5418 Paulus
2490 5366 2742 5416 diaconus
2773 5364 2991 5416 nomine
3014 5361 3374 5417 'l‘heodcmari
3407 5363 3621 5415 abbatis
3649 5363 3715 5415 ad
3745 5360 3853 5416 Ca-

2259 5437 2436 5490 rolttm
2470 5435 2704 5502 Mtgnttm
2734 5434 3006 5494 scribens,
3047 5432 3214 5495 Illud,
3248 5432 3444 5501 inquit,
3469 5433 3846 5498 vestimentum,

2258 5507 2396 5576 quod
2420 5524 2450 5558 a
2481 5504 2756 5560 ballicam's
2779 5503 3040 5558 monachis
3070 5503 3296 5576 Cucullu
3313 5504 3525 5576 dicitur,
3549 5513 3596 5555 et
3630 5520 3719 5557 nos
3747 5503 3853 5576 Ca-

2261 5573 2382 5647 pam
2423 5593 2674 5637 calamus,
2696 5580 2832 5642 quod
2862 5578 3069 5647 proprie
3095 5574 3463 5629 monachorum
3494 5574 3730 5645 designat
3751 5573 3853 5627 lia-

2263 5646 2447 5713 bt'tum,
2482 5646 2713 5701 llelotem
2750 5648 3018 5716 appellare
3038 5647 3301 5711 debemus,
3347 5650 3479 5701 sicut
3510 5654 3556 5698 et
3596 5652 3850 5701 hactenus

2259 5720 2314 5773 in
2334 5719 2432 5773 hac
2461 5719 2713 5791 provincia
2734 5735 2766 5771 a
2793 5718 3098 5791 quibusdam
3121 5725 3363 5774 .tiocatur.

2259 5857 2265 5863 ,
2337 5802 2359 5835 υ
2396 5787 2630 5847 llolstcu.
2662 5790 2764 5846 sive
2792 5798 2905 5857 post
2936 5787 3165 5843 biduum.
