4056 6292
215 275 280 331 65
1143 286 1709 350 INTERPRE'I‘ATIO
1748 291 2055 353 REGULE
2095 297 2155 353 S.
2198 295 2545 354 PACHOMII.
3449 308 3521 367 66

212 406 313 490 per
338 392 697 490 alphabetum
725 402 981 471 speciale,
1010 404 1182 476 signis
1213 410 1540 478 quibusdam
1573 420 1632 466 et
1660 429 1809 484 sym-
1837 419 1891 478 Α
1918 413 2061 467 viros
2087 414 2421 481 apostolicos
2438 422 2495 470 et
2521 422 2662 470 totos
2681 416 2879 486 gratia:
2905 418 3165 490 spiritalis
3192 436 3371 478 sermo
3393 424 3519 481 rbe~

210 481 716 581 bolisabscnnditcs
744 509 940 550 sensus
982 498 1651 571 involvens:quas'|nos
1680 505 1807 573 Epi-
1912 509 2116 563 Inricus
2174 509 2513 565 immutaret.
2566 508 2778 567 Caetera
2827 524 3010 568 autem
3061 532 3181 581 qua:
3218 518 3268 570 in
3328 533 3515 574 eorum

205 576 367 631 stolas
398 578 471 633 ita
512 592 571 635 ut
600 585 747 653 apud
780 586 1415 664 Egyptioscrmcosque
1444 595 1719 665 leguntur,
1752 598 1805 651 in
1913 600 2235 654 tractatibus
2285 602 2636 656 continentur
2682 602 2973 671 praelibare
3020 576 3189 668 uolui,
3227 618 3281 661 ut
3315 608 3367 662 in
3400 608 3513 664 suis

200 681 447 726 nostram
478 673 719 747 linguam
751 683 1031 746 vertimus,
1057 683 1252 739 eadem
1278 695 1335 739 ut
1360 689 1668 757 reperimus
1695 690 1808 745 ele-
1910 691 2189 749 discantur
2210 693 2566 762 auctoribus;
2602 706 2657 751 et
2683 694 2751 750 de
2778 696 3019 751 fontibus
3046 698 3230 766 potius
3254 715 3417 768 quam
3449 700 3519 757 de

197 771 724 872 menta-ponentes,
759 781 813 827 et
843 788 946 842 qua
979 774 1386 842 simplicitatem
1420 778 1661 851 Egyptii
1690 797 1804 836 ser-
1910 787 2103 843 rivulis
2162 789 2372 858 bibant,
2425 804 2566 861 quos
2608 799 2813 847 sancta:
2867 793 3299 849 conversationis
3332 793 3517 851 studia

193 864 373 913 monis
402 864 608 917 imitati
640 880 848 934 sumus,
886 868 1362 941 interpretationis
1406 874 1546 930 ﬁdes
1576 885 1700 931 est:
1736 892 1808 933 ne
1909 878 2201 937 delectant.

186 1002 190 1017 ‘
260 1005 285 1031 ⁸
318 995 614 1069 Holsten.,
647 1003 738 1060 sed
763 1004 902 1062 forte
933 1010 1396 1081 Iypograpborum
1431 1014 1652 1081 mendo,
1684 1031 1807 1069 non.

1478 1261 2245 1393 REGULA

598 1462 1026 1547 PATRIS
1104 1464 1541 1547 NOSTRI
1594 1463 2182 1547 PACHOMII
2259 1463 2752 1548 HOMINIS
2826 1464 3083 1565 DEI,

872 1628 997 1700 Qui
1034 1628 1326 1692 fundavit
1353 1630 1915 1691 conversationem
1948 1628 2391 1691 ctenobiorum
2422 1644 2461 1690 a
2499 1626 2819 1707 principio

190 1152 283 1171 μοι

288 1158 3244 1187 .____________________________________________

1506 1794 1620 1856 per
1648 1776 2023 1840 mandatum
2051 1774 2193 1837 Dei.

1282 2048 1712 2113 EXORDIUM
1758 2052 2390 2115 PRECEPTORUM.

228 2352 349 2425 57
397 2351 445 2405 I.
495 2348 597 2417 Qut
627 2348 778 2403 rudis
815 2350 867 2403 in
912 2349 1197 2405 collectam
1246 2358 1555 2404 sanctorum
1604 2348 1791 2416 ingre-
1821 2350 1870 2410 B
1968 2344 2083 2400 V'II.
2127 2344 2299 2400 Nemo
2328 2346 2557 2415 aspiciat
2588 2343 2871 2400 alterumb
2905 2352 3245 2416 torquentem
3288 2347 3502 2407 funicu-

164 2445 333 2510 dilur,
369 2452 433 2500 ct
462 2458 625 2510 quem
645 2458 741 2512 per
762 2442 1009 2497 ordinem
1034 2442 1239 2511 janitor
1266 2441 1335 2495 ab
1356 2442 1498 2495 ostio
1524 2451 1793 2495 monaste-
1902 2437 2039 2501 lum,
2064 2438 2153 2491 vel
2175 2447 2449 2501 orantem;
2475 2440 2570 2494 sed
2594 2438 2647 2492 in
2672 2454 2771 2493 suo
2798 2438 2998 2495 defixis
3022 2440 3317 2498 luminibus
3337 2458 3504 2513 opere

166 2539 230 2593 rii
261 2536 664 2595 introduxerit.
699 2544 752 2588 et
802 2535 998 2588 sedere
1055 2534 1251 2588 fecerit
1296 2534 1350 2587 in
1391 2542 1659 2587 conventu
1690 2532 1798 2587 fra-
1902 2531 1974 2585 sit
2006 2531 2271 2583 intentus.

169 2637 310 2685 trum
338 2671 353 2691 .
410 2645 526 2683 non
572 2628 622 2682 ei
666 2626 849 2681 licebit
888 2624 1111 2680 sedendi
1181 2626 1353 2679 locum
1413 2624 1496 2679 vel
1544 2625 1792 2679 ordinem

169 2731 547 2786 commutare,
599 2719 771 2774 donec
807 2718 1255 2783 eumrtransferat
1288 2716 1568 2781 Totihioc,
1602 2716 1655 2771 id
1685 2725 1788 2782 est,

168 2817 513 2886 praepositus
563 2814 757 2869 domus
800 2829 935 2879 sum,
968 2813 1034 2868 ad
1092 2813 1265 2868 locum
1305 2812 1394 2881 qui
1447 2811 1495 2866 ei
1546 2813 1648 2865 rite
1694 2810 1789 2864 de-

170 2907 346 2963 betur.

239 2999 304 3054 ιι.
344 2997 584 3055 Sedebit
612 3007 791 3053 autem
823 3011 943 3052 eum
976 2997 1122 3052 omni
1158 2996 1353 3051 decore
1378 3005 1429 3049 et
1475 3004 1791 3051 triansuetu-

177 3094 325 3160 dine;
366 3093 788 3163 pelliculamque
810 3106 973 3160 super
996 3093 1281 3145 humerum
1314 3100 1502 3161 geret:
1527 3106 1591 3145 ex
1616 3090 1787 3143 latere

181 3197 234 3241 et
261 3186 516 3241 inferiori
549 3196 698 3252 parte
744 3184 984 3238 subdens
1028 3184 1272 3245 natibus;
1303 3191 1359 3236 et
1384 3184 1789 3244 vestimentum,

181 3278 231 3333 id
260 3288 381 3342 est,
422 3278 653 3332 tunicam
687 3276 885 3330 lineam
917 3278 1122 3346 absque
1163 3273 1408 3334 manicis.
1443 3288 1600 3343 quam
1632 3271 1791 3327 Levi-

184 3370 460 3425 tonarium
508 3380 719 3435 vocant,
768 3369 1055 3439 diligenter
1073 3368 1399 3438 astringens,
1431 3367 1502 3422 ita
1533 3375 1590 3421 ut
1615 3382 1790 3437 genua

182 3462 419 3532 aperiat.

254 3553 348 3608 III.
390 3552 636 3622 Cumque
681 3552 915 3607 audierit
950 3567 1138 3607 vocem
1198 3552 1337 3606 tubae
1383 3552 1449 3607 ad
1504 3551 1789 3606 collectam

188 3646 458 3711 vocantis,
481 3648 662 3700 statim
680 3645 986 3715 egrediatur
1000 3645 1250 3699 cellulam
1272 3660 1446 3707 suam,
1466 3644 1535 3699 de
1558 3646 1791 3715 scriptu-

189 3739 261 3794 ris
292 3738 499 3809 aliquid
528 3738 795 3793 meditans
821 3753 991 3807 usque
1018 3738 1084 3790 ad
1108 3736 1306 3792 Oalilllll
1330 3738 1714 3792 conventiculi.

1973 2620 2108 2674 VIII.
2144 2621 2271 2675 llaec
2300 2622 2445 2676 enim
2479 2630 2750 2693 pracepta
2786 2621 2967 2676 vitalia
3002 2635 3022 2661 ο
3058 2638 3088 2676 a
3112 2625 3314 2680 nostris
3334 2624 3509 2696 majo-

1896 2714 2048 2766 ribus
2093 2713 2310 2767 tradita.
2344 2715 2401 2769 Si
2435 2715 2695 2768 acciderit
2728 2728 2785 2769 ut
2812 2714 3087 2785 psallendi
3122 2727 3388 2787 tempore,
3422 2719 3506 2774 vel

1894 2804 2114 2870 orandi,
2149 2814 2241 2858 aut
2270 2806 2322 2859 in
2367 2805 2551 2860 medio
2584 2806 2835 2862 lcetionis
2876 2808 3073 2877 aliquis
3104 2811 3375 2879 loquatur,
3407 2819 3502 2866 aut

1895 2897 2087 2962 rideat,
2119 2898 2231 2969 58
2261 2898 2408 2953 illico
2430 2898 2606 2953 solvat
2636 2896 2662 2936 ά
2693 2900 2993 2971 cingulum.
3024 2911 3080 2956 et
3102 2902 3354 2957 inclinata
3377 2917 3495 2959 cer-

1896 2990 2014 3044 vice
2044 2992 2500 3061 rnanibusquefad
2543 2992 2799 3047 inferiora
2825 2993 3122 3063 depressis,
3166 2996 3331 3051 stabit
3374 3007 3503 3054 ante

1893 3083 2082 3151 altare,
2124 3094 2180 3139 et
2223 3102 2250 3138 a
2291 3087 2536 3156 principe
2587 3089 2903 3142 monasterii
2958 3090 3346 3160 increpabitur.
3386 3090 3503 3147 Iloc

1896 3178 2039 3234 idem
2067 3180 2227 3235 faciet
2250 3190 2306 3235 et
2336 3182 2387 3234 in
2418 3192 2686 3237 conventu
2718 3181 2947 3236 fratrum
2972 3224 2986 3247 ,
3014 3197 3136 3237 cum
3178 3184 3246 3238 ad
3268 3199 3468 3239 vescen
3489 3219 3502 3229 ο

1895 3271 2023 3325 dum
2059 3274 2263 3342 pariter
2294 3277 2674 3332 convenerint.

1967 3364 2059 3421 IX.
2101 3365 2328 3433 Quando
2351 3368 2416 3421 ad
2440 3369 2729 3424 collectam
2760 3370 2901 3425 tuba:
2924 3372 3148 3441 clangor
3170 3371 3504 3440 increpuerit

1897 3472 1992 3526 per
2022 3458 2184 3525 diem,
2217 3460 2310 3530 qui
2365 3460 2431 3515 ad
2466 3476 2627 3515 unam
2676 3462 2980 3518 oralionem
3015 3464 3224 3520 tardius
3264 3463 3499 3532 venerit,

1893 3553 2196 3621 superioris
2244 3554 2625 3625 inerepatiunis
2664 3556 2858 3611 ordine
2905 3562 3233 3627 corripietur
3273 3555 3383 3629 [ΑΙ.
3418 3557 3502 3614 itt-

1897 3642 2254 3715 crepabitur],
2288 3654 2343 3699 et
2373 3644 2537 3699 stabit
2564 3646 2618 3700 in
2652 3646 2772 3701 lucb
2793 3648 3048 3703 convivii.

1968 3733 2039 3789 Χ.
2080 3734 2247 3790 Nocte
2275 3752 2427 3801 vero,
2461 3737 2722 3807 quoniam
2755 3740 3003 3808 corporis
3051 3740 3350 3795 infirmitati
3379 3738 3505 3812 plus

255 3832 345 3888 IV.
382 3832 454 3887 Et
476 3831 692 3903 quando
732 3835 783 3885 in
813 3831 931 3886 Ioco
958 3832 1198 3886 collectae
1225 3831 1453 3898 coeperit
1489 3830 1788 3895 ambulare,
1821 3833 1866 3897 ε
1899 3827 2098 3897 aliquid
2128 3828 2471 3894 conceditur,
2505 3832 2595 3899 qui
2645 3842 2767 3899 post
2807 3842 2916 3887 tres
2956 3832 3235 3888 orationes
3266 3835 3504 3905 venerit,

190 3935 245 3979 ut
267 3925 332 3980 ad
365 3926 544 3981 locum
575 3925 799 3980 sedendi
824 3924 1111 3996 standique
1144 3924 1446 3996 perveniat,
1478 3940 1545 3980 ne
1574 3924 1656 3978 vel
1687 3940 1783 3993 pa-

191 4034 305 4073 rum
336 4020 523 4074 damni
568 4020 625 4073 in
658 4019 991 4073 monasterio
1040 4033 1107 4074 ex
1138 4019 1361 4074 alterius
1409 4021 1588 4074 veniat
1616 4020 1789 4090 negli-

192 4110 365 4179 gentia
376 4150 391 4165 .

263 4204 323 4258 V.
368 4203 469 4261 Sin
492 4214 673 4259 autem
716 4213 873 4258 nocte
910 4204 1118 4275 signum
1159 4203 1483 4270 insonuerit,
1527 4223 1593 4261 ne
1623 4217 1793 4262 stete-

195 4295 260 4350 rit
283 4296 350 4351 ad
383 4297 597 4363 focum,
620 4310 779 4367 quem
811 4304 1026 4366 propter
1066 4296 1431 4352 calefacienda
1463 4314 1714 4369 corpora,
1739 4310 1793 4353 et

196 4389 561 4458 repellendum
612 4389 778 4458 frigus
807 4404 873 4443 ex
910 4404 1057 4444 more
1095 4390 1471 4444 succenditur:
1508 4406 1610 4445 nec
1648 4392 1792 4445 otio-

195 4496 282 4535 sus
313 4484 367 4535 in
398 4482 629 4537 collecta
678 4480 906 4547 sedebit,
940 4482 1034 4536 sed
1081 4480 1351 4535 funiculus
1402 4480 1455 4533 in
1504 4490 1794 4536 mattirum

192 4573 458 4627 stramina
509 4587 670 4625 manu
716 4573 874 4627 celeri
914 4574 1277 4644 praeparabit;
1332 4570 1539 4640 absque
1574 4572 1797 4626 inﬁrmi-

196 4673 307 4719 tate
372 4663 635 4717 duntaxat
687 4665 1025 4735 corpusculi,
1076 4666 1165 4721 cui
1234 4662 1489 4720 cessandi
1547 4665 1800 4718 tribuitur

193 4760 372 4817 venia.

267 4850 356 4907 Vl.
397 4848 643 4920 Cumque
690 4860 715 4889 α
761 4852 954 4922 major,
988 4854 1076 4907 vel
1103 4862 1253 4908 stans
1295 4852 1448 4923 ptior
1501 4852 1553 4907 in
1604 4851 1796 4923 gradu,

196 4959 350 4998 manu
383 4944 743 5014 percusserit,
800 4946 868 4999 de
908 4944 1205 5016 Scripturis
1249 4944 1525 5016 quidpiam
1576 4945 1800 5000 volvens

197 5035 532 5101 memoriter,
568 5047 625 5089 ut
664 5036 843 5090 oratio
874 5034 1115 5100 finiatur,
1160 5036 1338 5091 nullus
1368 5046 1658 5109 consurget
1698 5046 1799 5092 tar-

197 5128 331 5197 dius,
370 5128 467 5185 sed
495 5143 690 5184 omnes
716 5132 914 5199 pariter
947 5130 1220 5185 levabuut.

1894 3921 2086 3977 eodem
2131 3931 2188 3977 et
2233 3922 2287 3977 in
2340 3923 2564 3978 collecta
2611 3931 2669 3979 et
2714 3924 2768 3980 in
2794 3926 3065 3983 vescendo
3091 3926 3282 3982 ordine
3329 3929 3509 3984 corri—

1896 4018 2091 4087 pietur.

1970 4109 2061 4163 XI.
2101 4108 2329 4175 Quando
2372 4110 2427 4165 in
2458 4110 2685 4168 collecta
2718 4121 2877 4168 orant
2907 4112 3126 4178 fratres,
3163 4126 3323 4167 nemo
3346 4128 3507 4186 egre-

1897 4200 2076 4255 dietur
2102 4200 2303 4270 absque
2329 4200 2575 4271 jussione
2606 4207 2899 4273 majorum,
2926 4203 3027 4257 nisi
3060 4202 3505 4275 iuterrngaverit,

1897 4309 2327 4365 concessumque
2383 4295 2432 4350 ei
2485 4295 2648 4350 fuerit
2694 4297 2845 4351 exire
2896 4310 2997 4367 pro
3058 4308 3269 4350 naturae
3316 4311 3507 4351 neces-

1898 4390 1996 4443 sita
2006 4398 2077 4443 te.

1973 4481 2089 4536 XII.
2133 4483 2321 4538 Nullus
2352 4482 2559 4537 dividet
2584 4481 2779 4550 iuncos
2810 4482 2878 4535 ad
2929 4480 3197 4536 texendos
3238 4480 3509 4538 funiculos

1904 4582 2100 4643 praeter
2123 4591 2245 4630 eum
2268 4576 2361 4645 qui
2390 4575 2661 4631 ministrat
2685 4573 3072 4641 hebdomadzn;
3100 4588 3155 4631 et
3180 4576 3225 4631 si
3253 4576 3342 4631 ille
3358 4575 3510 4646 justo

1904 4681 2071 4735 Opere
2120 4668 2375 4723 detentus
2426 4677 2549 4734 est,
2604 4665 2827 4736 majoris
2882 4667 3170 4737 imperium
3227 4668 3509 4740 praestola-

1904 4755 2073 4810 bitur.

1976 4846 2117 4904 XIII.
2163 4848 2240 4902 De
2271 4846 2708 4901 hebdomadariis
2740 4848 2901 4905 unius
2938 4849 3131 4907 domus
3163 4867 3271 4907 non
3302 4854 3508 4923 eligen-

1907 4950 1993 4996 tur
2042 4941 2132 5009 qui
2184 4949 2329 4995 stent
2386 4940 2438 4994 in
2486 4938 2682 5011 gradu,
2730 4951 2783 4996 et
2829 4954 3096 5000 conventu
3142 4945 3388 5000 omnium
3440 4945 3510 5003 de

1906 5036 2201 5105 Scripturis
2230 5036 2436 5107 aliquid
2489 5035 2794 5105 replicent:
2851 5038 2943 5094 sed
2992 5055 3185 5097 omnes
3224 5040 3375 5112 juxta
3420 5057 3512 5098 se-

1904 5129 2067 5186 dendi
2097 5140 2152 5185 et
2199 5129 2379 5186 Standi
2426 5129 2671 5186 ordinem
2720 5134 3031 5191 memoriter
3086 5147 3337 5207 repetent
3387 5150 3511 5205 qua:

266 5298 289 5325 η
329 5288 412 5364 Ad
464 5288 732 5364 principis
770 5286 1048 5364 editionis
1084 5287 1245 5364 fidem
1274 5291 1605 5364 _capitulnm
1654 5294 1796 5350 ismd
1824 5302 1877 5364 D
1916 5290 2121 5363 Regula
2154 5290 2443 5346 Pachomii.
2477 5288 2605 5345 Η(Ιό
2637 5300 2755 5345 sunt
2797 5302 3059 5363 praerepta
3089 5292 3254 5345 tribus
3281 5306 3313 5343 a
3339 5292 3510 5361 majo-

197 5363 632 5417 emendaviinus.
673 5361 817 5428 quod
849 5361 919 5412 ab
952 5359 1233 5430 llolst‘enio
1272 5360 1592 5430 imperfecto
1632 5381 1794 5422 sensu

198 5432 258 5483 ad
288 5431 427 5485 hunc
455 5433 681 5484 modum
722 5430 1047 5484 exhibetur:
1079 5428 1306 5498 Cumque
1342 5428 1553 5484 inimum
1583 5452 1794 5489 υρνευδ-

1902 5366 2043 5417 ribus
2072 5365 2283 5428 tradita,
2312 5374 2420 5418 etc.

1977 5447 1998 5474 ο
2046 5435 2248 5489 Vitiose
2296 5433 2625 5508 Ilolstenjus,
2654 5450 2686 5485 ιι
2724 5434 2869 5489 nobis
2908 5431 3230 5501 majoribus;
3264 5442 3362 5508 pro
3397 5444 3508 5508 quo

199 5503 313 5575 serit
338 5514 480 5557 stans
510 5504 661 5575 prior
700 5502 755 5553 in
784 5500 980 5575 gradu,
1019 5510 1067 5555 et
1104 5503 1165 5575 de
1199 5502 1491 5575 Scripturis
1532 5507 1797 5575 quidpiam
1896 5508 2116 5562 nostrisr
2138 5508 2470 5574 epnsuimus.
2493 5503 2815 5573 Elegantius
2848 5500 3000 5575 vero,
3037 5512 3094 5553 ut
3124 5500 3505 5575 oupfajnlttti-

199 5572 392 5627 t'olreus
418 5572 735 5636 memoriter,
764 5583 818 5625 ut
848 5573 1079 5626 oratione
1101 5574 1332 5642 ﬁniente,
1358 5574 1555 5637 nullus,
1581 5572 1687 5629 etc.

265 5642 512 5700 bStatius
556 5656 611 5699 et
659 5642 985 5699 Ciacconius
1026 5656 1344 5712 Operuttlem,
1403 5648 1479 5698 vel
1525 5656 1795 5714 orantem;

198 5731 420 5784 quorum
452 5716 597 5770 alter
625 5715 923 5785 Prulogum
954 5715 1057 5770 lioc
1086 5717 1319 5771 absolvit
1348 5716 1605 5784 οηρίιιιιυ,
1634 5726 1797 5784 atque

200 5789 383 5844 exinde
414 5784 849 5844 Pachomiananl
886 5787 1123 5856 regularn
1149 5791 1227 5843 sic
1254 5788 1567 5844 exorditur:
1602 5784 1799 5856 Incipit

1903 5593 2045 5641 tuus,
2090 5567 2301 5630 veteres
2329 5578 2458 5631 edlti
2507 5567 2670 5627 trtb'us
2708 5593 2741 5629 a
2775 5574 3080 5642 majoribus,
3131 5579 3257 5637 puta
3298 5567 3507 5627 Paebo-

1904 5650 2099 5711 mium,
2129 5647 2499 5711 Theodorum,
2532 5646 2858 5699 Ursiesiutn.

1975 5716 2002 5755 ἀ
2047 5717 2197 5772 Itaud
2225 5729 2377 5773 recte
2400 5716 2545 5771 idem
2571 5713 2906 5778 Holstenius,
2939 5711 3227 5767 vinculum.
