4056 6308
554 304 623 375 ei
1750 330 1755 333 -
1836 296 1893 371 s.
1935 311 2204 371 EUSEBII
2244 302 2624 370 ntenonvut
3794 306 3867 369 es

550 434 652 490 sibi
686 430 884 487 fuerint
915 430 1203 499 imperata.
1238 424 1282 483 E
1308 428 1504 498 quibus
1534 426 1582 485 si
1610 426 1732 500 quis
1776 424 1982 483 oblitus
2015 427 2146 498 quid
2176 434 2229 493 Î‘
2324 426 2493 483 XXV.
2528 426 2659 482 Post
2700 423 2978 481 orationes
3021 426 3318 480 matutinas
3346 422 3596 482 minister
3646 424 3861 481 hebdoo

548 524 881 581 baesitaverit
907 525 959 579 in
991 523 1246 591 dicendo,
1272 523 1618 595 negligentiae
1641 531 1696 579 et
1719 520 2012 578 oblivionis
2037 535 2160 575 cor-

548 620 857 690 reptionem
890 618 1204 675 sustinebit.

624 710 762 769 XIV.
806 710 863 766 In
886 712 975 767 die
1013 710 1307 777 dominica,
1332 710 1420 768 vel
1437 709 1727 767 oblationis
1756 717 2003 779 tempore
2032 707 2155 761 nul-

550 806 637 860 lus
660 805 838 861 deerit
856 805 922 860 de
952 804 1411 870 hebdomadarils,
1437 803 1637 860 sedens
1660 803 1713 859 in
1745 803 1867 857 loco
1895 798 2149 871 Ebiymii,

548 898 907 969 psallentique
961 897 1323 971 respondens,
1372 912 1443 953 ex
1494 912 1600 951 una
1653 895 1915 950 duntaxat
1962 891 2147 957 domo,

549 1006 671 1062 qua:
703 991 757 1047 in
794 991 983 1061 majori
1016 993 1183 1047 servit
1225 991 1583 1046 hebdomade.
1628 990 1815 1047 Altera
1864 998 1948 1042 est
1987 988 2148 1041 etiam

548 1084 729 1139 minor
761 1084 1080 1151 bebdnmas,
1110 1100 1229 1155 quae
1257 1099 1352 1155 per
1382 1084 1622 1156 singulas
1646 1084 1836 1139 domos
1863 1098 1893 1137 a
1929 1082 2149 1152 paucio-

550 1178 703 1234 ribus
738 1178 1048 1233 exhibetur.

618 1270 735 1327 XV.
778 1274 849 1326 At
898 1271 943 1326 si
994 1270 1166 1340 major
1212 1280 1294 1324 est
1348 1286 1610 1327 numerus
1660 1269 2025 1336 necessarius,
2081 1266 2153 1325 de

545 1362 734 1420 eadem
766 1363 906 1418 tribu
939 1364 1031 1417 alit
1062 1362 1399 1418 vocabuntur
1424 1378 1455 1417 a
1488 1362 1786 1432 Przeposito
1807 1361 2023 1428 domus,
2058 1360 2150 1431 qui

542 1456 813 1511 ministrat
840 1456 1197 1515 hebdomadis
1224 1476 1236 1509 :
1269 1464 1323 1512 et
1359 1456 1567 1527 absque
1594 1456 1842 1525 iussione
1863 1456 1995 1527 ,ejus
2028 1454 2148 1509 nul-

547 1548 758 1622 lt1559
778 1551 846 1606 de
875 1551 1043 1605 altera
1070 1551 1230 1605 domo
1256 1550 1497 1621 ejusdem
1523 1552 1695 1605 tribus
1719 1550 1785 1605 ad
1813 1549 2148 1619 psallendum

545 1648 747 1709 veniet,
781 1655 837 1700 et
866 1647 1082 1715 penitus
1112 1660 1216 1700 non
1243 1644 1425 1700 licebit
1451 1644 1505 1699 in
1528 1644 1752 1699 alterius
1772 1642 2145 1709 hebdomade,

544 1738 697 1794 etde
727 1739 831 1793 alia
862 1739 1047 1795 venire
1102 1739 1285 1803 domo,
1335 1737 1440 1793 nisi
1492 1737 1630 1794 forte
1669 1738 1911 1807 ejusdem
1972 1737 2147 1793 tribus

548 1828 639 1884 sit.

618 1921 759 1977 XVI.
803 1922 1039 1977 Vocatur
1070 1932 1250 1976 autem
1284 1937 1389 1977 una
1426 1922 1620 1989 tribus,
1668 1921 1874 1977 habens
1914 1928 2026 1975 tres
2064 1917 2148 1974 vel

545 2027 777 2083 quatuor
807 2015 1021 2081 domos,
1057 2031 1156 2084 pro
1184 2032 1409 2073 numero
1436 2026 1491 2071 et
1521 2016 1824 2087 frequentia
1874 2022 2151 2079 monastea

546 2106 611 2161 rii
640 2124 652 2157 :
684 2124 817 2177 quas
849 2122 948 2161 nos
982 2107 1236 2174 familias,
1262 2109 1343 2162 vel
1378 2108 1605 2178 populos
1635 2109 1795 2163 unius
1820 2107 1996 2178 gentis
2025 2120 2147 2179 pos-

546 2198 719 2252 simus
745 2198 1049 2268 appellare.

616 2289 776 2347 XVII.
806 2290 865 2345 In
887 2289 975 2345 die
1000 2290 1273 2346 dominica
1295 2299 1351 2346 et
1373 2291 1621 2356 collecta,
1648 2292 1699 2345 in
1729 2307 1833 2365 qua
1860 2291 2144 2348 offerenda

542 2389 626 2436 est
652 2381 875 2448 oblatio,
920 2384 1124 2455 absque
1164 2382 1458 2455 praeposito
1510 2383 1729 2450 domus,
1757 2394 1812 2440 et
1844 2385 2145 2456 majoribus

541 2477 875 2541 monasterii,
920 2478 1010 2541 qui
1057 2477 1284 2545 alicujus
1328 2478 1565 2532 nominis
1604 2486 1753 2544 sunt,
1797 2494 1957 2535 nemo
1998 2479 2143 2551 psal-

540 2568 681 2628 lendi
710 2570 901 2625 habeat
931 2578 1277 2641 potestatem.

610 2661 797 2719 XVIII.
840 2662 1112 2718 Psallente
1149 2671 1329 2719 autem
1361 2664 1606 2735 quolibet
1646 2664 1714 2720 de
1737 2664 2057 2735 majoribus,
2090 2662 2144 2718 id

537 2765 646 2821 est,
688 2756 905 2811 dicente
944 2757 1377 2825 responsnrium,
1407 2755 1453 2812 si
1492 2756 1612 2827 quis
1664 2756 1919 2823 defuerit,
1961 2756 2141 2813 statim

536 2859 665 2903 ante
712 2848 884 2903 altare
935 2850 1285 2917 ptenitentire,
1343 2858 1398 2905 et
1448 2849 1845 2922 increpatiouis
1892 2851 2139 2909 ordinem

543 2940 859 2999 sustinebit.

607 3032 752 3091 XIX.
799 3034 875 3093 De
924 3036 1153 3095 collecta
1201 3039 1255 3093 in
1300 3055 1403 3110 qua
1458 3037 1737 3097 offerenda
1783 3048 1868 3096 cst
1906 3039 2137 3104 oblatio,

534 3128 625 3200 qui
668 3130 788 3185 sine
828 3141 1098 3203 praecepto
1128 3133 1351 3205 majoris
1400 3133 1617 3201 exierit,
1666 3133 1849 3190 statim
1892 3132 2141 3204 increpa-

536 3223 703 3279 bitur.

605 3316 726 3372 XX.
763 3317 917 3373 Mane
950 3335 1046 3390 per
1074 3321 1316 3391 singulas
1355 3321 1548 3378 domos
1588 3321 1753 3377 finitis
1794 3320 2136 3378 orationibus

537 3427 645 3468 non
675 3410 856 3467 statim
888 3412 954 3467 ad
985 3428 1111 3467 suas
1150 3413 1380 3469 cellulas
1409 3424 1753 3471 revertentur
1784 3434 1796 3468 :
1831 3416 1925 3471 sed
1955 3414 2138 3469 confe-

531 3513 658 3561 rent
687 3505 825 3563 inter
860 3519 920 3559 se
954 3520 1072 3573 quae
1104 3503 1432 3576 Praepositos
1462 3505 1738 3561 audierint
1767 3505 2134 3578 disputantes,

535 3609 587 3653 et
617 3596 694 3651 sic
724 3597 999 3653 intrabunt
1026 3597 1227 3653 cubilia
1252 3614 1370 3655 sua.

608 3690 752 3746 XXI.
798 3691 1106 3762 Disputatio
1156 3700 1338 3747 autem
1404 3707 1431 3745 a
1484 3689 1798 3761 Prtepositis
1853 3690 2134 3747 domorum

536 3798 633 3853 per
662 3783 898 3854 singulas
930 3782 1300 3840 hebdomadas
1335 3783 1496 3839 tertio
1529 3784 1655 3838 fiet:
1690 3795 1743 3840 et
1790 3785 1843 3839 in
1877 3784 1991 3855 ipsa
2022 3784 2135 3841 dis-

533 3875 813 3946 putatione
852 3876 1130 3942 sedentes,
1180 3875 1295 3931 sive
1322 3886 1532 3932 stantes
1559 3876 1755 3933 fratres
1794 3892 1952 3933 suum
1985 3878 2135 3933 ordi-

532 3984 659 4025 nem
686 3984 788 4024 non
819 3970 1127 4035 mutabunt,
1150 3968 1301 4039 juxta
1327 3970 1612 4026 domorum
1655 3970 1903 4028 ordinem
1947 3980 2004 4028 et
2035 3971 2133 4028 ho-

531 4063 739 4118 minum
763 4063 1123 4135 singulorum.

605 4152 770 4208 XXII.
812 4153 867 4210 Si
893 4155 1019 4226 quis
1048 4154 1427 4211 dormitaverit
1462 4154 1680 4221 sedens,
1711 4155 2011 4228 Prmposito
2041 4157 2135 4213 do-

531 4260 675 4314 mus,
706 4246 788 4302 vel
824 4245 1141 4304 monasterii
1166 4247 1411 4317 principe
1437 4247 1771 4321 disputante,
1800 4250 1981 4304 statim
2009 4265 2131 4305 sur-

530 4353 665 4410 gere
713 4340 1075 4411 compelletur
1106 4358 1118 4395 :
1169 4350 1225 4396 et
1264 4341 1466 4396 tamdiu
1500 4342 1689 4407 stabit,
1720 4341 1896 4399 donec
1923 4343 1973 4399 ei
2002 4344 2133 4414 eju-

528 4432 721 4490 bentur
751 4444 806 4491 ut
844 4435 1052 4491 sedeat.

600 4524 793 4582 XXIII.
836 4527 1063 4593 Quando
1090 4526 1305 4598 signum
1340 4526 1674 4591 insonuerit,
1702 4535 1760 4582 ut
1796 4525 2129 4585 conveniant

2265 520 2461 586 madis,
2485 519 2572 574 cui
2618 518 2723 573 hoc
2764 532 2901 589 opus
2938 516 3101 573 fuerit
3134 516 3461 588 injunctum,
3506 519 3867 589 interregabit

2263 616 2562 687 principem
2592 614 2909 671 monasterii
2939 614 3008 669 de
3039 614 3263 683 singulis
3289 615 3473 683 rebus,
3505 630 3642 683 quas
3664 630 3860 672 neces-

2259 708 2431 763 sarias
2460 715 2638 776 putat;
2674 717 2728 762 et
2764 705 2949 777 quanti
2980 707 3130 763 exire
3157 706 3392 763 debeant
3422 708 3636 778 operari
3676 707 3859 781 [ForL

2259 800 2519 873 Operarii]
2571 800 2628 855 in
2672 815 2883 871 agrum.
2920 799 2988 855 Et
3028 799 3180 871 juxta
3226 802 3374 856 illius
3397 801 3698 872 iussionem
3746 801 3863 875 60

2257 891 2566 946 circumibit
2605 891 2847 962 singulas
2878 890 3094 955 domos,
3125 900 3181 948 et
3207 893 3379 949 discet
3407 893 3534 965 quid
3567 894 3865 965 unusquis-

2255 999 2361 1056 que
2393 984 2591 1045 babeat
2637 984 3030 1041 necessarium.
3061 982 3319 1049 Codiccm
3370 985 3415 1047 si
3457 985 3526 1045 ad
3562 984 3857 1057 legendum

2255 1078 2535 1147 petierint,
2584 1078 2884 1147 accipiant;
2928 1089 2982 1133 et
3021 1077 3171 1133 finita
3215 1078 3576 1143 hebdomade,
3631 1087 3861 1150 propter

2254 1184 2350 1225 eos
2394 1171 2486 1241 qui
2533 1170 2832 1226 succedunt
2884 1170 2937 1225 in
2980 1172 3366 1241 ministerium,
3418 1188 3519 1228 suo
3560 1172 3859 1229 restituant

2252 1261 2397 1323 loco.

2328 1353 2518 1413 XXVI.
2562 1356 2619 1411 Si
2670 1363 2868 1412 mattas
2908 1357 3296 1427 Operabuntur,
3328 1358 3697 1429 interrogatur
3748 1360 3859 1415 mi-

2253 1448 2427 1507 nister
2456 1449 2523 1504 ad
2556 1465 2840 1523 vesperum
2876 1461 2897 1489 Î¿
2929 1450 3260 1521 Praepositos
3288 1452 3576 1508 domorum
3607 1452 3858 1524 singula-

2252 1557 2391 1608 rum,
2418 1542 2613 1613 quibus
2639 1543 2929 1612 juncorum
2957 1544 3183 1614 singulis
3205 1544 3457 1601 domibus
3485 1548 3856 1603 necessarium

2250 1636 2361 1697 sit;
2402 1645 2459 1691 et
2496 1636 2575 1691 sic
2624 1637 2871 1692 infundet
2912 1637 3139 1706 juncus,
3173 1648 3229 1693 et
3256 1654 3418 1694 mane
3465 1657 3562 1710 per
3604 1639 3853 1695 ordinem

2252 1729 2539 1800 unicuique
2589 1731 2809 1785 tribuet.
2860 1730 2925 1785 Et
2960 1730 3003 1785 si
3058 1745 3217 1785 mane
3246 1730 3443 1787 viderit
3491 1732 3611 1787 aliis
3632 1747 3853 1803 quoque

2177 1836 2225 1896 Î’
2251 1820 2431 1890 juncis
2459 1837 2595 1892 opus
2626 1838 2769 1886 esse,
2803 1823 3046 1877 infundet
3076 1838 3191 1888 eos,
3216 1835 3268 1880 et
3298 1825 3364 1879 ad
3383 1826 3623 1896 singulas
3658 1826 3854 1881 dumos

2254 1913 2495 1983 perferet
2527 1914 2751 1983 tamdiu,
2787 1914 2961 1970 donec
3006 1917 3219 1986 signum
3247 1916 3501 1971 vescendi
3534 1917 3799 1987 increpet.

2248 2004 2536 2076 mXXVIl.
2580 2007 2918 2077 Praepositus
2950 2008 3166 2074 domus,
3209 2009 3300 2079 qui
3336 2009 3521 2079 implet
3554 2008 3854 2064 hebdoma-

2248 2097 2398 2164 dam,
2430 2108 2485 2156 et
2521 2102 2660 2156 alius
2689 2102 2778 2172 qui
2826 2113 3109 2158 venturam
3142 2102 3432 2172 suscipiet,
3465 2102 3850 2173 principesque

2248 2195 2571 2252 monasterii
2597 2196 2875 2252 habebunt
2896 2213 3079 2253 curam
3100 2197 3316 2253 videndi
3342 2198 3471 2269 quid
3501 2200 3680 2268 operis
3711 2214 3851 2267 prte-

2250 2289 2561 2344 termissum
2594 2289 2663 2344 sit
2695 2291 2779 2344 vel
2811 2290 3154 2360 neglectum;
3184 2299 3237 2343 et
3266 2290 3455 2344 excuti
3484 2289 3683 2345 facient
3708 2299 3850 2345 mat-

2250 2387 2352 2448 tas,
2388 2395 2508 2448 qum
2537 2395 2702 2452 super
2732 2385 3096 2452 pavimentum
3135 2382 3187 2436 in
3219 2382 3446 2437 collecta
3493 2381 3725 2453 expendi
3756 2398 3851 2438 so-

2248 2476 2401 2533 lent:
2450 2479 2924 2549 numerabuntquc
2962 2477 3253 2546 funiculos,
3288 2494 3424 2550 quos
3467 2494 3563 2548 per
3602 2478 3849 2549 singulas

2247 2568 2617 2625 hebdomadas
2670 2578 2965 2637 torserunt,
2998 2580 3054 2625 et
3091 2586 3280 2627 eorum
3329 2586 3597 2626 summam
3637 2570 3849 2627 descri-

2248 2659 2377 2716 bent
2408 2663 2459 2715 iu
2492 2662 2669 2730 buxis,
2704 2671 2757 2718 et
2783 2662 3077 2717 servabunt
3107 2678 3278 2735 usque
3306 2663 3374 2719 ad
3405 2674 3616 2734 tempus
3643 2677 3846 2720 annuas

2246 2754 2707 2826 congregationis,
2755 2757 2971 2827 qunido
2995 2755 3269 2813 reddenda
3313 2766 3397 2813 est
3436 2757 3599 2820 ratio,
3630 2765 3685 2812 et
3716 2769 3845 2827 pec-

2246 2857 2365 2903 cata
2396 2847 2648 2903 omnibus
2679 2846 3044 2904 dimittuntur.

2318 2938 2554 2995 XXVIII.
2598 2940 2825 2996 Dimisso
2848 2942 3096 3006 collecta,
3133 2943 3328 3013 singuli
3357 2942 3703 3014 egredientes
3752 2955 3843 2999 us-

2245 3048 2350 3104 que
2379 3033 2443 3088 atl
2478 3033 2700 3090 cellulas
2738 3050 2887 3103 suas,
2916 3035 3000 3093 vel
3044 3051 3212 3107 usque
3239 3035 3305 3091 ad
3344 3034 3601 3092 vescendi
3636 3034 3837 3105 locum,

2244 3128 2312 3184 de
2344 3128 2640 3199 Scripturis
2657 3131 2857 3201 aliquid
2888 3131 3326 3198 meditabuntur;
3360 3131 3648 3202 nullusque
3675 3130 3842 3188 habe-

2158 3221 2205 3283 C
2242 3220 2319 3276 bit
2348 3231 2599 3292 apertum
2625 3231 2784 3294 caput
2814 3223 3178 3280 meditationis
3210 3230 3480 3294 tempore.

2312 3313 2505 3371 XXIX.
2545 3315 2679 3370 Cum
2712 3326 2890 3371 autem
2921 3315 2991 3370 ad
3025 3315 3356 3371 vescendum
3383 3315 3654 3383 venerint,
3681 3315 3839 3372 sede-

2240 3411 2374 3466 bunt
2401 3425 2497 3480 per
2518 3411 2761 3466 ordinem
2800 3410 3016 3467 statutis
3039 3410 3193 3473 locis,
3232 3420 3286 3466 et
3326 3410 3573 3481 operient
3599 3410 3797 3482 capita.

2310 3504 2481 3559 XXX.
2525 3504 2825 3575 Statimque
2844 3520 2967 3559 cum
2995 3504 3088 3559 tibi
3115 3519 3146 3559 a
3173 3505 3381 3574 majore
3410 3503 3572 3560 fuerit
3605 3504 3839 3575 impera-

2240 3602 2377 3662 tum,
2408 3603 2468 3651 ut
2497 3595 2565 3652 de
2602 3596 2707 3650 alia
2741 3612 2925 3651 mensa
2958 3594 3025 3651 ad
3064 3596 3227 3652 aliam
3255 3596 3487 3652 transire
3525 3596 3748 3663 debeas,
3783 3580 3837 3652 in

2240 3688 2389 3743 nullo
2420 3688 2636 3758 penitus
2662 3687 3026 3744 contradiccs.
3070 3686 3182 3744 Nec
3225 3688 3426 3744 audeas
3454 3698 3579 3744 ante
3614 3675 3837 3759 Prtepol

2239 3781 2401 3836 situm
2427 3780 2625 3836 domus
2648 3790 2751 3836 tua:
2777 3796 2996 3837 manum
3026 3781 3077 3836 in
3102 3794 3346 3837 mensam
3376 3781 3673 3838 extendere
3698 3797 3711 3834 :
3734 3792 3836 3838 nec

2240 3873 2647 3944 circumspicias
2677 3874 2815 3930 alios
2846 3880 3153 3931 vescentes.

2310 3966 2504 4021 XXXI.
2579 3964 2960 4038 Unusquisque
3019 3967 3443 4039 Prmpositorum
3500 3966 3725 4024 docebit
3776 3965 3834 4025 in

2239 4060 2400 4117 domo
2427 4076 2545 4129 sua,
2578 4060 2851 4133 quomodo
2876 4061 3112 4118 debeant
3133 4076 3256 4117 cum
3286 4062 3569 4133 disciplina
3594 4068 3649 4119 et
3672 4074 3833 4119 man-

2236 4154 2527 4211 suetudine
2548 4156 2854 4211 comedere.
2876 4154 3033 4221 Quod
3061 4156 3106 4210 si
3138 4156 3257 4227 quis
3290 4156 3373 4211 vel
3397 4156 3611 4212 locutus
3646 4153 3830 4223 fuerit,

2237 4250 2324 4306 vel
2371 4251 2554 4306 riserit
2608 4250 2659 4305 in
2714 4250 3020 4318 vescendo,
3072 4258 3195 4323 aget
3250 4250 3650 4321 ptenitentiam,
3678 4258 3733 4303 et
3776 4249 3832 4306 in

2236 4341 2427 4397 eodem
2447 4339 2569 4397 loco
2599 4342 2843 4413 protinus
2866 4341 3270 4413 increpabitur:
3296 4342 3588 4415 stabitque,
3608 4339 3784 4397 donec
3805 4336 3834 4379 á¼€

2235 4435 2375 4489 alius
2399 4444 2585 4507 surgat
2608 4434 2675 4491 de
2707 4436 3075 4492 vescentibus.

2305 4525 2525 4586 XXXII.
2570 4528 2625 4587 Si
2673 4530 2792 4600 quis
2830 4526 2899 4583 ad
2926 4525 3324 4583 comedendum
3356 4525 3562 4582 tardius
3592 4519 3829 4596 venerit,

531 4627 587 4681 et
609 4618 827 4674 audiant
848 4630 1116 4693 praecepta
1141 4594 1430 4695 majorum,
1461 4622 1639 4677 nullus
1662 4620 1995 4677 remanebit:
2025 4637 2129 4678 nec
2159 4594 2205 4655 á½·)
2232 4632 2462 4694 excepto
2511 4594 2734 4692 majoris
2787 4621 3044 4692 imperio,
3087 4619 3340 4676 similiter
3390 4629 3513 4695 aget
3558 4594 3831 4692 paenitens

530 4710 893 4767 succendetur
921 4711 1074 4769 focus
1108 4726 1400 4785 antequam
1439 4712 1735 4784 disputatio
1766 4715 2124 4785 compleatur.

530 4802 630 4873 Qui
656 4802 682 4841 Î¹)
710 4820 873 4860 unum
904 4821 969 4862 ex
1003 4807 1083 4862 bis
1117 4808 1465 4889 preterierit,
1500 4808 1775 4878 praedictae
1798 4809 2127 4880 correpuoni

528 4894 857 4966 subjacebit.

596 4986 786 5043 XXIV.
830 4989 931 5056 Qui
960 4987 1414 5047 hebdomadarius
1436 4998 1537 5057 est,
1564 5007 1672 5047 non
1696 4990 1917 5048 habebit
1942 5001 2126 5064 potes-

528 5084 692 5133 tatem
744 5078 950 5149 absque
997 5091 1269 5153 prtecepto
1323 5084 1587 5156 principis
1622 5084 1937 5141 monasterii
1991 5084 2123 5143 dare

527 5174 780 5247 cuiquam
821 5172 1112 5239 funiculus,
1160 5176 1243 5229 vel
1290 5176 1519 5231 aliorum
1561 5180 1692 5248 quid
1736 5196 2023 5236 vasorum:
2067 5190 2122 5236 et

522 5269 628 5328 nisi
672 5270 767 5328 ille
811 5268 1056 5340 jusserit,
1100 5270 1313 5338 signum
1367 5269 1497 5326 dare
1527 5286 1635 5327 non
1682 5274 1903 5343 poterit,
1950 5282 2017 5333 ut,
2051 5274 2119 5337 ad

526 5368 811 5424 collectam
844 5362 1224 5433 meridianam,
1253 5364 1337 5420 vel
1368 5365 1434 5420 ad
1464 5367 1830 5436 vespertinam
1875 5380 1970 5424 sex
2000 5383 2123 5426 orso

525 5465 732 5522 tionum
762 5466 1179 5537 congregemur.

599 5684 621 5711 Î¹
668 5676 885 5733 Veteres
912 5673 1066 5742 editi,
1097 5671 1141 5728 ei
1168 5670 1423 5737 videatur.

596 5744 621 5781 Î¹)
664 5745 849 5801 Iidem.
897 5745 997 5811 Qui
1026 5738 1189 5799 tinum
1215 5744 1516 5799 mandatum
1538 5755 1602 5799 ea:
1631 5738 1734 5805 his,
1769 5747 1877 5811 etc.

601 5829 615 5849 Î½
662 5816 841 5871 Malim
896 5810 1170 5884 equidem,
1220 5834 1253 5869 a
1293 5815 1601 5886 Prwposito,
1646 5823 1703 5871 et
1747 5810 1929 5868 statim
1974 5821 2114 5882 post,

2235 4716 2385 4781 tiam,
2417 4724 2511 4770 aut
2535 4716 2601 4770 ad
2631 4713 2849 4769 domum
2870 4711 3090 4784 jejunus
3114 4722 3452 4769 revertetur.

2303 4806 2546 4863 XXXIII.
2590 4806 2648 4863 Si
2677 4805 2881 4878 aliquid
2932 4806 3300 4863 necessarium
3332 4807 3496 4862 fuerit
3528 4806 3581 4861 in
3613 4818 3823 4873 mensa,

2234 4916 2394 4956 nemo
2426 4900 2646 4957 audebit
2678 4898 2851 4971 loqui,
2884 4899 2977 4955 sed
3012 4899 3118 4981 ÎµÎ¹
3148 4898 3581 4956 ministrantibus
3609 4900 3825 4970 signum

2233 4994 2418 5050 sonitu
2434 4994 2605 5049 dabit.

2299 5086 2538 5144 XXXIV.
2583 5086 2640 5144 Si
2664 5102 2916 5158 egressus
2946 5086 3111 5143 fueris
3140 5101 3171 5142 a
3197 5087 3341 5155 cibo,
3370 5103 3475 5143 non
3506 5083 3747 5161 loquaris
3770 5085 3827 5145 in

2223 5182 2527 5247 redeundo,
2558 5181 2734 5237 donec
2762 5179 2831 5237 ad
2857 5181 3036 5238 locum
3072 5194 3219 5239 tuum
3253 5184 3558 5253 pervenias.

2296 5275 2393 5332 XX
2406 5274 2516 5331 XV.
2556 5276 2789 5334 Ministri
2813 5278 3016 5351 absque
3043 5278 3148 5346 bis,
3172 5293 3295 5349 qua:
3322 5279 3376 5339 in
3403 5292 3693 5339 commune
3717 5276 3826 5334 fra-

2224 5371 2396 5427 tribus
2427 5380 2731 5443 praeparata
2775 5383 2933 5442 sunt,
2977 5373 3112 5428 nihil
3160 5373 3309 5430 aliud
3355 5372 3675 5442 comedam,
3722 5387 3827 5431 nec

2222 5473 2457 5522 mutatos
2484 5465 2637 5523 cibos
2664 5466 2765 5524 sibi
2788 5465 3023 5527 audeant
3056 5481 3385 5540 praeparare.

2223 5671 2368 5745 quid,
2401 5681 2493 5732 aut
2520 5682 2771 5747 quantum
2788 5690 2886 5749 pro
2913 5675 3118 5748 quibus.

2232 5830 2235 5831 Î½
2296 5742 2323 5783 â¸Â³
2366 5746 2561 5831 Verius
2590 5756 2733 5831 puto
2764 5754 2978 5831 veteres
3009 5747 3162 5817 editi,
3189 5748 3349 5831 donec
3379 5750 3471 5806 alii
3500 5759 3717 5823 surgant
3758 5746 3825 5812 de

2226 5818 2494 5889 vescendo,
2528 5818 2734 5876 scilicet
2761 5819 2826 5876 ad
2863 5834 3065 5878 mensae
3088 5836 3256 5893 usque
3281 5820 3465 5881 ï¬nem.
