4056 6302
564 287 638 343 τι
1907 271 1967 329 s.
2010 271 2286 332 susse"
2331 270 2719 331 HIERONYMI
3594 317 3607 333 .
3801 268 3879 327 τε

564 417 652 462 tor
678 398 944 459 nuntiabit
977 397 1127 456 Patri
1152 395 1488 465 monasterii,
1520 401 1578 452 et
1602 394 1695 451 ille
1724 395 1959 452 accitum
1990 394 2163 451 inter-
2194 401 2246 459 Α
2342 397 2521 455 LVIII.
2552 398 2612 455 Si
2654 397 2865 469 signum
2888 395 3075 452 datum
3098 394 3289 465 fuerit,
3322 400 3384 451 ut
3414 392 3769 465 egrediantur
3798 392 3868 446 ad

563 497 773 569 rogabit
817 495 1170 564 Prmpositum
1221 493 1437 558 domus,
1480 501 1789 546 utrumnam
1849 490 1991 561 apud
2038 507 2163 547 eum

563 590 667 654 sit;
697 583 752 643 ét
783 587 1255 658 permittente‘eo,
1288 585 1519 655 accipiet
1549 586 1804 651 comitem
1836 585 2169 655 egressionis

563 698 698 748 sure,
720 680 875 751 cujus
906 679 1042 736 fides
1070 680 1294 752 probata
1324 688 1427 748 est,
1468 689 1525 735 et
1551 680 1631 735 sic
1671 681 1914 735 mittetur
1943 680 2013 734 ad
2060 678 2168 734 fra-

569 784 707 831 trem
735 772 1051 840 videndum,
1082 772 1163 827 vel
1185 771 1254 826 ad
1284 775 1612 842 proximum.
1640 772 1696 827 Si
1728 771 1867 828 forte
1890 772 1939 828 ei
1966 772 2170 842 aliquid

568 868 818 923 attulerit
856 867 1127 929 ciborum,
1158 866 1358 935 quibus
1385 866 1437 919 in
1488 866 1830 920 monasterio
1876 865 2020 919 vesci
2052 863 2170 919 lici-

569 969 684 1015 tum
729 967 835 1026 est,
884 957 1175 1027 suscipere
1218 958 1336 1027 ipse
1386 972 1493 1010 non
1538 956 1763 1026 poterit,
1810 956 1907 1012 sed
1950 956 2173 1011 vocabit

565 1051 884 1124 janitorem,
925 1056 979 1105 et
1024 1048 1117 1104 ille
1139 1048 1303 1103 allata
1327 1047 1584 1118 accipiet,
1606 1063 1727 1117 qua:
1747 1048 1793 1103 si
1820 1047 1944 1101 talia
1972 1046 2174 1101 fuerint

570 1146 679 1219 [Αι.
712 1144 881 1218 qum],
932 1154 991 1199 ut
1017 1159 1142 1200 cum
1182 1158 1323 1213 pane
1348 1142 1619 1198 vescenda
1648 1143 1777 1208 sint,
1814 1142 1949 1197 nihil
1976 1156 2169 1197 eorum

569 1239 617 1294 is
668 1239 757 1294 cui
808 1237 976 1292 allata
1024 1245 1173 1301 sunt,
1223 1235 1458 1305 accipiet
1513 1252 1526 1288 :
1574 1234 1672 1290 sed
1702 1245 1897 1290 cuncta
1943 1235 2009 1289 ad
2051 1234 2171 1289 loca

569 1332 954 1405 aagrotantium
1008 1329 1351 1385 deferentur.
1406 1329 1463 1385 Si
1511 1343 1645 1385 vero
1682 1328 1793 1383 sint
1828 1327 2171 1398 tragematia,

571 1426 656 1481 vel
684 1439 865 1495 poma,
897 1423 1049 1478 dabit
1079 1422 1128 1478 ei
1151 1422 1363 1493 janitor
1395 1438 1464 1477 ex
1490 1420 1575 1476 his
1606 1422 1899 1477 comedere
1927 1437 2048 1491 quae
2078 1436 2169 1490 ρο-

571 1517 738 1583 terit;
790 1526 844 1572 et
873 1530 1071 1572 cretera
1100 1515 1169 1571 ad
1201 1516 1397 1573 cellam
1429 1518 1803 1588 languentium
1834 1516 2168 1587 deportabit.

570 1610 696 1681 Ipse
726 1619 905 1665 autem
932 1609 1070 1665 nihil
1102 1625 1168 1665 ex
1198 1609 1283 1665 his
1311 1626 1435 1680 quae
1463 1611 1626 1665 allata
1651 1618 1781 1664 sunt
1805 1617 2024 1679 gustare
2062 1607 2175 1681 64

570 1701 795 1773 paterit,
847 1701 941 1757 sed
988 1701 1221 1757 reddere
1272 1702 1323 1758 ei
1372 1703 1470 1774 qui
1510 1702 1718 1767 attulit,
1753 1702 1872 1757 sive
1897 1702 2168 1771 lapsania,

2273 505 2431 562 opus,
2473 491 2805 562 Praepositus
2848 490 3135 546 antecedet
3178 506 3311 556 eos;
3359 500 3415 544 et
3452 489 3632 543 nullus
3659 490 3711 541 in
3744 500 3871 541 mo-

2276 583 2515 638 nasterio
2541 583 2872 651 remanebit,
2905 583 3007 637 nisi
3040 582 3084 637 is
3115 584 3201 637 cui
3232 582 3397 638 Pater
3432 579 3772 652 prmceperit.
3804 577 3875 634 Et

2273 678 2380 751 65
2411 679 2463 733 hi
2494 680 2583 750 qui
2617 686 2870 749 pergunt,
2913 692 3020 732 non
3062 675 3481 746 interrogabunt
3509 688 3619 746 quo
3646 672 3869 729 vadant.

2346 770 2481 826 LIX.
2515 768 2758 841 Cumque
2797 770 3067 824 universa:
3115 767 3308 823 domus
3338 767 3394 822 in
3445 782 3612 821 unum
3668 762 3870 822 fuerint

2276 871 2636 934 congregatae,
2663 863 2861 933 prioris
2881 860 3075 916 domus
3103 860 3437 929 Praepositus
3482 872 3673 915 omnes
3713 865 3871 913 ante-

2277 958 2453 1021 cedet,
2476 964 2531 1011 et
2574 964 2800 1026 pergent
2821 954 2973 1023 juxta
3023 954 3273 1009 ordinem
3296 954 3581 1008 domorum
3608 960 3662 1005 et
3689 950 3873 1005 homi-

2278 1066 2405 1105 num
2447 1050 2801 1121 singulorum.
2832 1047 2945 1104 Nec
2991 1048 3281 1119 loquentur
3316 1058 3524 1111 mutuo,
3564 1044 3656 1099 sed
3703 1058 3876 1099 unus-

2276 1143 2504 1211 quisque
2531 1141 2598 1197 de
2628 1140 2929 1212 Scripturis
2979 1139 3188 1210 aliquid
3218 1138 3595 1195 meditabitur.
3621 1136 3681 1192 Si
3728 1135 3871 1193 forte

2275 1235 2356 1289 eis
2383 1234 2579 1305 aliquis
2604 1234 2925 1299 occurrerit,
2961 1242 3017 1288 et
3050 1232 3284 1288 voluerit
3324 1246 3445 1286 cum
3477 1231 3660 1301 aliquo
3680 1244 3872 1285 eorum

2278 1331 2446 1401 loqui,
2478 1330 2684 1399 janitor
2712 1327 3050 1390 monasterii,
3099 1327 3192 1397 qui
3240 1326 3365 1382 huic
3396 1325 3545 1395 operi
3590 1323 3872 1394 delegatus

2275 1424 2460 1491 fuerit,
2486 1430 2759 1490 occurret,
2787 1433 2841 1478 et
2862 1422 3253 1493 ireSpondehit
3297 1421 3373 1485 ei,
3419 1435 3597 1490 eoque
3644 1427 3871 1473 utentur

2278 1517 2491 1572 nuntio.
2540 1516 2599 1572 Si
2644 1516 2853 1587 janitor
2892 1530 3077 1571 coram
3127 1531 3233 1569 non
3292 1513 3476 1579 fuerit,
3535 1513 3871 1583 Praepositus

2277 1609 2490 1675 domus,
2526 1608 2613 1663 vel
2642 1609 2781 1662 alius
2809 1608 2897 1664 cui
2926 1608 3027 1663 hoc
3050 1606 3212 1662 fuerit
3232 1605 3555 1676 injunctum,
3580 1620 3875 1662 occurren-

2279 1702 2421 1757 tibus
2452 1702 2821 1772 respondebit.

568 1799 711 1870 quod
738 1811 916 1869 genus
946 1795 1240 1852 herbarum
1265 1806 1353 1851 est
1378 1795 1657 1862 viliorum,
1688 1793 1805 1850 sive
1828 1808 2018 1865 panes,
2051 1795 2165 1849 sive
2195 1809 2244 1869 Β
2341 1795 2454 1851 LX.
2486 1795 2789 1866 Operantes
2833 1793 2965 1849 nihil
2999 1794 3292 1864 loquentur
3313 1793 3597 1859 saeculare;
3638 1794 3734 1849 sed
3778 1802 3875 1848 aut

563 1891 715 1946 olera
762 1888 1139 1959 przemordica.
1186 1888 1295 1943 Eos
1347 1898 1533 1943 autem
1581 1888 1768 1954 cibos,
1813 1903 1952 1956 quos
1981 1887 2175 1942 allatos

572 1998 602 2036 a
636 1982 957 2053 parentibus
998 1980 1083 2036 vel
1128 1980 1457 2051 propinquis
1497 1979 1736 2036 diximus
1774 1979 1910 2035 tales
1932 1993 2056 2035 esse
2085 1978 2177 2049 qui

572 2075 791 2134 comedi
822 2093 946 2131 cum
981 2090 1121 2147 pane
1148 2074 1406 2139 debeant,
1456 2074 1503 2130 is
1546 2075 1632 2129 cui
1666 2073 1817 2128 allati
1848 2082 1975 2127 sunt
2001 2072 2175 2128 dedu-

571 2180 729 2226 cetur
757 2186 789 2225 a
826 2168 1129 2239 Praeposito
1182 2168 1377 2223 domus
1420 2166 1489 2222 ad
1530 2166 1722 2222 cellam
1772 2167 2173 2237 argrmantium,

575 2271 635 2318 et
660 2263 733 2318 ibi
765 2262 939 2317 semel
967 2270 1176 2317 tantum
1211 2275 1277 2315 ex
1309 2260 1397 2315 his
1425 2261 1680 2315 comedet
1718 2279 1731 2313 :
1760 2268 1956 2315 caetera
1993 2268 2175 2314 autem

577 2366 739 2414 erunt
793 2357 846 2411 in
896 2371 1063 2411 manu
1104 2355 1343 2410 ministri
1376 2356 1783 2424 aagrotantium.
1812 2354 1935 2425 Ipse
1962 2367 2179 2424 quoque

578 2450 831 2507 minister
854 2450 923 2505 de
947 2450 1033 2503 his
1059 2447 1350 2503 comedere
1381 2462 1487 2501 non
1517 2446 1741 2517 poterit.

646 2544 786 2602 LIII.
820 2544 875 2601 Si
906 2544 1069 2600 fuerit
1106 2542 1439 2609 nuntiatum,
1468 2542 1611 2614 quod
1640 2541 1708 2597 de
1734 2540 2052 2611 prepinquis
2082 2554 2178 2595 eo-

578 2655 699 2696 rum
734 2648 899 2709 atque
919 2638 1168 2708 cognatis
1192 2638 1282 2706 qui
1308 2636 1361 2691 in
1386 2636 1721 2690 monasterio
1747 2640 2177 2698 commorantur,

576 2732 773 2801 aliquis
802 2738 1056 2799 a-grotet,
1085 2728 1293 2797 janitor
1328 2727 1558 2797 primum
1592 2725 1863 2779 nuntiabit
1891 2724 2035 2778 Patri
2063 2737 2180 2777 mo-

578 2822 825 2885 nasterii,
858 2830 914 2875 et
936 2820 1031 2874 ille
1059 2819 1294 2873 accitum
1322 2816 1678 2888 interrogabit
1703 2815 2061 2885 Praepositum
2083 2815 2181 2869 do-

580 2927 723 2968 mus.
755 2910 1141 2980 Videbuntque
1174 2909 1347 2963 virum
1370 2951 1385 2976 ,
1416 2909 1575 2980 cujus
1621 2907 1759 2963 ﬁdes
1796 2917 1850 2963 et
1892 2907 2181 2980 disciplina

582 3003 806 3075 probata
834 3002 941 3068 sit,
972 3012 1027 3057 et
1054 3002 1278 3056 mittent
1317 3016 1439 3055 cum
1479 3016 1577 3069 eo,
1603 3009 1662 3055 ut
1701 3000 1884 3055 visitet
1914 3012 2181 3071 aegrotan-

584 3108 717 3164 tem,
752 3106 1073 3161 tantumque
1104 3095 1339 3165 accipiet
1367 3094 1575 3164 viatici,
1609 3106 1871 3167 quantum
1917 3094 2185 3165 Praeposi-

580 3200 669 3247 tus
702 3193 895 3246 domus
926 3190 1043 3261 ejus
1068 3190 1389 3244 decreverit.

656 3282 793 3339 LIV.
818 3281 972 3351 Quod
995 3282 1038 3336 si
1062 3282 1361 3336 necessitas
1383 3278 1675 3350 impulerit,
1698 3287 1756 3334 ut
1788 3277 1918 3333 foris
1938 3286 2181 3343 maneat,

582 3388 638 3434 et
656 3388 909 3433 vescatur
940 3377 991 3429 in
1015 3388 1241 3446 paterna
1264 3376 1377 3429 sive
1416 3376 1842 3444 propinquorum
1874 3374 2055 3437 domo,
2086 3386 2186 3427 ne-

585 3485 860 3543 quaquam
890 3468 994 3523 hoc
1022 3466 1213 3532 faciat;
1248 3465 1343 3521 sed
1383 3467 1625 3522 manebit
1660 3467 1743 3521 vel
1781 3466 1836 3521 in
1866 3464 2181 3531 Dominico,

584 3562 669 3618 vel
704 3562 756 3617 in
791 3558 1123 3615 monasterio
1149 3558 1391 3626 ejusdem
1419 3557 1565 3613 fidei.
1601 3558 1668 3613 Et
1688 3558 1733 3612 si
1764 3559 1844 3613 eis
1876 3557 2071 3612 afﬁnes
2100 3557 2186 3612 vel

583 3655 799 3723 wgnati
820 3652 1444 3726 praeparaverintcihos,
1479 3660 1536 3706 et
1559 3650 1937 3721 apposuerint,
1965 3668 2070 3705 non
2099 3665 2189 3706 ac-

587 3747 796 3818 cipient
826 3747 1074 3813 omnino,
1108 3761 1211 3801 nec
1231 3753 1525 3801 vescentnr
1553 3746 1655 3799 msi
1688 3742 1793 3807 his,
1828 3759 1948 3813 quae
1976 3745 2028 3798 in
2068 3759 2186 3798 nio-

586 3841 832 3895 naSterio
892 3838 1186 3896 comedere
1236 3845 1662 3894 consueverunt.
1718 3835 1837 3891 Non
1890 3836 2188 3907 gustabunt

590 3932 892 4005 quuamen,
940 3948 1041 3989 nec
1082 3932 1268 3987 vinum
1319 3931 1525 3996 bibent,
1576 3946 1679 3986 nec
1704 3928 1852 3986 aliud
1880 3930 2185 4001 quidpiam,

590 4044 825 4101 quorum
878 4027 1073 4085 edendi
1119 4025 1575 4083 consuetudinem
1626 4040 1733 4081 non
1790 4025 2010 4080 habent.
2068 4024 2124 4079 Si
2155 4038 2186 4079 ει

588 4121 910 4193 parentibus
936 4120 1212 4191 quidpiam
1251 4117 1601 4189 acceperint,
1647 4125 1855 4172 tantum
1896 4116 2189 4172 comedent

584 4223 845 4285 quantum
890 4215 942 4268 in
974 4215 1060 4267 via
1093 4211 1367 4277 sufﬁciat;
1411 4224 1611 4266 etctera
1642 4226 1764 4281 quae
1797 4212 2181 4277 remanserint,

583 4303 795 4361 dabunt
830 4305 1134 4375 Prmposito
1179 4304 1375 4359 domus
1404 4318 1550 4367 suae,
1585 4311 1641 4359 et
1670 4303 1763 4357 ille
1791 4302 2101 4372 deportabit
2122 4316 2185 4356 ea

582 4398 639 4457 in
667 4398 864 4454 cellam
896 4399 1295 4469 languentium.

659 4490 771 4546 LV.
806 4490 864 4546 Si
909 4492 1243 4561 propinquus
1297 4489 1553 4560 alicujus,
1608 4497 1701 4543 aut
1750 4486 2185 4559 consanguineus

2280 1889 2684 1945 meditabuntur
2703 1903 2765 1944 ea
2800 1896 2824 1924 α
2856 1903 2978 1958 qua:
3024 1888 3228 1958 scripta
3272 1896 3420 1951 sunt,
3459 1896 3553 1942 aut
3599 1895 3751 1942 certe
3800 1885 3880 1941 si-

2445 1990 2486 2037 ι.

2445 1990 2486 2037 ι.

2277 1982 2485 2130 leliga.
2520 2072 2690 2129 Nemo
2718 2072 2989 2142 palliolum
3030 2073 3229 2127 lineum
3263 2073 3415 2127 tollet
3443 2086 3625 2128 secum
3672 2071 3877 2127 vadens

2279 2168 2345 2223 ad
2375 2166 2733 2237 operandum,
2768 2166 2871 2221 nisi
2896 2167 3033 2221 forte
3064 2167 3421 2221 concessione
3444 2165 3667 2235 majoris
3695 2182 3708 2217 :
3740 2166 3884 2234 ipso-

2280 2277 2385 2332 que
2416 2262 2642 2332 palliolo
2680 2263 2734 2316 in
2763 2261 3099 2316 monasterio
3129 2259 3415 2315 ambulans
3442 2266 3567 2329 post
3590 2259 3878 2313 collectam

2280 2355 2461 2410 nullus
2484 2363 2683 2409 utetur.

2349 2447 2513 2503 LXII.
2554 2446 2801 2517 Operans
2830 2462 2934 2502 non
2964 2446 3177 2503 sedebit
3204 2447 3325 2502 sine
3368 2445 3589 2514 majoris
3621 2445 3875 2514 imperio.

2353 2540 2538 2597 LXIII.
2584 2541 2844 2595 Ductores
2874 2539 3101 2594 fratrum
3148 2540 3203 2594 in
3258 2540 3476 2607 itinere,
3527 2540 3570 2594 si
3622 2553 3882 2593 necessa-

2282 2635 2423 2689 rium
2488 2633 2778 2687 habuerint
2823 2633 3061 2702 aliquem
3113 2633 3373 2698 mittere,
3426 2634 3542 2688 sine
3593 2632 3879 2703 Prchositi

2277 2725 2526 2795 jussiune
2552 2739 2658 2778 non
2684 2733 2959 2793 poterunt.
2989 2724 3142 2791 Quod
3189 2724 3234 2778 si
3280 2725 3395 2794 ipse
3419 2726 3509 2795 qui
3556 2724 3747 2779 ductor
3770 2733 3878 2791 est,

2285 2829 2579 2888 cogeretur
2611 2816 2719 2889 [Αι.
2749 2816 2985 2889 cogitur]
3019 2819 3346 2872 necessitate
3386 2818 3467 2872 ire
3520 2817 3586 2871 ad
3640 2817 3879 2887 aliquem

2290 2912 2496 2977 locum,
2541 2910 2781 2965 oIliciunt
2808 2926 2964 2965 suum
3007 2911 3055 2965 ei
3079 2909 3172 2981 qui
3201 2919 3322 2980 post
3349 2925 3411 2966 se
3457 2919 3541 2966 est
3579 2912 3630 2965 in
3656 2910 3878 2979 ordine,

2285 3003 2577 3073 delegabit.

2354 3096 2539 3151 LXIV.
2565 3095 2709 3152 Missi
2763 3096 2985 3165 fratres,
3020 3097 3107 3153 vel
3141 3097 3274 3154 foris
3304 3098 3614 3164 constituti,
3660 3098 3706 3153 si
3756 3098 3881 3154 abs-

2211 3201 2393 3264 Cque
2450 3192 2778 3247 monasterio
2850 3201 3185 3256 vescentur,
3258 3193 3720 3249 hebdomadarius
3784 3196 3881 3266 qui

2287 3298 2381 3339 eos
2400 3285 2665 3354 sequitur,
2704 3284 2852 3339 dabit
2876 3285 3050 3351 cibos,
3082 3286 3289 3357 absque
3314 3287 3563 3349 coctione
3593 3286 3879 3356 pulmenti;

2287 3386 2344 3432 et
2370 3378 2486 3448 ipse
2508 3393 2703 3447 aquam
2730 3378 3079 3433 circumferet
3109 3378 3136 3415 δ
3164 3388 3219 3433 et
3266 3379 3417 3449 juxta
3476 3380 3675 3433 vitrum
3710 3396 3724 3435 :
3770 3380 3883 3435 nul-

2290 3468 2482 3538 lusque
2508 3468 2792 3540 surgendi,
2828 3471 2914 3524 vel
2944 3467 3255 3535 hauriendi,
3290 3472 3373 3525 vel
3398 3470 3619 3526 bibendi
3660 3470 3885 3527 habebit

2288 3569 2631 3633 potestatem.

2360 3656 2523 3711 LXV.
2565 3656 2793 3721 Quando
2822 3664 3171 3713 revertuntur
3200 3657 3254 3712 in
3283 3657 3696 3724 monasterium,
3723 3673 3882 3715 nemo

2289 3766 2353 3806 ex
2384 3750 2578 3805 ordine
2610 3751 2935 3807 remanebit.

2360 3844 2544 3900 LXVI.
2605 3845 2736 3900 Cum
2787 3846 2855 3900 ad
2883 3846 3078 3900 domus
3122 3860 3249 3901 suas
3294 3854 3680 3917 pervenerunt,
3711 3843 3885 3901 ferra-

2290 3949 2470 3993 menta
2493 3938 2689 4007 quibus
2706 3953 2844 4009 opus
2875 3938 3141 4005 fecerunt,
3189 3948 3247 3994 et
3284 3940 3507 4009 gallicas
3558 3940 3773 3994 tradent
3809 3939 3883 4003 ei,

2290 4032 2378 4102 qui
2408 4031 2681 4087 secundus
2725 4042 2808 4088 est
2835 4041 2958 4102 post
3006 4033 3363 4101 Praepositum
3406 4035 3632 4099 domus;
3679 4043 3735 4088 et
3790 4035 3886 4090 ille

2290 4126 2489 4181 inferet
2534 4142 2594 4181 ea
2642 4143 2874 4196 vespere
2910 4128 2962 4182 in
3011 4128 3267 4183 cellulam
3320 4136 3652 4198 separatam,
3702 4126 3888 4196 ibique

2289 4220 2597 4275 conclndet.
2652 4220 2847 4276 Omnia
2899 4230 3080 4275 autem
3123 4221 3452 4277 ferramenta
3487 4264 3501 4284 ,
3544 4218 3890 4275 hebdomade

2292 4312 2582 4381 completa,
2614 4314 3034 4383 reportabuntur
3056 4312 3109 4368 in
3136 4330 3295 4368 unam
3328 4312 3549 4366 domum
3574 4328 3587 4363 :
3611 4320 3663 4365 et
3694 4323 3889 4364 rursus

2291 4406 2380 4475 qui
2414 4406 2713 4461 succedunt
2754 4406 3116 4472 hebdomade,
3165 4404 3391 4475 singulis
3429 4403 3679 4459 domibus
3716 4416 3891 4459 nove-

2291 4498 2401 4551 rint
2424 4497 2552 4566 qnid
2589 4497 2937 4553 distribuant.

584 4595 831 4641 mortuus
876 4584 1061 4652 fuerit,
1109 4584 1478 4655 prasequendi
1530 4582 1695 4639 funus
1723 4598 1831 4638 non
1861 4582 2082 4639 habebit
2111 4582 2181 4637 li-
2211 4614 2266 4674 Ι)
2360 4588 2571 4645 LXVII,
2620 4590 3031 4647 Leviionarium
3079 4600 3134 4645 et
3182 4586 3442 4661 quidquid
3498 4586 3551 4641 in
3602 4593 3753 4640 veste
3802 4592 3889 4640 est

581 4678 820 4734 centiam
874 4675 992 4749 [AL
1046 4675 1447 4749 potestatem],
1499 4677 1601 4733 nisi
1655 4676 1819 4732 Pater
1866 4676 2183 4731 monasterii

584 4772 932 4847 praeceperit.

653 4869 787 4926 LVI.
837 4868 1026 4925 Nullus
1072 4870 1228 4925 solus
1273 4869 1423 4925 foras
1465 4870 1714 4926 mittatur
1738 4868 1806 4923 ad
1836 4867 2056 4938 aliquod
2087 4883 2186 4923 ne-

588 4965 821 5034 gotium,
852 4963 955 5017 nisi
980 4964 1173 5031 juncto
1200 4964 1249 5018 ei
1277 4964 1471 5019 altero.

660 5053 817 5108 LVII.
864 5055 1094 5120 Quando
1120 5064 1303 5109 autent
1350 5057 1555 5111 reversi
1588 5056 1792 5112 fuerint
1820 5056 1873 5112 in
1907 5065 2183 5112 monaste-

583 5145 749 5211 rium,
803 5145 850 5200 si
891 5145 1129 5199 viderint
1159 5156 1289 5201 ante
1334 5149 1533 5202 osﬁum
1577 5159 1911 5219 quaerentem
1943 5150 2179 5221 aliquem

578 5255 809 5298 suorum
839 5237 1087 5292 affinium
1118 5240 1186 5293 de
1216 5239 1321 5307 his,
1369 5241 1459 5310 qui
1486 5243 1539 5295 in
1573 5244 1910 5298 monasterio
1934 5258 2181 5299 commo-

581 5343 801 5399 rantur,
851 5347 960 5387 non
1012 5330 1293 5385 audebunt
1324 5332 1403 5387 ire
1434 5332 1501 5388 ad
1535 5349 1684 5401 eum,
1718 5344 1773 5388 et
1798 5337 2069 5401 nuntiare,
2097 5336 2181 5391 vel

581 5444 800 5486 vocare.
840 5429 905 5483 Et
947 5427 1172 5481 omnino
1220 5426 1481 5497 quidquid
1520 5427 1654 5482 furis
1684 5429 1977 5498 gesserint,
2008 5440 2061 5483 et
2086 5445 2172 5483 au-

583 5522 807 5593 dierint,
836 5526 888 5579 in
914 5522 1253 5578 monasterio
1279 5536 1507 5577 narrare
1534 5538 1641 5577 non
1669 5531 1942 5593 poterunt.

655 5737 682 5767 ⁸
708 5730 878 5787 Sectis
901 5737 1113 5784 veteres
1142 5724 1367 5796 vulgati,
1396 5739 1511 5795 qua:
1536 5732 1712 5778 sancta
1734 5732 1871 5778 sunt.

654 5797 681 5839 δ
710 5800 891 5857 Malim
922 5792 1598 5869 expunctaje'tjparticula,
1643 5796 1801 5865 juxta
1843 5794 2014 5847 cirum
2059 5792 2185 5863 legi,

2292 4682 2704 4749 monachorum,
2737 4698 2897 4737 nemo
2926 4683 3076 4739 lavet
3122 4683 3174 4738 iu
3226 4682 3313 4737 die
3350 4679 3655 4745 dominica,
3688 4686 3885 4748 praeter

2291 4786 2484 4830 nautas
2536 4786 2591 4831 et
2621 4776 2985 4845 pistrinarios.

2288 4889 2310 4951 ἒ
2361 4868 2596 4923 LXVIII.
2641 4868 2755 4925 Nec
2797 4869 2995 4926 vadant
3021 4870 3089 4925 ad
3122 4870 3549 4945 lavandum“
3590 4874 3696 4929 nisi
3768 4888 3891 4929 om-

2291 4962 2451 5017 nibus
2479 4980 2644 5018 unum
2675 4964 2890 5035 signum
2950 4964 3289 5032 insonuerit;
3316 4980 3719 5037 sequemurque
3748 4967 3891 5023 Prm-

2290 5058 2528 5126 positum
2550 5072 2733 5121 suum,
2757 5066 2811 5111 et
2843 5059 3104 5113 lavahunt
3136 5058 3283 5113 taciti
3315 5074 3437 5114 cum
3465 5058 3776 5129 disciplina.

2362 5149 2549 5205 LXIX.
2586 5151 2754 5205 Nemo
2780 5152 2927 5206 lavet
2952 5154 3204 5207 retractis
3227 5153 3279 5205 in
3313 5152 3481 5206 altum
3505 5152 3745 5207 vestibus
3766 5151 3890 5222 plus

2290 5258 2452 5313 quam
2478 5251 2741 5297 statutum
2766 5254 2870 5308 est;
2904 5260 3139 5315 cumque
3166 5245 3424 5309 laverint,
3456 5259 3650 5299 omnes
3679 5246 3891 5313 pariter

2291 5336 2735 5393 rcvertcntur.Si
2766 5340 2887 5408 quis
2918 5338 3248 5392 remanserit
3277 5353 3344 5392 eo
3376 5350 3620 5407 tempore
3649 5352 3756 5407 quo
3790 5337 3893 5392 ibi-

2292 5442 2379 5485 tur
2409 5431 2474 5485 ad
2505 5430 2791 5487 lavandum
2818 5472 2833 5497 ,
2865 5432 2948 5485 vel
2982 5434 3031 5485 in
3067 5433 3321 5500 praesenti
3350 5448 3457 5487 non
3490 5431 3659 5486 fuerit
3688 5471 3703 5497 ,
3738 5447 3891 5487 com-

2290 5526 2535 5582 monebit
2566 5526 2929 5597 Prwpositum
2964 5540 3123 5580 suum
3151 5566 3167 5591 ,
3200 5534 3257 5581 et
3292 5526 3385 5582 ille
3430 5526 3614 5582 mittet
3654 5540 3779 5580 cum
3822 5540 3891 5581 eo

2288 5725 2428 5794 quod
2461 5737 2539 5781 est
2564 5724 2715 5794 juxta
2747 5721 3078 5793 singulorum
3107 5721 3378 5785 ordinent.
3432 5737 3537 5779 non
3579 5722 3788 5779 vitrum.
