4074 6402
235 410 311 467 ‘73
1503 401 1789 461 REGULA
1830 401 1886 458 S.
1933 398 2284 456 PACHOMII.
3469 402 3535 455 τί

230 527 469 582 alterum
505 540 518 577 :
549 528 606 579 et
624 522 707 578 sic
726 521 844 577 loto
865 521 1199 577 vestimento
1222 528 1568 576 revertentur
1588 519 1837 575 domum.
1868 523 1918 583 Α
1947 524 2150 586 praeter
2190 527 2252 569 ea
2299 524 2419 583 qua:
2455 510 2512 565 in
2543 521 2833 565 commune
2873 508 3193 564 monasterii
3237 510 3358 581 lege
3402 527 3548 585 pra:-

301 615 471 673 LXX.
501 614 735 684 Vesperi
763 613 906 669 sicea
946 612 1273 670 Ievitonaria
1303 610 1601 679 tollent,et
1628 610 1839 666 dabunt
1939 616 2101 679 cepta
2168 612 2297 662 sunt
2347 622 2361 658 :
2418 617 2526 660 non
2599 603 2840 658 tunicam
2912 603 3130 659 laneam
3179 643 3195 669 ,
3263 617 3373 659 non
3431 606 3546 674 pal-

234 710 499 777 secundo,
532 708 589 765 id
609 717 695 765 est
732 708 785 765 ei
814 708 908 780 qui
939 715 1065 779 post
1088 706 1456 778 Praepositum
1499 715 1585 762 est
1612 745 1627 770 ,
1665 714 1721 761 et
1743 705 1838 760 ille
1941 700 2101 769 lium,
2133 714 2239 755 non
2273 697 2475 770 pellem
2504 695 2742 752 intonsis
2770 697 2999 752 arietum
3026 696 3165 752 lanis
3194 696 3545 761 molliorem;

240 811 479 877 reponet
504 804 642 861 eain
670 802 889 859 cellula.
1943 807 2051 849 non
2088 806 2293 863 paucos
2320 804 2593 856 nummos,
2641 789 2666 826 δ
2710 803 2821 843 non
2862 788 3153 858 pulvillum
3204 789 3427 861 quidem
3479 789 3550 844 ad

313 897 501 955 LXXI,
550 897 710 966 Quod
750 897 797 954 si
838 897 986 954 sicca
1050 911 1163 953 non
1232 896 1480 963 ruerint,
1532 896 1708 951 altera
1752 895 1844 951 die
1942 892 2129 957 caput,
2150 894 2240 940 aut
2262 879 3278 952 aliudvarizesupellectilis:exceptis
3298 882 3409 949 his,
3427 896 3553 952 quae

248 991 624 1064 expandentur
657 991 725 1047 ad
755 991 951 1058 solem,
976 989 1151 1047 donec
1176 990 1494 1046 siccentur:
1530 1003 1631 1044 nec
1659 988 1846 1043 dimit—
1945 995 1975 1034 a
2006 978 2169 1034 Patre
2199 975 2521 1033 monasterii
2552 990 2650 1046 Per
2698 973 2987 1029 domorum
3035 973 3368 1046 Ρτωροείιοε
3410 974 3555 1030 diVi-

250 1094 432 1142 tentur
458 1086 513 1141 in
545 1085 744 1141 ardore
771 1084 906 1141 solis
932 1084 1057 1156 plus
1080 1098 1241 1155 quam
1264 1083 1321 1139 in
1349 1082 1541 1138 horam
1574 1082 1796 1137 tertiam
1828 1096 1845 1148 ;

1994 1081 2169 1139 entur,
2204 1069 2259 1125 id
2284 1078 2391 1137 est,
2420 1074 2695 1123 armatura
2723 1080 2845 1134 sua,
2867 1065 3211 1121 levitonariis
3236 1064 3478 1132 duobus,
3496 1074 3561 1121 et

247 1191 482 1249 cumque
514 1176 746 1235 collecta
774 1175 1002 1241 fuerint,
1031 1175 1227 1232 leviter
1254 1173 1594 1231 mollientur.
1950 1178 2060 1219 uno
2088 1162 2282 1219 attrito
2321 1178 2386 1219 ex
2434 1176 2538 1217 usu
2563 1201 2579 1228 ,
2623 1160 2829 1217 δεδειηο
2871 1159 3030 1231 (δεξί’
3068 1158 3265 1230 ιίηι(θο)
3309 1158 3561 1230 ιοηεῑοτθ

314 1268 529 1326 LXXII.
555 1269 667 1326 Nec
699 1269 971 1327 tenebunt
1000 1283 1067 1324 ea
1091 1269 1290 1340 singuli
1320 1267 1466 1339 apud
1494 1284 1554 1323 se
1575 1308 1591 1333 ,
1632 1267 1727 1323 sed
1755 1268 1851 1323 da-

1994 1256 2101 1312 uod
2146 1254 2291 1311 collo
2345 1253 2698 1324 humerisque
2746 1251 3097 1317 circumdat;
3143 1252 3398 1323 pellicula
3438 1268 3563 1323 quae

246 1364 401 1429 bunt,
430 1372 490 1419 ut
516 1372 847 1435 reponantur
872 1363 927 1418 in
956 1363 1150 1418 cellam
1183 1377 1355 1433 usque
1379 1361 1445 1415 ad
1475 1361 1782 1417 sabbatum.

1994 1349 2160 1406 endet
2206 1364 2276 1404 ex
2314 1348 2488 1403 latere
2516 1388 2532 1412 ,
2562 1347 2774 1419 gallicis
2801 1355 2856 1402 et
2882 1345 3120 1402 cucullis
3151 1346 3391 1411 duobus,
3422 1361 3559 1400 zona

320 1455 554 1511 LXXIII.
586 1455 782 1511 Nullus
805 1455 875 1512 de
905 1456 1065 1512 horto
1094 1456 1252 1512 tollat
1278 1456 1455 1523 olera,
1483 1456 1586 1511 nisi
1617 1456 1686 1511 ab
1719 1456 1851 1511 hor-

255 1547 441 1604 tulano
471 1547 767 1620 acceperit.

322 1640 557 1697 LXXIV.
580 1641 890 1698 Palmarum
911 1641 1065 1709 folia,
1089 1657 1155 1698 ex
1182 1641 1385 1713 quibus
1411 1650 1675 1697 texuntur
1700 1657 1858 1713 spor.

255 1744 344 1804 tat,
372 1751 534 1793 nemo
562 1751 662 1794 suo
681 1738 808 1808 jure
836 1736 1014 1803 tollet,
1037 1735 1248 1806 absque
1276 1748 1345 1790 eo
1382 1735 1471 1790 cui
1505 1735 1701 1807 palmae
1739 1750 1861 1791 cre-

258 1828 381 1883 ditae
412 1836 562 1884 sunt.

1956 1452 2014 1498 et
2040 1441 2270 1497 bacello.
2320 1441 2527 1496 Praeter
2567 1439 2687 1495 haec
2728 1438 2990 1510 quidquid
3028 1436 3331 1503 inveneris,
3356 1438 3564 1508 absque

1958 1532 2395 1590 contradictione
2425 1533 2662 1587 auferes.

2028 1625 2292 1683 LXXXII.
2328 1625 2521 1681 Nullus
2549 1624 3059 1694 habeatseparatitn
3098 1623 3411 1680 mordacem
3444 1639 3567 1695 par-

1963 1723 2146 1779 vulam
2172 1721 2323 1793 (Leg.
2357 1720 2634 1792 pavulam)
2664 1719 2731 1775 ad
2760 1718 3080 1775 evellendas
3108 1719 3320 1789 spinas,
3348 1719 3394 1774 si
3424 1719 3570 1776 forte

1965 1816 2282 1881 calcaverit,
2334 1815 2543 1885 absque
2580 1813 2880 1885 Praeposito
2921 1812 3117 1867 domus
3170 1820 3230 1868 et
3280 1813 3569 1869 secundo:

321 1922 534 1977 LXXV,
558 1921 755 1978 Nullus
784 1937 917 1978 uvas
954 1930 1051 1977 aut
1086 1921 1267 1992 spicas
1301 1920 1482 1976 adhuc
1532 1923 1854 1977 immaturas
1886 1928 1932 1987 Β
1956 1908 2309 1983 pendeatque
2334 1908 2389 1962 in
2419 1908 2659 1962 fenestra
2691 1907 2747 1961 in
2776 1921 2885 1977 qua
2926 1906 3151 1962 codices
3198 1906 3566 1962 collocantur.

256 2015 548 2071 comedere
571 2015 774 2072 audeat
795 2023 998 2084 prmter
1019 2014 1272 2070 ordinem
1304 2013 1639 2085 disciplinae:
1667 2023 1723 2070 et
1741 2028 1859 2069 om-

254 2107 385 2161 nino
414 2104 484 2162 de
513 2105 771 2161 omnibus
803 2120 928 2175 qua:
953 2105 1007 2159 in
1038 2120 1171 2175 agro
1204 2114 1354 2172 sunt,
1378 2105 1465 2159 vel
1491 2105 1545 2159 in
1573 2106 1862 2174 pomariis,

257 2215 422 2257 nemo
449 2198 708 2254 comedat
738 2198 1058 2266 separatim,
1098 2204 1392 2266 antequam
1434 2196 1649 2251 cunctis
1687 2196 1867 2252 fratri-

258 2293 363 2348 bus
391 2302 419 2327 ι
452 2292 661 2360 pariter
680 2289 1065 2344 exhibeantur.

335 2382 578 2438 LXXVI.
612 2381 715 2449 Qui
744 2391 944 2452 coquet
968 2380 1088 2454 (Al.
1121 2381 1381 2452 coquent)
1404 2423 1419 2448 ,
1450 2390 1736 2453 antequam
1769 2383 1875 2438 fra-

264 2486 381 2533 tres
408 2476 729 2543 comedant,
764 2490 873 2532 non
903 2476 1150 2547 gustabit
1180 2476 1287 2549 (Al.
1318 2476 1600 2533 audebunt
1621 2478 1833 2550 edere).

338 2568 601 2625 LXXVII.
634 2570 738 2639 Qui
786 2585 957 2640 super
988 2572 1203 2640 palmas
1245 2580 1329 2627 est
1351 2588 1458 2627 non
1501 2574 1755 2630 comedet
1808 2574 1878 2631 de

268 2662 540 2719 fructibus
568 2677 778 2729 earum,
807 2662 917 2717 nisi
950 2662 1106 2743 prius
1131 2663 1333 2719 fratres
1366 2665 1733 2721 comederint.

2036 2005 2325 2062 LXXXIII.
2358 2005 2413 2060 Si
2444 2006 2569 2075 quis
2612 2003 2680 2059 de
2721 2004 2891 2059 altera
2943 2002 3107 2059 domo
3162 2001 3487 2057 transfertur
3518 2000 3575 2055 in

1964 2102 2216 2167 alteram,
2248 2100 2492 2171 exceptis
2536 2098 2619 2155 his
2648 2110 2669 2137 ο
2711 2114 2833 2171 qua:
2874 2113 3038 2169 supra
3089 2097 3352 2163 diximus,
3384 2109 3575 2152 secum

1971 2195 2272 2252 transferre
2296 2195 2431 2250 nihil
2461 2194 2681 2264 poterit.

2043 2286 2330 2342 LXXXIV.
2362 2286 2553 2342 Nullus
2582 2300 2757 2357 neque
2781 2286 3016 2343 exeundi
3059 2286 3113 2340 in
3148 2298 3362 2355 agrum,
3390 2296 3570 2353 neque

1975 2379 2287 2436 ambulandi
2319 2379 2371 2434 in
2403 2379 2762 2447 monasterio,
2811 2395 2987 2450 neque
3009 2387 3163 2433 extra
3207 2392 3420 2433 murum
3451 2390 3574 2431 mo-

1976 2475 2206 2531 nasterii
2248 2473 2396 2530 foras
2440 2474 2642 2530 habeat
2665 2474 3003 2540 facultatem,
3029 2473 3135 2530 nisi
3163 2470 3587 2542 interrogaverit

1978 2569 2336 2637 Prwpositum
2359 2609 2374 2633 ,
2406 2576 2461 2622 et
2492 2568 2586 2623 ille
2616 2568 2974 2623 concesserit.

2049 2660 2315 2716 LXXXV.
2345 2659 2661 2716 Cavendum
2694 2676 2762 2716 ne
2790 2661 2912 2730 quis
2941 2660 3009 2715 de
3045 2661 3208 2714 domo
3250 2659 3306 2713 in
3351 2659 3582 2713 alteram

1979 2753 2202 2808 domum
2232 2752 2396 2808 verba
2422 2753 2736 2817 transferat,
2762 2767 2867 2808 nec
2908 2752 2976 2808 de
3019 2753 3352 2807 monasterio
3385 2754 3437 2806 in
3468 2766 3587 2807 mo-

1982 2845 2321 2912 nasterium,
2368 2860 2468 2900 nec
2500 2846 2567 2900 de
2626 2845 2964 2903 monasterio
3010 2846 3062 2899 in
3114 2862 3327 2917 agrum,
3370 2860 3469 2901 nec
3518 2844 3590 2900 de

342 2754 627 2811 LXXVIII.
656 2755 711 2811 Si
729 2755 870 2825 jussi
910 2755 1117 2811 fuerint
1151 2756 1458 2827 palmarum
1493 2756 1703 2812 fructus
1732 2757 1880 2813 colli-

271 2863 420 2921 gere,
451 2848 777 2918 praepositus
806 2847 1187 2919 colligentium
1217 2848 1369 2905 dabit
1416 2849 1471 2904 in
1507 2849 1706 2905 eodem
1752 2850 1879 2905 loco

275 2940 503 3011 singulis
525 2939 592 2995 ad
625 2939 956 2996 vescendum
997 2941 1212 2997 modica
1249 2962 1261 2997 :
1295 2950 1503 2997 etcum
1548 2943 1616 2996 ad
1656 2956 1879 2996 monas-
1982 2956 2117 3013 agro
2142 2940 2196 2994 in
2243 2939 2660 2995 monasterium.

278 3033 477 3089 lerium
505 3032 754 3087 venerint
781 3073 797 3100 ,
842 3035 988 3089 inter
1018 3041 1252 3089 caeteros
1292 3032 1492 3089 fratres
1533 3044 1721 3105 partes
1751 3050 1880 3090 suas
2056 3031 2344 3088 LXXXVI.
2372 3031 2427 3087 Si
2458 3033 2581 3102 quis
2614 3033 2975 3088 ambulaverit
3007 3033 3058 3088 in
3086 3034 3214 3100 via‘,
3250 3035 3335 3090 vel
3363 3036 3589 3103 naviga—

281 3125 576 3196 accipient.
603 3125 659 3181 Si
688 3134 871 3181 autem
918 3127 1238 3181 invenerint
1266 3127 1368 3181 sub
1403 3127 1693 3183 arboribus
1721 3142 1883 3198 poma
1984 3127 2147 3193 verit,
2182 3134 2275 3180 aut
2304 3135 2566 3195 operatus
2598 3124 2762 3180 fuerit
2793 3126 2950 3190 foris,
2980 3141 3087 3181 non
3118 3126 3374 3197 loquatur
3396 3129 3450 3183 in
3478 3143 3596 3183 nio-

284 3217 575 3285 cecidisse,
600 3216 894 3273 comedere
921 3233 1031 3273 non
1064 3218 1380 3283 audebunt,
1427 3219 1525 3274 sed
1568 3229 1780 3290 reperta
1828 3220 1883 3274 in
1986 3220 2225 3277 nasterio
2250 3236 2372 3288 qlia:
2396 3220 2467 3273 ibi
2500 3220 2613 3289 geri
2642 3220 2865 3275 viderit.

282 3309 521 3365 transitu
575 3308 732 3378 juxta
780 3308 996 3363 radices
1045 3309 1306 3363 arborum
1358 3309 1724 3365 collocabunt.
1769 3312 1888 3381 Ipse
1917 3322 1962 3386 ρ
2061 3308 2512 3383 68LXXXVII.
2555 3310 2728 3366 Nemo
2777 3311 3057 3366 dormiens
3108 3321 3404 3382 supponat,
3434 3311 3460 3350 ἀ
3491 3314 3595 3368 nisi

280 3414 530 3472 quoque.
559 3400 649 3468 qui
681 3400 901 3453 caeteris
930 3400 1317 3470 colligentibus
1341 3400 1642 3468 distribuit,
1667 3412 1891 3473 gustare
1994 3405 2224 3461 reclinet
2285 3404 2338 3457 in
2394 3403 2587 3458 cellula
2620 3418 2740 3468 sua,
2798 3418 2918 3472 quae
2972 3405 3021 3459 ei
3059 3403 3228 3459 fuerit
3260 3406 3593 3474 mancipata.

285 3510 400 3550 non
422 3492 619 3562 poterit
650 3510 663 3559 ;
699 3491 795 3547 sed
829 3493 1156 3561 portabitad
1183 3492 1635 3563 dispensatorem,
1660 3498 1889 3567 quicum
1997 3498 2107 3553 Nec
2137 3498 2189 3552 in
2218 3498 2378 3564 cella,
2405 3512 2506 3553 nec
2540 3498 2592 3551 in
2627 3497 2960 3561 domatibus,
3020 3498 3070 3551 in
3100 3499 3296 3568 quibus
3346 3497 3601 3553 vitando-

281 3586 505 3645 czeteris
525 3584 1115 3651 dederitfratribus,et
1136 3588 1236 3657 ipsi
1259 3588 1685 3658 tribuatpartem
1710 3605 1889 3645 suam.
1996 3607 2116 3646 rum
2143 3600 2373 3646 mstuum
2407 3606 2571 3645 causa
2605 3600 2767 3646 nocte
2809 3591 3185 3661 requiescunt,
3221 3606 3321 3647 nec
3349 3590 3401 3644 in
3454 3591 3600 3662 agris

358 3679 601 3738 LXXIX.
630 3680 823 3736 Nullus
854 3682 910 3735 in
940 3682 1143 3736 cellula
1184 3698 1280 3736 sua
1319 3694 1548 3754 reponat
1577 3684 1780 3753 aliquid
1824 3684 1894 3741 ad
1995 3701 2118 3739 cum
2150 3684 2217 3738 ad
2249 3684 2631 3739 dormiendum
2667 3699 2726 3739 se
2770 3684 3145 3751 collocaverit,
3176 3684 3335 3739 alteri
3374 3700 3479 3739 non
3513 3686 3598 3740 lo-

284 3771 643 3839 vescendum,
677 3771 887 3843 absque
924 3771 1014 3828 his
1039 3788 1211 3845 quam
1250 3774 1635 3845 dispensatore
1664 3791 1895 3848 accepe—
1996 3785 2211 3848 quetur,
2272 3785 2561 3847 postquam
2618 3777 2997 3833 obdormierit.
3045 3777 3101 3833 Si
3162 3787 3283 3848 post
3340 3793 3596 3835 somnum

289 3867 382 3923 rit.
1997 3880 2157 3924 noctu
2204 3869 2568 3940 evigilaverit,
2614 3871 2841 3937 oret;si
2899 3872 3052 3926 sitire
3106 3871 3359 3941 cmperit,
3400 3873 3598 3945 jejunii

358 3959 575 4016 LXXX.
601 3960 678 4016 De
702 3960 946 4031 parvulis
967 3968 1145 4016 autem
1165 3960 1417 4031 panibus,
1446 3963 1538 4034 qui
1561 3962 1767 4019 dantur
1797 3963 1897 4019 do-
1994 3972 2175 4018 autem
2207 3962 2375 4016 instat
2399 3962 2537 4027 dies,
2567 3962 2755 4017 bibere
2781 3977 2887 4017 non
2919 3963 3161 4019 audebit.

290 4067 501 4109 morum
526 4052 871 4123 Praepositis,
900 4052 1060 4108 uthis
1083 4069 1184 4109 eos
1209 4053 1896 4126 distribuant,quinolunt
2066 4054 2406 4112 LXXXVIII.
2451 4056 2658 4112 Praeter
2716 4059 3033 4127 psiathium,
3087 4059 3138 4113 id
3192 4070 3296 4125 est,
3341 4072 3599 4127 mattam,

293 4149 346 4203 in
377 4163 667 4204 commune
687 4148 793 4220 67
820 4148 972 4205 vesci
1002 4163 1125 4204 cum
1144 4149 1379 4216 caeteris,
1405 4157 1461 4204 et
1495 4152 1649 4221 quasi
1696 4151 1895 4221 majori
1997 4148 2050 4204 in
2080 4151 2204 4205 loco
2239 4149 2453 4206 cellulae
2494 4149 2563 4205 ad
2586 4150 2967 4207 dormiendum
3015 4149 3150 4205 nihil
3180 4149 3330 4204 aliud
3375 4153 3605 4207 omnino

291 4241 645 4297 abstinentia
666 4256 728 4297 se
755 4241 1028 4307 dedicant,
1055 4242 1128 4296 ita
1164 4240 1462 4298 observare
1491 4242 1804 4311 debebunt,
1837 4250 1899 4299 ut
1996 4241 2327 4297 substernet.

294 4334 429 4392 nulli
483 4334 624 4390 dent
670 4334 824 4404 juxta
868 4336 1124 4405 gratiam,
1170 4351 1238 4390 ne
1268 4335 1643 4405 proﬁciscenti
1674 4337 1895 4407 quidem
2068 4334 2357 4391 LXXXIX.
2398 4333 2666 4392 Cellulam
2696 4338 2945 4405 alterius,
2987 4337 3090 4393 nisi
3123 4337 3271 4407 prius
3298 4337 3365 4392 ad
3396 4342 3601 4396 ostium

294 4442 547 4498 peregre.
581 4425 695 4482 Nec
735 4436 1012 4496 ponantur
1038 4427 1093 4482 in
1118 4427 1399 4483 medium:
1432 4428 1527 4484 sed
1560 4429 1782 4499 quando
1805 4443 1898 4484 co-
1994 4428 2354 4499 percusserit,
2387 4428 2613 4484 introire
2669 4428 2917 4484 illicitum
2948 4437 3053 4484 est.

296 4522 520 4577 medere
540 4519 767 4588 volunt,
799 4535 922 4575 cum
954 4519 1241 4590 disciplina
1272 4519 1553 4575 dabuntur
1579 4521 1631 4575 in
1660 4522 1896 4589 cellulis,
2068 4520 2179 4577 XC.
2220 4521 2303 4576 Ad
2328 4521 2512 4577 cibum
2544 4535 2652 4577 non
2687 4531 2917 4592 pergent
2978 4521 3085 4575 nisi
3117 4522 3359 4592 generali
3418 4526 3602 4582 sonitu

296 4624 352 4671 et
381 4629 507 4669 cum
529 4613 615 4668 his
642 4614 773 4669 nihil
799 4614 947 4670 aliud
980 4614 1296 4679 comedent,
1319 4613 1424 4667 nisi
1459 4613 1630 4668 salem
1664 4623 1893 4669 tantum.
1998 4623 2407 4679 convocentur;
2448 4630 2549 4670 nec
2571 4614 2931 4669 ambulabunt
2976 4614 3030 4668 in
3060 4615 3399 4671 monasterio
3420 4618 3601 4689 prius-

298 4707 511 4762 Praeter
538 4709 854 4762 monasterii
879 4718 1059 4765 autem
1088 4707 1387 4779 coquinam
1419 4704 1601 4761 nullus
1623 4708 1893 4777 coquendi
1916 4707 1971 4767 D
1997 4721 2158 4777 quam
2186 4721 2476 4761 commune
2498 4706 2711 4776 signum
2740 4705 3057 4761 intonuerit.

301 4797 458 4854 cibos
492 4808 813 4867 potestatem
843 4798 1059 4857 habeat.
1092 4800 1157 4855 Et
1179 4801 1223 4855 si
1266 4799 1482 4871 quando
1512 4801 1644 4856 foris
1675 4800 1893 4869 vadant,
2075 4796 2210 4853 XCI.
2257 4798 2477 4867 Absque
2504 4797 2721 4852 cucullo
2768 4806 2823 4851 et
2871 4798 3121 4867 pellicula
3152 4817 3314 4858 nemo
3361 4805 3604 4863 ambulet

300 4893 408 4948 hoc
435 4900 521 4947 est
553 4892 604 4946 in
631 4908 789 4962 agros
814 4894 879 4947 ad
909 4893 1249 4964 operandum
1278 4935 1292 4959 ,
1326 4892 1595 4962 accipiant
1632 4893 1786 4950 olera
1813 4909 1901 4949 sa-
2002 4890 2055 4945 in
2108 4888 2445 4943 monasterio
2471 4930 2485 4955 ,
2538 4903 2638 4943 nec
2690 4897 2877 4957 pergat
2915 4890 2981 4944 ad
3022 4890 3330 4959 colIeCtam,
3382 4912 3479 4953 nec
3530 4897 3603 4955 ad

302 4988 355 5043 le
380 4996 645 5056 acetoque
674 4986 918 5056 condita,
947 4996 1004 5044 et
1025 4988 1081 5044 in
1124 4987 1315 5058 longos
1348 5002 1481 5043 usus
1516 4987 1722 5043 aestatis
1769 4997 1899 5044 tem-
1998 4981 2349 5038 vescendum.

301 5093 435 5150 p0re
461 5089 779 5149 praeparata.
2074 5077 2233 5133 XCII.
2308 5076 2549 5147 Vespere
2604 5076 2669 5131 ad
2722 5080 3004 5148 ungendus
3055 5092 3110 5139 et
3159 5084 3481 5143 molliendas
3533 5089 3601 5148 ab

375 5170 618 5227 LXXXI.
665 5171 837 5229 Nemo
865 5172 921 5229 in
963 5172 1132 5230 domo
1162 5180 1217 5229 et
1242 5170 1297 5228 in
1349 5172 1545 5229 cellula
1573 5187 1669 5229 sua
1704 5172 1904 5231 habeat
1999 5186 2167 5243 opere
2194 5185 2389 5225 manus
2422 5169 2573 5239 oleo,
2602 5170 2808 5242 absque
2848 5173 3022 5232 altero
3074 5177 3152 5233 ire
3207 5194 3315 5235 non
3386 5184 3610 5252 poterit.

377 5391 402 5421 η
431 5381 642 5436 Statius
674 5397 771 5446 par
790 5379 1027 5435 exhibeat
1056 5396 1073 5434 :
1106 5380 1197 5436 alii
1222 5379 1403 5435 verius
1423 5420 1437 5443 ,
1470 5391 1616 5452 pater
1643 5381 1898 5446 exhibeat,

376 5454 400 5492 ι’
432 5454 538 5509 Pro
563 5453 647 5507 his
673 5452 871 5525 habent
901 5453 1104 5522 vulgati
1129 5462 1367 5518 veteres,
1396 5468 1485 5506 nec
1508 5455 1777 5525 proprium
1799 5452 1901 5506 ali-

304 5525 432 5596 quid
470 5534 616 5579 extra
649 5523 882 5596 habitum
904 5540 1074 5578 suum.

380 5608 402 5635 ε
431 5596 717 5660 Exolicant
744 5594 904 5649 iidem
926 5596 1047 5650 libri
1070 5611 1187 5666 qua:
1222 5593 1340 5648 usui
1363 5594 1686 5664 quotidiana,
1716 5596 1785 5647 ad
1804 5594 1902 5647 ha-

307 5669 464 5723 bitum
497 5668 783 5721 necessaria
806 5676 945 5719 sunt.

375 5737 403 5777 ἀ
435 5739 664 5801 Statius,
696 5738 784 5808 qui
812 5753 843 5793 e
876 5752 977 5791 ms.
1004 5739 1131 5807 legit
1155 5736 1278 5793 Non
1298 5738 1524 5792 dormiat
1553 5737 1903 5808 prwterredi-

310 5829 371 5866 ne
389 5811 653 5870 cellulam,
712 5807 1023 5879 coniecerat
1060 5812 1191 5863 satis
1235 5811 1536 5880 ingeniose
1562 5807 1781 5862 emend.
1822 5824 1904 5861 re-

309 5883 495 5938 clinem
552 5878 823 5936 sellulam.
867 5880 975 5936 Sed
1008 5896 1200 5937 manco
1249 5878 1314 5938 in
1345 5878 1572 5951 reliquis
1614 5888 1902 5951 contextu,

312 5953 524 6012 restitui
549 5952 702 6009 locus
731 5968 839 6007 non
877 5954 1070 6023 potuit.
1096 5952 1250 6009 Nunc
1272 5954 1363 6009 illa
1386 5949 1703 6022 conjectura
1732 5949 1907 6009 facem

794 6049 1067 6109 ΡΑτῑιυι.
1116 6048 1349 6112 XXIII.

3038 6042 3077 6103 3

2006 5376 2350 5447 prmferente,
2382 5376 2459 5433 sic
2490 5378 2655 5434 velim
2685 5394 2750 5433 ex
2790 5378 3005 5451 integro
3052 5382 3203 5436 reﬁci
3234 5401 3248 5436 :
3286 5382 3453 5435 Nemo
3481 5383 3608 5436 τίοι·-Δ

2005 5451 2166 5504 micas
2195 5459 2453 5521 supponat
2493 5451 2593 5504 nisi
2620 5451 2861 5505 reclinem
2886 5454 3147 5506 sellulam.
3205 5452 3318 5505 Nec
3373 5454 3426 5502 in
3471 5456 3606 5508 cella

2002 5538 2260 5587 sua,quw
2290 5523 2337 5574 ei
2377 5525 2541 5647 ἐπειδὴ
2590 5524 2908 5587 mancipata,
2957 5540 3047 5577 nec
3092 5523 3145 5574 iu
3188 5521 3496 5578 domatibus.
3550 5527 3606 5579 in

2004 5595 2203 5647 auibus.
2240 5602 2347 5647 etc.
2420 5596 2651 5647 alladius
2674 5610 2701 5647 a
2728 5594 2903 5647 Statio
2930 5589 3604 5647 laudatus.x«0w3éwam

2004 5595 2203 5657 quibus,
2240 5602 2347 5647 etc.
2377 5589 2651 5649 Palladius
2674 5610 2701 5647 a
2728 5594 2903 5649 Statio
2930 5589 3604 5655 Ιειιιάειιιε,καθευδέτωσαν

2004 5665 2057 5721 δὲ
2084 5672 2155 5737 μὴ
2181 5666 2583 5740 ἀναχλινόμενοι,
2612 5668 2737 5723 ἀλλὰ
2764 5666 2975 5740 θρόνους
3017 5662 3371 5740 οἰκοδομηῖούς
3406 5663 3605 5723 ὑπτιω.

2004 5732 2185 5815 ripae;
2230 5732 2581 5815 πεποιηὶιότες,
2616 5752 2719 5795 etc.
2767 5732 3015 5815 Somnum
3032 5748 3147 5785 veru
3171 5732 3381 5815 capiunt
3404 5743 3607 5815 Maja-

2004 5803 2198 5884 centes,
2244 5810 2333 5863 sed
2386 5803 2879 5884 superrtinslruclas
2940 5812 2989 5856 et
3063 5803 3340 5875 paululum
3390 5803 3612 5866 recliucs

2009 5879 2295 5948 cathedras,
2326 5891 2431 5939 etc.
