4074 6356
548 260 619 333 is
1463 275 1521 335 s.
1563 274 1837 338 EUSEBII
1876 272 2257 340 HIERONYMI
2296 260 2879 339 tarsumenno.

3779 262 3853 353 π

544 388 741 451 Totam
774 396 952 451 autem
986 402 1188 460 corpus
1218 404 1379 447 nemo
1409 404 1637 463 anguet,
1671 394 1774 450 nisi
1801 410 1967 453 causa
1998 397 2149 453 infir-
2176 403 2227 463 Α
2322 398 2461 453 CIX.
2511 398 2628 455 Sub
2665 400 2869 456 nudum
2907 401 3133 459 dorsum
3179 405 3318 462 asini
3359 406 3470 463 duo
3502 409 3704 479 pariter
3736 426 3845 467 non

544 482 786 549 mitatis;
818 496 921 539 nec
942 483 1214 540 lavabitur
1242 500 1381 556 aqua
1411 488 1560 544 nudo
1589 502 1824 559 corpore
1848 531 1863 556 ,
1897 491 1999 547 nisi
2033 491 2146 547 lan-

542 590 681 646 guor
710 576 1037 645 perSpicuus
1058 578 1150 634 sit.

616 665 804 724 XCIII.
846 667 1038 729 Nullus
1062 670 1248 733 lavare
1284 673 1517 730 alterum
1544 675 1761 746 poterit,
1808 685 1899 733 aut
1919 692 2139 747 angere,

538 758 648 818 nisi
670 761 720 816 ei
752 760 914 819 luerit
948 763 1292 834 imperatam.

610 854 800 912 XCIV.
840 856 1011 921 Nemo
1051 858 1211 915 alteri
1260 860 1521 931 loquatur
1553 863 1605 918 in
1655 863 1895 920 tenebris
1922 880 1935 917 :
1961 864 2144 919 nullas

2248 490 2537 555 sedebant,
2566 506 2667 548 nec
2697 506 2861 563 super.
2887 492 2915 537 ι)
2944 496 3183 567 tegmine
3208 500 3460 569 plaustri.

2318 584 2429 640 CX.
2457 585 2513 642 Si
2545 587 2702 642 asino
2728 588 2927 655 sedens
2957 590 3170 659 venerit
3197 594 3412 663 aliquis,
3437 605 3662 667 excepta
3690 598 3845 654 inﬁro

2246 676 2455 741 milate,
2490 676 2705 733 desiliet
2734 687 2863 735 ante
2889 680 3036 737 fores
3063 686 3405 752 monasterii,
3435 695 3493 743 et
3520 689 3602 744 sic
3630 688 3841 747 asinum

2247 770 2590 839 praecedens,
2622 769 2865 837 Ianiculo
2893 772 3054 831 ducet
3078 776 3146 832 ad
3170 792 3409 834 manum.

2313 860 2450 922 CXI.
2481 862 2563 921 Ad
2596 862 2910 921 tabernulas
2940 864 3047 938 [Αι.
3072 866 3343 943 ofﬁcinas]
3374 870 3719 931 diversarum
3753 890 3839 939 ar-

532 951 595 1006 in
650 950 887 1022 psiathio
935 968 1057 1009 eum
1106 954 1279 1011 altero
1336 954 1573 1013 dormiat
1603 974 1618 1011 :
1648 972 1868 1013 manum
1916 956 2143 1015 alterius
2242 957 2501 1016 tiumsoli
2530 969 2760 1033 pergant
2778 961 3094 1035 Brmpositi,
3120 976 3178 1031 ut
3198 968 3465 1041 accipiant
3485 972 3628 1043 quod
3648 989 3841 1033 neces-

533 1059 700 1107 uemo
740 1057 957 1115 teneat;
1012 1048 1112 1105 sed
1142 1049 1259 1107 sive
1309 1052 1543 1119 steterit,
1601 1052 1722 1108 sive
1757 1051 2136 1119 ambulaverit,

531 1137 651 1196 sive
680 1140 911 1209 sederit,
941 1158 1053 1201 uno
1083 1144 1272 1199 cubito
1296 1142 1463 1201 distet
1485 1144 1555 1203 ab
1580 1146 1776 1202 altero.

603 1232 764 1291 XCV.
827 1236 1057 1308 Spinam
1108 1238 1175 1295 de
1204 1240 1339 1310 pede
1375 1240 1633 1310 alterius,
1687 1251 1915 1313 excepto
1940 1241 2135 1299 domus

526 1325 855 1399 Praeposito,
890 1342 946 1387 et
992 1333 1260 1401 secunde,
1321 1345 1376 1391 et
1420 1337 1528 1392 alio
1555 1336 1642 1393 cui
1687 1336 1897 1408 iussam
1948 1337 2130 1405 fuerit,

529 1435 697 1479 nemo
727 1424 952 1480 audebit
980 1426 1245 1483 evellere.

599 1515 785 1572 CXVI.
828 1517 1015 1573 Nullus
1048 1519 1332 1577 attondeat
1358 1529 1518 1593 caput
1539 1522 1744 1595 absque
1771 1522 1994 1595 majoris
2046 1537 2133 1578 ar-

526 1605 714 1666 bitrio.

596 1702 807 1762 XCVII.
841 1705 1045 1764 Mutare
1074 1707 1144 1764 de
1176 1708 1259 1764 his
1282 1722 1405 1781 quae
1434 1725 1465 1766 a
1495 1711 1800 1783 Praeposito
1829 1710 2126 1781 acceperit,

2239 1054 2443 1109 sariam
2471 1064 2576 1112 est.

2310 1145 2472 1203 CXII.
2506 1148 2610 1220 Ipsi
2629 1148 2735 1222 [ΑΙ.
2754 1149 2894 1225 ipse]
2909 1167 3125 1225 quoque
3141 1166 3270 1213 ante
3288 1158 3599 1229 meridiem,
3621 1163 3839 1233 quando

2239 1239 2437 1297 fratres
2487 1241 2555 1298 ad
2604 1244 2934 1305 vescendum
2987 1257 3275 1317 vocantur,
3306 1251 3386 1306 ire
3414 1267 3526 1315 non
3556 1265 3835 1325 poterunt,

2238 1333 2345 1390 nisi
2394 1332 2537 1391 forte
2581 1335 2787 1405 qumvis
2832 1336 3115 1395 incumbat
3143 1342 3463 1413 necessitas,
3508 1355 3564 1401 et
3606 1349 3836 1405 consilio

2236 1422 2413 1480 Patris
2462 1429 2783 1483 monasterii
2824 1431 3001 1486 mittet
3030 1431 3513 1502 hebdomadarius,
3546 1447 3605 1494 ut
3630 1440 3837 1498 deierat

2233 1517 2382 1588 quod
2424 1533 2653 1577 necesse
2696 1530 2801 1577 est.
2843 1520 2916 1591 Et
2960 1524 3184 1580 cinuiuo
3224 1526 3431 1597 absque
3456 1530 3566 1602 70
3589 1532 3835 1599 jussiene

2233 1610 2459 1681 majoris
2485 1611 2541 1669 ia
2571 1613 2800 1683 alteram
2833 1615 3027 1672 cellam
3055 1618 3238 1681 nullus
3262 1621 3482 1685 audebit
3506 1623 3755 1683 introire.

2302 1704 2485 1759 CXIII.
2528 1707 2981 1766 Commendatum
3032 1713 3196 1769 etiam
3244 1716 3451 1787 aliquid
3488 1734 3518 1774 a
3566 1734 3832 1792 germane

521 1813 647 1855 eum
672 1800 849 1855 altero
875 1815 984 1857 non
1016 1801 1236 1857 audebit
1267 1820 1280 1858 :
1310 1818 1413 1859 nec
1437 1803 1669 1873 accipiet
1708 1803 1923 1868 melius,
1953 1812 2007 1857 et
2027 1802 2125 1857 da-
2158 1821 2209 1882 Β
2235 1796 2403 1853 [utre
2435 1799 2614 1854 nullus
2644 1801 2893 1871 accipiet.

520 1892 604 1948 bit
632 1892 877 1949 deterius
904 1913 916 1949 :
950 1904 1041 1951 aut
1070 1911 1101 1952 e
1130 1898 1409 1952 contrario
1450 1896 1588 1952 dans
1620 1898 1848 1959 melius.
1883 1908 1937 1952 et
1974 1895 2125 1952 dete-

516 1985 635 2041 rius
666 1986 961 2056 accipiens.
988 1989 1055 2044 Et
1102 1990 1157 2047 in
1205 1991 1535 2047 vestimento
1578 2002 1633 2046 et
1680 1991 1732 2049 in
1786 1990 1972 2045 habitu
2024 2005 2126 2046 suo

518 2079 658 2136 nihil
688 2082 813 2137 novi
858 2090 1061 2154 prmter
1086 2093 1318 2140 caeteros
1342 2098 1505 2139 causa
1531 2083 1747 2141 decoris
1766 2084 2027 2139 inveniet.

586 2174 817 2233 XCVIII.
846 2176 1050 2233 Omnes
1081 2176 1255 2249 pelles
1286 2176 1465 2249 ligata:
1498 2184 1695 2245 erant,
1728 2184 1781 2232 et
1808 2174 2122 2247 pendebant

516 2281 585 2322 ex
607 2266 873 2323 humeris.

584 2360 773 2416 XCIX.
814 2360 1023 2417 Cuculli
1054 2362 1390 2434 singulorum
1419 2362 1696 2420 habebunt
1727 2363 1801 2418 'et
1846 2368 2122 2417 monaste-

514 2455 583 2511 rii
628 2456 779 2526 signa
814 2466 869 2513 et
896 2456 1109 2513 domas.

580 2557 774 2630 090.
802 2556 971 2614 Nemo
1000 2558 1205 2617 vadens
1249 2556 1317 2614 ad
1355 2558 1645 2614 collectam
1677 2565 1768 2611 aut
1793 2555 1859 2611 ad
1888 2570 2118 2611 vescen-

511 2650 643 2707 dum
673 2650 914 2707 dimittat
958 2651 1203 2707 codicem
1248 2667 1357 2705 non
1404 2651 1652 2722 ligatam.
1683 2648 1912 2703 Codices
1943 2650 2033 2718 qui
2066 2650 2115 2702 in

506 2742 775 2808 fenestra,
821 2743 872 2797 id
920 2751 1006 2798 est
1050 2743 1382 2797 intrinsecus
1421 2741 1650 2812 parietis
1683 2749 2019 2809 reponuntur
2048 2739 2115 2795 ad

508 2847 827 2903 vesperum,
860 2840 1019 2887 erunt
1044 2833 1145 2888 sub
1176 2848 1342 2887 manu
1385 2830 1632 2897 secundi,
1672 2829 1767 2901 qui
1809 2830 2117 2887 numerabit

508 2940 629 2992 eos,
664 2933 719 2980 et
739 2941 807 2981 ex
835 2940 986 2981 more
1006 2924 1321 2980 concludet.

579 3017 665 3073 Cl.
709 3016 901 3072 Nullas
926 3017 1091 3073 vadat
1134 3016 1200 3072 ad
1232 3016 1524 3072 collectam
1558 3015 1647 3072 vel
1676 3015 1745 3071 ad
1777 3016 2109 3072 vescendum

505 3110 716 3167 habens
746 3109 1030 3183 galliculas
1072 3110 1126 3164 in
1174 3109 1428 3180 pedibus,
1460 3109 1550 3165 vel
1581 3109 1804 3180 palliolo
1835 3110 1983 3166 lineo
2026 3110 2107 3165 in-

502 3205 753 3269 vittatas,
783 3205 901 3261 sive
922 3204 975 3259 in
996 3204 1353 3271 monasterio,
1388 3203 1503 3259 sive
1532 3206 1583 3258 in
1611 3203 1779 3274 agris.

573 3299 686 3357 Cll.
716 3298 821 3368 Qui
851 3298 1241 3354 vestimentum
1284 3312 1443 3354 suum
1476 3298 1598 3369 plus
1641 3313 1803 3369 quam
1838 3312 2009 3369 usque
2038 3297 2106 3352 ad

498 3394 810 3459 meridiem,
844 3391 1066 3465 quando
1091 3391 1291 3449 fratres
1316 3400 1695 3447 convccantnr
1725 3392 1792 3446 ad
1820 3393 2023 3458 cibum,
2052 3393 2104 3445 in

499 3488 619 3544 sele
647 3503 769 3544 esse
791 3486 1121 3558 permiserit,
1154 3484 1503 3556 negligentia
1533 3484 1931 3554 inerepabitnr.

572 3582 706 3638 CIII.
740 3583 810 3639 Et
837 3583 882 3638 si
911 3598 1078 3638 unum
1109 3581 1178 3638 de
1202 3580 1289 3637 Itis
1310 3596 1431 3652 qua:
1454 3580 1764 3652 supradicta
1796 3589 1944 3647 sant,
1976 3594 2106 3635 con-

502 3688 764 3749 temptum
799 3678 1154 3749 praeterierit,
1186 3678 1542 3748 correptione
1582 3675 1746 3732 simili
1773 3675 2101 3743 corrigetur.

568 3770 707 3828 CIV.
736 3771 1050 3837 Calliculas,
1096 3780 1148 3826 et
1191 3770 1235 3825 si
1278 3770 1405 3841 quid
1444 3770 1591 3825 aliud
1637 3768 1979 3841 jungendum
2021 3779 2104 3824 est

498 3865 591 3923 vel
620 3864 1082 3934 componendum,
1114 3863 1319 3931 absque
1369 3877 1436 3919 eo
1463 3861 1554 3918 cui
1590 3863 1694 3917 hoc
1736 3860 2099 3917 ministerium

497 3959 782 4031 delegatur
811 3972 841 4012 a
864 3956 1167 4028 Praeposito
1187 3956 1403 4022 domus,
1435 3956 1617 4013 facere
1644 3956 1826 4011 nullas
1851 3955 2095 4011 audebit.

563 4053 677 4110 CV.
717 4052 777 4109 Si
797 4051 917 4122 quis
946 4054 1175 4107 fratrum
1203 4051 1365 4107 laesus
1389 4051 1553 4107 fuerit
1579 4060 1671 4106 aut
1701 4065 2017 4121 percussus,
2044 4060 2099 4107 et

497 4159 681 4205 tamen
730 4147 932 4203 lectulo
974 4162 1082 4202 non
1139 4145 1450 4202 discumbet
1491 4145 1599 4219 [ΑΙ.
1632 4143 1956 4217 decumbit],
1999 4144 2097 4201 sed

492 4241 811 4300 deambulat
860 4240 1151 4305 invalidus,
1194 4250 1250 4296 et
1296 4240 1475 4312 aliqua
1524 4256 1583 4295 re
1615 4238 1896 4310 indigebit,
1924 4224 2098 4294 vesti-

490 4349 679 4395 mento
703 4335 983 4404 videlicet,
1016 4335 1100 4391 vel
1131 4333 1376 4404 palliolo,
1406 4343 1461 4390 et
1489 4335 1708 4391 caateris
1749 4333 2092 4397 utensilibus,

488 4429 826 4499 Praepositus
849 4426 1045 4483 domus
1069 4426 1188 4497 ejus
1214 4427 1377 4482 vadet
1400 4426 1466 4481 ad
1495 4442 1613 4494 eos,
1637 4426 1832 4498 quibus
1861 4425 2089 4481 fratrum

489 4520 772 4577 vesticalze
820 4520 1130 4576 commissa:
1187 4528 1339 4588 sunt,
1394 4530 1450 4575 et
1498 4520 1729 4593 accipiet
1760 4529 1787 4558 ⁸
1816 4529 1872 4577 et
1914 4519 2087 4575 dabit.

2302 1889 2483 1946 CXIV.
2505 1890 2652 1949 Nihil
2677 1892 2733 1948 in
2755 1893 2897 1950 cella
2918 1908 3016 1951 sua
3040 1896 3247 1968 absque
3275 1899 3559 1973 Prapositi
3583 1903 3833 1975 jussione

2228 1982 2497 2054 quispiam
2539 1985 2759 2054 condet,
2805 2002 2906 2043 nec
2951 2003 3112 2059 poma
3137 1991 3360 2063 quidem
3391 2005 3417 2037 α
3444 1995 3733 2068 vilissima,
3775 2010 3831 2056 et

2227 2088 2425 2133 eretera
2458 2077 2790 2149 bajasmodi.

2297 2170 2463 2227 CXV.
2487 2173 2542 2230 Si
2574 2174 2906 2246 Przepositas
2926 2178 3123 2236 domus
3149 2182 3672 2256 alteriasqaoquam
3706 2200 3830 2258 pro-

2224 2264 2398 2321 fectas
2452 2267 2636 2335 fuerit,
2682 2269 2822 2327 alias
2870 2270 3211 2342 Prmpositas
3238 2272 3265 2317 ἀ
3292 2274 3400 2331 dux
3445 2278 3551 2332 erit
3582 2270 3825 2349 ejusdem

2222 2360 2421 2430 gentis,
2450 2368 2507 2418 et
2536 2360 2715 2417 tribus
2754 2371 2910 2432 geret
2935 2379 3124 2421 caram
3156 2368 3580 2438 proﬁciscentis,
3611 2381 3665 2425 et
3708 2370 3827 2442 ejus

2222 2461 2407 2513 utetur
2430 2455 2820 2523 potestatibus,
2862 2471 2929 2513 ac
2970 2458 3213 2521 sollicite
3243 2460 3426 2517 omnia
3459 2462 3619 2516 taoiet
3650 2480 3664 2516 :
3695 2462 3829 2518 dcc-

2224 2548 2533 2618 trinamque
2562 2549 2800 2605 duorum
2820 2548 3158 2618 jejuniorum
3201 2554 3276 2606 ita
3316 2552 3545 2620 dividet,
3572 2564 3631 2609 ut
3659 2570 3822 2611 unam

2220 2640 2277 2695 in
2305 2654 2401 2695 sua
2424 2639 2613 2707 domo,
2647 2641 2873 2696 alteram
2905 2642 2957 2697 in
2982 2643 3378 2712 proficiscentis
3410 2656 3689 2707 exerceat.

2288 2732 2474 2789 CXVI.
2496 2732 2724 2799 Quando
2755 2732 2985 2789 farinam
3011 2748 3384 2809 conspergunt
3411 2753 3575 2807 aqua,
3595 2748 3650 2798 et
3672 2756 3818 2798 mas-

2216 2842 2333 2882 sam
2364 2825 2646 2897 subigunt,
2696 2844 2858 2884 nemo
2900 2829 3157 2901 loquatur.
3192 2832 3372 2888 alteri.
3417 2832 3573 2890 Mane
3602 2851 3817 2908 quoque

2214 2922 2431 2993 quando
2462 2922 2662 2983 tabulis
2691 2924 2757 2978 ad
2791 2924 3006 2981 furnum
3039 2927 3128 2982 vel
3156 2928 3222 2983 ad
3250 2928 3498 2984 clibanus
3523 2930 3815 3002 deportant

2214 3032 2402 3088 panes,
2435 3018 2615 3074 simile
2637 3019 2911 3076 habebunt
2938 3022 3240 3089 silentium,
3262 3035 3315 3079 et
3342 3032 3546 3080 tantum
3568 3025 3637 3082 de
3662 3026 3816 3084 Psal—

2211 3115 2315 3170 mis
2340 3114 2490 3173 etde
2529 3115 2824 3187 Scriptaris
2845 3116 3047 3188 aliquid
3085 3118 3455 3176 decantabunt
3490 3120 3597 3193 [ΑΙ.
3634 3123 3808 3178 medi-

2130 3216 2179 3280 c
2210 3211 2510 3283 labuntur},
2554 3212 2731 3269 donec
2769 3228 2907 3284 Opus
2950 3215 3261 3286 impleatur.
3289 3216 3345 3273 Si
3378 3215 3508 3287 quid
3553 3231 3807 3272 necessa-

2206 3303 2347 3360 rium
2395 3304 2709 3373 habuerint,
2748 3323 2857 3362 non
2889 3307 3200 3378 loquentur,
3236 3309 3334 3365 sed
3364 3309 3575 3381 signum
3605 3310 3809 3367 dabunt

2208 3396 2291 3451 bis
2311 3398 2403 3467 qui
2426 3409 2653 3466 possunt
2681 3399 2899 3463 aﬂ‘erre,
2925 3400 3125 3470 quibus
3145 3401 3411 3473 indigent.

2274 3488 2485 3544 CXVII.
2517 3490 2751 3558 Quando
2777 3492 2844 3545 ad
2870 3492 3206 3549 miscendam
3236 3495 3467 3551 farinam
3487 3497 3665 3552 vocati
3696 3497 3808 3553 I'ae-

2204 3581 2335 3649 rint,
2366 3581 2549 3636 nullas
2582 3583 2817 3639 resideat
2850 3584 2904 3639 in
2941 3586 3061 3641 loro
3092 3602 3263 3657 panes
3294 3590 3678 3663 coquentium;
3707 3605 3804 3645 ex-

2204 3675 2377 3743 ceptis
2408 3674 2493 3728 his
2522 3675 2614 3744 qui
2663 3677 2905 3733 coctioni
2933 3677 3235 3747 sufﬁcient,
3278 3690 3331 3736 et
3372 3681 3567 3752 quibus
3593 3681 3805 3753 jussam

2204 3777 2309 3833 est,
2344 3783 2507 3824 nemo
2536 3769 2820 3826 residebit.

2272 3859 2507 3916 CXVIII.
2556 3861 2613 3916 In
2638 3863 2870 3919 navibus
2906 3879 3125 3937 quoque
3155 3866 3347 3922 similis
3374 3866 3665 3938 disciplina
3697 3878 3799 3926 est.

2200 3950 2372 4008 Nemo
2406 3962 2589 4009 autem
2616 3969 2645 4009 a
2677 3964 2821 4011 terra
2861 3956 3038 4013 solvet
3070 3967 3093 3995 θ
3119 3958 3417 4016 funiculum
3448 3960 3652 4032 absque
3684 3962 3804 4033 jus-

2200 4046 2354 4101 sione
2382 4045 2582 4115 Patris,
2612 4063 2680 4104 ne
2706 4048 2946 4106 lembum
2976 4052 3217 4123 quidem.

2271 4138 2456 4195 CXIX.
2499 4140 2556 4195 In
2588 4142 2711 4199 loco
2757 4144 2988 4200 sentina:
3037 4154 3091 4202 et
3140 4146 3403 4205 interiore
3432 4157 3587 4221 parte
3621 4150 3798 4219 navis,

2197 4232 2411 4289 caneris
2428 4233 2687 4290 fratribus
2716 4250 2882 4307 super
2907 4245 3140 4294 transtra
3167 4250 3218 4295 et
3244 4240 3486 4296 tabulata
3515 4241 3803 4312 quiescen-

2196 4326 2362 4394 tibus,
2383 4326 2562 4383 nallus
2590 4327 2848 4397 dormiat,
2881 4339 2937 4387 et
2956 4332 3251 4389 smealares
3278 4331 3528 4389 homines
3558 4333 3805 4391 dormire

2194 4435 2381 4478 secum
2428 4422 2480 4478 in
2513 4424 2635 4479 navi
2669 4440 2831 4484 nemo
2874 4426 3131 4494 patietur.
3158 4427 3299 4483 Vasa
3341 4426 3643 4485 inﬁrmiora
3670 4444 3797 4485 cum

2194 4517 2409 4573 caeteris
2432 4518 2513 4575 eis
2532 4534 2639 4575 non
2660 4520 3018 4590 navigabant;
3047 4519 3147 4574 nisi
3178 4519 3318 4577 forte
3340 4519 3503 4577 Pater
3530 4530 3799 4579 monaste-

489 4611 738 4684 Cumqae
768 4627 931 4669 sanas
951 4613 1136 4679 fuerit,
1171 4613 1473 4685 reportabit
1495 4613 1700 4684 absque
1730 4612 1842 4668 ulla
1873 4628 2045 4668 mora.
2112 4623 2167 4685 Β
2192 4608 2259 4664 rii
2282 4611 2601 4682 praeceperit
2635 4612 2742 4683 [AL
2770 4610 3074 4684 praecepit].

561 4706 697 4763 CVI.
731 4706 903 4763 Nemo
929 4708 996 4762 ab
1019 4707 1195 4764 altero
1218 4707 1454 4778 accipiet
1478 4706 1777 4779 quidpiam,
1808 4708 1912 4763 nisi
1934 4706 2081 4764 Prte-

483 4806 696 4876 positas
721 4804 966 4876 jusserit.

557 4901 714 4957 CVII.
749 4902 938 4958 Clausa
961 4901 1096 4958 cella
1125 4902 1310 4958 nullus
1329 4900 1587 4968 dormiat,
1619 4914 1716 4956 nec
1744 4898 1965 4955 habebit
1985 4913 2081 4955 cu-

482 4994 720 5049 biculum
749 4995 892 5065 quod
919 4994 1103 5049 claudi
1135 4997 1326 5065 possit,
1371 4995 1472 5050 nisi
1507 4996 1644 5049 forte
1672 4994 1820 5048 mtati
1850 4992 2080 5064 alicujus

480 5088 568 5143 vel
598 5087 905 5142 inﬁrmitati
934 5088 1096 5142 Pater
1126 5089 1443 5142 monasterii
1474 5087 1827 5142 concesserit.

552 5178 735 5237 CVIII.
771 5179 828 5234 In
860 5178 1045 5232 villam
1068 5178 1247 5233 nullus
1275 5178 1437 5231 vadat
1466 5178 1569 5231 nisi
1591 5178 1808 5245 missus,
1836 5178 2077 5248 exceptis

474 5271 851 5341 armentariis,
885 5279 940 5326 et
964 5268 1236 5333 bubulcis,
1261 5276 1319 5325 et
1340 5267 1614 5351 agricolis.

550 5480 568 5500 ⁸
599 5479 834 5537 Vecalas
857 5486 904 5532 et
932 5475 1079 5530 dabit
1102 5488 1167 5529 ex
1201 5471 1448 5543 principe
1466 5467 2067 5543 editionesuﬂ'eeimas.

2260 4701 2427 4758 CXX.
2470 4703 2667 4759 Nullus
2695 4704 2750 4759 in
2790 4704 2956 4760 domo
2994 4718 3089 4759 sua
3123 4704 3345 4761 audebit
3374 4706 3558 4763 focum
3588 4706 3789 4777 facere,

2190 4796 2295 4853 nisi
2326 4798 2379 4851 in
2403 4812 2698 4854 commune
2727 4797 2985 4853 omnibus
3011 4798 3393 4854 succendatar.
3606 4780 3617 4793 ’

2258 4892 2444 4947 CXXI.
2478 4894 2579 4962 Qui
2611 4908 2719 4949 una
2765 4895 3019 4950 oratione
3048 4894 3116 4952 de
3162 4910 3261 4952 sex
3292 4896 3633 4954 orationibus
3662 4913 3789 4955 ves-

2188 4987 2417 5058 pertinis
2444 4987 2650 5044 tardius
2675 4989 2912 5059 venerit,
2941 4990 3029 5046 vel
3063 4990 3154 5062 qui
3184 4992 3578 5059 mnssitaverit,
3618 5000 3674 5047 et
3705 4992 3790 5048 lo-

2187 5086 2343 5133 catus
2392 5078 2553 5133 fuerit
2600 5077 2668 5133 ad
2714 5080 2953 5135 alterum
2984 5082 3071 5135 vel
3113 5082 3405 5137 subriserit
3449 5083 3505 5137 in
3564 5082 3788 5155 rcquuis

2186 5171 2544 5237 orationibus,
2576 5172 2875 5226 constituto
2896 5173 3091 5229 ordine
3113 5184 3235 5244 aget
3267 5176 3666 5245 paenitentiam.

2255 5262 2468 5320 CXXII.
2497 5262 2725 5332 Quando
2756 5265 2905 5321 domi
2945 5266 3233 5335 sedebant,
3269 5283 3379 5325 non
3403 5269 3486 5328 eis
3513 5269 3675 5326 liceat
3701 5269 3783 5327 lo.

2174 5485 2353 5554 curam
2400 5468 3069 5557 pt‘aﬁcia‘ceutis‘exergeat.
3130 5474 3209 5529 vel
3260 5490 3411 5543 quem
3461 5475 3576 5557 ipse
3623 5473 3778 5557 Prte-

544 5549 572 5601 ι,
605 5551 811 5608 Rursus
841 5548 1035 5613 eadem
1067 5538 1469 5611 cum'antiq’uis
1513 5538 1862 5613 editionihuti,
1906 5539 2071 5610 idque
2172 5543 2373 5609 positus
2402 5538 2620 5613 elegerit
2670 5542 2732 5595 de
2787 5544 3062 5613 fratribus,
3114 5557 3160 5601 et
3208 5538 3388 5602 curam
3427 5538 3669 5607 ei'tuam
3699 5549 3784 5607 itte

470 5623 675 5686 verius,
704 5622 1009 5685 utvidetur,
1040 5634 1197 5684 super
1221 5626 1473 5670 temonem
1495 5612 1742 5686 plaustri.

548 5706 570 5739 ς
598 5681 787 5745 Isthmo
812 5681 1064 5759 uilissima
1093 5681 1139 5745 et
1169 5698 1355 5745 εωιενα
1410 5681 1710 5757 hujusntodi
1733 5682 1805 5738 al.
1832 5697 1940 5739 non
1972 5681 2066 5743 ha-

469 5760 763 5892 “fidem
788 5828 1016 5905 addant,
1050 5838 1140 5889 aut
1167 5832 1255 5906 qni
1284 5830 1539 5889 secundus
1563 5835 1638 5885 est
1654 5841 1677 5898 ;
1705 5833 1817 5885 tam
1848 5826 2059 5899 legunt,

2158 5614 2421 5680 juttxerit.

2244 5695 2266 5722 ο
2297 5685 2503 5760 Statius
2532 5685 3157 5760 navigiumJuttt'culnm;
3181 5690 3273 5749 alii
3294 5688 3448 5755 editi,
3476 5690 3673 5760 navigii
3697 5698 3779 5760 [u-

2168 5754 2453 5832 uicarium;
2478 5757 2578 5832 sed
2617 5754 2679 5821 tte
2711 5754 2936 5817 lemltuut
2975 5754 3206 5832 quidem,
3227 5769 3283 5819 et
3315 5760 3385 5820 ιιι
3413 5760 3527 5821 loco
3557 5754 3778 5827 δᾶηιὶᾶαε

2165 5828 2369 5899 pariter
2390 5828 2808 5902 desiderantum
