4074 6328
449 300 522 355 79

1392 294 1453 351 S.
1497 291 1772 352 EUSEBII
1815 289 2199 349 lllEltONYMl
2239 288 2820 349 INTERPRETATIO.

3679 287 3750 348 80

447 411 579 482 lam]
630 405 1005 465 detrectationi
1052 406 1398 464 occasionem
1443 407 1707 474 tribuant,
1741 421 1841 463 nec
1867 406 2048 463 sinant
2073 409 2127 470 Α
2152 405 2505 478 psalmosque
2533 404 2903 476 complebunt,
2931 403 3083 474 juxta
3109 404 3355 460 ordinem
3384 405 3606 477 majoris
3634 405 3752 461 eol-

441 502 722 558 ambulare
749 499 1061 571 quempiam
1090 499 1423 555 contrarium
1449 500 1770 571 disciplinae.

515 591 743 648 CXLIV.
777 591 834 647 Si
865 591 1109 648 codicem
1140 591 1553 662 postulaverint,
1578 592 1826 648 deferant
1856 595 1954 649 eis.

512 684 719 741 CXLV.
771 684 829 741 Si
870 685 993 758 quis
1034 685 1101 741 de
1141 684 1275 741 foris
1314 686 1529 741 venerit
1578 701 1827 757 vespere,
1854 696 2046 743 etnon

440 779 747 836 occurrerit
774 780 1020 849 accipere
1042 766 1350 850 opus’quod
1371 778 1541 836 altera
1563 778 1653 836 die
1683 778 1919 837 facturus
1940 790 2045 849 est,

445 888 608 928 mane
634 872 683 927 ei
713 871 1001 927 tribuatur.

518 963 750 1020 CXLVI.
801 963 858 1019 Si
909 962 1170 1020 defecerit
1197 978 1333 1036 opus
1361 965 1509 1037 quod
1542 965 1772 1022 habebat
1805 966 1857 1021 in
1881 966 2051 1021 mani-

443 1058 567 1122 bus,
599 1056 801 1113 referat
828 1056 895 1111 ad
938 1056 1160 1126 majoris
1204 1058 1486 1113 scientiam
1522 1058 1632 1129 [AL
1675 1056 2046 1129 sententiam],

448 1158 509 1204 et
533 1150 674 1219 quod
703 1148 795 1204 ille
824 1150 1166 1221 praeceperit,
1200 1148 1382 1205 faciat.

521 1239 777 1297 CXLVII.
816 1242 915 1311 Qui
940 1244 1189 1298 minister
1232 1252 1316 1299 est
1347 1244 1545 1301 habeat
1564 1244 1801 1300 studium
1830 1261 1896 1300 ne
1923 1244 2050 1316 quid

448 1336 631 1407 operis
662 1344 849 1407 pereat
876 1336 927 1389 in
962 1336 1292 1392 monasterio
1314 1335 1368 1390 in
1398 1337 1505 1391 ulla
1535 1336 1760 1392 omnino
1779 1346 1899 1392 arte
1933 1353 2053 1407 qua:

446 1441 736 1488 exercetur
766 1447 795 1485 a
827 1430 1101 1485 fratribus.
1151 1429 1306 1495 Quod
1335 1431 1379 1485 si
1408 1431 1535 1500 quid
1584 1432 1827 1500 perierit,
1874 1440 1928 1485 et
1957 1445 2052 1486 ne-

450 1524 703 1594 gligentia
738 1522 904 1577 fuerit
934 1521 1278 1592 dissipatum,
1314 1523 1679 1593 increpabitur
1707 1539 1735 1577 a
1764 1524 1925 1578 Patre
1952 1523 2054 1576 mi-

446 1619 623 1674 nister
649 1632 871 1688 operum
900 1616 1269 1687 singulorum,
1302 1626 1357 1672 et
1384 1617 1499 1687 ipse
1529 1632 1717 1672 rursus
1756 1616 2054 1687 increpabit

450 1713 642 1778 alium,
667 1714 759 1783 qui
792 1728 927 1783 opus
961 1712 1256 1783 perdiderit
1285 1730 1297 1765 :
1329 1712 1776 1782 dumtaxatjnxta
1804 1713 2055 1767 volunta-

2155 498 2331 566 lectae,
2358 514 2477 569 quae
2495 512 2525 552 a
2541 497 2751 553 cunctis
2768 495 3027 553 fratribus
3045 495 3098 552 in
3114 510 3402 552 commune
3420 496 3748 553 celebratur.

2222 591 2396 649 CLVI.
2446 593 2550 648 Per
2586 591 2825 664 singulas
2855 590 3224 646 hebdomadas
3248 590 3389 648 binae
3414 589 3751 661 disputatio-

2157 702 2278 754 nes,
2310 688 2363 742 id
2392 696 2475 743 est
2503 687 2881 751 catecheses,a
2914 684 3212 756 Praeposito
3240 683 3680 755 complebuntur.

2222 778 2427 836 CLVII.
2456 778 2648 834 Nullus
2682 778 2737 833 in
2766 777 2931 834 domo
2951 777 3225 850 quippiam
3255 778 3436 845 faciet,
3467 778 3571 835 nisi
3609 778 3753 850 quod

2161 870 2490 941 Praepositus
2514 872 2758 942 jusserit.

2226 964 2334 1038 75
2350 963 2576 1019 CLVIII.
2594 964 2651 1019 Si
2678 979 2865 1020 omnes
2892 963 3085 1020 fratres
3106 965 3195 1036 qui
3217 965 3271 1020 in
3297 980 3399 1021 una
3425 965 3587 1022 domo
3608 976 3755 1034 sunt,

2152 1055 2387 1112 viderint
2429 1055 2783 1126 Praepositum
2814 1055 3038 1110 nimium
3091 1056 3473 1127 negligentem,
3506 1065 3598 1111 aut
3623 1056 3760 1114 dure

2155 1154 2524 1221 increpantem
2558 1149 2794 1221 fratres],
2828 1158 2885 1204 et
2913 1163 3222 1204 mensuram
3254 1149 3567 1206 monasterii
3596 1165 3759 1206 exce-

2154 1246 2395 1312 dentem,
2444 1214 2801 1301 γαΐα-επιιῖἕό
2853 1244 3099 1311 Patrem,
3148 1256 3203 1300 et
3252 1244 3322 1299 ab
3346 1259 3412 1300 eo
3458 1243 3763 1315 increpabi-

2157 1349 2265 1396 tur.
2320 1341 2439 1411 Ipse
2480 1349 2658 1394 autem
2691 1337 3023 1408 Prmpositus
3051 1337 3182 1391 nihil
3235 1337 3415 1403 faciet,
3466 1337 3570 1391 nisi
3612 1335 3760 1409 quod

2155 1434 2314 1490 Pater
2333 1432 2576 1503 jusserit,
2608 1432 2839 1485 maxime
2868 1431 2919 1484 in
2947 1446 3006 1484 re
3028 1446 3186 1484 nova.
3215 1429 3348 1484 Nam
3371 1444 3491 1499 qua
3514 1445 3579 1486 ex
3609 1444 3763 1486 more

2154 1524 2457 1592 descendit,
2490 1523 2726 1579 servabit
2758 1524 2971 1595 regulas
3001 1523 3339 1579 monasterii.

2224 1622 2405 1678 CLIX.
2450 1622 2779 1691 Praepositus
2811 1634 2917 1675 non
2946 1619 3288 1675 inebrietur:
3333 1634 3439 1673 non
3481 1617 3667 1673 sedeat
3691 1617 3746 1673 in

2161 1713 2541 1769 humilioribus
2583 1714 2714 1767 locis
2739 1712 2889 1782 juxta
2923 1726 3047 1765 vasa
3071 1709 3407 1777 monasterii,
3443 1724 3512 1765 ne
3539 1719 3755 1779 rumpat

449 1816 564 1860 tem
596 1814 651 1860 et
694 1805 1018 1861 sententiam
1068 1804 1349 1875 principis,
1398 1806 1603 1875 absque
1629 1821 1739 1877 quo
1771 1806 1950 1861 nullus
1974 1809 2057 1861 in-
2084 1798 2131 1858 B
2161 1808 2395 1873 vincula,
2447 1822 2565 1877 quae
2610 1806 2753 1861 Deus
2784 1806 2837 1860 in
2864 1805 3002 1860 etelo
3025 1803 3289 1868 condidit,
3315 1812 3373 1859 ut
3398 1803 3758 1859 observentur

449 1898 712 1969 crepandi
745 1897 964 1953 fratrem
996 1898 1217 1953 habebit
1242 1907 1588 1969 potestatem.

522 1990 801 2045 CXLVIII.
861 1991 915 2045 Si
973 1991 1358 2048 vestimentum
1406 1991 1472 2046 ad
1526 1992 1697 2047 solem
1757 2007 2053 2061 expansum

449 2082 650 2139 tertius
680 2082 945 2137 invenerit
975 2090 1001 2117 ι
1051 2080 1189 2148 dies,
1233 2081 1485 2136 dominus
1532 2096 1628 2152 pro
1657 2098 1723 2137 eo
1752 2081 2058 2151 increpabi-

446 2184 558 2240 tur,
607 2183 661 2229 et
708 2182 832 2245 aget
878 2174 1252 2245 poenitentiam
1302 2175 1572 2245 publicam
1623 2174 1676 2230 in
1725 2175 1949 2231 collecta
1992 2175 2055 2231 δ.

452 2269 715 2325 Pellicula
762 2279 817 2325 et
845 2268 1113 2340 gallicula:
1136 2312 1150 2333 ,
1196 2278 1251 2324 et
1275 2268 1571 2338 cingulum,
1602 2278 1656 2325 et
1684 2270 1727 2324 si
1756 2269 1884 2339 quid
1912 2269 2057 2324 aliud

455 2362 703 2431 perierit,
734 2360 823 2432 qtti
848 2361 1141 2429 perdiderit
1164 2361 1547 2430 increpabitttr.

524 2454 756 2509 CXLIX.
790 2454 846 2510 Si
874 2454 994 2525 quis
1023 2454 1206 2508 tulerit
1235 2469 1347 2509 rem
1383 2470 1488 2509 non
1534 2469 1712 2522 suam,
1742 2464 1920 2525 portet
1948 2455 2057 2527 [AL

452 2545 709 2619 ponetur]
756 2562 917 2618 supra
958 2547 1218 2601 humeros
1268 2545 1407 2616 ejus,
1455 2555 1509 2602 et
1538 2557 1660 2618 aget
1690 2548 2059 2617 paenitentiam

450 2640 672 2710 publice
700 2640 752 2693 in
782 2639 1032 2703 collecta,
1063 2639 1332 2709 stabitque
1360 2639 1412 2693 in
1437 2640 1691 2694 vescendi
1724 2641 1844 2695 loco
1878 2654 1927 2693 ε.

527 2732 633 2785 CL.
669 2730 725 2784 Si
759 2730 1009 2784 inventus
1032 2730 1192 2784 fuerit
1219 2743 1358 2783 unus
1386 2744 1417 2783 e
1446 2728 1703 2783 fratribus
1728 2730 1928 2799 aliquid
1968 2746 2064 2800 per

458 2822 868 2879 contentionem
902 2836 1088 2891 agens,
1124 2821 1205 2875 vel
1236 2820 1614 2875 contradicens
1640 2822 1861 2891 majoris
1896 2823 2067 2893 impe‘

460 2920 568 2982 rio,
601 2915 965 2984 increpabitur
992 2914 1271 2986 7&juxta
1301 2930 1607 2970 mensuram
1639 2918 1843 2986 peccati
1876 2917 1982 2971 sui.

539 3009 669 3065 CLI.
703 3008 804 3075 Qui
833 3008 1110 3074 mentitur,
1133 3015 1226 3061 aut
1246 3007 1336 3077 qni
1362 3007 1489 3063 odio
1515 3024 1839 3079 quemquam
1865 3008 2067 3065 habere

466 3102 631 3160 fuerit
674 3099 1067 3172 deprehensus,
1122 3109 1213 3153 aut
1262 3100 1600 3169 inobediens,
1650 3110 1741 3157 ant
1787 3103 1908 3173 plus
1941 3101 2067 3172 joco

2158 1902 2211 1956 in
2241 1901 2420 1956 terris.
2462 1899 2537 1953 Ne
2566 1899 2742 1969 lugeat
2769 1898 2822 1952 in
2869 1897 2958 1954 die
2997 1898 3135 1952 festo
3182 1897 3395 1951 Domini
3433 1895 3759 1952 Salvatoris.

2160 1992 2482 2047 Dominetur
2527 1990 2678 2044 carni
2720 2004 2833 2043 suae
2879 1991 3033 2059 juxta
3079 2002 3386 2043 mensuram
3418 1987 3761 2043 Sanctorum.

2159 2084 2277 2141 Non
2307 2083 2611 2139 inveniatur
2638 2083 2690 2137 in
2714 2082 2949 2138 excelsis
2976 2081 3242 2137 cubilibus
3271 2081 3488 2137 imitans
3507 2080 3612 2152 [AL
3645 2080 3767 2135 imi-

2160 2179 2325 2253 tatus]
2360 2194 2565 2234 morem
2596 2178 2903 2249 gentilium.
2945 2175 3063 2231 Non
3105 2176 3177 2230 sit
3203 2174 3437 2246 duplicis
3467 2174 3610 2229 fidei.
3642 2173 3761 2231 Non

2160 2284 2420 2342 sequatur
2449 2272 2631 2325 cordis
2659 2270 2740 2326 sui
2770 2269 3148 2339 cogitationes,
3181 2268 3273 2323 sed
3299 2268 3470 2338 legem
3500 2266 3617 2321 Dei.
3647 2266 3766 2323 Non

2163 2366 2382 2421 resistat
2422 2364 2836 2419 sublimioribus
2883 2361 3111 2419 tumenti
3161 2362 3344 2416 animo
3385 2360 3768 2427 potestatibus.

2163 2456 2281 2513 Non
2310 2457 2525 2523 fremat,
2557 2472 2734 2527 neque
2776 2454 2799 2493 ι¹
2838 2456 3031 2510 hirriat
3079 2470 3242 2523 super
3284 2452 3624 2506 humiliores.
3652 2450 3774 2507 Non

2166 2551 2465 2605 transferat
2498 2549 2779 2604 terminos.
2824 2547 2941 2601 Non
2968 2547 3039 2601 sit
3063 2544 3465 2609 fraudulentus,
3514 2558 3689 2613 neque
3717 2544 3776 2598 in

2165 2644 2580 2713 cogitationibus
2627 2651 2805 2696 verset
2854 2640 3029 2695 dolos.
3080 2638 3157 2693 Ne
3204 2639 3437 2709 negligat
3480 2645 3775 2708 peccatum

2167 2736 2364 2791 anima:
2392 2752 2502 2790 sua:
2533 2746 2554 2772 ε
2575 2774 2589 2788 .
2622 2733 2701 2789 Nc
2732 2734 2982 2788 vincatur
3011 2733 3190 2788 carnis
3234 2732 3467 2787 luxuria.
3504 2731 3620 2787 Non
3652 2747 3774 2787 am-

2166 2828 2316 2884 bulet
2340 2828 2698 2897 negligenter.
2723 2825 2839 2879 Non
2862 2825 2971 2880 cito
2992 2825 3241 2894 loquatur
3262 2823 3485 2879 verbum
3505 2823 3767 2877 otiosum.

2168 2922 2283 2978 Non
2325 2931 2487 2992 ponat
2534 2918 2851 2975 scandalum
2894 2927 3019 2973 ante
3050 2917 3218 2988 pedes
3245 2916 3398 2972 caeci.
3427 2915 3541 2971 Non
3573 2914 3771 2970 doceat

2168 3016 2501 3085 voluptatem
2534 3012 2768 3067 animam
2799 3028 2972 3067 suam.
3013 3010 3130 3067 Non
3174 3010 3476 3066 resolvatur
3502 3008 3623 3081 [AL
3656 3008 3771 3064 sol-

2170 3106 2348 3178 vatur]
2384 3106 2495 3161 risu
2534 3104 2826 3160 stultorum
2861 3119 2924 3160 ae
2944 3104 3091 3173 joco.
3121 3102 3238 3158 Non
3270 3102 3511 3171 rapiatur
3535 3116 3630 3157 cor
3661 3100 3782 3171 ejus

471 3210 633 3267 quam
667 3193 953 3248 honestum
1000 3200 1083 3247 est
1110 3190 1345 3258 deditus,
1390 3200 1483 3247 aut
1533 3194 1761 3258 otiosus,
1813 3204 1906 3249 aut
1934 3194 2071 3250 dure
2098 3180 2143 3244 C
2174 3200 2243 3254 ab
2270 3198 2354 3253 his
2397 3199 2487 3267 qui
2523 3199 2701 3270 inepta
2745 3198 3039 3268 loquuntur
3068 3205 3123 3251 et
3152 3194 3354 3249 dulcia.
3382 3192 3501 3249 Non
3530 3192 3782 3248 vineatur

467 3286 828 3358 respondens,
861 3292 952 3339 aut
982 3284 1185 3340 habens
1208 3286 1657 3341 consuetudinem
1687 3286 1941 3345 fratribus
1968 3289 2067 3343 de-

467 3378 742 3445 trahendi,
776 3377 862 3432 vel
900 3377 982 3431 his
1009 3377 1099 3447 qui
1131 3375 1266 3431 foris
1296 3387 1441 3443 sunt,
1474 3387 1531 3432 et
1558 3379 1781 3434 omnino
1809 3380 2070 3450 quidquid

472 3484 657 3527 contra
682 3469 925 3540 regulam
954 3467 1358 3537 Scripturarum
1385 3477 1467 3522 est
1490 3477 1543 3523 et
1568 3470 1881 3524 monasterii
1909 3469 2073 3526 disci-

473 3565 702 3635 plinam,
735 3560 919 3617 audiet
951 3559 1114 3615 Pater
1141 3560 1487 3627 monasterii,
1522 3568 1575 3615 et
1606 3560 1901 3616 vindicabit
1921 3561 2073 3630 juxta

474 3670 784 3711 mensuram
811 3666 1055 3722 opusque
1076 3652 1307 3722 peccati.

555 3748 709 3805 CLII.
763 3746 1091 3817 Praepositus
1143 3744 1337 3800 domus
1384 3744 1556 3815 culpa:
1606 3754 1661 3800 et
1716 3745 2082 3816 increpationi

477 3840 798 3913 subjacebit,
844 3841 888 3894 si
918 3848 1044 3893 ante
1083 3846 1194 3892 tres
1232 3836 1348 3891 dies
1377 3852 1484 3892 non
1516 3836 1850 3893 nuntiaverit
1892 3838 2074 3905 Patri;

481 3939 599 3992 sive
625 3936 676 3990 in
709 3934 812 4000 via,
841 3932 958 3988 sive
990 3932 1042 3985 in
1071 3946 1223 4001 agro,
1251 3931 1368 3987 sive
1391 3931 1721 3987 monasterio
1749 3931 1877 4002 quid
1906 3932 2080 4002 perie-

480 4034 551 4087 rit
607 4046 620 4083 :
679 4039 907 4099 agetque
964 4024 1179 4095 publice
1228 4024 1604 4095 paenitentiam
1641 4024 1795 4094 juxta
1832 4024 2079 4081 ordinem

484 4121 861 4178 constitutum.
913 4118 980 4174 Et
1007 4118 1053 4172 si
1084 4117 1250 4172 homo
1278 4116 1493 4187 fugerit,
1542 4125 1598 4171 et
1627 4124 1751 4172 ante
1783 4125 1894 4174 tres
1922 4116 2082 4172 horas

486 4231 592 4271 non
623 4212 950 4269 nuntiaverit
976 4210 1145 4277 Patri,
1174 4224 1302 4266 reus
1323 4209 1427 4265 erit
1454 4208 1775 4280 perditionis
1797 4210 1953 4280 ejus:
1980 4209 2081 4264 nisi

488 4318 666 4363 tamen
698 4322 820 4361 eum
851 4319 1040 4360 rursus
1068 4303 1358 4360 invenerit.

553 4400 730 4458 CLIII.
763 4398 891 4455 Haec
929 4406 1014 4453 est
1044 4396 1178 4452 ultio
1206 4397 1259 4451 in
1296 4412 1419 4452 eum
1456 4398 1547 4467 qui
1576 4398 1795 4454 fratrem
1823 4396 1892 4453 de
1922 4397 2085 4453 domo

482 4492 779 4567 perdiderit
802 4510 815 4545 :
841 4491 1011 4546 tribus
1033 4489 1223 4546 diebus
1246 4497 1367 4560 aget
1390 4489 1658 4559 publicam
1684 4490 2081 4560 poenitentiam,

2175 3291 2513 3345 muneribus.
2564 3288 2680 3344 Non
2720 3289 3070 3359 parvulorum
3106 3285 3123 3323 ί
3155 3300 3464 3342 sermonem
3495 3284 3676 3340 ducat.
3702 3284 3783 3341 Ne

2174 3382 2439 3451 affligatur
2469 3382 2521 3435 in
2570 3380 2933 3435 tribulatione.
2987 3380 3065 3434 Ne
3116 3380 3302 3435 timeat
3350 3386 3620 3443 mortem,
3680 3377 3782 3434 sed

2178 3474 2367 3527 Deum.
2401 3472 2478 3527 Ne
2506 3471 2881 3541 prsevaricator
2904 3472 2974 3526 sit
3003 3481 3223 3542 propter
3253 3472 3625 3527 imminentem
3656 3470 3769 3543 [AL

2179 3562 2536 3636 eminentem]
2584 3565 2852 3619 timorem.
2902 3564 3018 3618 Non
3065 3564 3336 3635 relinquat
3377 3581 3564 3620 verum
3593 3565 3780 3619 lumen

2178 3666 2399 3728 propter
2426 3654 2669 3710 modicos
2700 3655 2871 3710 cibos.
2904 3654 3022 3710 Non
3050 3666 3205 3711 nutet
3231 3671 3294 3711 ac
3321 3656 3542 3713 fluctuet
3568 3657 3619 3712 in
3645 3671 3780 3726 ope-

2179 3749 2329 3803 ribus
2355 3748 2487 3803 suis.
2519 3746 2635 3802 Non
2666 3756 2838 3803 mutet
2865 3748 3213 3813 sententiam,
3246 3750 3342 3803 sed
3371 3748 3515 3803 firmi
3545 3749 3615 3804 sit
3645 3748 3784 3804 soli-

2186 3840 2353 3911 dique
2379 3840 2609 3907 decreti,
2635 3840 2887 3910 justeque
2913 3850 3104 3896 cuncta
3128 3840 3506 3908 considerans,
3528 3841 3787 3912 judicans

2183 3933 2238 3989 in
2272 3933 2527 3996 veritate,
2559 3931 2763 4003 absque
2793 3935 3032 4003 appetitu
3064 3933 3270 4003 gloriae,
3322 3932 3642 3989 manifestus
3672 3934 3788 3989 Deo

2183 4034 2233 4081 et
2270 4024 2600 4089 hominibus,
2649 4033 2705 4079 et
2741 4039 2771 4077 a
2804 4024 2994 4080 fraude
3043 4026 3230 4095 procul
3272 4024 3379 4098 [AL
3422 4027 3687 4098 elongans
3727 4041 3790 4083 se

2185 4114 2470 4187 afraude].
2525 4115 2601 4171 Ne
2650 4116 2861 4187 ignoret
2915 4118 3385 4173 conversationem
3436 4118 3785 4187 Sanctorum,

2187 4224 2290 4265 nec
2316 4207 2384 4263 ad
2413 4223 2599 4263 eorum
2627 4208 2909 4264 scientiam
2939 4223 3113 4264 caecus
3140 4210 3357 4265 existat.
3407 4209 3553 4265 Nulli
3593 4220 3792 4267 noceat

2188 4318 2284 4373 per
2336 4301 2644 4372 superbiam
2705 4320 2718 4358 :
2769 4317 2869 4358 nec
2915 4302 3023 4375 76
3081 4310 3340 4375 sequatur
3403 4302 3794 4375 concupiscen—

2195 4396 2296 4450 tias
2322 4394 2601 4449 oculorum
2636 4411 2878 4451 suorum.
2921 4395 3039 4449 Non
3076 4410 3199 4449 eum
3232 4404 3491 4464 superent
3513 4396 3797 4453 incentiva

2189 4489 2465 4545 vitiorum.
2498 4487 2792 4546 Veritatem
2821 4502 3114 4557 numquam
3145 4494 3457 4557 praetereat.
3488 4486 3678 4545 Oderit
3702 4489 3793 4545 in-

483 4585 627 4657 qnod
662 4585 707 4639 si
748 4583 935 4639 eadem
977 4582 1109 4636 hora
1138 4582 1465 4637 nuntiaverit
1505 4582 1669 4648 Patri,
1701 4582 1754 4637 in
1786 4598 1888 4653 qua
1918 4581 2074 4653 fugit,
2107 4576 2160 4637 D
2180 4581 2443 4651 juStitiam
2476 4599 2489 4635 :
2518 4581 2814 4637 secundum
2861 4578 2986 4650 [ΑΙ.
3012 4578 3145 4651 sed]
3171 4594 3461 4650 personam
3492 4597 3796 4653 numquam

490 4694 614 4734 reus
637 4691 745 4731 non
769 4675 893 4731 erit.

558 4768 739 4826 CLIV.
785 4767 1065 4825 Peccatum
1092 4768 1138 4824 si
1167 4769 1220 4825 in
1250 4768 1414 4824 domo
1444 4782 1539 4823 sua
1571 4768 1901 4839 Praepositus
1930 4767 2086 4825 vide-

486 4864 578 4931 rit,
608 4870 663 4917 et
704 4877 810 4918 non
864 4861 1046 4916 statim
1102 4860 1463 4932 inerepaverit
1507 4860 1933 4932 delinquentem,
1984 4876 2085 4917 nec

487 4955 821 5011 nuntiaverit
847 4954 991 5009 Patri
1027 4954 1377 5020 monasterii,
1432 4954 1550 5025 ipse
1576 4955 1965 5026 increpationis
1991 4969 2083 5010 or-

490 5047 604 5105 dini
646 5047 962 5116 subjacebit.

563 5138 719 5196 CLV.
756 5140 861 5196 Per
885 5139 1075 5194 domos
1112 5140 1348 5210 singulas
1398 5155 1623 5209 vespere
1672 5157 1767 5198 sex
1808 5143 2087 5199 orationes

563 5314 587 5341 η
622 5297 998 5372 νοοᾳῐηΑάίεε,
1051 5296 1504 5372 quemadmodum
1548 5297 1883 5372 aliassupra
1925 5311 2086 5372 atque

487 5376 629 5432 infra
655 5370 877 5428 levioris
911 5368 1197 5434 momenti,
1222 5384 1289 5422 ex
1318 5368 1561 5438 principe
1588 5368 1826 5424 editione
1854 5368 2081 5441 supple-

489 5461 828 5571 “Tlgadem
861 5512 1025 5569 editio
1054 5510 1225 5576 addit,
1251 5509 1507 5577 stabitque
1528 5511 1581 5563 in
1611 5510 1850 5564 vescendi
1880 5511 2012 5566 loco.

565 5599 587 5627 ε
619 5586 815 5641 lterum
864 5585 1053 5641 eadem
1103 5582 1271 5638 editio
1315 5579 1463 5635 addit
1496 5600 1512 5653 εν
1557 5581 1618 5636 Si
1646 5593 1817 5635 autem
1843 5582 1895 5635 in
1950 5587 2089 5653 furto

488 5658 648 5728 fuerit
694 5656 1061 5729 deprehensus,
1105 5655 1450 5729 triginta‘sea:
1495 5652 1606 5729 (al._
1647 5654 1860 5729 triginta
1885 5652 2085 5726 novem)

502 5724 833 5783 verberabant
867 5744 1001 5787 eum,
1046 5738 1092 5781 et
1138 5724 1266 5799 feris
1310 5724 1517 5799 dabitur
1561 5724 1613 5799 ei
1646 5725 1794 5779 edere
1822 5741 2005 5799 partem
2043 5724 2093 5781 et

500 5814 689 5872 aquam
721 5806 940 5861 tantum,
974 5805 1019 5849 et
1047 5796 1277 5867 apertum
1304 5796 1473 5853 cilicio
1504 5808 1549 5853 et
1569 5797 1742 5852 cinere
1772 5812 1863 5867 per
1884 5798 2091 5869 singula

2187 4674 2395 4745 judicet
2422 4688 2518 4745 pro
2540 4671 2875 4735 muneribus,
2901 4684 3001 4725 nec
3020 4670 3349 4727 condemnet
3374 4672 3611 4728 animam
3635 4673 3801 4731 inno-

2192 4778 2403 4824 centem
2428 4782 2523 4837 per
2550 4764 2878 4837 superbiam.
2907 4760 3025 4817 Non
3058 4763 3231 4819 rideat
3253 4764 3397 4821 inter
3417 4780 3643 4834 pueros.
3674 4765 3797 4823 Non

2194 4862 2413 4918 deserat
2461 4862 2745 4916 veritatem
2786 4856 2981 4911 timore
3024 4866 3333 4928 superatus.
3388 4858 3503 4914 Non
3539 4859 3801 4917 comedat

2194 4971 2388 5027 panem
2431 4954 2499 5008 de
2545 4949 2929 5007 fraudulentia.
2971 4949 3087 5005 Non
3119 4951 3393 5007 desideret
3417 4952 3652 5008 alienam
3684 4963 3801 5011 ter-

2195 5063 2331 5103 ram.
2362 5046 2479 5101 Non
2517 5045 2790 5115 opprimat
2818 5043 3052 5097 animam
3087 5053 3311 5115 propter
3334 5044 3567 5101 aliorum
3593 5045 3795 5118 spolia.

2196 5140 2316 5196 Non
2348 5138 2612 5209 despiciat
2640 5153 2735 5193 eos
2763 5136 2854 5208 qui
2886 5136 3129 5207 indigent
3159 5137 3550 5195 misericordia.
3583 5138 3665 5196 Ne
3695 5140 3802 5198 fal-

2199 5302 2489 5373 o_ratiomtm
2527 5307 2999 5373 [temporaAcogent
3044 5315 3159 5373 eum
3213 5316 3365 5371 agere
3417 5302 3793 5373 paenitentiam.

2199 5370 2394 5426 Eadem
2417 5372 2499 5425 lea:
2519 5371 2573 5425 in
2596 5370 2825 5442 fugitivis
2853 5370 3217 5425 observabitur.

2263 5442 2289 5516 ἐι
2321 5444 2547 5499 Veteres
2589 5442 2792 5516 vulga_ti
2820 5443 3014 5516 inruat.
3045 5442 3274 5501 limata:
3312 5453 3519 5513 autem,
3549 5445 3640 5516 qui
3668 5460 3801 5515 pro-

2190 5515 2308 5588 prie
2360 5530 2557 5588 canum
2603 5524 2687 5588 est
2733 5513 2979 5588 fremitus
3029 5528 3150 5569 cum
3199 5516 3508 5581 irritantur,
3564 5513 3797 5588 usurpat

2192 5585 2450 5642 Sidonius
2483 5587 2536 5641 in
2563 5584 2831 5653 epistolis.

2268 5666 2291 5729 ἦ
2324 5659 2542 5713 Addunt
2567 5656 2697 5711 editi
2729 5654 3052 5729 vetustiores
3080 5658 3393 5729 mcirpare.

2274 5726 2291 5764 ί
2322 5729 2487 5787 Iidem
2516 5729 2715 5793 verius,
2740 5743 2975 5783 sermone
3010 5726 3253 5782 ducatur.
