4056 6298
268 299 330 355 8I
1142 304 1529 361 PRECEPTA
1571 305 1809 374 ATQUE
1846 306 2112 364 JUDICIA
2152 308 2212 362 S.
2258 309 2603 365 PACIIONII.
3515 312 3584 369 δὲ

270 428 388 469 sum
414 414 560 470 dicat
588 415 958 472 testimonium
993 417 1246 474 seductus
1275 421 1445 475 lucro.
1473 420 1551 476 Ne
1577 422 1871 477 mentiatur
1896 427 1949 487 Α
1973 424 2139 488 cium,
2169 433 2222 479 et
2250 424 2523 480 desiderio
2556 428 2874 497 temporalis
2908 427 3045 482 lucri
3079 428 3295 499 laqueis
3321 443 3380 484 se
3408 429 3583 486 induit

274 516 488 578 propter
514 508 851 579 superbiam.
905 509 981 565 Ne
1017 512 1310 567 contendat
1351 523 1539 568 contra
1584 514 1869 569 veritatem

273 602 341 658 ob
368 613 639 659 tumorem
664 605 851 661 animi.
883 605 959 661 Ne
987 606 1201 663 deserat
1226 609 1491 678 justitiam
1522 619 1743 681 propter
1766 611 1871 666 las-

272 695 579 752 situdinem.
640 697 719 753 Ne
768 698 955 768 perdat
982 701 1221 755 animam
1272 717 1425 758 suam
1472 716 1694 773 propter
1720 720 1873 760 vere-

273 790 539 847 cundiam.
594 792 676 847 Ne
719 794 974 863 respiciat
1020 794 1191 865 dapes
1244 796 1492 852 lautioris
1538 813 1761 852 mensae.
1794 798 1871 854 Ne

272 882 495 951 pulchra
541 885 865 941 vestimenta
912 885 1211 943 desideret.
1260 888 1340 943 Ne
1378 897 1403 925 ⁸
1435 904 1494 944 se
1531 890 1789 961 negligat,
1814 899 1873 944 ut

270 986 494 1046 semper
548 976 807 1046 dijudicet
849 978 1189 1047 cognitiones
1250 995 1396 1035 suas.
1450 981 1529 1035 Ne
1577 982 1875 1037 inebrietur

272 1065 436 1131 vino;
509 1066 604 1124 sed
669 1068 1028 1124 humilitatem
1101 1070 1294 1127 habeat
1342 1074 1582 1142 junctam
1638 1074 1869 1128 veritati.

271 1157 505 1226 Quando
519 1160 743 1229 judicat,
767 1172 1025 1232 sequatur
1046 1174 1311 1234 przecepta
1336 1166 1601 1235 majorum
1620 1176 1676 1221 et
1700 1167 1869 1236 legem

271 1249 395 1317 Dei,
441 1267 560 1321 quae
597 1251 653 1307 in
700 1260 814 1309 toto
853 1256 987 1312 orbe
1032 1257 1320 1327 praedicata
1353 1267 1455 1311 est.
1488 1257 1546 1313 Si
1573 1258 1869 1329 quidquam

267 1341 342 1398 de
382 1343 467 1399 his
507 1346 857 1416 praeterierit,
888 1350 1147 1406 reddetur
1174 1350 1223 1406 ei
1248 1365 1503 1405 mensura
1522 1351 1676 1421 juxta
1709 1368 1869 1423 quam

246 1448 495 1515 mensus
538 1446 643 1503 est,
691 1448 746 1494 et
792 1441 1020 1511 recipiet
1064 1442 1367 1497 secundum
1406 1458 1572 1512 opera
1600 1459 1719 1510 sua,
1746 1446 1871 1515 quia

265 1528 573 1583 mmchatus
613 1538 698 1584 est
742 1528 770 1568 ι’
802 1530 858 1586 ἱη
888 1531 1030 1602 ligna
1060 1548 1158 1588 sua
1200 1543 1255 1588 et
1284 1533 1491 1603 lapides
1524 1552 1536 1588 :
1567 1543 1624 1589 et
1653 1544 1874 1605 propter

261 1614 530 1689 fulgorem
574 1624 717 1689 auri,
750 1632 805 1679 et
853 1624 1206 1695 splendorem
1247 1627 1459 1697 argenti
1500 1626 1705 1682 dimisit
1727 1628 1871 1697 judi-

244 1798 245 1803 π
273 1840 317 1850 η
337 1780 363 1807 ³
396 1774 522 1831 Alio
538 1791 723 1842 sensu,
742 1793 913 1850 eoque
938 1796 1126 1836 rursus
1155 1782 1525 1847 concinniori,
1560 1784 1692 1838 olim
1720 1793 1863 1839 erat:

259 1840 346 1926 {Ve
381 1861 526 1901 senes
553 1840 778 1926 negligat
808 1840 1055 1926 {semper
1084 1854 1331 1921 dijudicet
1356 1840 1696 1926 cogitationes
1723 1873 1864 1909 suas.
1902 1848 1948 1908 Β

255 1912 391 1998 bfox
439 1912 655 1998 quoque
692 1912 805 1998 'ali-a
851 1912 1317 1998 i‘nterpune'tione,
1364 1912 1707 1998 humilitatem
1744 1930 1873 1998 jun-

252 1986 628 2064 ctqrrt_ltabeat
668 1992 909 2064 ueritati,
938 1986 1144 2064 quando
1162 1986 1389 2064 judicat.
1435 1994 1725 2063 Sequatur,
1744 1986 1870 2053 “etc.

327 2054 357 2094 ι)
390 2057 538 2113 Olim
569 2062 627 2113 in
667 2062 808 2131 ligno
838 2054 1115 2131 et'la'pide,
1144 2054 1200 2118 ἐι
1229 2066 1391 2133 paulo
1418 2054 1543 2134 post
1572 2054 1874 2136 iniquorum

1977 515 2318 571 ethnicorum
2348 516 2564 586 (Jerem.
2594 522 2693 585 tu).
2740 518 2802 573 Et
2834 521 2859 549 ⁸
2891 518 3077 573 veniet
3104 521 3152 573 ei
3179 520 3438 575 contritio
3466 521 3584 576 lleli

1978 616 2033 663 et
2056 609 2286 662 liliorum
2315 610 2431 677 ejus
2456 609 2513 682 (I
2541 610 2667 680 Reg.
2704 612 2810 673 ivi;
2841 612 3156 667 maledictio
3182 613 3350 667 David
3373 655 3388 677 ,
3422 629 3585 683 quam

1979 699 2307 769 imprecatus
2334 713 2417 755 est
2452 702 2633 757 Doecb
2662 702 2837 775 (Psat.
2863 708 2961 775 ιι.)
3000 723 3010 757 :
3038 706 3253 776 signum
3280 720 3389 776 quo
3417 706 3587 762 duna-

1984 804 2066 847 ttts
2083 804 2165 848 est
2187 794 2316 849 Cain
2341 795 2493 863 (Gen.
2515 796 2611 865 tv);
2637 798 2922 865 sepultura
2947 796 3107 861 asini,
3133 798 3201 852 de
3218 813 3322 868 qua
3343 797 3590 867 loquitur

1985 884 2282 940 llieremias
2322 885 2549 958 (Jerem.
2598 890 2743 958 χχιι)
2780 906 2793 941 :
2843 888 3078 956 perditio
3124 903 3229 959 qua
3272 900 3587 960 peccatores

1980 991 2139 1033 teme
2167 980 2346 1034 hiatus
2373 981 2658 1036 absorbuit
2682 981 2879 1051 (Nam.
2916 982 3050 1052 xvt),
3081 992 3136 1037 et
3158 982 3411 1037 interitus
3435 980 3582 1037 Cha-

1978 1090 2310 1142 nameorum,
2341 1086 2396 1130 et
2435 1077 2696 1131 eoatritio
2736 1076 2946 1148 hydria:
2994 1078 3061 1131 ad
3095 1078 3297 1132 fontem
3323 1120 3338 1142 ,
3371 1086 3429 1132 et
3461 1092 3583 1131 are-

1972 1183 2160 1221 narum
2213 1168 2571 1224 comminutio
2618 1166 2645 1205 δ
2701 1170 2752 1223 iu
2806 1169 3081 1224 littoribus
3121 1178 3177 1224 et
3226 1170 3407 1235 saxis,
3454 1186 3577 1239 qua:

1976 1257 2234 1315 fluctibus
2285 1262 2644 1316 verberantur
2699 1260 2941 1331 (Eccles.
2988 1262 3126 1333 xu);
3177 1271 3231 1315 et
3284 1261 3587 1316 contractio

1981 1352 2145 1423 virgze
2189 1354 2444 1423 gloriosa
2498 1354 2565 1409 de
2603 1354 2760 1419 Isaia,
2814 1366 2869 1409 ut
2920 1357 2991 1410 sit
3018 1357 3170 1425 quasi
3201 1370 3380 1409 caecos
3410 1370 3577 1410 manu

1981 1447 2203 1516 palpans
2242 1449 2503 1517 parietem
2540 1446 2694 1518 (lsai.
2728 1464 2756 1500 v
2779 1457 2824 1501 et
2849 1460 2981 1502 Lm.
3011 1449 3138 1504 Ilmc
3164 1448 3343 1502 omnia
3368 1448 3417 1502 ei
3448 1462 3578 1501 cve-

1982 1541 2151 1603 uient,
2199 1542 2288 1612 qui
2322 1557 2429 1596 non
2469 1542 2708 1596 servavit
2740 1542 3021 1596 veritatem
3052 1542 3103 1595 in
3129 1541 3355 1610 judicio,
3390 1550 3445 1595 et
3476 1542 3582 1594 ini-

1979 1646 2085 1702 que
2111 1630 2215 1702 [ΑΙ.
2255 1633 2477 1704 iniquae]
2500 1634 2610 1703 egit
2631 1634 2683 1688 in
2706 1634 2958 1688 omnibus
2980 1650 3101 1704 qua:
3122 1634 3171 1687 ei
3203 1633 3409 1689 credita
3432 1642 3579 1688 sunt.

1977 1801 2075 1856 pro
2096 1788 2432 1840 ethnicorum.

2049 1869 2069 1895 ε
2104 1857 2418 1913 Ilolsteuius
2444 1858 2612 1911 ueniat
2637 1899 2650 1921 ,
2681 1868 2735 1913 et
2773 1857 2973 1914 deinde
3003 1874 3262 1912 ramorum
3305 1872 3405 1929 pro
3432 1859 3577 1927 ﬁlio-

1980 1945 2245 2053 mg'I-Iditi
2295 1999 2663 2069 antiquiores,
2694 2000 2747 2054 in
2798 2000 3088 2067 littoribus,
3122 2017 3239 2071 quat
3265 2002 3418 2055 salsis
3472 2003 3576 2069 [lu-

1980 2070 2141 2123 ctibus
2166 2070 2512 2124 verberantur.

261 2204 2908 2240 M-

968 2361 1402 2427 PRIECEPTA
1448 2365 1717 2440 ATQUE
1760 2366 2068 2431 JUDICIA
2114 2370 2178 2429 S.
2224 2371 2291 2431 P.
2340 2372 2413 2431 N.
2462 2371 2879 2436 PACHOMII.

1749 2521 2144 2535 ψ

327 2653 439 2724 7,7
477 2648 640 2706 CLX.
678 2648 955 2703 Plenitudo
992 2650 1122 2721 legis
1160 2650 1408 2715 charitas,
1440 2649 1719 2705 scientibus
1750 2664 1878 2702 tem-

255 2762 376 2819 pus,
415 2744 548 2815 quia
567 2745 684 2810 jam
720 2744 872 2797 instet
901 2740 1055 2808 hora,
1088 2753 1141 2795 ut
1178 2744 1242 2796 de
1265 2760 1445 2798 somno
1477 2760 1874 2815 consurgamus,

255 2851 303 2892 et
340 2837 575 2891 vicinior
602 2836 669 2890 sit
699 2836 845 2889 salus
876 2835 995 2905 [ΑΙ.
1035 2835 1185 2890 salus
1216 2835 1432 2907 nostra]
1468 2854 1625 2907 quant
1656 2852 1714 2889 eo
1752 2845 1877 2889 tem-

254 2947 377 3001 pore
398 2945 512 3002 quo
536 2926 876 2983 credidimus.
901 2925 1025 2981 Nox
1046 2929 1326 2998 prtecessit,
1352 2929 1462 2983 dies
1485 2930 1875 2999 appropinqua-

255 3024 325 3076 vit
350 3039 370 3077 :
392 3023 725 3094 deponamus
758 3036 915 3092 opera
945 3021 1272 3074 tenebrarum
1318 3022 1511 3092 (Rom.
1550 3024 1709 3092 xm);
1752 3038 1873 3092 qua:

258 3125 374 3171 sunt
403 3115 808 3170 contentiones
832 3155 848 3180 ,
880 3113 1254 3169 detractiones
1278 3158 1293 3181 ,
1330 3115 1450 3169 odia
1478 3156 1493 3178 ,
1528 3122 1583 3169 et
1615 3116 1876 3171 tumentis

257 3208 422 3263 animi
458 3207 745 3277 superbia.
782 3206 885 3272 Qui
918 3206 1095 3262 facilis
1121 3208 1297 3263 estad
1326 3208 1759 3271 detrahendum,
1792 3210 1874 3263 di-

260 3301 438 3371 citque
472 3299 621 3371 quod
653 3315 763 3355 non
792 3309 875 3355 est
896 3342 910 3366 ,
940 3300 985 3355 si
1015 3302 1067 3355 in
1098 3299 1199 3356 hoc
1228 3312 1455 3370 peccato
1489 3302 1651 3357 fuerit
1677 3302 1873 3372 depre-

1981 2650 2125 2705 fores
2157 2653 2180 2680 ⁸
2216 2669 2230 2705 :
2272 2651 2590 2720 dabuntque
2619 2651 2669 2707 ei
2690 2652 2757 2707 ad
2784 2653 3119 2713 vescendum
3142 2653 3278 2709 foris
3304 2668 3499 2725 panem
3531 2668 3585 2711 ut

1981 2758 2199 2814 aquam,
2231 2745 2407 2799 donec
2438 2745 2731 2801 mundetur
2756 2762 2785 2800 a
2819 2747 3099 2802 sordibus.

2048 2836 2277 2893 CLXIV.
2309 2838 2409 2907 Qui
2439 2838 2601 2893 habet
2623 2840 3075 2895 consuetudinem
3101 2840 3495 2907 murmurandi,
3528 2854 3586 2897 et

1976 2934 2130 3002 quasi
2177 2934 2326 3002 gravi
2372 2947 2539 3001 opere
2587 2948 2647 2988 se
2698 2934 2931 3004 Opprimi
2982 2935 3250 3002 queritur,
3304 2934 3585 2989 docebunt

1978 3042 2099 3080 eum
2129 3025 2437 3096 quinquies,
2465 3025 2609 3095 quod
2634 3027 2752 3081 sine
2774 3041 2936 3081 causa
2962 3036 3285 3087 murmuret,
3313 3036 3369 3081 et
3396 3037 3584 3081 osten-

1978 3117 2108 3171 dent
2138 3118 2477 3187 perspicuam
2499 3117 2807 3172 veritatem.
2832 3118 2887 3173 Si
2912 3126 2966 3171 et
2989 3127 3109 3187 post
3128 3117 3232 3173 hoc
3263 3119 3582 3173 inobediens

1976 3208 2161 3267 fuerit.
2205 3217 2262 3264 et
2290 3219 2374 3263 est
2404 3208 2657 3277 perfecta}
2688 3210 2863 3263 artatis
2889 3252 2903 3273 ,
2950 3210 3021 3262 ita
3064 3226 3186 3263 eum
3221 3209 3495 3264 habebunt
3521 3221 3581 3266 ut

1980 3318 2143 3357 unum
2175 3301 2242 3356 de
2262 3303 2373 3373 78
2398 3302 2812 3371 a-grotantihus,
2843 3310 2899 3357 et
2928 3315 3160 3371 ponetur
3189 3302 3242 3355 in
3274 3300 3395 3355 loco
3429 3301 3579 3356 inllr-

262 3396 465 3452 hensus
500 3438 513 3460 ,
557 3397 860 3451 monebunt
884 3410 1007 3451 eum
1042 3396 1326 3461 secundo;
1368 3407 1423 3453 et
1451 3398 1495 3452 si
1528 3398 1715 3455 audire
1745 3414 1877 3454 con-
1902 3377 1948 3439 (ἶ
1982 3411 2226 3460 morum;
2264 3397 2447 3465 ibique
2477 3396 2652 3451 aletur
2674 3397 2905 3461 otiosus,
2930 3396 3103 3451 donec
3128 3395 3319 3452 redeat
3342 3396 3407 3449 ad
3436 3400 3546 3451 veri
3566 3428 3582 3437 -

261 3489 600 3560 tempserit,
661 3488 1010 3559 separabitur
1057 3500 1208 3544 extra
1264 3502 1591 3545 conventum
1647 3492 1873 3547 fratrum

263 3591 476 3651 septem
506 3580 730 3646 diebus,
763 3589 820 3636 et
840 3596 1032 3650 panem
1066 3590 1275 3635 tantum
1305 3598 1430 3636 cum
1453 3598 1593 3653 aqua
1620 3584 1871 3654 accipiet,

266 3669 435 3729 donec
466 3672 807 3743 polliceatur
842 3683 1006 3741 atque
1047 3674 1335 3747 conﬁrmet
1395 3688 1455 3728 se
1502 3675 1570 3728 ab
1610 3675 1712 3730 hoc
1743 3676 1875 3729 vitio

266 3778 639 3831 recessurum,
673 3774 728 3818 et
753 3765 835 3819 sic
863 3765 1168 3820 dimittetur
1199 3767 1275 3836 ei,

333 3856 517 3913 CLXI.
565 3855 867 3912 Iracundus
898 3867 955 3913 et
985 3856 1219 3913 furiosus
1260 3860 1304 3913 si
1345 3858 1660 3929 frequenter
1687 3860 1876 3917 irasci-

270 3960 351 4006 tur
370 3952 491 4006 sine
523 3964 693 4005 causa
717 3961 771 4005 et
793 3962 1020 4021 propter
1043 3967 1156 4007 rem
1184 3954 1401 4007 inanem
1430 3962 1484 4007 et
1505 3968 1749 4015 vacuam,
1778 3969 1876 4023 per

265 4055 357 4098 sex
402 4044 559 4098 vices
597 4043 1059 4107 commonebitur,
1113 4046 1165 4098 in
1219 4046 1450 4115 septima
1498 4046 1695 4102 facient
1745 4064 1870 4102 eum

267 4149 603 4206 consurgere
635 4135 703 4190 de
744 4136 937 4191 ordine
963 4137 1227 4191 sessionis
1251 4155 1383 4203 sttu',
1409 4148 1464 4193 et
1487 4141 1627 4193 inter
1650 4139 1875 4195 ultimos

268 4227 637 4283 collocabitur
681 4245 692 4280 :
741 4226 1121 4298 docebuntque
1157 4244 1281 4282 eum
1322 4238 1380 4283 ut
1420 4231 1489 4285 ab
1533 4232 1631 4285 hac
1676 4232 1875 4286 mentis

269 4319 690 4389 perturbatione
729 4318 1052 4383 mandetur;
1084 4335 1312 4388 cumque
1342 4331 1454 4376 tres
1490 4322 1684 4391 dignos
1718 4324 1874 4377 testi-

274 4414 456 4467 monio
486 4421 696 4476 testes,
744 4412 836 4482 qui
880 4428 977 4481 pro
1015 4428 1081 4467 eo
1114 4413 1495 4479 polliceantur,
1535 4430 1874 4484 nequaquam

272 4506 449 4560 simile
471 4507 601 4574 quid
623 4521 749 4561 esse
775 4506 1070 4574 facturum,
1095 4506 1401 4569 adduxerit,
1427 4507 1652 4573 recipiet
1676 4508 1878 4561 sessio-

280 4608 400 4647 nem
426 4609 600 4649 suam.
633 4595 881 4666 Alioquin
911 4598 953 4652 si
982 4597 1345 4666 permanserit
1370 4596 1426 4649 in
1453 4594 1606 4659 vitio,
1634 4610 1877 4651 moretur

278 4685 422 4741 inter
452 4688 672 4741 ultimos
701 4688 913 4759 perdito
944 4690 1130 4760 priore
1163 4691 1303 4745 loco.

1986 3498 2171 3543 tatem.
2204 3486 2296 3542 Sin
2321 3498 2499 3541 autem
2520 3488 2665 3557 justa
2690 3497 2775 3543 est
2796 3486 2941 3542 illius
2968 3490 3214 3557 querela,
3240 3499 3293 3541 et
3319 3502 3349 3541 a
3375 3489 3583 3558 majore

1984 3580 2165 3650 inique
2194 3578 2560 3649 Opprimitur;
2605 3581 2693 3649 qui
2728 3596 2851 3634 eum
2884 3580 3365 3648 scandaliaaverit,
3398 3580 3578 3638 eidem

1982 3670 2265 3726 sententire
2292 3670 2615 3740 subjacebit.

2050 3763 2255 3820 CLXV.
2282 3766 2338 3820 Si
2364 3764 2685 3820 inobediens
2708 3767 2831 3836 quis
2854 3765 3037 3832 fuerit,
3061 3777 3153 3821 aut
3178 3770 3582 3835 contentiosus,

1979 3866 2071 3911 aut
2109 3857 2505 3921 contradictor,
2546 3869 2638 3911 aut
2681 3859 2945 3925 mendax,
3002 3869 3056 3913 et
3107 3867 3189 3914 est
3234 3858 3261 3899 δ
3304 3862 3581 3932 perfrictte

1980 3951 2197 4017 frontis,
2224 3952 2407 4008 decies
2430 3952 2889 4017 commonebitur,
2915 3962 2975 4007 ut
3002 3952 3232 4007 desistat
3258 3969 3285 4003 a
3316 3954 3463 4007 vitiis
3492 3972 3503 4005 :
3533 3956 3582 4009 si

1980 4044 2169 4098 audire
2199 4045 2462 4108 noluerit,
2496 4046 2810 4099 monasterii
2842 4045 3051 4113 legibus
3082 4043 3471 4111 iucrepabitur.
3507 4046 3583 4100 At

1980 4136 2026 4190 si
2053 4152 2149 4204 per
2171 4137 2395 4191 alterius
2414 4138 2628 4206 culpam
2656 4138 2722 4191 ad
2749 4139 2866 4191 lucc
2895 4138 3021 4191 vitia
3046 4136 3375 4199 devolvitur,
3398 4148 3453 4190 et
3478 4137 3580 4193 hoc

1981 4227 2144 4283 fuerit
2167 4229 2576 4299 comprobatum
2612 4248 2623 4281 :
2657 4230 2745 4284 ille
2768 4229 2858 4299 qui
2883 4242 3045 4283 causa
3069 4227 3299 4293 exstitit,
3327 4216 3454 4284 reus
3475 4230 3585 4285 erit

1983 4320 2229 4375 ultionis.

2050 4414 2283 4469 CLXVI.
2318 4416 2377 4471 Si
2414 4416 2786 4485 deprehensus
2826 4414 2993 4469 fuerit
3022 4414 3220 4485 aliquis
3258 4429 3289 4469 e
3327 4412 3582 4473 fratribus

1983 4504 2215 4559 libenter
2243 4521 2364 4559 eum
2399 4507 2585 4574 pueris
2617 4507 2798 4559 ridere
2824 4516 2877 4559 et
2908 4506 3121 4571 ludere,
3146 4518 3199 4560 et
3223 4506 3424 4561 habere
3444 4509 3585 4562 ami-

1981 4595 2140 4650 citias
2169 4598 2348 4651 aetatis
2378 4598 2629 4659 intimum,
2662 4594 2824 4650 tertio
2855 4597 3309 4663 commonebitur,
3340 4606 3397 4653 ut
3428 4614 3584 4654 rece-

1983 4685 2077 4739 dat
2106 4687 2175 4740 ab
2206 4702 2394 4740 eorum
2428 4685 2853 4749 necessitudine,
2878 4696 2931 4740 et
2958 4701 3164 4741 memor
3185 4689 3255 4743 sit
3277 4689 3583 4745 honestatis

344 4777 552 4834 CLXII.
596 4780 696 4847 Qui
728 4782 924 4836 falsum
949 4759 1109 4853 cupit
1134 4783 1367 4854 probare
1390 4789 1582 4835 contra
1611 4782 1843 4836 alterum
1864 4822 1879 4844 ,
1908 4759 1963 4817 D
1986 4791 2041 4833 et
2069 4780 2279 4832 timoris
2309 4778 2438 4841 Dei;
2473 4781 2515 4831 si
2550 4793 2653 4829 non
2682 4778 2999 4840 cessaverit,
3034 4780 3383 4848 corripietur,
3417 4792 3474 4834 ut
3500 4784 3584 4835 tli-

279 4880 335 4927 ut
360 4875 635 4944 opprimat
676 4875 1027 4933 innocentem
1052 4917 1066 4941 ,
1115 4880 1277 4931 tertio
1303 4876 1780 4941 commonebitur;
1825 4885 1881 4929 et

280 4976 458 5033 postea
506 4982 631 5022 reus
668 4968 776 5021 erit
815 4967 1157 5038 iniquitatis,
1199 4970 1314 5023 sive
1353 4968 1421 5022 de
1455 4967 1732 5037 prioribus
1772 4968 1877 5031 sit,

277 5057 386 5111 sive
414 5058 481 5111 de
515 5059 891 5114 inferioribus.

344 5149 573 5207 CLXIII.
616 5152 721 5221 Qui
763 5153 927 5210 habet
966 5156 1261 5225 pessimam
1294 5154 1782 5219 consuetudinem,
1824 5164 1882 5209 ut

278 5242 466 5300 fratres
492 5259 621 5301 suos
652 5260 914 5302 sermone
944 5247 1242 5313 sollicitet,
1282 5257 1337 5303 et
1367 5257 1641 5318 pervertat
1669 5248 1879 5303 animas

278 5339 685 5407 simpliciorum,
714 5340 880 5393 tertio
906 5338 1367 5406 commonebitur;
1390 5341 1436 5396 si
1461 5340 1875 5411 contempserit,

281 5437 337 5483 et
358 5430 629 5485 obstinato
653 5430 845 5485 animo
867 5434 922 5485 in
945 5432 1150 5487 duritia
1174 5433 1629 5503 perseveraverit,
1658 5447 1880 5502 separa-

282 5518 409 5575 bunt
435 5536 552 5577 eum
584 5531 743 5579 extra
775 5524 1171 5579 monasterium
1199 5564 1215 5590 ,
1261 5533 1317 5578 et
1342 5521 1726 5578 verberabitur
1750 5533 1879 5579 ante

353 5738 376 5765 ι
415 5728 644 5784 Additur
673 5730 729 5785 in
776 5730 951 5801 prima
978 5730 1225 5787 editione
1266 5745 1299 5783 a
1336 5727 1550 5801 triginta
1587 5741 1787 5792 novem,
1829 5726 1885 5781 id

289 5809 388 5866 est,
438 5799 808 5856 verberabitur.
878 5800 994 5855 Vid.
1048 5816 1216 5873 supra
1264 5813 1386 5869 cap.
1443 5799 1545 5854 149
1595 5807 1893 5865 notamque

1982 4884 2121 4939 gnos
2149 4879 2264 4931 est,
2297 4871 2641 4937 correptione
2672 4869 3041 4923 severissima.

2055 4960 2311 5018 CLXVII.
2361 4959 2461 5027 Qui
2494 4969 2848 5012 contemnunt
2895 4969 3166 5032 praecepta
3219 4961 3483 5033 majorum
3521 4976 3571 5023 et

1982 5055 2197 5124 regulas
2241 5050 2589 5116 monasterii,
2632 5067 2752 5121 qua:
2796 5051 2893 5108 Dei
2945 5067 3221 5126 pra-cepto
3268 5060 3578 5114 constituta:

1986 5154 2135 5213 sunt,
2167 5156 2222 5202 et
2241 5145 2398 5217 parvi
2427 5144 2673 5215 pendunt
2700 5146 2980 5203 seniorum
3004 5150 3261 5217 consilia,
3280 5150 3583 5221 corripien-

1986 5242 2239 5313 turjuxta
2268 5242 2511 5297 ordinem
2532 5240 2911 5311 constitutum,
2940 5244 3116 5300 donec
3138 5246 3507 5315 corrigantur.

2059 5334 2330 5393 CLXVIII.
2362 5335 2463 5403 Qui
2491 5334 2658 5405 judex
2693 5346 2777 5391 est
2815 5340 3061 5392 omnium
3098 5345 3488 5408 peccatorum,
3529 5350 3587 5396 et

1989 5430 2348 5501 perversitate
2373 5428 2571 5482 mentis
2590 5468 2605 5491 ,
2649 5428 2735 5483 vel
2761 5429 3094 5499 negligentia
3124 5428 3412 5497 reliquerit
3440 5431 3584 5487 veri-

1991 5519 2389 5592 tatem,viginti
2417 5517 2522 5573 viri
2551 5518 2727 5573 sancti
2754 5530 2809 5575 et
2839 5519 3097 5574 timentes
3119 5516 3315 5582 Deum,
3348 5517 3464 5575 sive
3491 5520 3588 5579 de-

1994 5726 2118 5781 huic
2140 5724 2262 5779 loco
2290 5720 2733 5792 respondentem.

2070 5794 2097 5833 ὶ
2137 5795 2340 5852 Eadem
2370 5789 2397 5854 ,⁷
2432 5801 2480 5845 et
2520 5800 2593 5843 est
2626 5791 2869 5858 perfecta:
2895 5789 3062 5843 atatis
3084 5829 3100 5854 ,
3141 5800 3204 5848 ut
3232 5793 3287 5849 in
3311 5806 3434 5864 sup.
3466 5807 3568 5867 cap
3574 5822 3596 5859 ,-
