4056 6292
509 242 577 298 87
1256 238 1264 242 ’
1457 241 1517 299 S.
1562 240 1835 300 EUSEBII
1872 240 2263 299 HIERONYMI
2302 244 2887 304 INTERPRETATIO.

3740 216 3853 311 ss~

523 364 3815 395 Μ

1097 538 1249 621 SS.
1328 538 1497 619 PP;
1574 534 2169 621 PACHOMII
2243 537 2394 619 ET
2468 537 3221 623 THEODORICI

721 672 1672 856 .EPISTOLIE,
1812 725 2019 830 ET
2144 724 2691 829 VERBA
2821 723 3554 833 MYSTICA.

641 1128 981 1185 EPISTOLA
1024 1126 1273 1183 PATRIS
1327 1125 1578 1183 NOSTRI
1631 1124 1960 1182 PACHOMII

496 1266 578 1321 Ad
602 1276 836 1320 sanctunt
854 1265 1021 1319 virum
1040 1263 1358 1329 Cornelium,
1382 1264 1469 1333 qui
1498 1262 1656 1318 Pater
1678 1265 1777 1335 fuit
1807 1262 2104 1316 monasterii

572 1359 958 1414 Mochanseos:
986 1359 1038 1411 in
1086 1373 1187 1427 qua
1236 1358 1460 1428 loquitur
1499 1361 1657 1430 juxta
1706 1358 1935 1427 linguam
1990 1371 2105 1425 qua:

570 1451 818 1505 ambobus
854 1452 916 1504 ab
949 1451 1147 1521 Angela
1174 1449 1367 1503 tradita
1392 1460 1484 1517 est,
1516 1461 1563 1504 et
1591 1452 1741 1522 cujus
1787 1466 1880 1503 nos
1920 1465 2104 1502 sonum

568 1546 881 1611 audivimus,
913 1554 1154 1601 ueterum
1183 1544 1315 1599 vires
1364 1554 1412 1599 et
1448 1560 1654 1599 sensum
1682 1543 1966 1614 intelligere
2003 1558 2105 1596 non

575 1655 870 1710 possumus.

574 1776 617 1830 l.
660 1776 807 1831 Deus
837 1776 1076 1844 sapiens,
1104 1774 1253 1829 Deus
1304 1773 1511 1843 absque
1557 1772 1684 1828 ullis
1729 1770 2108 1827 occasionibus

500 1867 699 1933 bonus,
736 1868 876 1922 Deus
906 1871 1023 1921 sine
1045 1865 1192 1922 omni
1221 1865 1465 1934 querela,
1491 1864 1645 1919 dedit
1674 1865 1917 1935 requiem
1948 1863 2110 1933 spiri-

498 1961 578 2015 tui
634 1971 725 2015 tuo
752 1980 765 2016 :
795 1971 848 2016 et
895 1968 952 2015 tu
995 1962 1063 2015 da
1104 1960 1345 2030 requiem
1390 1958 1589 2014 animus
1630 1966 1775 2014 tuae:
1810 1967 1866 2013 ut
1900 1958 2110 2013 laetetur

495 2052 628 2108 Sion
662 2053 714 2107 in
747 2053 943 2109 diebus
971 2053 1269 2108 nativitatis
1315 2066 1449 2107 suae.
1480 2051 1589 2107 Fac
1619 2066 1757 2121 Opus
1789 2052 1933 2115 Ioue,
1965 2049 2108 2121 quod

500 2155 753 2201 vocatum
781 2155 864 2200 est
886 2143 928 2198 Υ
958 2144 1010 2198 ἰιι
1039 2144 1234 2198 diebus
1261 2144 1605 2214 antiquiszet
1631 2158 1775 2213 pone
1801 2141 1952 2197 Delta
1982 2149 2109 2196 ante

500 2236 712 2303 oculos,
743 2247 798 2291 ιιι
841 2237 986 2291 bene
1017 2237 1089 2290 sit
1123 2237 1319 2290 animae
1353 2244 1479 2289 tuas.
1510 2234 1593 2289 Ro
1633 2233 1861 2289 tetendit
1889 2247 2109 2287 manum

497 2343 677 2395 suam,
708 2339 765 2383 ut
814 2329 1128 2399 perveniret
1173 2328 1241 2383 ad
1271 2337 1359 2393 te;
1392 2327 1538 2398 quod
1564 2337 1648 2382 est
1689 2327 1798 2381 Iota
1827 2345 1840 2379 :
1870 2325 1975 2382 hoc
2026 2334 2112 2381 est

498 2424 812 2491 sepulcrum
838 2421 1081 2477 cubiculi
1121 2422 1219 2476 tui.
1270 2420 1416 2476 Cane
1457 2431 1512 2476 tu
1549 2433 1615 2487 Ω,
1647 2436 1716 2476 ne
1752 2420 1893 2475 forte
1940 2433 1982 2476 Ω
2014 2420 2111 2475 tibi

2131 1128 2185 1188 Α
2210 1124 2393 1196 possis
2423 1123 2605 1194 legere
2629 1139 2755 1196 qua:
2796 1125 2998 1195 scripta
3030 1134 3182 1180 sunt.
3214 1125 3456 1182 Attende
3492 1125 3809 1198 diligenter,

2214 1227 2270 1274 et
2297 1232 2428 1273 cave
2458 1233 2526 1273 ne
2554 1218 2766 1273 scribas
2799 1218 2947 1273 Delta
2980 1232 3145 1288 super
3172 1218 3295 1287 Phi,
3330 1230 3381 1275 et
3410 1221 3814 1278 inveterescant

2205 1310 2324 1366 dies
2375 1309 2488 1375 tui,
2522 1319 2578 1366 et
2626 1326 2781 1382 aqua:
2829 1321 2935 1365 tuae
2977 1311 3388 1367 imminuantur.
3423 1312 3726 1382 Memento,
3757 1324 3814 1370 et

2206 1402 2390 1458 scribe
2423 1400 2592 1457 Theta
2621 1411 2679 1456 et
2711 1402 2790 1456 Ro
2811 1443 2827 1470 ,
2863 1411 2923 1457 ιιι
2950 1402 3034 1457 Ro
3061 1402 3342 1459 scribatur
3364 1404 3529 1460 bene.

2371 1534 2714 1593 EPISTOLA
2750 1536 3000 1594 PATRIS
3036 1537 3290 1595 NOSTRI
3329 1539 3662 1597 PACHOMII

2281 1648 2363 1702 Ad
2386 1647 2601 1704 Patrem
2642 1651 2945 1705 monasterii
2980 1650 3311 1719 Cornelium,
3355 1655 3492 1724 quod
3529 1666 3742 1712 vocatur

2837 1739 2894 1795 Μ
2899 1742 3197 1797 ochanseos.

2283 1851 2372 1907 lll.
2405 1852 2622 1908 Honora
2669 1854 2979 1922 Dominum,
3004 1863 3061 1910 et
3084 1856 3506 1915 confortaberis.
3539 1861 3814 1921 Memento

2211 1945 2445 2016 gemitus
2485 1960 2821 2002 sanctorum.
2870 1947 3077 2005 Simma
3117 1959 3173 2006 et
3199 1950 3300 2005 Phi
3330 1952 3424 2007 ﬁat
3451 1971 3465 2008 :
3493 1952 3686 2010 domus
3722 1964 3811 2011 ttta

2208 2040 2361 2109 juxta
2396 2054 2571 2094 annos
2603 2050 2728 2095 tuos
2756 2042 2828 2096 sit
2850 2041 3117 2113 disposita
3138 2085 3154 2110 ,
3184 2043 3339 2114 juxta
3371 2047 3619 2116 exempla
3653 2062 3813 2104 sanc-

2215 2142 2390 2187 torum
2410 2175 2426 2201 ,
2456 2149 2567 2190 non
2596 2135 2649 2190 in
2674 2135 2812 2192 cibis
2843 2138 3274 2209 temporalibus,
3307 2156 3482 2212 neque
3508 2144 3564 2197 in
3597 2144 3707 2198 ulla
3738 2146 3816 2200 si-

2213 2227 2524 2283 militudine
2569 2244 2797 2297 eorum,
2844 2246 2967 2300 qute
3008 2231 3267 2287 videntur
3311 2234 3365 2288 in
3414 2235 3555 2290 caalo
3599 2236 3718 2291 sive
3760 2236 3811 2292 in

2217 2330 2384 2377 terra.
2419 2320 2689 2376 Habetote
2719 2335 2795 2389 Ω,
2828 2333 2886 2377 ιιι
2916 2323 3138 2389 possitis
3169 2339 3458 2382 occurrere
3490 2326 3601 2383 Deo
3628 2328 3680 2382 in
3724 2328 3815 2384 die

2214 2413 2580 2481 visitationis,
2621 2414 2842 2469 liberati
2874 2414 2942 2470 ab
2988 2417 3366 2486 increpatione
3395 2418 3641 2476 Marthae.
3678 2420 3811 2476 Para

496 2521 656 2568 canat
682 2515 943 2569 steculum
972 2511 1523 2581 impudentissimum.
1548 2512 1786 2567 La-tetur
1810 2522 2009 2579 tecum,
2040 2506 2440 2575 neBdomum
2495 2516 2639 2561 luam
2696 2508 2997 2563 secundum
3052 2510 3316 2567 terminos
3370 2512 3509 2583 ejus.
3568 2514 3812 2571 Observa

495 2612 557 2659 tu
574 2618 698 2660 cum
721 2605 923 2659 saeculo
939 2604 1179 2675 gaudeas
1198 2604 1608 2673 procacissimo.
1628 2604 1901 2659 Memento
1924 2604 2107 2659 ﬂeta}:

499 2712 570 2753 ne
601 2696 954 2752 obliviscaris
984 2695 1371 2761 Kalendarum,
1391 2711 1513 2765 quae
1539 2706 1666 2750 sunt
1685 2696 1802 2751 dies
1824 2707 2111 2768 pauperta-

500 2790 572 2843 tis
601 2798 656 2844 et
676 2788 875 2844 cubilis
906 2788 1003 2842 tui.
1033 2788 1186 2842 Tolle
1213 2788 1309 2842 tibi
1326 2787 1462 2855 lota,
1494 2788 1637 2858 quod
1666 2790 1997 2860 praecipuum
2029 2799 2113 2845 est

500 2898 572 2937 ex
599 2882 720 2937 eis:
753 2897 859 2937 non
902 2882 1045 2937 enim
1090 2892 1204 2936 erat
1236 2881 1477 2937 Lambda
1512 2881 1565 2937 in
1598 2882 1763 2949 Heta;
1797 2894 1854 2939 et
1905 2884 2110 2940 idcirco

500 2974 774 3031 enutritus
805 2990 866 3030 es
886 2974 1006 3029 sine
1035 2974 1248 3044 pannis.
1275 2973 1570 3030 Revertere
1594 2975 1661 3031 ad
1692 2975 1964 3032 Kalendas
1987 2993 2109 3047 qua:

500 3077 631 3124 sunt
656 3067 746 3133 Xi,
775 3067 841 3123 de
872 3066 914 3121 Y
944 3076 1279 3137 paraverunt
1312 3068 1546 3137 plaustra
1577 3068 1909 3124 tabernaculi
1955 3069 2110 3123 Prin-

500 3161 652 3231 cipes
686 3161 948 3227 tribuum,
971 3170 1026 3216 et
1050 3160 1367 3217 obtulerunt
1412 3176 1478 3217 ea
1504 3162 1772 3230 lartantes,
1805 3173 2108 3234 cunctaque

501 3254 643 3310 dona
691 3269 816 3310 cum
844 3254 991 3308 omni
1035 3252 1250 3323 gaudio.
1296 3254 1363 3309 Et
1393 3264 1447 3310 tu
1489 3264 1548 3310 ut
1593 3257 1812 3325 sapiens
1838 3273 2107 3328 cognosce

499 3347 757 3416 capillum
791 3348 987 3417 capitis
1021 3346 1096 3401 tui
1123 3349 1175 3401 in
1199 3347 1306 3413 via,
1332 3355 1392 3402 ut
1410 3349 1593 3403 veniat
1616 3352 1787 3419 gratia
1815 3366 1977 3420 super
1999 3351 2103 3417 his,

500 3455 621 3509 quae
638 3449 763 3494 sunt
786 3439 903 3494 dies
932 3440 1254 3495 innocentia:
1278 3450 1403 3495 tuae.
1428 3439 1698 3509 Numquid
1722 3458 1827 3497 non
1849 3443 2106 3500 Kalendte

501 3542 630 3588 sunt
660 3532 817 3588 Tau?
849 3532 983 3588 lleta
1014 3544 1097 3587 est
1128 3532 1355 3589 Pascha.
1386 3532 1442 3587 In
1475 3532 1560 3588 his
1584 3537 1837 3591 omnibus
1874 3552 1939 3589 ne
1968 3535 2106 3591 obli-

500 3627 728 3682 viscaris
768 3627 1011 3694 Simmte,
1043 3626 1190 3695 quod
1234 3636 1458 3680 vocatur
1495 3627 1710 3697 quidem
1755 3627 1983 3697 Simma,
2007 3630 2104 3685 sed

497 3717 669 3772 habet
705 3718 1143 3773 communionem
1190 3732 1314 3771 cum
1360 3716 1441 3771 Ro
1471 3735 1485 3772 :
1521 3718 1739 3774 donavit
1773 3720 1847 3774 illi
1896 3732 2100 3790 partem

499 3825 681 3875 suam,
737 3820 793 3863 ut
837 3810 931 3864 (lat
978 3809 1132 3864 dives
1180 3809 1232 3862 in
1278 3808 1590 3866 (λιλαίεται
1634 3810 1795 3881 hujus
1844 3812 2100 3883 Epistolas

2214 2601 2389 2657 Theta
2414 2644 2429 2671 ,
2463 2617 2531 2657 ne
2575 2617 2703 2658 reus
2744 2605 2821 2659 sis
2866 2603 3261 2675 increpationis
3290 2606 3440 2677 ejus,
3474 2609 3560 2664 cui
3608 2609 3810 2665 dictum

2215 2702 2321 2759 est,
2349 2692 2530 2748 Redde
2549 2694 2804 2748 rationem
2831 2695 3233 2764 dispensationis
3263 2708 3364 2753 tua:
3386 2699 3539 2773 (Luc.
3570 2699 3701 2774 xvn);
3727 2701 3811 2757 vel

2214 2786 2360 2842 illius
2387 2787 2480 2858 qui
2509 2787 2748 2842 comedit
2777 2798 2832 2843 et
2859 2788 2999 2845 bibit
3028 2804 3150 2844 cum
3174 2790 3368 2859 ebriis,
3394 2792 3614 2863 quando
3640 2794 3815 2850 noluit

2213 2879 2436 2947 fodere,
2472 2895 2569 2934 nec
2616 2880 2749 2935 dare
2780 2882 3064 2937 conservis
3094 2882 3300 2938 cibaria
3330 2887 3384 2940 in
3424 2895 3675 2955 tempore
3712 2902 3813 2942 suo

2213 2971 2433 3044 (Matth.
2472 2972 2649 3045 sxw).
2686 2973 2814 3029 Ideo
2842 2974 3198 3031 reddiderunt
3222 2977 3270 3032 ei
3296 3018 3309 3043 ,
3341 2978 3468 3047 quia
3498 2978 3699 3034 oblitus
3728 2989 3813 3035 est

2212 3066 2349 3137 legis
2380 3067 2496 3133 Dei,
2528 3077 2582 3122 et
2615 3066 2864 3123 inﬁrmos
2893 3070 3119 3124 visitare
3143 3071 3486 3142 contempsit.
3518 3073 3586 3128 Et
3606 3073 3812 3129 idcirco

2211 3158 2476 3215 ﬂuctuare
2504 3161 2701 3229 capit,
2745 3172 2799 3216 et
2823 3160 3068 3233 indigere
3097 3178 3271 3233 pane:
3309 3165 3530 3221 imitans
3560 3166 3809 3223 homines

2209 3251 2707 3308 eonlldentissimos
2747 3263 2798 3307 et
2831 3264 3190 3324 arrogantes,
3239 3258 3333 3327 qui
3371 3259 3666 3314 noluerunt
3706 3260 3809 3316 do-

2210 3358 2357 3398 mum
2387 3344 2471 3398 lli.
2503 3343 2697 3409 Homo,
2715 3360 2988 3416 cognosce
3005 3363 3126 3417 quae
3149 3348 3428 3419 dicuntur,
3455 3352 3578 3421 quia
3600 3352 3806 3410 bellum

2206 3434 2423 3490 Domini
2472 3436 2526 3490 in
2558 3437 2809 3491 manibus
2834 3452 3025 3493 eorum
3051 3449 3166 3508 est,
3199 3451 3253 3497 et
3281 3442 3546 3499 creditum
3575 3456 3659 3501 est
3687 3447 3804 3515 eis,

2210 3536 2268 3582 ut
2296 3538 2546 3598 regerent
2572 3543 2795 3585 carnem
2820 3544 2997 3597 suam,
3029 3540 3082 3588 et
3110 3541 3256 3589 stare
3287 3533 3535 3592 facerent
3555 3554 3569 3591 :
3592 3538 3636 3592 si
3666 3537 3808 3595 forte

2210 3628 2439 3690 possent
2464 3620 2707 3693 ell‘ugere
2733 3622 3161 3694 inerepationem
3196 3626 3469 3695 Danielis,
3504 3639 3554 3684 et
3589 3631 3802 3688 ruinam

2208 3714 2377 3784 Esau,
2408 3725 2462 3771 et
2491 3717 2747 3773 duritiam
2778 3718 2955 3785 Moab,
2983 3729 3037 3775 et
3059 3720 3424 3778 defectionem
3457 3726 3725 3790 lsmaelis,
3749 3736 3805 3783 et

2205 3807 2495 3865 illecebras
2524 3810 2832 3866 saturitatis
2863 3826 2927 3866 ac
2952 3812 3159 3868 ventris
3180 3857 3193 3880 ,
3225 3816 3350 3885 quia
3392 3828 3697 3888 sapucrunt
3738 3836 3801 3874 ca

497 3901 722 3971 scriptae
749 3899 1071 3964 suntDelta,
1095 3910 1149 3953 et
1182 3898 1313 3953 lota.
1342 3900 1527 3955 Saluta
1556 3912 1718 3972 caput
1748 3914 1805 3959 et
1832 3906 2017 3975 pedes,
2049 3918 2103 3963 et
2130 3899 2175 3963 C
2207 3917 2327 3971 qua!
2371 3916 2536 3972 super
2565 3912 2764 3957 terram
2794 3914 2942 3959 sunt.
2972 3905 3319 3963 Abundanlia
3350 3921 3530 3967 autem
3558 3911 3799 3968 hominis

501 4007 715 4058 manus,
744 4001 801 4048 et
844 3990 1058 4057 oculos,
1090 4000 1145 4046 et
1189 3992 1397 4062 reliqua
1443 3993 1665 4064 spiritus
1700 3997 1798 4065 tui,
1828 4014 1949 4069 qua:
1978 4008 2105 4055 sunt

499 4087 696 4157 Alpha.

667 4202 1006 4262 EPISTOLA
1046 4206 1293 4263 PATRIS
1332 4206 1586 4265 nosrm
1624 4207 1949 4265 PACHOMII
1992 4185 1997 4190 ’

494 4317 577 4371 Ad
601 4316 809 4375 Patrem
833 4323 1134 4377 monasterii
1160 4322 1378 4394 Syrum,
1403 4325 1493 4393 qui
1518 4335 1565 4379 et
1596 4326 1703 4395 ipse
1731 4327 1954 4395 gratiam
1976 4340 2093 4380 cum

566 4410 856 4469 Pttcltomio
884 4426 931 4468 et
962 4413 1203 4469 Cornelio
1230 4417 1492 4487 Angelica:
1514 4417 1707 4489 linguae
1726 4428 2017 4488 acceperat.

565 4550 759 4623 8511.
781 4552 1053 4608 Memento
1083 4570 1201 4623 qum
1215 4554 1529 4623 scripserim
1549 4554 1645 4608 tibi
1676 4554 1733 4621 Υ,
1768 4555 1819 4608 in
1846 4556 2086 4625 Epistula

492 4653 719 4714 propter
754 4644 869 4699 Tau
914 4649 1209 4717 scriptum,
1246 4656 1301 4700 et
1341 4646 1668 4712 recordare,
1714 4658 1769 4702 et
1804 4648 1983 4702 scribe
2024 4648 2086 4703 Ni

486 4745 717 4807 propter
750 4736 956 4793 Simma
985 4738 1127 4807 quod
1155 4740 1417 4809 scriptum
1460 4748 1565 4794 est.
1596 4739 1865 4810 Numquid
1884 4738 1951 4795 Χῖ
1978 4756 2085 4796 non

483 4841 571 4887 est
600 4829 667 4898 Υ,
709 4830 852 4901 quod
885 4832 936 4886 in
978 4831 1165 4902 Kappa
1196 4832 1575 4888 convertitur?
1599 4832 1657 4888 In
1701 4833 1787 4888 his
1827 4834 2083 4891 omnibus

480 4926 806 4992 recordare,
839 4935 899 4981 et
930 4927 1109 4981 scribe
1156 4926 1218 4980 Ni
1268 4936 1323 4981 et
1370 4926 1482 4981 lota
1529 4936 1587 4981 ttt
1631 4927 1807 4997 Alpha
1856 4928 2081 4995 pulchre

480 5016 757 5073 scribatur
807 5019 862 5072 in
908 5020 1139 5088 gratiam
1195 5019 1562 5074 cxcelsorum.
1610 5019 1918 5091 Numquid,
1968 5022 2080 5094 86

479 5108 603 5164 Moe
626 5123 733 5162 non
763 5118 845 5163 est
866 5107 910 5161 Υ
936 5117 991 5163 et
1013 5108 1201 5179 Kappa
1228 5127 1242 5163 :
1271 5108 1457 5180 Kappa
1487 5128 1595 5166 non
1624 5123 1708 5167 est
1730 5112 1883 5168 Tau?
1910 5114 2075 5184 Aperi

2204 3995 2472 4065 sapientia
2518 3994 2637 4065 ejus
2680 4005 2784 4052 est.
2829 3996 2873 4050 0
2926 3997 3137 4064 homo,‘
3167 4001 3321 4057 trade
3350 4001 3655 4075 disciplina:
3703 4021 3799 4061 cor

2203 4098 2388 4155 tuum,
2425 4104 2491 4145 ne
2519 4089 2853 4161 multiplices
2891 4103 3142 4149 mortuos
3178 4094 3232 4148 in
3264 4106 3579 4170 contemptu
3621 4111 3675 4156 et
3702 4116 3795 4156 ne-

2198 4180 2453 4252 gligentia
2487 4191 2610 4246 tua,
2644 4192 2868 4253 propter
2903 4199 3155 4240 errorem
3187 4185 3371 4243 cordis
3404 4191 3504 4246 tui.
3532 4190 3577 4245 0
3606 4192 3792 4258 homo,

2199 4291 2268 4331 ne
2296 4276 2532 4331 visibilia
2564 4275 2855 4347 despicias.
2888 4278 3254 4337 Merccnarins
3297 4298 3405 4338 non
3450 4295 3531 4339 est
3563 4296 3748 4356 pastor
3777 4304 3790 4341 :

2197 4366 2252 4422 in
2282 4367 2529 4422 tenebris
2557 4368 2748 4439 vulpes
2786 4371 3102 4427 comedunt.
3135 4372 3285 4429 Tene
3329 4375 3571 4445 gladium
3604 4380 3790 4448 gloria:

2198 4468 2323 4527 tute,
2358 4475 2629 4531 cognosce
2655 4462 2877 4519 loricam
2897 4464 3148 4534 iustitia),
3174 4474 3228 4520 et
3255 4482 3323 4522 ne
3348 4479 3668 4527 contemnas
3695 4470 3790 4525 ha-

2194 4552 2491 4608 bitaculum
2525 4555 2829 4625 sapientiae.
2863 4554 2970 4610 Fac
3002 4556 3101 4611 tibi
3130 4558 3413 4623 sacculos,
3454 4563 3544 4631 qui
3575 4577 3680 4617 non
3708 4563 3786 4618 in-

2192 4659 2578 4705 veterescant:
2618 4661 2675 4706 ut
2706 4654 2884 4723 possis
2914 4654 2980 4709 ad
3016 4654 3261 4712 foramen
3290 4659 3538 4728 aspidum
3570 4661 3787 4716 mittere

2189 4757 2432 4797 manum.
2464 4742 2541 4799 Ne
2568 4746 2861 4801 inebrieris
2888 4750 3038 4815 vino,
3065 4765 3133 4804 ex
3164 4766 3271 4821 quo
3296 4751 3469 4806 ruinae
3502 4751 3641 4807 ﬁunt
3667 4753 3781 4824 plu-

2186 4838 2375 4903 rimae,
2404 4850 2461 4894 et
2496 4840 2777 4895 ambulant
2807 4842 2935 4897 nudi
2966 4857 3134 4914 super
3174 4853 3399 4901 terram.
3420 4844 3611 4917 Cogita
3641 4847 3782 4919 quod

2186 4927 2271 4984 les
2302 4928 2429 4983 data
2464 4930 2537 4985 sit
2564 4931 2633 4986 de
2666 4932 2900 4988 muliere
2933 4945 3299 5006 menstruata,
3334 4949 3392 4993 ut
3419 4947 3573 4995 extra
3603 4948 3779 4994 castra

2183 5022 2541 5091 projiciatur:
2578 5023 2679 5078 vim
2712 5025 2859 5079 enim
2903 5026 3020 5096 ejus
3053 5036 3239 5084 strata:
3267 5042 3393 5087 sunt
3419 5032 3613 5101 Spinis.
3643 5032 3780 5087 Pau-

2181 5123 2365 5187 pertas
2389 5115 2643 5171 humiliat
2674 5117 2875 5186 virum,
2903 5129 2961 5174 et
2984 5121 3259 5190 perstillat
3286 5123 3505 5191 domus,
3531 5124 3622 5180 ubi
3642 5124 3779 5179 otio-

474 5214 541 5253 os
565 5208 741 5265 tuum,
767 5198 957 5254 etleva
989 5199 1183 5253 faciem
1207 5208 1450 5265 tuam,ut
1479 5204 1621 5257 oculi
1654 5204 1727 5257 tui
1758 5204 2077 5269 videant,ct
2179 5223 2257 5264 sas
2287 5219 2415 5263 sunt
2449 5224 2663 5265 manus.
2710 5209 2788 5265 Ne
2823 5212 3121 5269 inlirmeris
3150 5215 3215 5270 ad
3251 5216 3439 5289 plagas
3469 5219 3740 5289 lignorum
3761 5259 3774 5282 ,

541 5355 567 5383 ⁸
603 5346 686 5426 _De
719 5345 873 5426 hisce
890 5343 1136 5426 epistolis
1157 5342 1469 5426 Gennadius
1489 5359 1608 5426 cap.
1631 5346 1697 5399 7:
1724 5344 2060 5426 Pas-homins,
2087 5349 2141 5409 D
2168 5363 2328 5426 unum
2356 5349 2616 5419 antiquius
2646 5352 3036 5426 monasterium,
3069 5354 3207 5426 quod
3244 5354 3425 5425 lingua
3455 5355 3774 5426 ﬂgyptiaca

465 5418 662 5488 inquit,
689 5418 894 5488 scripsit
924 5414 994 5470 ad
1021 5414 1247 5488 collegas
1269 5414 1636 5487 Pra'positura:
1662 5431 1773 5471 sua:
1797 5414 2061 5488 epistolas,

2164 5417 2335 5491 Baum
2378 5417 2606 5486 vocatur,
2632 5422 2928 5491 congregati
2972 5417 3192 5476 Pascha:
3220 5417 3355 5479 diem
3406 5417 3771 5481 velarit-terna

461 5489 517 5543 in
537 5484 717 5557 quibus
737 5484 1322 5559 Alphabetummgsticis
1345 5484 1529 5540 tectum
1546 5487 1902 5559 sacramentis,
1929 5484 2065 5559 velut
2165 5488 2279 5558 lege
2316 5484 2891 5559 relebrent,epislolam
2922 5509 3098 5545 unam.
3145 5494 3402 5550 Similiter
3439 5506 3491 5551 et
3529 5498 3598 5552 ad
3634 5500 3767 5552 diem

461 5552 700 5613 humana:
742 5552 1130 5614 consuetudinis
1148 5552 1410 5612 excedens
1437 5556 1829 5627 intelligentiam
1855 5552 2061 5621 clausit,

460 5630 585 5682 solis
637 5633 789 5683 credo
838 5646 1015 5683 eorum
1067 5631 1250 5692 gratia:
1279 5627 1357 5680 vel
1403 5628 1600 5679 meritis
1650 5626 2055 5692 manifestatum.

464 5699 636 5754 Unam
674 5701 743 5753 ad
771 5700 1014 5752 Abbatem
1044 5692 1259 5767 Syrum.
1294 5712 1450 5749 unum
1491 5695 1559 5767 ad
1589 5694 1838 5767 Abbatem
1868 5692 2057 5767 Corne-

2164 5563 2501 5637 remissionis,
2534 5578 2649 5631 qua:
2698 5576 2867 5614 mense
2924 5564 3156 5637 Augusto
3185 5567 3391 5637 agitur,
3425 5580 3478 5620 ut
3507 5569 3557 5621 in
3608 5584 3766 5623 unum

2164 5628 2443 5700 Prwpositi
2480 5628 2936 5702 congregarentur,
2963 5628 3240 5703 epistolam
3265 5628 3423 5690 unam
3453 5654 3472 5702 ;
3499 5649 3546 5691 et
3562 5640 3632 5691 ad
3656 5640 3767 5707 fra-

2161 5708 2282 5751 tres.
2323 5706 2410 5751 aui
2462 5709 2601 5751 form
2657 5705 3018 5751 "manuarium
3080 5706 3225 5751 mini
3280 5710 3484 5751 {animt
3537 5712 3742 5751 nnemn‘

2183 5714 2282 5763 res,

2359 5706 2410 5757 ui
2460 5709 2601 5776 [oras
2657 5705 3018 5757 monasterium
3080 5706 3225 5760 missi
3277 5710 3484 5776 fuerant
3537 5705 3765 5780 operari,

456 5769 606 5824 lium.
648 5770 727 5823 Ad
773 5770 1000 5823 omnium
1045 5754 1473 5820 monasteriorum
1528 5754 1862 5834 Prtepositos,
1901 5774 1956 5817 ut
2000 5766 2089 5837 in,
2161 5754 2627 5842 epistolam
