4074 6366
141 325 209 385 83

1031 326 1388 387 EPISTOLE
1427 328 1517 387 ET
1555 328 1792 386 VERBA
1832 328 2133 387 MYSTICA
2179 330 2232 387 S.
2284 331 2639 391 PACHOMII.

3359 341 3429 399 90

142 439 254 497 Tan
285 450 339 498 et
374 441 474 497 Ro.
500 442 727 499 Ventris
751 443 957 499 insania
985 444 1134 516 pejor
1159 454 1243 501 est
1272 445 1523 501 omnibus
1550 446 1728 500 malis.
1760 450 1815 510 Α
1838 463 1933 520 ego
1972 463 2083 502 sum
2119 446 2260 503 Deus
2291 447 2470 523 (Psal.
2504 448 2641 521 va)
2668 467 2681 505 :
2712 448 2817 506 Sed
2852 449 3223 521 unusquisque
3251 458 3430 523 sequi-

140 533 313 589 Error
355 535 642 591 oculorum
687 536 959 593 imminuit
1005 537 1353 608 prudentiam
1401 539 1728 609 sapientum.
1782 550 1785 551 '

138 625 336 684 Deﬁcit
384 629 610 699 sapiens
652 640 869 701 propter
906 630 1401 701 concupiscentiam
1444 631 1627 686 carnis
1675 631 1730 685 in

140 734 338 783 carne,
375 720 520 791 quod
550 723 766 792 sanguis
786 723 1031 793 sanguini
1063 723 1383 778 misceatur.
1409 722 1611 778 Omnes
1641 723 1733 793 qui

138 814 279 869 estis
303 825 684 887 coeperatores
708 816 825 882 Dei,
860 832 927 873 ne
953 816 1193 888 perdatis
1217 817 1446 889 gloriam
1469 827 1729 873 vestram.

138 906 298 963 Scito
320 919 450 965 ante
471 910 651 964 omnia
677 910 821 980 quod
848 910 894 965 si
923 910 1093 966 fueris
1121 912 1173 965 in
1204 910 1404 981 Alpha,
1428 910 1573 965 Deus
1600 925 1733 965 con-

134 1001 335 1055 sentiet
387 1000 505 1057 tibi.
538 1001 673 1057 L‘um
717 1010 900 1057 autem
935 1002 1047 1057 Deo
1088 1003 1474 1071 consenseris,
1526 1004 1579 1056 in
1624 1017 1733 1073 quo

133 1103 329 1145 cursus
380 1100 508 1146 tuus
557 1099 674 1159 est,
722 1093 958 1164 gaudere
990 1109 1102 1149 non
1150 1094 1358 1164 poteris
1390 1095 1443 1149 in
1489 1094 1636 1149 omni
1669 1108 1732 1149 re

132 1194 269 1236 vana
297 1200 310 1239 :
342 1183 504 1254 cujus
532 1184 578 1241 si
603 1199 789 1240 curam
822 1187 1092 1256 gesseris,
1117 1186 1409 1257 prudentia
1438 1194 1526 1240 tua
1550 1194 1733 1241 verte-

133 1283 221 1329 tur
252 1276 310 1330 in
342 1277 664 1333 stultitiam.
696 1278 801 1346 Qui
831 1279 1015 1337 ebrius
1038 1287 1143 1347 est,
1173 1279 1383 1335 ebrium
1416 1293 1526 1334 non
1552 1286 1734 1350 potest

116 1366 414 1438 adjuvare.
468 1369 570 1436 Qui
620 1379 772 1426 errat
816 1371 1094 1442 quomodo
1149 1372 1353 1427 erranti
1404 1370 1732 1427 monstrabit

130 1462 317 1518 viam?
353 1464 451 1534 qui
490 1464 723 1520 voluerit
769 1464 998 1521 ductore
1034 1480 1101 1520 eo
1141 1467 1252 1531 uti,
1299 1480 1379 1520 vae
1409 1464 1505 1520 illi.
1540 1462 1731 1519 Cazcus

126 1555 272 1611 enim
298 1572 509 1612 caecum
542 1557 706 1614 ducet
736 1557 789 1613 in
822 1557 1061 1614 foveam.
1092 1558 1372 1629 Sapientia
1405 1557 1548 1628 apud
1573 1572 1732 1612 sanc-

125 1660 213 1706 tos
241 1661 349 1719 est,
374 1661 432 1708 et
460 1652 511 1708 io
546 1653 656 1708 illis
681 1654 775 1709 Dei
803 1652 1059 1708 voluntas
1085 1653 1359 1723 reperitur
1383 1669 1396 1705 :
1431 1667 1539 1707 non
1560 1651 1615 1706 iu
1646 1651 1730 1706 his

122 1742 331 1813 quibus
363 1754 629 1817 repugnat
660 1745 839 1810 Deus;
873 1755 930 1801 et
957 1745 1282 1816 quidicunt:
1312 1746 1456 1800 Deus
1479 1745 1531 1799 in
1566 1743 1729 1799 nobis

1837 547 1927 594 tur
1951 541 2309 611 cogitationes
2334 542 2529 597 animae
2556 545 2703 598 sum?
2723 542 2860 598 Num
2885 543 3148 599 visitastis
3170 546 3435 613 intirmos,

1835 649 2006 706 quare
2022 636 2372 692 moriemini?
2397 652 2495 693 cur
2519 638 2587 692 ad
2608 638 2860 709 laqueum
2885 638 3143 694 curritis?
3164 638 3293 695 Haec
3314 650 3439 696 sunt

1835 728 1980 782 enim
2024 739 2297 800 praecepta
2342 728 2561 796 vitalia,
2613 746 2733 801 quae
2764 739 3094 800 acceperunt
3138 732 3341 797 sancti,
3378 741 3437 786 ut

1837 832 2189 879 versarentur
2219 823 2272 879 in
2298 824 2399 889 eis,
2430 832 2490 878 ut
2518 822 2651 878 nihil
2682 823 2829 878 aliud
2856 824 3183 894 cogitarent,
3208 836 3267 880 ut
3293 823 3435 882 face-

1835 923 1959 969 rent
2004 928 2169 984 opera
2216 914 2379 985 digna
2422 915 2857 971 immortalitate.
2891 915 3143 971 Volatilia
3169 917 3291 972 coeli
3324 934 3432 974 non

1835 1007 2108 1062 seminant
2135 1021 2236 1063 nec
2267 1017 2504 1076 metunt,
2532 1018 2587 1064 et
2614 1009 2759 1064 Deus
2784 1008 2938 1065 dedit
2966 1008 3066 1075 eis,
3092 1018 3154 1066 ut
3184 1024 3433 1083 raperent

1820 1100 1945 1181 ‘88
1984 1114 2051 1155 ex
2097 1101 2367 1156 universis
2418 1100 2722 1166 fructibus,
2778 1111 2835 1157 et
2880 1104 3119 1172 gratuito
3166 1105 3431 1162 viverent.

1832 1193 2011 1250 Homo
2040 1193 2257 1266 iniquus
2285 1206 2340 1251 et
2371 1196 2644 1266 pessimus
2668 1196 2760 1266 qui
2785 1212 2873 1252 res
2900 1196 3108 1254 alienas
3134 1197 3431 1270 desiderat,

1820 1286 2080 1361 imitator
2124 1296 2208 1342 est
2258 1288 2437 1342 avium
2485 1288 2882 1359 pessimarum;
2934 1291 3074 1359 rapit
3118 1299 3173 1345 et
3201 1293 3435 1348 comedit

1833 1396 1941 1435 non
1970 1394 2089 1435 sua.
2121 1379 2231 1435 Hos
2258 1382 2428 1436 vitare
2467 1382 2755 1446 debemus,
2790 1391 2845 1438 et
2876 1382 3179 1453 intelligere
3205 1384 3433 1454 parabo-

1832 1472 1937 1542 las,
1967 1482 2022 1529 et
2050 1487 2158 1528 non
2186 1488 2307 1529 esse
2335 1482 2583 1544 raptores
2608 1484 2660 1529 et
2688 1474 2887 1544 iniqui;
2922 1474 3016 1530 sed
3042 1474 3238 1530 imitari
3267 1475 3436 1546 majo-

1832 1581 1920 1622 res
1944 1575 2182 1633 nostros,
2209 1566 2299 1637 qui
2330 1567 2649 1637 placuerunt
2673 1567 2922 1633 Domino,
2950 1579 3004 1623 et
3022 1569 3433 1640 increpaveruut

1830 1660 2028 1728 Adam,
2056 1662 2178 1731 quia
2210 1661 2448 1717 comedit
2474 1661 2541 1716 ad
2572 1663 2980 1732 persuasionem
3005 1664 3151 1719 Evae.
3178 1664 3310 1731 Quia
3335 1680 3433 1720 an-

1822 1740 2051 1823 tequam
2084 1753 2398 1809 comederet
2418 1794 2433 1820 ,
2467 1754 2683 1808 nomina
2711 1756 2922 1810 cunctis
2952 1755 3113 1811 rebus
3144 1757 3427 1829 imposuit,

124 1844 241 1901 εςι;
292 1836 551 1908 gaudium
601 1853 792 1895 eorum
839 1847 1197 1894 converlelul‘
1238 1838 1291 1893 in
1342 1838 1570 1894 ίυοῑυηιο
1604 1837 1722 1893 Non
1756 1845 1803 1904 B
1830 1855 1886 1902 et
1909 1860 2053 1901 ntmc
2071 1862 2290 1918 quoque
2313 1848 2426 1903 suis
2443 1848 2724 1903 vocabulis
2749 1850 3114 1919 appellantur.
3137 1850 3426 1923 Postquam

124 1928 271 1983 enim
322 1940 696 2002 cognoverunt
747 1930 1067 2003 mysterium
1113 1930 1455 2001 Deizneque
1504 1931 1726 1986 invene-

122 2030 248 2076 runt
276 2022 423 2076 viam
463 2038 747 2078 servorum
770 2065 784 2089 ,
818 2033 877 2077 ut
907 2032 1201 2092 operentur
1228 2023 1282 2077 in
1323 2038 1407 2076 ea.
1444 2022 1726 2092 Flagellati

119 2112 283 2181 sunt,
321 2124 379 2170 et
411 2130 519 2169 non
551 2115 889 2170 doluerunt:
919 2114 1131 2169 seducti
1162 2122 1322 2178 sunt,
1349 2124 1406 2169 et
1435 2129 1543 2168 non
1569 2114 1728 2169 intel-

115 2203 407 2260 lexerunt.
441 2206 497 2259 ln
536 2206 645 2276 87
681 2206 764 2259 his
795 2205 1084 2270 omnibus,
1118 2220 1149 2258 ο
1182 2204 1347 2259 Ιιοηιο
1374 2204 1500 2269 Dei,
1546 2219 1728 2259 rever-

116 2305 237 2353 tere
289 2296 348 2350 in
408 2298 718 2362 excelsum;
775 2296 921 2368 quod
991 2306 1073 2351 est
1138 2297 1365 2351 scientia
1423 2295 1722 2367 sapientiae.

115 2388 408 2460 Scriptum
451 2399 559 2455 est,
596 2388 718 2443 Non
771 2390 1101 2460 concupisces
1133 2388 1332 2460 (Exod.
1368 2388 1485 2460 xx),
1531 2398 1587 2444 ct
1609 2406 1726 2444 rur-

116 2496 267 2549 sum,
323 2498 435 2537 non
486 2483 868 2539 inebriaberis.
911 2482 1253 2538 Desiderium
1297 2500 1404 2538 non
1452 2494 1537 2539 est
1565 2484 1726 2538 unius

117 2576 218 2631 rei.
269 2574 559 2631 Laudatur
604 2584 867 2645 peccator
919 2576 971 2629 in
1017 2575 1277 2644 operibus
1309 2590 1568 2630 manuum
1602 2590 1726 2629 sua-

117 2682 260 2722 rum.
288 2668 510 2722 Dictum
530 2677 615 2723 est
637 2677 690 2721 et
717 2667 837 2722 aliis
863 2685 877 2722 :
911 2668 1133 2732 Qualem
1163 2666 1374 2720 domum
1396 2667 1721 2736 wdiﬁcabitis

116 2760 244 2815 mihi
289 2759 454 2833 (Isai.
486 2760 668 2831 LXVI)?
698 2761 788 2831 qui
823 2760 1179 2831 quadraginta
1228 2760 1384 2814 annis
1431 2758 1721 2813 audierunt

117 2868 429 2910 sermonem
461 2855 594 2919 Dei,
640 2865 694 2909 et
722 2869 828 2908 non
863 2854 913 2908 ei
945 2853 1263 2909 obtulerunt
1292 2853 1572 2915 victimas,
1618 2866 1717 2906 nec

118 2947 270 3001 annis
300 2947 654 3018 septuaginta
677 2946 1055 3017 jejunaverunt
1088 2944 1188 3000 illi.
1219 2941 1327 3000 Cor
1350 2945 1494 3001 enim
1524 2958 1715 2998 eorum

118 3046 232 3091 erat
268 3049 393 3108 post
424 3037 567 3092 idola
591 3078 607 3105 ,
644 3053 744 3092 nec
770 3039 1059 3092 voluerunt
1090 3038 1201 3092 Deo
1232 3051 1423 3092 vacare
1468 3036 1664 3091 dicenti
1698 3053 1711 3089 :

124 3131 311 3187 Vacate
356 3144 406 3187 et
448 3132 615 3186 videte
640 3132 883 3201 quoniam
908 3147 1002 3200 ego
1036 3146 1150 3184 sum
1188 3129 1327 3183 Deus
1350 3129 1524 3201 (Psai.
1554 3127 1710 3200 xnv),

1830 1951 2010 1995 autem
2045 1941 2312 2006 comedit,
2340 1942 2548 2011 ejectus
2578 1951 2665 1996 est
2693 1942 2760 1997 de
2789 1943 3071 2012 paradiso,
3095 1955 3149 2001 et
3174 1954 3430 2015 operatus

1830 2040 1913 2086 est
1945 2042 2178 2099 terram,
2208 2034 2503 2104 genuitque
2526 2031 2659 2088 Cain
2691 2044 2744 2089 et
2786 2035 2951 2100 Abel,
2989 2039 3079 2106 qui
3106 2049 3424 2105 creverunt,

1830 2132 1886 2178 et
1912 2126 2121 2192 operati
2153 2136 2279 2181 sunt
2324 2127 2477 2197 juxta
2511 2127 2846 2183 voluntatem
2891 2144 3065 2184 suam.
3107 2129 3258 2202 Opus
3290 2132 3427 2189 Abel

1830 2213 2035 2282 placuit
2057 2214 2171 2269 Deo
2200 2216 2372 2286 magis
2397 2233 2557 2287 quam
2585 2216 2739 2285 Cain,
2769 2219 2892 2289 quia
2924 2236 3045 2292 quae
3070 2231 3223 2276 erant
3254 2222 3427 2277 electa

1831 2317 1887 2362 et
1942 2305 2196 2375 primaria
2230 2308 2492 2364 oll‘erebat
2520 2310 2667 2378 Deo;
2695 2327 2726 2367 e
2755 2314 3029 2368 contrario
3060 2314 3191 2370 Cain
3223 2315 3268 2370 si
3301 2315 3427 2386 quid

1830 2399 2074 2455 deterius
2101 2400 2230 2467 fuit,
2255 2400 2357 2457 hoc
2400 2403 2595 2458 obtulit
2622 2404 2761 2460 Deo:
2794 2408 2882 2477 qui
2912 2405 3296 2479 in'exemplum
3330 2408 3428 2463 lm-

1830 2493 1976 2547 mani
2006 2497 2221 2565 generis
2255 2508 2673 2565 praecesserunt.
2704 2498 2906 2555 Omnes
2952 2502 3097 2556 enim
3131 2502 3223 2572 qui
3254 2503 3425 2558 electa

1829 2587 2061 2644 oﬂ'erunt
2090 2590 2221 2657 Deo,
2239 2592 2445 2646 similes
2476 2589 2791 2659 sunt-Abel;
2826 2597 2918 2664 qui
2966 2595 3262 2661 deteriora,
3296 2596 3425 2652 Cain

1826 2683 2085 2749 operibus
2132 2695 2560 2753 comparantur;
2613 2698 2663 2741 et
2692 2687 2808 2756 ejus
2854 2689 2943 2757 qtti
3000 2688 3171 2743 irrisit
3217 2699 3424 2759 patrem

1823 2776 2006 2841 Suum,
2037 2785 2090 2831 et
2116 2776 2414 2831 nuditatem
2449 2780 2567 2848 ejus
2593 2779 2850 2833 fratribus
2879 2780 3168 2846 nuntiavit;
3200 2794 3251 2835 ct
3283 2781 3427 2837 illius

1821 2868 1912 2937 qui
1944 2868 2231 2923 aedificavit
2265 2869 2459 2923 turrim
2492 2870 2543 2924 in
2574 2885 2766 2940 campo
2793 2870 3061 2937 Sennaar,
3093 2873 3293 2927 oblitus
3324 2874 3425 2929 mi-

1819 2960 2178 3016 sericordiam
2205 2961 2337 3025 Dei,
2368 2977 2395 3016 a
2425 2977 2534 3033 quo
2560 2962 2613 3016 in
2644 2977 2770 3016 arca
2798 2972 3043 3018 servatus
3074 2973 3176 3029 est,
3202 2974 3257 3019 et
3288 2964 3421 3021 libe-

1820 3066 1972 3111 ratus
1998 3071 2025 3109 a
2058 3055 2293 3124 diluvio,
2325 3052 2380 3111 et
2411 3072 2439 3110 a
2468 3072 2576 3126 quo
2606 3057 2883 3113 benedicti
2913 3068 3039 3113 sunt
3073 3070 3251 3129 patres
3276 3062 3418 3129 ejus.

1819 3147 1924 3214 Qui
1964 3147 2149 3203 furore
2188 3147 2427 3219 quodam
2475 3150 2655 3204 socios
2706 3150 3082 3217 hortabantur,
3133 3152 3421 3208 dicentes:

116 3236 167 3282 et
202 3243 376 3298 usque
408 3227 482 3281 ad
506 3229 646 3280 hanc
677 3227 816 3280 diem
845 3241 949 3280 non
986 3234 1177 3280 vacant
1198 3226 1342 3280 Deo!
1376 3226 1584 3280 Dicitur
1616 3224 1710 3279 tibi

1817 3228 2043 3306 Venite,
2078 3240 2328 3295 dolemus
2361 3242 2597 3312 lapides,
2628 3256 2691 3295 ac
2722 3241 2997 3296 credamus
3023 3257 3338 3314 sycomoros
3364 3255 3422 3299 et

118 3319 309 3386 homo,
347 3321 533 3388 Quare
570 3319 788 3389 diligitis
826 3320 1103 3373 vanitatem
1138 3317 1312 3389 (Psal.
1353 3318 1462 3385 tv)?
1496 3318 1573 3370 An
1619 3331 1713 3371 cor

117 3425 356 3469 ve5trum
394 3420 750 3483 aggravalum
795 3411 915 3466 est?
945 3411 1073 3465 Cain
1108 3410 1433 3478 orerabatur
1481 3417 1710 3475 terram,

113 3516 167 3559 ut
196 3506 420 3563 otIerret
452 3504 701 3560 victimas
735 3505 877 3570 Deo,
920 3512 973 3559 et
1013 3503 1255 3558 condidit
1281 3502 1585 3565 civitatem,
1616 3501 1708 3557 sed

114 3612 213 3655 non
233 3602 392 3671 juxta
427 3598 713 3655 scientiam
734 3638 750 3664 ,
773 3612 895 3667 quae
924 3598 1099 3666 placet
1120 3596 1256 3662 Deo,
1290 3595 1421 3650 fecit
1448 3595 1567 3651 base
1592 3611 1708 3650 om-

117 3697 218 3752 nia.
250 3697 360 3753 Noe
389 3708 447 3752 et
480 3696 658 3751 omnis
688 3696 886 3752 domus
924 3696 1043 3763 ejus
1074 3695 1126 3749 in
1162 3709 1285 3748 arca
1316 3694 1385 3750 de
1416 3694 1598 3749 mundi
1627 3704 1709 3749 est

113 3798 318 3845 servata
358 3789 671 3861 naufragio.
706 3788 981 3844 Abraham
1028 3788 1186 3844 dives
1235 3787 1371 3843 fuit:
1401 3789 1553 3844 Isaac
1582 3788 1712 3843 reli-

114 3882 217 3949 quit
257 3882 700 3940 benedictionem
729 3881 923 3937 Jacob.
958 3880 1184 3952 Ipseque
1226 3881 1399 3936 Jacob
1438 3882 1707 3937 intellexit

113 3989 261 4043 quem
283 3993 474 4033 amare
500 3977 749 4044 deberet,
777 3987 831 4032 et
859 3976 1294 4032 benedictionem
1322 3977 1440 4046 ejus
1462 3978 1595 4048 legis
1625 3978 1705 4031 iu-

115 4076 218 4123 star
239 4068 573 4126 habuerunt.
597 4069 798 4141 Joscph
822 4069 1036 4140 adjutor
1068 4068 1164 4123 fuit
1193 4070 1410 4139 generis
1438 4070 1545 4135 sui,
1577 4073 1702 4140 quia

114 4170 380 4227 peccatum
419 4161 586 4232 fugit,
615 4172 670 4216 et
691 4162 991 4216 detestatus
1020 4171 1103 4216 est
1131 4161 1486 4230 voluptatem,
1516 4170 1701 4217 osten-

114 4247 288 4322 ditque
315 4254 559 4324 posteris
584 4254 727 4324 quod
776 4254 1090 4308 visitaturus
1134 4268 1228 4309 eos
1256 4264 1398 4309 esset
1431 4254 1603 4321 Deus,
1648 4265 1701 4309 et

117 4348 323 4414 aperuit
352 4348 617 4420 mysteria
665 4346 1005 4415 futurorum,
1036 4350 1352 4403 memoriam
1385 4350 1699 4421 relinquens

110 4440 378 4509 sapientia!
422 4458 559 4498 suae.
590 4442 840 4499 Surrexit
884 4453 1069 4513 postea
1109 4442 1357 4512 Moyses,
1388 4444 1478 4511 qui
1508 4443 1697 4497 steculi

111 4530 233 4586 vicit
264 4533 577 4600 illecebras,
606 4534 824 4589 divitias
851 4550 949 4604 pro
979 4533 1152 4589 nihilo
1181 4533 1391 4599 habuit,
1416 4533 1699 4603 [Egyptia-

1819 3334 2036 3399 ccdros,
2067 3345 2119 3389 et
2150 3335 2410 3389 faciamus
2437 3334 2595 3389 nobis
2614 3337 2829 3397 turrim,
2864 3349 2971 3389 non
3001 3336 3420 3392 considerantes

1817 3426 2078 3482 ultionem
2108 3437 2133 3464 ⁸
2165 3428 2326 3482 turris
2357 3425 2673 3491 Cbalannze,
2699 3428 2971 3498 quomodo
3002 3430 3140 3483 Deus
3170 3428 3421 3484 diviserit

1813 3518 2028 3590 linguas
2056 3534 2266 3585 eorum,
2294 3521 2595 3575 volentium
2625 3520 2898 3577 aediﬁcare
2926 3523 3118 3577 turrim
3149 3521 3419 3593 superbiae

1809 3610 1879 3687 ad
1906 3610 2104 3667 caelum
2152 3625 2323 3680 usque
2370 3611 2707 3678 tendentem,
2739 3620 2793 3666 et
2818 3611 3157 3668 Orientalem
3201 3614 3411 3683 plagam

1813 3704 2270 3774 relinquentium;
2322 3705 2445 3776 quia
2494 3706 2650 3760 obliti
2693 3718 2819 3760 sunt
2866 3708 3039 3778 legem
3082 3708 3213 3775 Dci,
3246 3724 3407 3779 quam

1811 3796 1865 3851 in
1889 3798 2057 3853 corde
2084 3808 2463 3869 Susceperunt.
2489 3798 2641 3852 Nunc
2666 3799 2829 3868 igitur
2850 3800 3073 3869 provide
3096 3810 3149 3854 ct
3173 3802 3412 3873 intellige

1812 3890 2073 3945 ultionem
2104 3892 2303 3955 turris;
2329 3906 2471 3961 qum,
2498 3891 2747 3960 quamvis
2765 3893 2983 3947 excelsa
3009 3893 3100 3956 sit,
3126 3891 3192 3947 ad
3212 3894 3408 3951 malum

1807 3997 1979 4053 usque
2008 3982 2291 4053 pervenire
2318 3997 2424 4037 non
2456 3992 2668 4052 poterat
2693 4001 2707 4038 :
2736 3994 2791 4038 et
2825 3983 2961 4053 lapis
2984 3999 3148 4054 super
3174 3984 3407 4053 lapidem

1807 4091 1916 4131 non
1962 4076 2303 4146 relinquetur
2334 4076 2388 4130 in
2417 4076 2653 4143 templo,
2684 4077 2737 4129 in
2771 4091 2879 4145 quo
2910 4084 3102 4129 contra
3129 4072 3405 4140 Christum

1807 4166 2206 4222 Pharisaeorum
2232 4174 2316 4221 est
2341 4175 2666 4236 congregata
2696 4166 2969 4237 impietas.
2997 4165 3275 4233 Scriptum
3298 4177 3405 4235 est,

1806 4259 1927 4313 Non
1967 4258 2295 4327 pertransibit
2333 4259 2593 4329 generatio
2618 4256 2646 4295 δ
2674 4274 2849 4313 eorum
2887 4259 3048 4312 donec
3092 4255 3201 4310 hau:
3232 4258 3403 4313 omnia

1801 4353 1931 4421 [iant
1954 4350 2106 4423 (Luc.
2132 4364 2267 4421 xxi).
2297 4349 2451 4405 Nunc
2484 4359 2696 4419 tempus
2727 4361 2845 4415 est,
2880 4357 2937 4403 ut
2966 4363 3258 4422 operemur
3292 4347 3399 4402 Do-

1802 4448 1980 4513 mino,
2016 4448 2138 4515 quia
2168 4446 2314 4499 salus
2348 4456 2535 4499 nostra
2565 4442 2617 4497 iu
2643 4452 2888 4514 tempore
2916 4452 2999 4495 est
3029 4430 3322 4510 anguSIize,
3356 4445 3400 4498 si

1800 4537 2137 4606 potuerimus
2163 4537 2281 4606 ejus
2306 4537 2523 4591 calcare
2555 4536 2810 4605 vestigia,
2841 4543 2895 4588 et
2920 4533 3103 4589 dicere
3130 4548 3351 4605 semper
3383 4557 3397 4594 :

109 4636 224 4678 rum
272 4626 597 4694 sapientiam
644 4629 859 4682 stultam
916 4642 1042 4684 esse
1091 4626 1439 4682 monstravit.
1488 4626 1694 4681 Idcirco
1723 4612 1773 4671 D
1804 4627 2175 4697 Magniﬁcetur
2222 4624 2516 4691 Bantinos,
2567 4626 2656 4695 qui
2719 4626 2939 4695 diligunt
2998 4627 3224 4679 salutare
3285 4630 3399 4698 ejus

106 4712 259 4771 Jesus
282 4717 625 4771 ministrabat
652 4719 723 4785 ei,
747 4720 834 4790 qui
865 4720 1135 4775 intellexit
1156 4718 1461 4773 doctrinam
1477 4734 1690 4785 eorum,

110 4817 161 4861 et
176 4807 353 4865 habuit
376 4811 582 4867 socium
606 4810 791 4871 Caleb.
816 4815 1077 4871 Homines
1098 4814 1244 4869 stulti
1272 4830 1378 4869 non
1405 4814 1692 4870 intellexe-

109 4910 227 4956 runt
252 4902 393 4971 haec,
423 4914 483 4959 et
530 4906 733 4961 idcirco
766 4908 948 4963 lumen
978 4907 1232 4962 tenebras
1264 4922 1385 4961 esse
1416 4906 1690 4961 dixerunt.

110 4989 242 5047 Deus
261 4997 407 5052 dedit
428 4998 846 5067 justiticationes
867 5016 1016 5067 suas,
1046 5008 1104 5054 ut
1128 4999 1435 5055 ambularet
1460 5000 1690 5070 papnlus

110 5084 157 5139 in
184 5087 278 5151 eis,
310 5099 361 5144 et
393 5090 447 5145 in
482 5091 565 5146 Itis
596 5093 850 5149 omnibus
883 5109 990 5148 non
1019 5092 1343 5147 invenerunt
1372 5108 1469 5147 cor
1495 5107 1682 5159 suum,

110 5192 199 5233 nec
224 5182 527 5239 conversati
574 5193 702 5239 sunt
748 5185 798 5240 in
831 5186 1108 5242 mandatis
1136 5186 1229 5241 Dei
1256 5203 1268 5239 :
1295 5186 1389 5241 sed
1420 5187 1686 5243 vacabant

110 5268 374 5332 desideriis
399 5279 536 5345 suis,
567 5286 623 5333 et
647 5294 755 5334 non
779 5280 1041 5350 operibus
1062 5279 1178 5334 Dei.
1206 5278 1249 5335 0
1275 5278 1462 5349 homo,
1488 5295 1685 5352 usque-

110 5375 205 5432 quo
230 5383 330 5424 non
358 5370 515 5427 audis
552 5370 823 5429 dicentem
854 5373 948 5430 tibi
975 5390 988 5427 :
1037 5371 1248 5438 Vacate,
1289 5383 1338 5427 et
1364 5374 1529 5429 videte
1560 5376 1683 5444 quia

172 5550 380 5631 {Sentit
412 5557 465 5610 in
488 5554 789 5631 Chalanne,
815 5576 936 5631 quae
959 5560 1147 5617 eadem
1171 5575 1295 5616 cum
1323 5557 1679 5631 Ctesiphonte

107 5617 173 5701 ad.
190 5619 454 5701 Tigridem
484 5626 677 5685 civitas
710 5617 928 5699 putatur
956 5647 1111 5700 esse,
1146 5631 1455 5688 Babelicam
1478 5617 1678 5701 "turrim

109 5687 604 5775 {tisse'excilalam
633 5687 722 5775 cui
745 5687 1176 5775 sententi—zepost
1210 5702 1499 5775 Eusebium
1551 5699 1677 5753 Ilie-

109 5772 376 5848 {9"}!!!083
403 5779 458 5825 et
501 5774 702 5848 passim
733 5770 1243 5848 Scriptores-Gnaei
1291 5770 1675 5848 suﬂ'ragantur,

112 5842 165 5885 ex
192 5838 332 5894 Isaiae
361 5840 479 5899 loco
500 5838 553 5911 ir,
582 5845 637 5913 9,
662 5860 829 5916 penes
856 5838 1003 5905 LXX
1029 5867 1042 5903 :
1070 5856 1170 5911 τήν
1196 5850 1376 5919 χώραν
1396 5838 1487 5900 τῆὗ
1513 5842 1678 5898 ἐπάνω

1797 4718 1970 4791 (Paul.
2015 4717 2227 4789 xxxrx).
2271 4718 2341 4773 Et
2388 4721 2579 4774 iterum
2609 4736 2621 4771 :
2654 4719 2769 4789 Ego
2805 4729 2977 4773 autem
3010 4720 3225 4791 sperabo
3255 4722 3310 4775 in
3349 4732 3396 4776 te

1795 4826 1994 4881 semper
2023 4809 2200 4881 (Psal.
2234 4812 2387 4879 Lxx).
2420 4810 2535 4862 Non
2569 4810 2711 4863 enim
2746 4819 2830 4863 est
2860 4810 2997 4864 ﬁdes
3033 4826 3154 4881 qua:
3184 4821 3393 4867 tantum

1793 4904 1907 4975 89
1934 4911 2178 4972 tempore
2205 4901 2388 4971 gaudii
2416 4911 2529 4965 est,
2563 4909 2618 4953 et
2642 4901 2825 4955 deficit
2852 4900 2907 4955 in
2939 4912 3188 4974 tempore
3216 4903 3391 4957 tribu-

1794 4997 2034 5052 lationis.
2066 4995 2342 5064 Scriptum
2375 5002 2460 5048 est
2490 5012 2500 5046 :
2535 4994 2664 5062 Quae
2700 4997 3027 5068 egredientur
3062 5013 3126 5051 ea:
3158 5012 3244 5051 ore
3272 5006 3391 5066 tuo,

1793 5093 2005 5146 observa
2029 5100 2083 5144 ut
2116 5090 2285 5161 facias
2314 5087 2497 5160 (Deut.
2532 5089 2712 5161 χχιιι).
2748 5090 2815 5146 Ει
2843 5105 3032 5147 rursus
3059 5109 3072 5145 :
3102 5091 3164 5147 Si
3194 5094 3391 5148 caveris

1790 5184 2042 5252 Domino,
2076 5200 2141 5238 ne
2165 5184 2382 5237 moreris
2413 5182 2662 5239 reddere:
2692 5201 2756 5239 ne
2782 5184 2916 5254 forte
2944 5188 3173 5256 requirat
3203 5185 3389 5243 Domi.

1789 5295 1886 5333 nus
1915 5295 1947 5331 a
1990 5287 2073 5345 te,
2116 5286 2165 5331 et
2204 5276 2270 5330 sit
2294 5276 2385 5330 tibi
2428 5278 2480 5331 in
2510 5289 2793 5346 peccatum.
2825 5279 3010 5348 Quare
3050 5281 3096 5335 si
3139 5282 3345 5337 dixeris
3378 5303 3392 5339 :

1786 5371 1902 5445 Ego
1935 5380 2105 5427 autem
2133 5371 2351 5443 sperabo
2378 5371 2431 5426 in
2455 5380 2502 5427 te
2525 5388 2760 5443 semper;
2783 5384 2837 5428 et
2868 5374 2922 5428 in
2953 5372 3056 5429 hoc
3079 5374 3387 5443 spoponde-

1786 5559 2074 5634 Βᾳϐνλῶνος
2103 5561 2187 5614 καὶ
2213 5559 2462 5620 Χαλάνης,
2513 5556 2870 5634 ρῦΑὸ-πύργος
2919 5553 3237 5634 ᾠξςρδᾳμήθη.
3281 5555 3382 5634 Ruf

1785 5632 2017 5705 gionem,
2046 5645 2165 5705 qua:
2206 5638 2277 5683 est
2316 5646 2475 5705 supra
2500 5626 2841 5705 Babylonem,
2859 5626 3227 5705 .ettf‘halunerrt
3248 5626 3388 5705 ,“ubi

1787 5695 1943 5757 iuri-is
1974 5695 2233 5771 mitiﬁcato
2264 5711 2358 5756 est.
2381 5695 2525 5757 'Hazc
2558 5695 2738 5757 tamen
2772 5699 2824 5751 in
2859 5695 3071 5749 Latinis
3097 5696 3381 5755 codicibus

1784 5773 2184 5830 desiderantur.

1856 5844 1883 5882 ιτ
1915 5845 1972 5899 In
2008 5844 2217 5913 Vulgat.
2247 5844 2387 5913 hwc,
2421 5855 2474 5901 et
2501 5844 2693 5900 Graeco
2721 5851 2937 5909 quoque
2961 5840 3107 5900 αὐτὴ.
