4056 6306
643 317 708 389 m
1588 313 1646 385 's.
1687 305 1956 386 essent
1997 297 2252 384 uissus

2362 315 2382 382 ι
2419 295 3003 384 istriitiptte‘itfto.
3886 332 3964 391 92

646 451 754 515 ris,
786 433 948 522 impie
977 443 1173 516 uere,
1207 437 1266 505 ιιὶ
1296 447 1349 505 in
1383 435 1731 504 lribiil'ati'one
1765 441 1980 520 quoque
2007 427 2238 503 salutati:
2267 431 2322 509 Α
2347 463 2477 513 eos,
2511 441 2648 519 quos
2698 431 2842 505 tiens
2889 441 3259 504 dominatione
3304 440 3566 516 donavit,
3605 435 3651 506 si
3685 437 3830 509 forte
3873 435 3964 510 eis

648 527 911 597 meiearis
953 539 982 596 ιι
1015 463 1272 597 ἓοηιῖηο.
1307 518 1617 596 iiecoidare
1645 521 1788 597 asoti
1821 530 2079 597 Scrinium
2112 533 2196 596 est
2228 558 2242 597 :
2349 525 2561 597 servire
2599 533 2930 597 mereantur.
2977 533 3033 597 et
3078 533 3267 597 eorum
3315 531 3598 597 adhmrere
3647 529 3963 597 doctrinm-

648 521 911 597 meiearis
953 539 982 596 'a
1018 521 1272 597 Domino.
1307 521 1617 596 iiecoida‘r'e
1645 521 1788 611 quod
1821 530 2079 611 Scripiuhi
2112 533 2196 596 est
2228 558 2242 597 :

650 615 736 689 Ne
763 631 996 706 deﬁcius',
1027 629 1071 689 ἐι
1093 615 1292 689 custodi
1314 619 1588 687 consilium
1615 629 1778 688 nieit'm
1807 626 1851 686 ei
1880 613 2240 714 cogitamus,

648 740 701 784 ut
751 728 884 784 vivat
931 724 1104 783 animo
1149 719 1234 782 tua
1280 726 1466 802 (Proh.
1516 719 1622 798 tit).
1669 711 1771 795 Qui
1818 720 1963 802 enim
2011 711 2247 782 custodit

651 817 963 875 ιιιιιιιιιιιιιιιιι
988 809 1142 890 tegis,
1170 811 1354 875 servat
1373 815 1609 874 animam
1635 815 1810 872 suam.
1831 801 2101 888 smptus.
2125 805 2242 873 esi:

654 897 867 982 Uper'uii
889 907 980 967 mis
1012 905 1192 966 umbra
1221 909 1432 976 mortis,
1461 901 1509 965 'el
1537 907 1638 964 non
1662 905 1839 964 s‘uiiilii
1862 891 2004 964 obliti
2027 892 2245 964 iianiiriis

654 999 752 1068 Dei
784 1011 967 1068 nostri.
1017 995 1079 1065 Si
1127 993 1466 1083 expendimus
1507 1005 1689 1066 manus
1732 1005 1932 1065 nostras
1977 993 2046 1063 ad
2079 993 2247 1064 benis

653 1107 878 1161 alienum
925 1085 1100 1178 (l‘sal.
1144 1087 1318 1177 iuit).
1365 1091 1431 1159 Et
1469 1089 1664 1160 iterum
1693 1123 1706 1158 :
1739 1083 2130 1178 Occupu'vcrunl
2168 1099 2248 1156 ἓνιὲ

654 1193 822 1270 laquei
853 1197 1060 1264 mortis,
1094 1193 1323 1268 pericula
1355 1185 1549 1268 inferni
1578 1179 1875 1250 invéneruut
1904 1187 2002 1250 me.
2055 1175 2248 1249 Tribu-

651 1289 897 1347 lationent
939 1303 988 1347 et
1028 1291 1256 1347 dolorem
1287 1287 1476 1346 inveni.
1523 1275 1590 1346 lli
1634 1281 1869 1346 omnibus
1913 1281 1992 1344 his
2024 1281 2125 1374 his};
2173 1284 2248 1374 est

650 1381 952 1438 conversum
972 1379 1252 1439 retrorsum
1281 1399 1370 1438 cor
1396 1375 1626 1438 nostrum
1656 1425 1670 1450 ,
1699 1383 1788 1437 sed
1825 1374 2008 1436 nomen
2038 1363 2248 1435 ﬂamini

649 1475 879 1532 invocavi
913 1461 1090 1550 (Psal.
1122 1467 1280 1550 xv").
1332 1469 1474 1531 Dicit
1519 1467 1574 1532 et
1620 1471 1758 1530 alius
1803 1467 2033 1530 credens
2083 1462 2249 1529 corde

655 1557 1008 1626 ﬁrmissimo:
1064 1549 1188 1625 Non
1229 1557 1412 1624 timebo
1456 1551 1622 1623 millia
1662 1565 1841 1641 populi
1882 1557 2248 1621 ‘circumdahiis

655 1659 733 1716 me
773 1655 947 1735 (Psal.
993 1655 1095 1734 iit).
1131 1645 1196 1717 Et
1221 1659 1325 1717 hoc
1351 1649 1518 1725 dicil,
1550 1657 1677 1729 quia
1722 1643 1885 1712 habet
1914 1655 2163 1712 ﬁduciam
2193 1642 2249 1711 in

661 1737 796 1810 ilco.
828 1739 964 1821 Fili,
1000 1751 1068 1810 ne
1116 1741 1369 1821 delicias,
1415 1747 1616 1810 suscii'a
1665 1745 1897 1807 aniicum
1934 1743 2080 1806 'tuum
2104 1792 2118 1816 ,
2151 1748 2249 1819 pro

2349 525 2561 600 servire
2599 533 2930 611 mereantur,
2977 533 3033 600 et
3078 533 3267 603 eorum
3315 531 3598 602 adhmrere
3647 529 3963 615 doctrinm,

2349 621 2542 693 relicta
2575 622 2722 693 omni
2752 623 3005 708 superbia
3044 629 3101 695 et
3146 650 3375 711 peccato
3409 645 3422 693 ‘:
3452 631 3748 695 fortissime
3778 623 3965 697 resis-

2352 719 2529 786 tentes
2556 723 2732 802 Alpha
2752 773 2766 796 ,
2796 729 2940 801 quod
2971 729 3178 802 absque
3218 717 3412 787 timore
3439 739 3702 802 operatur
3745 731 3802 787 in
3834 747 3965 789 cor-

2353 807 2600 892 poribus.
2620 805 2874 892 Absorpla
2897 813 2970 876 est
2991 823 3128 876 enim
3154 839 3294 877 mors
3319 811 3372 875 in
3399 822 3615 876 victoria
3633 803 3815 893 (ἶσον.
3839 819 3960 885 xv).

2351 913 2419 1000 Et
2445 907 2719 985 quomOdo
2741 907 2961 1006 nissum
2991 897 3190 1006 inﬁrmi
3233 923 3422 1000 sumes
3449 916 3502 970 in
3529 899 3632 971 hoc
3659 926 3917 1006 tempore
3943 933 3960 977 :

2351 989 2586 1061 scientes
2613 988 2755 1076 quod
2781 993 2995 1086 statuia
3013 992 3085 1086 sit
3113 987 3353 1086 Ecclesia
3381 993 3743 1086 et_dirigenda
3778 987 3836 1062 in
3864 990 3965 1086 bo-

2351 1091 2516 1165 num,
2568 1098 2712 1154 sicut
2750 1089 2806 1153 et
2852 1079 3105 1167 praedixit
3150 1083 3266 1154 tibi.
3309 1079 3468 1154 No‘sti
3519 1079 3665 1170 quod
3696 1089 3806 1154 non
3840 1081 3964 1169 glo-

2351 1173 2522 1270 rietur
2571 1175 2777 1249 securis
2833 1173 2952 1270 sine
2995 1207 3062 1248 eo
3102 1185 3195 1263 qui
3237 1185 3484 1262 "praecidit
3525 1179 3578 1248 in
3604 1193 3700 1263 ea,
3748 1204 3806 1250 et
3834 1210 3962 1264 quae

2351 1267 2726 1340 doCedninos
2778 1267 3072 1356 Scriptura:
3127 1272 3331 1342 habere
3383 1300 3711 1357 responsum
3759 1275 3961 1344 mortis

2353 1359 2423 1449 (ll
2449 1379 2569 1435 Cor.
2604 1367 2664 1441 ιι)
2697 1395 2710 1432 :
2743 1394 2906 1450 quam
2934 1380 2981 1434 si
3009 1363 3454 1435 devoraverimus
3479 1421 3493 1446 ,
3521 1361 3803 1438 salvamus
3836 1367 3960 1438 aui-

2353 1490 2497 1530 mam
2546 1482 2813 1530 nostram.
2869 1451 2987 1529 Non
3028 1483 3110 1530 est
3141 1474 3416 1530 timendus
3452 1461 3708 1531 interitus
3742 1475 3796 1530 in
3831 1457 3959 1533 loco

2355 1567 2809 1640 peregrinationis
2850 1571 3082 1635 n'ostrze;
3113 1569 3209 1626 sed
3255 1551 3638 1640 pugnandum,
3674 1555 3961 1641 quomodo

2355 1679 2541 1736 pacem
2571 1678 2692 1718 eum
2735 1663 2820 1718 his
2852 1651 2947 1740 qui
2995 1646 3090 1718 Dei
3131 1647 3552 1734 iustiﬁcationes
3595 1648 3957 1740 custodiunt,

2353 1755 2554 1838 habere
2578 1756 2876 1826 possimus.
2902 1743 3068 1838 ‘lleta,
3085 1754 3129 1811 εἰ
3157 1753 3386 1810 tuereris
3417 1757 3635 1810 omnem
3659 1741 3956 1822 mundum,

660 1841 768 1916 quo
797 1835 956 1901 ﬁdem
988 1833 1194 1914 iecis'ti,
1225 1839 1402 1901 Sciens
1429 1829 1575 1916 quod
1605 1841 1797 1898 omnes
1825 1839 2017 1914 gentes
2047 1833 2106 1897 ut
2131 1839 2249 1896 sur-
2356 1859 2411 1906 et
2441 1821 2644 1906 habeas
2673 1859 2861 1905 contra
2893 1830 3064 1905 Deum
3091 1848 3440 1915 inimicitias,
3461 1838 3581 1920 qua:
3600 1859 3686 1904 est
3711 1821 3959 1906 utilitas?

657 1937 762 1995 culi
793 1926 906 2013 90
933 1941 999 1995 ex
1045 1935 1168 2011 igne
1189 1980 1204 2006 ,
1235 1949 1288 1994 et
1332 1937 1490 1994 Sicuti
1536 1929 1752 2008 stipulae
1781 1932 1967 2004 leves,
1996 1937 2115 2009 qua:
2146 1931 2251 1993 huc

652 2027 817 2103 atque
867 2017 998 2087 illuc
1045 2027 1175 2086 aurs
1207 2030 1370 2086 celeri
1417 2025 1760 2097 deferuntur,
1788 2029 1842 2085 et
1884 2029 2025 2084 Sicut
2070 2025 2252 2099 pulvis

655 2119 748 2194 q'tii
780 2115 1029 2194 raptaiur
1071 2107 1308 2178 turbine.
1342 2109 1491 2178 Scilo
1536 2103 1678 2192 quod
1720 2103 1984 2191 Serip't'um
2017 2113 2086 2175 si't
2116 2107 2248 2186 libi,

654 2215 723 2272 ne
774 2213 898 2272 cuin
931 2198 1133 2271 videris
1163 2213 1361 2287 equum
1404 2211 1458 2270 et
1489 2211 1834 2270 ascensorem
1855 2257 1870 2280 ,
1899 2215 1954 2269 et
1984 2205 2250 2269 inﬁnitam

657 2301 1097 2376 multitudinem,
1131 2304 1323 2364 timeas
1351 2308 1562 2374 animo;
1597 2307 1690 2363 Sed
1727 2307 2004 2363 memento
2035 2297 2251 2362 Do‘mini

659 2385 755 2457 bet
804 2395 906 2469 tui,
943 2395 1032 2473 qui
1078 2401 1229 2457 dedit
1279 2391 1376 2458 ubi
1406 2386 1814 2466 fortitudinem,
1865 2414 1922 2456 ιιι
1961 2399 2012 2457 ιιι
2062 2401 2252 2472 prs-uo

656 2491 933 2560 vinceres;
964 2493 1052 2564 qui
1085 2495 1256 2550 omnes
1279 2485 1510 2550 homines
1536 2483 1641 2550 vult
1662 2493 1876 2560 salvari,
1911 2493 1958 2550 et
1985 2494 2157 2549 venire
2183 2496 2252 2549 ad

657 2577 922 2641 lcientiani
967 2587 1194 2642 veritatis
1241 2586 1287 2655 (1
1317 2577 1450 2642 Tim.
1487 2587 1566 2658 ιι).
1615 2586 1672 2643 Si
1708 2573 1906 2644 audisli
1935 2583 2125 2643 Vocem
2154 2585 2252 2642 Dei

655 2669 951 2750 loquentis,
980 2680 1173 2736 Caelum
1202 2691 1249 2735 et
1280 2691 1468 2735 terram
1499 2683 1596 2752 égo
1626 2681 1838 2752 impleo,
1869 2696 1976 2735 non
2009 2671 2248 2748 timebis,

655 2771 755 2828 'sed
802 2771 952 2829 dices
973 2792 985 2827 :
1010 2771 1267 2828 Dominus
1295 2783 1467 2827 noster
1504 2771 1558 2826 in
1584 2773 1712 2827 mlo
1736 2771 1964 2838 sursum,
1992 2781 2046 2827 et
2089 2769 2254 2842 super

660 2867 860 2920 terrain
906 2849 1192 2933 deorsum,
1251 2879 1318 2920 ne
1365 2862 1602 2920 audias:
1635 2849 1861 2920 Modicus
1907 2847 2063 2934 fidei,
2093 2855 2255 2935 quare

661 2949 946 3013 dubitasti?
981 2951 1047 3013 Et
1075 2967 1132 3014 tu
1166 2975 1377 3013 rursum
1411 2951 1768 3028 respondebis
1795 2976 1808 3012 ι
1837 2943 1961 3013 Nisi
1989 2942 2110 3027 quia
2141 2957 2252 3013 Do-

662 3047 832 3104 minus
860 3057 967 3104 e'rat
992 3051 1047 3104 iu
1073 3050 1242 3115 nobis,
1265 3065 1381 3104 cum
1411 3053 1771 3123 consurgerent
1804 3047 2035 3106 homines
2057 3047 2110 3105 in
2136 3048 2249 3119 hos,

661 3143 794 3226 forte
818 3145 954 3199 vivos
982 3145 1315 3217 deglutisseut
1343 3147 1455 3200 nos.
1487 3145 1646 3217 Saepe
1674 3133 1816 3202 enini
1841 3136 1908 3202 5b
1938 3129 2254 3203 adoleséeu-
2311 3221 2320 3226 ν

2358 1944 2528 1998 Decet
2557 1941 2721 2013 igitur
2761 1950 2817 1996 ut
2863 1956 2986 2012 qute
3029 1941 3288 2024 dicuntur
3315 1925 3509 2024 nobis,
3540 1939 3838 2012 aliquando
3877 1941 3962 2024 in-

2356 2035 2663 2104 telligamus
2697 2052 2710 2088 :
2742 2033 2983 2117 scientes
3013 2017 3142 2104 quia
3172 2019 3410 2114 mundus
3440 2041 3758 2104 praetereat,
3784 2042 3843 2117 et
3863 2017 3963 2090 de-o
4011 2097 4016 2102 ,

2355 2115 2555 2185 sideria
2579 2128 2718 2198 ejus.
2751 2109 2986 2198 Vigilate
3016 2135 3074 2183 et
3107 2112 3291 2206 videte
3325 2115 3602 2198 quomodo
3637 2109 3956 2206 ambuletis.

2358 2221 2624 2276 Novimus
2699 2221 2846 2292 quod
2925 2199 3214 2277 ineruditis
3289 2209 3540 2277 occuri'itl
3634 2235 3807 2276 mors.
3884 2203 3954 2276 Et

2353 2317 2459 2388 91
2490 2330 2600 2371 non
2642 2314 2927 2385 intelligite
2955 2323 3233 2385 tempora,
3266 2301 3320 2370 in
3375 2315 3574 2387 quibus
3602 2325 3686 2371 est
3716 2330 3873 2371 error
3902 2325 3958 2372 et

2355 2410 2621 2466 seductio.
2654 2408 2951 2466 Considera
2986 2407 3150 2464 horas
3177 2417 3339 2481 atque
3368 2416 3641 2466 momenta
3665 2451 3680 2476 ,
3710 2419 3766 2466 et
3804 2407 3957 2467 'meu-

2356 2487 2494 2556 sium
2521 2500 2697 2572 spatia
2715 2541 2732 2568 ,
2761 2514 2992 2571 quorum
3021 2514 3184 2556 cursu
3207 2497 3441 2555 humana
3465 2501 3572 2556 vita
3603 2498 3951 2559 devolvitur:

2357 2603 2410 2651 et
2438 2609 2626 2650 eorum
2667 2609 2894 2649 numero
2929 2579 3121 2657 scitur,
3154 2602 3356 2665 quanto
3388 2597 3634 2664 tempore
3659 2594 3958 2666 unusquis-

2355 2705 2462 2761 que
2492 2684 2692 2745 vixerit
2728 2707 2740 2743 :
2775 2698 2833 2744 ut
2864 2691 3076 2759 possint
3101 2688 3363 2759 colligere
3401 2689 3547 2745 vires
3573 2703 3703 2745 suas
3723 2717 3738 2757 ε
3762 2699 3818 2745 et
3849 2691 3951 2746 im-

2357 2783 2508 2852 plere
2550 2798 2619 2838 ex
2648 2783 2733 2838 his
2763 2783 2957 2839 horrea
2983 2822 2998 2848 ,
3032 2791 3087 2838 et
3115 2791 3415 2839 sementem
3447 2782 3646 2838 futuris
3681 2783 3952 2841 messibus

2357 2890 2668 2946 prmparare
2688 2915 2704 2940 ,
2736 2883 2792 2931 et
2819 2883 2878 2930 ιιι
2906 2874 3133 2930 cultura:
3166 2875 3343 2930 studia
3377 2883 3625 2946 tempore
3661 2874 3953 2932 messionis

2359 2967 2666 3034 inveniant,
2697 2976 2752 3024 et
2779 2981 2962 3023 coram
2992 2966 3105 3022 Deo
3135 2975 3191 3024 et
3220 2963 3479 3023 omnibus
3509 2953 3828 3038 possideant
3857 2984 3953 3027 ne-

2355 3060 2630 3125 cessaria,
2683 3058 2882 3115 mortis
2935 3059 3133 3140 timore
3189 3068 3483 3130 superato,
3535 3069 3592 3115 et
3636 3069 3952 3140 transeunte

2359 3149 2598 3218 mundo,
2629 3166 2738 3206 non
2769 3150 3050 3208 celebrent
3079 3135 3250 3207 l‘estos
3270 3151 3386 3208 dies
3411 3153 3464 3206 in
3487 3135 3760 3209 veteribus
3790 3155 3955 3210 vesti-

660 3223 734 3292 tia
769 3239 855 3291 tua
891 3237 1272 3308 pugnaverunt
1299 3241 1488 3294 contra
1522 3235 1604 3330 te:
1635 3233 1690 3295 et
1721 3248 1776 3296 tu
1809 3229 2034 3330 poi-lasti
2059 3237 2249 3312 jugut'n
2278 3223 2326 3298 (ἶ
2357 3247 2578 3302 mentis.
2620 3245 2878 3303 Civitates
2910 3244 3202 3302 destructa:
3231 3229 3359 3302 sunt
3385 3254 3441 3302 et
3468 3246 3704 3330 repletae.
3727 3237 3951 3317 alienis,

664 3327 787 3385 ﬁdei
812 3345 843 3384 a
865 3327 1097 3402 pueritia
1120 3339 1230 3386 tua.
1256 3329 1366 3387 Nec
1393 3325 1708 3402 percussam
1740 3327 1827 3388 est
1851 3317 2076 3388 dorsum
2103 3329 2252 3387 ιιιιιιιι

663 3425 924 3480 oneribus
971 3419 1279 3498 Egyptiis,
1329 3427 1429 3482 nec
1475 3419 1782 3483 sérvier'uni
1813 3421 2008 3482 manus
2055 3421 2162 3482 tua:
2203 3427 2257 3484 in

666 3519 932 3589 cophino;
981 3519 1104 3590 quia
1158 3517 1626 3576 circumcisioneui
1676 3519 1866 3577 amasti
1917 3507 2254 3593 Spiritalé'm:

669 3609 789 3680 qua:
842 3611 1191 3668 oceasionem
1235 3610 1387 3668 dedit
1428 3597 1591 3668 saluti
1632 3607 1826 3669 animai.
1855 3611 1980 3668 tua}.
2013 3598 2259 3671 Breviter

669 3702 866 3758 auditis
896 3722 909 3758 :
938 3701 1146 3775 grande
1195 3705 1490 3774 periculum
1532 3716 1616 3762 est
1646 3699 1919 3774 immittis,
1964 3691 2093 3762 dum
2133 3703 2258 3763 mu-

669 3793 810 3852 stum
838 3806 919 3854 est
943 3838 958 3864 ,
992 3812 1062 3855 ne
1089 3785 1366 3855 elici-verit.

829 3927 1162 3988 EPISTOLA
1204 3930 1458 3990 PATRIS
1494 3931 1748 3991 NOSTRI
1789 3932 2117 3990 PAGHOMII

704 4042 786 4099 illi
813 4043 1007 4117 Syrum
1038 4043 1251 4102 Patrem
1282 4047 1580 4103 titanalterii
1617 4045 1854 4116 Chium,
1891 4049 1939 4103 et
1969 4045 2225 4104 Jouhnt‘ﬁt

885 4134 1232 4208 Prwposit‘um
1263 4138 1447 4194 domus
1477 4139 1706 4215 ejusdem
1729 4140 2046 4197 manauit-tt.

739 4271 832 4350 ιγ,
871 4273 1249 4331 Transivimus
1277 4291 1376 4348 per
1399 4285 1452 4334 te
1471 4318 1485 4344 ,
1511 4285 1568 4334 et
1595 4292 1704 4333 non
1735 4277 2013 4348 potuimus
2036 4294 2147 4349 pra:
2177 4279 2265 4336 ni-

668 4367 775 4424 mia
798 4365 1416 4426 festinationedivinum
1447 4379 1627 4427 tecum
1651 4371 1901 4429 conferre
1920 4387 2262 4431 sermonem:

669 4460 795 4518 ideo
819 4477 962 4518 nunc
981 4479 1076 4534 per
1095 4463 1377 4535 epistolam
1401 4465 1695 4536 loquimur.
1723 4465 1883 4522 Omni
1911 4465 2110 4523 virtute
2134 4483 2267 4524 con-

669 4554 868 4622 tende,
901 4565 956 4611 ut
987 4556 1216 4627 impleas
1238 4557 1693 4614 consuetudinem
1727 4557 2082 4626 monasterii,
2114 4569 2169 4615 et
2190 4558 2266 4616 la-

673 4645 917 4716 ciasqua:
936 4657 1204 4720 pra-cepta
1217 4658 1370 4705 sunt:
1387 4666 1454 4706 ne
1471 4651 1802 4720 corrcptioni
1821 4651 1986 4706 futuri
2005 4654 2267 4724 temporis

676 4742 1028 4810 praepareris,
1054 4742 1329 4816 lucrisque
1367 4745 1421 4800 in
1463 4757 1812 4816 peccatorum
1863 4745 2098 4802 vinculis
2136 4761 2266 4820 eon-

675 4833 1042 4906 demnaudus,
1068 4848 1122 4894 et
1142 4839 1450 4896 oﬁ'erendus
1477 4841 1590 4897 Deo
1613 4851 1835 4912 propter
1858 4835 2265 4913 negligentiam,

677 4944 785 4984 non
815 4930 991 4987 solum
1036 4941 1204 5001 tuam,
1229 4935 1326 4991 sed
1357 4943 1413 4990 et
1438 4935 1666 4991 fratrum
1690 4935 1782 5008 qui
1817 4948 1993 4992 tecum
2020 4944 2184 5002 sunt,
2216 4945 2272 4992 et

677 5033 1051 5090 coaperantur
1106 5024 1238 5091 tibi,
1293 5025 1620 5094 scientium,
1662 5030 1809 5100 quod
1862 5045 1926 5084 ea
1965 5045 2086 5101 qua:
2115 5028 2273 5085 nobis

681 5108 860 5179 dedit,
910 5113 1016 5169 illis
1052 5114 1364 5175 ﬁdelissime
1405 5121 1806 5179 tradiderimus.
1863 5123 2178 5180 Memineris
2216 5131 2276 5181 et

683 5204 974 5261 ministerii
1006 5205 1320 5279 laborisque
1361 5211 1718 5282 Sanctorum,
1750 5225 1807 5272 et
1844 5215 2007 5272 amici
2034 5216 2151 5285 tui,
2181 5215 2273 5287 qui

679 5309 1056 5371 Cognovernnt
1087 5302 1418 5362 voluntatem
1448 5307 1540 5363 Dei
1573 5325 1586 5362 :
1619 5317 1676 5366 ut
1704 5320 1759 5365 et
1790 5309 1890 5380 ipsi
1933 5309 2064 5364 (tant
2092 5309 2273 5365 cohae-

679 5394 839 5450 rcdes
869 5393 1113 5465 ejusdem
1147 5401 1614 5470 repromissionis,
1643 5410 1698 5458 et
1728 5402 1964 5457 habeant
1994 5403 2275 5457 immorta-

679 5490 783 5545 lem
816 5488 982 5544 ﬁdem
1013 5504 1045 5544 ει
1073 5489 1188 5546 Deo
1208 5531 1222 5555 ,
1249 5507 1371 5561 qua:
1398 5504 1579 5550 creata
1609 5504 1695 5550 est
1723 5509 1822 5564 per
1848 5492 2100 5562 spiritum
2145 5509 2270 5563 pro-

676 5580 964 5647 phetarum
983 5621 998 5646 ,
1019 5588 1074 5635 et
1094 5581 1162 5634 ah
1180 5583 1445 5651 apostolis
1470 5584 1745 5639 roborata.
1766 5580 1869 5647 Qui
1891 5583 2271 5638 sustinuerunt

675 5685 776 5740 pro
816 5687 880 5727 ea
925 5687 1118 5728 omnes
1147 5677 1426 5744 angustias
1450 5684 1506 5729 et
1535 5673 1966 5744 persecutiones.
2012 5674 2274 5730 Credide-

682 5769 810 5813 runt
851 5762 999 5816 enim
1047 5762 1460 5831 repromissioni
1504 5764 1657 5835 ejus,
1689 5773 1745 5820 et
1776 5761 1980 5819 idcirco
2023 5759 2268 5836 fragran-

683 5849 809 5906 tiam
835 5851 964 5910 boui
993 5853 1180 5909 odoris
1202 5854 1305 5910 sibi
1334 5866 1679 5929 paraverunt.
1704 5856 2125 5922 Consideremus
2145 5875 2276 5938 ergo

2356 3341 2450 3412 qui
2478 3339 2623 3396 haud
2656 3341 2728 3412 pii
2756 3350 2885 3396 sunt
2926 3340 3064 3397 inire
3097 3339 3389 3398 consilium
3420 3342 3662 3413 sapiens.
3695 3331 3875 3400 Fluxit
3898 3344 3956 3402 in

2358 3432 2578 3491 deserto
2605 3449 2766 3507 aqua,
2794 3445 2847 3491 et
2872 3435 3286 3492 exsultaverunt
3325 3435 3569 3506 jumenta
3599 3451 3664 3494 ac
3689 3438 3954 3496 volatilia.

2358 3527 2588 3599 Sapiens
2617 3537 2668 3582 et
2699 3526 2987 3584 continens
3027 3529 3193 3584 homo
3224 3542 3331 3584 non
3370 3538 3607 3600 uugetur
3636 3541 3910 3601 unguento
3934 3571 3954 3600 ,

2359 3620 2501 3692 quod
2533 3620 2808 3677 demolita:
2833 3630 2962 3677 sunt
2983 3635 3183 3676 musca:
3213 3622 3540 3690 morientes,
3569 3632 3625 3679 et
3645 3603 3792 3695 quod
3816 3639 3956 3681 como

2361 3715 2598 3786 positum
2650 3724 2732 3771 est
2781 3714 2906 3771 ﬁliis
2948 3714 3084 3786 agri.
3116 3715 3242 3771 ideo
3287 3716 3516 3788 vigilare
3565 3715 3860 3784 debemus,
3900 3724 3955 3774 et

2362 3809 2509 3892 omni
2541 3807 2914 3886 sollicitudine
2967 3807 3166 3865 futuris
3216 3795 3487 3892 lapidibus
3531 3808 3821 3892 providere
3853 3827 3866 3864 :
3896 3819 3955 3866 ut

2364 3885 2471 3958 non
2494 3901 2893 3974 confundamur
2916 3901 2968 3956 in
3002 3911 3248 3972 tempore
3265 3943 3280 3968 ,
3306 3885 3521 3971 quando
3547 3889 3802 3982 venerint
3822 3911 3956 3959 tem-

2363 4010 2494 4067 pora
2543 3995 2849 4075 refrigerii,
2906 4002 2960 4050 et
3001 4010 3068 4050 nc
3126 3994 3467 4075 inveniamur
3527 3981 3731 4050 subditi
3785 3994 3957 4052 servi-

2365 4083 2466 4166 tuti
2489 4131 2505 4156 ,
2535 4073 2630 4145 sed
2665 4097 2724 4145 ut
2747 4088 2917 4167 simus
2961 4103 3098 4143 nova
3137 4073 3454 4159 conspersio
3490 4106 3503 4144 :
3534 4089 3772 4168 scientes
3813 4076 3956 4161 quod

2365 4167 2716 4252 pulchritudo
2756 4181 3036 4236 nobiscum
3067 4180 3160 4235 sit.
3200 4177 3466 4252 Loquitur
3515 4171 3570 4238 et
3613 4167 3744 4239 alibi
3773 4196 3954 4240 sermo

2365 4259 2626 4330 divinus:
2660 4271 2933 4344 Numquid
2971 4274 3237 4352 comedam
3281 4273 3464 4330 cornei
3515 4275 3820 4352 taurorum,
3869 4284 3957 4333 aut

2369 4367 2672 4438 sanguinem
2710 4367 2970 4422 hircorum
2991 4365 3158 4421 bibam
3185 4349 3360 4436 (Psal.
3386 4347 3568 4437 χιιιή
3596 4351 3954 4436 Quamobrem

2371 4474 2477 4515 non
2504 4449 2954 4516 circumferamur
2979 4459 3125 4515 omni
3158 4457 3322 4514 vento
3346 4448 3606 4516 doctrina-
3627 4479 3640 4515 :
3660 4461 3786 4531 quia
3817 4449 3957 4518 venit

2371 4554 2587 4624 tempus
2634 4565 2690 4609 ut
2729 4551 2902 4609 sancti
2936 4567 3165 4623 regnum
3196 4552 3485 4624 accipiant.
3517 4541 3787 4632 Expandit
3832 4539 3956 4609 Sion

2374 4661 2566 4701 manus
2593 4660 2754 4711 suas,
2786 4661 2894 4700 non
2924 4653 3008 4700 est
3033 4645 3120 4714 qui
3152 4646 3467 4701 conSoletur
3491 4659 3631 4700 eam.
3664 4645 3773 4717 92
3796 4643 3957 4700 Juve-

2371 4755 2470 4795 nes
2499 4738 2750 4795 inﬁrmati
2781 4746 2902 4792 sunt
2949 4739 3000 4812 in
3031 4723 3204 4808 plagis
3237 4725 3507 4806 lignorum
3541 4755 3554 4791 :
3586 4717 3958 4812 diSpergeutcs

2371 4849 2538 4906 aquas
2571 4831 2781 4889 itineris
2814 4817 2920 4886 sui.
2971 4809 3344 4902 Myrmicoleou
3373 4831 3562 4901 periit,
3605 4846 3663 4884 eo
3709 4809 3832 4900 quia
3863 4847 3958 4906 non

2373 4905 2578 4980 haberet
2608 4940 2778 4979 escam
2809 4911 2950 4995 (Job.
2983 4925 3078 4993 tv).
3110 4909 3210 4991 Qui
3254 4938 3374 4979 cum
3405 4921 3524 4978 iure
3565 4922 3818 4993 partitur,
3850 4905 3961 4978 odit

2374 5019 2608 5074 animum
2655 5032 2828 5073 suam.
2878 5017 3139 5073 Prolanas
3178 5025 3233 5072 et
3262 5033 3430 5072 novas
3461 5005 3738 5072 doctrinas
3764 5014 3960 5072 devita.

2374 5108 2597 5182 Advena
2650 5109 2787 5163 sicut
2815 5107 3070 5180 indigena
3099 5110 3169 5163 sit
3193 5109 3336 5165 inter
3364 5125 3480 5166 vos.
3519 5093 3719 5164 Occidit
3740 5109 3792 5164 in
3814 5126 3964 5182 gran—

2376 5185 2496 5257 dine
2535 5181 2708 5256 vineas
2752 5218 2968 5268 eorum,
3016 5213 3063 5258 et
3115 5219 3408 5274 sycomoros
3451 5220 3626 5258 eorum
3678 5206 3734 5257 in
3784 5205 3963 5276 pruina

2377 5283 2546 5370 (l’sal.
2565 5277 2787 5367 vavu).
2813 5281 3180 5367 Acceptabilis
3201 5279 3343 5368 regis
3367 5296 3614 5352 minister
3633 5295 3962 5366 intelligens.

2377 5371 2479 5445 Mel
2509 5378 2760 5446 invenisti
2780 5432 2792 5456 ,
2811 5390 3034 5446 comede
3055 5373 3197 5460 quod
3225 5377 3455 5457 sufﬁcit,
3485 5404 3552 5444 nc
3575 5387 3716 5444 forte
3745 5388 3965 5444 satiatus

2377 5481 2695 5540 evomasid.
2726 5481 2992 5538 Memento
3015 5480 3235 5551 judicii,
3268 5492 3323 5536 et
3352 5479 3746 5536 misericordia:
3765 5523 3779 5546 ,
3816 5496 3878 5536 ac
3905 5479 3965 5535 ﬁ-

2377 5574 2486 5632 dei.
2520 5559 2738 5643 ludicii,
2763 5590 2860 5646 per
2881 5571 3023 5644 quod
3047 5571 3296 5643 regiones
3323 5553 3650 5629 habitabiles
3675 5572 3810 5629 ﬁunt
3835 5592 3847 5630 :
3875 5574 3969 5629 mi-

2380 5669 2719 5734 seriCordize,
2752 5683 2848 5738 per
2885 5679 3044 5736 quam
3077 5665 3411 5734 gloriﬁcatur
3438 5664 3580 5720 Deus
3612 5683 3626 5719 :
3661 5664 3819 5731 ﬁdei,
3851 5677 3969 5738 qua

2382 5757 2793 5822 fundametttltm
2838 5763 2921 5817 est
2969 5757 3310 5814 mortuorum
3341 5763 3500 5829 atque
3549 5757 3796 5813 vivorum
3851 5777 3866 5813 :
3917 5761 3972 5814 ut

2383 5874 2481 5935 per
2509 5855 2612 5914 hoc
2637 5865 2789 5928 spem
2817 5851 3096 5935 possidere
3125 5850 3426 5911 valeamus.
3460 5849 3642 5924 Pugna
3667 5845 3829 5922 atque
3848 5866 3972 5918 con-
