4056 6304
656 300 727 359 95
1598 306 1654 363 S.
1699 305 1971 365 EUSEBII
2007 307 2394 369 HIERONYMI
2436 314 3015 377 INTERPRETATIO.
3912 328 4001 387 536

656 418 735 474 bit
766 436 781 473 :
813 418 1048 490 Argnam
1079 417 1304 475 delicias
1334 434 1547 491 eorum,
1573 431 1628 479 et
1650 438 1754 479 non
1784 437 1880 481 eos
1904 424 2099 484 faciam
2125 444 2249 499 per-
2275 431 2331 492 Α
2354 445 2498 498 esse,
2532 443 2587 490 et
2613 446 2821 506 partem
2851 436 2939 492 Xi.
2982 437 3108 495 Ideo
3150 448 3322 496 totum
3368 444 3660 501 scribimus
3712 447 3845 503 Beta
3868 466 3884 515 ;
3908 464 4005 507 ne

654 509 845 565 venire
870 510 938 565 ad
961 511 1183 582 pascha,
1207 514 1273 568 ad
1304 514 1447 585 quod
1474 527 1869 574 convocantur.
1889 518 2250 587 Laboremus,
2354 524 2609 582 diceretis
2652 528 2796 598 quod
2823 528 3047 585 Gamma
3068 533 3138 586 sit
3164 533 3453 604 scriptum.
3471 536 3689 594 lnomni
3713 509 3991 609 Epistola

649 600 883 659 invicem
928 620 1098 661 onera
1149 617 1333 663 nostra
1382 619 1680 680 portantes,
1734 612 1874 669 sicut
1918 625 1973 671 et
2000 614 2252 674 Christus
2354 636 2517 691 quam
2546 623 2741 693 scripsi
2774 624 2949 691 vobis,
2972 626 3051 685 de,
3070 638 3245 682 vestra
3273 631 3518 686 sessione
3561 634 3893 690 continetur
3926 645 3994 691 et.

648 697 892 766 portavit
920 696 1265 755 inﬁrmitates
1294 712 1506 758 nostras
1537 706 1592 759 in
1621 720 1722 761 suo
1752 720 2013 778 corpore,
2041 719 2097 764 et
2142 726 2251 767 non
2353 712 2421 768 de
2448 715 2874 783 resurrectione,
2905 717 3051 773 etde
3076 720 3268 775 umbra
3296 726 3673 791 antemuralis,
3708 742 3838 797 quae
3893 734 3993 781 est

651 790 873 846 deiecit.
910 790 969 847 Si
993 793 1250 863 magister
1282 808 1470 852 noster
1501 806 1585 853 est
1615 799 1861 859 Christus
1888 845 1900 865 ,
1931 803 2102 859 simus
2132 806 2251 875 ejus
2353 817 2507 864 extra
2537 825 2773 865 murum.
2800 810 2949 866 Odor
2970 815 3257 883 sapientiae
3310 826 3511 874 vestrae
3541 819 3609 874 ad
3643 836 3743 875 nos
3795 836 3992 891 usque

651 884 975 952 imitatores,
1002 895 1058 942 et
1083 886 1228 944 illius
1260 899 1538 974 portemus
1568 894 1796 964 injurias
1828 914 1841 952 :
1872 912 1940 953 ne
1972 898 2023 953 in
2073 899 2251 955 futuro
2356 902 2623 970 pervenit,
2656 912 2710 957 et
2736 905 2999 974 compulit
3030 906 3144 962 hmc
3172 909 3329 964 vobis
3366 911 3632 968 scribere.
3669 913 3737 967 Et
3768 928 3877 968 vos
3922 923 3989 969 ut

648 982 899 1048 tempore
924 992 953 1032 a
986 979 1187 1034 nostris
1216 966 1476 1039 fratribus
1502 1027 1515 1051 ,
1548 986 1641 1057 qui
1691 988 2075 1045 tribulationes
2104 994 2250 1061 passi
2354 994 2631 1063 sapientes
2663 995 2946 1068 intelligite
2979 1015 3099 1070 quae
3125 1003 3439 1071 scripserim
3484 1005 3672 1060 vobis:
3704 1016 3759 1061 et
3806 1005 3986 1063 exhic

650 1078 802 1135 sunt,
835 1084 1169 1142 separemur.
1199 1073 1355 1129 Sicut
1387 1084 1443 1132 et
1464 1076 1557 1133 alii
1580 1080 1726 1149 passi
1753 1090 1911 1148 sunt,
1941 1083 2032 1153 qui
2064 1086 2253 1141 nolue-
2356 1087 2477 1143 bete
2508 1104 2604 1143 vos
2626 1091 2816 1160 quales
2844 1107 2995 1148 meus
3020 1107 3201 1151 sermo
3226 1096 3542 1155 describere
3568 1100 3752 1170 elegit.

656 1165 1323 1295 Effii'ii‘li'fl‘iifﬂiff
1345 1170 2250 1295 '5311:?Lifiiﬁiii‘i‘i‘ii'tEt"
2504 1227 2840 1285 EPISTOLA
2880 1230 3129 1290 PATRIS
3169 1234 3420 1291 NOSTRI
3464 1237 3803 1295 menon"

651 1255 756 1310 de‘
786 1265 841 1311 ει
874 1258 1032 1313 {esus
1052 1267 1134 1313 est
1163 1258 1340 1327 Deus,
1372 1261 1440 1318 de
1467 1264 1605 1319 εωιο
1629 1276 1823 1321 cuncta
1853 1279 2210 1339 prospectans
2235 1314 2249 1338 ,
2504 1255 2840 1285 unoruun
2880 1255 3129 1290 reuma
3169 1255 3431 1321 “ualui

646 1358 702 1404 et
731 1348 784 1404 in
814 1349 903 1406 die
932 1350 1262 1410 visitationis
1280 1356 1582 1413 secundum
1610 1375 1777 1430 opera
1802 1362 2032 1434 singulis
2074 1364 2248 1421 reddi-

2378 1340 2437 1393 ld
2464 1343 2699 1397 universa
2728 1347 3063 1411 monasteria,
3092 1356 3153 1401 ut
3192 1359 3570 1422 congregantur
3616 1368 3794 1406 omnes
3851 1369 3980 1407 mo-

646 1450 824 1498 mms-
880 1445 1181 1517 omniaque
1230 1451 1407 1506 sane“
1453 1451 1571 1522 eius
1625 1468 1926 1525 sequamur
1976 1460 2204 1530 vestigia
2235 1501 2251 1526 ,
2428 1436 2766 1489 nasteriorum
2795 1436 3065 1509 Principes
3088 1450 3136 1493 et
3165 1442 3436 1496 domorum
3462 1443 3739 1516 Pra’positi
3767 1446 3824 1498 in
3854 1462 3977 1499 mo-

646 1551 879 1608 quomm
911 1550 967 1595 et
998 1555 1098 1595 nos
1142 1541 1407 1599 debemus
1454 1545 1644 1602 audire
1693 1556 1980 1619 pmcepm.
2013 1529 2254 1609 Locmus
2427 1529 2707 1582 nasterium
2731 1531 2868 1600 quod
2890 1543 3095 1586 vocatur
3126 1532 3315 1601 Baum,
3370 1537 3608 1590 vicesimo
3638 1539 3720 1590 die
3771 1539 3981 1593 mensis

648 1642 768 1686 sum
800 1632 957 1687 vobis
988 1647 1085 1703 per
1114 1631 1485 1691 inﬁrmitatem
1518 1653 1717 1693 meam.
1876 1618 1885 1619 “
2426 1619 2513 1687 qui
2541 1619 2681 1690 apud
2703 1618 2987 1693 zEgyptios
3009 1623 3305 1694 appellatur
3334 1624 3536 1689 Mesore
3559 1626 3700 1699 [Lat.
3760 1629 3985 1701 Augus-

852 1725 1101 1799 95-96
1125 1725 1464 1785 EPISTOLA
1494 1729 1559 1786 Ρ,
1590 1730 1657 1786 Ν,
1700 1732 2026 1790 ΡΑρῃυΜιι
2427 1709 2635 1813 tus],.ut
2655 1712 2754 1764 rite
2780 1713 3011 1813 omnium
3040 1723 3369 1784 peccatorum
3422 1726 3573 1788 atque
3607 1734 3828 1788 operum
3877 1736 3977 1774 re-

650 1816 731 1872 Ad
757 1817 953 1890 Syrum
982 1818 1196 1875 Patrem
1217 1823 1537 1890 monasterii,
1585 1829 1723 1895 quod
1766 1838 1977 1882 vocatur
2025 1829 2251 1900 Chnum,
2285 1828 2331 1888 Β
2430 1804 2607 1856 mimo
2634 1804 2968 1875 compleamr‘
3294 1876 3295 1879 η

723 1922 771 1968 et
797 1911 1059 1969 Joannem
1086 1914 1436 1987 Prwpositum
1474 1919 1527 1974 in
1555 1920 1733 1975 eodem
1758 1925 2072 1979 ῃιοηαειενίο
2103 1929 2259 1982 unius
2436 1916 2803 1990 Vl[.Tempus
2826 1921 2879 1975 in
2897 1922 3143 1991 proximo
3157 1933 3338 1990 e3t,ut
3360 1924 3411 1978 in
3430 1940 3595 1979 unum
3625 1924 3980 1981 conveniatis

727 2006 937 2061 domus.
1258 2000 1261 2001 ⁷
2354 2007 2505 2079 juxta
2543 2028 2750 2065 morem
2783 2012 3091 2081 pristinum,
3113 2014 3267 2086 juxta
3290 2017 3565 2091 antiquam
3608 2016 3979 2095 consuetudi-

722 2098 811 2154 VL
842 2099 981 2157 Volo
1014 2117 1111 2158 vos
1156 2104 1460 2177 intelligere
1510 2107 1744 2177 litteras,
1772 2125 1906 2179 quas
1958 2112 2260 2183 scripsistis
2361 2118 2505 2167 nem,
2542 2112 2596 2158 ut
2630 2104 2884 2160 remissio
2915 2108 3157 2162 omnium
3186 2123 3366 2164 rerum
3391 2109 3496 2165 rite
3524 2109 3862 2178 celebretur,
3914 2120 3980 2166 ut

650 2191 806 2259 mihi,
836 2202 893 2249 et
921 2209 1054 2264 quas
1081 2210 1183 2266 ego
1212 2198 1471 2269 rescripsi
1501 2201 1678 2268 vobis,
1713 2208 1769 2257 et
1794 2202 2068 2273 quomodo
2094 2220 2259 2277 opor.
2360 2197 2702 2266 cognoscatis
2724 2197 2987 2253 invicem:
3016 2207 3074 2254 ut
3103 2200 3382 2256 dimittant
3403 2202 3628 2273 singuli,
3650 2202 3803 2271 juxta
3830 2218 3979 2273 prte-

651 2296 763 2342 teat
789 2289 971 2344 omnia
1002 2289 1234 2357 spiritali
1266 2291 1554 2363 Alphaheti
1585 2294 1855 2351 elementa
1901 2311 2253 2367 cognoscere.

2371 2297 2575 2357 ceptum
2606 2290 2902 2360 Evangelii,
2935 2290 3119 2347 debita
3145 2292 3405 2348 fratribus
3434 2296 3597 2361 suis.,
3629 2303 3685 2349 et
3716 2296 3973 2373 tristitias

652 2378 891 2435 Scribite
912 2381 1032 2437 Moe
1057 2397 1222 2453 super
1250 2383 1385 2438 ﬂeta
1410 2385 1671 2451 etTheta,
1698 2387 1991 2444 etscribite
2018 2388 2143 2444 Zeta
2165 2405 2254 2445 su~

2372 2392 2423 2433 ac
2452 2379 2792 2435 simultates:
2822 2390 2877 2437 et
2906 2382 3097 2452 siquid
3134 2384 3476 2465 estjurgii,a
3520 2385 3692 2442 choro
3746 2397 3974 2442 sancto-

650 2488 751 2543 per
770 2473 833 2529 Χῖ
858 2492 871 2527 :
906 2486 962 2530 et
988 2474 1105 2530 Moe
1126 2486 1182 2531 et
1206 2477 1447 2533 Lambda
1472 2488 1529 2534 et
1553 2479 1688 2535 lota.
1705 2480 1992 2549 Quomodo
2015 2483 2252 2554 legentes

2372 2490 2482 2528 rum
2508 2474 2754 2545 abigatur
2782 2494 2793 2529 :
2829 2486 2887 2532 ut
2917 2478 3153 2535 liberent
3196 2481 3361 2537 corda
3393 2496 3489 2559 sua
3530 2483 3722 2539 timore
3746 2482 3866 2551 Dei,
3912 2494 3974 2540 et

650 2564 751 2622 has
780 2568 991 2623 litteras
1008 2570 1441 2640 compleveritis,
1469 2574 1692 2629 scribite
1715 2574 1892 2641 vobis,
1912 2575 2262 2646 utintelliga-
2361 2568 2543 2639 {"3310
2565 2572 2867 2639 ηιεηάειοίο,
2893 2572 3207 2630 dominetur
3238 2578 3463 2645 verius.
3498 2587 3577 2645 ιιι,
3611 2580 3971 2653 cessantibus

649 2660 721 2716 tis
752 2663 1011 2733 mysteria
1041 2663 1366 2720 litterarum.
1392 2665 1473 2721 Ne
1492 2667 1752 2722 scribatis
1780 2668 1899 2723 Moe
1924 2685 2089 2740 super
2116 2669 2181 2725 Xi
2205 2680 2262 2726 et
2360 2659 2540 2724 bemsi
2566 2662 2715 2732 P30i5
2746 2666 3109 2735 ινθιιίιηὶιιῑιειε
3134 2668 3357 2736 redem;
3391 2678 3445 2724 οι
3489 2667 3541 2724 in
3585 2684 3649 2725 ea
3683 2670 3971 2728 amblllare

651 2754 753 2808 εις,
780 2764 835 2809 ει
862 2754 955 2809 Hi;
987 2755 1082 2810 sed
1114 2766 1172 2811 ιη
1199 2759 1373 2828 magis
1423 2758 1678 2813 sel-nmis
1717 2758 1849 2815 zem
1876 2776 2041 2831 super
2069 2761 2152 2827 Χῖ,
2206 2771 2262 2818 ει
2363 2753 2585 2822 possitis
2603 2770 2789 2809 coram
2821 2755 2931 2813 Deo
2962 2768 3017 2813 et
3040 2760 3382 2816 hominibus:
3429 2774 3485 2817 ut
3520 2777 3713 2818 omnes
3741 2766 3972 2836 mquali-

650 2845 771 2901 Moe
812 2860 977 2916 super
1019 2848 1152 2903 Heia
1186 2860 1242 2905 ei
1267 2851 1461 2905 Theia,
1506 2851 1789 2922 Susceptis
1826 2855 2022 2910 litteris
2060 2859 2260 2913 vestris
2364 2855 2448 2902 ter
2467 2848 2735 2920 diligatis:
2771 2862 2830 2905 ut
2856 2854 3105 2909 serviatis
3128 2855 3240 2910 Deo
3256 2857 3831 2927 atqueconcordiaa,et
3858 2875 3969 2915 non

654 2938 837 2994 statim
871 2940 1151 3010 rescripsi,
1182 2952 1236 2997 et
1268 2942 1335 2997 ad
1368 2944 1594 3013 mystica
1629 2961 1729 3015 ego
1780 2961 1997 3018 quoque
2046 2960 2258 3005 sacrata
2363 2945 2819 3014 concupiscentiis
2847 2947 3031 3014 variis,
3060 2959 3116 3004 et
3138 2952 3309 3006 errori
3326 2953 3604 3008 oculorum
3622 2963 3966 3009 vestrorum:

656 3031 935 3102 respondi.
968 3032 1344 3090 Animadverti
1378 3041 1526 3091 enim
1566 3037 1827 3094 terminos
1856 3054 1979 3096 esse
2004 3040 2261 3111 Epistula;
2363 3042 2419 3088 et
2444 3038 2698 3090 tumentis
2728 3039 2971 3093 scientia:
2994 3041 3399 3110 fraudulentiis,
3425 3046 3714 3116 carnisque
3732 3047 3898 3102 vitiis.
3925 3046 3967 3102 E

652 3138 849 3183 vestrm
876 3128 1008 3184 Heta
1032 3137 1089 3183 et
1120 3130 1292 3186 Theta
1322 3149 1334 3185 :
1367 3140 1423 3188 et
1452 3132 1655 3188 idcirco
1685 3135 1848 3189 etiam
1879 3150 1982 3206 ego
2014 3135 2066 3189 in
2099 3152 2257 3191 eum~
2362 3126 3701 3207 ίιυῑὺιιεοτίυηιιιτεοιιῖεηιθιει,ειοοηιθιηριυειεςίε
3720 3139 3969 3202 θείνοοη·

650 3219 776 3276 dem
806 3235 1023 3277 sensum
1078 3222 1354 3295 verbaque
1386 3227 1667 3282 consensi;
1696 3243 1766 3283 ne
1814 3228 1989 3297 imp,“-
2034 3230 2252 3285 viderer
2278 3210 2322 3272 C
2359 3221 3082 3293 tentio,malaecogitationes
3097 3227 3971 3299 quaeigneiraeundiaebullientes

652 3323 849 3369 vestra-
882 3315 1248 3386 negligentiae,
1279 3327 1333 3371 et
1364 3319 1565 3388 aliquid
1597 3335 1662 3374 ex
1693 3321 1850 3377 nobis
1877 3321 2061 3377 damni
2096 3325 2262 3377 susti-
2364 3315 2685 3407 quandoque
2699 3318 3180 3388 erumpuntforas,
3215 3332 3270 3377 et
3296 3321 3621 3392 despumant
3650 3324 3700 3379 in
3717 3331 3968 3407 corporis

653 3406 879 3461 neretis.
921 3406 1125 3477 Scripsi
1156 3424 1287 3479 ergo
1333 3410 1490 3465 vobis
1529 3412 1729 3466 Simma
1782 3414 1915 3469 Phi:
1970 3416 2255 3471 rescribite

2366 3406 2754 3485 voluptatibus.
2774 3408 2982 3464 Idcirco
3000 3411 3199 3481 scripta
3219 3413 3403 3468 estlex
3425 3415 3539 3479 Dei,
3576 3424 3632 3470 ut
3648 3416 3734 3471 lex
3767 3431 3967 3487 corpo-

652 3496 779 3555 Chi.
810 3500 994 3571 Itaque
1025 3515 1169 3555 nunc
1197 3502 1251 3557 in
1282 3503 1475 3558 diebus
1502 3504 1619 3559 istis
1638 3521 1750 3577 non
1766 3507 2059 3563 scribimus
2090 3510 2260 3566 Theta
2365 3516 2483 3555 tum
2506 3511 2560 3554 ει
2581 3502 2717 3569 ἶὶιινθ
2748 3503 3027 3560 εοΙνειηῑυΓ
3057 3525 3070 3561 ε
3103 3516 3159 3562 el
3179 3507 3528 3574 erubescam,
3558 3509 3648 3579 (ιυί
3680 3511 3731 3564 ill
3772 3527 3965 3579 eorum

656 3591 792 3649 Moe.
817 3593 887 3649 Et
908 3610 975 3649 ne
999 3594 1279 3651 dixeritis:
1307 3612 1598 3665 possumus
1615 3600 1860 3656 scribere
1878 3601 1942 3667 Ν,
1962 3602 2118 3669 Heta,
2137 3603 2258 3667 Phi,

2363 3592 2472 3664 97
2488 3592 2623 3666 -98
2660 3594 2937 3650 ambulant
2964 3598 3463 3669 concupiscentiis;
3511 3601 3839 3672 tandemque
3872 3621 3965 3659 re-

658 3683 863 3751 Labda,
888 3685 1192 3753 OYYOYY,
1222 3688 1429 3757 Labda,
1459 3688 1593 3757 lota,
1645 3691 1858 3758 Labda;
1908 3708 2037 3749 ecce
2064 3696 2260 3766 scripsi
2364 3684 2527 3739 deant
2549 3687 2614 3739 ad
2650 3687 2842 3754 Deum,
2872 3699 2925 3743 et
2946 3690 3147 3759 Spretis
3180 3692 3804 3762 temporalibus.a2terna
3832 3710 3962 3764 per-

659 3777 814 3833 vobis
844 3789 899 3835 et
929 3778 998 3834 Xi
1025 3788 1197 3834 totum
1227 3790 1390 3852 atque
1414 3783 1715 3851 perfectum
1741 3786 1792 3839 in
1826 3801 2010 3857 gyros.
2047 3788 2113 3841 Et
2161 3804 2260 3843 vos
2364 3778 2579 3848 auitam
2612 3798 2624 3834 ε
2663 3783 2955 3850 υνίθρπθῑί
2986 3792 3299 3839 Sanctorum
3334 3784 3662 3851 “medim”.
3697 3788 3787 3856 (Ιυῖ
3829 3802 3965 3842 00"”

658 3868 899 3924 scribitis
930 3871 998 3926 Xi
1025 3882 1081 3925 et
1102 3870 1225 3937 Phi,
1248 3883 1300 3928 ut
1338 3876 1558 3942 possitis
1587 3876 1831 3932 scribere
1872 3877 2078 3933 Simma
2114 3880 2250 3937 Moe.

2366 3880 2702 3941 tempscrunt
2736 3884 3059 3943 prmsentem
3092 3877 3256 3931 vitam
3292 3891 3389 3947 pro
3415 3877 3525 3931 vita
3558 3875 3722 3932 futuri
3744 3880 3960 3933 saeculi:

644 3950 801 4033 Ecce
833 3966 1002 4022 Theta
1037 3969 1299 4038 scriptum
1330 3983 1416 4025 est
1444 3970 1696 4029 antehac.
1722 3971 1967 4028 Sul'liciat
1996 3975 2148 4029 vobis
2162 3992 2246 4031 cu-

2367 3977 2464 4031 pro
2497 3964 2701 4018 malitia
2727 3976 3013 4033 sperantes
3040 3968 3452 4038 benignitatem,
3496 3983 3594 4039 pro
3626 3969 3854 4024 tumultu
3883 3980 3964 4025 at—

653 4073 770 4115 ram
800 4059 1002 4116 habere
1032 4060 1216 4131 Kappa
1257 4070 1312 4117 et
1342 4062 1477 4117 Tau.
1514 4063 1569 4119 Si
1626 4074 1805 4120 tamen
1852 4066 2051 4122 exituri
2101 4070 2253 4135 estis,
2364 4068 2470 4124 (Ιυθ
2498 4055 2784 4110 discordiis
2815 4074 3000 4127 Pacem
3044 4071 3096 4114 ει
3120 4061 3491 4126 concordiam:
3544 4077 3645 4133 Pr0
3672 4060 3965 4133 θάοβῑίοηθ

651 4144 971 4224 scripsimus
995 4156 1150 4210 vobis
1173 4154 1259 4220 Hi,
1304 4165 1526 4227 ριορριει»
1580 4157 1823 4213 laborem
1877 4168 2145 4225 vesnum,
2202 4172 2261 4217 ιη
2363 4148 2564 4211 carnis,
2600 4149 2916 4207 fainulatum
2969 4154 3084 4209 Dei.
3116 4154 3184 4210 Ut
3212 4170 3273 4209 ea
3305 4165 3573 4227 qumraut,
3597 4173 3716 4227 qum
3747 4158 3964 4227 placent

652 4260 874 4303 omnem
904 4245 1213 4304 adhibentis
1240 4246 1665 4302 sollicitudinem
1689 4257 1978 4318 antequam
2010 4251 2254 4319 proﬁcis-

2364 4238 2509 4293 illius
2559 4242 2845 4311 voluntati,
2898 4247 3080 4301 carnis
3130 4248 3403 4303 incentiva
3430 4261 3779 4318 superantes.
3815 4249 3964 4307 Scri-

651 4339 872 4397 camini.
903 4338 1039 4395 Nam
1070 4349 1125 4395 et
1150 4353 1249 4395 nos
1281 4338 1530 4393 eamdem
1556 4354 1743 4395 curam
1775 4339 2044 4395 habemus
2097 4358 2259 4413 quam
2367 4341 2515 4399 ptum
2537 4342 2621 4387 est
2642 4333 2787 4389 enim
2807 4353 2819 4389 :
2839 4335 3212 4394 Sidimiseritis
3228 4340 3518 4395 hominibus
3536 4352 3743 4414 peccata
3762 4358 3960 4414 eorum,

652 4443 706 4488 et
731 4447 865 4487 vos:
904 4446 1080 4503 neque
1105 4431 1430 4501 scripsimus
1445 4430 1631 4501 Kappa
1658 4441 1713 4487 et
1744 4431 1877 4486 Tau.
1907 4432 2112 4504 Scripsi
2164 4450 2261 4489 νο-
2363 4423 2586 4478 dimittet
2613 4436 2658 4479 et
2680 4429 2820 4482 vobis
2858 4428 3018 4483 Pater
3044 4442 3230 4495 vester,
3279 4434 3369 4502 qui
3396 4435 3448 4487 in
3479 4434 3615 4488 caelis
3646 4442 3742 4499 est,
3773 4434 3961 4488 delicta

654 4524 740 4579 bis
767 4523 1006 4590 nomine,
1039 4522 1181 4579 unde
1197 4532 1252 4578 et
1277 4538 1395 4586 vos,
1449 4522 1667 4595 quando
1718 4524 1967 4580 videritis
1998 4526 2257 4596 scriptum
2362 4526 2528 4570 υθεῑνα
2558 4516 2777 4586 (Μαίυιο
2804 4521 2909 4593 νι)·
2946 4521 3011 4576 Et
3040 4538 3254 4578 Γυνευηι
3282 4542 3294 4578 ε
3328 4523 3604 4579 mmmam
3626 4526 3821 4598 εἱησυιί
3848 4526 3962 4596 Ῑνα⁴

654 4614 837 4686 Kappa
892 4627 946 4671 ει
998 4617 1138 4681 ϊεηι⁹
1185 4617 1474 4672 rescribite
1522 4617 1675 4672 zem,
1727 4618 1957 4686 Quando
2007 4620 2257 4677 videritis
2288 4606 2336 4665 1)
2364 4608 2523 4663 tribus
2547 4627 2609 4664 ex
2638 4613 2791 4666 corde
2818 4630 2936 4667 suo.
2972 4615 3038 4668 Et
3065 4616 3259 4671 iterum
3292 4635 3305 4670 :
3340 4616 3616 4680 Dimittite.
3662 4628 3711 4672 et
3735 4618 3961 4673 dimitte-

650 4706 860 4763 Simma
877 4716 929 4762 et
948 4709 1069 4775 Phi,
1092 4708 1777 4776 rescribiteMoe.Quando
1795 4709 2041 4765 videritis
2056 4711 2261 4777 Labda,
2363 4711 2448 4755 tur
2477 4702 2617 4756 vobis
2640 4702 2861 4773 (Matth.
2893 4704 3067 4777 xvin).
3096 4707 3158 4762 Et
3187 4708 3386 4764 deinde
3413 4727 3426 4761 :
3458 4707 3757 4780 Benefacite
3777 4710 3854 4763 Itis
3868 4715 3959 4780 qui

651 4801 786 4869 lota,
821 4801 1026 4867 Labda,
1061 4803 1347 4859 rescribite
1375 4802 1465 4858 Χῖ.
1501 4802 1730 4871 Quando
1782 4803 2025 4860 videritis
2074 4804 2253 4861 YOYY

2364 4793 2581 4847 oderunt
2610 4811 2696 4848 vos
2728 4793 2884 4865 (Luc.
2913 4797 3011 4867 γι).
3041 4797 3110 4852 Et
3138 4799 3265 4853 alibi
3298 4816 3310 4853 :
3344 4799 3427 4854 Ne
3445 4801 3669 4855 uincaris
3691 4801 3745 4854 in
3772 4802 3909 4856 malo
3940 4821 3957 4859 :

649 4896 854 4968 Eappa,
897 4896 999 4963 κη’
1046 4899 1173 4969 quia
1221 4899 1532 4955 invenimus
1564 4901 1867 4969 scriptum;
1926 4914 2028 4955 nos
2074 4910 2257 4957 autem
2362 4884 2452 4938 sed
2472 4886 2617 4939 vince
2643 4887 2694 4940 in
2726 4885 2855 4941 bona
2875 4890 3067 4942 malum
3088 4890 3385 4961 (Matth.v).
3414 4892 3476 4946 Et
3498 4891 3657 4946 illud:
3688 4890 3772 4947 Ne
3793 4893 3955 4960 dicas,

650 4990 971 5058 scripsimus
1020 4990 1249 5054 Simma,
1294 4990 1395 5046 Phi
1442 4992 1641 5047 habete
1684 5007 1893 5047 curant.
1952 4992 2062 5047 lloc
2112 4995 2252 5048 enim

2374 4975 2594 5031 Vindice
2619 4996 2697 5033 me
2718 4980 2783 5033 de
2800 4980 3006 5035 inimico
3026 4999 3137 5036 meo
3166 4982 3321 5055 (Luc.
3346 4986 3517 5055 xvm).
3547 4984 3607 5039 Et
3624 4984 3754 5039 alibi
3787 5002 3798 5038 :
3834 4985 3955 5042 Non

647 5077 969 5132 scribiturin
984 5077 1177 5133 diebus
1207 5081 1325 5134 istis
1346 5080 1449 5147 Ro,
1470 5081 1683 5137 solliciti
1702 5092 1879 5138 estote
1894 5100 1907 5136 :
1922 5098 2042 5153 qua:
2066 5083 2249 5140 littera

2365 5072 2639 5127 reddentes
2690 5072 2884 5127 malum
2912 5090 3006 5146 pro
3052 5074 3189 5129 malo
3213 5074 3257 5145 (Ι
3288 5075 3405 5132 Pet.
3436 5076 3540 5149 Ill).
3594 5078 3657 5133 Et
3709 5077 3902 5135 iterum
3938 5097 3951 5135 :

653 5181 923 5225 vocamur
946 5170 1266 5241 Egyptiace
1290 5171 1430 5227 ore;
1460 5182 1517 5227 ει
1534 5173 1692 5229 Τιιεί,
1721 5174 1996 5243 Scriptum
2050 5177 2261 5233 inveni-
2366 5163 2706 5220 Providentes
2718 5167 2851 5220 bona
2871 5182 3043 5221 coram
3064 5169 3299 5223 erunibus
3323 5169 3615 5225 hominibus
3637 5168 3814 5243 (Rom.
3833 5173 3952 5246 xu).

648 5280 769 5321 mus
794 5265 961 5331 enim,
994 5281 1223 5337 qumque
1251 5277 1513 5323 vocantur
1559 5268 1878 5342 Egyptiace
1930 5271 2124 5326 linem
2164 5273 2259 5329 Boi
2365 5256 2431 5312 Et
2477 5256 2607 5311 illud
2643 5256 2806 5311 :Non
2862 5261 3195 5332 vosmetipsos
3245 5263 3556 5317 vindicantes
3588 5304 3602 5329 ,
3662 5263 3953 5318 charissimi

648 5370 704 5417 et
734 5360 893 5417 Thei.
953 5360 1160 5416 Habete
1206 5376 1336 5433 ergo
1384 5378 1571 5419 curam
1597 5364 1681 5432 lli,
1713 5375 1768 5420 et
1791 5365 2018 5421 scribite
2047 5365 2250 5436 Alpha;

2362 5351 2580 5424 (Ibat).
2608 5350 2717 5407 Nec
2749 5366 2853 5407 non
2883 5362 2939 5408 et
2963 5355 3089 5409 alibi
3115 5371 3127 5408 :
3157 5355 3334 5410 Estote
3359 5358 3573 5411 invicem
3590 5356 3809 5430 benigni,
3836 5374 3954 5430 ape-

644 5457 771 5527 quia
834 5456 957 5513 dedi
1019 5456 1176 5512 vobis
1230 5457 1361 5513 illud
1420 5474 1519 5530 pro
1600 5459 1687 5515 HL
1740 5459 1976 5515 Scribam
2039 5474 2258 5531 quoque
2364 5454 2539 5500 rantes
2560 5447 2745 5500 bonum
2767 5447 2835 5499 ad
2862 5446 3278 5521 onmes(Ephes.
3304 5452 3400 5515 tv).
3452 5449 3519 5503 Et
3550 5450 3957 5507 iterum:Diti-

646 5550 877 5618 Simma,
909 5551 1034 5623 quia
1057 5551 1317 5622 scriptum
1343 5560 1425 5609 εει
1453 5553 1565 5607 τοι,
1597 5562 1654 5608 ει
1698 5552 1874 5617 neua,
1926 5562 1982 5605 ιιι
2035 5554 2101 5607 ad
2156 5570 2257 5612 nos
2363 5545 2466 5618 gite
2516 5543 2750 5595 inimicos
2804 5551 2990 5595 vestros
3024 5558 3041 5595 :
3069 5541 3348 5612 benefacite
3375 5542 3567 5650 hiatqui
3594 5544 3808 5650 aderunt
3824 5558 3955 5650 vos:

650 5647 935 5716 pervenire
967 5648 1210 5705 valeatis.
1234 5648 1438 5706 Cavete
1463 5664 1530 5703 ne
1560 5648 1965 5703 obliviscamini
2011 5647 2252 5706 scribere

2366 5651 2510 5695 orate
2528 5656 2621 5711 pro
2648 5638 2752 5706 his,
2779 5639 2869 5706 qui
2896 5654 2980 5692 vos
3013 5647 3393 5707 persequuntur
3424 5635 3580 5710 (Luc.
3612 5636 3711 5703 v1).
3764 5634 3955 5694 Consi-

650 5735 739 5793 Psl
762 5753 925 5808 super
942 5740 1149 5811 Kappa,
1178 5742 1307 5813 quia
1334 5741 1600 5812 scriptum
1627 5748 1709 5796 est
1731 5740 1904 5809 prius,
1930 5747 1988 5794 et
2014 5738 2095 5794 Ro
2125 5750 2254 5798 ante
2360 5738 2615 5794 deremus
2635 5751 2785 5808 ergo,
2814 5735 3011 5792 fratres
3039 5734 3367 5839 charissimi,
3387 5734 3603 5806 quantis
3634 5734 3957 5839 testimoniis

645 5827 777 5883 illud
805 5830 1066 5897 scriptum
1097 5842 1211 5888 est:
1239 5844 1295 5889 et
1325 5850 1392 5890 ne
1424 5834 1563 5890 forte
1582 5831 1779 5889 dicatis
1806 5831 1975 5889 Theta
1992 5833 2249 5903 scriptum
2364 5833 2524 5888 homo
2550 5831 2723 5887 ﬁdelis
2752 5830 3091 5886 concluditur
3123 5845 3149 5884 a
3183 5828 3298 5888 Deo
3320 5845 3388 5886 ne
3424 5835 3609 5899 peccet
3637 5844 3652 5883 :
3681 5827 3727 5882 si
3774 5835 3953 5886 tamen
