4056 6296
80 253 127 308 οἵ
959 264 1321 323 ΕΡΙΒΤΟΙΑΞ
1363 267 1450 323 ET
1491 268 1695 327 VERBA

1806 272 2059 332 EYSTICA
2097 278 2156 333 S.
2202 276 2546 338 PACHOMII.

3312 295 3381 352 98

78 370 295 426 voluerit
320 375 525 431 audire
546 375 728 449 legem
759 380 894 451 ejus,
925 390 978 436 ct
1002 382 1269 440 inclinare
1298 399 1488 443 aurem
1520 402 1673 443 suam
1702 396 1750 455 Α
1781 405 1902 447 esse
1934 403 1983 447 Bl
2008 404 2102 449 εγ.
2140 394 2466 453 Benedictus
2509 399 2654 455 Deus
2671 414 2852 459 escam
2879 404 3035 461 dedit
3073 407 3383 468 timentibus

78 467 359 535 praceptis
408 470 861 543 illius:apcrire
910 477 1116 543 oculos,
1173 479 1411 551 dirigere
1462 497 1581 550 cor,
1628 493 1685 539 ut

76 559 239 631 possit
264 561 504 634 implere
531 568 678 638 quod
710 568 930 625 dicitur.
958 570 1109 627 Multi
1130 573 1276 629 enim
1309 584 1436 630 sunt
1476 576 1568 647 qui
1590 576 1684 634 de-

74 651 315 709 siderant
337 655 565 725 quidem
592 659 757 725 bona,
788 671 841 717 et
870 662 1037 718 Deum
1059 674 1313 735 quaerunt
1340 682 1462 722 cum
1503 668 1682 738 lacry-

4 730 9 739 ’
68 744 196 812 mis,
232 757 291 802 et
318 748 523 806 diebus
550 767 617 808 ac
642 754 893 811 noctibus
921 730 1316 827 ingemiscunt;
1342 761 1438 816 sed
1468 761 1682 833 decepti

62 840 364 898 oculorum
414 847 899 918 concupiscentiis,
952 861 1009 906 et
1052 854 1234 910 carnis
1280 852 1685 911 titillationibus

59 934 340 1003 superati,
399 936 749 995 dormierunt
778 942 830 997 in
862 944 1070 1012 gemitu
1118 954 1175 1000 et
1233 946 1429 1003 dolore
1476 948 1682 1015 cordis,

59 1026 209 1093 quod
246 1041 365 1082 non
398 1038 690 1099 potuerunt
710 1033 980 1091 dominari
1004 1039 1154 1091 carni
1181 1052 1316 1104 suae,
1359 1049 1414 1093 et
1454 1048 1685 1095 aestuan-

58 1118 198 1173 tium
230 1122 635 1193 cogitationum
662 1128 927 1185 incentiva
952 1134 1351 1202 comprimere;
1386 1151 1485 1205 pro
1514 1134 1684 1193 ﬁrmis

55 1218 113 1265 et
135 1215 447 1283 perpetuis
472 1216 650 1273 inania
683 1220 977 1293 brevisque
1005 1233 1300 1280 sectantes.
1335 1226 1438 1294 Qui
1466 1227 1684 1284 deside-

52 1313 189 1359 rant
237 1306 447 1377 legem,
496 1319 551 1365 et
592 1327 777 1380 opere,
832 1314 927 1370 Dei
954 1315 1244 1372 destruunt
1294 1320 1678 1375 voluntatem:

50 1411 195 1453 vera
221 1399 506 1469 judicaut,
532 1414 581 1458 et
613 1406 906 1461 vincuntur
935 1409 1258 1465 mendaciis.
1295 1409 1424 1466 Ideo
1457 1412 1683 1483 ingemi-

47 1500 259 1557 scunt,
277 1494 438 1563 juxta
458 1496 663 1568 eloquia
688 1501 1098 1570 prophetarum,
1125 1512 1453 1575 etperpetuo
1474 1514 1683 1563 terrore

49 1583 372 1654 ﬂuctuant,
395 1590 565 1646 donec
588 1592 875 1660 deﬁciant;
896 1605 951 1650 et
974 1598 1258 1653 tabeseant
1287 1598 1338 1653 in
1364 1600 1467 1653 viis
1488 1601 1599 1655 suis
1628 1614 1681 1657 et

48 1677 367 1736 dormiant
393 1687 442 1738 in
470 1684 777 1742 doloribus.
801 1689 903 1755 Qui
932 1701 1111 1745 autem
1148 1708 1274 1748 vere
1296 1695 1426 1762 justi
1456 1704 1602 1761 sunt,
1626 1707 1681 1751 et

47 1773 288 1831 habent
315 1777 369 1833 in
400 1795 458 1834 se
480 1796 694 1850 pacem,
724 1782 1083 1854 perfruuntur
1102 1788 1300 1855 gaudio
1322 1790 1675 1858 sempiterno.
1709 1791 1755 1852 Β

196 1892 555 1951 EPISTULA
597 1898 850 1957 PATRIS
887 1899 1139 1956 NOSTRI
1177 1902 1511 1960 PACHOMII

44 1985 141 2038 Ad
172 1988 384 2055 fratres
410 1989 500 2059 qui
533 1990 811 2044 tondebant
838 1992 891 2045 in
917 1993 1120 2047 deserto
1136 2011 1343 2064 capras,
1369 1995 1433 2050 de
1462 2013 1682 2063 quarunt

598 2085 703 2151 ﬁlis
730 2094 972 2139 texuntur
991 2087 1181 2141 cilicia.

132 2200 257 2255 VIII
273 2240 291 2252 .
320 2200 474 2255 Deus
486 2198 684 2269 quaerit
704 2199 999 2270 diligentes
1012 2216 1073 2256 se
1097 2218 1109 2254 :
1128 2201 1267 2257 sicut
1288 2203 1497 2258 invenit
1522 2203 1689 2261 Israel

57 2293 218 2360 quasi
250 2305 434 2345 uvam
465 2292 517 2345 in
548 2290 789 2356 deserto,
815 2301 872 2346 et
898 2293 1052 2362 quasi
1086 2294 1217 2349 ﬁcus
1248 2295 1576 2364 primitivas,
1611 2298 1689 2353 sic

60 2385 341 2440 inventus
365 2382 705 2439 estetJacob
723 2384 776 2439 in
790 2386 1178 2456 MesOpotamia
1194 2402 1317 2442 cum
1337 2400 1546 2445 erraret
1560 2405 1691 2459 qua-

62 2478 109 2531 si
145 2495 253 2532 uva
291 2479 350 2533 in
384 2477 707 2542 solitudine,
740 2490 792 2534 et
814 2479 1019 2549 Josepli
1045 2482 1097 2535 in
1122 2481 1531 2559 Egyptosicut
1562 2485 1694 2540 ﬁcus

63 2571 583 2640 primitivazquem
609 2571 753 2626 inter
790 2586 982 2627 omnes
1028 2572 1224 2629 fratres
1257 2589 1391 2629 suos
1437 2576 1693 2646 cognovit

68 2662 249 2731 Deus,
279 2673 338 2718 et
364 2663 512 2719 dedit
538 2664 590 2720 ei
618 2666 975 2736 principatum
1005 2678 1125 2737 post
1154 2669 1357 2724 multas
1383 2672 1685 2740 angustias.

75 2756 261 2824 Quem
297 2758 568 2814 debemus
589 2758 816 2825 imitari,
834 2760 957 2829 quia
974 2761 1105 2814 vicit
1130 2776 1353 2817 carnem
1367 2778 1545 2829 suam,
1564 2778 1689 2832 pro-

75 2850 394 2919 stravitque
432 2858 741 2919 peccatum,
772 2859 827 2905 et
852 2853 1133 2907 oculorum
1166 2854 1398 2908 calcavit
1432 2855 1686 2911 insidias.

77 2939 205 2996 Non
235 2950 563 2998 estsecutus
578 2944 914 3000 saturitatem
946 2945 1175 3014 ventris,
1209 2956 1269 3001 ut
1298 2959 1546 3003 servaret
1572 2951 1689 3003 ani-

82 3050 234 3088 mam
267 3050 426 3089 suam
452 3046 694 3093 sanctam
725 3038 860 3104 Deo,
890 3046 951 3093 ut
980 3040 1131 3095 ﬁeret
1162 3042 1428 3112 templum
1456 3042 1692 3112 Spiritus

1788 498 1846 539 se
1878 497 2057 541 Ωιῑτ.
2091 485 2326 543 Fructus
2352 489 2464 545 oris
2493 492 2600 547 mei
2625 492 2800 550 dulcis
2835 496 3014 551 factus
3036 508 3115 553 est
3144 500 3198 554 in
3232 500 3385 559 labiis

1786 578 1924 632 meis
1975 589 2085 634 th.
2150 578 2415 636 Dominus
2462 582 2557 638 dat
2613 585 2746 641 mihi
2791 585 3033 659 linguam
3086 588 3387 662 disciplina:

1788 679 1928 725 Aer.
1958 669 2074 726 Non
2106 673 2336 739 moriar,
2366 676 2460 731 sed
2504 678 2707 745 vivam,
2735 687 2789 734 et
2818 681 3054 736 narrabo
3091 696 3144 752 οι
3163 697 3256 739 era
3283 684 3387 740 Do-

1787 762 1945 816 mini.
1994 773 2076 819 to.
2106 764 2209 833 Qui
2257 765 2565 837 ingreditur
2595 785 2693 841 per
2719 786 2807 827 me
2832 813 2847 839 ,
2878 772 3064 829 salvus
3105 772 3233 829 erit.
3264 788 3383 833 τιο

1786 858 2055 925 quaeritur
2089 857 2357 929 judicium
2387 861 2603 919 Domini
2643 864 2710 920 ad
2736 866 2999 936 populum
3046 868 3165 940 ejus
3188 870 3385 927 Dama-

1788 965 1932 1007 scus.
1959 964 2082 1007 OAZ
2108 955 2237 1023 quia
2269 956 2532 1011 misertus
2559 966 2639 1014 est
2672 958 2819 1015 Deus
2847 959 3087 1027 lsraelis,
3124 972 3180 1018 ct
3207 963 3383 1020 humi-

1787 1042 1869 1098 les
1891 1046 2075 1115 populi
2110 1047 2195 1101 sui
2232 1049 2549 1104 consolatus
2576 1058 2680 1106 est.
2704 1064 2809 1108 MN.
2844 1052 2997 1109 Sicut
3022 1070 3159 1125 aqua
3190 1055 3380 1128 frigida

1786 1137 1981 1192 animre
2004 1140 2232 1207 sitienti,
2260 1142 2339 1197 sic
2367 1145 2589 1200 nuntius
2611 1145 2788 1201 bonus
2815 1147 2885 1203 de
2901 1158 3043 1203 terra
3065 1149 3376 1223 longinqua.

1786 1239 1962 1286 ΘΡΝΙΝ
1969 1243 2137 1289 ΖΟΡΙΙῙ
2144 1274 2157 1287 .

1788 1342 2027 1398 VERBA
2068 1344 2231 1414 QUxE
2268 1347 2589 1407 LOCUTUS
2630 1351 2761 1409 EST
2799 1352 2861 1409 P.
2888 1353 2955 1409 N.
2993 1355 3384 1417 PACIIOMIUS

1786 1457 1855 1513 In
1885 1462 2083 1515 visione
2108 1465 2350 1520 erudiens
2381 1471 2571 1536 fratres
2598 1470 2649 1523 in
2680 1473 2994 1526 monasterio
3016 1472 3291 1531 Mochansi
3322 1477 3386 1533 dc

1857 1553 1934 1606 his
1965 1570 2083 1624 quin
2113 1556 2187 1610 eis
2222 1568 2465 1612 eventura
2512 1571 2703 1628 essent,
2749 1573 2797 1616 et
2836 1562 2929 1617 illo
2970 1565 3172 1621 dicente
3210 1577 3258 1621 et
3303 1566 3381 1624 lo-

1858 1656 2041 1715 quente
2071 1648 2126 1700 in
2162 1649 2372 1719 spiritu,
2403 1666 2617 1725 excepta
2643 1666 2760 1709 sunt
2799 1674 2831 1710 a
2859 1658 3134 1728 fratribus,
3162 1678 3280 1731 qum
3311 1664 3384 1717 rei

1860 1740 2049 1806 facturi
2079 1753 2244 1797 essent
2275 1744 2536 1814 principes
2553 1751 3012 1817 monasteriorum,
3046 1754 3126 1809 uel
3156 1756 3381 1825 passuri.

2116 1860 2755 1902 ANNAMMIAABNIPIZZOII‘IB
2780 1868 3060 1905 rummrx

2218 1938 2989 1987 noxanoxreluntuumrﬂ.

1858 2025 1926 2078 Χ.
1977 2027 2430 2088 Monasteriorum
2491 2036 2768 2107 principes
2833 2041 3045 2110 cperati
3101 2052 3230 2098 sunt
3285 2044 3386 2100 ini-

1787 2118 2056 2186 quitatem
2107 2122 2159 2176 in
2217 2126 2493 2193 sportellis
2558 2131 2672 2183 suis
2724 2149 2737 2182 :
2788 2132 3011 2201 gladius
3065 2135 3391 2204 perditionis

1790 2212 2036 2282 ipsorum
2088 2215 2189 2270 sub
2234 2218 2413 2271 axella
2465 2233 2675 2285 eorum,
2722 2223 2814 2292 qui
2859 2235 2944 2279 est
2984 2234 3141 2281 ortus
3183 2247 3195 2282 :
3256 2228 3386 2284 insi-

1791 2304 2014 2360 diantur
2068 2308 2205 2377 apud
2280 2309 2479 2378 januas
2537 2312 2755 2368 inferni.
2817 2316 3163 2375 Abundantia
3230 2330 3389 2380 terra

1794 2406 1851 2451 et
1878 2397 2019 2451 bona
2050 2414 2171 2470 qua:
2204 2401 2430 2471 largitus
2458 2415 2543 2458 est
2577 2405 2719 2460 Deus
2752 2406 2881 2463 ﬁliis
2900 2408 3205 2479 hominum,
3234 2415 3389 2471 dixe-

1794 2501 1953 2545 runt:
1974 2490 2189 2560 Venite,
2217 2505 2271 2549 et
2300 2507 2606 2553 scrutemur
2632 2500 2755 2554 vias
2779 2512 3012 2569 nostras,
3039 2515 3096 2562 et
3114 2508 3394 2565 videamus

1793 2582 1842 2636 si
1868 2584 2212 2640 inveniamus
2238 2586 2595 2657 fermentum,
2626 2600 2682 2647 et
2703 2592 2982 2649 mittamus
3007 2596 3139 2651 illud
3166 2598 3220 2653 in
3252 2614 3393 2655 mas-

1791 2689 1907 2730 sam
1940 2678 2149 2745 farinw,
2180 2695 2302 2750 quae
2330 2697 2437 2735 nun
2470 2685 2644 2752 possit
2670 2685 2899 2753 elevari,
2933 2704 3108 2760 neque
3138 2692 3190 2745 in
3223 2691 3394 2748 altum

1792 2782 2164 2839 consurgere;
2208 2771 2306 2827 sed
2334 2772 2552 2828 deficiat
2594 2776 2755 2832 fame.
2807 2778 3141 2835 Paraverunt
3169 2783 3395 2855 laqueos

1793 2860 2023 2929 pedibus
2042 2864 2179 2930 suis,
2214 2875 2267 2919 et
2293 2880 2483 2921 arcum
2517 2869 2791 2937 manibus,
2823 2882 2879 2927 et
2900 2876 3136 2930 securim
3164 2876 3393 2935 humero

1794 2966 2153 3024 portaverunt
2184 2976 2197 3011 :
2224 2970 2603 3030 veneruutque
2626 2964 2694 3019 ad
2718 2966 2999 3023 hominem
3030 2971 3122 3041 qui
3153 2969 3395 3029 habebat

1794 3062 2041 3118 serram,
2086 3062 2142 3107 et
2194 3053 2337 3109 dixit
2367 3056 2447 3110 eis
2490 3074 2503 3109 :
2547 3056 2665 3125 Ite,
2694 3068 2751 3115 et
2800 3061 2941 3131 ligna
2990 3065 3289 3132 praecidite.
3324 3068 3394 3125 Et

83 3131 294 3197 sancti,
329 3140 385 3187 et
403 3132 771 3203 captivitatem
802 3135 1054 3191 libertate
1069 3145 1324 3192 mutaret.
1354 3136 1468 3193 Neu
1492 3138 1691 3191 oblivi-
1720 3178 1765 3241 C
1797 3139 2118 3208 dixeruutei
2139 3143 2665 3217 :Nequaquam;sed
2686 3131 3128 3212 scrutamur-vias
3150 3169 3390 3229 nostras,

87 3235 280 3280 scetur
294 3224 440 3280 Deus
456 3228 763 3282 timentium
781 3242 863 3295 se,
878 3239 931 3283 et
946 3229 1534 3299 facientiumjustitiam
1548 3231 1687 3299 ejus.

90 3317 255 3374 Unde
270 3329 327 3374 et
340 3318 432 3374 ille
443 3319 783 3388 adolescens,
799 3326 1022 3393 atquein
1037 3323 1250 3378 lubrico
1266 3324 1439 3378 (etatis
1459 3324 1692 3393 positus,

94 3428 258 3483 quem
305 3413 486 3469 carnis
532 3416 901 3474 blandimenta
947 3434 1053 3474 non
1096 3420 1368 3486 vicerunt,
1414 3421 1547 3476 vicit
1576 3422 1694 3476 vin-

94 3506 223 3561 cula
255 3517 313 3562 et
352 3522 623 3575 carceres,
658 3519 714 3565 et
746 3512 798 3565 in
836 3511 958 3566 loco
998 3514 1267 3582 angustia:
1306 3513 1513 3584 placuit
1560 3516 1690 3571 Deo.

98 3601 166 3657 Et
197 3617 301 3656 nos
328 3618 459 3675 ergo
483 3604 848 3672 conﬁdamus,
880 3607 1023 3677 quod
1057 3608 1201 3661 Deus
1237 3608 1518 3664 nobiscum
1548 3610 1618 3665 sit
1640 3610 1695 3665 in

97 3694 397 3751 solitudine
423 3740 439 3763 ,
472 3706 526 3751 ct
556 3698 864 3753 recordatio
905 3700 1025 3769 ejus
1054 3716 1271 3771 semper
1324 3703 1377 3757 in
1424 3703 1587 3759 corde
1624 3704 1699 3758 sit

99 3796 312 3843 nostro.
345 3788 745 3861 Servemusque
773 3801 1017 3847 sanctam
1038 3808 1259 3849 carnem
1294 3805 1348 3849 et
1374 3796 1609 3850 animam
1641 3795 1696 3850 in

104 3879 571 3947 deserto,sicutet
588 3882 793 3954 Josepb
818 3885 871 3939 in
895 3886 1483 3956 captivitateservavit,
1511 3898 1570 3944 ut
1590 3904 1697 3944 me-

105 3975 330 4030 minerit
352 3975 524 4031 nostri
547 3976 715 4046 Deus,
744 3988 799 4034 et
821 3980 893 4034 sit
916 3981 1198 4038 nobiscum
1220 4000 1389 4055 usque
1411 3984 1477 4041 ad
1507 3985 1692 4043 ﬁnem.

214 4088 445 4145 VERBA
488 4090 626 4147 PER
664 4092 1010 4152 LITTEBAS
1047 4096 1111 4151 P.
1152 4096 1218 4153 N.
1259 4097 1588 4157 PACHOMII

217 4204 283 4259 In
310 4205 496 4278 lingua
525 4207 851 4278 abscondita,
886 4212 949 4265 de
986 4212 1066 4268 his
1110 4230 1224 4279 qua:
1247 4218 1423 4286 futura
1448 4228 1587 4273 sunt.

184 4297 274 4353 IX.
318 4310 423 4357 ΔΩ.
468 4300 684 4357 Saecula
726 4303 1098 4363 ellerbuerunt
1138 4308 1191 4363 in
1231 4312 1397 4377 malo,
1430 4314 1573 4381 quod
1614 4322 1701 4368 est

114 4392 285 4448 Delta.
336 4407 412 4452 Br
438 4394 646 4451 fructus
683 4397 993 4469 completus
1022 4410 1102 4456 est
1135 4402 1192 4456 in
1237 4401 1416 4468 labiis,
1448 4404 1593 4474 quod
1619 4416 1703 4460 est

1797 3240 1852 3285 et
1882 3232 2190 3289 invenimus
2220 3235 2569 3308 fermentum,
2605 3252 2661 3295 ut
2688 3249 2970 3300 mittamus
3004 3248 3134 3304 illud
3166 3250 3219 3305 iu
3243 3266 3391 3306 mas-

1797 3340 1933 3390 sam,
1966 3342 2087 3397 quae
2114 3343 2223 3383 non
2254 3332 2525 3395 elevatur,
2559 3349 2732 3403 neque
2764 3338 2816 3389 in
2845 3337 3018 3392 altum
3052 3351 3234 3411 potest
3262 3358 3397 3398 con-

1796 3431 2048 3487 surgere,
2076 3420 2173 3474 sed
2199 3420 2395 3476 defecit
2419 3424 2579 3479 fame.
2608 3425 2831 3483 Vocavit
2856 3446 2986 3502 ergo
3008 3432 3172 3489 homo
3186 3438 3397 3493 amicos

1797 3523 1948 3574 suos,
1969 3521 2023 3564 et
2051 3513 2475 3570 cxcoriaverunt
2504 3517 2671 3587 pedes
2696 3534 2913 3588 eorum,
2942 3527 3400 3599 summitatesque

1799 3616 2083 3667 manuum,
2116 3603 2219 3659 hoc
2248 3617 2353 3672 est,
2388 3607 2619 3678 digitos;
2652 3609 3138 3672 etdefluxeruutin
3167 3627 3391 3679 terram.

1800 3694 2083 3752 Venerunt
2112 3707 2291 3753 autem
2326 3700 2459 3769 pulli
2492 3716 2808 3771 corvorum,
2842 3714 2899 3762 et
2923 3707 3245 3765 detulerunt
3273 3728 3392 3785 eos,

1799 3790 2045 3846 fecerunt
2073 3790 2145 3847 ibi
2179 3792 2388 3860 nidum,
2422 3803 2478 3850 et
2507 3796 2659 3851 corvi
2698 3812 3006 3867 genuerunt
3050 3803 3104 3857 in
3138 3803 3271 3862 locis
3300 3822 3395 3865 eo-

1798 3899 1943 3951 rum,
1977 3900 2041 3941 ac
2074 3900 2172 3955 per
2194 3901 2289 3942 eos
2316 3886 2616 3944 inhabitata
2647 3900 2733 3946 est
2765 3900 2930 3949 terra.

1918 3999 2150 4056 VERBA
2198 4002 2334 4057 PER
2375 4001 2719 4061 LITTERAS
2759 4005 2820 4060 P.
2862 4005 2929 4063 N.
2971 4007 3298 4067 PACHOMII

1926 4092 1992 4146 In
2023 4092 2203 4164 lingua
2229 4094 2553 4163 abscondita,
2585 4096 2748 4151 dehis
2785 4113 2901 4168 quw
2926 4103 3107 4171 futura
3125 4111 3265 4157 sunt.

1874 4210 1969 4266 XI.
2007 4210 2184 4266 Verax
2235 4222 2322 4267 est
2369 4213 2424 4268 in
2474 4215 2730 4271 omnibus
2784 4215 2952 4283 Deus,
3001 4219 3091 4288 qui
3137 4219 3269 4276 dicit
3304 4235 3399 4294 PN,

1800 4320 1993 4361 omnes
2017 4314 2290 4361 torrentes
2312 4305 2519 4362 vadunt
2544 4308 2597 4363 in
2628 4323 2778 4364 mare
2803 4324 2859 4363 κ.
2880 4310 3144 4367 Dominus
3161 4318 3404 4383 respexit

1801 4400 1870 4457 de
1909 4401 2072 4457 ccelo.
2109 4410 2166 4457 Α.
2198 4400 2319 4456 Non
2348 4410 2433 4457 est
2470 4400 2617 4457 ultra
2660 4402 2931 4474 sapientia
2985 4405 3037 4459 in
3096 4415 3169 4462 te.
3202 4416 3404 4467 MAN"

116 4485 245 4541 Tau.
277 4498 361 4544 lX.
389 4488 535 4545 Deus
560 4492 811 4548 oblivisci
835 4493 959 4550 fecit
991 4512 1077 4551 me
1102 4496 1438 4567 paupertatis
1467 4495 1519 4550 in
1541 4498 1695 4551 domo

1806 4492 1993 4547 Placet
2042 4491 2282 4548 Domino
2330 4496 2383 4548 in
2432 4493 2520 4549 his
2548 4495 2642 4564 qui
2683 4496 2877 4550 timent
2909 4496 3402 4560 Dominum.ceom

117 4594 228 4634 mea
276 4580 350 4635 de
380 4580 560 4651 capite
590 4584 853 4640 montium
882 4603 1054 4657 usque
1082 4564 1151 4644 ad
1185 4564 1446 4643 verticem
1489 4601 1702 4651 eorum,
1728 4564 1783 4624 Ῑ)
1812 4583 2074 4655 Exsurge,
2122 4593 2180 4641 ut
2205 4585 2336 4656 quid
2387 4586 2681 4652 dormitas,
2713 4586 2983 4644 Domine?
3009 4601 3050 4647 Θ
3093 4595 3401 4665 sapientum

120 4672 257 4741 quod
298 4680 388 4728 est
432 4685 526 4728 PO.
568 4687 646 4731 ΛΦ
682 4686 904 4749 propter
935 4680 1384 4737 dormitationem
1420 4680 1614 4747 viduas,
1655 4689 1712 4735 et

124 4766 339 4837 gloriam
395 4769 703 4839 pauperis,
756 4773 901 4843 quod
959 4782 1045 4831 est
1087 4786 1188 4831 ΟΥ.
1244 4785 1342 4830 Er.
1404 4772 1710 4829 Audierunt

125 4870 328 4915 montes
377 4860 629 4917 laetitiam
686 4872 847 4920 terra:
868 4908 883 4931 ,
915 4865 1061 4936 quod
1093 4875 1180 4922 est
1215 4875 1332 4923 ΞΞι.
1367 4865 1536 4922 Terra
1581 4865 1709 4921 abs-

130 4952 329 5007 condita
370 4964 454 5009 est
504 4955 713 5025 absque
786 4958 962 5027 pretio
1016 4958 1159 5029 quod
1191 4967 1275 5015 est
1302 4972 1362 5016 N.
1410 4971 1479 5015 Nc
1537 4959 1712 5029 planae

134 5055 273 5101 erunt
300 5061 469 5119 super
494 5047 671 5104 oculis
701 5065 876 5121 usque
899 5052 965 5107 ad
994 5068 1277 5123 vesperam
1304 5064 1342 5108 t.
1365 5065 1453 5108 ει).
1483 5060 1713 5123 putasne

137 5140 409 5211 uespicient
436 5156 605 5213 super
648 5153 893 5212 puteum,
923 5145 1070 5214 quod
1098 5154 1183 5201 est
1246 5157 1303 5202 II.
1338 5158 1416 5203 n‘.
1450 5146 1718 5202 Biberunt

136 5230 492 5290 absconditum
526 5234 582 5290 in
610 5234 821 5300 laetitia,
852 5238 1001 5308 quod
1030 5248 1116 5293 est
1140 5238 1277 5295 lota.
1304 5253 1376 5295 ΡΟ
1401 5241 1603 5297 factum
1631 5250 1715 5298 est

138 5326 281 5393 spolia
307 5337 467 5383 terrae
498 5328 620 5383 sine
641 5318 926 5399 sanguine.
960 5340 1082 5388 ΝΛΞ
1118 5330 1256 5387 facta
1295 5342 1421 5389 sunt
1459 5334 1713 5404 profundi

138 5418 292 5491 abyssi
330 5422 388 5477 in
427 5423 581 5479 luctu
608 5423 829 5491 cordis,
862 5426 1007 5496 quod
1040 5436 1128 5483 est
1154 5436 1253 5482 EE.
1286 5440 1379 5484 ΗΝ.
1438 5428 1715 5498 Fugerunt

136 5509 414 5569 absconditi
446 5515 569 5570 sine
593 5518 817 5584 timore,
846 5519 990 5589 quod
1021 5529 1110 5575 est
1129 5529 1273 5577 0A0.
1295 5520 1594 5592 99-100
1612 5521 1712 5589 Qui

138 5609 262 5662 novit
289 5610 335 5665 si
358 5617 675 5665 revertatur
706 5619 763 5666 et
792 5621 917 5683 agat
944 5614 1325 5686 pmnitentiam
1359 5613 1521 5668 Deus.
1579 5625 1715 5669 TB‘Y.

136 5699 386 5759 latenter
404 5705 561 5773 coeli,
586 5715 644 5762 et
680 5709 915 5767 exsultet
943 5721 1112 5767 terra.
1138 5721 1264 5767 91x.
1302 5710 1413 5764 Dan
1447 5717 1725 5779 exspectat

136 5798 356 5860 salutare
395 5803 492 5858 Dei
539 5813 661 5861 0M
711 5804 779 5861 de
809 5804 1080 5865 Nazareni
1126 5812 1307 5876 potest
1336 5802 1537 5875 aliquid
1597 5802 1725 5861 boni

1812 4680 1955 4734 oculi
1984 4680 2038 4733 in
2074 4680 2254 4749 capite
2283 4696 2497 4737 eorum.
2530 4682 2783 4739 Arrabon
2844 4693 2929 4739 est
2976 4687 3236 4755 patientia
3277 4708 3407 4762 pau-

1812 4771 1980 4840 peris.
2015 4781 2179 4827 HOAM
2208 4771 2417 4825 Laetitia
2445 4772 2722 4841 justorum
2748 4774 2928 4830 facere
2963 4775 3249 4845 judicium.
3281 4793 3319 4837 N
3346 4784 3408 4837 fl-

1814 4864 1923 4920 lius
1969 4864 2191 4934 sapiens
2227 4863 2515 4934 judicium.
2553 4876 2627 4921 er
2667 4865 2826 4922 dolor
2867 4869 3021 4924 stulti
3048 4881 3133 4927 est
3171 4873 3412 4932 deﬁcere

1815 4955 2187 5027 disciplinam.
2237 4967 2277 5011 T
2305 4954 2460 5011 aufer
2503 4955 2896 5016 vestimentum
2926 4960 3079 5032 ejus;
3114 4965 3415 5031 praeteribit

1816 5051 1960 5107 enim
1994 5048 2290 5119 injuriosus
2320 5060 2417 5116 Is,
2445 5057 2503 5105 et
2534 5048 2659 5105 aliis
2686 5050 2851 5108 faciet
2876 5058 3285 5115 contumeliam.
3317 5076 3409 5121 CN.

1818 5145 2130 5202 Thesaurus
2173 5141 2561 5200 desiderabilis
2590 5146 2890 5217 requiescit
2925 5150 2978 5207 in
3006 5166 3102 5209 ore
3122 5154 3408 5226 sapientis.

1817 5256 1897 5299 RM
1920 5255 2207 5312 usqueqno
2230 5240 2459 5311 respicis
2479 5248 2906 5313 contemptores,
2924 5256 2980 5303 et
3002 5249 3246 5306 tacebis?
3265 5260 3411 5307 TMA.

1818 5335 2151 5392 Defecerunt
2191 5332 2333 5388 oculi
2374 5332 2481 5390 mei
2524 5334 2578 5389 in
2624 5334 2862 5391 salutare
2893 5348 3063 5394 tuum.
3094 5351 3168 5396 ce
3198 5355 3297 5396 cor
3322 5356 3411 5397 sa-

1818 5431 1975 5502 piens
2028 5426 2287 5498 intelligit
2338 5426 2680 5498 parabolam.
2729 5440 2769 5484 Τ
2813 5430 3047 5485 vidimus
3093 5432 3240 5502 quod
3280 5432 3413 5490 Sion

1821 5522 2139 5596 spoliaverit
2190 5536 2250 5577 se
2297 5521 2555 5592 gloriam,
2594 5534 2756 5591 quam
2792 5521 2987 5576 habuit
3014 5523 3084 5577 ab
3107 5523 3262 5578 initio
3290 5542 3303 5577 :
3332 5524 3417 5581 id-

1820 5619 1967 5675 circo
1991 5634 2097 5674 non
2133 5614 2415 5671 incanduit
2444 5629 2494 5669 c.
2520 5612 2671 5669 Inter
2697 5613 2889 5669 literas
2915 5627 2994 5671 ΝΥ
3025 5629 3135 5669 non
3161 5617 3418 5679 scribatis

1825 5725 1880 5780 κ,
1901 5713 1995 5770 sed
2022 5710 2201 5781 magis
2221 5725 2286 5765 ex
2306 5707 2583 5779 superﬂuo
2607 5706 2832 5762 scribite
2855 5716 2992 5765 AOA.
3017 5717 3115 5768 AIA
3138 5710 3253 5767 scio
3273 5720 3419 5785 quod

1827 5806 2034 5861 scribas
2084 5819 2147 5858 cx
2190 5801 2501 5872 temetipso.
2546 5799 2603 5853 In
2634 5798 2717 5853 his
2758 5799 3012 5859 omnibus
3052 5816 3329 5865 memento
3358 5819 3420 5887 Α,
