4056 6306
656 275 755 350 tos

1579 290 1640 349 s.
1680 268 1965 350 nossent
2004 286 2391 346 HIERONYMI
2428 286 3011 347 INTERPRETATIO.

3856 288 3974 344 104

649 413 935 468 risaeorum
991 389 1355 466 Conclamavit
1410 406 1537 482 [Αι.
1605 409 1952 465 conclamare
1982 408 2002 481 ]
2076 408 2249 465 Sena-
2278 394 2326 470 Λ
2356 419 2576 461 ornare.
2609 404 2739 477 Legi
2770 405 2976 461 dudum
3003 400 3029 441 ά
3062 402 3344 472 cujusdam
3370 402 3590 458 libellos
3624 402 3695 459 de
3741 402 3972 474 Spiritu

650 510 735 557 tus
769 518 783 557 :
815 509 872 557 et
900 501 1085 556 nullus
1110 501 1293 558 scriba
1323 510 1348 538 ι
1380 500 1465 558 vel
1498 501 1691 570 fictus,
1726 502 1823 558 sed
1864 502 2046 557 omnis
2090 500 2246 571 quasi

647 592 856 650 indicto
894 592 998 648 sibi
1042 593 1231 663 praelia
1262 593 1639 649 doctrinarum
1665 636 1681 660 ,
1738 594 2031 651 adversum
2084 608 2172 649 me
2219 591 2247 631 ι)

648 686 939 755 imperitia:
972 686 1135 743 factio
1164 689 1496 759 conjuravit.
1529 687 1683 744 Illico
1714 703 1837 759 ego,
1864 690 2015 745 velut
2050 689 2247 760 postli-

647 782 843 851 minio,
875 782 1273 856 Jerosolymam
1296 794 1318 822 ο
1351 799 1471 839 sum
1499 799 1786 840 reversus:
1807 792 2001 855 etpost
2027 784 2249 840 Romuli

648 890 855 943 casam,
885 874 941 933 et
962 876 1218 932 ludorum
1246 875 1589 947 Lupercalia,
1632 876 1998 932 diversorium
2040 875 2243 942 Mariae,

648 977 704 1024 et
727 968 1031 1025 Salvatoris
1064 969 1384 1038 speluncam
1405 966 1618 1038 aspexi.
1650 967 1839 1039 Itaque
1865 1009 1880 1035 ,
1937 968 2011 1022 mi
2067 967 2247 1022 Pauli-

651 1062 813 1118 niane
843 1060 863 1134 [
894 1062 979 1117 Al.
1023 1062 1314 1135 Pauline],
1358 1062 1549 1132 frater,
1579 1063 1709 1133 quia
1731 1061 2079 1132 supradictus
2108 1061 2251 1117 Pon-

651 1154 778 1210 tifex
815 1155 1099 1221 Damasus,
1130 1156 1220 1225 qui
1250 1170 1336 1209 me
1396 1154 1465 1209 ad
1499 1156 1603 1211 hoc
1644 1169 1782 1224 opus
1824 1154 2032 1224 primus
2076 1154 2252 1225 impu-

648 1247 806 1312 lerat,
858 1245 968 1317 jam
1003 1246 1208 1302 dormit
1248 1245 1379 1317 [Αι.
1421 1247 1759 1302 obdormivit
1790 1246 1843 1301 in
1890 1245 2145 1318 Domino]
2195 1247 2250 1301 in

645 1338 868 1395 Christo
896 1355 909 1393 :
942 1348 1050 1394 tam
1080 1349 1171 1395 tuo
1206 1354 1367 1410 quam
1393 1339 1791 1396 venerabilium
1824 1339 1955 1395 mihi
1981 1382 1996 1408 ,
2024 1341 2253 1396 ancilla-

646 1447 765 1487 rum
794 1430 1020 1498 Christi,
1055 1432 1237 1489 Paula:
1268 1443 1325 1490 et
1362 1432 1648 1489 Eustochii
1679 1450 1824 1490 nunc
1842 1434 2062 1505 adjutus
2093 1444 2251 1491 oratu

647 1522 669 1595 [
694 1524 778 1578 At.
808 1523 1029 1579 hortatu
1059 1523 1079 1597 ]
1109 1542 1121 1578 :
1152 1525 1426 1581 canticum
1450 1526 1593 1597 quod
1626 1536 1851 1583 cantare
1883 1542 1989 1583 non
2021 1530 2168 1597 potui
2197 1530 2250 1585 in

651 1628 795 1676 terra
826 1619 1033 1686 aliena,
1068 1621 1157 1676 hic
1202 1637 1227 1675 a
1254 1620 1411 1677 vobis
1445 1622 1498 1677 in
1525 1621 1713 1677 Judaea
1770 1634 2101 1693 provocatus
2151 1624 2252 1677 im-

647 1728 951 1778 murmuro;
985 1712 1354 1784 augustiorem
1382 1715 1552 1769 multo
1576 1715 1755 1769 locum
1787 1716 2131 1783 existimans,
2157 1715 2250 1787 qui

2354 504 2544 553 sancto
2570 512 2585 552 :
2613 507 2668 553 et
2692 498 2850 567 juxta
2871 494 3079 552 Comici
3101 495 3121 569 [
3143 494 3275 552 Scit.
3299 493 3539 550 Terentii
3566 493 3587 568 ]
3618 496 3970 552 sententiam

2353 605 2420 646 ex
2446 589 2651 645 Grzccis
2671 590 2851 657 bonis,
2902 589 3094 645 Latina
3144 586 3253 643 vidi
3296 602 3404 643 non
3455 587 3622 643 bona.
3677 586 3829 644 Nihil
3884 587 3970 645 ibi

2354 684 2719 751 dialecticum,
2752 683 2887 739 nihil
2909 683 3066 739 virile
3094 690 3256 754 atque
3282 681 3619 749 dis1rictutn,
3650 680 3798 752 quod
3843 681 3968 738 lec-

2356 786 2528 833 torem
2554 777 2639 834 vel
2681 777 2916 848 ingratis
2946 778 2999 832 in
3028 789 3315 832 assensum
3349 775 3530 830 trahat
3558 790 3574 843 ;
3627 773 3725 831 sed
3778 783 3967 830 totum

2354 870 2665 937 flaccidum,
2697 872 2885 939 molle,
2920 870 3178 937 nitidum,
3206 879 3368 942 atque
3397 869 3719 936 formosum,
3770 878 3830 925 et
3855 884 3968 925 ex-

2353 966 2568 1037 quisitis
2589 964 2717 1021 hinc
2748 965 2875 1021 inde
2904 975 2927 1003 ε
2946 965 3209 1021 odoribus
3241 963 3655 1035 pigmentatum.
3685 962 3968 1035 Didymus

2354 1073 2483 1114 vero
2506 1074 2681 1126 meus,
2707 1058 2922 1115 oculum
2953 1056 3162 1113 habens
3193 1071 3412 1127 sponsa:
3431 1056 3501 1111 de
3553 1054 3782 1111 Cantico
3823 1071 3966 1112 can-

2356 1152 2585 1209 ticorum
2616 1170 2629 1207 :
2660 1163 2715 1209 et
2735 1153 2824 1207 illa
2859 1153 3062 1208 lumina
3090 1166 3215 1223 qua:
3244 1150 3297 1206 in
3332 1150 3349 1187 τ
3387 1149 3689 1206 candentes
3734 1159 3963 1222 segetes

2355 1244 2636 1299 sublimari
2689 1242 2849 1300 Jesus
2908 1245 3215 1315 praecepit,
3268 1242 3459 1313 procul
3490 1242 3657 1299 altius
3706 1243 3963 1299 intuetur

2355 1339 2373 1407 (
2400 1337 2589 1393 Matth.
2625 1354 2716 1393 xm
2736 1380 2748 1403 ,
2779 1348 2825 1392 et
2853 1336 3013 1394 Joan.
3044 1353 3097 1393 tv
3126 1338 3145 1409 )
3175 1353 3188 1392 :
3219 1347 3275 1392 et
3303 1337 3583 1407 antiquum
3630 1336 3787 1391 nobis
3829 1351 3961 1393 mo-

2356 1450 2471 1491 rem
2498 1433 2757 1499 reddidit;
2805 1443 2863 1487 ut
2916 1432 3123 1488 Videns
3168 1440 3395 1488 vocetur
3443 1429 3740 1501 Propheta.
3787 1431 3960 1487 Certe

2355 1529 2445 1600 qui
2474 1528 2618 1584 hunc
2640 1527 2853 1598 legerit,
2872 1526 3189 1583 Latinorum
3214 1526 3352 1581 furta
3374 1533 3706 1596 cognoscet:
3740 1532 3797 1581 et
3824 1539 3961 1581 con-

2359 1630 2565 1676 temnet
2596 1620 2821 1688 rivulos,
2844 1635 2965 1675 cum
3012 1619 3242 1689 cceperit
3291 1617 3512 1674 haurire
3559 1616 3629 1674 de
3680 1617 3954 1677 fontibus.

2356 1715 2642 1786 lmperitus
2680 1729 2936 1771 sermone
2962 1724 3067 1780 est,
3102 1713 3122 1786 [
3151 1714 3234 1768 At.
3270 1713 3364 1769 sed
3393 1712 3412 1786 ]
3446 1722 3645 1794 etnon
3678 1713 3911 1770 scientia
3939 1731 3954 1769 :

647 1805 987 1862 Salvatorem
1018 1806 1231 1873 mundi,
1291 1820 1454 1878 quam
1494 1807 1653 1878 106
1701 1809 1792 1878 qui
1824 1806 2009 1863 fratris
2058 1809 2248 1879 genuit
2276 1838 2324 1899 B
2351 1807 2716 1875 apostolicum
2748 1809 2923 1863 virum
2949 1824 3013 1862 ex
3039 1807 3160 1877 ipso
3190 1822 3446 1863 sermone
3477 1805 3499 1879 [
3529 1806 3614 1861 At.
3650 1806 3819 1881 stylo]
3856 1822 3955 1865 ex-

650 1900 999 1971 parricidam.
1036 1899 1104 1955 Et
1152 1908 1210 1954 ut
1243 1912 1524 1955 auctorem
1575 1900 1733 1956 titulo
1783 1901 1955 1957 fatear
2013 1920 2025 1954 :
2078 1902 2244 1956 malui

645 1994 814 2050 alieni
846 1994 1031 2065 operis
1059 1994 1331 2064 interpres
1385 1991 1647 2062 existere,
1682 2008 1844 2064 quam
1878 1994 1980 2065 (ut
2024 1993 2245 2065 quidam

646 2086 876 2159 faciunt)
905 2086 1155 2143 informis
1183 2086 1486 2154 cornicula,
1520 2085 1712 2140 alienis
1734 2101 1824 2143 me
1846 2085 2122 2141 coloribus
2152 2086 2248 2141 ad-

718 2238 745 2267 “
774 2228 850 2283 De
879 2234 1134 2297 corrupta
1164 2224 1285 2297 loci,
1304 2223 1464 2297 hujus
1493 2223 1729 2297 lectione
1752 2238 1857 2297 non
1892 2222 2237 2297 levisisuspi-

645 2300 732 2355 cio
768 2310 871 2355 εει.
902 2294 1060 2354 Cod;
1077 2296 1197 2352 Vat.
1230 2295 1405 2361 4945,
1450 2295 1649 2349 nullum
1691 2294 1861 2349 scriba
1904 2296 1981 2349 vel
2018 2294 2236 2361 ﬁctum;

648 2382 802 2427 vetus
829 2370 997 2426 editio
1018 2384 1108 2423 an.
1145 2368 1305 2429 H96,
1332 2367 1507 2421 nullus
1530 2366 1701 2420 scriba
1730 2368 1784 2420 in
1806 2366 1882 2421 eis
1907 2367 2081 2434 ﬁctus.
2107 2368 2239 2421 Bar-

648 2442 792 2499 thius
824 2442 904 2498 sic
935 2449 1088 2511 putat
1118 2440 1509 2495 restituendum
1532 2479 1547 2503 ,
1576 2449 1632 2492 ut
1664 2440 1839 2511 nullus
1866 2438 2057 2511 scribta
2078 2440 2133 2490 in
2164 2438 2239 2511 eis

643 2517 709 2571 sit
732 2516 862 2567 ictus
896 2530 914 2567 :
936 2508 1006 2567 ἰιι
1033 2526 1229 2567 sensus
1256 2512 1347 2577 sit,
1382 2512 1657 2565 neminem
1701 2509 1960 2580 singulari
1993 2508 2243 2563 admoni-

644 2588 795 2641 tione
832 2587 883 2639 in
919 2585 1309 2654 Hieronymum
1343 2580 1548 2652 aliquid
1574 2582 1641 2636 de
1668 2581 1873 2651 Spiritu
1903 2590 2095 2654 sancto
2122 2596 2246 2654 gar-

644 2659 753 2713 rire
782 2657 1055 2712 volentem
1085 2652 1253 2709 fuisse
1284 2652 1588 2719 invectum,
1623 2655 1719 2706 sed
1754 2666 1945 2705 omnes
1977 2652 2125 2706 illico
2156 2653 2241 2705 in-

643 2728 792 2783 dicto
818 2727 1007 2795 praelio
1029 2726 1097 2779 ad
1123 2724 1486 2795 damnandam
1514 2722 1634 2789 ejus
1659 2721 1986 2789 imperitiam
2010 2737 2245 2795 consen-

646 2794 967 2864 sisse.'Qua:
1007 2797 1165 2850 nobis
1213 2794 1485 2862 expositio
1532 2795 1643 2855 vix,
1690 2805 1747 2845 at
1795 2808 1862 2847 ne
1904 2796 1993 2846 vix
2022 2794 2243 2863 quidem

646 2870 960 2923 emendatio
1003 2867 1197 2937 placet.
1245 2864 1384 2920 Sunt
1425 2866 1517 2933 qui
1559 2864 1811 2937 mallent,
1862 2864 2039 2917 nullus
2078 2864 2247 2937 scriba

646 2939 879 3000 relictus,
913 2934 1055 3007 quod
1080 2951 1446 3007 sequeparum
1470 2934 1700 3007 arridet.
1736 2935 2045 3005 Eapropter
2079 2936 2202 2989 vide
2223 2976 2239 3001 ,

646 3027 775 3067 nmn
822 3006 1045 3081 praestet
1080 3006 1177 3080 pro
1217 3006 1430 3062 duobus
1462 3006 1645 3061 verbis
1672 3007 1975 3081 ιιιει-Ῑῖσιιιε,Δ
1997 3007 2102 3077 legi
2135 3022 2243 3061 uno

645 3077 955 3151 veliﬁcatus,
985 3077 1127 3152 quod
1167 3089 1249 3134 est
1288 3082 1616 3152 fauens,_aut
1651 3079 1885 3152 studiose
1924 3077 2240 3147 obsequens;

648 3150 776 3209 tunc
810 3155 955 3209 enim
999 3150 1413 3221 elegantissime
1454 3150 1615 3221 alteri
1661 3151 1908 3206 membro
1935 3158 2242 3219 opponetur

644 3226 901 3291 alterum,
932 3220 1241 3294 sensusque
1277 3226 1399 3290 erit,
1434 3220 1707 3277 neminem
1736 3237 1796 3277 se
1830 3222 1911 3276 illi
1944 3222 2239 3294 aequiorem

644 3270 1091 3369 sed
1117 3270 1481 3369 ciinspirasse
1500 3309 1693 3369 omnes
1722 3302 1936 3369 contra.
1962 3270 2243 3369 C_icer_o_i_n
2271 3270 2315 3333 (ἶ

644 3363 809 3439 epist.
842 3367 923 3422 Ne
940 3367 1223 3439 veliﬁcatus
1245 3363 1405 3439 alicui
1426 3365 1642 3439 diearis,
1658 3378 1762 3421 etc.
1782 3363 1906 3419 th.
1928 3365 2095 3435 epist.
2115 3365 2240 3430 1‘27,

648 3435 701 3495 n'.
728 3440 783 3501 9,
816 3440 884 3494 de
913 3435 1118 3493 turbata
1144 3436 1531 3490 Pharisworum
1556 3435 1752 3491 schola.

721 3511 746 3550 δ
780 3510 879 3566 Ms.
919 3511 1140 3589 quidam
1173 3508 1677 3589 'l‘holosan._penes
1716 3508 1971 3589 Marti-an.
2012 3506 2106 3589 qui
2146 3522 2244 3589 va-

648 3583 851 3639 riantes
882 3578 953 3637 ei
984 3595 1051 3636 eo
1083 3581 1344 3635 lectiones
1386 3579 1452 3632 ad
1486 3578 1610 3633 libri
1653 3580 1857 3634 calcem
1893 3580 2114 3646 rejecit,
2151 3579 2247 3631 lia-

651 3656 743 3709 het
781 3654 869 3709 hic
924 3654 1026 3709 loci
1061 3654 1306 3721 impetus.
1341 3649 1512 3706 Vetus
1553 3648 1684 3704 edit.
1730 3648 2002 3721 imperitia:
2032 3650 2243 3704 convin-

651 3725 867 3779 cendum
898 3726 1213 3797 factio,etc._

727 3806 750 3835 ο
785 3791 909 3852 ιιωὰ
946 3798 1001 3852 in
1037 3795 1161 3851 Vita
1199 3793 1374 3848 fusius
1400 3792 1765 3863 disputantur.
1799 3791 2113 3859 Deliomuli
2143 3807 2243 3846 au-

653 3880 763 3923 tem
802 3883 926 3923 casa
955 3866 1185 3923 consule
1222 3865 1381 3922 Ovid.
1424 3880 1481 3919 ut
1512 3863 1727 3921 Fastor.
1762 3878 1905 3919 vers.
1946 3863 2070 3920 185.
2105 3863 2241 3919 Pru-

650 3938 870 3996 dentius
892 3940 930 3994 Ι.
964 3954 1014 3993 xi
1045 3955 1059 3993 :

1093 4076 3192 4102 σιν-Μ

2357 1901 2621 1973 primens,
2652 1911 2759 1958 tam
2804 1918 3065 1959 sensuum
3100 1913 3124 1950 8
3163 1902 3368 1958 lumine
3408 1916 3568 1973 quam
3596 1902 3958 1975 simplicitate

2358 1994 2669 2051 verborum.

2440 2223 2553 2286 Ipsa
2570 2237 2706 2275 casas
2722 2224 2887 2288 fragili
2909 2231 3049 2276 texat
3070 2238 3197 2288 gens
3216 2224 3420 2276 Romula
3442 2226 3621 2287 culmo,

2442 2288 2525 2338 Sic
2549 2289 2745 2338 tradunt
2768 2288 3016 2338 habitasse
3040 2288 3272 2351 Remum,
3298 2296 3397 2338 etc.

2419 2366 2445 2406 ἀ
2501 2373 2560 2428 S.
2614 2372 2967 2427 Ambrosium
3009 2386 3304 2443 suppresso
3361 2372 3586 2426 nomine
3631 2372 3955 2443 suggillari,

2350 2456 2581 2511 eumque
2632 2443 2792 2513 plagii
2842 2445 3088 2499 accusari
3145 2442 3373 2498 Rulinus
3415 2442 3715 2499 contendit
3750 2445 3849 2499 lib.
3919 2460 3958 2500 ιι

2353 2514 2583 2584 Apolug.
2610 2526 2664 2568 et
2692 2514 3127 2569 criminationem
3152 2516 3253 2569 hac
3281 2515 3351 2569 de
3381 2530 3541 2569 causa
3566 2515 3957 2585 gravissimam

2355 2586 2408 2657 in
2459 2585 2847 2657 Hieronymum
2897 2588 3147 2641 intentat.
3201 2586 3307 2641 Sed
3355 2602 3462 2641 non
3516 2602 3635 2641 eam
3684 2588 3853 2643 fuisse
3894 2587 3955 2643 S.

2350 2656 2598 2711 Ductoris
2656 2663 2891 2711 mentem
2920 2698 2933 2720 ,
2982 2658 3321 2727 argumentis
3370 2657 3513 2712 haud
3546 2673 3676 2712 sane
3724 2657 3957 2714 infirmis

2350 2728 2566 2798 probari
2598 2738 2797 2798 potest.
2833 2728 2956 2782 Vid.
2991 2728 3369 2784 Praefationem
3397 2729 3503 2783 PP.
3537 2730 3953 2787 Benedictinor.

2351 2797 2406 2853 in
2433 2797 2709 2871 Ambrosii
2735 2800 2899 2853 libros
2925 2800 2994 2871 de
3015 2801 3221 2868 Spiritu
3254 2811 3464 2869 sancto,
3499 2816 3552 2871 p.
3580 2801 3707 2857 598.

2426 2881 2448 2904 υ
2481 2868 2739 2924 Fortasse
2778 2870 3036 2925 coloribus
3076 2868 3513 2928 rescribendum
3532 2883 3639 2928 est.
3676 2874 3837 2929 Certe
3875 2874 3949 2928 ita

2355 2942 2583 3011 Rufinus
2610 2942 2737 2995 olim
2770 2941 2900 3011 legit
2928 2942 3025 2997 lib.
3052 2958 3124 2997 xt.

2428 3010 2447 3048 τ
2475 3011 2778 3083 lncongrue
2808 3010 2941 3085 satis
2981 3013 3312 3069 candelabra
3332 3055 3347 3080 ,
3376 3030 3497 3084 quae
3525 3015 3776 3085 plurimis
3810 3016 3949 3073 locis

2351 3083 2585 3137 insertas
2626 3084 2883 3139 candelas
2929 3100 3125 3153 capere
3174 3083 3444 3151 valerent,
3493 3083 3748 3143 Barthius
3790 3087 3955 3143 intel-

2352 3156 2501 3229 lexit.
2561 3154 2851 3229 Etiimvero
2893 3158 3087 3210 alludit
3134 3158 3282 3229 llier.
3322 3157 3549 3229 Joannis
3582 3174 3660 3224 Iv,
3687 3161 3745 3225 9,
3788 3175 3951 3229 quem

2353 3224 2531 3281 locum
2573 3228 2626 3281 in
2664 3226 3087 3299 Commentariis
3118 3230 3169 3282 in
3209 3228 3525 3284 Mattliaeutn
3562 3246 3681 3299 cup.
3730 3224 3953 3287 laudato

2350 3313 2654 3367 exponens,
2685 3298 2840 3366 beati,
2888 3298 3083 3369 inquit,
3119 3300 3275 3363 oculi,
3324 3317 3450 3369 quos
3494 3304 3652 3355 levari
3696 3300 3852 3356 Iesus
3898 3304 3951 3356 in

2351 3370 2863 3445 sublimeprwcepit,
2895 3384 2946 3423 ut
2977 3370 3252 3445 candentes
3287 3382 3480 3441 segetes
3516 3375 3796 3445 aspiciant.
3825 3373 3947 3431 Vid.

2351 3444 2513 3512 epist.
2540 3442 2633 3504 76,
2658 3444 2734 3512 ad,
2756 3442 3042 3512 Abigaum,
3067 3459 3123 3496 η.
3149 3444 3206 3510 2,
3239 3444 3291 3496 in
3324 3447 3452 3499 line.

2427 3520 2452 3558 κ
2475 3511 2569 3567 Sic
2597 3527 2662 3565 ex
2697 3511 2950 3589 Vat._ms.
2987 3528 3050 3568 ac
3086 3514 3258 3589 veteri
3298 3515 3543 3570 editione
3580 3516 3785 3589 Veneta
3808 3517 3945 3589 legi-

2351 3598 2470 3657 mus
2504 3600 2517 3657 ;
2551 3593 2709 3638 antea
2759 3585 2904 3638 enim
2947 3595 3065 3657 erat
3100 3587 3340 3652 nomine;
3385 3588 3843 3657 quemadmodum
3864 3585 3949 3645 'et

2347 3653 2399 3707 in
2429 3653 2594 3723 epist.
2627 3656 2717 3721 65,
2757 3670 2911 3710 num.
2956 3656 3044 3717 19,
3094 3657 3281 3712 haberi
3327 3653 3434 3712 non
3477 3657 3802 3725 difﬁtemur,
3849 3661 3944 3715 ubi

2345 3726 2809 3800 pulchritudinem
2838 3727 2973 3800 dicit
3014 3731 3239 3797 positam
3270 3734 3435 3800 magis
3476 3732 3533 3782 in
3561 3746 3805 3785 sensuum
3848 3749 3946 3786 no-

2344 3798 2499 3857 mine.
2530 3814 2684 3869 quam
2720 3798 2774 3872 in
2805 3799 2968 3872 ﬂore
2988 3800 3276 3854 verborum.
3308 3798 3387 3856 ne
3415 3808 3598 3856 autem
3640 3802 3759 3872 ipsa
3812 3818 3947 3858 neu-

2343 3877 2482 3951 trum
2513 3872 2649 3924 satis
2669 3869 2894 3951 arridet.
2922 3869 3023 3925 Ms.
3048 3872 3263 3943 collegii
3290 3873 3448 3928 Hom.
3478 3869 3768 3932 Societatis
3794 3873 3943 3945 Jesu,

2345 3949 2448 3991 tam
2473 3956 2566 3994 suo
2594 3949 2817 3997 nomine.

3209 4086 3947 4112 ψ

693 4260 1037 4348 LIBER
1114 4256 1540 4343 DIDYMI
1581 4254 1605 4282 ³
1681 4256 2509 4345 ALEXANDRINI
2586 4261 2747 4345 DE
2820 4260 3302 4351 SPIRITU
3378 4267 3904 4376 SANCTO,

1717 4418 1780 4482 S.
1826 4418 2313 4483 HIERONYMO
2354 4421 2881 4486 INTERPRETE.

2146 4573 2463 4587 —

720 4696 873 4777 ιοῚ
927 4694 969 4755 1.
1015 4697 1281 4756 Omnibus
1326 4694 1543 4767 quidem
1574 4708 1695 4766 quae
1724 4691 1905 4749 divina
1935 4702 2085 4761 sunt,
2113 4708 2237 4750 cum
2263 4693 2317 4758 D
2346 4692 2447 4760 ιιι).
2480 4690 2637 4752 Unde
2661 4695 2832 4767 magis
2857 4710 2920 4750 ac
2975 4698 3149 4768 magis
3191 4708 3409 4769 oportet
3465 4700 3775 4768 intendere,
3818 4720 3945 4775 quae

640 4796 950 4856 reverentia
1007 4802 1062 4850 et
1101 4790 1419 4850 vehementi
1468 4803 1597 4845 cura
1646 4797 1861 4859 oportet
1909 4787 2238 4844 intendere:

640 4890 877 4948 maxime
901 4896 1082 4943 autem
1117 4886 1204 4942 his
1226 4899 1349 4957 qua:
1378 4883 1446 4939 de
1467 4880 1591 4955 [ΑΙ.
1622 4882 1794 4938 sancti
1820 4881 2080 4955 Spiritus]
2119 4880 2243 4951 Spi-

641 4988 780 5042 ritus
805 4985 1094 5041 divinitate
1122 4982 1415 5038 dicuntur:
1446 4980 1752 5050 prmsertim
1784 4994 1909 5034 cum
1966 4978 2236 5050 blaSphe-

641 5080 749 5134 mia
780 5079 834 5133 in
864 5091 989 5132 eum
1021 5074 1047 5113 δ
1086 5075 1206 5130 sine
1256 5074 1415 5129 venia
1443 5072 1517 5128 sit
1545 5090 1557 5126 :
1603 5074 1676 5129 ita
1720 5082 1777 5128 ut
1808 5072 2242 5143 blasphemantis

642 5186 805 5244 paena
845 5168 1120 5232 tendatur,
1153 5182 1261 5223 non
1302 5166 1479 5222 solum
1532 5168 1585 5221 in
1645 5182 1809 5223 omne
1842 5182 2090 5238 praesens
2138 5181 2242 5221 sae-

641 5264 825 5321 culum
850 5302 867 5327 ,
896 5258 994 5316 sed
1016 5258 1182 5315 etiam
1214 5258 1266 5313 in
1301 5258 1563 5312 futurum.
1606 5256 1696 5312 Ait
1734 5258 1933 5328 quippe
1962 5258 2234 5325 Salvator,

638 5352 1040 5429 hlaspbemanti
1075 5354 1128 5407 in
1160 5350 1421 5420 Spiritum
1452 5359 1702 5405 sanctum
1736 5366 1841 5404 non
1866 5365 1987 5405 esse
2038 5352 2238 5405 remis-

638 5454 877 5515 sionem,
908 5463 1071 5519 neque
1091 5447 1146 5500 in
1166 5445 1264 5499 isto
1300 5443 1513 5510 steculo,
1564 5460 1727 5513 neque
1750 5444 1802 5495 in
1828 5446 2011 5513 futuro
2040 5441 2233 5514 (Marc.

708 5619 734 5647 ⁸
763 5611 823 5666 ln
852 5608 1059 5677 aliquot
1077 5608 1234 5664 libris
1259 5605 1456 5677 legitur
1485 5604 1666 5677 Sancti
1690 5601 1905 5677 Didymi
1927 5602 2097 5677 Caeci
2119 5602 2235 5658 Mo-

637 5681 789 5734 nachi
822 5674 1188 5737 Alexandrini.
1220 5674 1359 5735 Vid'e
1380 5678 1446 5733 ad
1472 5675 1754 5732 Lucinium
1777 5674 1941 5741 epist.
1965 5676 2055 5741 7i,
2081 5691 2231 5732 num.

640 5748 695 5815 δ’
713 5750 1003 5877 regalium
1024 5823 1083 5879 s.
1101 5820 1381 5878 Ambrosii
1399 5820 1469 5878 de
1496 5815 1707 5890 Spiritu
1739 5827 1929 5873 sancto
1962 5816 2082 5881 liba
2111 5834 2230 5891 pas-

2343 4786 2748 4857 Scripturarum
2777 4788 2844 4843 de
2874 4802 2941 4843 eo
2966 4788 3161 4844 relatio
3193 4792 3263 4846 sit
3290 4809 3303 4846 :
3342 4808 3411 4849 ne
3442 4805 3463 4833 ε
3496 4794 3551 4851 in
3579 4795 3811 4866 aliquem
3832 4799 3946 4853 sal-

2345 4891 2451 4935 tem
2474 4896 2571 4952 per
2598 4880 2981 4953 ignorantiam,
3010 4883 3361 4957 blasphemia:
3378 4903 3538 4945 error
3559 4889 3811 4961 obrepat.
3837 4892 3944 4947 Ex-

2342 4974 2584 5045 pedierat
2606 4977 2825 5048 quidem
2856 4977 2997 5033 fideli
3031 5020 3045 5047 ,
3094 4989 3148 5035 et
3182 4980 3407 5049 timido,
3443 4984 3753 5041 moderauti
3785 4986 3929 5043 vires

2347 5085 2493 5135 suas,
2549 5072 2977 5143 magnitudinem
3023 5076 3309 5144 prtesentis
3360 5079 3678 5148 quaestionis
3724 5080 3943 5137 silentio

2342 5163 2670 5232 praeterire:
2703 5172 2759 5219 et
2804 5179 2920 5219 rem
2956 5165 3171 5235 plenam
3217 5168 3481 5238 periculo,
3509 5187 3614 5226 non
3674 5172 3725 5227 in
3780 5187 3941 5229 suum

2340 5252 2635 5309 discrimen
2676 5255 2972 5312 attrahere.
3007 5256 3208 5313 Verum
3252 5262 3512 5330 quoniam
3558 5262 3778 5335 quidam
3810 5264 3941 5337 [ΑΙ.

2337 5344 2556 5417 quidam
2612 5347 2794 5419 cum]
2839 5350 3153 5405 temeritate
3204 5353 3406 5421 potius,
3438 5371 3600 5424 quam
3652 5366 3803 5412 recta
3852 5360 3941 5413 via

2337 5440 2502 5496 etiam
2535 5442 2591 5496 itt
2632 5456 2866 5513 superna
2897 5443 3203 5513 eriguntur,
3248 5456 3302 5501 et
3327 5446 3444 5503 haec
3472 5448 3541 5504 de
3578 5450 3787 5521 Spiritu
3815 5466 3944 5508 san-

2344 5604 2599 5683 6ll,“ub_i
2622 5604 2690 5659 de
2716 5600 3119 5683 irremissibilis
3143 5602 3500 5683 ὺιτιεριιειηίω
3540 5624 3705 5666 sensu
3732 5612 3939 5683 agitur.

2418 5687 2438 5713 ο
2467 5675 2639 5731 Vatic.
2684 5689 2809 5729 cum
2862 5673 3027 5728 editis
3071 5676 3466 5736 vetustioribus
3500 5696 3564 5735 ne
3604 5673 3800 5752 aliquis
3834 5689 3943 5742 sal-

2346 5756 2463 5813 tem,
2489 5756 2593 5801 clc.
