4056 6324
183 274 275 333 105

875 267 1439 329 INTERPRETATIO
1478 269 1661 329 LIBRI
1701 269 1938 331 DlDYMl
1979 272 2067 330 DE
2107 272 2376 331 SPllllTU
2418 273 2711 333 SANCTO.

3358 287 3458 341 l06

183 388 532 459 ctojaetitant.
572 402 696 460 qum
724 403 901 460 neque
925 391 980 446 in
1011 391 1308 461 Scripturis
1341 391 1481 446 lecta
1502 433 1518 457 ,
1566 406 1746 461 neque
1774 394 1824 454 Α
1852 400 1939 447 est
1965 393 2048 445 hic
2075 392 2305 461 Spiritus
2335 407 2563 450 sanctus.
2592 396 2752 467 109
2780 394 2847 449 Et
2870 392 3066 452 lsaiam
3107 401 3457 471 N'Ophelasse

182 496 207 535 a
231 496 486 552 quoquam
514 480 1025 538 Ecelesiasticorum
1060 496 1306 539 veterum
1340 492 1598 552 usurpata
1625 494 1753 538 sunt

183 574 418 639 compulsi
475 589 670 629 sumus
720 575 1071 631 creberrima:
1104 577 1474 631 exhortatimti
1525 577 1749 631 fratrum

182 667 379 722 cedere:
404 682 637 737 qumque
659 668 729 723 sit
758 678 940 723 nostra
962 668 1031 723 de
1055 683 1120 724 eo
1139 669 1347 738 Opinio,
1369 667 1534 724 etiam
1566 670 1754 737 Scrip-

181 770 401 815 turarttm
476 761 807 816 testimoniis
880 761 1299 830 comprobare:
1352 776 1422 816 ne
1480 761 1752 829 imperitia

184 857 299 909 tanti
326 854 619 926 dogmatis,
645 853 698 908 hi
726 853 819 922 qui
845 856 1123 909 contraria
1141 863 1448 924 opponunt,
1478 853 1755 923 decipiant

182 959 263 1000 eos
292 946 405 1016 qui,
435 946 557 1001 sine
584 944 920 1000 discussione
945 946 1204 1011 sollicita,
1233 946 1287 999 in
1313 945 1755 1001 adversariorum

174 1037 491 1092 sententiam
511 1037 692 1090 statim
724 1036 1134 1106 pertrahuntur.

240 1128 296 1185 2.
350 1129 659 1200 Appellatio
684 1128 924 1195 Spiritus
957 1129 1154 1193 sancti,
1189 1140 1245 1186 et
1292 1144 1380 1194 ea,
1410 1145 1535 1199 quae
1571 1145 1757 1185 mons-

173 1229 342 1277 tratur
368 1237 436 1277 ex
461 1222 574 1292 ipsa
602 1221 969 1291 appellatione
990 1222 1318 1285 substantia.
1345 1222 1559 1293 penitus
1581 1224 1650 1277 ab
1674 1223 1758 1277 his

171 1315 465 1387 ignoratur,
526 1314 619 1380 qui
669 1324 825 1370 extra
874 1330 1083 1371 sacram
1122 1317 1463 1387 Seripturatn
1514 1316 1755 1386 philoso-

169 1412 417 1479 phantur.
454 1407 815 1463 Solummodo
847 1409 994 1463 enim
1034 1408 1085 1463 in
1127 1409 1466 1465 nostratibus
1516 1409 1709 1463 litteris
1740 1425 1755 1473 ;

168 1511 219 1557 et
244 1503 395 1557 notio
416 1502 535 1570 ejus
555 1511 610 1558 et
638 1500 964 1557 vocabulum
1010 1501 1285 1565 refertur,
1340 1513 1447 1557 tam
1491 1501 1546 1556 in
1600 1503 1758 1557 novis

170 1608 320 1664 quam
351 1595 405 1648 in
432 1593 726 1649 veteribus.
759 1591 972 1647 Veteris
996 1593 1198 1664 quippe
1226 1592 1563 1647 Testamenti
1594 1594 1759 1647 homo

168 1686 355 1754 David,
396 1688 668 1758 particeps
719 1688 839 1757 ejus
864 1686 1117 1750 ell'ectus,
1159 1687 1351 1741 orabat
1382 1699 1439 1742 ut
1467 1687 1520 1742 in
1554 1702 1612 1742 se
1644 1702 1762 1757 per-

1857 496 2254 540 commentorat
2281 503 2405 541 cum
2450 490 2736 542 artietilata
2771 504 2932 553 voce,
2968 490 3101 546 ’διὰ
3156 494 3214 547 τὸ
3265 502 3458 567 Πνεῦμα

1860 579 1920 633 τὸ
1948 577 2089 651 ἅγιον
2124 618 2139 639 ,
2193 578 2245 632 id
2274 590 2357 633 est
2410 596 2501 645 per
2528 578 2667 632 hunc
2691 580 2953 651 Spiritum
2984 593 3243 645 sanctum.
3274 595 3325 640 et
3351 602 3457 640 non

1857 670 2181 739 simpliciter
2210 681 2411 745 Πνεῦμα
2439 673 2604 746 ἅγιον.
2636 672 2834 729 Petrus
2862 690 3077 745 quoque
3122 677 3176 731 in
3227 693 3294 732 eo
3342 695 3463 734 ser-

1856 776 2058 825 mone,
2108 777 2218 832 quo
2267 766 2631 831 pra-sentibus
2686 767 3094 836 persuadebat:
3148 767 3461 841 Oportuerat

1858 854 1875 926 [
1906 856 1984 908 Al.
2010 854 2238 923 Oportet
2257 855 2297 928 ],
2332 858 2530 928 inquit,
2562 859 2766 930 impleri
2812 860 3165 930 Scripturam,
3196 881 3353 934 quant
3383 865 3464 919 lo-

1860 954 2008 999 cutus
2036 957 2109 999 est
2137 946 2367 1015 Spiritus
2395 960 2605 1003 sanctus
2628 950 2646 1020 (
2678 950 2728 1002 id
2754 960 2862 1014 est,
2893 953 2951 1006 τὸ
2979 959 3178 1025 Πνεῦμα
3204 955 3263 1009 τὸ
3294 953 3458 1026 ἅγιον)

1859 1054 1951 1109 per
1992 1056 2046 1092 os
2100 1038 2269 1093 David
2296 1043 2359 1095 de
2402 1040 2546 1095 Juda
2600 1043 2620 1114 (
2650 1044 2765 1099 Act.
2810 1060 2848 1108 ι,
2881 1045 2950 1100 16
2982 1049 2999 1114 )
3036 1065 3048 1099 :
3082 1048 3378 1103 ostendi-ns
3406 1059 3463 1103 et

1860 1132 1975 1202 ipse
2002 1132 2254 1188 eumdem
2278 1133 2569 1203 Spiritum,
2600 1144 2655 1190 et
2701 1136 2755 1189 in
2782 1138 3098 1207 prophetis.
3139 1150 3195 1195 et
3236 1141 3287 1195 in
3328 1156 3462 1211 apo-

1860 1224 2015 1279 stolis
2041 1237 2346 1295 operatum.

1932 1318 1988 1371 4.
2024 1317 2245 1371 Plenius
2274 1320 2343 1374 de
2374 1321 2474 1375 hoc
2500 1321 2554 1375 in
2585 1324 3051 1392 consequentibus
3082 1327 3457 1393 tractabimus,

1862 1423 1988 1464 eum
2036 1410 2219 1466 dicere
2267 1414 2597 1480 ceperimus,
2632 1429 2735 1469 non
2777 1418 2952 1470 solum
2996 1417 3291 1474 Dominum
3349 1419 3459 1491 [ΑΙ.

1863 1502 2057 1575 Deum]
2074 1503 2308 1559 Verbum
2333 1505 2531 1561 factum
2563 1522 2685 1563 esse
2705 1509 2771 1563 ad
2794 1511 3115 1579 prophetas,
3146 1514 3240 1567 sed
3263 1524 3319 1568 et
3338 1512 3460 1583 Spi-

1862 1592 2023 1650 ritum
2054 1608 2336 1651 sanctum:
2388 1599 2511 1667 quia
2549 1608 2605 1653 et
2645 1600 3086 1668 inseparabiliter
3131 1605 3460 1674 possidetur,

1862 1701 1985 1741 cum
2019 1688 2299 1759 unigenito
2338 1688 2478 1744 Filio
2523 1690 2638 1745 Dei.
2689 1692 2805 1755 Ipsa
2842 1693 2951 1765 [ΑΙ.
2992 1695 3109 1764 Ipsa
3142 1696 3305 1766 igitur
3336 1695 3462 1771 vox]

167 1792 432 1843 maneret,
457 1782 654 1838 dicens
687 1800 701 1835 :
737 1781 997 1853 Spiritum
1021 1791 1165 1835 tuum
1192 1792 1433 1837 sanctum
1465 1797 1528 1834 ne
1552 1786 1759 1853 auferas
1789 1787 1836 1847 Β
1862 1796 1965 1834 Vox
1998 1779 2238 1850 Spiritus
2283 1784 2483 1847 sancti,
2534 1798 2644 1838 non
2675 1793 2759 1838 est
2802 1799 2970 1839 vacua
3016 1788 3335 1855 appellatio.
3367 1788 3464 1843 sed

163 1892 195 1928 a
220 1891 298 1929 me
340 1875 359 1947 (
394 1873 542 1929 Psal.
584 1874 671 1946 L).
699 1872 767 1929 Et
807 1874 1016 1928 Danieli
1046 1873 1224 1928 adhuc
1269 1889 1437 1942 puero
1464 1874 1759 1928 suscitasse

164 1967 359 2024 dicitur
384 1969 530 2024 Deus
552 1967 818 2037 Spiritum
844 1978 1117 2032 sanetum,
1149 1970 1311 2041 108
1338 1970 1491 2037 quasi
1516 1968 1628 2037 jam
1664 1968 1758 2021 ha-

162 2062 436 2120 bitantem
486 2065 540 2118 in
563 2078 651 2119 eo.
674 2063 786 2118 Nec
813 2078 921 2117 non
956 2064 1117 2117 etiam
1148 2066 1199 2116 in
1242 2078 1382 2116 novo
1407 2061 1763 2116 Testamento

165 2155 212 2209 hi
237 2156 343 2210 viri
369 2159 465 2225 qui
490 2154 608 2208 Deo
638 2154 912 2222 placuisse
942 2152 1285 2215 referuntur,
1317 2152 1527 2220 Spiritu
1578 2162 1767 2205 sancto

160 2247 314 2319 pleni
362 2256 518 2300 sunt.
550 2244 790 2299 Joannes
833 2244 1036 2313 quippe
1077 2242 1255 2298 adhuc
1297 2243 1350 2296 in
1394 2242 1585 2297 matris
1614 2254 1771 2297 utero

161 2339 546 2394 sanctiticatus
570 2337 828 2403 exsultat,
879 2345 935 2392 et
966 2336 1125 2392 Jesus
1150 2351 1180 2389 a
1218 2336 1448 2389 mortuis
1480 2350 1771 2404 resurgens

162 2444 276 2486 cum
307 2429 653 2484 insnl'llasset
680 2430 734 2483 in
759 2428 955 2484 faciem
976 2428 1391 2495 discipulorum,
1445 2428 1523 2481 ait
1570 2444 1584 2479 :
1620 2428 1773 2480 Acci-

167 2524 261 2592 pite
288 2522 563 2595 Spiritum
582 2532 820 2577 sanctum
842 2520 1015 2593 (Luc.
1047 2519 1121 2592 ι).
1149 2521 1312 2575 Plena
1340 2531 1468 2575 sunt
1498 2519 1776 2575 volumina

169 2614 476 2669 divinarum
528 2614 941 2683 Scripturarum
991 2614 1075 2668 his
1129 2612 1482 2668 sermonibus
1539 2626 1771 2682 quorum

169 2707 480 2776 congeriem
508 2704 564 2760 in
604 2706 856 2776 prmsenti
883 2719 1053 2774 opere
1096 2703 1348 2774 digerere
1374 2712 1400 2739 ι
1440 2703 1767 2773 supersedi:

171 2800 286 2869 quia
309 2799 546 2855 dillicile
566 2813 671 2854 non
695 2808 780 2854 est
799 2814 866 2854 ex
893 2797 980 2854 bis
998 2797 1553 2868 quzeassumpsimus,
1576 2812 1773 2852 unum-

172 2904 433 2961 quemque
464 2891 735 2946 lectorem
782 2892 884 2945 sibi
918 2890 1115 2945 similia
1141 2894 1407 2961 reperire.

236 2982 286 3037 5.
329 2982 513 3039 Nemo
544 2993 725 3039 autem
756 2983 1065 3053 suspicetur
1112 2983 1279 3037 alium
1307 2982 1566 3053 Spiritum
1609 2998 1770 3039 sanc-

172 3085 274 3133 tum
321 3079 508 3135 fuisse
539 3078 591 3132 in
615 3078 821 3134 sanctis
847 3078 979 3133 viris
1008 3085 1137 3133 ante
1165 3077 1462 3133 adventum
1516 3077 1728 3133 Domini
1754 3118 1769 3142 ,

1862 1868 2198 1937 subjaceotis
2229 1872 2482 1925 essentia:
2524 1872 2996 1930 demonstratrix:
3042 1876 3186 1931 Patri
3222 1877 3467 1946 Filioque

1864 1962 2012 2017 socia
2042 1961 2147 2032 [ΑΙ.
2174 1963 2427 2037 sociata],
2460 1973 2515 2020 et
2533 1982 2563 2019 a
2590 1969 2860 2023 creaturis
2875 1970 3089 2036 penitus
3111 1969 3465 2026 aliena.Cum

1866 2052 2008 2105 enim
2041 2064 2309 2108 creaturte
2339 2056 2392 2109 in
2424 2056 2684 2122 visibilia,
2710 2073 2763 2114 et
2788 2059 2842 2113 in
2872 2062 3185 2125 invisibilia,
3218 2065 3270 2115 id
3302 2075 3383 2117 est
3412 2064 3466 2117 in

1868 2148 2174 2213 corporalia
2206 2158 2260 2201 et
2283 2149 2338 2201 in
2368 2150 2732 2219 incorporalia
2762 2154 3094 2221 partiuntur,
3127 2171 3228 2209 nec
3254 2156 3324 2210 de
3351 2170 3470 2210 cor-

1872 2236 2152 2304 poralibus
2183 2238 2508 2293 substantiis
2537 2254 2615 2294 est
2648 2242 2886 2311 Spiritus
2927 2254 3167 2309 sanctus,
3201 2247 3397 2301 anima:
3418 2260 3474 2304 et

1871 2342 2065 2382 sensus
2096 2328 2390 2395 habitator,
2422 2334 2692 2387 sermonis
2718 2343 2772 2387 et
2797 2337 3103 2405 sapientia),
3136 2349 3193 2393 et
3230 2339 3473 2395 scientia:

1874 2419 2137 2474 effector:
2174 2436 2274 2475 nec
2302 2422 2370 2475 de
2398 2423 2762 2480 invisibilibus
2788 2430 3077 2483 creaturis.
3113 2429 3243 2485 Haec
3272 2433 3473 2500 quippe

1875 2512 2057 2565 omnia
2084 2512 2366 2581 sapientia:
2392 2524 2448 2567 et
2472 2526 2800 2570 ceterarum
2832 2521 3123 2583 virtutum,
3154 2532 3209 2575 et
3236 2523 3475 2577 sanctiﬁ-

1874 2610 2104 2665 cationis
2149 2612 2367 2682 capacia
2401 2621 2549 2667 sunt.
2582 2613 2685 2667 Ista
2730 2629 2862 2669 vero
2892 2616 3216 2677 substantia,
3257 2617 3324 2672 de
3369 2632 3473 2688 qua

1873 2718 2015 2757 nunc
2043 2718 2226 2757 sermo
2256 2714 2364 2769 est,
2394 2705 2682 2773 sapientire
2714 2717 2771 2759 et
2795 2706 3061 2772 scientiae,
3094 2717 3148 2761 et
3174 2708 3478 2765 sanctiﬁca-

1873 2796 2035 2851 tionis
2060 2796 2306 2852 ell‘eetrix
2327 2808 2435 2852 est.
2462 2797 2650 2868 Neque
2670 2800 2815 2853 enim
2841 2798 3070 2854 inveniri
3096 2808 3274 2869 potest
3297 2803 3473 2871 aliqua

1870 2890 1927 2945 in
1954 2891 2161 2960 Spiritu
2190 2901 2386 2945 saneto
2429 2891 2714 2951 fortitudo.
2746 2903 2840 2947 aut
2869 2893 3118 2961 operatio
3162 2894 3473 2949 sanctiﬁca-

1872 2984 2039 3040 tionis
2067 2986 2412 3056 virtutisque,
2452 2984 2470 3023 τ
2506 3002 2668 3054 quam
2695 2986 2765 3040 ab
2794 2999 3061 3043 extraneo
3092 2989 3322 3058 quodam
3354 3006 3475 3045 sus-

1874 3079 2079 3132 tineat:
2112 3079 2236 3149 quia
2270 3079 2571 3133 istiusmodi
2616 3090 2807 3133 natura
2840 3080 3119 3134 mutabilis
3164 3092 3267 3136 est.
3304 3082 3475 3138 Porro

171 3183 219 3230 et
236 3175 397 3230 alium
428 3176 498 3228 in
529 3173 797 3244 apostolis
826 3174 1155 3243 eteterisque
1184 3172 1493 3239 discipulis,
1536 3182 1592 3228 et
1618 3171 1773 3244 quasi
1800 3172 1846 3237 C
1877 3170 2113 3239 Spiritus
2134 3181 2376 3237 sanctus,
2418 3171 2761 3226 confessione
2804 3175 3069 3240 omnium,
3125 3176 3477 3231 immutabilis

173 3265 199 3305 δ
218 3283 582 3341 omonymnnt
630 3267 685 3322 in
716 3266 1094 3322 diﬂ'erentibus
1122 3282 1249 3323 esse
1270 3265 1612 3322 substantiis.
1646 3266 1776 3322 Pos-

176 3377 355 3419 sumus
403 3362 636 3435 quidem
698 3360 1009 3417 testimonia
1055 3360 1125 3417 de
1170 3360 1372 3416 divinis
1414 3360 1641 3416 Litteris
1683 3376 1779 3415 ex-

180 3458 358 3515 hibere
390 3480 403 3514 :
438 3462 577 3533 quia
614 3458 758 3515 idem
789 3458 1026 3530 Spiritus
1068 3466 1121 3511 et
1172 3457 1227 3512 itt
1281 3456 1550 3527 apostolis
1621 3465 1677 3512 et
1720 3456 1776 3510 in

182 3551 449 3622 prophetis
479 3551 674 3607 fuerit.
713 3551 912 3605 Paulus
954 3550 1006 3605 in
1055 3549 1302 3620 Epistola
1351 3565 1514 3620 quam
1558 3548 1624 3603 ad
1658 3549 1779 3604 lle-

183 3643 349 3703 brazns
402 3645 629 3710 scribit,
671 3643 741 3699 de
796 3643 1137 3699 Psalmorum
1194 3642 1471 3699 volumine
1527 3642 1775 3698 testimo-

184 3735 319 3791 nium
352 3739 670 3809 prolerens,
703 3751 734 3790 a
783 3736 992 3805 Spiritu
1039 3745 1228 3790 sancto
1286 3736 1340 3790 id
1398 3735 1602 3791 dictum
1655 3748 1779 3789 esse

184 3839 580 3886 commemorat
616 3847 629 3882 :
661 3827 730 3882 Et
762 3829 894 3883 sicut
920 3828 1048 3883 dicit
1076 3840 1097 3867 α
1139 3828 1224 3882 hic
1266 3828 1496 3900 Spiritus
1523 3838 1732 3883 sanctus
1757 3846 1779 3885 .'

190 3916 351 3974 Hodie
376 3922 422 3976 si
451 3935 638 3975 vocem
658 3920 769 3989 ejus
790 3918 1086 3983 audieritis,
1117 3919 1276 3973 nolite
1313 3918 1572 3972 obdurare
1619 3918 1780 3973 corda

186 4021 360 4078 restra,
394 4011 541 4083 ete.(
569 4010 728 4065 Hebr.
753 4027 845 4076 ιιι,
874 4012 927 4075 7,
957 4027 1021 4065 ea;
1051 4009 1250 4065 Psalm.
1283 4026 1428 4077 χειν,
1450 4010 1554 4081 8.).
1589 4010 1646 4065 1η
1673 4013 1781 4066 line

187 4116 392 4174 quoque
420 4107 666 4161 Actuum
698 4102 1087 4172 Apostolorum
1120 4144 1134 4168 ,
1176 4119 1299 4157 cum
1341 4102 1544 4158 ludatis
1589 4104 1781 4173 dispu-

190 4202 338 4263 tans,
396 4198 479 4253 ait
537 4215 554 4250 :
602 4195 750 4251 Sicut
795 4197 1027 4267 Spiritus
1068 4207 1273 4252 sanctus
1318 4196 1520 4252 locutus
1572 4208 1647 4253 est
1695 4214 1786 4270 per

192 4282 378 4343 Isaiam
401 4288 713 4362 prophetam
733 4289 801 4342 ad
835 4287 1016 4343 Patres
1041 4301 1262 4354 nostros,
1293 4290 1468 4345 dicens
1496 4308 1509 4343 :
1544 4291 1783 4345 Auditio-

192 4395 296 4433 nem
325 4382 561 4436 audietis
590 4422 606 4447 ,
650 4390 698 4434 et
756 4395 856 4434 non
898 4380 1193 4455 intelligetis
1235 4383 1391 4453 (Act.
1428 4382 1557 4452 ιιι).
1601 4382 1786 4453 Neque

194 4474 331 4529 enim
360 4475 569 4529 Paulus
606 4473 773 4529 alium
816 4473 1029 4530 habens
1054 4475 1320 4544 Spiritum
1364 4485 1635 4537 sanetum,
1671 4475 1790 4530 haec

1879 3276 1984 3331 est,
2012 3266 2381 3320 sanctilit'ator
2407 3267 2651 3320 scientia:
2672 3265 2891 3332 divinte,
2915 3278 2967 3321 et
2995 3269 3374 3324 universorum
3398 3278 3480 3324 at-

1880 3359 2113 3414 tributor
2143 3360 2429 3424 bonorum,
2462 3368 2535 3424 et,
2568 3368 2624 3411 ut
2655 3359 2879 3413 brevius
2902 3359 3102 3424 dicant,
3122 3361 3238 3427 ipse
3273 3361 3481 3415 subsis-

1881 3458 1999 3505 tens
2028 3450 2083 3505 in
2140 3449 2222 3505 bis
2274 3449 2434 3505 bonis
2482 3464 2661 3519 quzea
2708 3450 2937 3505 Domino
2986 3452 3310 3523 largiuntur.
3344 3451 3475 3507 Nam

1880 3542 2130 3597 eumdem
2159 3542 2434 3613 Evangelii
2459 3542 2634 3595 locum
2659 3541 2946 3597 Matthazus
2973 3544 3254 3615 Lucasque
3280 3544 3483 3600 descri-

1880 3635 2036 3698 bens,
2070 3635 2209 3689 alter
2239 3650 2306 3688 ex
2340 3634 2426 3688 his
2468 3634 2577 3687 ait:
2615 3634 2822 3701 Quanto
2860 3636 3026 3705 magis
3071 3634 3230 3688 Pater
3266 3634 3482 3691 ctelestis

1882 3725 2022 3780 dabit
2046 3718 2178 3780 bona
2208 3726 2496 3797 petentibus
2526 3740 2581 3778 se
2609 3723 2825 3793 (Matth.
2861 3742 2914 3792 v,
2951 3726 3084 3798 ll)?
3125 3726 3277 3781 Alter
3304 3744 3431 3783 vero
3465 3748 3479 3783 :

1884 3825 2088 3891 Quanto
2134 3826 2296 3897 magis
2353 3822 2514 3877 Pater
2559 3833 2721 3876 vester
2770 3822 2989 3878 caelestis
3029 3824 3166 3877 dabit
3222 3824 3480 3895 Spiritum

1883 3934 2031 3971 suum
2056 3927 2290 3971 sanctum
2324 3917 2612 3984 petentibus
2647 3932 2701 3969 se
2731 3915 2887 3985 (Luc.
2918 3934 2993 3982 ιι,
3024 3917 3155 3986 l3)?
3183 3918 3259 3971 Ex
3288 3923 3487 3989 quibus

1868 4017 2132 4077 apparet,
2159 4007 2423 4078 Spiritum
2459 4020 2711 4064 sanetum
2742 4007 3135 4076 plenitudinem
3169 4022 3292 4062 esse
3316 4011 3487 4064 dono-

1885 4117 2003 4156 rum
2034 4101 2144 4174 [ΑΙ.
2170 4102 2459 4173 honorum]
2492 4102 2586 4157 Dei
2613 4121 2626 4157 :
2683 4111 2739 4158 et
2765 4117 2827 4157 ea
2859 4118 2979 4171 quae
3019 4101 3279 4156 divinitas
3309 4105 3483 4159 admi-

1888 4196 2211 4258 nistrantur,
2264 4210 2370 4248 non
2403 4196 2607 4265 absque
2652 4211 2718 4251 eo
2760 4195 3092 4256 subsistere;
3142 4196 3267 4262 quia
3296 4211 3485 4254 omnes

1887 4292 2179 4359 utilitates,
2200 4305 2322 4359 quae
2341 4305 2407 4344 ex
2438 4290 2703 4346 donorum
2723 4291 2815 4345 Dei
2834 4291 3006 4362 gratia
3020 4288 3409 4359 suscipiuntur,
3424 4308 3493 4348 ex

1892 4388 1996 4443 isto
2028 4386 2175 4442 fonte
2199 4385 2514 4441 demanant.
2544 4384 2696 4452 Quod
2726 4393 2909 4440 autem
2942 4384 3372 4438 substantialiter
3395 4385 3491 4439 bo-

1892 4496 2021 4536 num
2067 4490 2152 4535 est
2176 4520 2193 4546 ,
2227 4495 2335 4533 non
2369 4486 2550 4549 potest
2579 4487 2855 4532 extraneae
2887 4492 3056 4546 capax
3112 4493 3235 4533 esse
3282 4477 3493 4535 bonita-

194 4566 260 4625 de
284 4584 353 4623 eo
377 4568 627 4638 scripsit,
656 4570 746 4638 qui
780 4569 834 4623 in
874 4568 1165 4636 Pr0phetis
1192 4577 1317 4623 ante
1359 4566 1653 4621 adventum
1683 4567 1787 4622 Do-
1815 4571 1866 4630 D
1895 4571 1995 4624 tis:
2028 4570 2189 4641 110
2216 4585 2339 4623 cum
2372 4570 2547 4638 ipsum
2577 4567 2780 4622 tribuat
2806 4569 3023 4623 emeris
3048 4569 3370 4626 bonitatem.
3396 4572 3498 4644 lgi-

194 4661 503 4716 minialius
542 4659 644 4713 fuit
674 4662 805 4714 :sed
841 4661 909 4717 de
957 4677 1024 4717 eo
1067 4662 1223 4731 cujus
1249 4669 1305 4717 et
1352 4660 1469 4731 ipse
1521 4661 1789 4728 particeps

196 4754 292 4809 luit
323 4771 338 4807 :
371 4762 431 4809 et
455 4768 653 4809 omnes
682 4754 774 4824 qui
799 4754 849 4809 in
883 4754 993 4811 lide
1014 4764 1410 4810 consummatae
1449 4752 1673 4808 virtutis
1716 4752 1795 4808 l'e-

201 4846 486 4904 rebantur.
518 4846 670 4903 Unde
696 4857 749 4902 et
780 4864 900 4903 cum
932 4849 1166 4905 articulo
1197 4850 1314 4919 ejus
1342 4848 1608 4911 meminit,
1640 4849 1792 4919 quasi

202 4939 500 4995 solitarium
529 4949 583 4995 et
623 4956 787 4994 unum
818 4956 941 4997 esse
966 4953 1316 5008 contestans,
1360 4940 1452 4995 ubi
1499 4938 1635 4993 dicit
1684 4954 1793 4994 non

204 5028 549 5101 simpliciter,
574 5039 775 5099 Πνεῦμα
795 5032 957 5107 ἅγιον,
974 5033 1079 5088 hoc
1098 5045 1173 5086 est
1206 5032 1440 5099 Spiritus
1457 5041 1685 5094 sanctus,
1700 5030 1796 5086 sed

204 5135 319 5178 cum
341 5124 720 5181 additamento
753 5126 974 5182 articuli
1008 5131 1066 5183 τὸ
1088 5132 1289 5198 Πνεῦμα
1315 5123 1343 5163 ἀ
1372 5127 1431 5181 τὸ
1480 5124 1621 5201 ἅγιον
1651 5143 1665 5181 :
1696 5125 1798 5181 hoc

214 5388 302 5502 ho“
328 5377 464 5502 de.
498 5374 849 5434 Tbolosanus
869 5418 883 5443 ,
916 5377 1246 5449 superﬂuum
1281 5384 1353 5431 est
1382 5376 1427 5430 si
1456 5375 1615 5447 facile
1639 5384 1714 5431 est
1740 5389 1809 5430 ea:

249 5468 307 5502 is.
333 5466 363 5502 e
391 5466 443 5502 c.

249 5468 307 5559 ml:
327 5458 611 5575 Ef‘latic.
639 5531 694 5576 et
720 5520 953 5575 Romani
985 5518 1211 5591 Collegii
1249 5534 1378 5575 mss.
1412 5519 1642 5574 fecimus
1666 5534 1810 5573 omo-

216 5607 591 5665 nymum,ettm
620 5593 1012 5665 vitioseautea
1046 5604 1191 5647 esset
1220 5593 1449 5665 nomina.

287 5678 305 5702 ι’
338 5663 619 5719 Articulus
658 5663 744 5717 hic
776 5663 915 5718 alias
946 5665 1157 5729 deerat,
1190 5673 1245 5720 et
1277 5665 1329 5716 in
1362 5661 1567 5717 Latinis
1595 5674 1811 5732 quoque

220 5736 615 5862 (ﬁxam-laribus
633 5736 989 5793 desideratur
1004 5752 1020 5800 ;
1034 5736 1187 5791 illum
1206 5744 1388 5791 autem
1408 5741 1565 5804 urget
1579 5738 1813 5790 maxime

269 5821 283 5860 t
323 5822 501 5877 ymus.

616 5902 893 5967 ΡΛνι-ιιοι..
946 5901 1186 5965 XXIII.

1892 4672 1981 4717 tur
2011 4662 2357 4717 manifestum
2393 4670 2499 4727 est,
2534 4676 2644 4715 non
2672 4676 2701 4714 a
2730 4659 3109 4729 corporalibus
3139 4672 3370 4725 tantum.
3400 4668 3497 4721 sed

1895 4755 2045 4811 etab
2088 4756 2529 4822 incorporalibus
2571 4754 2843 4809 creaturis
2873 4763 3185 4810 extraneum
3224 4773 3346 4813 esse
3375 4758 3499 4829 Spi-

1896 4849 2062 4903 ritum
2096 4855 2382 4909 sanctum;
2431 4844 2556 4911 quia
2588 4853 2803 4899 catena
2838 4844 3162 4900 substamim
3192 4849 3330 4902 hanc
3370 4852 3500 4903 sub-

1898 4937 2154 4995 stantiam
2202 4936 2650 4990 sanctiﬁcationis
2698 4934 3014 5004 accipiunt:
3069 4934 3172 4991 iste
3217 4953 3346 4994 vero
3391 4955 3499 4995 non

1904 5040 2112 5085 tantum
2161 5036 2382 5083 nonest
2425 5041 2597 5097 capax
2646 5028 3093 5083 Sanctilieationis
3141 5030 3352 5099 alienze,
3404 5032 3501 5089 sed

1904 5124 2125 5193 insuper
2152 5120 2447 5177 attributor
2476 5131 2581 5188 est,
2608 5130 2665 5177 et
2693 5128 2932 5178 creator.
2958 5122 3201 5196 Denique
3230 5126 3323 5196 qui
3347 5142 3502 5183 com-

1982 5368 2009 5409 ά
2054 5370 2305 5454 Alterum
2347 5371 2413 5454 ,τὸ
2460 5372 2778 5454 exGrreco
2815 5376 3114 5454 exemplari
3164 5380 3507 5454 addidimus,

1910 5444 2213 5507 contextoi,
2244 5454 2298 5497 et
2332 5444 2588 5499 Auctoris
2617 5448 2779 5499 menti
2815 5451 3049 5501 maxime
3076 5455 3469 5509 neces~aritttn.

1988 5525 2008 5553 ε
2038 5516 2181 5572 ldetn
2225 5531 2381 5595 mss;
2413 5517 2466 5595 in
2493 5516 2901 5595 gignendirastt
2923 5517 3025 5595 __8ta'z
3046 5526 3138 5574 τοῦ
3172 5522 3321 5595 ἁγίου
3348 5525 3505 5582 nvib-

1914 5603 2101 5661 ματος,
2118 5596 2174 5643 et
2204 5603 2325 5642 mox
2354 5586 2438 5643 διὰ
2460 5594 2549 5643 τοῦ
2584 5591 2887 5661 Πνευμάτος.
2923 5589 3165 5661 Ret-tius.

1990 5660 2387 5740 f-Th-HIOSJIIHIS
2408 5676 2529 5740 eum
2558 5658 2760 5715 nostris
2790 5674 2920 5740 mss.
2953 5668 3007 5709 et
3040 5658 3277 5740 fortasse
3304 5670 3509 5740 verius,

1915 5731 2188 5802 fortitudo,
2216 5747 2371 5799 quam
2390 5733 2452 5784 ub
2482 5742 2724 5785 extranea
2742 5727 2970 5802 quadam
2998 5732 3297 5797 Operatione
3319 5727 3514 5799 sancti;

1921 5803 2201 5872 ﬁcationis,
2224 5802 2533 5871 virtutisque
2557 5801 2825 5871 suscipiat.

3007 5893 3044 5953 lt-
