  <div class='ocr_page' id='page_1' title='image "/cluster/home/n/w/nwhite01/storage/ocr_20150623/23/uva.x000775467/061.png"; bbox 0 0 4056 6292; ppageno 0'>
   <div class='ocr_carea' id='block_1_1' title="bbox 522 259 622 313">
    <p class='ocr_par' dir='ltr' id='par_1_1' title="bbox 522 259 622 313">
     <span class='ocr_line' id='line_1_1' title="bbox 522 259 622 313; baseline -0.01 0"><span class='ocrx_word' id='word_1_1' title='bbox 522 259 622 313; x_wconf 76' lang='grc'><strong>107</strong></span> 
     </span>
    </p>
   </div>
   <div class='ocr_carea' id='block_1_2' title="bbox 1760 230 2558 301">
    <p class='ocr_par' dir='ltr' id='par_1_2' title="bbox 1760 230 2558 301">
     <span class='ocr_line' id='line_1_2' title="bbox 1760 230 2558 301; baseline -0.015 -1"><span class='ocrx_word' id='word_1_2' title='bbox 1760 246 1819 301; x_wconf 80' lang='lat' dir='ltr'><strong>S.</strong></span> <span class='ocrx_word' id='word_1_3' title='bbox 1864 238 2136 299; x_wconf 81' lang='lat' dir='ltr'><strong>EUSEBII</strong></span> <span class='ocrx_word' id='word_1_4' title='bbox 2176 230 2558 294; x_wconf 71' lang='lat' dir='ltr'><strong>HIERONYMI</strong></span> 
     </span>
    </p>
   </div>
   <div class='ocr_carea' id='block_1_3' title="bbox 3713 220 3828 278">
    <p class='ocr_par' dir='ltr' id='par_1_3' title="bbox 3713 220 3828 278">
     <span class='ocr_line' id='line_1_3' title="bbox 3713 220 3828 278; baseline 0.009 -1"><span class='ocrx_word' id='word_1_5' title='bbox 3713 220 3828 278; x_wconf 66' lang='grc'><strong>108</strong></span> 
     </span>
    </p>
   </div>
   <div class='ocr_carea' id='block_1_4' title="bbox 525 342 3844 437">
    <p class='ocr_par' dir='ltr' id='par_1_4' title="bbox 525 342 3844 437">
     <span class='ocr_line' id='line_1_4' title="bbox 525 342 3844 437; baseline -0.011 -11"><span class='ocrx_word' id='word_1_6' title='bbox 525 371 782 426; x_wconf 84' lang='lat' dir='ltr'><strong>munione</strong></span> <span class='ocrx_word' id='word_1_7' title='bbox 805 367 921 437; x_wconf 90' lang='lat' dir='ltr'><strong>ejus</strong></span> <span class='ocrx_word' id='word_1_8' title='bbox 959 367 1233 432; x_wconf 75' lang='lat' dir='ltr'><strong>fruuntur,</strong></span> <span class='ocrx_word' id='word_1_9' title='bbox 1265 364 1563 434; x_wconf 87' lang='lat' dir='ltr'><strong>participes</strong></span> <span class='ocrx_word' id='word_1_10' title='bbox 1600 361 1853 416; x_wconf 88' lang='lat' dir='ltr'><strong>dicuntur</strong></span> <span class='ocrx_word' id='word_1_11' title='bbox 1879 358 2116 428; x_wconf 77' lang='lat' dir='ltr'><strong>Spiritus</strong></span> <span class='ocrx_word' id='word_1_12' title='bbox 2144 355 2198 417; x_wconf 82' lang='grc' dir='ltr'><strong>Α</strong></span> <span class='ocrx_word' id='word_1_13' title='bbox 2225 362 2304 406; x_wconf 90' lang='lat' dir='ltr'><strong>tre</strong></span> <span class='ocrx_word' id='word_1_14' title='bbox 2327 349 2534 405; x_wconf 86' lang='lat' dir='ltr'><strong>etFilio</strong></span> <span class='ocrx_word' id='word_1_15' title='bbox 2567 347 2765 402; x_wconf 83' lang='lat' dir='ltr'><strong>habilis</strong></span> <span class='ocrx_word' id='word_1_16' title='bbox 2795 346 2963 415; x_wconf 76' lang='lat' dir='ltr'><strong>magis</strong></span> <span class='ocrx_word' id='word_1_17' title='bbox 2986 359 3149 416; x_wconf 89' lang='lat' dir='ltr'><strong>quam</strong></span> <span class='ocrx_word' id='word_1_18' title='bbox 3179 342 3537 406; x_wconf 72' lang='lat' dir='ltr'><strong>habentibus;</strong></span> <span class='ocrx_word' id='word_1_19' title='bbox 3563 349 3844 394; x_wconf 77' lang='lat' dir='ltr'><strong>creatura-</strong></span> 
     </span>
    </p>
   </div>
   <div class='ocr_carea' id='block_1_5' title="bbox 520 452 2113 528">
    <p class='ocr_par' dir='ltr' id='par_1_5' title="bbox 520 452 2113 528">
     <span class='ocr_line' id='line_1_5' title="bbox 520 452 2113 528; baseline -0.009 -10"><span class='ocrx_word' id='word_1_20' title='bbox 520 463 716 528; x_wconf 75' lang='lat' dir='ltr'><strong>sanmi,</strong></span> <span class='ocrx_word' id='word_1_21' title='bbox 748 461 1079 517; x_wconf 68' lang='lat' dir='ltr'><strong>sanetificmi</strong></span> <span class='ocrx_word' id='word_1_22' title='bbox 1125 461 1314 523; x_wconf 75' lang='lat' dir='ltr'><strong>utique</strong></span> <span class='ocrx_word' id='word_1_23' title='bbox 1368 459 1436 513; x_wconf 85' lang='lat' dir='ltr'><strong>ab</strong></span> <span class='ocrx_word' id='word_1_24' title='bbox 1488 473 1576 514; x_wconf 92' lang='lat' dir='ltr'><strong>eo.</strong></span> <span class='ocrx_word' id='word_1_25' title='bbox 1625 459 1924 525; x_wconf 82' lang='lat' dir='ltr'><strong>Perspicne</strong></span> <span class='ocrx_word' id='word_1_26' title='bbox 1967 452 2113 507; x_wconf 91' lang='lat' dir='ltr'><strong>enim</strong></span> 
     </span>
    </p>
   </div>
   <div class='ocr_carea' id='block_1_6' title="bbox 523 546 2117 626">
    <p class='ocr_par' dir='ltr' id='par_1_6' title="bbox 523 546 2117 626">
     <span class='ocr_line' id='line_1_6' title="bbox 523 546 2117 626; baseline -0.009 -14"><span class='ocrx_word' id='word_1_27' title='bbox 523 559 826 626; x_wconf 61' lang='lat' dir='ltr'><strong>1‘scriptum</strong></span> <span class='ocrx_word' id='word_1_28' title='bbox 857 564 960 618; x_wconf 87' lang='lat' dir='ltr'><strong>est,</strong></span> <span class='ocrx_word' id='word_1_29' title='bbox 992 554 1058 608; x_wconf 82' lang='lat' dir='ltr'><strong>Et</strong></span> <span class='ocrx_word' id='word_1_30' title='bbox 1081 553 1307 626; x_wconf 83' lang='lat' dir='ltr'><strong>Spiritui</strong></span> <span class='ocrx_word' id='word_1_31' title='bbox 1325 553 1506 624; x_wconf 69' lang='lat' dir='ltr'><strong>gratia:</strong></span> <span class='ocrx_word' id='word_1_32' title='bbox 1531 548 1893 605; x_wconf 82' lang='lat' dir='ltr'><strong>contumeliam</strong></span> <span class='ocrx_word' id='word_1_33' title='bbox 1922 546 2117 618; x_wconf 79' lang='lat' dir='ltr'><strong>faciem</strong></span> 
     </span>
    </p>
   </div>
   <div class='ocr_carea' id='block_1_7' title="bbox 526 643 2118 720">
    <p class='ocr_par' dir='ltr' id='par_1_7' title="bbox 526 643 2118 720">
     <span class='ocr_line' id='line_1_7' title="bbox 526 643 2118 720; baseline -0.007 -16"><span class='ocrx_word' id='word_1_34' title='bbox 526 648 714 720; x_wconf 77' lang='lat' dir='ltr'><strong>(Hebr.</strong></span> <span class='ocrx_word' id='word_1_35' title='bbox 746 665 800 713; x_wconf 72' lang='grc' dir='ltr'><strong>ι,</strong></span> <span class='ocrx_word' id='word_1_36' title='bbox 832 647 952 716; x_wconf 72' lang='grc'><strong>29),</strong></span> <span class='ocrx_word' id='word_1_37' title='bbox 991 646 1132 702; x_wconf 82' lang='lat' dir='ltr'><strong>haud</strong></span> <span class='ocrx_word' id='word_1_38' title='bbox 1172 645 1395 700; x_wconf 89' lang='lat' dir='ltr'><strong>dubium</strong></span> <span class='ocrx_word' id='word_1_39' title='bbox 1427 643 1556 714; x_wconf 83' lang='lat' dir='ltr'><strong>quin</strong></span> <span class='ocrx_word' id='word_1_40' title='bbox 1597 645 1664 709; x_wconf 96' lang='lat' dir='ltr'><strong>is,</strong></span> <span class='ocrx_word' id='word_1_41' title='bbox 1697 643 1810 712; x_wconf 92' lang='lat' dir='ltr'><strong>qui,</strong></span> <span class='ocrx_word' id='word_1_42' title='bbox 1855 649 1975 709; x_wconf 89' lang='lat' dir='ltr'><strong>post</strong></span> <span class='ocrx_word' id='word_1_43' title='bbox 2000 653 2118 693; x_wconf 87' lang='lat' dir='ltr'><strong>sus-</strong></span> 
     </span>
    </p>
   </div>
   <div class='ocr_carea' id='block_1_8' title="bbox 519 733 2119 814">
    <p class='ocr_par' dir='ltr' id='par_1_8' title="bbox 519 733 2119 814">
     <span class='ocr_line' id='line_1_8' title="bbox 519 733 2119 814; baseline -0.008 -16"><span class='ocrx_word' id='word_1_44' title='bbox 519 743 828 814; x_wconf 85' lang='lat' dir='ltr'><strong>ceptionem</strong></span> <span class='ocrx_word' id='word_1_45' title='bbox 849 741 968 811; x_wconf 88' lang='lat' dir='ltr'><strong>ejus</strong></span> <span class='ocrx_word' id='word_1_46' title='bbox 994 741 1320 812; x_wconf 89' lang='lat' dir='ltr'><strong>peccaverit.</strong></span> <span class='ocrx_word' id='word_1_47' title='bbox 1352 738 1410 793; x_wconf 89' lang='lat' dir='ltr'><strong>Si</strong></span> <span class='ocrx_word' id='word_1_48' title='bbox 1435 748 1618 792; x_wconf 87' lang='lat' dir='ltr'><strong>autem</strong></span> <span class='ocrx_word' id='word_1_49' title='bbox 1641 733 2008 790; x_wconf 85' lang='lat' dir='ltr'><strong>sanctiﬁcatus</strong></span> <span class='ocrx_word' id='word_1_50' title='bbox 2034 741 2119 787; x_wconf 89' lang='lat' dir='ltr'><strong>est</strong></span> 
     </span>
    </p>
   </div>
   <div class='ocr_carea' id='block_1_9' title="bbox 519 823 2117 906">
    <p class='ocr_par' dir='ltr' id='par_1_9' title="bbox 519 823 2117 906">
     <span class='ocr_line' id='line_1_9' title="bbox 519 823 2117 906; baseline -0.011 -14"><span class='ocrx_word' id='word_1_51' title='bbox 519 851 617 906; x_wconf 89' lang='lat' dir='ltr'><strong>per</strong></span> <span class='ocrx_word' id='word_1_52' title='bbox 647 835 1086 890; x_wconf 74' lang='lat' dir='ltr'><strong>communionem</strong></span> <span class='ocrx_word' id='word_1_53' title='bbox 1115 833 1349 902; x_wconf 89' lang='lat' dir='ltr'><strong>Spiritus</strong></span> <span class='ocrx_word' id='word_1_54' title='bbox 1391 830 1592 896; x_wconf 87' lang='lat' dir='ltr'><strong>sancti,</strong></span> <span class='ocrx_word' id='word_1_55' title='bbox 1638 826 1948 882; x_wconf 81' lang='lat' dir='ltr'><strong>ostenditur</strong></span> <span class='ocrx_word' id='word_1_56' title='bbox 1973 823 2117 894; x_wconf 87' lang='lat' dir='ltr'><strong>quod</strong></span> 
     </span>
    </p>
   </div>
   <div class='ocr_carea' id='block_1_10' title="bbox 520 916 2118 1000">
    <p class='ocr_par' dir='ltr' id='par_1_10' title="bbox 520 916 2118 1000">
     <span class='ocr_line' id='line_1_10' title="bbox 520 916 2118 1000; baseline -0.01 -17"><span class='ocrx_word' id='word_1_57' title='bbox 520 929 638 1000; x_wconf 81' lang='lat' dir='ltr'><strong>ipse</strong></span> <span class='ocrx_word' id='word_1_58' title='bbox 679 929 948 1000; x_wconf 87' lang='lat' dir='ltr'><strong>particeps</strong></span> <span class='ocrx_word' id='word_1_59' title='bbox 976 927 1094 996; x_wconf 78' lang='lat' dir='ltr'><strong>ejus</strong></span> <span class='ocrx_word' id='word_1_60' title='bbox 1122 924 1307 987; x_wconf 80' lang='lat' dir='ltr'><strong>fuerit,</strong></span> <span class='ocrx_word' id='word_1_61' title='bbox 1337 936 1390 979; x_wconf 88' lang='lat' dir='ltr'><strong>et</strong></span> <span class='ocrx_word' id='word_1_62' title='bbox 1420 923 1645 992; x_wconf 86' lang='lat' dir='ltr'><strong>largitor</strong></span> <span class='ocrx_word' id='word_1_63' title='bbox 1674 919 1790 988; x_wconf 85' lang='lat' dir='ltr'><strong>ejus</strong></span> <span class='ocrx_word' id='word_1_64' title='bbox 1813 916 2118 972; x_wconf 83' lang='lat' dir='ltr'><strong>sanctiﬁca-</strong></span> 
     </span>
    </p>
   </div>
   <div class='ocr_carea' id='block_1_11' title="bbox 527 1005 2116 1089">
    <p class='ocr_par' dir='ltr' id='par_1_11' title="bbox 527 1005 2116 1089">
     <span class='ocr_line' id='line_1_11' title="bbox 527 1005 2116 1089; baseline -0.011 -14"><span class='ocrx_word' id='word_1_65' title='bbox 527 1019 690 1074; x_wconf 86' lang='lat' dir='ltr'><strong>tionis</strong></span> <span class='ocrx_word' id='word_1_66' title='bbox 717 1017 954 1089; x_wconf 86' lang='lat' dir='ltr'><strong>Spiritus</strong></span> <span class='ocrx_word' id='word_1_67' title='bbox 994 1028 1234 1072; x_wconf 88' lang='lat' dir='ltr'><strong>sanctus.</strong></span> <span class='ocrx_word' id='word_1_68' title='bbox 1264 1014 1558 1082; x_wconf 80' lang='lat' dir='ltr'><strong>Apostolus</strong></span> <span class='ocrx_word' id='word_1_69' title='bbox 1584 1024 1800 1081; x_wconf 84' lang='lat' dir='ltr'><strong>quoque</strong></span> <span class='ocrx_word' id='word_1_70' title='bbox 1829 1008 1898 1062; x_wconf 86' lang='lat' dir='ltr'><strong>ad</strong></span> <span class='ocrx_word' id='word_1_71' title='bbox 1926 1005 2116 1061; x_wconf 58' lang='lat' dir='ltr'><strong>Corino</strong></span> 
     </span>
    </p>
   </div>
   <div class='ocr_carea' id='block_1_12' title="bbox 526 1098 2117 1177">
    <p class='ocr_par' dir='ltr' id='par_1_12' title="bbox 526 1098 2117 1177">
     <span class='ocr_line' id='line_1_12' title="bbox 526 1098 2117 1177; baseline -0.011 -10"><span class='ocrx_word' id='word_1_72' title='bbox 526 1112 671 1169; x_wconf 85' lang='lat' dir='ltr'><strong>thios</strong></span> <span class='ocrx_word' id='word_1_73' title='bbox 697 1111 963 1177; x_wconf 86' lang='lat' dir='ltr'><strong>scribens,</strong></span> <span class='ocrx_word' id='word_1_74' title='bbox 993 1119 1048 1164; x_wconf 91' lang='lat' dir='ltr'><strong>et</strong></span> <span class='ocrx_word' id='word_1_75' title='bbox 1075 1122 1404 1164; x_wconf 82' lang='lat' dir='ltr'><strong>enumerans</strong></span> <span class='ocrx_word' id='word_1_76' title='bbox 1438 1121 1532 1161; x_wconf 82' lang='lat' dir='ltr'><strong>eos</strong></span> <span class='ocrx_word' id='word_1_77' title='bbox 1561 1103 1655 1174; x_wconf 91' lang='lat' dir='ltr'><strong>qni</strong></span> <span class='ocrx_word' id='word_1_78' title='bbox 1693 1115 1918 1171; x_wconf 80' lang='lat' dir='ltr'><strong>regnum</strong></span> <span class='ocrx_word' id='word_1_79' title='bbox 1951 1098 2117 1153; x_wconf 56' lang='lat' dir='ltr'><strong>caelo—</strong></span> 
     </span>
    </p>
   </div>
   <div class='ocr_carea' id='block_1_13' title="bbox 521 1189 2117 1264">
    <p class='ocr_par' dir='ltr' id='par_1_13' title="bbox 521 1189 2117 1264">
     <span class='ocr_line' id='line_1_13' title="bbox 521 1189 2117 1264; baseline -0.011 -6"><span class='ocrx_word' id='word_1_80' title='bbox 521 1221 640 1260; x_wconf 91' lang='lat' dir='ltr'><strong>rum</strong></span> <span class='ocrx_word' id='word_1_81' title='bbox 679 1214 807 1258; x_wconf 87' lang='lat' dir='ltr'><strong>sunt</strong></span> <span class='ocrx_word' id='word_1_82' title='bbox 835 1201 1208 1264; x_wconf 87' lang='lat' dir='ltr'><strong>consecuturi,</strong></span> <span class='ocrx_word' id='word_1_83' title='bbox 1245 1199 1397 1254; x_wconf 86' lang='lat' dir='ltr'><strong>addit</strong></span> <span class='ocrx_word' id='word_1_84' title='bbox 1423 1197 1612 1252; x_wconf 86' lang='lat' dir='ltr'><strong>dicens</strong></span> <span class='ocrx_word' id='word_1_85' title='bbox 1649 1214 1660 1248; x_wconf 89' lang='lat'><strong>:</strong></span> <span class='ocrx_word' id='word_1_86' title='bbox 1690 1193 1757 1248; x_wconf 84' lang='lat' dir='ltr'><strong>Et</strong></span> <span class='ocrx_word' id='word_1_87' title='bbox 1772 1194 1882 1248; x_wconf 76' lang='lat' dir='ltr'><strong>lituo</strong></span> <span class='ocrx_word' id='word_1_88' title='bbox 1910 1189 2117 1261; x_wconf 84' lang='lat' dir='ltr'><strong>quidem</strong></span> 
     </span>
    </p>
   </div>
   <div class='ocr_carea' id='block_1_14' title="bbox 523 1280 2116 1367">
    <p class='ocr_par' dir='ltr' id='par_1_14' title="bbox 523 1280 2116 1367">
     <span class='ocr_line' id='line_1_14' title="bbox 523 1280 2116 1367; baseline -0.01 -17"><span class='ocrx_word' id='word_1_89' title='bbox 523 1297 734 1367; x_wconf 75' lang='lat' dir='ltr'><strong>fuistis:</strong></span> <span class='ocrx_word' id='word_1_90' title='bbox 781 1297 870 1350; x_wconf 87' lang='lat' dir='ltr'><strong>sed</strong></span> <span class='ocrx_word' id='word_1_91' title='bbox 924 1294 1090 1348; x_wconf 80' lang='lat' dir='ltr'><strong>abluti</strong></span> <span class='ocrx_word' id='word_1_92' title='bbox 1145 1293 1282 1356; x_wconf 88' lang='lat' dir='ltr'><strong>estis,</strong></span> <span class='ocrx_word' id='word_1_93' title='bbox 1340 1293 1428 1346; x_wconf 87' lang='lat' dir='ltr'><strong>sed</strong></span> <span class='ocrx_word' id='word_1_94' title='bbox 1476 1287 1789 1357; x_wconf 77' lang='lat' dir='ltr'><strong>sancti/ictui</strong></span> <span class='ocrx_word' id='word_1_95' title='bbox 1837 1285 1980 1349; x_wconf 82' lang='lat' dir='ltr'><strong>estis,</strong></span> <span class='ocrx_word' id='word_1_96' title='bbox 2026 1280 2116 1336; x_wconf 86' lang='lat' dir='ltr'><strong>sed</strong></span> 
     </span>
    </p>
   </div>
   <div class='ocr_carea' id='block_1_15' title="bbox 520 1375 2118 1457">
    <p class='ocr_par' dir='ltr' id='par_1_15' title="bbox 520 1375 2118 1457">
     <span class='ocr_line' id='line_1_15' title="bbox 520 1375 2118 1457; baseline -0.009 -15"><span class='ocrx_word' id='word_1_97' title='bbox 520 1389 800 1457; x_wconf 74' lang='lat' dir='ltr'><strong>iustificati</strong></span> <span class='ocrx_word' id='word_1_98' title='bbox 849 1388 993 1452; x_wconf 88' lang='lat' dir='ltr'><strong>estis,</strong></span> <span class='ocrx_word' id='word_1_99' title='bbox 1040 1388 1093 1440; x_wconf 87' lang='lat' dir='ltr'><strong>in</strong></span> <span class='ocrx_word' id='word_1_100' title='bbox 1146 1385 1352 1439; x_wconf 80' lang='lat' dir='ltr'><strong>nomine</strong></span> <span class='ocrx_word' id='word_1_101' title='bbox 1398 1382 1530 1438; x_wconf 74' lang='lat' dir='ltr'><strong>Jesu</strong></span> <span class='ocrx_word' id='word_1_102' title='bbox 1566 1380 1756 1436; x_wconf 82' lang='lat' dir='ltr'><strong>Christi</strong></span> <span class='ocrx_word' id='word_1_103' title='bbox 1801 1391 1850 1434; x_wconf 84' lang='lat' dir='ltr'><strong>et</strong></span> <span class='ocrx_word' id='word_1_104' title='bbox 1896 1379 1949 1430; x_wconf 86' lang='lat' dir='ltr'><strong>in</strong></span> <span class='ocrx_word' id='word_1_105' title='bbox 1995 1375 2118 1446; x_wconf 82' lang='lat' dir='ltr'><strong>Spi-</strong></span> 
     </span>
    </p>
   </div>
   <div class='ocr_carea' id='block_1_16' title="bbox 519 1471 2117 1554">
    <p class='ocr_par' dir='ltr' id='par_1_16' title="bbox 519 1471 2117 1554">
     <span class='ocr_line' id='line_1_16' title="bbox 519 1471 2117 1554; baseline -0.008 -18"><span class='ocrx_word' id='word_1_106' title='bbox 519 1485 622 1538; x_wconf 82' lang='lat' dir='ltr'><strong>ritu</strong></span> <span class='ocrx_word' id='word_1_107' title='bbox 677 1481 776 1537; x_wconf 77' lang='lat' dir='ltr'><strong>Dei</strong></span> <span class='ocrx_word' id='word_1_108' title='bbox 829 1481 995 1536; x_wconf 80' lang='lat' dir='ltr'><strong>nostri</strong></span> <span class='ocrx_word' id='word_1_109' title='bbox 1055 1481 1118 1554; x_wconf 93' lang='lat' dir='ltr'><strong>(l</strong></span> <span class='ocrx_word' id='word_1_110' title='bbox 1169 1478 1292 1537; x_wconf 86' lang='lat' dir='ltr'><strong>Cor.</strong></span> <span class='ocrx_word' id='word_1_111' title='bbox 1347 1495 1444 1545; x_wconf 74' lang='lat' dir='ltr'><strong>vt,</strong></span> <span class='ocrx_word' id='word_1_112' title='bbox 1501 1475 1626 1548; x_wconf 72' lang='lat' dir='ltr'><strong>tl).</strong></span> <span class='ocrx_word' id='word_1_113' title='bbox 1684 1472 1944 1545; x_wconf 86' lang='lat' dir='ltr'><strong>Spiritum</strong></span> <span class='ocrx_word' id='word_1_114' title='bbox 1998 1471 2117 1536; x_wconf 85' lang='lat' dir='ltr'><strong>Dei,</strong></span> 
     </span>
    </p>
   </div>
   <div class='ocr_carea' id='block_1_17' title="bbox 522 1567 2114 1642">
    <p class='ocr_par' dir='ltr' id='par_1_17' title="bbox 522 1567 2114 1642">
     <span class='ocr_line' id='line_1_17' title="bbox 522 1567 2114 1642; baseline -0.011 -11"><span class='ocrx_word' id='word_1_115' title='bbox 522 1589 630 1630; x_wconf 92' lang='lat' dir='ltr'><strong>non</strong></span> <span class='ocrx_word' id='word_1_116' title='bbox 660 1575 827 1630; x_wconf 86' lang='lat' dir='ltr'><strong>alium</strong></span> <span class='ocrx_word' id='word_1_117' title='bbox 877 1588 1135 1629; x_wconf 79' lang='lat' dir='ltr'><strong>asserens</strong></span> <span class='ocrx_word' id='word_1_118' title='bbox 1179 1586 1302 1628; x_wconf 87' lang='lat' dir='ltr'><strong>esse</strong></span> <span class='ocrx_word' id='word_1_119' title='bbox 1339 1586 1500 1642; x_wconf 87' lang='lat' dir='ltr'><strong>quam</strong></span> <span class='ocrx_word' id='word_1_120' title='bbox 1545 1567 1807 1638; x_wconf 88' lang='lat' dir='ltr'><strong>Spiritum</strong></span> <span class='ocrx_word' id='word_1_121' title='bbox 1845 1574 2114 1619; x_wconf 89' lang='lat' dir='ltr'><strong>sanctum.</strong></span> 
     </span>
    </p>
   </div>
   <div class='ocr_carea' id='block_1_18' title="bbox 526 1659 2115 1735">
    <p class='ocr_par' dir='ltr' id='par_1_18' title="bbox 526 1659 2115 1735">
     <span class='ocr_line' id='line_1_18' title="bbox 526 1659 2115 1735; baseline -0.009 -11"><span class='ocrx_word' id='word_1_122' title='bbox 526 1667 746 1724; x_wconf 80' lang='lat' dir='ltr'><strong>Etenim</strong></span> <span class='ocrx_word' id='word_1_123' title='bbox 777 1669 830 1723; x_wconf 90' lang='lat' dir='ltr'><strong>in</strong></span> <span class='ocrx_word' id='word_1_124' title='bbox 874 1667 1335 1735; x_wconf 77' lang='lat' dir='ltr'><strong>consequentibus</strong></span> <span class='ocrx_word' id='word_1_125' title='bbox 1377 1665 1518 1718; x_wconf 83' lang='lat' dir='ltr'><strong>idem</strong></span> <span class='ocrx_word' id='word_1_126' title='bbox 1563 1661 1849 1732; x_wconf 86' lang='lat' dir='ltr'><strong>approbat,</strong></span> <span class='ocrx_word' id='word_1_127' title='bbox 1880 1659 2069 1712; x_wconf 69' lang='lat' dir='ltr'><strong>dicens</strong></span> <span class='ocrx_word' id='word_1_128' title='bbox 2101 1673 2115 1710; x_wconf 89' lang='lat'>:</span> 
     </span>
    </p>
   </div>
   <div class='ocr_carea' id='block_1_19' title="bbox 2221 436 3825 506">
    <p class='ocr_par' dir='ltr' id='par_1_19' title="bbox 2221 436 3825 506">
     <span class='ocr_line' id='line_1_19' title="bbox 2221 436 3825 506; baseline -0.009 -8"><span class='ocrx_word' id='word_1_129' title='bbox 2221 460 2351 500; x_wconf 88' lang='lat' dir='ltr'><strong>vero</strong></span> <span class='ocrx_word' id='word_1_130' title='bbox 2366 443 2804 506; x_wconf 89' lang='lat' dir='ltr'><strong>habente,etnon</strong></span> <span class='ocrx_word' id='word_1_131' title='bbox 2821 438 3023 492; x_wconf 90' lang='lat' dir='ltr'><strong>habita.</strong></span> <span class='ocrx_word' id='word_1_132' title='bbox 3043 449 3063 476; x_wconf 71' lang='grc' dir='ltr'><strong>ε</strong></span> <span class='ocrx_word' id='word_1_133' title='bbox 3086 437 3159 492; x_wconf 86' lang='lat' dir='ltr'><strong>De</strong></span> <span class='ocrx_word' id='word_1_134' title='bbox 3171 436 3372 505; x_wconf 89' lang='lat' dir='ltr'><strong>Spiritu</strong></span> <span class='ocrx_word' id='word_1_135' title='bbox 3393 439 3825 503; x_wconf 73' lang='lat' dir='ltr'><strong>quoqnesancto</strong></span> 
     </span>
    </p>
   </div>
   <div class='ocr_carea' id='block_1_20' title="bbox 2221 524 3824 603">
    <p class='ocr_par' dir='ltr' id='par_1_20' title="bbox 2221 524 3824 603">
     <span class='ocr_line' id='line_1_20' title="bbox 2221 524 3824 603; baseline -0.009 -10"><span class='ocrx_word' id='word_1_136' title='bbox 2221 545 2599 600; x_wconf 85' lang='lat' dir='ltr'><strong>retractemus,</strong></span> <span class='ocrx_word' id='word_1_137' title='bbox 2631 543 2685 589; x_wconf 95' lang='lat' dir='ltr'><strong>et</strong></span> <span class='ocrx_word' id='word_1_138' title='bbox 2710 533 2754 587; x_wconf 88' lang='lat' dir='ltr'><strong>si</strong></span> <span class='ocrx_word' id='word_1_139' title='bbox 2775 533 2993 603; x_wconf 88' lang='lat' dir='ltr'><strong>quidem</strong></span> <span class='ocrx_word' id='word_1_140' title='bbox 3019 532 3136 600; x_wconf 90' lang='lat' dir='ltr'><strong>ipse</strong></span> <span class='ocrx_word' id='word_1_141' title='bbox 3158 543 3374 599; x_wconf 86' lang='lat' dir='ltr'><strong>quoquo</strong></span> <span class='ocrx_word' id='word_1_142' title='bbox 3398 524 3824 596; x_wconf 75' lang='lat' dir='ltr'><strong>participatione</strong></span> 
     </span>
    </p>
   </div>
   <div class='ocr_carea' id='block_1_21' title="bbox 2220 627 3826 687">
    <p class='ocr_par' dir='ltr' id='par_1_21' title="bbox 2220 627 3826 687">
     <span class='ocr_line' id='line_1_21' title="bbox 2220 627 3826 687; baseline -0.009 -3"><span class='ocrx_word' id='word_1_143' title='bbox 2220 632 2444 687; x_wconf 87' lang='lat' dir='ltr'><strong>alterius</strong></span> <span class='ocrx_word' id='word_1_144' title='bbox 2467 627 2839 683; x_wconf 85' lang='lat' dir='ltr'><strong>sanctimonia-</strong></span> <span class='ocrx_word' id='word_1_145' title='bbox 2869 632 3090 680; x_wconf 85' lang='lat' dir='ltr'><strong>sanctus</strong></span> <span class='ocrx_word' id='word_1_146' title='bbox 3118 633 3221 687; x_wconf 90' lang='lat' dir='ltr'><strong>est,</strong></span> <span class='ocrx_word' id='word_1_147' title='bbox 3256 627 3684 675; x_wconf 87' lang='lat' dir='ltr'><strong>connumeretur</strong></span> <span class='ocrx_word' id='word_1_148' title='bbox 3713 631 3826 671; x_wconf 71' lang='lat' dir='ltr'><strong>cte-</strong></span> 
     </span>
    </p>
   </div>
   <div class='ocr_carea' id='block_1_22' title="bbox 2222 711 3822 782">
    <p class='ocr_par' dir='ltr' id='par_1_22' title="bbox 2222 711 3822 782">
     <span class='ocr_line' id='line_1_22' title="bbox 2222 711 3822 782; baseline -0.009 -7"><span class='ocrx_word' id='word_1_149' title='bbox 2222 722 2353 777; x_wconf 91' lang='lat' dir='ltr'><strong>teris</strong></span> <span class='ocrx_word' id='word_1_150' title='bbox 2373 719 2656 776; x_wconf 81' lang='lat' dir='ltr'><strong>creaturis.</strong></span> <span class='ocrx_word' id='word_1_151' title='bbox 2689 718 2748 774; x_wconf 89' lang='lat' dir='ltr'><strong>Si</strong></span> <span class='ocrx_word' id='word_1_152' title='bbox 2765 732 2895 772; x_wconf 85' lang='lat' dir='ltr'><strong>vero</strong></span> <span class='ocrx_word' id='word_1_153' title='bbox 2912 723 3133 771; x_wconf 89' lang='lat' dir='ltr'><strong>sanctos</strong></span> <span class='ocrx_word' id='word_1_154' title='bbox 3163 714 3287 768; x_wconf 78' lang='lat' dir='ltr'><strong>facit</strong></span> <span class='ocrx_word' id='word_1_155' title='bbox 3312 726 3541 782; x_wconf 88' lang='lat' dir='ltr'><strong>capaces</strong></span> <span class='ocrx_word' id='word_1_156' title='bbox 3568 711 3676 776; x_wconf 91' lang='lat' dir='ltr'><strong>sui,</strong></span> <span class='ocrx_word' id='word_1_157' title='bbox 3695 723 3822 764; x_wconf 92' lang='lat' dir='ltr'><strong>cum</strong></span> 
     </span>
    </p>
   </div>
   <div class='ocr_carea' id='block_1_23' title="bbox 2220 803 3826 883">
    <p class='ocr_par' dir='ltr' id='par_1_23' title="bbox 2220 803 3826 883">
     <span class='ocr_line' id='line_1_23' title="bbox 2220 803 3826 883; baseline -0.008 -15"><span class='ocrx_word' id='word_1_158' title='bbox 2220 813 2384 868; x_wconf 84' lang='lat' dir='ltr'><strong>Patre</strong></span> <span class='ocrx_word' id='word_1_159' title='bbox 2414 819 2649 883; x_wconf 87' lang='lat' dir='ltr'><strong>ponatur</strong></span> <span class='ocrx_word' id='word_1_160' title='bbox 2665 818 2725 866; x_wconf 89' lang='lat' dir='ltr'><strong>et</strong></span> <span class='ocrx_word' id='word_1_161' title='bbox 2751 809 2908 864; x_wconf 81' lang='lat' dir='ltr'><strong>Filio.</strong></span> <span class='ocrx_word' id='word_1_162' title='bbox 2934 808 3089 876; x_wconf 82' lang='lat' dir='ltr'><strong>Quod</strong></span> <span class='ocrx_word' id='word_1_163' title='bbox 3123 815 3304 861; x_wconf 84' lang='lat' dir='ltr'><strong>autem</strong></span> <span class='ocrx_word' id='word_1_164' title='bbox 3329 806 3397 859; x_wconf 87' lang='lat' dir='ltr'><strong>ab</strong></span> <span class='ocrx_word' id='word_1_165' title='bbox 3419 804 3545 858; x_wconf 80' lang='lat' dir='ltr'><strong>aliis</strong></span> <span class='ocrx_word' id='word_1_166' title='bbox 3573 803 3826 872; x_wconf 77' lang='lat' dir='ltr'><strong>capiatur</strong></span> 
     </span>
    </p>
   </div>
   <div class='ocr_carea' id='block_1_24' title="bbox 2221 891 3822 977">
    <p class='ocr_par' dir='ltr' id='par_1_24' title="bbox 2221 891 3822 977">
     <span class='ocr_line' id='line_1_24' title="bbox 2221 891 3822 977; baseline -0.009 -14"><span class='ocrx_word' id='word_1_167' title='bbox 2221 908 2458 977; x_wconf 88' lang='lat' dir='ltr'><strong>Spiritus</strong></span> <span class='ocrx_word' id='word_1_168' title='bbox 2485 913 2728 970; x_wconf 87' lang='lat' dir='ltr'><strong>sanctus,</strong></span> <span class='ocrx_word' id='word_1_169' title='bbox 2755 909 2942 959; x_wconf 88' lang='lat' dir='ltr'><strong>etnon</strong></span> <span class='ocrx_word' id='word_1_170' title='bbox 2981 901 3081 955; x_wconf 87' lang='lat' dir='ltr'><strong>alia</strong></span> <span class='ocrx_word' id='word_1_171' title='bbox 3115 901 3313 970; x_wconf 84' lang='lat' dir='ltr'><strong>capiat,</strong></span> <span class='ocrx_word' id='word_1_172' title='bbox 3350 909 3403 953; x_wconf 83' lang='lat' dir='ltr'><strong>et</strong></span> <span class='ocrx_word' id='word_1_173' title='bbox 3429 912 3593 963; x_wconf 90' lang='lat' dir='ltr'><strong>nunc,</strong></span> <span class='ocrx_word' id='word_1_174' title='bbox 3625 907 3680 950; x_wconf 90' lang='lat' dir='ltr'><strong>et</strong></span> <span class='ocrx_word' id='word_1_175' title='bbox 3705 896 3760 950; x_wconf 89' lang='lat' dir='ltr'><strong>in</strong></span> <span class='ocrx_word' id='word_1_176' title='bbox 3795 891 3822 930; x_wconf 70' lang='grc' dir='ltr'>ἀ</span> 
     </span>
    </p>
   </div>
   <div class='ocr_carea' id='block_1_25' title="bbox 2223 991 3823 1065">
    <p class='ocr_par' dir='ltr' id='par_1_25' title="bbox 2223 991 3823 1065">
     <span class='ocr_line' id='line_1_25' title="bbox 2223 991 3823 1065; baseline -0.009 -8"><span class='ocrx_word' id='word_1_177' title='bbox 2223 1001 2505 1057; x_wconf 90' lang='lat' dir='ltr'><strong>Sectarum</strong></span> <span class='ocrx_word' id='word_1_178' title='bbox 2535 999 2810 1052; x_wconf 78' lang='lat' dir='ltr'><strong>volumine</strong></span> <span class='ocrx_word' id='word_1_179' title='bbox 2843 996 3040 1065; x_wconf 91' lang='lat' dir='ltr'><strong>(prout</strong></span> <span class='ocrx_word' id='word_1_180' title='bbox 3072 992 3373 1064; x_wconf 88' lang='lat' dir='ltr'><strong>potuimus)</strong></span> <span class='ocrx_word' id='word_1_181' title='bbox 3404 991 3823 1060; x_wconf 78' lang='lat' dir='ltr'><strong>expressimus:</strong></span> 
     </span>
    </p>
   </div>
   <div class='ocr_carea' id='block_1_26' title="bbox 2219 1081 3828 1158">
    <p class='ocr_par' dir='ltr' id='par_1_26' title="bbox 2219 1081 3828 1158">
     <span class='ocr_line' id='line_1_26' title="bbox 2219 1081 3828 1158; baseline -0.006 -11"><span class='ocrx_word' id='word_1_182' title='bbox 2219 1101 2274 1148; x_wconf 88' lang='lat' dir='ltr'><strong>et</strong></span> <span class='ocrx_word' id='word_1_183' title='bbox 2321 1108 2384 1147; x_wconf 80' lang='lat' dir='ltr'><strong>ex</strong></span> <span class='ocrx_word' id='word_1_184' title='bbox 2427 1092 2574 1146; x_wconf 90' lang='lat' dir='ltr'><strong>omni</strong></span> <span class='ocrx_word' id='word_1_185' title='bbox 2616 1090 2894 1158; x_wconf 86' lang='lat' dir='ltr'><strong>Scriptura</strong></span> <span class='ocrx_word' id='word_1_186' title='bbox 2924 1101 3236 1142; x_wconf 87' lang='lat' dir='ltr'><strong>sermonem</strong></span> <span class='ocrx_word' id='word_1_187' title='bbox 3261 1095 3508 1138; x_wconf 88' lang='lat' dir='ltr'><strong>nostrum</strong></span> <span class='ocrx_word' id='word_1_188' title='bbox 3547 1081 3828 1137; x_wconf 77' lang='lat' dir='ltr'><strong>afﬁrmare</strong></span> 
     </span>
    </p>
   </div>
   <div class='ocr_carea' id='block_1_27' title="bbox 2223 1173 3826 1256">
    <p class='ocr_par' dir='ltr' id='par_1_27' title="bbox 2223 1173 3826 1256">
     <span class='ocr_line' id='line_1_27' title="bbox 2223 1173 3826 1256; baseline -0.01 -14"><span class='ocrx_word' id='word_1_189' title='bbox 2223 1185 2480 1256; x_wconf 81' lang='lat' dir='ltr'><strong>perfacile</strong></span> <span class='ocrx_word' id='word_1_190' title='bbox 2511 1193 2614 1239; x_wconf 90' lang='lat' dir='ltr'><strong>est.</strong></span> <span class='ocrx_word' id='word_1_191' title='bbox 2651 1183 2848 1237; x_wconf 85' lang='lat' dir='ltr'><strong>Beatus</strong></span> <span class='ocrx_word' id='word_1_192' title='bbox 2879 1195 3099 1250; x_wconf 86' lang='lat' dir='ltr'><strong>quoque</strong></span> <span class='ocrx_word' id='word_1_193' title='bbox 3128 1177 3420 1246; x_wconf 82' lang='lat' dir='ltr'><strong>Apostolus</strong></span> <span class='ocrx_word' id='word_1_194' title='bbox 3451 1177 3518 1230; x_wconf 84' lang='lat' dir='ltr'><strong>ad</strong></span> <span class='ocrx_word' id='word_1_195' title='bbox 3554 1173 3826 1244; x_wconf 71' lang='lat' dir='ltr'><strong>Ephesios</strong></span> 
     </span>
    </p>
   </div>
   <div class='ocr_carea' id='block_1_28' title="bbox 2221 1269 3828 1344">
    <p class='ocr_par' dir='ltr' id='par_1_28' title="bbox 2221 1269 3828 1344">
     <span class='ocr_line' id='line_1_28' title="bbox 2221 1269 3828 1344; baseline -0.008 -11"><span class='ocrx_word' id='word_1_196' title='bbox 2221 1279 2466 1334; x_wconf 85' lang='lat' dir='ltr'><strong>scribens</strong></span> <span class='ocrx_word' id='word_1_197' title='bbox 2500 1279 2609 1330; x_wconf 87' lang='lat' dir='ltr'><strong>ait:</strong></span> <span class='ocrx_word' id='word_1_198' title='bbox 2637 1275 2703 1329; x_wconf 82' lang='lat' dir='ltr'><strong>In</strong></span> <span class='ocrx_word' id='word_1_199' title='bbox 2735 1293 2835 1344; x_wconf 88' lang='lat' dir='ltr'><strong>quo</strong></span> <span class='ocrx_word' id='word_1_200' title='bbox 2857 1284 2903 1329; x_wconf 86' lang='lat' dir='ltr'><strong>et</strong></span> <span class='ocrx_word' id='word_1_201' title='bbox 2933 1275 3198 1328; x_wconf 76' lang='lat' dir='ltr'><strong>credentes</strong></span> <span class='ocrx_word' id='word_1_202' title='bbox 3241 1272 3433 1342; x_wconf 81' lang='lat' dir='ltr'><strong>signati</strong></span> <span class='ocrx_word' id='word_1_203' title='bbox 3461 1270 3582 1324; x_wconf 80' lang='lat' dir='ltr'><strong>estis</strong></span> <span class='ocrx_word' id='word_1_204' title='bbox 3617 1269 3828 1337; x_wconf 87' lang='lat' dir='ltr'><strong>Spiritu</strong></span> 
     </span>
    </p>
   </div>
   <div class='ocr_carea' id='block_1_29' title="bbox 2223 1365 3831 1444">
    <p class='ocr_par' dir='ltr' id='par_1_29' title="bbox 2223 1365 3831 1444">
     <span class='ocr_line' id='line_1_29' title="bbox 2223 1365 3831 1444; baseline -0.005 -18"><span class='ocrx_word' id='word_1_205' title='bbox 2223 1373 2581 1444; x_wconf 83' lang='lat' dir='ltr'><strong>promissionis</strong></span> <span class='ocrx_word' id='word_1_206' title='bbox 2611 1382 2811 1435; x_wconf 83' lang='lat' dir='ltr'><strong>sancto,</strong></span> <span class='ocrx_word' id='word_1_207' title='bbox 2838 1371 2924 1440; x_wconf 78' lang='lat' dir='ltr'><strong>qui</strong></span> <span class='ocrx_word' id='word_1_208' title='bbox 2954 1379 3028 1424; x_wconf 86' lang='lat' dir='ltr'><strong>est</strong></span> <span class='ocrx_word' id='word_1_209' title='bbox 3069 1376 3256 1440; x_wconf 79' lang='lat' dir='ltr'><strong>pignus</strong></span> <span class='ocrx_word' id='word_1_210' title='bbox 3285 1365 3605 1421; x_wconf 77' lang='lat' dir='ltr'><strong>htereditntis</strong></span> <span class='ocrx_word' id='word_1_211' title='bbox 3638 1375 3831 1418; x_wconf 78' lang='lat' dir='ltr'><strong>nostra:</strong></span> 
     </span>
    </p>
   </div>
   <div class='ocr_carea' id='block_1_30' title="bbox 2225 1459 3828 1538">
    <p class='ocr_par' dir='ltr' id='par_1_30' title="bbox 2225 1459 3828 1538">
     <span class='ocr_line' id='line_1_30' title="bbox 2225 1459 3828 1538; baseline -0.004 -19"><span class='ocrx_word' id='word_1_212' title='bbox 2225 1465 2444 1538; x_wconf 70' lang='lat' dir='ltr'><strong>(h’phes.</strong></span> <span class='ocrx_word' id='word_1_213' title='bbox 2477 1482 2535 1528; x_wconf 90' lang='lat' dir='ltr'><strong>t,</strong></span> <span class='ocrx_word' id='word_1_214' title='bbox 2576 1463 2686 1534; x_wconf 77' lang='grc'><strong>15).</strong></span> <span class='ocrx_word' id='word_1_215' title='bbox 2722 1463 2781 1518; x_wconf 92' lang='lat' dir='ltr'><strong>Si</strong></span> <span class='ocrx_word' id='word_1_216' title='bbox 2821 1463 2965 1519; x_wconf 87' lang='lat' dir='ltr'><strong>enim</strong></span> <span class='ocrx_word' id='word_1_217' title='bbox 3018 1463 3304 1532; x_wconf 80' lang='lat' dir='ltr'><strong>signantur</strong></span> <span class='ocrx_word' id='word_1_218' title='bbox 3350 1461 3567 1531; x_wconf 87' lang='lat' dir='ltr'><strong>quidam</strong></span> <span class='ocrx_word' id='word_1_219' title='bbox 3618 1459 3828 1528; x_wconf 85' lang='lat' dir='ltr'><strong>Spiritu</strong></span> 
     </span>
    </p>
   </div>
   <div class='ocr_carea' id='block_1_31' title="bbox 2223 1553 3832 1627">
    <p class='ocr_par' dir='ltr' id='par_1_31' title="bbox 2223 1553 3832 1627">
     <span class='ocr_line' id='line_1_31' title="bbox 2223 1553 3832 1627; baseline -0.004 -14"><span class='ocrx_word' id='word_1_220' title='bbox 2223 1569 2436 1624; x_wconf 86' lang='lat' dir='ltr'><strong>sancto,</strong></span> <span class='ocrx_word' id='word_1_221' title='bbox 2484 1559 2712 1611; x_wconf 86' lang='lat' dir='ltr'><strong>formam</strong></span> <span class='ocrx_word' id='word_1_222' title='bbox 2739 1567 2790 1610; x_wconf 88' lang='lat' dir='ltr'><strong>et</strong></span> <span class='ocrx_word' id='word_1_223' title='bbox 2821 1558 3059 1627; x_wconf 87' lang='lat' dir='ltr'><strong>speciem</strong></span> <span class='ocrx_word' id='word_1_224' title='bbox 3089 1556 3208 1626; x_wconf 78' lang='lat' dir='ltr'><strong>ejus</strong></span> <span class='ocrx_word' id='word_1_225' title='bbox 3236 1562 3606 1610; x_wconf 81' lang='lat' dir='ltr'><strong>assumeutes:</strong></span> <span class='ocrx_word' id='word_1_226' title='bbox 3639 1568 3706 1608; x_wconf 83' lang='lat' dir='ltr'><strong>ex</strong></span> <span class='ocrx_word' id='word_1_227' title='bbox 3740 1553 3832 1608; x_wconf 85' lang='lat' dir='ltr'><strong>his</strong></span> 
     </span>
    </p>
   </div>
   <div class='ocr_carea' id='block_1_32' title="bbox 2223 1649 3826 1722">
    <p class='ocr_par' dir='ltr' id='par_1_32' title="bbox 2223 1649 3826 1722">
     <span class='ocr_line' id='line_1_32' title="bbox 2223 1649 3826 1722; baseline -0.003 -15"><span class='ocrx_word' id='word_1_228' title='bbox 2223 1661 2309 1708; x_wconf 88' lang='lat' dir='ltr'><strong>est</strong></span> <span class='ocrx_word' id='word_1_229' title='bbox 2338 1653 2571 1722; x_wconf 86' lang='lat' dir='ltr'><strong>Spiritus</strong></span> <span class='ocrx_word' id='word_1_230' title='bbox 2601 1661 2844 1716; x_wconf 84' lang='lat' dir='ltr'><strong>sanctus,</strong></span> <span class='ocrx_word' id='word_1_231' title='bbox 2888 1667 3006 1721; x_wconf 71' lang='lat' dir='ltr'><strong>qua:</strong></span> <span class='ocrx_word' id='word_1_232' title='bbox 3039 1650 3326 1715; x_wconf 82' lang='lat' dir='ltr'><strong>habentur,</strong></span> <span class='ocrx_word' id='word_1_233' title='bbox 3359 1659 3413 1705; x_wconf 90' lang='lat' dir='ltr'><strong>et</strong></span> <span class='ocrx_word' id='word_1_234' title='bbox 3445 1666 3550 1703; x_wconf 88' lang='lat' dir='ltr'><strong>non</strong></span> <span class='ocrx_word' id='word_1_235' title='bbox 3585 1649 3826 1704; x_wconf 86' lang='lat' dir='ltr'><strong>habent:</strong></span> 
     </span>
    </p>
   </div>
   <div class='ocr_carea' id='block_1_33' title="bbox 511 1738 3831 1829">
    <p class='ocr_par' dir='ltr' id='par_1_33' title="bbox 511 1738 3831 1829">
     <span class='ocr_line' id='line_1_33' title="bbox 511 1738 3831 1829; baseline -0.004 -23"><span class='ocrx_word' id='word_1_236' title='bbox 511 1759 691 1823; x_wconf 61' lang='lat' dir='ltr'><strong>ﬂama</strong></span> <span class='ocrx_word' id='word_1_237' title='bbox 713 1762 766 1814; x_wconf 69' lang='grc' dir='ltr'><strong>ξπ</strong></span> <span class='ocrx_word' id='word_1_238' title='bbox 795 1760 1001 1829; x_wconf 58' lang='lat' dir='ltr'><strong>spirit.</strong></span> <span class='ocrx_word' id='word_1_239' title='bbox 1034 1758 1125 1814; x_wconf 65' lang='lat' dir='ltr'><strong>Dei</strong></span> <span class='ocrx_word' id='word_1_240' title='bbox 1148 1757 1381 1828; x_wconf 70' lang='grc' dir='ltr'><strong>ιοφωηε,</strong></span> <span class='ocrx_word' id='word_1_241' title='bbox 1423 1756 1548 1809; x_wconf 63' lang='lat' dir='ltr'><strong>dicit</strong></span> <span class='ocrx_word' id='word_1_242' title='bbox 1571 1755 1844 1807; x_wconf 67' lang='lat' dir='ltr'><strong>anathema</strong></span> <span class='ocrx_word' id='word_1_243' title='bbox 1869 1749 1999 1804; x_wconf 69' lang='lat' dir='ltr'><strong>Iesu</strong></span> <span class='ocrx_word' id='word_1_244' title='bbox 2022 1767 2040 1802; x_wconf 83' lang='lat'><strong>.-</strong></span> <span class='ocrx_word' id='word_1_245' title='bbox 2069 1759 2118 1803; x_wconf 77' lang='lat' dir='ltr'><strong>et</strong></span> <span class='ocrx_word' id='word_1_246' title='bbox 2151 1753 2197 1811; x_wconf 81' lang='grc' dir='ltr'><strong>Β</strong></span> <span class='ocrx_word' id='word_1_247' title='bbox 2226 1744 2552 1800; x_wconf 84' lang='lat' dir='ltr'><strong>habentibus</strong></span> <span class='ocrx_word' id='word_1_248' title='bbox 2578 1743 2725 1796; x_wconf 88' lang='lat' dir='ltr'><strong>illum</strong></span> <span class='ocrx_word' id='word_1_249' title='bbox 2758 1743 3037 1814; x_wconf 86' lang='lat' dir='ltr'><strong>signaculo</strong></span> <span class='ocrx_word' id='word_1_250' title='bbox 3059 1742 3176 1811; x_wconf 85' lang='lat' dir='ltr'><strong>ejus</strong></span> <span class='ocrx_word' id='word_1_251' title='bbox 3199 1741 3499 1810; x_wconf 81' lang='lat' dir='ltr'><strong>impressis.</strong></span> <span class='ocrx_word' id='word_1_252' title='bbox 3529 1740 3609 1795; x_wconf 84' lang='lat' dir='ltr'><strong>Ad</strong></span> <span class='ocrx_word' id='word_1_253' title='bbox 3630 1738 3831 1794; x_wconf 87' lang='lat' dir='ltr'><strong>Corin-</strong></span> 
     </span>
    </p>
   </div>
   <div class='ocr_carea' id='block_1_34' title="bbox 524 1845 2118 1917">
    <p class='ocr_par' dir='ltr' id='par_1_34' title="bbox 524 1845 2118 1917">
     <span class='ocr_line' id='line_1_34' title="bbox 524 1845 2118 1917; baseline -0.008 -11"><span class='ocrx_word' id='word_1_254' title='bbox 524 1869 673 1907; x_wconf 84' lang='lat' dir='ltr'><strong>nemo</strong></span> <span class='ocrx_word' id='word_1_255' title='bbox 717 1852 843 1907; x_wconf 82' lang='lat' dir='ltr'><strong>dicit</strong></span> <span class='ocrx_word' id='word_1_256' title='bbox 885 1849 1163 1905; x_wconf 79' lang='lat' dir='ltr'><strong>Dominum</strong></span> <span class='ocrx_word' id='word_1_257' title='bbox 1211 1848 1412 1917; x_wconf 72' lang='lat' dir='ltr'><strong>Iesum,</strong></span> <span class='ocrx_word' id='word_1_258' title='bbox 1448 1849 1549 1902; x_wconf 88' lang='lat' dir='ltr'><strong>nisi</strong></span> <span class='ocrx_word' id='word_1_259' title='bbox 1586 1847 1639 1900; x_wconf 85' lang='lat' dir='ltr'><strong>in</strong></span> <span class='ocrx_word' id='word_1_260' title='bbox 1694 1845 1901 1914; x_wconf 83' lang='lat' dir='ltr'><strong>Spiritu</strong></span> <span class='ocrx_word' id='word_1_261' title='bbox 1940 1848 2118 1897; x_wconf 84' lang='lat' dir='ltr'><strong>sancto</strong></span> 
     </span>
    </p>
   </div>
   <div class='ocr_carea' id='block_1_35' title="bbox 520 1933 2119 2016">
    <p class='ocr_par' dir='ltr' id='par_1_35' title="bbox 520 1933 2119 2016">
     <span class='ocr_line' id='line_1_35' title="bbox 520 1933 2119 2016; baseline -0.009 -16"><span class='ocrx_word' id='word_1_262' title='bbox 520 1945 539 2016; x_wconf 94' lang='lat'><strong>(</strong></span> <span class='ocrx_word' id='word_1_263' title='bbox 557 1944 575 1999; x_wconf 90' lang='grc' dir='ltr'><strong>ι</strong></span> <span class='ocrx_word' id='word_1_264' title='bbox 604 1942 724 2000; x_wconf 87' lang='lat' dir='ltr'><strong>Cor.</strong></span> <span class='ocrx_word' id='word_1_265' title='bbox 755 1960 852 2009; x_wconf 74' lang='lat' dir='ltr'><strong>an,</strong></span> <span class='ocrx_word' id='word_1_266' title='bbox 878 1944 966 2014; x_wconf 74' lang='lat'><strong>3);</strong></span> <span class='ocrx_word' id='word_1_267' title='bbox 999 1942 1262 2014; x_wconf 82' lang='lat' dir='ltr'><strong>Spiritum</strong></span> <span class='ocrx_word' id='word_1_268' title='bbox 1295 1941 1410 2006; x_wconf 86' lang='lat' dir='ltr'><strong>Dei,</strong></span> <span class='ocrx_word' id='word_1_269' title='bbox 1435 1938 1700 2010; x_wconf 87' lang='lat' dir='ltr'><strong>Spiritum</strong></span> <span class='ocrx_word' id='word_1_270' title='bbox 1721 1933 1978 1991; x_wconf 82' lang='lat' dir='ltr'><strong>sauctnm&#39;</strong></span> <span class='ocrx_word' id='word_1_271' title='bbox 1996 1946 2119 1988; x_wconf 85' lang='lat' dir='ltr'><strong>esse</strong></span> 
     </span>
    </p>
   </div>
   <div class='ocr_carea' id='block_1_36' title="bbox 520 2039 878 2094">
    <p class='ocr_par' dir='ltr' id='par_1_36' title="bbox 520 2039 878 2094">
     <span class='ocr_line' id='line_1_36' title="bbox 520 2039 878 2094; baseline -0.014 0"><span class='ocrx_word' id='word_1_272' title='bbox 520 2039 878 2094; x_wconf 78' lang='lat' dir='ltr'><strong>conﬁrmans.</strong></span> 
     </span>
    </p>
   </div>
   <div class='ocr_carea' id='block_1_37' title="bbox 589 2119 2120 2198">
    <p class='ocr_par' dir='ltr' id='par_1_37' title="bbox 589 2119 2120 2198">
     <span class='ocr_line' id='line_1_37' title="bbox 589 2119 2120 2198; baseline -0.009 -15"><span class='ocrx_word' id='word_1_273' title='bbox 589 2128 643 2183; x_wconf 82' lang='lat'><strong>5.</strong></span> <span class='ocrx_word' id='word_1_274' title='bbox 673 2130 730 2183; x_wconf 89' lang='lat' dir='ltr'><strong>Si</strong></span> <span class='ocrx_word' id='word_1_275' title='bbox 757 2129 920 2198; x_wconf 79' lang='lat' dir='ltr'><strong>igitur</strong></span> <span class='ocrx_word' id='word_1_276' title='bbox 943 2127 1307 2181; x_wconf 81' lang='lat' dir='ltr'><strong>sanctiﬁcator</strong></span> <span class='ocrx_word' id='word_1_277' title='bbox 1337 2123 1448 2195; x_wconf 77' lang='grc' dir='ltr'><strong>[ΑΙ.</strong></span> <span class='ocrx_word' id='word_1_278' title='bbox 1469 2119 1852 2190; x_wconf 81' lang='lat' dir='ltr'><strong>sanctificatio]</strong></span> <span class='ocrx_word' id='word_1_279' title='bbox 1881 2125 1984 2180; x_wconf 85' lang='lat' dir='ltr'><strong>est,</strong></span> <span class='ocrx_word' id='word_1_280' title='bbox 2011 2130 2120 2170; x_wconf 87' lang='lat' dir='ltr'><strong>non</strong></span> 
     </span>
    </p>
   </div>
   <div class='ocr_carea' id='block_1_38' title="bbox 519 2209 2116 2284">
    <p class='ocr_par' dir='ltr' id='par_1_38' title="bbox 519 2209 2116 2284">
     <span class='ocr_line' id='line_1_38' title="bbox 519 2209 2116 2284; baseline -0.009 -8"><span class='ocrx_word' id='word_1_281' title='bbox 519 2220 818 2284; x_wconf 84' lang='lat' dir='ltr'><strong>mutabilis,</strong></span> <span class='ocrx_word' id='word_1_282' title='bbox 863 2219 959 2274; x_wconf 87' lang='lat' dir='ltr'><strong>sed</strong></span> <span class='ocrx_word' id='word_1_283' title='bbox 1017 2217 1370 2272; x_wconf 89' lang='lat' dir='ltr'><strong>immutabilis</strong></span> <span class='ocrx_word' id='word_1_284' title='bbox 1421 2214 1742 2268; x_wconf 69' lang='lat' dir='ltr'><strong>substantia:</strong></span> <span class='ocrx_word' id='word_1_285' title='bbox 1790 2209 2116 2265; x_wconf 76' lang='lat' dir='ltr'><strong>ostenditur.</strong></span> 
     </span>
    </p>
   </div>
   <div class='ocr_carea' id='block_1_39' title="bbox 518 2303 2118 2374">
    <p class='ocr_par' dir='ltr' id='par_1_39' title="bbox 518 2303 2118 2374">
     <span class='ocr_line' id='line_1_39' title="bbox 518 2303 2118 2374; baseline -0.007 -8"><span class='ocrx_word' id='word_1_286' title='bbox 518 2310 920 2374; x_wconf 80' lang='lat' dir='ltr'><strong>lmmutabilem</strong></span> <span class='ocrx_word' id='word_1_287' title='bbox 945 2322 1126 2365; x_wconf 88' lang='lat' dir='ltr'><strong>autem</strong></span> <span class='ocrx_word' id='word_1_288' title='bbox 1155 2308 1518 2363; x_wconf 85' lang='lat' dir='ltr'><strong>substantiam</strong></span> <span class='ocrx_word' id='word_1_289' title='bbox 1543 2305 1638 2359; x_wconf 85' lang='lat' dir='ltr'><strong>Dei</strong></span> <span class='ocrx_word' id='word_1_290' title='bbox 1656 2314 1883 2369; x_wconf 88' lang='lat' dir='ltr'><strong>tantum,</strong></span> <span class='ocrx_word' id='word_1_291' title='bbox 1911 2312 1967 2356; x_wconf 88' lang='lat' dir='ltr'><strong>et</strong></span> <span class='ocrx_word' id='word_1_292' title='bbox 1994 2303 2118 2356; x_wconf 87' lang='lat' dir='ltr'><strong>uni-</strong></span> 
     </span>
    </p>
   </div>
   <div class='ocr_carea' id='block_1_40' title="bbox 521 2394 2120 2474">
    <p class='ocr_par' dir='ltr' id='par_1_40' title="bbox 521 2394 2120 2474">
     <span class='ocr_line' id='line_1_40' title="bbox 521 2394 2120 2474; baseline -0.009 -14"><span class='ocrx_word' id='word_1_293' title='bbox 521 2404 689 2474; x_wconf 84' lang='lat' dir='ltr'><strong>geniti</strong></span> <span class='ocrx_word' id='word_1_294' title='bbox 729 2401 848 2457; x_wconf 83' lang='lat' dir='ltr'><strong>Filii</strong></span> <span class='ocrx_word' id='word_1_295' title='bbox 881 2401 1021 2472; x_wconf 87' lang='lat' dir='ltr'><strong>ejus.</strong></span> <span class='ocrx_word' id='word_1_296' title='bbox 1055 2399 1500 2456; x_wconf 80' lang='lat' dir='ltr'><strong>manifestissime</strong></span> <span class='ocrx_word' id='word_1_297' title='bbox 1529 2395 1751 2451; x_wconf 86' lang='lat' dir='ltr'><strong>tradunt</strong></span> <span class='ocrx_word' id='word_1_298' title='bbox 1782 2395 1968 2450; x_wconf 79' lang='lat' dir='ltr'><strong>divina</strong></span> <span class='ocrx_word' id='word_1_299' title='bbox 2001 2394 2120 2447; x_wconf 84' lang='lat' dir='ltr'><strong>elo-</strong></span> 
     </span>
    </p>
   </div>
   <div class='ocr_carea' id='block_1_41' title="bbox 518 2491 2120 2567">
    <p class='ocr_par' dir='ltr' id='par_1_41' title="bbox 518 2491 2120 2567">
     <span class='ocr_line' id='line_1_41' title="bbox 518 2491 2120 2567; baseline -0.007 -17"><span class='ocrx_word' id='word_1_300' title='bbox 518 2497 642 2567; x_wconf 87' lang='lat' dir='ltr'><strong>quia</strong></span> <span class='ocrx_word' id='word_1_301' title='bbox 662 2495 1102 2551; x_wconf 90' lang='lat' dir='ltr'><strong>:convertibilem</strong></span> <span class='ocrx_word' id='word_1_302' title='bbox 1116 2501 1169 2548; x_wconf 90' lang='lat' dir='ltr'><strong>et</strong></span> <span class='ocrx_word' id='word_1_303' title='bbox 1183 2491 1501 2546; x_wconf 82' lang='lat' dir='ltr'><strong>mutabilem</strong></span> <span class='ocrx_word' id='word_1_304' title='bbox 1516 2503 1730 2544; x_wconf 89' lang='lat' dir='ltr'><strong>omnem</strong></span> <span class='ocrx_word' id='word_1_305' title='bbox 1747 2498 2120 2542; x_wconf 78' lang='lat' dir='ltr'><strong>creaturarum</strong></span> 
     </span>
    </p>
   </div>
   <div class='ocr_carea' id='block_1_42' title="bbox 518 2578 2124 2657">
    <p class='ocr_par' dir='ltr' id='par_1_42' title="bbox 518 2578 2124 2657">
     <span class='ocr_line' id='line_1_42' title="bbox 518 2578 2124 2657; baseline -0.009 -14"><span class='ocrx_word' id='word_1_306' title='bbox 518 2590 879 2643; x_wconf 88' lang='lat' dir='ltr'><strong>substantiam</strong></span> <span class='ocrx_word' id='word_1_307' title='bbox 920 2585 1292 2657; x_wconf 67' lang='lat' dir='ltr'><strong>prmdicautia.</strong></span> <span class='ocrx_word' id='word_1_308' title='bbox 1327 2585 1469 2653; x_wconf 79' lang='lat' dir='ltr'><strong>Ergo</strong></span> <span class='ocrx_word' id='word_1_309' title='bbox 1513 2583 1770 2653; x_wconf 87' lang='lat' dir='ltr'><strong>quoniam</strong></span> <span class='ocrx_word' id='word_1_310' title='bbox 1823 2578 2124 2633; x_wconf 82' lang='lat' dir='ltr'><strong>substantia</strong></span> 
     </span>
    </p>
   </div>
   <div class='ocr_carea' id='block_1_43' title="bbox 519 2668 2126 2751">
    <p class='ocr_par' dir='ltr' id='par_1_43' title="bbox 519 2668 2126 2751">
     <span class='ocr_line' id='line_1_43' title="bbox 519 2668 2126 2751; baseline -0.009 -15"><span class='ocrx_word' id='word_1_311' title='bbox 519 2679 754 2751; x_wconf 88' lang='lat' dir='ltr'><strong>Spiritus</strong></span> <span class='ocrx_word' id='word_1_312' title='bbox 782 2678 954 2735; x_wconf 88' lang='lat' dir='ltr'><strong>sancti</strong></span> <span class='ocrx_word' id='word_1_313' title='bbox 987 2694 1093 2733; x_wconf 91' lang='lat' dir='ltr'><strong>non</strong></span> <span class='ocrx_word' id='word_1_314' title='bbox 1125 2675 1528 2735; x_wconf 83' lang='lat' dir='ltr'><strong>convertibilis,</strong></span> <span class='ocrx_word' id='word_1_315' title='bbox 1567 2673 1661 2727; x_wconf 87' lang='lat' dir='ltr'><strong>sed</strong></span> <span class='ocrx_word' id='word_1_316' title='bbox 1692 2668 2126 2726; x_wconf 85' lang='lat' dir='ltr'><strong>inconvertibilis</strong></span> 
     </span>
    </p>
   </div>
   <div class='ocr_carea' id='block_1_44' title="bbox 523 2761 2125 2838">
    <p class='ocr_par' dir='ltr' id='par_1_44' title="bbox 523 2761 2125 2838">
     <span class='ocr_line' id='line_1_44' title="bbox 523 2761 2125 2838; baseline -0.009 -10"><span class='ocrx_word' id='word_1_317' title='bbox 523 2775 901 2828; x_wconf 86' lang='lat' dir='ltr'><strong>demonstrata</strong></span> <span class='ocrx_word' id='word_1_318' title='bbox 947 2783 1068 2827; x_wconf 87' lang='lat' dir='ltr'><strong>est:</strong></span> <span class='ocrx_word' id='word_1_319' title='bbox 1123 2788 1230 2825; x_wconf 89' lang='lat' dir='ltr'><strong>non</strong></span> <span class='ocrx_word' id='word_1_320' title='bbox 1259 2771 1363 2826; x_wconf 88' lang='lat' dir='ltr'><strong>erit</strong></span> <span class='ocrx_word' id='word_1_321' title='bbox 1403 2774 1669 2824; x_wconf 60' lang='lat' dir='ltr'><strong>creatura)</strong></span> <span class='ocrx_word' id='word_1_322' title='bbox 1717 2765 1950 2838; x_wconf 79' lang='grc' dir='ltr'><strong>ὁμσύσιον</strong></span> <span class='ocrx_word' id='word_1_323' title='bbox 1977 2761 2125 2833; x_wconf 72' lang='lat' dir='ltr'><strong>[Leg.</strong></span> 
     </span>
    </p>
   </div>
   <div class='ocr_carea' id='block_1_45' title="bbox 527 2855 2130 2939">
    <p class='ocr_par' dir='ltr' id='par_1_45' title="bbox 527 2855 2130 2939">
     <span class='ocr_line' id='line_1_45' title="bbox 527 2855 2130 2939; baseline -0.008 -19"><span class='ocrx_word' id='word_1_324' title='bbox 527 2863 816 2939; x_wconf 52' lang='lat' dir='ltr'><strong>optabam].</strong></span> <span class='ocrx_word' id='word_1_325' title='bbox 853 2865 1012 2918; x_wconf 86' lang='lat' dir='ltr'><strong>Esset</strong></span> <span class='ocrx_word' id='word_1_326' title='bbox 1055 2865 1253 2934; x_wconf 89' lang='lat' dir='ltr'><strong>quippe</strong></span> <span class='ocrx_word' id='word_1_327' title='bbox 1281 2869 1339 2916; x_wconf 87' lang='lat' dir='ltr'><strong>et</strong></span> <span class='ocrx_word' id='word_1_328' title='bbox 1378 2867 1630 2915; x_wconf 83' lang='lat' dir='ltr'><strong>creatura</strong></span> <span class='ocrx_word' id='word_1_329' title='bbox 1679 2857 2049 2919; x_wconf 80' lang='lat' dir='ltr'><strong>immutabilis,</strong></span> <span class='ocrx_word' id='word_1_330' title='bbox 2083 2855 2130 2908; x_wconf 89' lang='lat' dir='ltr'><strong>si</strong></span> 
     </span>
    </p>
   </div>
   <div class='ocr_carea' id='block_1_46' title="bbox 519 2949 2126 3025">
    <p class='ocr_par' dir='ltr' id='par_1_46' title="bbox 519 2949 2126 3025">
     <span class='ocr_line' id='line_1_46' title="bbox 519 2949 2126 3025; baseline -0.007 -11"><span class='ocrx_word' id='word_1_331' title='bbox 519 2973 644 3014; x_wconf 90' lang='lat' dir='ltr'><strong>cum</strong></span> <span class='ocrx_word' id='word_1_332' title='bbox 667 2959 826 3012; x_wconf 85' lang='lat' dir='ltr'><strong>Patre</strong></span> <span class='ocrx_word' id='word_1_333' title='bbox 851 2966 1146 3025; x_wconf 83' lang='lat' dir='ltr'><strong>poneretur</strong></span> <span class='ocrx_word' id='word_1_334' title='bbox 1173 2965 1228 3009; x_wconf 90' lang='lat' dir='ltr'><strong>et</strong></span> <span class='ocrx_word' id='word_1_335' title='bbox 1252 2953 1410 3017; x_wconf 82' lang='lat' dir='ltr'><strong>Filio,</strong></span> <span class='ocrx_word' id='word_1_336' title='bbox 1438 2950 1684 3008; x_wconf 85' lang='lat' dir='ltr'><strong>eauulem</strong></span> <span class='ocrx_word' id='word_1_337' title='bbox 1711 2951 1913 3004; x_wconf 87' lang='lat' dir='ltr'><strong>habens</strong></span> <span class='ocrx_word' id='word_1_338' title='bbox 1936 2949 2126 3002; x_wconf 84' lang='lat' dir='ltr'><strong>incon-</strong></span> 
     </span>
    </p>
   </div>
   <div class='ocr_carea' id='block_1_47' title="bbox 526 3040 2128 3114">
    <p class='ocr_par' dir='ltr' id='par_1_47' title="bbox 526 3040 2128 3114">
     <span class='ocr_line' id='line_1_47' title="bbox 526 3040 2128 3114; baseline -0.006 -10"><span class='ocrx_word' id='word_1_339' title='bbox 526 3050 956 3106; x_wconf 84' lang='lat' dir='ltr'><strong>vertibilitatem.</strong></span> <span class='ocrx_word' id='word_1_340' title='bbox 999 3048 1172 3104; x_wconf 86' lang='lat' dir='ltr'><strong>Omne</strong></span> <span class='ocrx_word' id='word_1_341' title='bbox 1203 3047 1348 3102; x_wconf 89' lang='lat' dir='ltr'><strong>enim</strong></span> <span class='ocrx_word' id='word_1_342' title='bbox 1391 3044 1538 3114; x_wconf 84' lang='lat' dir='ltr'><strong>quod</strong></span> <span class='ocrx_word' id='word_1_343' title='bbox 1587 3043 1748 3096; x_wconf 84' lang='lat' dir='ltr'><strong>alieni</strong></span> <span class='ocrx_word' id='word_1_344' title='bbox 1782 3040 1908 3096; x_wconf 89' lang='lat' dir='ltr'><strong>boni</strong></span> <span class='ocrx_word' id='word_1_345' title='bbox 1956 3055 2128 3110; x_wconf 78' lang='lat' dir='ltr'><strong>eaan</strong></span> 
     </span>
    </p>
   </div>
   <div class='ocr_carea' id='block_1_48' title="bbox 2223 1832 3860 1905">
    <p class='ocr_par' dir='ltr' id='par_1_48' title="bbox 2223 1832 3860 1905">
     <span class='ocr_line' id='line_1_48' title="bbox 2223 1832 3860 1905; baseline -0.003 -15"><span class='ocrx_word' id='word_1_346' title='bbox 2223 1837 2366 1890; x_wconf 85' lang='lat' dir='ltr'><strong>thios</strong></span> <span class='ocrx_word' id='word_1_347' title='bbox 2397 1851 2614 1905; x_wconf 85' lang='lat' dir='ltr'><strong>quoque</strong></span> <span class='ocrx_word' id='word_1_348' title='bbox 2645 1833 2788 1888; x_wconf 89' lang='lat' dir='ltr'><strong>idem</strong></span> <span class='ocrx_word' id='word_1_349' title='bbox 2821 1834 3090 1899; x_wconf 85' lang='lat' dir='ltr'><strong>scribens,</strong></span> <span class='ocrx_word' id='word_1_350' title='bbox 3125 1832 3323 1896; x_wconf 80' lang='lat' dir='ltr'><strong>Nolite,</strong></span> <span class='ocrx_word' id='word_1_351' title='bbox 3356 1833 3550 1902; x_wconf 83' lang='lat' dir='ltr'><strong>inquit,</strong></span> <span class='ocrx_word' id='word_1_352' title='bbox 3599 1833 3830 1886; x_wconf 85' lang='lat' dir='ltr'><strong>eontris-</strong></span> <span class='ocrx_word' id='word_1_353' title='bbox 3857 1862 3860 1864; x_wconf 92' lang='lat'><strong>-</strong></span> 
     </span>
    </p>
   </div>
   <div class='ocr_carea' id='block_1_49' title="bbox 2220 1922 3826 1996">
    <p class='ocr_par' dir='ltr' id='par_1_49' title="bbox 2220 1922 3826 1996">
     <span class='ocr_line' id='line_1_49' title="bbox 2220 1922 3826 1996; baseline -0.002 -14"><span class='ocrx_word' id='word_1_354' title='bbox 2220 1939 2329 1982; x_wconf 83' lang='lat' dir='ltr'><strong>tare</strong></span> <span class='ocrx_word' id='word_1_355' title='bbox 2355 1926 2616 1996; x_wconf 76' lang='lat' dir='ltr'><strong>Spiritum</strong></span> <span class='ocrx_word' id='word_1_356' title='bbox 2644 1937 2904 1992; x_wconf 79' lang='lat' dir='ltr'><strong>sanctum,</strong></span> <span class='ocrx_word' id='word_1_357' title='bbox 2930 1927 2982 1979; x_wconf 82' lang='lat' dir='ltr'><strong>in</strong></span> <span class='ocrx_word' id='word_1_358' title='bbox 3011 1941 3110 1994; x_wconf 84' lang='lat' dir='ltr'><strong>quo</strong></span> <span class='ocrx_word' id='word_1_359' title='bbox 3131 1924 3322 1996; x_wconf 78' lang='lat' dir='ltr'><strong>signati</strong></span> <span class='ocrx_word' id='word_1_360' title='bbox 3347 1923 3467 1978; x_wconf 85' lang='lat' dir='ltr'><strong>estis</strong></span> <span class='ocrx_word' id='word_1_361' title='bbox 3493 1922 3716 1994; x_wconf 73' lang='lat' dir='ltr'><strong>(Ephes.</strong></span> <span class='ocrx_word' id='word_1_362' title='bbox 3753 1938 3826 1991; x_wconf 83' lang='lat' dir='ltr'><strong>tv,</strong></span> 
     </span>
    </p>
   </div>
   <div class='ocr_carea' id='block_1_50' title="bbox 2221 2021 3924 2091">
    <p class='ocr_par' dir='ltr' id='par_1_50' title="bbox 2221 2021 3924 2091">
     <span class='ocr_line' id='line_1_50' title="bbox 2221 2021 3924 2091; baseline -0.001 -15"><span class='ocrx_word' id='word_1_363' title='bbox 2221 2021 2312 2090; x_wconf 75' lang='lat'><strong>30)</strong></span> <span class='ocrx_word' id='word_1_364' title='bbox 2340 2038 2354 2085; x_wconf 93' lang='lat'><strong>;</strong></span> <span class='ocrx_word' id='word_1_365' title='bbox 2387 2021 2627 2091; x_wconf 87' lang='lat' dir='ltr'><strong>signatos</strong></span> <span class='ocrx_word' id='word_1_366' title='bbox 2658 2035 2780 2076; x_wconf 88' lang='lat' dir='ltr'><strong>esse</strong></span> <span class='ocrx_word' id='word_1_367' title='bbox 2832 2029 3148 2074; x_wconf 82' lang='lat' dir='ltr'><strong>contestans</strong></span> <span class='ocrx_word' id='word_1_368' title='bbox 3184 2033 3279 2072; x_wconf 85' lang='lat' dir='ltr'><strong>eos</strong></span> <span class='ocrx_word' id='word_1_369' title='bbox 3335 2021 3424 2088; x_wconf 87' lang='lat' dir='ltr'><strong>qui</strong></span> <span class='ocrx_word' id='word_1_370' title='bbox 3467 2028 3832 2089; x_wconf 87' lang='lat' dir='ltr'><strong>susceperant</strong></span> <span class='ocrx_word' id='word_1_371' title='bbox 3917 2050 3924 2056; x_wconf 84' lang='lat'>~</span> 
     </span>
    </p>
   </div>
   <div class='ocr_carea' id='block_1_51' title="bbox 2220 2115 3828 2186">
    <p class='ocr_par' dir='ltr' id='par_1_51' title="bbox 2220 2115 3828 2186">
     <span class='ocr_line' id='line_1_51' title="bbox 2220 2115 3828 2186; baseline 0 -16"><span class='ocrx_word' id='word_1_372' title='bbox 2220 2119 2663 2172; x_wconf 89' lang='lat' dir='ltr'><strong>communionem</strong></span> <span class='ocrx_word' id='word_1_373' title='bbox 2693 2117 2928 2186; x_wconf 87' lang='lat' dir='ltr'><strong>Spiritus</strong></span> <span class='ocrx_word' id='word_1_374' title='bbox 2950 2117 3142 2171; x_wconf 60' lang='lat' dir='ltr'><strong>sancti.</strong></span> <span class='ocrx_word' id='word_1_375' title='bbox 3169 2117 3456 2184; x_wconf 77' lang='lat' dir='ltr'><strong>Quomodo</strong></span> <span class='ocrx_word' id='word_1_376' title='bbox 3487 2118 3632 2171; x_wconf 92' lang='lat' dir='ltr'><strong>enim</strong></span> <span class='ocrx_word' id='word_1_377' title='bbox 3659 2115 3828 2170; x_wconf 53' lang='lat' dir='ltr'><strong>disci.</strong></span> 
     </span>
    </p>
   </div>
   <div class='ocr_carea' id='block_1_52' title="bbox 2224 2209 3830 2280">
    <p class='ocr_par' dir='ltr' id='par_1_52' title="bbox 2224 2209 3830 2280">
     <span class='ocr_line' id='line_1_52' title="bbox 2224 2209 3830 2280; baseline 0.001 -17"><span class='ocrx_word' id='word_1_378' title='bbox 2224 2210 2408 2279; x_wconf 61' lang='lat' dir='ltr'><strong>plinas,</strong></span> <span class='ocrx_word' id='word_1_379' title='bbox 2439 2222 2492 2265; x_wconf 87' lang='lat' dir='ltr'><strong>et</strong></span> <span class='ocrx_word' id='word_1_380' title='bbox 2529 2209 2750 2264; x_wconf 89' lang='lat' dir='ltr'><strong>virtutis</strong></span> <span class='ocrx_word' id='word_1_381' title='bbox 2783 2222 3114 2278; x_wconf 86' lang='lat' dir='ltr'><strong>assumptor,</strong></span> <span class='ocrx_word' id='word_1_382' title='bbox 3149 2211 3486 2279; x_wconf 79' lang='lat' dir='ltr'><strong>signaculum</strong></span> <span class='ocrx_word' id='word_1_383' title='bbox 3519 2219 3570 2265; x_wconf 91' lang='lat' dir='ltr'><strong>et</strong></span> <span class='ocrx_word' id='word_1_384' title='bbox 3600 2210 3830 2280; x_wconf 79' lang='lat' dir='ltr'><strong>ﬁguram</strong></span> 
     </span>
    </p>
   </div>
   <div class='ocr_carea' id='block_1_53' title="bbox 2228 2304 3830 2376">
    <p class='ocr_par' dir='ltr' id='par_1_53' title="bbox 2228 2304 3830 2376">
     <span class='ocr_line' id='line_1_53' title="bbox 2228 2304 3830 2376; baseline 0.002 -19"><span class='ocrx_word' id='word_1_385' title='bbox 2228 2306 2306 2372; x_wconf 88' lang='lat' dir='ltr'><strong>(ut</strong></span> <span class='ocrx_word' id='word_1_386' title='bbox 2335 2305 2408 2357; x_wconf 89' lang='lat' dir='ltr'><strong>ita</strong></span> <span class='ocrx_word' id='word_1_387' title='bbox 2426 2304 2628 2376; x_wconf 86' lang='lat' dir='ltr'><strong>dicam)</strong></span> <span class='ocrx_word' id='word_1_388' title='bbox 2665 2304 2717 2358; x_wconf 90' lang='lat' dir='ltr'><strong>in</strong></span> <span class='ocrx_word' id='word_1_389' title='bbox 2747 2321 2900 2358; x_wconf 74' lang='lat' dir='ltr'><strong>suum</strong></span> <span class='ocrx_word' id='word_1_390' title='bbox 2930 2320 3157 2360; x_wconf 88' lang='lat' dir='ltr'><strong>sensum</strong></span> <span class='ocrx_word' id='word_1_391' title='bbox 3189 2305 3382 2373; x_wconf 87' lang='lat' dir='ltr'><strong>recipit</strong></span> <span class='ocrx_word' id='word_1_392' title='bbox 3423 2305 3542 2374; x_wconf 85' lang='lat' dir='ltr'><strong>ejus</strong></span> <span class='ocrx_word' id='word_1_393' title='bbox 3565 2307 3830 2370; x_wconf 75' lang='lat' dir='ltr'><strong>scienlizr,</strong></span> 
     </span>
    </p>
   </div>
   <div class='ocr_carea' id='block_1_54' title="bbox 2223 2396 3831 2468">
    <p class='ocr_par' dir='ltr' id='par_1_54' title="bbox 2223 2396 3831 2468">
     <span class='ocr_line' id='line_1_54' title="bbox 2223 2396 3831 2468; baseline 0.002 -20"><span class='ocrx_word' id='word_1_394' title='bbox 2223 2412 2384 2466; x_wconf 87' lang='lat' dir='ltr'><strong>quam</strong></span> <span class='ocrx_word' id='word_1_395' title='bbox 2417 2397 2710 2467; x_wconf 85' lang='lat' dir='ltr'><strong>assumpsit</strong></span> <span class='ocrx_word' id='word_1_396' title='bbox 2744 2413 2756 2449; x_wconf 92' lang='lat'><strong>:</strong></span> <span class='ocrx_word' id='word_1_397' title='bbox 2787 2398 2864 2451; x_wconf 83' lang='lat' dir='ltr'><strong>sic</strong></span> <span class='ocrx_word' id='word_1_398' title='bbox 2892 2407 2944 2452; x_wconf 91' lang='lat' dir='ltr'><strong>et</strong></span> <span class='ocrx_word' id='word_1_399' title='bbox 2974 2400 3038 2462; x_wconf 88' lang='lat' dir='ltr'><strong>is,</strong></span> <span class='ocrx_word' id='word_1_400' title='bbox 3075 2399 3161 2466; x_wconf 78' lang='lat' dir='ltr'><strong>qui</strong></span> <span class='ocrx_word' id='word_1_401' title='bbox 3195 2396 3432 2468; x_wconf 83' lang='lat' dir='ltr'><strong>Spiritus</strong></span> <span class='ocrx_word' id='word_1_402' title='bbox 3464 2399 3633 2452; x_wconf 89' lang='lat' dir='ltr'><strong>saneti</strong></span> <span class='ocrx_word' id='word_1_403' title='bbox 3660 2400 3831 2467; x_wconf 87' lang='lat' dir='ltr'><strong>parti-</strong></span> 
     </span>
    </p>
   </div>
   <div class='ocr_carea' id='block_1_55' title="bbox 2223 2490 3836 2560">
    <p class='ocr_par' dir='ltr' id='par_1_55' title="bbox 2223 2490 3836 2560">
     <span class='ocr_line' id='line_1_55' title="bbox 2223 2490 3836 2560; baseline 0 -16"><span class='ocrx_word' id='word_1_404' title='bbox 2223 2505 2354 2559; x_wconf 87' lang='lat' dir='ltr'><strong>ceps</strong></span> <span class='ocrx_word' id='word_1_405' title='bbox 2380 2490 2638 2556; x_wconf 88' lang='lat' dir='ltr'><strong>eflicitur,</strong></span> <span class='ocrx_word' id='word_1_406' title='bbox 2670 2507 2765 2560; x_wconf 89' lang='lat' dir='ltr'><strong>per</strong></span> <span class='ocrx_word' id='word_1_407' title='bbox 2801 2493 3237 2546; x_wconf 89' lang='lat' dir='ltr'><strong>communionem</strong></span> <span class='ocrx_word' id='word_1_408' title='bbox 3286 2491 3403 2560; x_wconf 86' lang='lat' dir='ltr'><strong>ejus</strong></span> <span class='ocrx_word' id='word_1_409' title='bbox 3431 2490 3490 2545; x_wconf 86' lang='lat' dir='ltr'><strong>lit</strong></span> <span class='ocrx_word' id='word_1_410' title='bbox 3531 2490 3836 2560; x_wconf 84' lang='lat' dir='ltr'><strong>Spiritualis</strong></span> 
     </span>
    </p>
   </div>
   <div class='ocr_carea' id='block_1_56' title="bbox 2228 2585 2854 2651">
    <p class='ocr_par' dir='ltr' id='par_1_56' title="bbox 2228 2585 2854 2651">
     <span class='ocr_line' id='line_1_56' title="bbox 2228 2585 2854 2651; baseline 0.006 -19"><span class='ocrx_word' id='word_1_411' title='bbox 2228 2585 2435 2651; x_wconf 84' lang='lat' dir='ltr'><strong>pariter</strong></span> <span class='ocrx_word' id='word_1_412' title='bbox 2470 2594 2490 2621; x_wconf 73' lang='grc' dir='ltr'><strong>ο</strong></span> <span class='ocrx_word' id='word_1_413' title='bbox 2529 2597 2584 2637; x_wconf 88' lang='lat' dir='ltr'><strong>et</strong></span> <span class='ocrx_word' id='word_1_414' title='bbox 2615 2593 2854 2636; x_wconf 84' lang='lat' dir='ltr'><strong>sanctus.</strong></span> 
     </span>
    </p>
   </div>
   <div class='ocr_carea' id='block_1_57' title="bbox 2297 2675 3834 2744">
    <p class='ocr_par' dir='ltr' id='par_1_57' title="bbox 2297 2675 3834 2744">
     <span class='ocr_line' id='line_1_57' title="bbox 2297 2675 3834 2744; baseline 0.003 -15"><span class='ocrx_word' id='word_1_415' title='bbox 2297 2677 2349 2729; x_wconf 84' lang='lat'><strong>6.</strong></span> <span class='ocrx_word' id='word_1_416' title='bbox 2385 2675 2502 2744; x_wconf 89' lang='lat' dir='ltr'><strong>Ipse</strong></span> <span class='ocrx_word' id='word_1_417' title='bbox 2531 2691 2658 2730; x_wconf 88' lang='lat' dir='ltr'><strong>vero</strong></span> <span class='ocrx_word' id='word_1_418' title='bbox 2689 2676 2928 2744; x_wconf 89' lang='lat' dir='ltr'><strong>Spiritus</strong></span> <span class='ocrx_word' id='word_1_419' title='bbox 2953 2685 3198 2741; x_wconf 88' lang='lat' dir='ltr'><strong>sanctus,</strong></span> <span class='ocrx_word' id='word_1_420' title='bbox 3229 2677 3273 2730; x_wconf 88' lang='lat' dir='ltr'><strong>si</strong></span> <span class='ocrx_word' id='word_1_421' title='bbox 3305 2693 3441 2731; x_wconf 89' lang='lat' dir='ltr'><strong>unus</strong></span> <span class='ocrx_word' id='word_1_422' title='bbox 3465 2676 3532 2732; x_wconf 89' lang='lat' dir='ltr'><strong>de</strong></span> <span class='ocrx_word' id='word_1_423' title='bbox 3565 2678 3834 2733; x_wconf 88' lang='lat' dir='ltr'><strong>creaturis</strong></span> 
     </span>
    </p>
   </div>
   <div class='ocr_carea' id='block_1_58' title="bbox 2227 2769 3830 2844">
    <p class='ocr_par' dir='ltr' id='par_1_58' title="bbox 2227 2769 3830 2844">
     <span class='ocr_line' id='line_1_58' title="bbox 2227 2769 3830 2844; baseline 0.002 -21"><span class='ocrx_word' id='word_1_424' title='bbox 2227 2779 2391 2834; x_wconf 86' lang='lat' dir='ltr'><strong>esset,</strong></span> <span class='ocrx_word' id='word_1_425' title='bbox 2427 2771 2618 2824; x_wconf 72' lang='lat' dir='ltr'><strong>Saltem</strong></span> <span class='ocrx_word' id='word_1_426' title='bbox 2655 2769 3125 2841; x_wconf 86' lang='lat' dir='ltr'><strong>circumscriptam</strong></span> <span class='ocrx_word' id='word_1_427' title='bbox 3169 2771 3393 2826; x_wconf 82' lang='lat' dir='ltr'><strong>haberet</strong></span> <span class='ocrx_word' id='word_1_428' title='bbox 3436 2772 3830 2844; x_wconf 82' lang='lat' dir='ltr'><strong>substantiam;</strong></span> 
     </span>
    </p>
   </div>
   <div class='ocr_carea' id='block_1_59' title="bbox 2229 2863 3836 2940">
    <p class='ocr_par' dir='ltr' id='par_1_59' title="bbox 2229 2863 3836 2940">
     <span class='ocr_line' id='line_1_59' title="bbox 2229 2863 3836 2940; baseline 0.003 -25"><span class='ocrx_word' id='word_1_429' title='bbox 2229 2864 2367 2916; x_wconf 89' lang='lat' dir='ltr'><strong>sicut</strong></span> <span class='ocrx_word' id='word_1_430' title='bbox 2400 2863 2650 2916; x_wconf 89' lang='lat' dir='ltr'><strong>universa</strong></span> <span class='ocrx_word' id='word_1_431' title='bbox 2689 2879 2809 2932; x_wconf 62' lang='lat' dir='ltr'><strong>quas</strong></span> <span class='ocrx_word' id='word_1_432' title='bbox 2851 2863 2990 2918; x_wconf 82' lang='lat' dir='ltr'><strong>facta</strong></span> <span class='ocrx_word' id='word_1_433' title='bbox 3017 2874 3163 2919; x_wconf 90' lang='lat' dir='ltr'><strong>sunt.</strong></span> <span class='ocrx_word' id='word_1_434' title='bbox 3205 2864 3335 2919; x_wconf 88' lang='lat' dir='ltr'><strong>Nam</strong></span> <span class='ocrx_word' id='word_1_435' title='bbox 3371 2874 3425 2919; x_wconf 90' lang='lat' dir='ltr'><strong>et</strong></span> <span class='ocrx_word' id='word_1_436' title='bbox 3455 2868 3498 2919; x_wconf 89' lang='lat' dir='ltr'><strong>si</strong></span> <span class='ocrx_word' id='word_1_437' title='bbox 3527 2882 3635 2920; x_wconf 87' lang='lat' dir='ltr'><strong>ttott</strong></span> <span class='ocrx_word' id='word_1_438' title='bbox 3670 2869 3836 2940; x_wconf 72' lang='lat'><strong>112</strong></span> 
     </span>
    </p>
   </div>
   <div class='ocr_carea' id='block_1_60' title="bbox 2229 2954 3834 3012">
    <p class='ocr_par' dir='ltr' id='par_1_60' title="bbox 2229 2954 3834 3012">
     <span class='ocr_line' id='line_1_60' title="bbox 2229 2954 3834 3012; baseline 0.004 -6"><span class='ocrx_word' id='word_1_439' title='bbox 2229 2954 2750 3008; x_wconf 86' lang='lat' dir='ltr'><strong>circumscribantur</strong></span> <span class='ocrx_word' id='word_1_440' title='bbox 2795 2955 2916 3009; x_wconf 87' lang='lat' dir='ltr'><strong>loco</strong></span> <span class='ocrx_word' id='word_1_441' title='bbox 2963 2968 3013 3010; x_wconf 78' lang='lat' dir='ltr'><strong>et</strong></span> <span class='ocrx_word' id='word_1_442' title='bbox 3062 2956 3260 3011; x_wconf 85' lang='lat' dir='ltr'><strong>[inihus</strong></span> <span class='ocrx_word' id='word_1_443' title='bbox 3331 2957 3633 3012; x_wconf 84' lang='lat' dir='ltr'><strong>invisibiles</strong></span> <span class='ocrx_word' id='word_1_444' title='bbox 3673 2973 3834 3012; x_wconf 52' lang='lat' dir='ltr'><strong>creao</strong></span> 
     </span>
    </p>
   </div>
   <div class='ocr_carea' id='block_1_61' title="bbox 2237 3048 3837 3120">
    <p class='ocr_par' dir='ltr' id='par_1_61' title="bbox 2237 3048 3837 3120">
     <span class='ocr_line' id='line_1_61' title="bbox 2237 3048 3837 3120; baseline 0.002 -20"><span class='ocrx_word' id='word_1_445' title='bbox 2237 3055 2393 3111; x_wconf 69' lang='lat' dir='ltr'><strong>torte,</strong></span> <span class='ocrx_word' id='word_1_446' title='bbox 2429 3055 2606 3102; x_wconf 89' lang='lat' dir='ltr'><strong>tautcn</strong></span> <span class='ocrx_word' id='word_1_447' title='bbox 2649 3049 2984 3117; x_wconf 86' lang='lat' dir='ltr'><strong>proprietate</strong></span> <span class='ocrx_word' id='word_1_448' title='bbox 3030 3049 3350 3103; x_wconf 77' lang='lat' dir='ltr'><strong>substantia:</strong></span> <span class='ocrx_word' id='word_1_449' title='bbox 3399 3048 3676 3104; x_wconf 86' lang='lat' dir='ltr'><strong>ﬁniuntur.</strong></span> <span class='ocrx_word' id='word_1_450' title='bbox 3714 3048 3837 3120; x_wconf 86' lang='lat' dir='ltr'><strong>Spi-</strong></span> 
     </span>
    </p>
   </div>
   <div class='ocr_carea' id='block_1_62' title="bbox 521 3131 3836 3210">
    <p class='ocr_par' dir='ltr' id='par_1_62' title="bbox 521 3131 3836 3210">
     <span class='ocr_line' id='line_1_62' title="bbox 521 3131 3836 3210; baseline 0.001 -14"><span class='ocrx_word' id='word_1_451' title='bbox 521 3152 629 3209; x_wconf 88' lang='lat' dir='ltr'><strong>est,</strong></span> <span class='ocrx_word' id='word_1_452' title='bbox 657 3141 728 3196; x_wconf 89' lang='lat' dir='ltr'><strong>ab</strong></span> <span class='ocrx_word' id='word_1_453' title='bbox 755 3141 853 3194; x_wconf 89' lang='lat' dir='ltr'><strong>hac</strong></span> <span class='ocrx_word' id='word_1_454' title='bbox 903 3139 1202 3194; x_wconf 85' lang='lat' dir='ltr'><strong>substantia</strong></span> <span class='ocrx_word' id='word_1_455' title='bbox 1235 3146 1534 3207; x_wconf 85' lang='lat' dir='ltr'><strong>separatur.</strong></span> <span class='ocrx_word' id='word_1_456' title='bbox 1569 3133 1732 3190; x_wconf 82' lang='lat' dir='ltr'><strong>Tales</strong></span> <span class='ocrx_word' id='word_1_457' title='bbox 1776 3143 1956 3188; x_wconf 85' lang='lat' dir='ltr'><strong>autem</strong></span> <span class='ocrx_word' id='word_1_458' title='bbox 1999 3140 2126 3186; x_wconf 78' lang='lat' dir='ltr'><strong>sum</strong></span> <span class='ocrx_word' id='word_1_459' title='bbox 2153 3131 2196 3191; x_wconf 77' lang='lat' dir='ltr'><strong>C</strong></span> <span class='ocrx_word' id='word_1_460' title='bbox 2229 3141 2371 3194; x_wconf 88' lang='lat' dir='ltr'><strong>rittts</strong></span> <span class='ocrx_word' id='word_1_461' title='bbox 2400 3148 2581 3194; x_wconf 84' lang='lat' dir='ltr'><strong>autent</strong></span> <span class='ocrx_word' id='word_1_462' title='bbox 2623 3153 2866 3204; x_wconf 87' lang='lat' dir='ltr'><strong>sanctus,</strong></span> <span class='ocrx_word' id='word_1_463' title='bbox 2904 3157 3025 3195; x_wconf 89' lang='lat' dir='ltr'><strong>cum</strong></span> <span class='ocrx_word' id='word_1_464' title='bbox 3058 3143 3108 3194; x_wconf 88' lang='lat' dir='ltr'><strong>in</strong></span> <span class='ocrx_word' id='word_1_465' title='bbox 3145 3142 3387 3210; x_wconf 85' lang='lat' dir='ltr'><strong>pluribus</strong></span> <span class='ocrx_word' id='word_1_466' title='bbox 3409 3144 3499 3206; x_wconf 90' lang='lat' dir='ltr'><strong>sit,</strong></span> <span class='ocrx_word' id='word_1_467' title='bbox 3530 3158 3636 3195; x_wconf 90' lang='lat' dir='ltr'><strong>non</strong></span> <span class='ocrx_word' id='word_1_468' title='bbox 3669 3143 3836 3198; x_wconf 89' lang='lat' dir='ltr'><strong>habet</strong></span> 
     </span>
    </p>
   </div>
   <div class='ocr_carea' id='block_1_63' title="bbox 525 3226 2130 3293">
    <p class='ocr_par' dir='ltr' id='par_1_63' title="bbox 525 3226 2130 3293">
     <span class='ocr_line' id='line_1_63' title="bbox 525 3226 2130 3293; baseline -0.007 -3"><span class='ocrx_word' id='word_1_469' title='bbox 525 3245 737 3292; x_wconf 78' lang='lat' dir='ltr'><strong>cuncta:</strong></span> <span class='ocrx_word' id='word_1_470' title='bbox 765 3242 1030 3288; x_wconf 78' lang='lat' dir='ltr'><strong>creatura:</strong></span> <span class='ocrx_word' id='word_1_471' title='bbox 1058 3249 1072 3288; x_wconf 91' lang='lat'><strong>:</strong></span> <span class='ocrx_word' id='word_1_472' title='bbox 1107 3232 1249 3287; x_wconf 87' lang='lat' dir='ltr'><strong>Deus</strong></span> <span class='ocrx_word' id='word_1_473' title='bbox 1279 3245 1410 3286; x_wconf 90' lang='lat' dir='ltr'><strong>vero</strong></span> <span class='ocrx_word' id='word_1_474' title='bbox 1438 3244 1557 3284; x_wconf 86' lang='lat' dir='ltr'><strong>cum</strong></span> <span class='ocrx_word' id='word_1_475' title='bbox 1592 3228 1767 3284; x_wconf 87' lang='lat' dir='ltr'><strong>bonus</strong></span> <span class='ocrx_word' id='word_1_476' title='bbox 1799 3228 1891 3293; x_wconf 88' lang='lat' dir='ltr'><strong>sit,</strong></span> <span class='ocrx_word' id='word_1_477' title='bbox 1928 3226 2046 3281; x_wconf 82' lang='lat' dir='ltr'><strong>fons</strong></span> <span class='ocrx_word' id='word_1_478' title='bbox 2073 3233 2130 3280; x_wconf 88' lang='lat' dir='ltr'><strong>et</strong></span> 
     </span>
    </p>
   </div>
   <div class='ocr_carea' id='block_1_64' title="bbox 525 3320 2125 3397">
    <p class='ocr_par' dir='ltr' id='par_1_64' title="bbox 525 3320 2125 3397">
     <span class='ocr_line' id='line_1_64' title="bbox 525 3320 2125 3397; baseline -0.009 -13"><span class='ocrx_word' id='word_1_479' title='bbox 525 3325 852 3397; x_wconf 88' lang='lat' dir='ltr'><strong>principium</strong></span> <span class='ocrx_word' id='word_1_480' title='bbox 909 3324 1176 3380; x_wconf 83' lang='lat' dir='ltr'><strong>bonorum</strong></span> <span class='ocrx_word' id='word_1_481' title='bbox 1231 3333 1342 3386; x_wconf 86' lang='lat' dir='ltr'><strong>est;</strong></span> <span class='ocrx_word' id='word_1_482' title='bbox 1398 3323 1521 3377; x_wconf 82' lang='lat' dir='ltr'><strong>facit</strong></span> <span class='ocrx_word' id='word_1_483' title='bbox 1575 3320 1737 3391; x_wconf 80' lang='lat' dir='ltr'><strong>igitur</strong></span> <span class='ocrx_word' id='word_1_484' title='bbox 1788 3335 1886 3375; x_wconf 87' lang='lat' dir='ltr'><strong>eos</strong></span> <span class='ocrx_word' id='word_1_485' title='bbox 1931 3320 2125 3383; x_wconf 70' lang='lat' dir='ltr'><strong>bonos,</strong></span> 
     </span>
    </p>
   </div>
   <div class='ocr_carea' id='block_1_65' title="bbox 522 3411 2124 3487">
    <p class='ocr_par' dir='ltr' id='par_1_65' title="bbox 522 3411 2124 3487">
     <span class='ocr_line' id='line_1_65' title="bbox 522 3411 2124 3487; baseline -0.006 -16"><span class='ocrx_word' id='word_1_486' title='bbox 522 3420 718 3487; x_wconf 84' lang='lat' dir='ltr'><strong>quibus</strong></span> <span class='ocrx_word' id='word_1_487' title='bbox 748 3433 809 3474; x_wconf 90' lang='lat' dir='ltr'><strong>se</strong></span> <span class='ocrx_word' id='word_1_488' title='bbox 856 3416 1120 3485; x_wconf 85' lang='lat' dir='ltr'><strong>impertit,</strong></span> <span class='ocrx_word' id='word_1_489' title='bbox 1178 3417 1350 3470; x_wconf 89' lang='lat' dir='ltr'><strong>bonus</strong></span> <span class='ocrx_word' id='word_1_490' title='bbox 1380 3416 1496 3484; x_wconf 84' lang='lat' dir='ltr'><strong>ipse</strong></span> <span class='ocrx_word' id='word_1_491' title='bbox 1523 3429 1631 3468; x_wconf 89' lang='lat' dir='ltr'><strong>non</strong></span> <span class='ocrx_word' id='word_1_492' title='bbox 1665 3413 1839 3467; x_wconf 82' lang='lat' dir='ltr'><strong>factus</strong></span> <span class='ocrx_word' id='word_1_493' title='bbox 1870 3412 1937 3463; x_wconf 79' lang='lat' dir='ltr'><strong>ab</strong></span> <span class='ocrx_word' id='word_1_494' title='bbox 1985 3411 2124 3476; x_wconf 89' lang='lat' dir='ltr'><strong>alio,</strong></span> 
     </span>
    </p>
   </div>
   <div class='ocr_carea' id='block_1_66' title="bbox 529 3500 2129 3574">
    <p class='ocr_par' dir='ltr' id='par_1_66' title="bbox 529 3500 2129 3574">
     <span class='ocr_line' id='line_1_66' title="bbox 529 3500 2129 3574; baseline -0.008 -7"><span class='ocrx_word' id='word_1_495' title='bbox 529 3513 624 3567; x_wconf 88' lang='lat' dir='ltr'><strong>sed</strong></span> <span class='ocrx_word' id='word_1_496' title='bbox 654 3511 991 3567; x_wconf 86' lang='lat' dir='ltr'><strong>subsistens:</strong></span> <span class='ocrx_word' id='word_1_497' title='bbox 1027 3507 1150 3562; x_wconf 88' lang='lat' dir='ltr'><strong>ideo</strong></span> <span class='ocrx_word' id='word_1_498' title='bbox 1180 3504 1206 3544; x_wconf 73' lang='grc' dir='ltr'>δ</span> <span class='ocrx_word' id='word_1_499' title='bbox 1237 3505 1521 3574; x_wconf 81' lang='lat' dir='ltr'><strong>capabilis,</strong></span> <span class='ocrx_word' id='word_1_500' title='bbox 1551 3514 1606 3559; x_wconf 90' lang='lat' dir='ltr'><strong>et</strong></span> <span class='ocrx_word' id='word_1_501' title='bbox 1636 3519 1743 3558; x_wconf 91' lang='lat' dir='ltr'><strong>non</strong></span> <span class='ocrx_word' id='word_1_502' title='bbox 1772 3517 1963 3571; x_wconf 82' lang='lat' dir='ltr'><strong>capax.</strong></span> <span class='ocrx_word' id='word_1_503' title='bbox 1998 3500 2129 3558; x_wconf 88' lang='lat' dir='ltr'><strong>Uni-</strong></span> 
     </span>
    </p>
   </div>
   <div class='ocr_carea' id='block_1_67' title="bbox 528 3594 2133 3674">
    <p class='ocr_par' dir='ltr' id='par_1_67' title="bbox 528 3594 2133 3674">
     <span class='ocr_line' id='line_1_67' title="bbox 528 3594 2133 3674; baseline -0.006 -15"><span class='ocrx_word' id='word_1_504' title='bbox 528 3605 744 3674; x_wconf 87' lang='lat' dir='ltr'><strong>genitus</strong></span> <span class='ocrx_word' id='word_1_505' title='bbox 773 3616 990 3672; x_wconf 88' lang='lat' dir='ltr'><strong>quoque</strong></span> <span class='ocrx_word' id='word_1_506' title='bbox 1025 3599 1188 3663; x_wconf 79' lang='lat' dir='ltr'><strong>illius,</strong></span> <span class='ocrx_word' id='word_1_507' title='bbox 1222 3599 1340 3668; x_wconf 88' lang='lat' dir='ltr'><strong>ejus</strong></span> <span class='ocrx_word' id='word_1_508' title='bbox 1368 3599 1660 3668; x_wconf 82' lang='lat' dir='ltr'><strong>sapientia.</strong></span> <span class='ocrx_word' id='word_1_509' title='bbox 1694 3607 1749 3651; x_wconf 90' lang='lat' dir='ltr'><strong>et</strong></span> <span class='ocrx_word' id='word_1_510' title='bbox 1775 3594 2133 3650; x_wconf 81' lang='lat' dir='ltr'><strong>sanctificatio</strong></span> 
     </span>
    </p>
   </div>
   <div class='ocr_carea' id='block_1_68' title="bbox 528 3690 2130 3763">
    <p class='ocr_par' dir='ltr' id='par_1_68' title="bbox 528 3690 2130 3763">
     <span class='ocr_line' id='line_1_68' title="bbox 528 3690 2130 3763; baseline -0.006 -13"><span class='ocrx_word' id='word_1_511' title='bbox 528 3711 636 3750; x_wconf 90' lang='lat' dir='ltr'><strong>non</strong></span> <span class='ocrx_word' id='word_1_512' title='bbox 690 3695 746 3750; x_wconf 87' lang='lat' dir='ltr'><strong>(it</strong></span> <span class='ocrx_word' id='word_1_513' title='bbox 795 3698 1033 3763; x_wconf 78' lang='lat' dir='ltr'><strong>sapiens,</strong></span> <span class='ocrx_word' id='word_1_514' title='bbox 1079 3691 1178 3746; x_wconf 85' lang='lat' dir='ltr'><strong>sed</strong></span> <span class='ocrx_word' id='word_1_515' title='bbox 1227 3692 1504 3762; x_wconf 88' lang='lat' dir='ltr'><strong>sapientes</strong></span> <span class='ocrx_word' id='word_1_516' title='bbox 1549 3690 1704 3754; x_wconf 85' lang='lat' dir='ltr'><strong>facit;</strong></span> <span class='ocrx_word' id='word_1_517' title='bbox 1743 3692 1896 3761; x_wconf 91' lang='grc' dir='ltr'><strong>ιιι</strong></span> <span class='ocrx_word' id='word_1_518' title='bbox 1923 3698 1979 3743; x_wconf 93' lang='lat' dir='ltr'><strong>et</strong></span> <span class='ocrx_word' id='word_1_519' title='bbox 2023 3702 2130 3742; x_wconf 88' lang='lat' dir='ltr'><strong>non</strong></span> 
     </span>
    </p>
   </div>
   <div class='ocr_carea' id='block_1_69' title="bbox 533 3781 2134 3856">
    <p class='ocr_par' dir='ltr' id='par_1_69' title="bbox 533 3781 2134 3856">
     <span class='ocr_line' id='line_1_69' title="bbox 533 3781 2134 3856; baseline -0.006 -10"><span class='ocrx_word' id='word_1_520' title='bbox 533 3789 929 3856; x_wconf 82' lang='lat' dir='ltr'><strong>sanctiﬁcatur,</strong></span> <span class='ocrx_word' id='word_1_521' title='bbox 962 3786 1060 3843; x_wconf 87' lang='lat' dir='ltr'><strong>sed</strong></span> <span class='ocrx_word' id='word_1_522' title='bbox 1102 3786 1431 3842; x_wconf 80' lang='lat' dir='ltr'><strong>sanctiﬁcat.</strong></span> <span class='ocrx_word' id='word_1_523' title='bbox 1463 3784 1619 3842; x_wconf 88' lang='lat' dir='ltr'><strong>Unde</strong></span> <span class='ocrx_word' id='word_1_524' title='bbox 1643 3793 1698 3839; x_wconf 91' lang='lat' dir='ltr'><strong>et</strong></span> <span class='ocrx_word' id='word_1_525' title='bbox 1730 3785 1845 3854; x_wconf 83' lang='lat' dir='ltr'><strong>ipse</strong></span> <span class='ocrx_word' id='word_1_526' title='bbox 1871 3781 2134 3852; x_wconf 87' lang='lat' dir='ltr'><strong>eapabilia</strong></span> 
     </span>
    </p>
   </div>
   <div class='ocr_carea' id='block_1_70' title="bbox 535 3877 2132 3949">
    <p class='ocr_par' dir='ltr' id='par_1_70' title="bbox 535 3877 2132 3949">
     <span class='ocr_line' id='line_1_70' title="bbox 535 3877 2132 3949; baseline -0.005 -10"><span class='ocrx_word' id='word_1_527' title='bbox 535 3891 639 3945; x_wconf 86' lang='lat' dir='ltr'><strong>est,</strong></span> <span class='ocrx_word' id='word_1_528' title='bbox 673 3892 728 3937; x_wconf 89' lang='lat' dir='ltr'><strong>et</strong></span> <span class='ocrx_word' id='word_1_529' title='bbox 771 3897 875 3934; x_wconf 91' lang='lat' dir='ltr'><strong>non</strong></span> <span class='ocrx_word' id='word_1_530' title='bbox 906 3895 1100 3949; x_wconf 80' lang='lat' dir='ltr'><strong>capax.</strong></span> <span class='ocrx_word' id='word_1_531' title='bbox 1154 3877 1286 3933; x_wconf 90' lang='lat' dir='ltr'><strong>Cum</strong></span> <span class='ocrx_word' id='word_1_532' title='bbox 1335 3879 1496 3947; x_wconf 77' lang='lat' dir='ltr'><strong>igitur</strong></span> <span class='ocrx_word' id='word_1_533' title='bbox 1523 3877 1811 3934; x_wconf 80' lang='lat' dir='ltr'><strong>invisibilis</strong></span> <span class='ocrx_word' id='word_1_534' title='bbox 1859 3885 2132 3939; x_wconf 84' lang='lat' dir='ltr'><strong>creatura,</strong></span> 
     </span>
    </p>
   </div>
   <div class='ocr_carea' id='block_1_71' title="bbox 530 3969 2135 4046">
    <p class='ocr_par' dir='ltr' id='par_1_71' title="bbox 530 3969 2135 4046">
     <span class='ocr_line' id='line_1_71' title="bbox 530 3969 2135 4046; baseline -0.005 -16"><span class='ocrx_word' id='word_1_535' title='bbox 530 3991 695 4046; x_wconf 89' lang='lat' dir='ltr'><strong>quam</strong></span> <span class='ocrx_word' id='word_1_536' title='bbox 725 3973 1131 4037; x_wconf 85' lang='lat' dir='ltr'><strong>rationabilem,</strong></span> <span class='ocrx_word' id='word_1_537' title='bbox 1157 3980 1210 4026; x_wconf 89' lang='lat' dir='ltr'><strong>et</strong></span> <span class='ocrx_word' id='word_1_538' title='bbox 1237 3972 1635 4042; x_wconf 83' lang='lat' dir='ltr'><strong>incorporalem</strong></span> <span class='ocrx_word' id='word_1_539' title='bbox 1659 3969 2018 4026; x_wconf 83' lang='lat' dir='ltr'><strong>substantiam</strong></span> <span class='ocrx_word' id='word_1_540' title='bbox 2043 3987 2135 4023; x_wconf 82' lang='lat' dir='ltr'><strong>vo-</strong></span> 
     </span>
    </p>
   </div>
   <div class='ocr_carea' id='block_1_72' title="bbox 533 4063 2131 4134">
    <p class='ocr_par' dir='ltr' id='par_1_72' title="bbox 533 4063 2131 4134">
     <span class='ocr_line' id='line_1_72' title="bbox 533 4063 2131 4134; baseline -0.005 -10"><span class='ocrx_word' id='word_1_541' title='bbox 533 4069 644 4124; x_wconf 88' lang='lat' dir='ltr'><strong>cari</strong></span> <span class='ocrx_word' id='word_1_542' title='bbox 673 4066 1088 4124; x_wconf 79' lang='lat' dir='ltr'><strong>consuetudinis</strong></span> <span class='ocrx_word' id='word_1_543' title='bbox 1119 4073 1222 4128; x_wconf 90' lang='lat' dir='ltr'><strong>est,</strong></span> <span class='ocrx_word' id='word_1_544' title='bbox 1259 4079 1364 4120; x_wconf 92' lang='lat' dir='ltr'><strong>non</strong></span> <span class='ocrx_word' id='word_1_545' title='bbox 1397 4066 1467 4117; x_wconf 91' lang='lat' dir='ltr'><strong>sit</strong></span> <span class='ocrx_word' id='word_1_546' title='bbox 1496 4064 1777 4132; x_wconf 73' lang='lat' dir='ltr'><strong>capabilis,</strong></span> <span class='ocrx_word' id='word_1_547' title='bbox 1809 4063 1903 4119; x_wconf 88' lang='lat' dir='ltr'><strong>sed</strong></span> <span class='ocrx_word' id='word_1_548' title='bbox 1933 4079 2131 4134; x_wconf 84' lang='lat' dir='ltr'><strong>capax;</strong></span> 
     </span>
    </p>
   </div>
   <div class='ocr_carea' id='block_1_73' title="bbox 535 4157 2136 4229">
    <p class='ocr_par' dir='ltr' id='par_1_73' title="bbox 535 4157 2136 4229">
     <span class='ocr_line' id='line_1_73' title="bbox 535 4157 2136 4229; baseline -0.001 -15"><span class='ocrx_word' id='word_1_549' title='bbox 535 4162 578 4214; x_wconf 89' lang='lat' dir='ltr'><strong>si</strong></span> <span class='ocrx_word' id='word_1_550' title='bbox 595 4161 741 4216; x_wconf 90' lang='lat' dir='ltr'><strong>enim</strong></span> <span class='ocrx_word' id='word_1_551' title='bbox 756 4158 1018 4229; x_wconf 87' lang='lat' dir='ltr'><strong>capabilis</strong></span> <span class='ocrx_word' id='word_1_552' title='bbox 1039 4170 1209 4223; x_wconf 89' lang='lat' dir='ltr'><strong>esset,</strong></span> <span class='ocrx_word' id='word_1_553' title='bbox 1228 4157 1424 4212; x_wconf 82' lang='lat' dir='ltr'><strong>nullius</strong></span> <span class='ocrx_word' id='word_1_554' title='bbox 1445 4158 1569 4212; x_wconf 83' lang='lat' dir='ltr'><strong>boni</strong></span> <span class='ocrx_word' id='word_1_555' title='bbox 1593 4172 1767 4226; x_wconf 80' lang='lat' dir='ltr'><strong>capax</strong></span> <span class='ocrx_word' id='word_1_556' title='bbox 1783 4166 1950 4220; x_wconf 82' lang='lat' dir='ltr'><strong>esset,</strong></span> <span class='ocrx_word' id='word_1_557' title='bbox 1967 4172 2064 4227; x_wconf 89' lang='lat' dir='ltr'><strong>per</strong></span> <span class='ocrx_word' id='word_1_558' title='bbox 2076 4171 2136 4213; x_wconf 85' lang='lat' dir='ltr'><strong>se</strong></span> 
     </span>
    </p>
   </div>
   <div class='ocr_carea' id='block_1_74' title="bbox 535 4251 2132 4326">
    <p class='ocr_par' dir='ltr' id='par_1_74' title="bbox 535 4251 2132 4326">
     <span class='ocr_line' id='line_1_74' title="bbox 535 4251 2132 4326; baseline -0.001 -18"><span class='ocrx_word' id='word_1_559' title='bbox 535 4254 766 4326; x_wconf 79' lang='lat' dir='ltr'><strong>simplex</strong></span> <span class='ocrx_word' id='word_1_560' title='bbox 791 4254 906 4324; x_wconf 85' lang='lat' dir='ltr'><strong>ipsa</strong></span> <span class='ocrx_word' id='word_1_561' title='bbox 931 4254 1255 4318; x_wconf 86' lang='lat' dir='ltr'><strong>subsistens,</strong></span> <span class='ocrx_word' id='word_1_562' title='bbox 1289 4260 1344 4306; x_wconf 89' lang='lat' dir='ltr'><strong>et</strong></span> <span class='ocrx_word' id='word_1_563' title='bbox 1369 4251 1594 4306; x_wconf 83' lang='lat' dir='ltr'><strong>alterius</strong></span> <span class='ocrx_word' id='word_1_564' title='bbox 1614 4251 1744 4305; x_wconf 90' lang='lat' dir='ltr'><strong>boni</strong></span> <span class='ocrx_word' id='word_1_565' title='bbox 1767 4251 2092 4321; x_wconf 72' lang='lat' dir='ltr'><strong>receptatrix</strong></span> <span class='ocrx_word' id='word_1_566' title='bbox 2120 4271 2132 4306; x_wconf 93' lang='lat'>:</span> 
     </span>
    </p>
   </div>
   <div class='ocr_carea' id='block_1_75' title="bbox 537 4342 2136 4418">
    <p class='ocr_par' dir='ltr' id='par_1_75' title="bbox 537 4342 2136 4418">
     <span class='ocr_line' id='line_1_75' title="bbox 537 4342 2136 4418; baseline -0.003 -17"><span class='ocrx_word' id='word_1_567' title='bbox 537 4346 1160 4418; x_wconf 81' lang='lat' dir='ltr'><strong>partietpatiouchabeat</strong></span> <span class='ocrx_word' id='word_1_568' title='bbox 1181 4343 1401 4405; x_wconf 84' lang='lat' dir='ltr'><strong>bonum.</strong></span> <span class='ocrx_word' id='word_1_569' title='bbox 1419 4354 1596 4398; x_wconf 81' lang='lat' dir='ltr'><strong>etnon</strong></span> <span class='ocrx_word' id='word_1_570' title='bbox 1615 4343 1779 4398; x_wconf 88' lang='lat' dir='ltr'><strong>dehis</strong></span> <span class='ocrx_word' id='word_1_571' title='bbox 1793 4359 1912 4411; x_wconf 76' lang='lat' dir='ltr'><strong>qua:</strong></span> <span class='ocrx_word' id='word_1_572' title='bbox 1932 4342 2136 4397; x_wconf 84' lang='lat' dir='ltr'><strong>haben-</strong></span> 
     </span>
    </p>
   </div>
   <div class='ocr_carea' id='block_1_76' title="bbox 540 4435 2136 4507">
    <p class='ocr_par' dir='ltr' id='par_1_76' title="bbox 540 4435 2136 4507">
     <span class='ocr_line' id='line_1_76' title="bbox 540 4435 2136 4507; baseline -0.001 -13"><span class='ocrx_word' id='word_1_573' title='bbox 540 4448 624 4495; x_wconf 90' lang='lat' dir='ltr'><strong>tur</strong></span> <span class='ocrx_word' id='word_1_574' title='bbox 639 4442 708 4495; x_wconf 87' lang='lat' dir='ltr'><strong>ab</strong></span> <span class='ocrx_word' id='word_1_575' title='bbox 721 4440 858 4504; x_wconf 86' lang='lat' dir='ltr'><strong>aliis,</strong></span> <span class='ocrx_word' id='word_1_576' title='bbox 879 4439 971 4494; x_wconf 87' lang='lat' dir='ltr'><strong>sed</strong></span> <span class='ocrx_word' id='word_1_577' title='bbox 991 4438 1058 4496; x_wconf 91' lang='lat' dir='ltr'><strong>de</strong></span> <span class='ocrx_word' id='word_1_578' title='bbox 1080 4438 1163 4494; x_wconf 88' lang='lat' dir='ltr'><strong>his</strong></span> <span class='ocrx_word' id='word_1_579' title='bbox 1183 4453 1303 4507; x_wconf 67' lang='lat' dir='ltr'><strong>qua:</strong></span> <span class='ocrx_word' id='word_1_580' title='bbox 1323 4436 1528 4492; x_wconf 88' lang='lat' dir='ltr'><strong>habent</strong></span> <span class='ocrx_word' id='word_1_581' title='bbox 1547 4435 2016 4506; x_wconf 83' lang='lat' dir='ltr'><strong>aliaintelligatur,</strong></span> <span class='ocrx_word' id='word_1_582' title='bbox 2037 4437 2136 4492; x_wconf 85' lang='lat' dir='ltr'><strong>Pa-</strong></span> 
     </span>
    </p>
   </div>
   <div class='ocr_carea' id='block_1_77' title="bbox 2231 3232 3834 3304">
    <p class='ocr_par' dir='ltr' id='par_1_77' title="bbox 2231 3232 3834 3304">
     <span class='ocr_line' id='line_1_77' title="bbox 2231 3232 3834 3304; baseline 0.002 -19"><span class='ocrx_word' id='word_1_583' title='bbox 2231 3233 2593 3286; x_wconf 72' lang='lat' dir='ltr'><strong>substautiam</strong></span> <span class='ocrx_word' id='word_1_584' title='bbox 2639 3234 3126 3302; x_wconf 86' lang='lat' dir='ltr'><strong>circumscriptam.</strong></span> <span class='ocrx_word' id='word_1_585' title='bbox 3163 3232 3384 3289; x_wconf 82' lang='lat' dir='ltr'><strong>Mittens</strong></span> <span class='ocrx_word' id='word_1_586' title='bbox 3434 3235 3633 3304; x_wconf 84' lang='lat' dir='ltr'><strong>quippe</strong></span> <span class='ocrx_word' id='word_1_587' title='bbox 3673 3233 3834 3289; x_wconf 68' lang='lat' dir='ltr'><strong>Iesus</strong></span> 
     </span>
    </p>
   </div>
   <div class='ocr_carea' id='block_1_78' title="bbox 2232 3325 3835 3398">
    <p class='ocr_par' dir='ltr' id='par_1_78' title="bbox 2232 3325 3835 3398">
     <span class='ocr_line' id='line_1_78' title="bbox 2232 3325 3835 3398; baseline 0.004 -20"><span class='ocrx_word' id='word_1_588' title='bbox 2232 3325 2621 3394; x_wconf 59' lang='lat' dir='ltr'><strong>praedicatores</strong></span> <span class='ocrx_word' id='word_1_589' title='bbox 2645 3327 2909 3382; x_wconf 75' lang='lat' dir='ltr'><strong>doctrinm</strong></span> <span class='ocrx_word' id='word_1_590' title='bbox 2953 3343 3086 3394; x_wconf 74' lang='lat' dir='ltr'><strong>stne,</strong></span> <span class='ocrx_word' id='word_1_591' title='bbox 3126 3331 3355 3398; x_wconf 75' lang='lat' dir='ltr'><strong>replevit</strong></span> <span class='ocrx_word' id='word_1_592' title='bbox 3383 3342 3477 3383; x_wconf 89' lang='lat' dir='ltr'><strong>eos</strong></span> <span class='ocrx_word' id='word_1_593' title='bbox 3499 3328 3706 3398; x_wconf 86' lang='lat' dir='ltr'><strong>Spiritu</strong></span> <span class='ocrx_word' id='word_1_594' title='bbox 3733 3346 3746 3394; x_wconf 92' lang='lat'><strong>;</strong></span> <span class='ocrx_word' id='word_1_595' title='bbox 3782 3341 3835 3385; x_wconf 90' lang='lat' dir='ltr'><strong>et</strong></span> 
     </span>
    </p>
   </div>
   <div class='ocr_carea' id='block_1_79' title="bbox 2233 3419 3834 3491">
    <p class='ocr_par' dir='ltr' id='par_1_79' title="bbox 2233 3419 3834 3491">
     <span class='ocr_line' id='line_1_79' title="bbox 2233 3419 3834 3491; baseline 0.001 -19"><span class='ocrx_word' id='word_1_596' title='bbox 2233 3419 2517 3474; x_wconf 77' lang='lat' dir='ltr'><strong>insuitlans</strong></span> <span class='ocrx_word' id='word_1_597' title='bbox 2561 3420 2612 3472; x_wconf 90' lang='lat' dir='ltr'><strong>iu</strong></span> <span class='ocrx_word' id='word_1_598' title='bbox 2646 3419 2840 3474; x_wconf 84' lang='lat' dir='ltr'><strong>faciem</strong></span> <span class='ocrx_word' id='word_1_599' title='bbox 2885 3435 3110 3474; x_wconf 90' lang='lat' dir='ltr'><strong>eorum:</strong></span> <span class='ocrx_word' id='word_1_600' title='bbox 3149 3420 3392 3491; x_wconf 82' lang='lat' dir='ltr'><strong>Accipite,</strong></span> <span class='ocrx_word' id='word_1_601' title='bbox 3430 3421 3623 3490; x_wconf 77' lang='lat' dir='ltr'><strong>inquit,</strong></span> <span class='ocrx_word' id='word_1_602' title='bbox 3656 3420 3834 3488; x_wconf 83' lang='lat' dir='ltr'><strong>Spiri-</strong></span> 
     </span>
    </p>
   </div>
   <div class='ocr_carea' id='block_1_80' title="bbox 2233 3510 3832 3585">
    <p class='ocr_par' dir='ltr' id='par_1_80' title="bbox 2233 3510 3832 3585">
     <span class='ocr_line' id='line_1_80' title="bbox 2233 3510 3832 3585; baseline 0.003 -21"><span class='ocrx_word' id='word_1_603' title='bbox 2233 3522 2338 3564; x_wconf 80' lang='lat' dir='ltr'><strong>tum</strong></span> <span class='ocrx_word' id='word_1_604' title='bbox 2369 3521 2604 3564; x_wconf 85' lang='lat' dir='ltr'><strong>sanctum</strong></span> <span class='ocrx_word' id='word_1_605' title='bbox 2621 3551 2634 3575; x_wconf 93' lang='lat'><strong>,</strong></span> <span class='ocrx_word' id='word_1_606' title='bbox 2661 3521 2706 3565; x_wconf 82' lang='lat' dir='ltr'><strong>et</strong></span> <span class='ocrx_word' id='word_1_607' title='bbox 2731 3522 2929 3577; x_wconf 79' lang='lat' dir='ltr'><strong>euntes,</strong></span> <span class='ocrx_word' id='word_1_608' title='bbox 2949 3514 3123 3567; x_wconf 84' lang='lat' dir='ltr'><strong>docete</strong></span> <span class='ocrx_word' id='word_1_609' title='bbox 3147 3529 3321 3568; x_wconf 82' lang='lat' dir='ltr'><strong>omnes</strong></span> <span class='ocrx_word' id='word_1_610' title='bbox 3342 3522 3516 3585; x_wconf 80' lang='lat' dir='ltr'><strong>gentes</strong></span> <span class='ocrx_word' id='word_1_611' title='bbox 3535 3510 3713 3584; x_wconf 81' lang='lat' dir='ltr'><strong>(Joan.</strong></span> <span class='ocrx_word' id='word_1_612' title='bbox 3734 3527 3832 3580; x_wconf 76' lang='lat' dir='ltr'><strong>xx,</strong></span> 
     </span>
    </p>
   </div>
   <div class='ocr_carea' id='block_1_81' title="bbox 2232 3603 3837 3676">
    <p class='ocr_par' dir='ltr' id='par_1_81' title="bbox 2232 3603 3837 3676">
     <span class='ocr_line' id='line_1_81' title="bbox 2232 3603 3837 3676; baseline 0.004 -21"><span class='ocrx_word' id='word_1_613' title='bbox 2232 3603 2361 3672; x_wconf 65' lang='lat'><strong>92):</strong></span> <span class='ocrx_word' id='word_1_614' title='bbox 2393 3604 2546 3673; x_wconf 80' lang='lat' dir='ltr'><strong>quasi</strong></span> <span class='ocrx_word' id='word_1_615' title='bbox 2589 3617 2783 3659; x_wconf 88' lang='lat' dir='ltr'><strong>omnes</strong></span> <span class='ocrx_word' id='word_1_616' title='bbox 2812 3607 3025 3660; x_wconf 87' lang='lat' dir='ltr'><strong>eunetis</strong></span> <span class='ocrx_word' id='word_1_617' title='bbox 3055 3606 3308 3675; x_wconf 62' lang='lat' dir='ltr'><strong>gtrtitihus</strong></span> <span class='ocrx_word' id='word_1_618' title='bbox 3339 3608 3601 3661; x_wconf 85' lang='lat' dir='ltr'><strong>mitteret.</strong></span> <span class='ocrx_word' id='word_1_619' title='bbox 3653 3606 3837 3676; x_wconf 82' lang='lat' dir='ltr'><strong>Neque</strong></span> 
     </span>
    </p>
   </div>
   <div class='ocr_carea' id='block_1_82' title="bbox 2234 3699 3839 3770">
    <p class='ocr_par' dir='ltr' id='par_1_82' title="bbox 2234 3699 3839 3770">
     <span class='ocr_line' id='line_1_82' title="bbox 2234 3699 3839 3770; baseline 0.001 -17"><span class='ocrx_word' id='word_1_620' title='bbox 2234 3699 2378 3753; x_wconf 90' lang='lat' dir='ltr'><strong>enim</strong></span> <span class='ocrx_word' id='word_1_621' title='bbox 2422 3714 2613 3753; x_wconf 86' lang='lat' dir='ltr'><strong>omnes</strong></span> <span class='ocrx_word' id='word_1_622' title='bbox 2643 3700 2874 3767; x_wconf 85' lang='lat' dir='ltr'><strong>apostoli</strong></span> <span class='ocrx_word' id='word_1_623' title='bbox 2919 3699 2984 3754; x_wconf 90' lang='lat' dir='ltr'><strong>ad</strong></span> <span class='ocrx_word' id='word_1_624' title='bbox 3015 3715 3206 3754; x_wconf 90' lang='lat' dir='ltr'><strong>omnes</strong></span> <span class='ocrx_word' id='word_1_625' title='bbox 3245 3709 3439 3770; x_wconf 80' lang='lat' dir='ltr'><strong>gentes</strong></span> <span class='ocrx_word' id='word_1_626' title='bbox 3482 3701 3684 3770; x_wconf 86' lang='lat' dir='ltr'><strong>pariter</strong></span> <span class='ocrx_word' id='word_1_627' title='bbox 3710 3708 3839 3755; x_wconf 90' lang='lat' dir='ltr'><strong>sunt</strong></span> 
     </span>
    </p>
   </div>
   <div class='ocr_carea' id='block_1_83' title="bbox 2235 3789 3834 3862">
    <p class='ocr_par' dir='ltr' id='par_1_83' title="bbox 2235 3789 3834 3862">
     <span class='ocr_line' id='line_1_83' title="bbox 2235 3789 3834 3862; baseline 0.001 -18"><span class='ocrx_word' id='word_1_628' title='bbox 2235 3791 2485 3860; x_wconf 87' lang='lat' dir='ltr'><strong>profecti,</strong></span> <span class='ocrx_word' id='word_1_629' title='bbox 2515 3790 2613 3846; x_wconf 85' lang='lat' dir='ltr'><strong>sed</strong></span> <span class='ocrx_word' id='word_1_630' title='bbox 2639 3789 2862 3861; x_wconf 83' lang='lat' dir='ltr'><strong>quidam</strong></span> <span class='ocrx_word' id='word_1_631' title='bbox 2893 3793 2945 3845; x_wconf 89' lang='lat' dir='ltr'><strong>in</strong></span> <span class='ocrx_word' id='word_1_632' title='bbox 2975 3791 3182 3858; x_wconf 82' lang='lat' dir='ltr'><strong>Asiam,</strong></span> <span class='ocrx_word' id='word_1_633' title='bbox 3213 3792 3429 3862; x_wconf 82' lang='lat' dir='ltr'><strong>quidam</strong></span> <span class='ocrx_word' id='word_1_634' title='bbox 3461 3793 3511 3846; x_wconf 90' lang='lat' dir='ltr'><strong>iu</strong></span> <span class='ocrx_word' id='word_1_635' title='bbox 3534 3792 3834 3862; x_wconf 78' lang='lat' dir='ltr'><strong>Scythiam,</strong></span> 
     </span>
    </p>
   </div>
   <div class='ocr_carea' id='block_1_84' title="bbox 2234 3883 3838 3958">
    <p class='ocr_par' dir='ltr' id='par_1_84' title="bbox 2234 3883 3838 3958">
     <span class='ocr_line' id='line_1_84' title="bbox 2234 3883 3838 3958; baseline 0.002 -21"><span class='ocrx_word' id='word_1_636' title='bbox 2234 3894 2291 3938; x_wconf 92' lang='lat' dir='ltr'><strong>et</strong></span> <span class='ocrx_word' id='word_1_637' title='bbox 2315 3885 2408 3938; x_wconf 87' lang='lat' dir='ltr'><strong>alii</strong></span> <span class='ocrx_word' id='word_1_638' title='bbox 2447 3885 2499 3938; x_wconf 90' lang='lat' dir='ltr'><strong>in</strong></span> <span class='ocrx_word' id='word_1_639' title='bbox 2531 3885 2665 3938; x_wconf 83' lang='lat' dir='ltr'><strong>alias</strong></span> <span class='ocrx_word' id='word_1_640' title='bbox 2693 3883 2932 3955; x_wconf 87' lang='lat' dir='ltr'><strong>dispersi</strong></span> <span class='ocrx_word' id='word_1_641' title='bbox 2963 3885 3242 3951; x_wconf 85' lang='lat' dir='ltr'><strong>nationes;</strong></span> <span class='ocrx_word' id='word_1_642' title='bbox 3283 3886 3580 3941; x_wconf 86' lang='lat' dir='ltr'><strong>secundum</strong></span> <span class='ocrx_word' id='word_1_643' title='bbox 3615 3888 3838 3958; x_wconf 87' lang='lat' dir='ltr'><strong>dispen-</strong></span> 
     </span>
    </p>
   </div>
   <div class='ocr_carea' id='block_1_85' title="bbox 2171 3978 3834 4050">
    <p class='ocr_par' dir='ltr' id='par_1_85' title="bbox 2171 3978 3834 4050">
     <span class='ocr_line' id='line_1_85' title="bbox 2171 3978 3834 4050; baseline 0.001 -19"><span class='ocrx_word' id='word_1_644' title='bbox 2171 4029 2182 4038; x_wconf 88' lang='grc'><em>,</em></span> <span class='ocrx_word' id='word_1_645' title='bbox 2235 3978 2502 4033; x_wconf 89' lang='lat' dir='ltr'><strong>sationem</strong></span> <span class='ocrx_word' id='word_1_646' title='bbox 2521 3978 2683 4045; x_wconf 91' lang='lat' dir='ltr'><strong>illius,</strong></span> <span class='ocrx_word' id='word_1_647' title='bbox 2702 3994 2861 4048; x_wconf 89' lang='lat' dir='ltr'><strong>quem</strong></span> <span class='ocrx_word' id='word_1_648' title='bbox 2886 3995 3068 4034; x_wconf 89' lang='lat' dir='ltr'><strong>secum</strong></span> <span class='ocrx_word' id='word_1_649' title='bbox 3094 3979 3616 4050; x_wconf 80' lang='lat' dir='ltr'><strong>habebantSpiritus</strong></span> <span class='ocrx_word' id='word_1_650' title='bbox 3640 3983 3834 4047; x_wconf 81' lang='lat' dir='ltr'><strong>saneti,</strong></span> 
     </span>
    </p>
   </div>
   <div class='ocr_carea' id='block_1_86' title="bbox 2235 4070 3837 4139">
    <p class='ocr_par' dir='ltr' id='par_1_86' title="bbox 2235 4070 3837 4139">
     <span class='ocr_line' id='line_1_86' title="bbox 2235 4070 3837 4139; baseline 0.003 -17"><span class='ocrx_word' id='word_1_651' title='bbox 2235 4070 2507 4139; x_wconf 85' lang='lat' dir='ltr'><strong>quomodo</strong></span> <span class='ocrx_word' id='word_1_652' title='bbox 2534 4081 2590 4126; x_wconf 88' lang='lat' dir='ltr'><strong>et</strong></span> <span class='ocrx_word' id='word_1_653' title='bbox 2619 4071 2908 4127; x_wconf 89' lang='lat' dir='ltr'><strong>Dominum</strong></span> <span class='ocrx_word' id='word_1_654' title='bbox 2937 4073 3209 4128; x_wconf 84' lang='lat' dir='ltr'><strong>dicentem</strong></span> <span class='ocrx_word' id='word_1_655' title='bbox 3235 4089 3247 4129; x_wconf 94' lang='lat'>:</span> <span class='ocrx_word' id='word_1_656' title='bbox 3285 4073 3559 4128; x_wconf 80' lang='lat' dir='ltr'><strong>Vobiscum</strong></span> <span class='ocrx_word' id='word_1_657' title='bbox 3582 4089 3696 4127; x_wconf 83' lang='lat' dir='ltr'><strong>sum</strong></span> <span class='ocrx_word' id='word_1_658' title='bbox 3723 4091 3837 4128; x_wconf 87' lang='lat' dir='ltr'><strong>om-</strong></span> 
     </span>
    </p>
   </div>
   <div class='ocr_carea' id='block_1_87' title="bbox 2236 4166 3835 4240">
    <p class='ocr_par' dir='ltr' id='par_1_87' title="bbox 2236 4166 3835 4240">
     <span class='ocr_line' id='line_1_87' title="bbox 2236 4166 3835 4240; baseline 0.003 -22"><span class='ocrx_word' id='word_1_659' title='bbox 2236 4167 2384 4220; x_wconf 85' lang='lat' dir='ltr'><strong>nibus</strong></span> <span class='ocrx_word' id='word_1_660' title='bbox 2413 4166 2614 4232; x_wconf 87' lang='lat' dir='ltr'><strong>diebtts,</strong></span> <span class='ocrx_word' id='word_1_661' title='bbox 2639 4183 2799 4236; x_wconf 83' lang='lat' dir='ltr'><strong>usque</strong></span> <span class='ocrx_word' id='word_1_662' title='bbox 2826 4167 2894 4221; x_wconf 90' lang='lat' dir='ltr'><strong>ad</strong></span> <span class='ocrx_word' id='word_1_663' title='bbox 2913 4167 3594 4222; x_wconf 78' lang='lat' dir='ltr'><strong>consumittationcmswculi</strong></span> <span class='ocrx_word' id='word_1_664' title='bbox 3618 4168 3835 4240; x_wconf 73' lang='lat' dir='ltr'><strong>(Matth.</strong></span> 
     </span>
    </p>
   </div>
   <div class='ocr_carea' id='block_1_88' title="bbox 2241 4258 3839 4332">
    <p class='ocr_par' dir='ltr' id='par_1_88' title="bbox 2241 4258 3839 4332">
     <span class='ocr_line' id='line_1_88' title="bbox 2241 4258 3839 4332; baseline 0.003 -22"><span class='ocrx_word' id='word_1_665' title='bbox 2241 4273 2430 4321; x_wconf 66' lang='lat' dir='ltr'><strong>xxviii,</strong></span> <span class='ocrx_word' id='word_1_666' title='bbox 2463 4258 2578 4327; x_wconf 61' lang='grc' dir='ltr'><strong>ρο).</strong></span> <span class='ocrx_word' id='word_1_667' title='bbox 2615 4258 2709 4313; x_wconf 88' lang='lat' dir='ltr'><strong>His</strong></span> <span class='ocrx_word' id='word_1_668' title='bbox 2739 4268 2795 4313; x_wconf 90' lang='lat' dir='ltr'><strong>et</strong></span> <span class='ocrx_word' id='word_1_669' title='bbox 2821 4260 2953 4314; x_wconf 87' lang='lat' dir='ltr'><strong>illud</strong></span> <span class='ocrx_word' id='word_1_670' title='bbox 2991 4261 3268 4332; x_wconf 80' lang='lat' dir='ltr'><strong>congruit:</strong></span> <span class='ocrx_word' id='word_1_671' title='bbox 3299 4261 3571 4331; x_wconf 81' lang='lat' dir='ltr'><strong>Accipictis</strong></span> <span class='ocrx_word' id='word_1_672' title='bbox 3600 4263 3839 4315; x_wconf 78' lang='lat' dir='ltr'><strong>virtutem</strong></span> 
     </span>
    </p>
   </div>
   <div class='ocr_carea' id='block_1_89' title="bbox 2238 4352 3836 4426">
    <p class='ocr_par' dir='ltr' id='par_1_89' title="bbox 2238 4352 3836 4426">
     <span class='ocr_line' id='line_1_89' title="bbox 2238 4352 3836 4426; baseline 0.001 -20"><span class='ocrx_word' id='word_1_673' title='bbox 2238 4353 2639 4423; x_wconf 80' lang='lat' dir='ltr'><strong>supervenientis</strong></span> <span class='ocrx_word' id='word_1_674' title='bbox 2667 4352 2777 4424; x_wconf 80' lang='lat' dir='ltr'><strong>(AI.</strong></span> <span class='ocrx_word' id='word_1_675' title='bbox 2809 4354 3308 4425; x_wconf 71' lang='lat' dir='ltr'><strong>super-venientem)</strong></span> <span class='ocrx_word' id='word_1_676' title='bbox 3346 4355 3574 4426; x_wconf 83' lang='lat' dir='ltr'><strong>Spiritus</strong></span> <span class='ocrx_word' id='word_1_677' title='bbox 3598 4357 3763 4408; x_wconf 84' lang='lat' dir='ltr'><strong>sancti</strong></span> <span class='ocrx_word' id='word_1_678' title='bbox 3785 4356 3836 4408; x_wconf 86' lang='lat' dir='ltr'><strong>in</strong></span> 
     </span>
    </p>
   </div>
   <div class='ocr_carea' id='block_1_90' title="bbox 2241 4444 3841 4514">
    <p class='ocr_par' dir='ltr' id='par_1_90' title="bbox 2241 4444 3841 4514">
     <span class='ocr_line' id='line_1_90' title="bbox 2241 4444 3841 4514; baseline 0.003 -18"><span class='ocrx_word' id='word_1_679' title='bbox 2241 4460 2350 4511; x_wconf 85' lang='lat' dir='ltr'><strong>ros;</strong></span> <span class='ocrx_word' id='word_1_680' title='bbox 2366 4457 2411 4497; x_wconf 86' lang='lat' dir='ltr'><strong>et</strong></span> <span class='ocrx_word' id='word_1_681' title='bbox 2430 4445 2574 4499; x_wconf 85' lang='lat' dir='ltr'><strong>eritis</strong></span> <span class='ocrx_word' id='word_1_682' title='bbox 2588 4453 2739 4500; x_wconf 84' lang='lat' dir='ltr'><strong>testes</strong></span> <span class='ocrx_word' id='word_1_683' title='bbox 2759 4447 2886 4499; x_wconf 84' lang='lat' dir='ltr'><strong>mihi</strong></span> <span class='ocrx_word' id='word_1_684' title='bbox 2900 4447 2951 4499; x_wconf 88' lang='lat' dir='ltr'><strong>in</strong></span> <span class='ocrx_word' id='word_1_685' title='bbox 2968 4446 3282 4514; x_wconf 74' lang='lat' dir='ltr'><strong>Jerusalem,</strong></span> <span class='ocrx_word' id='word_1_686' title='bbox 3299 4447 3409 4501; x_wconf 81' lang='lat' dir='ltr'><strong>etin</strong></span> <span class='ocrx_word' id='word_1_687' title='bbox 3432 4447 3570 4501; x_wconf 83' lang='lat' dir='ltr'><strong>omni</strong></span> <span class='ocrx_word' id='word_1_688' title='bbox 3589 4444 3780 4501; x_wconf 75' lang='lat' dir='ltr'><strong>Judtta</strong></span> <span class='ocrx_word' id='word_1_689' title='bbox 3795 4456 3841 4500; x_wconf 81' lang='lat' dir='ltr'><strong>et</strong></span> 
     </span>
    </p>
   </div>
   <div class='ocr_carea' id='block_1_91' title="bbox 618 4616 3835 4698">
    <p class='ocr_par' dir='ltr' id='par_1_91' title="bbox 618 4616 3835 4698">
     <span class='ocr_line' id='line_1_91' title="bbox 618 4616 3835 4698; baseline -0.001 -11"><span class='ocrx_word' id='word_1_690' title='bbox 618 4626 642 4653; x_wconf 80' lang='grc'>⁸</span> <span class='ocrx_word' id='word_1_691' title='bbox 672 4616 805 4698; x_wconf 61' lang='lat' dir='ltr'><strong>,El&#39;a}</strong></span> <span class='ocrx_word' id='word_1_692' title='bbox 828 4617 1141 4698; x_wconf 65' lang='grc' dir='ltr'><strong>,ῑιιροηειζιιο</strong></span> <span class='ocrx_word' id='word_1_693' title='bbox 1173 4631 1336 4698; x_wconf 67' lang='grc' dir='ltr'><strong>ξειιευ</strong></span> <span class='ocrx_word' id='word_1_694' title='bbox 1386 4625 1441 4671; x_wconf 84' lang='lat' dir='ltr'><strong>el</strong></span> <span class='ocrx_word' id='word_1_695' title='bbox 1488 4618 1705 4698; x_wconf 64' lang='lat' dir='ltr'><strong>vitioso,</strong></span> <span class='ocrx_word' id='word_1_696' title='bbox 1747 4619 1998 4688; x_wconf 86' lang='lat' dir='ltr'><strong>scriptum</strong></span> <span class='ocrx_word' id='word_1_697' title='bbox 2042 4632 2138 4686; x_wconf 81' lang='lat' dir='ltr'><strong>est,</strong></span> <span class='ocrx_word' id='word_1_698' title='bbox 2173 4629 2222 4688; x_wconf 82' lang='grc' dir='ltr'><strong>Ι)</strong></span> <span class='ocrx_word' id='word_1_699' title='bbox 2249 4627 2517 4682; x_wconf 61' lang='grc' dir='ltr'><strong>ιοιαηιέ...</strong></span> <span class='ocrx_word' id='word_1_700' title='bbox 2539 4627 3014 4697; x_wconf 85' lang='lat' dir='ltr'><strong>tum,quibusdam</strong></span> <span class='ocrx_word' id='word_1_701' title='bbox 3037 4628 3458 4698; x_wconf 83' lang='lat' dir='ltr'><strong>interjectis,qui</strong></span> <span class='ocrx_word' id='word_1_702' title='bbox 3480 4631 3617 4697; x_wconf 80' lang='lat' dir='ltr'><strong>capit</strong></span> <span class='ocrx_word' id='word_1_703' title='bbox 3640 4631 3835 4693; x_wconf 80' lang='lat' dir='ltr'><strong>ontnia,</strong></span> 
     </span>
    </p>
   </div>
   <div class='ocr_carea' id='block_1_92' title="bbox 544 4687 2145 4760">
    <p class='ocr_par' dir='ltr' id='par_1_92' title="bbox 544 4687 2145 4760">
     <span class='ocr_line' id='line_1_92' title="bbox 544 4687 2145 4760; baseline 0.003 -20"><span class='ocrx_word' id='word_1_704' title='bbox 544 4689 681 4751; x_wconf 86' lang='lat' dir='ltr'><strong>quod</strong></span> <span class='ocrx_word' id='word_1_705' title='bbox 712 4687 914 4760; x_wconf 74' lang='lat' dir='ltr'><strong>spiritui</strong></span> <span class='ocrx_word' id='word_1_706' title='bbox 945 4690 1143 4760; x_wconf 71' lang='lat' dir='ltr'><strong>gratim,</strong></span> <span class='ocrx_word' id='word_1_707' title='bbox 1176 4690 1227 4740; x_wconf 90' lang='lat' dir='ltr'><strong>in</strong></span> <span class='ocrx_word' id='word_1_708' title='bbox 1257 4704 1356 4755; x_wconf 86' lang='lat' dir='ltr'><strong>quo</strong></span> <span class='ocrx_word' id='word_1_709' title='bbox 1383 4689 1733 4754; x_wconf 79' lang='lat' dir='ltr'><strong>sancti/icattts</strong></span> <span class='ocrx_word' id='word_1_710' title='bbox 1763 4687 1861 4755; x_wconf 77' lang='lat' dir='ltr'><strong>est,</strong></span> <span class='ocrx_word' id='word_1_711' title='bbox 1883 4703 2145 4746; x_wconf 76' lang='lat' dir='ltr'><strong>contrunc-</strong></span> 
     </span>
    </p>
   </div>
   <div class='ocr_carea' id='block_1_93' title="bbox 547 4759 2144 4829">
    <p class='ocr_par' dir='ltr' id='par_1_93' title="bbox 547 4759 2144 4829">
     <span class='ocr_line' id='line_1_93' title="bbox 547 4759 2144 4829; baseline 0.003 -16"><span class='ocrx_word' id='word_1_712' title='bbox 547 4761 670 4813; x_wconf 82' lang='lat' dir='ltr'><strong>tiam</strong></span> <span class='ocrx_word' id='word_1_713' title='bbox 698 4759 909 4823; x_wconf 73' lang='lat' dir='ltr'><strong>faciens,</strong></span> <span class='ocrx_word' id='word_1_714' title='bbox 942 4759 1083 4828; x_wconf 82' lang='lat' dir='ltr'><strong>gravi</strong></span> <span class='ocrx_word' id='word_1_715' title='bbox 1126 4761 1363 4824; x_wconf 80' lang='lat' dir='ltr'><strong>punietur</strong></span> <span class='ocrx_word' id='word_1_716' title='bbox 1404 4769 1634 4827; x_wconf 80' lang='lat' dir='ltr'><strong>peccato,</strong></span> <span class='ocrx_word' id='word_1_717' title='bbox 1667 4776 1784 4829; x_wconf 64' lang='lat' dir='ltr'><strong>quae</strong></span> <span class='ocrx_word' id='word_1_718' title='bbox 1814 4777 1877 4816; x_wconf 83' lang='lat' dir='ltr'><strong>ex</strong></span> <span class='ocrx_word' id='word_1_719' title='bbox 1912 4763 2144 4818; x_wconf 85' lang='lat' dir='ltr'><strong>laudatis</strong></span> 
     </span>
    </p>
   </div>
   <div class='ocr_carea' id='block_1_94' title="bbox 551 4830 2140 4899">
    <p class='ocr_par' dir='ltr' id='par_1_94' title="bbox 551 4830 2140 4899">
     <span class='ocr_line' id='line_1_94' title="bbox 551 4830 2140 4899; baseline 0.001 -15"><span class='ocrx_word' id='word_1_720' title='bbox 551 4847 683 4885; x_wconf 88' lang='lat' dir='ltr'><strong>mss.</strong></span> <span class='ocrx_word' id='word_1_721' title='bbox 713 4831 1116 4898; x_wconf 82' lang='lat' dir='ltr'><strong>eastigavimus.</strong></span> <span class='ocrx_word' id='word_1_722' title='bbox 1147 4830 1411 4899; x_wconf 86' lang='lat' dir='ltr'><strong>Congruit</strong></span> <span class='ocrx_word' id='word_1_723' title='bbox 1459 4831 1678 4885; x_wconf 76' lang='lat' dir='ltr'><strong>lectioni</strong></span> <span class='ocrx_word' id='word_1_724' title='bbox 1727 4843 1928 4886; x_wconf 73' lang='lat' dir='ltr'><strong>nostrm</strong></span> <span class='ocrx_word' id='word_1_725' title='bbox 1977 4837 2140 4889; x_wconf 87' lang='lat' dir='ltr'><strong>etiam</strong></span> 
     </span>
    </p>
   </div>
   <div class='ocr_carea' id='block_1_95' title="bbox 547 4900 2146 4974">
    <p class='ocr_par' dir='ltr' id='par_1_95' title="bbox 547 4900 2146 4974">
     <span class='ocr_line' id='line_1_95' title="bbox 547 4900 2146 4974; baseline 0.003 -18"><span class='ocrx_word' id='word_1_726' title='bbox 547 4900 772 4956; x_wconf 88' lang='lat' dir='ltr'><strong>Tholos.</strong></span> <span class='ocrx_word' id='word_1_727' title='bbox 804 4917 886 4954; x_wconf 93' lang='lat' dir='ltr'><strong>ms</strong></span> <span class='ocrx_word' id='word_1_728' title='bbox 916 4945 930 4966; x_wconf 93' lang='lat'><strong>,</strong></span> <span class='ocrx_word' id='word_1_729' title='bbox 960 4905 1169 4958; x_wconf 81' lang='lat' dir='ltr'><strong>tametsi</strong></span> <span class='ocrx_word' id='word_1_730' title='bbox 1199 4905 1249 4955; x_wconf 89' lang='lat' dir='ltr'><strong>in</strong></span> <span class='ocrx_word' id='word_1_731' title='bbox 1273 4902 1536 4973; x_wconf 76' lang='lat' dir='ltr'><strong>superiori</strong></span> <span class='ocrx_word' id='word_1_732' title='bbox 1560 4914 1724 4974; x_wconf 86' lang='lat' dir='ltr'><strong>atque</strong></span> <span class='ocrx_word' id='word_1_733' title='bbox 1751 4905 1992 4962; x_wconf 81' lang='lat' dir='ltr'><strong>inferiori</strong></span> <span class='ocrx_word' id='word_1_734' title='bbox 2017 4922 2146 4961; x_wconf 87' lang='lat' dir='ltr'><strong>con-</strong></span> 
     </span>
    </p>
   </div>
   <div class='ocr_carea' id='block_1_96' title="bbox 551 4973 1256 5026">
    <p class='ocr_par' dir='ltr' id='par_1_96' title="bbox 551 4973 1256 5026">
     <span class='ocr_line' id='line_1_96' title="bbox 551 4973 1256 5026; baseline 0.001 -1"><span class='ocrx_word' id='word_1_735' title='bbox 551 4981 698 5025; x_wconf 78' lang='lat' dir='ltr'><strong>textu</strong></span> <span class='ocrx_word' id='word_1_736' title='bbox 729 4973 1011 5026; x_wconf 89' lang='lat' dir='ltr'><strong>erroribus</strong></span> <span class='ocrx_word' id='word_1_737' title='bbox 1035 4983 1256 5026; x_wconf 74' lang='lat' dir='ltr'><strong>scatent.</strong></span> 
     </span>
    </p>
   </div>
   <div class='ocr_carea' id='block_1_97' title="bbox 623 5042 2148 5115">
    <p class='ocr_par' dir='ltr' id='par_1_97' title="bbox 623 5042 2148 5115">
     <span class='ocr_line' id='line_1_97' title="bbox 623 5042 2148 5115; baseline 0.007 -23"><span class='ocrx_word' id='word_1_738' title='bbox 623 5042 650 5079; x_wconf 73' lang='grc' dir='ltr'><strong>ιι</strong></span> <span class='ocrx_word' id='word_1_739' title='bbox 685 5042 818 5094; x_wconf 83' lang='lat' dir='ltr'><strong>Ilinc</strong></span> <span class='ocrx_word' id='word_1_740' title='bbox 863 5044 1037 5115; x_wconf 78' lang='lat' dir='ltr'><strong>probe</strong></span> <span class='ocrx_word' id='word_1_741' title='bbox 1067 5042 1344 5112; x_wconf 78' lang='lat' dir='ltr'><strong>intelligis,</strong></span> <span class='ocrx_word' id='word_1_742' title='bbox 1397 5061 1499 5110; x_wconf 82' lang='lat' dir='ltr'><strong>quo</strong></span> <span class='ocrx_word' id='word_1_743' title='bbox 1544 5059 1707 5099; x_wconf 85' lang='lat' dir='ltr'><strong>sensu</strong></span> <span class='ocrx_word' id='word_1_744' title='bbox 1755 5047 2058 5115; x_wconf 70' lang='lat' dir='ltr'><strong>amabilem,</strong></span> <span class='ocrx_word' id='word_1_745' title='bbox 2093 5059 2148 5102; x_wconf 89' lang='lat' dir='ltr'><strong>et</strong></span> 
     </span>
    </p>
   </div>
   <div class='ocr_carea' id='block_1_98' title="bbox 554 5113 2141 5186">
    <p class='ocr_par' dir='ltr' id='par_1_98' title="bbox 554 5113 2141 5186">
     <span class='ocr_line' id='line_1_98' title="bbox 554 5113 2141 5186; baseline 0.006 -22"><span class='ocrx_word' id='word_1_746' title='bbox 554 5127 661 5166; x_wconf 91' lang='lat' dir='ltr'><strong>non</strong></span> <span class='ocrx_word' id='word_1_747' title='bbox 675 5127 936 5186; x_wconf 69' lang='lat' dir='ltr'><strong>capacrrn,</strong></span> <span class='ocrx_word' id='word_1_748' title='bbox 951 5113 1472 5186; x_wconf 79' lang='lat' dir='ltr'><strong>Spiritumsanctum</strong></span> <span class='ocrx_word' id='word_1_749' title='bbox 1492 5116 1748 5186; x_wconf 82' lang='lat' dir='ltr'><strong>Didymus</strong></span> <span class='ocrx_word' id='word_1_750' title='bbox 1760 5113 1920 5172; x_wconf 82' lang='lat' dir='ltr'><strong>dieat.</strong></span> <span class='ocrx_word' id='word_1_751' title='bbox 1941 5121 2141 5186; x_wconf 70' lang='lat' dir='ltr'><strong>Nempe</strong></span> 
     </span>
    </p>
   </div>
   <div class='ocr_carea' id='block_1_99' title="bbox 551 5182 2139 5258">
    <p class='ocr_par' dir='ltr' id='par_1_99' title="bbox 551 5182 2139 5258">
     <span class='ocr_line' id='line_1_99' title="bbox 551 5182 2139 5258; baseline 0.001 -22"><span class='ocrx_word' id='word_1_752' title='bbox 551 5185 594 5237; x_wconf 88' lang='lat' dir='ltr'><strong>si</strong></span> <span class='ocrx_word' id='word_1_753' title='bbox 621 5199 860 5249; x_wconf 78' lang='lat' dir='ltr'><strong>capacem</strong></span> <span class='ocrx_word' id='word_1_754' title='bbox 885 5182 1052 5234; x_wconf 87' lang='lat' dir='ltr'><strong>Deum</strong></span> <span class='ocrx_word' id='word_1_755' title='bbox 1108 5184 1261 5258; x_wconf 28' lang='lat' dir='ltr'><strong>boui-</strong></span> <span class='ocrx_word' id='word_1_756' title='bbox 1294 5186 1539 5258; x_wconf 84' lang='lat' dir='ltr'><strong>alienjus,</strong></span> <span class='ocrx_word' id='word_1_757' title='bbox 1593 5182 1683 5240; x_wconf 79' lang='lat' dir='ltr'><strong>aut</strong></span> <span class='ocrx_word' id='word_1_758' title='bbox 1729 5191 1965 5256; x_wconf 67' lang='lat' dir='ltr'><strong>virtutis,</strong></span> <span class='ocrx_word' id='word_1_759' title='bbox 2015 5182 2139 5258; x_wconf 78' lang='lat' dir='ltr'><strong>puta</strong></span> 
     </span>
    </p>
   </div>
   <div class='ocr_carea' id='block_1_100' title="bbox 551 5253 2140 5325">
    <p class='ocr_par' dir='ltr' id='par_1_100' title="bbox 551 5253 2140 5325">
     <span class='ocr_line' id='line_1_100' title="bbox 551 5253 2140 5325; baseline 0.005 -18"><span class='ocrx_word' id='word_1_760' title='bbox 551 5258 862 5323; x_wconf 58' lang='lat' dir='ltr'><strong>sapientiae,</strong></span> <span class='ocrx_word' id='word_1_761' title='bbox 919 5264 1008 5306; x_wconf 89' lang='lat' dir='ltr'><strong>aut</strong></span> <span class='ocrx_word' id='word_1_762' title='bbox 1049 5253 1294 5307; x_wconf 70' lang='lat' dir='ltr'><strong>veritatis</strong></span> <span class='ocrx_word' id='word_1_763' title='bbox 1336 5257 1561 5320; x_wconf 86' lang='lat' dir='ltr'><strong>diceret,</strong></span> <span class='ocrx_word' id='word_1_764' title='bbox 1594 5268 1803 5325; x_wconf 89' lang='lat' dir='ltr'><strong>poterat</strong></span> <span class='ocrx_word' id='word_1_765' title='bbox 1833 5277 1926 5315; x_wconf 87' lang='lat' dir='ltr'><strong>eas</strong></span> <span class='ocrx_word' id='word_1_766' title='bbox 1955 5253 2140 5315; x_wconf 43' lang='lat' dir='ltr'><strong>&#39;vi&#39;deri</strong></span> 
     </span>
    </p>
   </div>
   <div class='ocr_carea' id='block_1_101' title="bbox 553 5326 2142 5401">
    <p class='ocr_par' dir='ltr' id='par_1_101' title="bbox 553 5326 2142 5401">
     <span class='ocr_line' id='line_1_101' title="bbox 553 5326 2142 5401; baseline 0.006 -25"><span class='ocrx_word' id='word_1_767' title='bbox 553 5326 1166 5401; x_wconf 53' lang='lat' dir='ltr'><strong>aliundeassumpsisse,</strong></span> <span class='ocrx_word' id='word_1_768' title='bbox 1186 5340 1374 5401; x_wconf 76' lang='lat' dir='ltr'><strong>neque</strong></span> <span class='ocrx_word' id='word_1_769' title='bbox 1403 5341 1463 5380; x_wconf 79' lang='lat' dir='ltr'><strong>cx</strong></span> <span class='ocrx_word' id='word_1_770' title='bbox 1491 5343 1548 5401; x_wconf 82' lang='lat' dir='ltr'><strong>se</strong></span> <span class='ocrx_word' id='word_1_771' title='bbox 1573 5328 1794 5401; x_wconf 73' lang='lat' dir='ltr'><strong>habt-re,</strong></span> <span class='ocrx_word' id='word_1_772' title='bbox 1815 5342 1974 5401; x_wconf 87' lang='lat' dir='ltr'><strong>atque</strong></span> <span class='ocrx_word' id='word_1_773' title='bbox 2003 5333 2142 5385; x_wconf 88' lang='lat' dir='ltr'><strong>adeo</strong></span> 
     </span>
    </p>
   </div>
   <div class='ocr_carea' id='block_1_102' title="bbox 552 5397 2138 5469">
    <p class='ocr_par' dir='ltr' id='par_1_102' title="bbox 552 5397 2138 5469">
     <span class='ocr_line' id='line_1_102' title="bbox 552 5397 2138 5469; baseline 0.005 -22"><span class='ocrx_word' id='word_1_774' title='bbox 552 5412 712 5469; x_wconf 70' lang='lat' dir='ltr'><strong>posse</strong></span> <span class='ocrx_word' id='word_1_775' title='bbox 741 5397 1070 5469; x_wconf 67' lang='lat' dir='ltr'><strong>qttantloqm-_</strong></span> <span class='ocrx_word' id='word_1_776' title='bbox 1090 5397 1360 5469; x_wconf 80' lang='lat' dir='ltr'><strong>amittere,</strong></span> <span class='ocrx_word' id='word_1_777' title='bbox 1395 5398 1536 5466; x_wconf 73' lang='lat' dir='ltr'><strong>quttd</strong></span> <span class='ocrx_word' id='word_1_778' title='bbox 1565 5400 1854 5468; x_wconf 69' lang='lat' dir='ltr'><strong>aliquant-lo</strong></span> <span class='ocrx_word' id='word_1_779' title='bbox 1883 5397 2138 5469; x_wconf 57' lang='lat' dir='ltr'><strong>rupisset.</strong></span> 
     </span>
    </p>
   </div>
   <div class='ocr_carea' id='block_1_103' title="bbox 553 5467 2142 5538">
    <p class='ocr_par' dir='ltr' id='par_1_103' title="bbox 553 5467 2142 5538">
     <span class='ocr_line' id='line_1_103' title="bbox 553 5467 2142 5538; baseline 0.004 -19"><span class='ocrx_word' id='word_1_780' title='bbox 553 5468 849 5532; x_wconf 76' lang='lat' dir='ltr'><strong>Capabilem</strong></span> <span class='ocrx_word' id='word_1_781' title='bbox 900 5483 1029 5522; x_wconf 72' lang='lat' dir='ltr'><strong>vero</strong></span> <span class='ocrx_word' id='word_1_782' title='bbox 1060 5467 1182 5519; x_wconf 85' lang='lat' dir='ltr'><strong>ideo</strong></span> <span class='ocrx_word' id='word_1_783' title='bbox 1230 5469 1581 5531; x_wconf 56' lang='lat' dir='ltr'><strong>credendum,</strong></span> <span class='ocrx_word' id='word_1_784' title='bbox 1614 5467 1866 5538; x_wconf 74' lang='lat' dir='ltr'><strong>quoniam</strong></span> <span class='ocrx_word' id='word_1_785' title='bbox 1915 5467 2142 5538; x_wconf 83' lang='lat' dir='ltr'><strong>implere</strong></span> 
     </span>
    </p>
   </div>
   <div class='ocr_carea' id='block_1_104' title="bbox 553 5538 2142 5609">
    <p class='ocr_par' dir='ltr' id='par_1_104' title="bbox 553 5538 2142 5609">
     <span class='ocr_line' id='line_1_104' title="bbox 553 5538 2142 5609; baseline 0.004 -21"><span class='ocrx_word' id='word_1_786' title='bbox 553 5539 700 5590; x_wconf 88' lang='lat' dir='ltr'><strong>illum</strong></span> <span class='ocrx_word' id='word_1_787' title='bbox 719 5554 800 5591; x_wconf 84' lang='lat' dir='ltr'><strong>cm</strong></span> <span class='ocrx_word' id='word_1_788' title='bbox 817 5538 906 5600; x_wconf 84' lang='lat' dir='ltr'><strong>da,</strong></span> <span class='ocrx_word' id='word_1_789' title='bbox 942 5550 1103 5608; x_wconf 85' lang='lat' dir='ltr'><strong>atque</strong></span> <span class='ocrx_word' id='word_1_790' title='bbox 1124 5541 1330 5591; x_wconf 85' lang='lat' dir='ltr'><strong>animas</strong></span> <span class='ocrx_word' id='word_1_791' title='bbox 1351 5540 1582 5592; x_wconf 46' lang='lat' dir='ltr'><strong>litlclium</strong></span> <span class='ocrx_word' id='word_1_792' title='bbox 1606 5543 1783 5596; x_wconf 59' lang='lat' dir='ltr'><strong>tuuttis</strong></span> <span class='ocrx_word' id='word_1_793' title='bbox 1804 5543 1935 5596; x_wconf 84' lang='lat' dir='ltr'><strong>locis</strong></span> <span class='ocrx_word' id='word_1_794' title='bbox 1959 5543 2142 5609; x_wconf 74' lang='lat' dir='ltr'><strong>Scrip—</strong></span> 
     </span>
    </p>
   </div>
   <div class='ocr_carea' id='block_1_105' title="bbox 557 5610 2143 5666">
    <p class='ocr_par' dir='ltr' id='par_1_105' title="bbox 557 5610 2143 5666">
     <span class='ocr_line' id='line_1_105' title="bbox 557 5610 2143 5666; baseline 0.004 -9"><span class='ocrx_word' id='word_1_795' title='bbox 557 5618 686 5659; x_wconf 74' lang='lat' dir='ltr'><strong>turzv</strong></span> <span class='ocrx_word' id='word_1_796' title='bbox 721 5619 1002 5664; x_wconf 84' lang='lat' dir='ltr'><strong>testantur.</strong></span> <span class='ocrx_word' id='word_1_797' title='bbox 1039 5610 1347 5663; x_wconf 66' lang='lat' dir='ltr'><strong>Cruminam</strong></span> <span class='ocrx_word' id='word_1_798' title='bbox 1380 5611 1469 5664; x_wconf 86' lang='lat' dir='ltr'><strong>alii</strong></span> <span class='ocrx_word' id='word_1_799' title='bbox 1505 5611 1708 5665; x_wconf 78' lang='lat' dir='ltr'><strong>Patres.</strong></span> <span class='ocrx_word' id='word_1_800' title='bbox 1738 5615 1936 5666; x_wconf 72' lang='lat' dir='ltr'><strong>Auctor</strong></span> <span class='ocrx_word' id='word_1_801' title='bbox 1966 5613 2143 5666; x_wconf 79' lang='lat' dir='ltr'><strong>Alter-</strong></span> 
     </span>
    </p>
   </div>
   <div class='ocr_carea' id='block_1_106' title="bbox 558 5679 2142 5748">
    <p class='ocr_par' dir='ltr' id='par_1_106' title="bbox 558 5679 2142 5748">
     <span class='ocr_line' id='line_1_106' title="bbox 558 5679 2142 5748; baseline 0.006 -21"><span class='ocrx_word' id='word_1_802' title='bbox 558 5679 794 5748; x_wconf 15' lang='lat' dir='ltr'><strong>(t-ationis</strong></span> <span class='ocrx_word' id='word_1_803' title='bbox 829 5695 947 5734; x_wconf 74' lang='lat' dir='ltr'><strong>cum</strong></span> <span class='ocrx_word' id='word_1_804' title='bbox 996 5679 1282 5736; x_wconf 63' lang='lat' dir='ltr'><strong>Past-cntio</strong></span> <span class='ocrx_word' id='word_1_805' title='bbox 1334 5685 1532 5736; x_wconf 81' lang='lat' dir='ltr'><strong>Artano</strong></span> <span class='ocrx_word' id='word_1_806' title='bbox 1558 5683 1687 5734; x_wconf 90' lang='lat' dir='ltr'><strong>olim</strong></span> <span class='ocrx_word' id='word_1_807' title='bbox 1744 5682 1885 5736; x_wconf 86' lang='lat' dir='ltr'><strong>inter</strong></span> <span class='ocrx_word' id='word_1_808' title='bbox 1913 5684 2142 5748; x_wconf 72' lang='lat' dir='ltr'><strong>August.</strong></span> 
     </span>
    </p>
   </div>
   <div class='ocr_carea' id='block_1_107' title="bbox 555 5747 2146 5824">
    <p class='ocr_par' dir='ltr' id='par_1_107' title="bbox 555 5747 2146 5824">
     <span class='ocr_line' id='line_1_107' title="bbox 555 5747 2146 5824; baseline 0.006 -25"><span class='ocrx_word' id='word_1_809' title='bbox 555 5749 717 5815; x_wconf 80' lang='lat' dir='ltr'><strong>epist.</strong></span> <span class='ocrx_word' id='word_1_810' title='bbox 753 5747 851 5800; x_wconf 81' lang='lat' dir='ltr'><strong>t&#39;l&#39;l</strong></span> <span class='ocrx_word' id='word_1_811' title='bbox 886 5767 898 5800; x_wconf 91' lang='lat'><strong>:</strong></span> <span class='ocrx_word' id='word_1_812' title='bbox 944 5749 1033 5802; x_wconf 80' lang='lat' dir='ltr'><strong>Est</strong></span> <span class='ocrx_word' id='word_1_813' title='bbox 1065 5751 1370 5821; x_wconf 84' lang='lat' dir='ltr'><strong>incapabitis</strong></span> <span class='ocrx_word' id='word_1_814' title='bbox 1402 5749 1584 5820; x_wconf 80' lang='lat' dir='ltr'><strong>Pater,</strong></span> <span class='ocrx_word' id='word_1_815' title='bbox 1618 5767 1769 5822; x_wconf 82' lang='lat' dir='ltr'><strong>quem</strong></span> <span class='ocrx_word' id='word_1_816' title='bbox 1808 5755 1945 5824; x_wconf 79' lang='lat' dir='ltr'><strong>capit</strong></span> <span class='ocrx_word' id='word_1_817' title='bbox 1973 5747 2146 5810; x_wconf 70' lang='lat' dir='ltr'><strong>Filius</strong></span> 
     </span>
    </p>
   </div>
   <div class='ocr_carea' id='block_1_108' title="bbox 2247 4699 3839 4770">
    <p class='ocr_par' dir='ltr' id='par_1_108' title="bbox 2247 4699 3839 4770">
     <span class='ocr_line' id='line_1_108' title="bbox 2247 4699 3839 4770; baseline 0.004 -23"><span class='ocrx_word' id='word_1_818' title='bbox 2247 4714 2392 4770; x_wconf 62' lang='lat' dir='ltr'><strong>(ptem</strong></span> <span class='ocrx_word' id='word_1_819' title='bbox 2423 4700 2560 4767; x_wconf 86' lang='lat' dir='ltr'><strong>capit</strong></span> <span class='ocrx_word' id='word_1_820' title='bbox 2593 4716 2770 4764; x_wconf 76' lang='lat' dir='ltr'><strong>nemo;</strong></span> <span class='ocrx_word' id='word_1_821' title='bbox 2801 4705 2889 4754; x_wconf 83' lang='lat' dir='ltr'><strong>sed</strong></span> <span class='ocrx_word' id='word_1_822' title='bbox 2915 4699 3201 4764; x_wconf 77' lang='lat' dir='ltr'><strong>hominum,</strong></span> <span class='ocrx_word' id='word_1_823' title='bbox 3243 4718 3362 4754; x_wconf 83' lang='lat' dir='ltr'><strong>nam</strong></span> <span class='ocrx_word' id='word_1_824' title='bbox 3404 4712 3536 4757; x_wconf 82' lang='lat' dir='ltr'><strong>totus</strong></span> <span class='ocrx_word' id='word_1_825' title='bbox 3568 4703 3769 4770; x_wconf 80' lang='lat' dir='ltr'><strong>rapitur</strong></span> <span class='ocrx_word' id='word_1_826' title='bbox 3807 4718 3839 4754; x_wconf 80' lang='lat' dir='ltr'><strong>tl</strong></span> 
     </span>
    </p>
   </div>
   <div class='ocr_carea' id='block_1_109' title="bbox 2251 4765 3836 4842">
    <p class='ocr_par' dir='ltr' id='par_1_109' title="bbox 2251 4765 3836 4842">
     <span class='ocr_line' id='line_1_109' title="bbox 2251 4765 3836 4842; baseline 0.004 -22"><span class='ocrx_word' id='word_1_827' title='bbox 2251 4765 2410 4842; x_wconf 63' lang='lat' dir='ltr'><strong>If‘ii&#39;io.</strong></span> <span class='ocrx_word' id='word_1_828' title='bbox 2453 4765 2508 4823; x_wconf 83' lang='lat' dir='ltr'><strong>lu</strong></span> <span class='ocrx_word' id='word_1_829' title='bbox 2539 4772 2762 4824; x_wconf 84' lang='lat' dir='ltr'><strong>Arnohii</strong></span> <span class='ocrx_word' id='word_1_830' title='bbox 2792 4782 2844 4822; x_wconf 88' lang='lat' dir='ltr'><strong>et</strong></span> <span class='ocrx_word' id='word_1_831' title='bbox 2888 4771 3204 4842; x_wconf 84' lang='lat' dir='ltr'><strong>Serapionis</strong></span> <span class='ocrx_word' id='word_1_832' title='bbox 3230 4771 3493 4828; x_wconf 80' lang='lat' dir='ltr'><strong>Conﬂicut</strong></span> <span class='ocrx_word' id='word_1_833' title='bbox 3523 4765 3644 4842; x_wconf 77' lang='lat' dir='ltr'><strong>pag.</strong></span> <span class='ocrx_word' id='word_1_834' title='bbox 3696 4771 3836 4829; x_wconf 64' lang='lat'><strong>543;</strong></span> 
     </span>
    </p>
   </div>
   <div class='ocr_carea' id='block_1_110' title="bbox 2251 4839 3023 4909">
    <p class='ocr_par' dir='ltr' id='par_1_110' title="bbox 2251 4839 3023 4909">
     <span class='ocr_line' id='line_1_110' title="bbox 2251 4839 3023 4909; baseline 0 -19"><span class='ocrx_word' id='word_1_835' title='bbox 2251 4839 2387 4893; x_wconf 78' lang='lat' dir='ltr'><strong>Deus</strong></span> <span class='ocrx_word' id='word_1_836' title='bbox 2410 4856 2593 4909; x_wconf 79' lang='lat' dir='ltr'><strong>capax.</strong></span> <span class='ocrx_word' id='word_1_837' title='bbox 2623 4857 2721 4894; x_wconf 85' lang='lat' dir='ltr'><strong>non</strong></span> <span class='ocrx_word' id='word_1_838' title='bbox 2751 4841 3023 4908; x_wconf 78' lang='lat' dir='ltr'><strong>capabilis.</strong></span> 
     </span>
    </p>
   </div>
   <div class='ocr_carea' id='block_1_111' title="bbox 2326 4911 3398 4984">
    <p class='ocr_par' dir='ltr' id='par_1_111' title="bbox 2326 4911 3398 4984">
     <span class='ocr_line' id='line_1_111' title="bbox 2326 4911 3398 4984; baseline 0.001 -20"><span class='ocrx_word' id='word_1_839' title='bbox 2326 4922 2347 4984; x_wconf 67' lang='grc' dir='ltr'><strong>ις</strong></span> <span class='ocrx_word' id='word_1_840' title='bbox 2379 4911 2524 4984; x_wconf 71' lang='lat' dir='ltr'><strong>Qlim</strong></span> <span class='ocrx_word' id='word_1_841' title='bbox 2544 4913 2630 4984; x_wconf 82' lang='lat' dir='ltr'><strong>De</strong></span> <span class='ocrx_word' id='word_1_842' title='bbox 2651 4913 2858 4984; x_wconf 13' lang='lat' dir='ltr'><strong>iSanCto</strong></span> <span class='ocrx_word' id='word_1_843' title='bbox 2883 4914 3071 4984; x_wconf 84' lang='lat' dir='ltr'><strong>spiritu</strong></span> <span class='ocrx_word' id='word_1_844' title='bbox 3105 4925 3398 4968; x_wconf 82' lang='lat' dir='ltr'><strong>tractemus.</strong></span> 
     </span>
    </p>
   </div>
   <div class='ocr_carea' id='block_1_112' title="bbox 2321 4978 3838 5055">
    <p class='ocr_par' dir='ltr' id='par_1_112' title="bbox 2321 4978 3838 5055">
     <span class='ocr_line' id='line_1_112' title="bbox 2321 4978 3838 5055; baseline 0.003 -20"><span class='ocrx_word' id='word_1_845' title='bbox 2321 4978 2348 5018; x_wconf 73' lang='grc' dir='ltr'><em>ά</em></span> <span class='ocrx_word' id='word_1_846' title='bbox 2377 4982 2509 5051; x_wconf 86' lang='lat' dir='ltr'><strong>Ejus</strong></span> <span class='ocrx_word' id='word_1_847' title='bbox 2540 4983 2662 5038; x_wconf 88' lang='lat' dir='ltr'><strong>libri</strong></span> <span class='ocrx_word' id='word_1_848' title='bbox 2693 4984 2854 5037; x_wconf 88' lang='lat' dir='ltr'><strong>etiam</strong></span> <span class='ocrx_word' id='word_1_849' title='bbox 2890 4978 3050 5052; x_wconf 82' lang='lat' dir='ltr'><strong>paulo</strong></span> <span class='ocrx_word' id='word_1_850' title='bbox 3078 4986 3216 5040; x_wconf 85' lang='lat' dir='ltr'><strong>infra</strong></span> <span class='ocrx_word' id='word_1_851' title='bbox 3241 4986 3506 5049; x_wconf 88' lang='lat' dir='ltr'><strong>meminit,</strong></span> <span class='ocrx_word' id='word_1_852' title='bbox 3535 4984 3619 5038; x_wconf 86' lang='lat' dir='ltr'><strong>ubi</strong></span> <span class='ocrx_word' id='word_1_853' title='bbox 3649 4985 3838 5055; x_wconf 86' lang='lat' dir='ltr'><strong>dequi-</strong></span> 
     </span>
    </p>
   </div>
   <div class='ocr_carea' id='block_1_113' title="bbox 2250 5053 3844 5130">
    <p class='ocr_par' dir='ltr' id='par_1_113' title="bbox 2250 5053 3844 5130">
     <span class='ocr_line' id='line_1_113' title="bbox 2250 5053 3844 5130; baseline 0.005 -26"><span class='ocrx_word' id='word_1_854' title='bbox 2250 5053 2367 5130; x_wconf 61' lang='lat' dir='ltr'><strong>(ius,</strong></span> <span class='ocrx_word' id='word_1_855' title='bbox 2417 5055 2612 5130; x_wconf 82' lang='lat' dir='ltr'><strong>inquit,</strong></span> <span class='ocrx_word' id='word_1_856' title='bbox 2651 5057 2765 5130; x_wconf 57' lang='lat' dir='ltr'><strong>jam</strong></span> <span class='ocrx_word' id='word_1_857' title='bbox 2805 5055 3128 5130; x_wconf 70' lang='lat' dir='ltr'><strong>abundanter</strong></span> <span class='ocrx_word' id='word_1_858' title='bbox 3156 5059 3212 5130; x_wconf 74' lang='lat' dir='ltr'><strong>in</strong></span> <span class='ocrx_word' id='word_1_859' title='bbox 3262 5053 3844 5130; x_wconf 28' lang='lat' dir='ltr'><strong>Sectarunt‘uoluntins</strong></span> 
     </span>
    </p>
   </div>
   <div class='ocr_carea' id='block_1_114' title="bbox 2247 5125 3836 5197">
    <p class='ocr_par' dir='ltr' id='par_1_114' title="bbox 2247 5125 3836 5197">
     <span class='ocr_line' id='line_1_114' title="bbox 2247 5125 3836 5197; baseline 0.004 -21"><span class='ocrx_word' id='word_1_860' title='bbox 2247 5125 2898 5192; x_wconf 65' lang='lat' dir='ltr'><strong>disputavimus.Meminit</strong></span> <span class='ocrx_word' id='word_1_861' title='bbox 2917 5143 3128 5197; x_wconf 82' lang='lat' dir='ltr'><strong>quoque</strong></span> <span class='ocrx_word' id='word_1_862' title='bbox 3154 5128 3463 5182; x_wconf 74' lang='lat' dir='ltr'><strong>Heraclides</strong></span> <span class='ocrx_word' id='word_1_863' title='bbox 3484 5129 3536 5180; x_wconf 88' lang='lat' dir='ltr'><strong>itt</strong></span> <span class='ocrx_word' id='word_1_864' title='bbox 3559 5127 3836 5196; x_wconf 64' lang='lat' dir='ltr'><strong>Paratliso,</strong></span> 
     </span>
    </p>
   </div>
   <div class='ocr_carea' id='block_1_115' title="bbox 2249 5197 3838 5266">
    <p class='ocr_par' dir='ltr' id='par_1_115' title="bbox 2249 5197 3838 5266">
     <span class='ocr_line' id='line_1_115' title="bbox 2249 5197 3838 5266; baseline 0.004 -20"><span class='ocrx_word' id='word_1_865' title='bbox 2249 5210 2373 5262; x_wconf 88' lang='lat' dir='ltr'><strong>cap.</strong></span> <span class='ocrx_word' id='word_1_866' title='bbox 2411 5201 2419 5244; x_wconf 87' lang='lat' dir='ltr'><strong>l</strong></span> <span class='ocrx_word' id='word_1_867' title='bbox 2451 5197 2724 5266; x_wconf 80' lang='lat' dir='ltr'><strong>:_maxime</strong></span> <span class='ocrx_word' id='word_1_868' title='bbox 2757 5213 2882 5250; x_wconf 88' lang='lat' dir='ltr'><strong>vero</strong></span> <span class='ocrx_word' id='word_1_869' title='bbox 2907 5198 3126 5251; x_wconf 78' lang='lat' dir='ltr'><strong>Ilieron.</strong></span> <span class='ocrx_word' id='word_1_870' title='bbox 3164 5202 3213 5250; x_wconf 89' lang='lat' dir='ltr'><strong>in</strong></span> <span class='ocrx_word' id='word_1_871' title='bbox 3243 5199 3516 5265; x_wconf 82' lang='lat' dir='ltr'><strong>Catalogo,</strong></span> <span class='ocrx_word' id='word_1_872' title='bbox 3550 5215 3670 5266; x_wconf 88' lang='lat' dir='ltr'><strong>cap.</strong></span> <span class='ocrx_word' id='word_1_873' title='bbox 3707 5199 3838 5265; x_wconf 80' lang='grc'><strong>109,</strong></span> 
     </span>
    </p>
   </div>
   <div class='ocr_carea' id='block_1_116' title="bbox 2249 5263 3841 5336">
    <p class='ocr_par' dir='ltr' id='par_1_116' title="bbox 2249 5263 3841 5336">
     <span class='ocr_line' id='line_1_116' title="bbox 2249 5263 3841 5336; baseline 0.004 -18"><span class='ocrx_word' id='word_1_874' title='bbox 2249 5279 2277 5318; x_wconf 87' lang='lat' dir='ltr'><strong>a</strong></span> <span class='ocrx_word' id='word_1_875' title='bbox 2323 5281 2428 5332; x_wconf 79' lang='lat' dir='ltr'><strong>quo</strong></span> <span class='ocrx_word' id='word_1_876' title='bbox 2460 5263 2587 5317; x_wconf 78' lang='lat' dir='ltr'><strong>liber</strong></span> <span class='ocrx_word' id='word_1_877' title='bbox 2636 5269 2697 5319; x_wconf 83' lang='lat' dir='ltr'><strong>de</strong></span> <span class='ocrx_word' id='word_1_878' title='bbox 2731 5267 3064 5335; x_wconf 80' lang='lat' dir='ltr'><strong>Dognmtibus</strong></span> <span class='ocrx_word' id='word_1_879' title='bbox 3111 5263 3452 5336; x_wconf 53' lang='lat' dir='ltr'><strong>appellatur,</strong></span> <span class='ocrx_word' id='word_1_880' title='bbox 3493 5263 3648 5321; x_wconf 83' lang='lat' dir='ltr'><strong>facile</strong></span> <span class='ocrx_word' id='word_1_881' title='bbox 3696 5263 3841 5324; x_wconf 77' lang='lat' dir='ltr'><strong>enim</strong></span> 
     </span>
    </p>
   </div>
   <div class='ocr_carea' id='block_1_117' title="bbox 2248 5339 3844 5408">
    <p class='ocr_par' dir='ltr' id='par_1_117' title="bbox 2248 5339 3844 5408">
     <span class='ocr_line' id='line_1_117' title="bbox 2248 5339 3844 5408; baseline 0.002 -18"><span class='ocrx_word' id='word_1_882' title='bbox 2248 5339 2369 5408; x_wconf 78' lang='grc' dir='ltr'><strong>περὶ</strong></span> <span class='ocrx_word' id='word_1_883' title='bbox 2393 5341 2662 5407; x_wconf 66' lang='grc' dir='ltr'><strong>Δογμάτων</strong></span> <span class='ocrx_word' id='word_1_884' title='bbox 2679 5340 3098 5397; x_wconf 78' lang='lat' dir='ltr'><strong>inscribehatur,</strong></span> <span class='ocrx_word' id='word_1_885' title='bbox 3119 5351 3173 5391; x_wconf 94' lang='lat' dir='ltr'><strong>ut</strong></span> <span class='ocrx_word' id='word_1_886' title='bbox 3200 5356 3265 5392; x_wconf 78' lang='lat' dir='ltr'><strong>ex</strong></span> <span class='ocrx_word' id='word_1_887' title='bbox 3291 5341 3408 5405; x_wconf 82' lang='lat' dir='ltr'><strong>ipso</strong></span> <span class='ocrx_word' id='word_1_888' title='bbox 3431 5339 3661 5408; x_wconf 75' lang='lat' dir='ltr'><strong>Didyme</strong></span> <span class='ocrx_word' id='word_1_889' title='bbox 3685 5342 3844 5407; x_wconf 89' lang='lat' dir='ltr'><strong>paulo</strong></span> 
     </span>
    </p>
   </div>
   <div class='ocr_carea' id='block_1_118' title="bbox 2249 5356 3845 5475">
    <p class='ocr_par' dir='ltr' id='par_1_118' title="bbox 2249 5356 3845 5475">
     <span class='ocr_line' id='line_1_118' title="bbox 2249 5356 3844 5458; baseline 0.002 -68"><span class='ocrx_word' id='word_1_890' title='bbox 2249 5356 2369 5458; x_wconf 55' lang='lat' dir='ltr'><strong>neri</strong></span> <span class='ocrx_word' id='word_1_891' title='bbox 2393 5356 2662 5407; x_wconf 68' lang='grc' dir='ltr'><strong>Δογμωτων</strong></span> <span class='ocrx_word' id='word_1_892' title='bbox 2679 5356 3098 5397; x_wconf 72' lang='lat' dir='ltr'><strong>inscrtuenatur,</strong></span> <span class='ocrx_word' id='word_1_893' title='bbox 3119 5356 3173 5391; x_wconf 92' lang='lat' dir='ltr'><strong>ut</strong></span> <span class='ocrx_word' id='word_1_894' title='bbox 3200 5356 3265 5392; x_wconf 79' lang='lat' dir='ltr'><strong>ex</strong></span> <span class='ocrx_word' id='word_1_895' title='bbox 3291 5356 3408 5405; x_wconf 82' lang='lat' dir='ltr'><strong>Ipso</strong></span> <span class='ocrx_word' id='word_1_896' title='bbox 3431 5356 3661 5408; x_wconf 73' lang='lat' dir='ltr'><strong>uraymo</strong></span> <span class='ocrx_word' id='word_1_897' title='bbox 3685 5356 3844 5407; x_wconf 79' lang='lat' dir='ltr'><strong>patilo</strong></span> 
     </span>
     <span class='ocr_line' id='line_1_119' title="bbox 2249 5408 3845 5475; baseline 0.004 -20"><span class='ocrx_word' id='word_1_898' title='bbox 2249 5408 2298 5458; x_wconf 89' lang='lat' dir='ltr'><strong>iu</strong></span> <span class='ocrx_word' id='word_1_899' title='bbox 2324 5408 2473 5459; x_wconf 69' lang='lat' dir='ltr'><strong>crius</strong></span> <span class='ocrx_word' id='word_1_900' title='bbox 2507 5410 2631 5460; x_wconf 89' lang='lat' dir='ltr'><strong>licet</strong></span> <span class='ocrx_word' id='word_1_901' title='bbox 2675 5410 2951 5475; x_wconf 81' lang='lat' dir='ltr'><strong>Colligere.</strong></span> <span class='ocrx_word' id='word_1_902' title='bbox 2995 5409 3080 5460; x_wconf 87' lang='lat' dir='ltr'><strong>ubi</strong></span> <span class='ocrx_word' id='word_1_903' title='bbox 3117 5410 3374 5473; x_wconf 64' lang='lat' dir='ltr'><strong>Spiritum</strong></span> <span class='ocrx_word' id='word_1_904' title='bbox 3423 5420 3657 5462; x_wconf 86' lang='lat' dir='ltr'><strong>sanctum</strong></span> <span class='ocrx_word' id='word_1_905' title='bbox 3687 5410 3845 5462; x_wconf 80' lang='lat' dir='ltr'><strong>Crea-</strong></span> 
     </span>
    </p>
   </div>
   <div class='ocr_carea' id='block_1_119' title="bbox 2247 5477 3845 5550">
    <p class='ocr_par' dir='ltr' id='par_1_119' title="bbox 2247 5477 3845 5550">
     <span class='ocr_line' id='line_1_120' title="bbox 2247 5477 3845 5550; baseline 0.003 -21"><span class='ocrx_word' id='word_1_906' title='bbox 2247 5486 2407 5550; x_wconf 67' lang='lat' dir='ltr'><strong>torem</strong></span> <span class='ocrx_word' id='word_1_907' title='bbox 2434 5492 2576 5538; x_wconf 82' lang='lat' dir='ltr'><strong>esse,</strong></span> <span class='ocrx_word' id='word_1_908' title='bbox 2599 5482 2713 5550; x_wconf 85' lang='lat' dir='ltr'><strong>jam</strong></span> <span class='ocrx_word' id='word_1_909' title='bbox 2734 5479 2784 5530; x_wconf 89' lang='lat' dir='ltr'><strong>in</strong></span> <span class='ocrx_word' id='word_1_910' title='bbox 2811 5477 3120 5546; x_wconf 80' lang='lat' dir='ltr'><strong>Dogntatum</strong></span> <span class='ocrx_word' id='word_1_911' title='bbox 3144 5477 3404 5533; x_wconf 79' lang='lat' dir='ltr'><strong>uolumine</strong></span> <span class='ocrx_word' id='word_1_912' title='bbox 3448 5495 3507 5532; x_wconf 89' lang='lat' dir='ltr'><strong>se</strong></span> <span class='ocrx_word' id='word_1_913' title='bbox 3551 5480 3685 5534; x_wconf 86' lang='lat' dir='ltr'><strong>dicit</strong></span> <span class='ocrx_word' id='word_1_914' title='bbox 3733 5482 3845 5534; x_wconf 83' lang='lat' dir='ltr'><strong>bre-</strong></span> 
     </span>
    </p>
   </div>
   <div class='ocr_carea' id='block_1_120' title="bbox 2249 5549 3847 5624">
    <p class='ocr_par' dir='ltr' id='par_1_120' title="bbox 2249 5549 3847 5624">
     <span class='ocr_line' id='line_1_121' title="bbox 2249 5549 3847 5624; baseline 0 -25"><span class='ocrx_word' id='word_1_915' title='bbox 2249 5549 2374 5624; x_wconf 79' lang='lat' dir='ltr'><strong>viter</strong></span> <span class='ocrx_word' id='word_1_916' title='bbox 2404 5549 2730 5624; x_wconf 43' lang='lat' dir='ltr'><strong>ostendisses</strong></span> <span class='ocrx_word' id='word_1_917' title='bbox 2765 5555 2916 5624; x_wconf 61' lang='lat' dir='ltr'><strong>certe</strong></span> <span class='ocrx_word' id='word_1_918' title='bbox 2946 5562 3050 5624; x_wconf 71' lang='lat' dir='ltr'><strong>non</strong></span> <span class='ocrx_word' id='word_1_919' title='bbox 3091 5554 3210 5624; x_wconf 70' lang='grc' dir='ltr'><strong>περὶ</strong></span> <span class='ocrx_word' id='word_1_920' title='bbox 3236 5552 3505 5624; x_wconf 67' lang='grc' dir='ltr'><strong>ᾼξρέσιως,</strong></span> <span class='ocrx_word' id='word_1_921' title='bbox 3540 5560 3596 5602; x_wconf 88' lang='lat' dir='ltr'><strong>ttt</strong></span> <span class='ocrx_word' id='word_1_922' title='bbox 3626 5550 3847 5624; x_wconf 75' lang='lat' dir='ltr'><strong>quidam</strong></span> 
     </span>
    </p>
   </div>
   <div class='ocr_carea' id='block_1_121' title="bbox 2251 5616 3842 5686">
    <p class='ocr_par' dir='ltr' id='par_1_121' title="bbox 2251 5616 3842 5686">
     <span class='ocr_line' id='line_1_122' title="bbox 2251 5616 3842 5686; baseline 0.004 -16"><span class='ocrx_word' id='word_1_923' title='bbox 2251 5619 2454 5685; x_wconf 86' lang='lat' dir='ltr'><strong>opinati</strong></span> <span class='ocrx_word' id='word_1_924' title='bbox 2477 5618 2754 5675; x_wconf 80' lang='lat' dir='ltr'><strong>sunt..Vid.</strong></span> <span class='ocrx_word' id='word_1_925' title='bbox 2773 5616 3228 5672; x_wconf 71' lang='lat' dir='ltr'><strong>Theodorituniin</strong></span> <span class='ocrx_word' id='word_1_926' title='bbox 3254 5616 3389 5674; x_wconf 65' lang='lat' dir='ltr'><strong>ll&#39;ist.</strong></span> <span class='ocrx_word' id='word_1_927' title='bbox 3410 5623 3507 5674; x_wconf 88' lang='lat' dir='ltr'><strong>lib.</strong></span> <span class='ocrx_word' id='word_1_928' title='bbox 3524 5635 3597 5682; x_wconf 85' lang='lat' dir='ltr'><strong>tv,</strong></span> <span class='ocrx_word' id='word_1_929' title='bbox 3614 5616 3732 5686; x_wconf 81' lang='lat' dir='ltr'><strong>cap.</strong></span> <span class='ocrx_word' id='word_1_930' title='bbox 3751 5623 3842 5676; x_wconf 76' lang='lat'><strong>‘29.</strong></span> 
     </span>
    </p>
   </div>
   <div class='ocr_carea' id='block_1_122' title="bbox 2328 5688 3695 5760">
    <p class='ocr_par' dir='ltr' id='par_1_122' title="bbox 2328 5688 3695 5760">
     <span class='ocr_line' id='line_1_123' title="bbox 2328 5688 3695 5760; baseline -0.001 -14"><span class='ocrx_word' id='word_1_931' title='bbox 2328 5699 2349 5729; x_wconf 68' lang='grc' dir='ltr'>θ</span> <span class='ocrx_word' id='word_1_932' title='bbox 2376 5689 2596 5746; x_wconf 79' lang='lat' dir='ltr'><strong>Tholos.</strong></span> <span class='ocrx_word' id='word_1_933' title='bbox 2632 5703 2759 5755; x_wconf 81' lang='lat' dir='ltr'><strong>ms.,</strong></span> <span class='ocrx_word' id='word_1_934' title='bbox 2789 5688 3080 5756; x_wconf 75' lang='lat' dir='ltr'><strong>spiritualis</strong></span> <span class='ocrx_word' id='word_1_935' title='bbox 3103 5691 3362 5760; x_wconf 85' lang='lat' dir='ltr'><strong>particeps</strong></span> <span class='ocrx_word' id='word_1_936' title='bbox 3389 5702 3435 5744; x_wconf 88' lang='lat' dir='ltr'><strong>et</strong></span> <span class='ocrx_word' id='word_1_937' title='bbox 3464 5704 3695 5745; x_wconf 79' lang='lat' dir='ltr'><strong>sanctus.</strong></span> 
     </span>
    </p>
   </div>
  </div>
