4056 6338
532 354 630 410 111

1754 334 1812 392 S.
1856 330 2126 392 EUSEBII
2165 330 2547 392 HlERONYMI

3727 340 3834 399 112

530 474 667 546 (Act.
704 483 817 535 xm,
852 467 930 537 9).
962 464 1027 520 Et
1058 464 1110 519 in
1142 476 1427 519 commune
1456 462 1525 516 de
1548 460 1816 515 universis
1848 461 2124 516 credenti-
2152 467 2197 527 Α
2228 478 2345 517 rum
2401 463 2520 529 Dei,
2568 463 2660 534 qui
2719 462 2947 533 Spiritu,
2976 471 3029 517 et
3076 462 3371 519 secundum
3424 463 3712 532 Spiritum,
3777 467 3829 522 in

528 572 627 625 bus
651 574 971 621 annotatur:
995 560 1253 627 Discipuli
1276 575 1473 626 quoque
1499 557 1829 626 replebautur
1845 558 2059 628 gaudio,
2082 567 2128 610 et

531 662 731 734 Spiritu
759 669 937 714 sancto
968 655 1159 728 (lbid..
1191 654 1308 722 52).
1346 654 1531 724 Angeli
1586 662 1766 707 autem
1812 653 2125 723 przesentia,

524 755 641 809 sive
672 752 904 819 alicujus
938 747 1094 820 115
1121 746 1344 800 alterius
1390 744 1713 799 excellentis
1746 757 1973 805 natura},
2005 760 2127 813 qua:

526 847 665 901 facta
695 853 799 907 est,
830 857 936 895 nun
969 840 1162 907 implet
1198 847 1435 893 mentem
1483 848 1645 905 alque
1700 850 1921 891 sensum
1952 852 1965 888 :
2001 835 2126 905 quia

528 946 584 993 et
611 938 726 1005 ipsa
754 932 970 987 aliunde
1000 931 1325 994 Completur.
1360 928 1647 995 Quomodo
1677 931 1819 982 enim
1851 943 1915 983 ex
1951 927 2124 995 pleni-

531 1028 717 1083 tudine
743 1028 867 1096 quis
889 1022 1164 1089 accipiens
1192 1019 1514 1085 Salvatoris,
1552 1020 1745 1090 plenus
1776 1018 2012 1072 eiticitur
2038 1032 2127 1071 sa-

530 1120 754 1191 pientia,
780 1128 806 1155 α
834 1129 890 1173 et
914 1120 1135 1174 virtute.
1167 1126 1220 1169 et
1247 1114 1479 1183 jus-tilia,
1509 1125 1564 1165 et
1590 1126 1847 1167 sermOne
1875 1110 1968 1165 Dei
1997 1127 2011 1163 :
2046 1109 2126 1164 sic

526 1216 617 1284 qui
649 1213 854 1281 Spiritu
878 1218 1069 1263 sancto
1101 1207 1291 1275 plenus
1312 1214 1417 1268 est,
1452 1204 1636 1258 statim
1668 1204 1935 1259 universis
1957 1202 2127 1256 dona-

527 1306 768 1361 tionibus
794 1303 889 1357 Dei
918 1302 1179 1371 repletur,
1201 1299 1488 1366 sapientia,
1521 1298 1768 1357 scientia,
1798 1295 1922 1357 tide,
1956 1304 2123 1348 acte-

527 1402 713 1471 risque
743 1396 1055 1452 virtutibus.
1088 1393 1193 1462 Qui
1223 1394 1388 1463 igitur
1418 1392 1607 1461 implet
1638 1390 1923 1444 universas
1970 1402 2125 1441 crea-

528 1504 698 1559 turas,
729 1491 759 1531 b
790 1506 912 1559 quae
944 1500 1120 1545 tamen
1155 1494 1381 1555 possunt
1410 1487 1687 1549 virtutem,
1717 1488 1771 1539 et
1797 1483 2121 1552 Sapientiam

526 1602 748 1660 capere,
780 1602 886 1640 non
920 1594 1000 1639 est
1030 1598 1099 1638 ex
1149 1582 1236 1635 his
1262 1595 1381 1650 qua:
1426 1582 1543 1649 ipse
1580 1576 1835 1647 cutnplet.
1884 1575 1963 1630 Ex
2014 1590 2123 1645 quo

525 1683 803 1751 colligitur
832 1679 1060 1733 alterius
1086 1690 1211 1729 eum
1244 1688 1366 1729 esse
1406 1672 1758 1733 substantiae,
1791 1684 1953 1739 quam
1996 1675 2126 1722 sunt

527 1789 721 1832 omnes
746 1780 1031 1827 creaturae.
1066 1767 1313 1821 Diximus
1344 1773 1399 1818 et
1430 1762 1581 1827 alibi,
1625 1762 1749 1831 quia
1797 1758 2125 1829 superintel-

2234 558 2404 627 pritna
2438 558 2670 627 apostoli
2706 558 2854 613 Pauli
2904 559 3144 627 Epistula
3186 557 3252 612 ad
3305 558 3619 614 Corinthios
3662 560 3833 615 collo-

2230 665 2445 705 cantur.
2492 651 2763 706 lutantutn
2806 664 2986 707 amem
3054 651 3366 721 Stephanus
3410 651 3597 706 divina
3652 654 3828 722 gratia

2230 742 2562 808 abundabat,
2600 753 2655 797 ut
2684 759 2847 799 nemo
2872 744 3385 808 comradicentium,
3421 753 3476 798 et
3501 759 3689 799 eorum
3736 745 3829 815 qui

2228 835 2493 891 adversus
2544 852 2669 891 eum
2722 837 3095 907 disputabant,
3146 837 3395 891 valerent
3440 838 3701 893 resistere
3746 854 3832 894 sa-

2229 928 2471 997 pientire,
2511 940 2566 983 et
2596 928 2820 997 Spiritui
2852 930 2944 999 qui
2998 929 3325 999 loquebatur
3372 930 3423 983 in
3463 928 3577 984 illo.
3635 929 3655 967 τ
3704 930 3833 987 Erat

2227 1021 2426 1088 quippe
2458 1036 2489 1076 e
2514 1022 2723 1090 Spiritu
2755 1030 2944 1077 sancto
2968 1023 3207 1092 sapiens.
3240 1021 3396 1078 Unde
3417 1032 3473 1077 et
3498 1022 3563 1077 ad
3592 1023 3831 1092 discipu-

2228 1112 2306 1167 los
2338 1130 2468 1168 suos
2496 1114 2656 1168 Jesus
2690 1117 2974 1185 perspicue
3003 1118 3301 1185 proclamat
3328 1133 3340 1167 :
3371 1114 3504 1170 Cum
3534 1115 3830 1173 introducti

2227 1207 2438 1262 fueritis
2465 1192 2921 1278 adprincipatus,
2957 1221 3011 1265 et
3046 1217 3371 1279 potestates,
3399 1217 3455 1264 et
3483 1210 3741 1277 concilia,
3774 1219 3832 1265 et

2226 1314 2551 1370 synagogas.
2584 1303 2751 1357 nolite
2793 1317 2918 1357 esse
2939 1303 3155 1357 solliciti
3186 1302 3311 1370 quid
3341 1317 3437 1357 vos
3477 1312 3723 1372 oporteat
3750 1303 3831 1359 di-

2226 1411 2371 1461 cere,
2401 1406 2495 1450 aut
2520 1397 2646 1467 quid
2684 1398 2983 1467 loquamini
3027 1398 3077 1450 in
3121 1396 3213 1451 illo
3246 1408 3515 1464 tempore.
3547 1397 3829 1454 Dabuntur

2226 1489 2374 1543 enim
2418 1488 2575 1543 vobis
2622 1504 2651 1541 a
2692 1489 2901 1558 Spiritu
2952 1500 3145 1544 sancto
3186 1504 3476 1544 sermones
3517 1490 3826 1559 sapientiai,

2226 1583 2423 1652 quibus
2453 1598 2559 1637 nou
2610 1592 2812 1653 queant
2838 1582 3241 1646 contradicere,
3274 1597 3342 1637 ne
3390 1581 3445 1637 hi
3484 1584 3705 1654 quidem
3736 1584 3830 1655 qui

2226 1677 2579 1732 vehementer
2611 1679 2663 1730 in
2691 1677 3150 1745 disputatiOuihus
3175 1676 3403 1731 callent.

2301 1770 2386 1825 10.
2429 1769 2534 1824 Sed
2579 1785 2845 1839 ponamus
2897 1772 3073 1840 ipsunt
3124 1769 3519 1837 testimonium,
3565 1770 3711 1840 quod
3753 1770 3830 1827 ita

524 1872 725 1940 ligatur
754 1867 808 1921 in
840 1867 1012 1920 sincti
1044 1861 1282 1931 Spiritus
1311 1858 1614 1915 substantia
1647 1855 1812 1910 etiam
1846 1851 2120 1923 plenitudo

2230 1863 2541 1917 contexitur
2557 1882 2569 1915 :
2585 1861 2713 1917 Cant
2741 1873 2915 1916 autem
2943 1861 3330 1916 introduxerint
3348 1878 3435 1916 vos
3454 1864 3513 1915 in
3534 1878 3827 1933 synagogas

526 1976 817 2018 munerum
850 1958 1184 2012 divinorum.

598 2055 651 2110 9.
696 2054 942 2120 Denique
988 2045 1328 2116 ilnthssibile
1376 2051 1460 2098 est
1507 2042 1735 2113 gratiam
1794 2039 1889 2095 Dei
1941 2037 2126 2093 sortiri

526 2147 860 2218 quempiam.
890 2142 936 2196 si
962 2156 1066 2195 non
1097 2139 1299 2193 habeat
1330 2137 1589 2205 Spiritqu
1612 2144 1860 2189 Sanctum
1894 2149 1907 2184 :
1939 2131 1995 2185 iit
2018 2144 2127 2199 quo

530 2252 553 2281 ο
585 2238 950 2309 approbamus
1002 2242 1199 2289 cuncta
1253 2230 1349 2285 Dei
1400 2229 1543 2283 dona
1596 2228 1916 2282 consistere.
1967 2222 2125 2292 Quod

525 2348 659 2388 vero
690 2331 736 2387 is
772 2332 861 2400 qui
896 2328 1089 2383 habeat
1120 2342 1274 2391 eum,
1304 2338 1616 2380 sermonem
1662 2337 1877 2391 quoque
1907 2320 2125 2389 sapien-

524 2427 637 2487 tiae.
681 2434 738 2480 et
781 2423 990 2494 reliqua
1042 2421 1186 2476 bona
1232 2419 1469 2489 perfecte
1517 2428 1846 2472 consecutus
1891 2416 1963 2470 sit
2008 2432 2020 2466 :
2072 2421 2127 2469 et

528 2536 673 2577 nunc
700 2517 991 2573 tnanife~te
1019 2530 1201 2569 sermo
1228 2515 1592 2573 demonstrat,
1624 2521 1675 2563 et
1706 2511 1866 2577 paulu
1896 2514 2021 2562 ante
2044 2506 2128 2561 di-

526 2614 727 2679 ximus,
758 2608 1122 2665 substantiam
1151 2606 1415 2659 bonorum
1444 2603 1543 2657 Dei
1572 2603 1833 2672 Spiritum
1864 2601 2122 2656 Sanctum

528 2721 649 2761 esse
680 2721 691 2757 :
723 2718 845 2757 cum
881 2701 1161 2768 posuimus
1190 2696 1525 2763 exemplum,
1557 2692 1713 2745 Dabit
1755 2691 1912 2745 Pater
1953 2691 2127 2759 Spiri-

529 2809 637 2852 tum
681 2806 915 2849 sanctum
960 2788 1247 2860 petentibus
1290 2805 1345 2842 se
1392 2785 1545 2854 (Luc.
1597 2801 1674 2848 xi,
1710 2785 1821 2853 i5}.
1857 2785 1941 2848 lit,
1973 2781 2125 2834 Dabit

530 2892 695 2946 Pater
718 2889 850 2942 bona
880 2883 1162 2957 petentibus
1192 2897 1246 2934 se
1286 2877 1505 2950 (Matth.
1536 2893 1591 2941 ν,
1637 2876 1749 2946 11).
1797 2874 1908 2929 Nec
1938 2874 2127 2928 existi-

526 2999 680 3041 mare
728 2980 1021 3042 debemus,
1070 2975 1331 3044 Spiritum
1379 2979 1624 3026 sanctum
1666 2970 1965 3023 secundum
1998 2966 2127 3021 sub-

526 3076 761 3133 stautias
794 3072 902 3145 [ΑΙ.
931 3065 1312 3138 subSIantiatn]
1340 3079 1465 3121 eSse
1495 3063 1753 3129 divisum,
1784 3064 1911 3131 quia
1943 3061 2127 3114 inulti-

526 3172 660 3225 tudo
690 3168 956 3223 bonorum
982 3162 1219 3217 dicatur.
1262 3156 1620 3229 lmpaSsibilis
1649 3156 1816 3217 enim,
1850 3166 1896 3207 et
1930 3151 2124 3208 indivi-

2227 1954 2296 2007 ad
2328 1955 2652 2024 principatus
2679 1964 2726 2008 et
2770 1965 3070 2020 potestates,
3100 1956 3257 2008 nolite
3295 1953 3507 2009 solliciti
3546 1970 3657 2009 esse
3700 1972 3832 2022 quo-

2227 2048 2381 2101 modo
2405 2058 2495 2102 aut
2528 2049 2654 2119 quid
2672 2050 3048 2120 respondeatis,
3076 2050 3308 2119 Spiritus
3338 2051 3473 2103 enim
3500 2060 3708 2103 sanctus
3734 2053 3831 2104 do-

2226 2143 2355 2196 cebit
2385 2159 2468 2196 vos
2515 2144 2569 2196 in
2615 2145 2791 2196 eadem
2834 2146 2963 2197 liora
3006 2159 3123 2213 qua:
3149 2151 3382 2213 oporteat
3411 2143 3579 2197 dicere
3605 2143 3824 2217 (Matth.

2232 2249 2330 2296 xu,
2364 2233 2477 2299 12).
2510 2233 2577 2287 Et
2604 2234 2659 2288 in
2688 2234 2798 2288 alio
2827 2235 3119 2304 Evangelio
3146 2252 3159 2287 :
3194 2233 3382 2288 Ponite
3411 2251 3533 2307 ergo
3564 2236 3617 2288 in
3648 2235 3826 2289 cordi-

2228 2325 2321 2379 bus
2350 2328 2525 2379 vestris
2554 2341 2655 2379 non
2680 2326 3048 2397 prtemeditari,
3071 2327 3501 2397 quemadmodum
3516 2328 3829 2397 respondea-

2227 2419 2291 2471 tis
2314 2434 2333 2472 :
2366 2418 2474 2488 Ego
2500 2423 2691 2489 quippe
2716 2419 2849 2472 dabo
2886 2422 3025 2472 vobis
3052 2436 3131 2482 os,
3174 2430 3220 2474 et
3246 2421 3575 2488 sapientium,
3612 2422 3692 2475 cui
3725 2438 3827 2476 non

2226 2510 2427 2563 valeant
2457 2512 2830 2573 contradicere,
2875 2522 2963 2564 aut
2993 2511 3305 2580 respondere
3348 2512 3501 2583 (Luc.
3550 2528 3662 2581 xiv,
3710 2514 3822 2583 14).

2228 2603 2429 2673 Spiritu
2468 2620 2599 2659 vero
2628 2614 2818 2660 sancto
2851 2605 3125 2660 tribuente
3154 2605 3416 2674 apostolis
3442 2607 3603 2661 verba
3632 2606 3827 2663 adver-

2228 2708 2319 2749 sus
2346 2711 2440 2749 eos
2468 2697 2557 2765 qui
2594 2695 2895 2766 Evangelia
2923 2698 3287 2761 contraibant,
3316 2697 3555 2754 dilucide
3584 2699 3829 2755 ostendi-

2229 2795 2315 2840 tur
2362 2788 2414 2841 in
2468 2789 2767 2843 substantia
2818 2790 2933 2860 ejus
2981 2791 3373 2861 superintelligi
3417 2794 3717 2863 sapientiae,
3770 2803 3827 2850 et

2229 2880 2469 2934 scientiae
2497 2896 2829 2936 sermonem.
2860 2884 3143 2951 Quomodo
3167 2895 3346 2940 autem
3375 2884 3627 2941 Salvator
3651 2888 3702 2942 iit
3733 2888 3825 2943 illa

2234 2969 2366 3025 hora
2398 2986 2459 3025 os
2513 2981 2566 3027 et
2617 2974 2939 3043 sapientiam
2972 2976 3253 3045 discipulis
3294 2977 3575 3049 largiatur,
3626 2979 3823 3050 quibus

2227 3063 2602 3120 conttadicere
2626 3081 2734 3120 non
2760 3078 2986 3137 queant,
3019 3084 3086 3124 ne
3106 3068 3158 3123 ht
3183 3070 3401 3140 quidem
3430 3073 3521 3141 qui
3554 3073 3695 3140 apud
3729 3073 3826 3127 lto-

2228 3158 2401 3211 ntines
2431 3158 2859 3228 el0quenti5simi
2894 3168 3170 3230 putantur,
3202 3179 3305 3216 non
3350 3174 3432 3218 est
3478 3163 3636 3232 ltujus
3680 3173 3822 3218 tem-

525 3264 703 3319 sibilis
730 3269 893 3330 atque
925 3252 1278 3311 immutabilis
1318 3262 1433 3314 est;
1482 3250 1576 3305 sed
1608 3252 1763 3319 juxta
1804 3246 2121 3301 dill'erentes
2146 3234 2191 3297 C
2226 3248 2826 3319 porisdisserere;qnia
2850 3266 2993 3306 nunc
3017 3252 3397 3321 proposuimus
3415 3253 3706 3308 ostendere
3725 3268 3822 3308 su-

527 3354 870 3415 ellicientias,
906 3358 962 3403 et
986 3347 1315 3411 intellectus,
1348 3342 1537 3397 multis
1585 3343 1851 3394 bonorum
1885 3338 2118 3392 vocabu-

525 3453 593 3505 lis
620 3455 1003 3515 nuncupatur:
1034 3442 1161 3512 quia
1191 3440 1483 3509 participes
1505 3451 1635 3492 suos
1660 3436 1935 3505 nonjuxta
1956 3447 2119 3488 unam

527 3543 885 3611 eamdemque
907 3538 1163 3593 virtutem
1186 3534 1570 3589 communione
1597 3531 1679 3584 sui
1709 3530 1897 3594 donet,
1920 3530 2121 3598 quippe

525 3653 650 3693 cum
676 3638 740 3690 ad
771 3635 1062 3690 utilitatem
1092 3628 1522 3697 uniuscujusque
1572 3634 1729 3693 aptus
1783 3625 1876 3685 sit,
1926 3630 1983 3677 et
2033 3636 2121 3676 re-

530 3733 679 3801 pleat
703 3730 863 3785 b0nis
892 3742 1012 3790 eos,
1058 3722 1253 3793 quibus
1299 3721 1507 3791 judicat
1554 3733 1613 3773 se
1651 3717 1843 3772 adesse
1893 3716 2117 3771 debere.

528 3829 773 3897 Denique
811 3824 1123 3891 Stephanus
1156 3818 1359 3888 primus
1389 3815 1477 3870 ille
1512 3814 1666 3868 testis
1709 3812 1977 3871 veritatis,
2009 3821 2063 3865 et
2091 3806 2118 3846 ιι

529 3922 731 3993 dignus
770 3931 871 3971 suo
926 3915 1146 3970 nomine
1202 3912 1395 3980 plenus
1451 3906 1739 3977 sapientia,
1805 3914 1858 3960 et
1915 3902 2121 3973 Spiritu

527 4018 729 4069 Sancto
758 4010 938 4067 dictus
964 4017 1047 4061 est
1078 4025 1091 4059 :
1126 4002 1391 4074 sapientia
1420 4008 1824 4069 consequenter
1853 4012 2018 4065 super
2041 3996 2122 4050 itt-

528 4109 766 4168 tellecta,
799 4111 1175 4158 commorante
1208 4096 1261 4149 in
1292 4109 1358 4149 eo
1388 4091 1598 4161 Spiritu
1631 4100 1844 4154 sancto,
1872 4088 2015 4142 sicut
2043 4087 2123 4141 lo-

525 4206 707 4271 qttitur
757 4195 1039 4259 Scriptura
1073 4207 1086 4243 :
1118 4188 1180 4243 Et
1227 4186 1485 4257 elegerunt
1533 4184 1856 4253 Stephanum
1912 4180 2120 4251 plenum

526 4293 649 4360 fide,
696 4299 745 4342 et
777 4288 977 4358 Spiritu
1016 4293 1195 4337 sanc.‘o
1222 4278 1442 4350 apestoli
1487 4276 1627 4346 (Act.
1657 4292 1732 4342 γι,
1762 4278 1835 4345 5).
1870 4274 1958 4339 Et,
2001 4274 2122 4330 Ste-

525 4385 729 4455 phanus
754 4390 921 4434 autem
948 4375 1132 4449 plenus
1178 4372 1345 4445 gratia
1371 4380 1421 4425 et
1445 4371 1651 4433 virtute,
1681 4367 1900 4439 faciebat
1927 4376 1949 4404 ο
1999 4383 2121 4435 pro-

525 4478 687 4548 digia,
714 4484 761 4529 et
786 4473 935 4545 signa
960 4486 1145 4540 magna
1185 4467 1239 4520 in
1280 4464 1474 4537 populo
1505 4462 1693 4533 (Ibid.,
1725 4461 1802 4529 8).
1848 4461 1916 4515 Et
1941 4460 2119 4514 adhuc

526 4573 596 4625 tle
623 4569 841 4632 eodem,
866 4564 933 4617 Et
956 4580 1057 4617 non
1085 4560 1320 4615 valebant
1343 4559 1579 4612 resistere
1605 4557 1890 4627 sapientiw,
1920 4568 1968 4609 et
1992 4554 2119 4620 Spi-

2226 3344 2548 3413 periutelligi
2579 3360 2795 3412 Semper
2824 3346 2874 3398 iit
2906 3346 3111 3414 Spiritu
3147 3358 3335 3402 sancto
3358 3350 3496 3402 tlona
3526 3346 3819 3414 virtutum;

2224 3438 2295 3493 ita
2332 3449 2388 3492 ut
2435 3440 2479 3493 is
2521 3439 2613 3507 qui
2655 3456 2777 3495 eum
2830 3440 3013 3505 habet,
3046 3440 3432 3497 donationibus
3481 3441 3573 3496 Dei
3627 3442 3820 3510 plenus

2230 3530 2516 3585 habeatur.
2548 3530 2706 3587 Unde
2737 3541 2791 3586 et
2817 3533 2868 3588 in
2901 3533 3062 3598 Isaia,
3088 3535 3202 3604 ipse
3239 3534 3378 3588 Deus
3405 3534 3618 3589 cuidam
3651 3535 3816 3590 dicit;

2226 3624 2433 3678 Panum
2483 3625 2740 3695 Spiritum
2774 3643 2943 3681 meum
2992 3643 3150 3699 super
3180 3644 3349 3682 semen
3396 3641 3562 3692 tuum,
3594 3640 3641 3683 et
3673 3629 3823 3683 bene-

2224 3720 2475 3774 dictiones
2502 3735 2640 3775 meas
2666 3738 2823 3790 super
2843 3721 2981 3790 ﬁlios
3002 3731 3115 3776 tuos
3140 3720 3297 3795 (Isai.
3331 3738 3497 3787 xuv.,
3527 3722 3605 3794 5).
3648 3722 3818 3778 Num-

2223 3827 2381 3883 quam
2414 3813 2557 3867 eniu:
2587 3815 2786 3882 accipit
2810 3814 3106 3883 “quisttuam
3137 3816 3451 3884 spiritttales
3483 3815 3819 3871 benedictio-

2224 3922 2323 3961 nes
2358 3907 2471 3972 Dei,
2507 3907 2662 3979 117
2685 3906 2784 3962 nisi
2820 3909 3160 3977 praecesserit
3185 3908 3421 3977 Spiritus
3448 3918 3691 3963 sanctus.
3714 3910 3817 3976 Qui

2224 4000 2368 4054 enim
2396 4007 2671 4068 acceperit
2704 4002 2965 4070 Spiritum
2991 4012 3263 4068 sanctum,
3293 4014 3691 4073 consequenter
3723 4001 3819 4058 Ita.-

2222 4092 2371 4148 bebit
2404 4092 2832 4158 benedicuones,
2866 4094 2916 4148 id
2958 4104 3063 4162 est,
3090 4097 3436 4167 sapientiam,
3470 4105 3526 4151 et
3567 4095 3817 4152 intellec-

2225 4195 2358 4251 tum,
2391 4194 2447 4241 ct
2492 4199 2713 4253 caetera,
2762 4188 2832 4243 de
2882 4189 3076 4259 quibus
3120 4191 3188 4243 ita
3239 4192 3427 4246 scribit
3476 4191 3811 4260 Aposwlus:

2224 4280 2449 4351 Propter
2484 4284 2579 4337 hoc
2607 4293 2653 4335 et
2682 4300 2794 4345 uos,
2831 4300 2893 4339 ea:
2916 4300 3020 4355 quo
3047 4284 3132 4339 die
3161 4286 3474 4351 audivimus,
3504 4301 3606 4340 non
3645 4301 3818 4339 cessa-

2222 4394 2335 4431 mus
2358 4388 2560 4431 orantes
2588 4394 2683 4447 pro
2713 4377 2874 4445 vobis,
2924 4389 2972 4432 et
3007 4380 3364 4446 deprecantes,
3394 4388 3448 4432 ut
3496 4379 3815 4448 impleamini

2224 4469 2513 4539 cognitione
2542 4470 2821 4524 voluntatis
2848 4473 2961 4542 ejus
2988 4470 3041 4523 in
3068 4472 3206 4522 omni
3239 4471 3514 4539 sapientia,
3542 4480 3587 4523 et
3617 4468 3816 4523 intelli-

2221 4563 2391 4632 gentia
2416 4563 2674 4628 spirituatt
2698 4580 2717 4616 :
2742 4562 3061 4615 ambulantes
3088 4562 3244 4633 digne
3270 4559 3382 4615 Deo
3408 4560 3631 4633 (Coloss.
3660 4577 3701 4626 ι,
3729 4561 3813 4632 9).

519 4664 665 4729 ritui,
700 4660 788 4731 qui
828 4626 1125 4729 ὶιφιειιαιωο
1153 4658 1204 4708 in
1234 4653 1325 4708 illo
1353 4650 1549 4724 (Ibid.,
1584 4651 1695 4722 tu).
1730 4650 1930 4705 Plenus
1970 4652 2115 4705 enim
2147 4626 2196 4685 Ι)
2222 4626 2332 4709 ἱειυε
2365 4626 2508 4711 enim
2551 4656 2639 4725 qtti
2683 4656 2844 4724 digne
2888 4654 2987 4709 sibi
3020 4626 3340 4726 [Αιίυυιιις]
3391 4626 3486 4724 per
3534 4670 3725 4724 opera,
3754 4626 3812 4710 ξι

523 4757 727 4827 Spiritu
756 4761 944 4807 sancto
971 4753 1053 4804 vir
1084 4750 1298 4814 beatus,
1347 4755 1402 4801 et
1434 4745 1555 4799 ﬁdei
1588 4746 1816 4801 ell'ecms
1838 4753 1923 4798 est
1956 4744 2119 4813 parti-

520 4864 673 4920 ceps,
706 4863 825 4918 qum
852 4861 916 4901 ex
947 4844 1154 4912 Spiritu
1184 4850 1371 4896 Sancto
1406 4840 1565 4911 116
1592 4839 1757 4902 venit,
1779 4838 1933 4908 juxta
1959 4837 2114 4904 illud,

522 4945 627 4998 Alii
672 4951 847 4994 autem
884 4938 1034 5005 fides.
1064 4936 1117 4988 in
1142 4935 1318 4988 eodem
1346 4933 1550 5001 Spiruu
1586 4930 1624 5001 (Ι
1651 4928 1771 4984 Cor.
1808 4945 1902 4997 stt,
1934 4930 2015 4999 9).
2047 4928 2117 4983 Et

518 5037 746 5107 gratiam
776 5044 939 5100 atque
962 5030 1220 5082 vittutem
1249 5028 1399 5093 juxta
1447 5024 1699 5078 eumdem
1736 5023 1999 5092 Spiritum
2026 5022 2112 5076 ha-

517 5132 678 5191 bens,
708 5128 859 5195 signa
891 5134 943 5178 et
976 5121 1219 5190 prodigia
1257 5136 1444 5189 magna
1496 5118 1729 5173 faciebat
1775 5119 1827 5171 iu
1875 5118 2099 5187 populo.

512 5224 736 5279 Necnon
766 5229 817 5272 et
842 5216 949 5268 illis
972 5212 1359 5267 deuationihns
1381 5210 1676 5265 secundum
1704 5210 1953 5264 eumdem
1984 5208 2104 5279 Spi-

512 5316 678 5371 ritum
723 5305 1000 5365 al‘lluehat,
1050 5316 1172 5373 qua:
1216 5312 1480 5355 vocantur
1521 5302 1861 5355 curationum
1912 5302 2102 5369 gratia:

507 5416 672 5479 atque
705 5403 955 5457 virtutes.
988 5395 1059 5451 Et
1090 5396 1204 5449 haec
1235 5394 1377 5448 enini
1408 5394 1461 5448 in
1492 5394 1904 5449 enumeratione
1934 5394 2107 5447 donu-

575 5532 602 5561 α
645 5521 761 5575 Duo
790 5532 921 5571 mss.
947 5528 1068 5568 cum
1094 5512 1271 5565 Veteri
1303 5510 1564 5570 editione,
1598 5518 1645 5562 et
1667 5507 1897 5561 veritate.

575 5591 603 5630 ι’
648 5592 816 5645 Vetus
862 5585 1051 5643 eadem
1105 5581 1296 5644 editio,
1349 5594 1633 5644 crea.’uras,
1680 5588 1930 5648 quantum
1979 5592 2099 5644 pos-

503 5672 1143 5793 mzl’Aﬁtcapprobantur,
1184 5733 1238 5781 et
1280 5739 1407 5778 mox
1437 5720 1665 5777 Tholos.
1700 5716 1822 5772 cod.
1877 5733 2096 5773 consur-

504 5819 622 5877 gere
641 5815 746 5877 pro
772 5798 1068 5877 Cottsistere.
1266 5864 1302 5877 Α
1484 5874 1509 5877 _
1556 5862 1569 5877 ο
1782 5858 1801 5877 1

575 5872 600 5914 ά
640 5858 860 5932 Notum,
893 5865 1227 5937 Stephanum,
1262 5864 1453 5923 Graece
1481 5862 1745 5933 Στὲφανον,
1780 5858 1971 5915 Latine
2008 5875 2094 5915 co-

2220 4764 2524 4815 sermunes,
2567 4759 2621 4802 et
2652 4748 2994 4818 prudentiam
3043 4748 3321 4813 incedunt,
3358 4748 3568 4816 impleri
3613 4747 3689 4802 ait
3717 4763 3813 4803 vo-

2218 4842 2423 4897 luntate
2464 4842 2584 4908 Dei,
2620 4846 2871 4910 ponentis
2905 4858 3071 4909 super
3098 4856 3194 4895 eos
3223 4839 3484 4911 Sp'ritunt
3534 4852 3806 4910 sanctum,

2220 4944 2275 4986 ut
2306 4942 2329 4979 8
2362 4935 2686 5002 impleantur
2713 4934 2976 5002 sapientia
3024 4942 3080 4989 et
3128 4934 3432 4998 intellectu,
3485 4944 3539 4989 et
3587 4935 3807 5006 reliquis

2216 5024 2586 5094 spiritualibus
2631 5026 2806 5079 bonis.
2836 5024 3116 5095 Sapientia
3149 5038 3355 5090 autem,
3384 5036 3437 5081 et
3468 5026 3803 5093 intellectus,

2214 5134 2333 5188 qua-
2362 5120 2412 5172 in
2442 5119 2645 5184 Spiritu
2674 5128 2864 5173 sancto
2894 5129 3041 5183 sunt,
3072 5136 3099 5172 a
3134 5118 3248 5172 Deo
3276 5120 3496 5174 dantur.
3530 5118 3804 5185 Dominus,

2209 5208 2403 5278 inquit,
2435 5208 2576 5261 dabit
2602 5210 2944 5275 sapientiam;
2976 5220 3021 5263 ct
3066 5227 3098 5262 a
3129 5211 3262 5279 [acie
3305 5212 3417 5280 ejus
3451 5212 3727 5279 sapientia,
3755 5218 3807 5266 et

2211 5302 2497 5355 intellectus
2528 5302 2759 5370 procedit
2789 5300 2979 5361 (Eccti.
3010 5300 3086 5371 t);
3119 5317 3240 5356 cum
3271 5318 3334 5358 ea
3377 5304 3644 5373 sapientia
3683 5318 3804 5374 quae

2210 5395 2279 5447 ab
2309 5393 2616 5449 hominibus
2644 5393 2815 5461 venit,
2852 5411 2957 5449 non
2999 5395 3069 5448 sit
3094 5396 3391 5465 spiritualis
3412 5436 3428 5463 ,
3461 5396 3559 5452 sed
3604 5412 3803 5454 carnea

2202 5526 2385 5563 rouam
2412 5510 2782 5578 interpretari.

2278 5591 2301 5617 ο
2340 5584 2665 5635 Giittstawter
2697 5583 2894 5635 habent
2925 5596 3057 5636 mss.
3092 5592 3349 5647 portenta.

2280 5650 2298 5689 ί
2343 5652 2798 5731 Varie.,_'l_‘ltolos.
2828 5663 2883 5705 et
2914 5663 3068 5707 vetus
3107 5656 3265 5731 edit,
3292 5665 3401 5709 erat
3427 5655 3622 5728 quippe
3637 5660 3799 5731 juxta

2202 5721 2365 5777 Deum
2389 5737 2436 5776 et
2469 5724 2723 5793 Spiritum
2754 5736 2986 5777 sanctum
3008 5726 3232 5791 sapiens,
3265 5738 3369 5783 etc.

2274 5803 2317 5872 εξ·
2340 5795 2591 5872 Titulus”
2626 5806 2678 5847 ut
2709 5796 2957 5872 impleant
2989 5797 3245 5863 sapientia
3283 5806 3329 5851 et
3367 5796 3653 5865 intellectu,
3683 5813 3798 5872 qua:

2202 5863 2257 5917 in
2280 5864 2479 5935 Spiritu
2507 5876 2688 5920 sancto
2716 5884 2747 5919 a
2780 5863 2885 5920 Deo
2911 5866 3189 5921 donantur.
