4074 6334
519 292 622 347 H5

1735 283 1791 339 S.
1837 280 2110 338 EUSEBI‘I
2148 279 2530 338 lllERONYMl

3710 272 3815 330 H6

517 410 602 462 tia!
636 420 753 476 qua:
789 405 1003 474 feriatus
1025 409 1051 439 ⁸
1075 417 1168 456 nos
1190 417 1209 456 :
1236 400 1326 456 sed
1355 415 1444 472 per
1483 398 1745 454 lavacrum
1770 397 2009 451 secunda:
2031 413 2113 452 re-
2138 403 2192 463 Α
2218 395 2314 450 Cui
2365 395 2501 447 enim
2548 393 2850 466 angelorum
2877 394 3006 446 dixit
3037 392 3321 462 aliquando
3350 408 3366 446 :
3400 391 3537 447 Sede
3559 408 3592 446 α
3619 391 3815 446 dextris

519 499 883 572 generationis,
904 506 954 551 et
977 496 1322 550 innovationis
1349 495 1576 567 Spiritus
1599 494 1784 558 sancti,
1808 508 1956 564 quem
1981 488 2112 559 effu-

515 594 589 645 dit
629 606 783 662 super
831 605 923 644 nos
969 587 1294 642 abundanter
1323 585 1451 656 (Tit.
1485 601 1561 649 ιιι,
1594 585 1676 654 5).
1725 583 1793 639 Et
1838 584 1924 638 hic
1966 583 2110 638 enim

515 684 719 753 largam
772 681 1185 736 attri-butionem
1231 678 1496 747 Spiritus,
1553 678 1780 732 verbum
1831 674 2114 731 ellttsinnis

512 773 780 829 ostendit.
829 772 904 827 Ex
937 773 1133 842 quibus
1165 770 1434 826 universis
1475 771 1762 835 docemur,
1807 769 2110 838 capabilem

500 866 756 937 Spiritus
784 869 958 921 sancti
1006 880 1133 920 esse
1179 863 1567 930 substantiam,
1597 871 1651 918 et
1677 879 1739 918 ex
1774 862 1877 917 hoc
1906 863 2115 916 increa-

517 974 646 1016 tam.
697 960 1012 1032 Capabilem
1065 959 1430 1014 substantiam
1480 965 1659 1021 vocat,
1693 973 1812 1025 quae
1841 956 2054 1024 capitur
2083 970 2112 1008 a

519 1057 794 1126 pluribus,
844 1067 894 1110 et
941 1055 1020 1111 eis
1063 1055 1146 1108 sui
1197 1051 1531 1108 consortium
1589 1051 1816 1106 tribuit:
1851 1066 2111 1120 capacem

517 1164 650 1205 vero
674 1163 796 1205 eam
823 1164 946 1220 qua:
975 1146 1480 1202 communicatione
1521 1145 1838 1200 substantiis
1889 1143 2114 1197 altetius

514 1244 773 1313 impletur
811 1239 995 1314 [ThoL
1034 1237 1395 1310 impleatur]:
1423 1247 1485 1294 et
1516 1238 1738 1307 capiens
1779 1236 1955 1301 aliud,
1997 1235 2113 1305 ipsa

513 1350 621 1389 non
660 1334 818 1406 120
844 1333 1059 1402 capitur
1091 1331 1252 1404 [Vat.
1287 1328 1568 1402 capiatur]
1605 1331 1674 1384 ab
1703 1329 1832 1383 alio.
1861 1327 2113 1398 Capabili

512 1432 715 1501 quippe
743 1429 930 1484 statim
957 1426 1396 1492 inconvertibile,
1427 1437 1480 1480 et
1511 1423 1919 1480 inconvertibili
1956 1433 2116 1478 arter-

513 1541 640 1581 num
675 1535 761 1580 est
787 1536 1133 1591 consequens
1163 1539 1177 1576 :
1211 1518 1489 1590 quomodo
1515 1535 1546 1574 e
1565 1517 1843 1573 contrario
1875 1516 2113 1588 capienti

512 1616 894 1682 eomertibile,
943 1613 1298 1670 convertibili
1345 1612 1583 1668 creabile
1627 1611 1966 1681 subsequens
2007 1619 2112 1665 est.

513 1710 658 1767 Nihil
687 1723 821 1779 ergo
849 1709 917 1765 de
952 1709 1222 1764 creaturis
1247 1704 1686 1768 inconvertibile,
1721 1714 1940 1774 pr0pter
1968 1701 2112 1773 quod

2216 486 2364 552 meis,
2409 486 2570 539 doner
2608 503 2795 554 ponam
2841 486 3073 538 inimicos
3119 497 3231 538 tuos
3276 483 3561 538 scabellorn
3627 484 3813 556 pedum

2217 578 2457 631 tuorum?
2485 575 2673 630 Nonne
2719 593 2892 630 omnes
2933 585 3052 630 sunt
3089 577 3532 630 administratores
3579 576 3814 646 spiritus,

2217 670 2269 724 in
2296 671 2636 724 ministerium
2663 671 2826 738 missi,
2856 678 3063 741 propter
3104 686 3210 735 eos,
3243 670 3330 738 qui
3369 668 3631 739 accepturi
3670 677 3817 721 erant

2215 761 2433 818 salutem
2471 763 2660 831 (Hebr.
2710 780 2748 830 ι,
2791 762 2913 832 15)?
2957 765 3020 817 lit
3065 774 3182 832 post
3227 765 3333 817 alia
3361 781 3374 816 :
3404 761 3677 829 Quomodo
3725 779 3819 818 nos

2217 855 2517 927 eﬂugiemus
2563 864 2758 908 tantam
2801 852 3111 928 negligentes
3150 852 3408 908 salutem?
3447 854 3576 922 Qutc
3621 855 3823 926 princi-

2216 951 2356 1020 pium
2381 949 2636 1019 arcipiens
2661 947 2729 1002 ad
2754 947 3064 1018 loquendum
3089 963 3180 1019 per
3207 946 3506 1011 Dominum,
3537 950 3600 999 ab
3624 945 3708 1002 his
3728 947 3821 1016 qui

2216 1042 2488 1094 audierunt
2529 1041 2580 1093 in
2627 1057 2720 1095 nos
2767 1041 3074 1109 conﬁrmata
3121 1050 3214 1105 est,
3266 1040 3615 1094 testimonium
3663 1041 3821 1094 dante

2220 1134 2326 1186 Deo
2355 1135 2541 1208 signis,
2565 1145 2615 1190 et
2642 1134 2894 1208 prodigiis
2921 1145 2968 1188 et
3000 1134 3152 1187 variis
3185 1133 3476 1200 virtutibus,
3508 1143 3553 1187 et
3587 1131 3822 1204 Spiritus

2214 1228 2378 1280 sancti
2403 1225 2739 1281 divisionibus
2761 1231 2919 1300 juxta
2941 1244 3088 1280 suam
3112 1225 3422 1280 t'oluntutem
3444 1224 3636 1299 (Hebr.
3655 1241 3714 1293 tt,
3739 1224 3817 1298 4).

2218 1319 2332 1375 lloc
2359 1321 2502 1375 enim
2537 1321 2680 1391 quod
2711 1324 2808 1388 ait,
2841 1323 2923 1374 cui
2955 1321 3292 1396 angelorum,
3338 1335 3494 1390 teque
3532 1321 3819 1390 accipitur,

2216 1428 2280 1467 ac
2329 1413 2372 1466 si
2423 1412 2652 1478 diceret,
2683 1415 2814 1468 nulli
2843 1432 2855 1468 :
2889 1431 2984 1485 per
3022 1416 3326 1486 angelicum
3379 1430 3576 1471 nomen
3614 1413 3824 1485 signiﬁ-

2217 1521 2348 1562 cans
2379 1509 2616 1561 omnium
2649 1508 3008 1563 substantiam
3045 1508 3393 1564 invidbilium
3422 1518 3823 1562 creaturarum.

2217 1600 2400 1670 Neque
2423 1601 2569 1656 enim
2595 1601 2693 1656 ulli
2725 1601 2943 1672 quidem
2974 1603 3329 1673 angelorum,
3359 1615 3412 1656 et
3452 1601 3573 1658 alia:
3604 1602 3823 1656 cuidam

2216 1695 2528 1750 rationabili
2552 1705 2820 1751 creatura:
2842 1696 2980 1750 dixit
3012 1696 3188 1751 Deus:
3221 1697 3356 1752 Sede
3387 1712 3418 1748 a
3445 1695 3638 1749 dextris
3671 1696 3820 1750 meis.

515 1820 692 1876 neque
718 1805 1114 1875 sempiternum
1143 1813 1248 1858 est.
1282 1803 1398 1856 Non
1442 1801 1618 1856 solum
1669 1798 1833 1868 igitur
1874 1800 2021 1870 quod
2053 1799 2106 1853 in
2141 1795 2184 1853 Β
2217 1791 2271 1846 In
2317 1805 2606 1846 commune
2671 1792 2853 1861 itaque
2900 1807 3080 1846 sermo
3134 1792 3489 1860 pronuntiat,
3543 1805 3648 1843 non
3697 1803 3826 1844 esse

515 1900 831 1954 hominibus
851 1909 930 1954 est
959 1898 1245 1962 rationale,
1276 1894 1640 1962 convertitur,
1671 1904 1727 1950 et
1754 1906 1992 1961 creatur,
2025 1911 2117 1949 ve-

515 2008 636 2048 rum
651 1992 894 2049 etiamin
917 1991 1172 2046 omnibus
1194 1989 1463 2045 creaturis
1481 1988 1596 2043 haec
1611 1987 1804 2043 eadem
1827 1987 2116 2044 conversio

514 2087 815 2159 reperitur.
839 2085 971 2141 Nam
996 2095 1048 2140 et
1071 2085 1394 2155 angelorum
1417 2083 1812 2139 conversiones
1832 2093 1886 2138 et
1933 2083 2115 2137 ruinas

511 2179 702 2234 divina
740 2178 956 2248 eloquia
995 2177 1394 2233 demonstrant.
1437 2175 1591 2230 Licet
1631 2175 1778 2231 enim
1819 2174 2116 2229 multitudo

512 2273 868 2341 angelorum,
905 2281 962 2326 et
1000 2271 1234 2324 aliarum
1285 2266 1672 2324 excellentium
1715 2267 2012 2333 virtutum,
2060 2267 2112 2320 in

513 2363 848 2420 beatitudine
881 2373 934 2417 et
960 2361 1326 2417 sanctimonia
1357 2368 1746 2430 perseverent:
1779 2369 1959 2414 tamen
1987 2373 2112 2414 cum

513 2458 566 2510 in
600 2471 688 2517 ea.
718 2469 842 2526 qtae
883 2455 1118 2510 similem
1161 2453 1364 2509 habent
1393 2463 1643 2508 naturam
1685 2467 1953 2508 conversa
1982 2454 2111 2518 sint,

501 2546 752 2603 dilucide
780 2545 1092 2602 ostenditur
1123 2545 1175 2600 in
1220 2547 1397 2616 primo
1427 2561 1522 2602 eos
1550 2554 1693 2601 statu
1741 2560 1847 2600 non
1882 2560 1980 2615 per
2012 2545 2114 2599 im-

514 2639 932 2696 mntabilitatem
959 2653 1076 2695 sua:
1105 2641 1453 2703 substantire,
1482 2640 1577 2693 sed
1609 2655 1705 2707 per
1743 2640 2032 2693 sollicitius
2061 2640 2111 2692 in

512 2733 743 2788 Domino
787 2733 1072 2788 servitium
1113 2747 1453 2801 permanere.
1502 2731 1690 2798 Neque
1735 2733 1880 2785 enim
1936 2740 2114 2800 potest

513 2824 872 2893 eoaqualium
917 2824 1135 2877 diversa
1182 2838 1305 2878 esse
1355 2833 1568 2877 natura.
1619 2821 1752 2876 Nam
1792 2823 1919 2893 quia
1952 2839 2114 2878 omne

513 2928 688 2983 genus
735 2915 1015 2968 hmninum
1066 2913 1299 2968 mortale
1349 2928 1467 2979 est,
1516 2924 1572 2969 et
1615 2913 1814 2984 singuli
1863 2913 2114 2970 homines

514 3006 773 3061 inortales
799 3015 966 3062 sunt:
997 3016 1054 3060 ut
1085 3023 1116 3062 ιι
1155 3007 1370 3061 diverso
1395 3021 1611 3077 quoque
1644 3007 1688 3060 si
1713 3023 1817 3077 qua
1848 3007 1919 3062 de
1946 3021 2110 3077 ειιιιθο

507 3098 752 3154 'rioriltus
784 3100 1112 3155 imttwrtalia
1143 3109 1290 3162 sunt,
1327 3100 1468 3154 haud
1507 3099 1728 3154 dubitnn
1769 3102 1898 3168 quin
1932 3102 2110 3155 munia

2215 1884 2418 1938 dictum
2451 1883 2703 1954 cuiquam
2740 1892 3037 1949 creaturae,
3078 1883 3215 1937 Sede
3255 1902 3285 1937 a
3332 1881 3526 1936 dextris
3570 1883 3719 1936 meis.
3757 1882 3824 1936 Et

2219 1978 2321 2034 hoc
2363 1978 2417 2032 itt
2467 1993 2759 2032 commune
2803 1976 2870 2032 de
2900 1989 3179 2032 creatura.
3229 1977 3297 2032 Et
3345 1975 3704 2046 pronuntians
3752 1975 3822 2030 de

2217 2070 2470 2125 omnibus
2517 2053 2885 2124 invisibilibus
2928 2070 3215 2134 creaturis,
3245 2070 3319 2122 ait
3359 2083 3454 2123 eas
3496 2082 3621 2122 csse
3649 2065 3824 2122 admi-

2219 2165 2544 2220 nistratores
2587 2163 2830 2232 Spiritus.
2875 2161 3104 2232 Propter
3136 2163 3276 2229 quod
3325 2160 3596 2231 subjecit:
3634 2158 3823 2214 Nonne

2217 2272 2391 2310 omnes
2432 2266 2550 2309 sunt
2595 2253 3041 2308 administratores
3087 2254 3330 2324 spiritus,
3379 2254 3431 2306 in
3476 2253 3818 2306 ministerium

2217 2353 2405 2408 missi?
2437 2351 2588 2407 Licet
2619 2353 2763 2405 cnim
2796 2365 2906 2406 non
2953 2365 3145 2404 ornnes
3173 2347 3486 2420 singillatim
3512 2348 3818 2403 invisibiles

2216 2458 2484 2502 creatura:
2508 2446 2686 2500 missa:
2710 2454 2839 2499 sunt
2859 2443 2966 2517 [AL
2992 2443 3124 2516 sint]
3146 2462 3157 2496 :
3179 2452 3359 2497 tamen
3401 2445 3525 2512 quia
3570 2441 3814 2512 ejusdem

2215 2539 2433 2609 generis
2460 2550 2512 2594 ct
2544 2538 2767 2593 honoris
2794 2538 2914 2592 alia:
2938 2538 3115 2592 missa:
3145 2546 3292 2603 sunt,
3327 2535 3731 2607 quodammodo
3762 2543 3818 2591 et

2219 2635 2347 2702 ipsa:
2387 2633 2748 2701 possibilitate
2795 2639 2922 2686 sunt
2968 2634 3183 2686 missaz:
3216 2634 3500 2686 missarum
3532 2636 3816 2684 consortes

2217 2725 2552 2794 aequalisque
2583 2724 2918 2778 substantiae.
2966 2725 3248 2790 Quomodo
3279 2724 3438 2793 igitur
3466 2725 3606 2777 alios
3634 2731 3718 2777 est
3748 2721 3815 2776 ab

2217 2815 2489 2872 universis
2517 2820 2782 2872 creaturis
2815 2817 3098 2885 Dominus,
3141 2835 3233 2886 per
3279 2835 3440 2888 quem
3485 2819 3810 2889 principium

2216 2913 2282 2967 ad
2315 2911 2641 2982 loquendum
2676 2922 2961 2981 acceperat
2988 2912 3078 2966 illa
3106 2926 3296 2979 magna
3329 2914 3495 2976 salus,
3529 2913 3687 2981 cujus
3721 2930 3815 2967 nc-

2214 3005 2484 3077 gligentes
2515 3007 2802 3074 Apostolus
2842 3005 3036 3060 nolens
3077 3022 3174 3059 nos
3216 3019 3360 3070 esse,
3399 3007 3513 3058 ait:
3543 3004 3812 3072 Quomodo

2218 3115 2308 3154 nos
2335 3098 2638 3170 e/fnyiemus
2669 3110 2869 3153 tantum
2909 3100 3218 3172 negligentes
3255 3098 3497 3161 salutem,
3528 3116 3644 3169 (μίαν
3672 3103 3815 3168 prin-

515 3197 566 3245 in
621 3191 815 3247 eodem
871 3207 1074 3262 genere
1123 3202 1178 3247 ct
1224 3193 1405 3261 specie
1461 3193 1790 3257 constituta,
1839 3195 1950 3248 sint
1998 3193 2068 3248 im
2131 3183 2176 3246 C
2209 3193 2671 3264 cipiumaccipiens
2689 3193 2755 3246 ad
2773 3191 3191 3264 loquendnmper
3222 3192 3522 3258 Dominum,
3541 3192 3604 3248 ab
3627 3195 3707 3248 liis
3726 3196 3813 3264 qui

516 3285 786 3339 inultalia.

585 3379 669 3434 l5.
714 3378 849 3433 Cum
881 3392 1058 3433 autem
1087 3380 1200 3436 haec
1225 3396 1284 3436 se
1314 3382 1385 3434 ita
1416 3381 1673 3446 habeant,
1703 3384 1868 3436 etiam
1896 3384 1941 3436 si
1967 3398 2109 3438 unus

511 3471 734 3541 angelus
755 3471 1128 3527 convertibilis
1150 3475 1485 3542 oppri-norit,
1511 3488 1700 3527 omnes
1721 3475 2110 3528 convertibiles

512 3573 692 3629 erunt,
720 3565 846 3618 licet
870 3578 977 3617 non
1005 3565 1114 3620 sint
1130 3567 1378 3619 conversi
1411 3565 1463 3619 in
1494 3566 1826 3619 beatitudine
1857 3581 2110 3634 perseve-

515 3667 735 3710 rantes:
767 3658 1042 3727 quomodo
1073 3668 1128 3712 et
1173 3668 1366 3712 cuncta
1403 3659 1679 3712 hominum
1707 3673 1940 3734 corpora
1973 3658 2110 3714 divi—

513 3750 691 3804 sibilia
715 3764 834 3806 sunt
860 3795 874 3816 ,
901 3767 1225 3822 quatanam
1251 3767 1358 3806 non
1387 3753 1568 3806 omnia
1589 3735 1926 3806 dividantur.
1952 3752 2110 3819 Qua:-

510 3843 634 3897 dam
670 3844 814 3897 enim
855 3859 1043 3898 eortnn
1092 3857 1247 3912 paSsa
1295 3843 1646 3903 divisionem,
1680 3852 1734 3898 et
1774 3843 2107 3912 reliquorum

513 3937 773 3992 similium
805 3937 914 4002 sui,
945 3946 1191 3995 naturam
1224 3937 1671 4007 interpretantur.
1707 3936 1800 3990 llis
1845 3936 1918 3990 ita
1966 3936 2109 3991 edis-

510 4029 698 4092 sertit,
725 4029 950 4085 ulterius
977 4029 1298 4084 substantia:
1327 4044 1356 4082 a
1395 4027 1697 4083 visibilibus
1739 4029 1789 4082 in
1823 4027 2107 4083 invisibili-

510 4121 612 4176 bns
657 4123 926 4177 creaturis
961 4121 1196 4192 Spiritus
1225 4129 1450 4175 sanctus
1477 4119 1810 4176 ostenditur.
1842 4120 1898 4174 Si
1926 4132 2105 4176 autem

512 4213 614 4268 hoc
641 4228 826 4268 verum
856 4221 961 4280 est,
995 4213 1320 4283 impiissime
1349 4211 1572 4283 quidam
1600 4213 1738 4268 inter
1769 4213 1953 4268 omnia
1977 4226 2107 4268 eon-

510 4318 802 4364 uumcrant
839 4308 1101 4378 Spiritum
1143 4314 1394 4362 sanctum
1423 4324 1436 4360 :
1468 4306 1712 4362 dicentes
1743 4307 1796 4363 in
1837 4321 1924 4371 eo,
1961 4305 2104 4374 quod

508 4401 688 4456 omnia
733 4415 832 4471 per
861 4400 1094 4456 Verbum
1127 4414 1155 4454 tt
1193 4399 1305 4455 Deo
1336 4397 1473 4454 facta
1503 4406 1650 4464 sunt,
1683 4397 1854 4453 etiam
1898 4396 2106 4468 signiti-

507 4497 619 4549 cari
650 4493 891 4563 Spiritus
916 4493 1090 4548 sancti
1122 4491 1413 4548 facturam.
1443 4490 1627 4561 Neque
1657 4491 1803 4546 enim
1845 4504 2009 4544 ultum
2037 4505 2103 4544 ex

2213 3284 2493 3338 audierunt
2519 3286 2571 3339 in
2596 3303 2686 3339 nos
2707 3288 3010 3354 conﬁrmata
3039 3297 3151 3350 est;
3174 3287 3269 3341 sed
3299 3297 3351 3340 et
3378 3286 3518 3342 [rcus
3539 3288 3628 3355 qui
3656 3288 3811 3342 testi-

2215 3393 2456 3432 tnontum
2491 3378 2740 3446 perhibet
2764 3377 2937 3446 signis
2965 3388 3018 3431 et
3051 3380 3319 3446 portentis
3346 3378 3432 3432 isti
3465 3381 3649 3446 Saluti,
3674 3381 3811 3434 alius

2214 3480 2298 3526 est
2343 3471 2412 3525 ab
2453 3473 2704 3526 omnibus
2753 3471 3239 3526 administratoriis
3277 3471 3589 3542 spiritibuq
3639 3476 3717 3528 sic
3760 3483 3812 3530 et

2213 3561 2450 3630 Spiritus
2471 3577 2714 3624 sanctos,
2744 3563 2897 3632 cujus
2916 3564 3275 3618 divisionibus
3293 3564 3443 3633 juxta
3476 3566 3810 3620 voluntatem

2213 3657 2329 3724 ejus
2376 3657 2746 3710 testimonium
2793 3655 3042 3725 perhibet
3095 3656 3255 3719 Deus,
3288 3658 3621 3713 distribuens
3666 3674 3807 3722 cum,

2214 3765 2321 3805 non
2373 3764 2468 3818 per
2513 3749 2846 3804 concisionis
2888 3763 3091 3820 partes,
3117 3750 3212 3804 scd
3249 3764 3344 3818 per
3371 3753 3812 3806 cominunionem

2211 3842 2413 3912 quibus
2438 3855 2560 3896 eum
2596 3851 2858 3911 prmstare
2887 3841 3232 3897 decreverit:
3256 3842 3485 3897 alterius
3511 3855 3592 3898 est
3624 3852 3679 3898 et
3701 3844 3814 3913 ipse

2213 3934 2532 3990 substantiae
2561 3934 2629 3986 ab
2660 3933 2769 3998 his,
2802 3933 2853 3988 in
2882 3949 3001 4002 qua:
3028 3934 3352 4003 dispartitnr
3381 3934 3611 3992 cll'nsus.

2291 4027 2446 4096 122
2500 4026 2591 4080 14.
2647 4023 2814 4094 Igitur
2862 4027 3115 4096 qnmiiam
3183 4027 3604 4097 approbavimus
3660 4029 3812 4098 juxta

2215 4116 2615 4187 Scripturarum
2643 4131 2888 4184 sensum,
2908 4120 3072 4174 alium
3105 4131 3259 4174 extra
3279 4131 3811 4176 iniinetncreaturam

2212 4231 2332 4270 esse
2375 4217 2633 4285 Spiritum
2664 4226 2930 4276 sanctum.
2964 4217 3254 4283 incassum,
3306 4219 3472 4272 immo
3505 4219 3668 4288 impie
3695 4223 3811 4289 qui-

2210 4306 2334 4362 dam
2366 4315 2608 4362 creatura
2641 4324 2763 4362 eum
2791 4323 2914 4364 esse
2953 4310 3244 4366 oatendere
3272 4311 3536 4374 volentes,
3569 4312 3812 4366 ιεεῑίιιιοο

2211 4401 2303 4455 nio
2332 4409 2580 4468 utuntur,
2615 4417 2733 4470 quo
2765 4402 2944 4457 omnia
2992 4419 3086 4472 per
3115 4403 3349 4460 Verbum
3395 4404 3530 4460 faeta
3559 4407 3808 4459 referun-

2209 4500 2419 4547 turtut
2447 4493 2654 4549 scilicet
2698 4495 2750 4550 in
2793 4493 3046 4549 omnibus
3075 4497 3236 4550 etiam
3259 4505 3460 4552 acterna
3509 4499 3806 4552 substantia

507 4589 786 4646 omnibus.
817 4585 914 4640 sed
944 4585 1089 4642 aliud
1124 4594 1276 4641 extra
1305 4585 1488 4641 omnia
1523 4599 1619 4655 per
1649 4583 2006 4639 substantiam
2040 4599 2104 4637 ex
2135 4571 2186 4631 D
2211 4585 2568 4642 contineatur.
2604 4586 2667 4642 Et
2709 4590 2840 4656 quia
2859 4587 2924 4640 ad
2957 4588 3320 4644 conditionem
3351 4591 3469 4660 ejus
3504 4591 3810 4661 approban-

509 4689 741 4747 utroque
770 4675 1174 4733 demonstratae
1210 4687 1298 4733 est
1337 4675 1574 4746 Spiritus
1602 4685 1848 4730 sanctus.
1882 4672 2014 4729 Nam
2061 4674 2105 4729 si

507 4780 783 4831 creatura,
817 4777 876 4824 ut
903 4772 1152 4840 superius
1192 4769 1559 4836 ostendimus,
1598 4768 1860 4824 dividitur
1890 4767 1943 4822 in
1986 4782 2104 4823 cor-

511 4863 740 4934 poralia,
779 4873 832 4919 et
865 4863 915 4916 in
956 4864 1319 4934 incorporalia
1349 4883 1361 4919 :
1391 4876 1446 4920 et
1476 4863 1729 4920 conditus
1757 4874 1838 4920 est
1867 4863 2104 4934 Spiritus

493 4968 732 5011 satietas
761 4947 950 5026 utique
975 4967 1069 5010 aut
1100 4955 1350 5022 visibilis,
1388 4961 1482 5010 aut
1522 4955 1815 5011 invisibilis
1853 4964 2103 5012 creatura

505 5047 633 5112 erit,
666 5047 716 5101 id
743 5056 851 5111 est,
874 5047 1202 5124 corporalis,
1227 5057 1322 5102 aut
1347 5047 1726 5119 incorporalis.
1761 5049 1958 5105 Verum
1981 5063 2103 5104 cor-

505 5155 609 5212 pus
653 5152 992 5210 nequaquam
1037 5141 1175 5204 erit.
1225 5142 1366 5196 sicut
1392 5143 1545 5210 prius
1573 5143 1831 5209 diximus,
1859 5159 1979 5199 cum
2010 5143 2104 5200 do-

505 5243 658 5300 ceat,
705 5240 764 5288 et
808 5230 1092 5287 scientiam
1140 5241 1401 5301 pra'stet,
1445 5244 1502 5288 et
1534 5249 1563 5287 ι
1621 5251 1788 5292 sensu
1839 5247 1894 5292 et
1946 5239 2100 5310 121

503 5327 686 5382 anima
729 5325 996 5399 capiatur.
1027 5323 1134 5379 Sed
1165 5339 1340 5393 neque
1367 5323 1654 5382 invisibilis
1686 5339 1946 5384 creatura
1978 5334 2103 5396 erit,

507 5429 565 5471 ut
595 5419 755 5489 paulo
785 5423 909 5471 ante
939 5415 1008 5472 de
1037 5430 1102 5470 eo
1133 5415 1549 5487 disputavimus.
1585 5417 1738 5473 Unde
1784 5429 1838 5474 et
1871 5421 2106 5489 Aposto-

507 5508 592 5562 lus
641 5510 693 5564 in
743 5509 987 5580 Epistula
1034 5524 1198 5580 quam
1248 5508 1318 5563 ad
1370 5507 1628 5564 Hebraeos
1672 5511 1910 5580 scripsit,
1942 5510 2106 5567 alium

503 5605 629 5656 eum
677 5615 799 5658 esse
843 5603 912 5660 ab
949 5599 1202 5659 Omnibus
1243 5599 1449 5672 angelis
1488 5600 1848 5666 demonstrat,
1877 5601 2103 5657 dicens:

2211 4679 2334 4734 dam
2363 4681 2523 4735 etiam
2550 4679 2922 4750 propheticum
2952 4696 3257 4736 sermonem
3284 4695 3567 4755 usurpant,
3595 4685 3808 4742 dicente

2212 4771 2345 4838 Deo,
2379 4771 2506 4827 Creo
2531 4773 2785 4840 Spiritum
2820 4791 2832 4825 :
2865 4773 3030 4827 etiam
3056 4773 3110 4828 in
3145 4775 3246 4830 hoc
3271 4791 3366 4830 eos
3393 4790 3697 4834 monstrare
3720 4778 3807 4832 de.-

2211 4867 2400 4923 bemus
2425 4884 2647 4938 prorsus
2677 4868 2744 4923 ab
2777 4867 3053 4922 intelleClu
3081 4869 3328 4924 veritatis
3355 4871 3591 4928 alienos.
3621 4871 3804 4942 Neque

2208 4963 2354 5019 enim
2381 4962 2450 5018 de
2502 4961 2703 5031 Spiritu
2759 4969 2949 5016 sancto
2977 4964 3284 5032 propositus
3311 4979 3493 5020 sermo
3524 4965 3806 5035 Propheta}

2213 5057 2335 5120 fuit,
2367 5067 2421 5110 ut
2443 5071 2510 5111 ex
2544 5056 2656 5123 ipsa
2682 5054 2824 5109 serie
2843 5064 2898 5110 et
2929 5066 3193 5112 contextu
3216 5057 3414 5126 eloquii
3464 5057 3803 5129 intelligitur.

2214 5148 2490 5218 Siquidem
2544 5146 2713 5201 Amos
2742 5149 3002 5216 propheta
3056 5165 3120 5204 ex
3156 5164 3388 5216 persooa
3437 5151 3550 5217 Dei,
3591 5151 3805 5222 l’ra'pa-

2169 5269 2184 5274 -
2212 5258 2349 5305 rare,
2405 5241 2598 5310 inquit,
2628 5241 2697 5293 ad
2738 5241 3078 5295 introeundum
3119 5241 3283 5295 Deum
3331 5255 3499 5316 tuum,
3531 5261 3562 5296 ο
3594 5243 3759 5299 Israel
3788 5261 3806 5298 .·

2211 5333 2455 5404 quoniam
2479 5348 2571 5403 ego
2599 5347 2712 5385 sunt
2758 5334 2971 5400 ﬁrmans
3017 5334 3297 5387 tonitruum
3324 5374 3338 5400 ,
3367 5346 3416 5389 et
3441 5351 3620 5392 creant
3649 5338 3806 5406 spiri-

2215 5435 2322 5478 tum
2357 5465 2369 5486 ,
2403 5434 2448 5478 et
2477 5424 2784 5478 annuntians
2828 5426 2879 5477 in
2922 5425 3151 5478 homines
3196 5425 3454 5478 Christum
3495 5443 3644 5480 suum
3677 5445 3696 5482 :
3725 5433 3805 5497 fa-

2214 5518 2351 5571 ciens
2374 5517 2664 5572 diluculum
2691 5529 2737 5573 et
2770 5517 3029 5583 nebulam,
3053 5527 3100 5571 et
3122 5519 3402 5573 ascendens
3424 5537 3580 5590 super
3607 5521 3806 5576 excelsa

2215 5615 2361 5663 terra:
2392 5607 2690 5666 :Dominus
2723 5609 2859 5666 Deus
2905 5611 3224 5680 omnipotens
3263 5625 3445 5665 nomen
3483 5614 3598 5682 ejtts
3629 5611 3804 5686 (Amos

584 5799 605 5824 η
638 5787 813 5846 Valte.
845 5802 1016 5846 omnes
1046 5805 1144 5861 pro
1183 5808 1296 5860 nos,
1337 5788 1700 5846 dissentiente
1731 5787 1850 5859 ipso
1889 5783 2085 5841 (ἓτειιεο
2109 5791 2284 5842 textu.
