4056 6324
218 331 331 385 H7

965 333 1531 394 INTERPRETATIO
1564 336 1753 394 LIBRI
1795 337 2031 395 DIDYMI
2068 340 2159 395 DE
2200 340 2475 398 SPIRITU
2515 340 2807 398 SANCTO.

3439 349 3542 406 118

220 465 299 513 ιγ,
336 449 449 519 1³).
504 450 656 506 Deus
681 452 823 507 enim
846 456 934 522 qui
967 469 1026 507 se
1065 455 1314 521 Spiritum
1341 464 1364 491 ει
1388 454 1631 512 condere
1662 455 1837 510 fuerat
1864 465 1910 519 Α
1942 458 2013 511 cit
2044 476 2055 510 :
2089 459 2390 514 secundum
2413 460 2544 513 illud
2569 461 2710 530 quod
2734 460 2866 513 alibi
2892 460 3154 531 legimus:
3186 461 3289 527 Qui
3312 464 3549 531 producit

222 543 584 611 praelocutus,
608 554 667 599 et
699 544 874 600 fat-ere
907 556 999 600 :et
1041 548 1337 601 tonitruum
1371 548 1507 602 dixit
1537 551 1758 602 tirmate
1784 556 1843 604 et

223 634 530 689 diluculum
574 646 631 691 et
662 638 882 693 nebulas
923 631 1124 694 facere.
1169 640 1225 695 Si
1274 643 1437 710 igitur
1472 644 1524 695 in
1580 643 1837 711 praedicta

225 728 551 782 narratione
577 744 1010 797 perseveramus,
1044 734 1097 785 id
1129 742 1235 797 est,
1265 734 1316 786 ιιι
1349 734 1588 787 tonitruo
1611 744 1665 788 et
1696 735 1840 789 dilu-

222 820 352 875 culo
374 830 427 875 et
452 822 708 887 nubibus,
749 826 998 879 eumdem
1051 828 1376 881 narrationis
1406 827 1653 882 ordinem
1676 829 1837 883 etiam

227 913 283 966 iu
314 914 513 983 spiritu
551 924 739 970 tenere
770 917 1053 981 debemus,
1086 928 1142 972 ut
1194 920 1244 972 id
1277 920 1416 990 quod
1443 920 1645 975 dicitur
1668 936 1696 974 a
1727 921 1841 977 Deo

226 1008 339 1064 tale
370 1010 444 1064 sit
483 1028 495 1062 :
541 1010 608 1065 Ut
639 1012 854 1067 invoces
881 1028 991 1078 me,
1021 1014 1111 1082 qui
1147 1014 1285 1067 Deus
1330 1030 1471 1078 sum,
1498 1014 1590 1083 qui
1624 1016 1842 1069 univer-

224 1115 290 1153 sa
326 1115 589 1169 procum,
620 1102 709 1171 qui
732 1112 789 1156 et
826 1113 1046 1157 creator
1095 1120 1211 1157 sum
1251 1105 1517 1168 omnium,
1566 1104 1656 1173 qui
1684 1104 1842 1158 tit-mo

224 1192 561 1255 tonitruum,
588 1204 643 1249 et
667 1194 845 1249 condo
895 1197 1166 1264 spiritum,
1206 1198 1297 1266 qui
1325 1197 1621 1252 diluculum
1655 1208 1710 1252 et
1736 1214 1835 1254 ne-

222 1285 412 1340 bulam
445 1287 510 1339 ad
556 1291 817 1356 quasdam
852 1289 1108 1344 utilitates
1160 1290 1297 1343 facio
1343 1290 1619 1344 hominum
1652 1307 1664 1342 :
1702 1306 1841 1359 prm-

228 1394 452 1447 parare,
492 1392 545 1434 ιιι
594 1381 853 1447 inroces,
886 1398 919 1435 ο
966 1382 1131 1438 istael
1178 1394 1278 1436 :ut
1332 1398 1451 1437 cum
1506 1394 1842 1452 pra'paralus

221 1471 398 1526 fueris
430 1474 494 1526 ad
526 1475 910 1539 invocandum,
960 1484 1018 1530 et
1057 1491 1141 1529 me
1195 1476 1465 1539 oraveris,
1506 1476 1599 1545 qui
1648 1491 1839 1545 supra-

211 1562 370 1616 dicta
386 1566 680 1629 co:.slituo,
706 1566 963 1620 felicitate
989 1577 1315 1636 temporum,
1336 1576 1394 1622 et
1413 1569 1641 1622 aliorum
1669 1568 1838 1623 bono-

218 1672 345 1709 rmu
374 1658 751 1727 largitionibus
805 1660 1101 1729 perfruaris
1129 1705 1144 1728 ,
1189 1680 1275 1717 tne
1328 1664 1422 1717 tibi
1460 1680 1554 1732 per
1595 1664 1838 1733 singulos

219 1764 403 1802 annos
431 1755 612 1805 omnia
656 1752 809 1821 juxta
843 1766 1048 1807 natura:
1089 1753 1336 1810 ordinem
1369 1754 1745 1815 ministrante.
1781 1766 1837 1810 ut

1945 561 2116 605 vetitos
2147 552 2210 604 de
2239 552 2498 605 thesauris
2521 553 2628 605 suis
2653 550 2826 619 (Psal.
2848 554 3152 623 cnsui).
3181 553 3328 609 Bene
3367 567 3546 609 autem

1943 644 2084 714 quod
2110 644 2161 698 in
2188 646 2299 714 ipsa
2318 646 2589 699 sententia
2611 660 2716 697 non
2742 647 2836 707 ait,
2855 645 2945 713 qui
2966 649 3145 699 creari
3173 664 3186 699 :
3213 646 3307 700 sed
3322 649 3407 715 qui
3432 663 3549 702 creo

1942 736 2205 804 spiritum.
2235 735 2289 790 Si
2323 735 2466 789 enim
2494 737 2560 790 de
2606 736 3071 790 substantialitate
3103 734 3341 805 Spiritus
3374 740 3545 793 sancti

1942 843 2123 882 sermo
2153 837 2317 889 esset.
2350 828 2577 882 dixisset
2609 830 2815 898 utique,
2846 832 2935 899 qui
2955 833 3157 885 creari.
3188 830 3377 901 Neque
3400 834 3547 887 enim

1942 932 2159 987 semper
2187 920 2440 974 eumdem
2470 931 2643 975 creat.
2669 921 2822 976 Nunc
2840 934 3023 976 autem
3049 934 3451 992 consequenter
3476 924 3547 981 de

1943 1009 2069 1064 ﬂatu
2104 1010 2309 1064 dictum
2336 1023 2441 1073 est,
2468 1015 2555 1080 qui
2583 1029 2700 1065 creo
2726 1030 2743 1065 :
2768 1015 2894 1081 quia
2924 1029 3032 1067 non
3062 1015 3231 1068 semel
3255 1015 3399 1068 venti
3419 1017 3545 1071 iacti

1941 1114 2088 1166 Sttttl,
2118 1103 2278 1158 sedin
2311 1120 2377 1157 eo
2395 1105 2535 1174 quod
2567 1106 2892 1171 subsistunt,
2918 1106 3160 1175 quotidie
3185 1105 3339 1159 ﬁunt.
3360 1106 3547 1176 Neque

1942 1194 2085 1248 enim
2133 1197 2331 1248 [rustra
2361 1196 2478 1250 sine
2530 1200 2782 1262 articulo,
2829 1198 2919 1267 qui
2957 1200 3007 1250 in
3052 1196 3243 1252 Graeco
3284 1214 3539 1254 sermone

1940 1286 2331 1355 singularitatis
2359 1288 2689 1357 signiﬁcatur
2715 1297 2837 1353 est,
2867 1304 3013 1343 nunc
3052 1291 3278 1357 spiritus
3319 1300 3541 1346 creatus

1941 1379 2140 1433 dicitur
2172 1383 2466 1448 :quoniam
2501 1396 2604 1435 neu
2631 1392 2712 1435 est
2744 1391 2987 1445 sanctus,
3011 1397 3134 1435 cum
3166 1398 3301 1450 pene
3328 1397 3543 1452 semper

1941 1476 2176 1543 Spiritus
2205 1486 2459 1539 Sanctus,
2493 1492 2616 1531 cum
2648 1478 2876 1531 articulo
2916 1480 3249 1541 nominetur,
3276 1488 3334 1531 ut
3364 1478 3417 1531 itt
3446 1478 3541 1532 illo

1938 1572 2057 1625 αὐτὸ
2078 1572 2135 1625 τὸ
2156 1578 2376 1642 Πνεῦμα,
2415 1571 2465 1624 id
2494 1581 2576 1625 est
2609 1572 2715 1641 ipse
2733 1572 2960 1642 Spiritus
2991 1574 3337 1625 testimonium
3361 1574 3541 1642 perhi-

1938 1662 2014 1715 bet
2045 1664 2253 1730 spiritui
2283 1666 2650 1733 uostroUiom.
2680 1681 2792 1728 vnt,
2820 1666 3167 1735 16).Etalibi,
3191 1670 3380 1727 ταύτὸς
3399 1669 3540 1725 ἐστιν

1937 1760 1995 1814 τὸ
2020 1762 2325 1822 ζωοποιοῦν,
2348 1756 2400 1811 id
2425 1770 2507 1812 est
2536 1760 2645 1829 ipse
2675 1770 2749 1812 est
2778 1761 3103 1827 quitiiiﬁrat
3126 1758 3304 1827 (lortn.
3336 1776 3409 1821 \‘I,
3431 1760 3547 1829 iii).

215 1838 454 1894 fecuude
502 1858 679 1896 anuus
725 1842 873 1909 ﬂuat,
929 1858 983 1897 ttt
1034 1845 1147 1898 suis
1199 1848 1391 1913 Spatiis
1437 1846 1693 1900 horarum
1723 1863 1838 1901 mo-
1871 1856 1910 1913 lt
1944 1848 2008 1902 Et
2037 1864 2252 1903 rursum
2287 1867 2298 1902 :
2336 1850 2428 1904 Sic
2456 1862 2501 1903 et
2532 1868 2649 1919 (μιαν
2680 1849 2781 1903 Dci
2807 1862 2947 1916 sunt,
2983 1867 3132 1904 uerno
3161 1854 3401 1922 cognorit
3440 1853 3542 1907 nisi

222 1943 411 1987 menta
435 1934 753 2001 decurrant,
789 1948 847 1990 ut
878 1954 979 1991 suo
1032 1950 1275 2005 tempore
1302 1942 1535 1994 tonitrua
1570 1941 1831 2010 mugiunt,

226 2033 293 2078 ut
344 2027 600 2082 salutaris
652 2044 783 2081 aura
830 2030 1153 2097 Opportunis
1202 2029 1417 2084 ﬂatibus
1479 2032 1725 2099 inspiret.
1776 2032 1835 2088 Si

211 2132 355 2171 vero
370 2121 823 2187 perallegnriam,
862 2122 1164 2173 tonitruum
1181 2122 1576 2186 etdiluculum,
1598 2134 1648 2176 et
1667 2124 1836 2178 nebu-

208 2206 263 2258 la
282 2249 298 2271 ,
324 2216 383 2261 et
402 2209 611 2263 creatio
643 2211 868 2277 spiritus
904 2211 1299 2279 intelligantur,
1326 2228 1433 2265 non
1470 2212 1839 2268 substantiam

205 2302 322 2367 rei,
343 2302 442 2355 sed
476 2303 760 2372 ﬁguratam
800 2305 1308 2373 interpretationem
1336 2306 1738 2376 signiﬁcabant.

298 2397 389 2450 15.
434 2397 590 2464 Quod
638 2399 683 2450 si
716 2414 746 2451 e
799 2398 1020 2453 diverso
1057 2402 1381 2468 opposuerit
1427 2399 1725 2453 manifeste
1769 2400 1837 2454 de

215 2491 429 2563 Spiritu
459 2502 653 2546 sancto
696 2492 813 2545 ltzec
844 2492 975 2558 diei,
1011 2495 1136 2563 quia
1189 2494 1454 2547 interatur
1502 2493 1568 2545 ad
1600 2495 1834 2547 creatio-

222 2603 353 2641 nem
396 2586 657 2653 Spiritus,
695 2585 826 2639 illud
872 2586 1018 2654 quod
1070 2586 1365 2655 sequitur:
1403 2586 1468 2638 1ιί
1521 2586 1836 2639 annuntians

220 2680 382 2753 123
401 2682 452 2733 in
469 2675 499 2715 δ
513 2694 690 2732 omnes
706 2680 936 2731 homines
952 2677 1217 2731 Christum
1232 2694 1379 2731 suum
1406 2676 1624 2745 (Ibid);
1647 2678 1696 2728 itt
1715 2676 1812 2731 ﬂe-

214 2775 369 2828 ιιι-ειθο
400 2774 651 2839 habetur,
685 2772 964 2825 annuntiat
994 2772 1047 2824 in
1075 2773 1332 2824 hominem
1360 2771 1619 2841 loquelam
1643 2786 1826 2833 suam;

214 2866 363 2935 quod
393 2866 603 2920 scilicet
640 2864 735 2933 qui
784 2874 1006 2918 creator
1056 2871 1143 2917 est
1187 2862 1451 2923 ninnium,
1498 2863 1615 2929 ipse
1660 2862 1820 2915 etiam

214 2957 500 3028 prophetis
540 2955 645 3027 [ΑΙ.
681 2953 1001 3026 prophetas]
1030 2954 1278 3023 inSpiret,
1312 2964 1365 3007 et
1393 2967 1548 3005 suam
1594 2968 1692 3020 per
1729 2966 1824 3006 eos

214 3048 531 3103 hominibus
554 3048 759 3102 indicet
781 3047 1144 3100 voluntatem.
1172 3046 1237 3100 Et
1265 3045 1328 3098 ad
1356 3044 1457 3099 hoc
1481 3044 1821 3113 responden-

210 3140 343 3194 dum
376 3150 483 3205 est,
514 3144 638 3209 quia
668 3138 888 3208 quidam
921 3138 1166 3193 literetici
1198 3137 1368 3190 alium
1405 3147 1565 3191 extra
1607 3147 1821 3190 creato-

1937 1944 1994 1999 τὸ
2010 1952 2228 2015 Πνεῦμα,
2250 1944 2301 1998 id
2317 1954 2401 1999 est
2419 1945 2650 2015 Spiritus
2674 1946 2765 2000 Dei
2785 1950 2992 2020 ἔτόγὰρ
3010 1955 3231 2019 πνεῦμα,
3436 1948 3539 2005 hoc

1937 2047 2041 2097 est,
2075 2038 2309 2102 Spiritus
2335 2040 2471 2091 enim
2494 2048 2753 2092 scrutatur
2779 2057 2974 2102 omnia,
3026 2042 3181 2093 etiam
3209 2043 3316 2094 alta
3349 2041 3440 2094 Dei
3472 2046 3489 2109 (
3521 2042 3539 2096 Ι

1940 2126 2059 2181 Cor.
2092 2143 2149 2192 tt,
2181 2128 2292 2195 10).
2327 2130 2392 2182 Ει
2443 2131 2610 2182 multa
2652 2146 2772 2198 qum
2808 2130 2879 2183 de
2909 2129 3208 2198 Scripturis
3245 2132 3415 2184 sacris
3441 2146 3539 2185 ex-

1939 2234 2163 2287 cerpere
2188 2221 2449 2288 possibile
2476 2232 2577 2275 est.
2612 2221 2768 2286 Quod
2800 2222 2973 2275 sicubi
3002 2238 3127 2276 raro
3152 2224 3273 2277 sine
3301 2223 3538 2279 articulo

1941 2312 2251 2365 nominatur
2282 2312 2519 2382 Spiritus
2550 2323 2788 2379 sanctus,
2814 2315 3097 2370 sciendum
3129 2325 3214 2369 est
3234 2316 3536 2372 cumaddi-

1939 2413 2185 2460 tamento
2216 2420 2339 2459 eum
2387 2408 2653 2460 nominari
2693 2408 3043 2477 signiﬁcante
3081 2410 3537 2479 magniﬁcentiam

1938 2498 2075 2566 ejus.
2112 2498 2393 2569 Siquidem
2438 2499 2638 2554 dicitur
2686 2501 2978 2570 aliquando
3006 2513 3063 2557 et
3106 2505 3223 2558 sine
3254 2506 3485 2558 articulo
3515 2547 3530 2571 ,

1936 2606 2057 2644 cum
2093 2609 2196 2645 non
2230 2594 2344 2660 ipse
2376 2608 2472 2663 per
2502 2610 2582 2657 se,
2614 2597 2706 2649 sed
2754 2595 3099 2664 participatio
3136 2597 3255 2665 ejus
3294 2598 3538 2653 ostendi-

1934 2693 2063 2738 tur;
2105 2696 2159 2737 ut
2194 2698 2342 2754 puta,
2391 2687 2624 2753 Spiritus
2679 2686 2880 2751 Heliae,
2935 2698 2983 2740 et
3024 2688 3229 2757 Spiritu
3271 2690 3538 2744 ambulate

1930 2775 2023 2846 (IV
2056 2777 2185 2847 Reg.
2217 2793 2276 2843 ιι,
2310 2778 2413 2842 t5;
2444 2776 2619 2831 (ἑοῖσι.
2646 2794 2695 2843 v,
2730 2780 2845 2849 £6),
2872 2787 2929 2835 et
2956 2795 3316 2851 quaecumque
3342 2782 3428 2835 his
3460 2783 3535 2838 si-

1928 2869 2072 2923 milia
2106 2879 2250 2923 sunt.
2974 2884 2986 2896 '

1998 2960 2084 3015 t6.
2124 2962 2389 3027 Qu-miam
2420 2963 2582 3032 igitur
2623 2979 2688 3018 ex
2722 2963 2827 3031 liis,
2858 2980 2981 3033 qua:
3020 2967 3348 3029 memoravi,
3379 2976 3436 3021 et
3460 2983 3529 3022 ex

1927 3055 2105 3108 multis
2136 3055 2277 3117 aliis,
2306 3070 2410 3109 non
2440 3070 2561 3110 esse
2582 3066 2888 3111 creaturam
2921 3058 2973 3112 in
2989 3058 3248 3127 Spiritum
3267 3070 3523 3114 sanctum

1923 3148 2358 3202 demonstratum
2391 3158 2495 3215 est,
2541 3165 2806 3218 nusquam
2857 3150 3264 3205 conditionibus
3308 3166 3523 3205 cunnu-

211 3250 328 3289 rem
383 3234 674 3289 Dmniuum
732 3233 948 3287 Patrem
997 3232 1300 3287 Salvatoris
1325 3232 1682 3296 mentiuntur,
1718 3230 1816 3284 hoc

1928 3252 2166 3297 nteratus
2190 3252 2293 3307 est,
2322 3244 2416 3297 sed
2448 3259 2663 3313 semper
2682 3260 2807 3299 cum
2841 3246 2997 3301 Patre
3023 3254 3079 3301 et
3102 3247 3243 3301 Filio
3274 3249 3524 3315 positus:

209 3326 544 3396 impiissime
574 3326 938 3394 praedicantes
958 3344 969 3378 :
992 3341 1099 3381 non
1133 3325 1457 3378 sceleratam
1488 3339 1675 3378 eorum
1706 3338 1820 3376 sus-

215 3422 491 3490 picionem
522 3421 870 3490 providentes
899 3436 926 3473 a
965 3420 1075 3474 Deo
1108 3420 1340 3489 percuti,
1380 3417 1598 3472 dicente
1644 3434 1655 3469 :
1704 3417 1819 3486 Ego

210 3517 457 3570 tormans
484 3513 684 3587 [Vatia
721 3514 965 3586 ﬁrmans]
1000 3514 1299 3568 tonitruum
1336 3552 1351 3576 ,
1385 3524 1436 3567 et
1468 3528 1663 3566 ετριιιις
1704 3513 1816 3581 spi-

212 3609 375 3661 ritum
406 3618 463 3663 et
493 3609 629 3662 alias
658 3607 844 3661 mundi
881 3616 1059 3676 partes
1108 3605 1317 3660 faciens
1356 3616 1409 3659 et
1453 3606 1769 3674 gubernans
1792 3649 1807 3671 ,

210 3700 475 3753 annuntio
499 3699 552 3754 in
585 3699 833 3753 homines
861 3698 1135 3752 Christum
1171 3714 1372 3752 meum.
1420 3698 1484 3751 Et
1522 3698 1623 3751 hoc
1665 3698 1809 3752 enim

212 3795 572 3863 providentia:
600 3808 737 3849 mea:
768 3808 906 3862 Opus
946 3808 1112 3863 Super
1142 3796 1323 3847 omnia
1355 3808 1518 3860 opera
1550 3809 1665 3847 mea
1694 3804 1771 3847 est
1793 3835 1808 3858 ,

212 3897 268 3938 ut
300 3903 408 3941 non
431 3887 611 3940 solum
643 3902 838 3941 eorum
874 3903 992 3955 qua:
1025 3886 1157 3940 foris
1184 3895 1333 3952 sunt,
1365 3886 1461 3939 sed
1491 3896 1543 3938 et
1582 3900 1704 3954 qute
1745 3885 1811 3939 ad

213 3981 639 4035 emolumentum
673 3982 867 4033 animae
896 3993 949 4035 et
992 3980 1192 4035 mentis
1240 3982 1535 4034 utilitatem
1566 3980 1676 4052 [ΑΙ.
1712 3980 1813 4035 hu-

214 4073 521 4146 militatem]
541 4075 835 4144 pertinent,
871 4089 1033 4128 causa
1050 4075 1363 4129 subsistant.
1395 4074 1506 4144 Ego
1536 4074 1635 4129 hoc
1662 4074 1807 4144 quod

213 4164 427 4229 dicitur,
457 4164 588 4220 Creo
613 4166 872 4235 spiritum,
902 4182 1053 4235 irque
1079 4166 1315 4221 arbitror
1345 4167 1580 4235 positum
1602 4209 1619 4231 ,
1668 4182 1732 4221 ac
1763 4166 1807 4220 si

215 4258 508 4323 diceretur,
561 4274 755 4311 creatis
789 4268 1028 4312 rentum.
1063 4261 1205 4315 Deus
1232 4261 1436 4332 quippe
1468 4261 1625 4315 ﬂatus
1667 4263 1765 4315 hos
1787 4302 1802 4327 ,

218 4356 300 4421 qui
332 4370 430 4423 per
454 4353 597 4408 aeris
626 4363 831 4406 ntotutn
860 4354 1185 4421 efﬁciuntur,
1215 4356 1573 4423 dispositione
1593 4372 1686 4410 sua
1707 4356 1807 4410 du-

1928 3349 2071 3388 ntmc
2112 3334 2392 3388 videamus
2439 3351 2599 3402 quam
2648 3349 2773 3390 cum
2807 3346 3035 3406 utroque
3066 3336 3265 3392 habeat
3309 3334 3527 3392 iudiﬂ‘e-

1927 3427 2155 3479 reutiam
2186 3426 2295 3497 [ΑΙ.
2338 3426 2747 3501 ἀισειιειιιὶιιηι].
2780 3427 2834 3482 In
2864 3429 2973 3485 line
3022 3430 3277 3500 EpiStola:
3321 3444 3523 3484 secun-

1918 3520 2024 3580 dm,
2065 3536 2225 3588 quam
2250 3520 2315 3573 ad
2345 3519 2659 3576 Corinthios
2702 3522 2888 3576 scribit
2932 3523 3153 3586 Paulus,
3187 3522 3262 3577 ait
3296 3537 3307 3575 :
3341 3518 3526 3578 Gratia

1918 3610 2125 3666 Domini
2154 3615 2318 3667 nostri
2347 3612 2475 3667 Jesu
2508 3615 2723 3679 Christi,
2747 3627 2793 3669 et
2812 3617 3037 3672 charitas
3065 3617 3164 3672 Dei
3180 3660 3191 3683 ,
3217 3627 3263 3669 rt
3290 3634 3524 3672 continu-

1920 3708 2107 3761 nicatio
2134 3709 2300 3762 sancti
2328 3708 2583 3775 Spiritus,
2624 3710 2693 3764 sit
2717 3724 2915 3782 seraper
2939 3728 3062 3765 cum
3105 3712 3342 3766 omnibus
3374 3713 3517 3771 rubis

1921 3797 1987 3870 (ll
2024 3798 2145 3853 Cor.
2204 3815 2315 3861 xm,
2372 3801 2479 3869 13).
2536 3800 2857 3857 Ostenditur
2898 3804 3099 3873 quippe
3142 3816 3207 3857 ex
3261 3818 3518 3862 sermone

1923 3893 2172 3961 pra-senti
2207 3908 2309 3945 una
2341 3892 2622 3946 Trinitatis
2645 3895 2948 3964 assumptio
2978 3913 2989 3947 :
3014 3910 3135 3948 cum
3184 3897 3230 3950 is
3274 3897 3365 3967 qui
3390 3912 3516 3966 gra-

1918 3985 2046 4038 tiam
2080 3984 2281 4038 Christi
2309 3985 2552 4054 accepit,
2586 3986 2777 4043 habeat
2810 4001 2931 4041 eam
2963 3996 3071 4041 tam
3125 3999 3223 4054 per
3249 3986 3514 4043 adminis-

1918 4088 1953 4130 tt
1971 4080 2204 4133 ationent
2221 4077 2311 4131 Pal
2324 4078 2582 4146 ris,qnaut
2598 4094 2696 4146 per
2711 4080 3049 4147 largitionem
3067 4077 3301 4146 Spiritus
3315 4079 3514 4136 sancti.

1914 4168 2080 4221 Datur
2095 4169 2240 4222 enim
2256 4183 2285 4221 a
2310 4168 2419 4222 Deo
2436 4168 2595 4223 Patre
2615 4182 2665 4225 et
2689 4168 2831 4239 [ALa
2852 4166 3102 4237 Domino]
3122 4166 3249 4222 Jesu
3269 4167 3513 4237 Christo,

1902 4261 2057 4330 juxta
2073 4258 2274 4315 illude
2282 4262 2414 4314 ratia
2430 4260 2881 4331 uobiscuttt,etpax
2896 4278 2924 4312 ιι
2946 4258 3056 4312 Deo
3076 4258 3306 4321 Patre.et
3323 4259 3508 4314 Denti-

1910 4368 1975 4405 κο
1987 4351 2353 4422 JesuChristo(
2367 4351 2783 4420 Rom.t,7;lCor.
2802 4367 2840 4415 ι,
2856 4353 2908 4413 5;
2927 4349 3127 4405 Coloss.
3144 4365 3181 4417 ι,
3199 4358 3247 4403 et
3261 4350 3383 4419 aL):
3398 4367 3508 4409 non

288 4568 313 4593 λ
340 4558 574 4617 Vitiose,
605 4567 658 4610 et
688 4568 874 4610 contra
904 4558 1186 4626 scriptoris
1213 4566 1473 4619 mentem,
1504 4568 1615 4610 erat
1644 4567 1800 4610 antea
1829 4557 1879 4614 Ῐ)
1911 4567 2052 4610 tatus
2100 4569 2205 4621 est,
2259 4556 2621 4624 exposuitque
2672 4554 2725 4607 in
2757 4554 3208 4623 Commentariis,
3242 4560 3332 4615 ulti
3368 4562 3514 4621 LXX

217 4628 516 4691 concedere,
538 4627 681 4694 quod
705 4644 771 4681 ex
803 4628 969 4682 Vatic.
1006 4645 1107 4683 ms.
1133 4628 1512 4692 emendantus,
1543 4628 1635 4695 qui
1676 4626 1802 4681 item

219 4718 314 4769 pro
361 4700 540 4752 verbis
578 4709 626 4769 et
671 4700 840 4769 [arere
870 4700 1037 4754 habet
1069 4703 1181 4755 fere
1223 4699 1559 4761 roncinnius,
1616 4700 1808 4764 pariter

218 4768 422 4839 effatus,
446 4776 551 4823 etc.
598 4768 713 4823 Mox
744 4768 965 4823 Thebis.
1008 4775 1235 4842 formare
1277 4772 1394 4837 legit
1439 4785 1533 4837 pro
1562 4771 1805 4831 ﬁrmare,

220 4844 349 4912 quod
393 4841 704 4911 promiscue
735 4843 871 4894 intra
898 4844 984 4897 alii
1011 4841 1171 4895 etiam
1204 4858 1336 4895 mss.
1380 4844 1697 4908 prauorum.

284 4914 309 4952 δ
342 4914 537 4966 Vocem
571 4929 746 4966 omnes
779 4929 952 4982 uetpte
1004 4930 1133 4968 mss.
1170 4915 1357 4977 nostri,
1414 4927 1591 4980 neque
1624 4912 1807 4967 Autosi

223 4994 389 5040 textus
419 4986 642 5048 habt-nt,
677 5000 908 5051 tiatttqtte
938 5001 1066 5038 sane
1094 4985 1273 5039 malim
1324 4985 1581 5053 expungi.
1625 4986 1808 5038 Anno-

223 5058 468 5137 tationem
499 5072 763 5137 porro_ex
798 5056 1028 5137 llebra'o
1059 5074 1163 5137 non
1191 5073 1253 5109 ex
1303 5056 1508 5137 Didymi
1560 5054 1803 5137 ingenio,

223 5131 297 5195 qui
327 5127 619 5183 Hebraieas
662 5128 877 5179 iitteras
906 5129 1121 5194 penitus
1154 5128 1455 5195 ignorabat,
1491 5127 1584 5181 sed
1618 5128 1802 5195 utique

221 5215 276 5253 ex
300 5200 630 5270 Hieronymo
652 5199 975 5267 profecisse,
1011 5198 1138 5252 mihi
1193 5200 1519 5267 persuadeo.
1573 5198 1705 5270 Nam
1738 5197 1796 5253 S.

223 5286 414 5339 quoque
445 5269 775 5325 Atttbrosins
804 5272 892 5339 qui
931 5270 1022 5323 lib.
1051 5286 1085 5323 ιι
1114 5270 1182 5323 de
1210 5271 1411 5337 Spiritu
1450 5282 1641 5324 saneto
1674 5269 1798 5323 huic

225 5357 276 5395 ex
299 5343 477 5398 Amosi
513 5344 640 5396 loco
683 5342 975 5409 objectioni
1012 5342 1323 5409 respondet,
1374 5343 1510 5395 hanc
1542 5342 1679 5409 apud
1708 5340 1798 5393 Di-

224 5412 414 5484 dytttttm
448 5414 783 5467 Solutionent
827 5428 892 5465 ex
939 5411 1167 5484 Hebrmo
1193 5428 1250 5466 se
1308 5412 1505 5466 indicat
1554 5428 1658 5465 non
1715 5413 1793 5466 le-

222 5492 356 5552 gisse.
395 5502 517 5539 cum
564 5485 715 5537 illaut
747 5484 971 5536 omnino
1001 5483 1325 5538 dissimulet.
1358 5484 1670 5551 Arguehant
1696 5498 1793 5536 au-

223 5568 301 5611 tem
330 5556 580 5613 Hmretiri
612 5572 677 5609 cx
724 5570 794 5608 eo
827 5555 967 5615 luco,
996 5556 1170 5609 creari
1202 5554 1462 5623 Spiritum
1520 5562 1790 5619 sanctum,

222 5642 260 5681 ut
283 5630 591 5683 hominibus
622 5626 983 5680 annuntiaret
1023 5624 1317 5680 Christum.
1369 5624 1575 5689 Quibus
1623 5633 1681 5678 ιιι
1712 5641 1795 5680 re-

222 5700 1001 5768 pnnatilieronymus,nnnita
1038 5700 1088 5749 in
1125 5696 1352 5751 Hebrmo
1393 5700 1539 5768 t‘onte
1583 5695 1682 5763 legi
1708 5711 1794 5749 as-

223 5767 342 5835 St'rii,
373 5790 435 5829 ac
461 5767 605 5841 apud
627 5767 804 5833 LXX,
828 5767 926 5822 sed
982 5769 1168 5823 haberi
1211 5768 1485 5841 mutantia!
1524 5767 1578 5841 in
1624 5769 1791 5819 homi-

226 5838 579 5919 nemIOquelam
601 5858 782 5898 suam.
818 5848 995 5912 Atque
1023 5840 1092 5896 ita
1123 5840 1338 5915 quidem
1371 5838 1485 5909 ipse
1530 5839 1795 5908 interpre-

1914 4629 2059 4681 verbi
2087 4628 2441 4682 similitudine
2481 4640 2533 4680 et
2556 4626 2910 4699 ambiguitate
2937 4628 3197 4698 deceptos
3233 4644 3401 4689 notat.
3450 4637 3514 4693 Si

1913 4700 2066 4771 enim,
2104 4700 2296 4771 inquit,
2333 4699 2598 4771 tegminis,
2651 4698 2927 4771 Christum
2978 4714 3159 4771 suum,
3207 4705 3345 4771 quod
3405 4706 3507 4763 Ile-

1915 4769 2079 4819 braice
2109 4770 2297 4819 dicitur
2325 4766 2536 4837 Messio.
2570 4768 2811 4821 scribitur
2854 4786 2942 4834 per
2967 4769 3060 4823 has
3110 4766 3307 4826 litteras
3340 4792 3504 4837 ment,

1913 4839 2018 4899 sin,
2070 4839 2185 4905 jod,
2238 4836 2387 4893 lte'lt,
2437 4846 2480 4887 et
2527 4852 2651 4898 van,
2700 4840 2835 4900 quod
2864 4839 3005 4892 LXX
3037 4853 3360 4906 putaverunt.
3410 4836 3505 4902 Siti

1915 4919 2087 4982 utilem
2109 4908 2237 4982 utin
2275 4906 2514 4982 Hebrum,
2562 4917 2616 4960 et
2646 4910 2784 4982 apud
2817 4911 3055 4978 reliquos
3076 4911 3404 4982 intetpretes
3431 4931 3506 4972 εκ

1916 4978 1996 5031 Itis
2019 4979 2202 5032 litteris
2254 4977 2512 5048 scribitur,
2547 4994 2710 5040 mem,
2760 4980 2847 5044 be,
2892 4977 3027 5048 quod
3058 4993 3130 5035 est
3160 4977 3269 5047 ma,
3304 4986 3400 5040 hac
3429 5000 3505 5045 cu

1910 5050 2187 5129 qttod_._vel
2211 5048 2357 5129 quid.
2392 5047 2598 5129 Deinde
2632 5051 2744 5129 sin,
2769 5052 2860 5120 jod
2879 5094 2894 5119 ,
2922 5051 3085 5129 lteth,
3109 5056 3255 5129 quod
3286 5058 3502 5129 legimus

1909 5124 2010 5184 sia,
2040 5121 2095 5173 id
2124 5132 2196 5172 est
2225 5121 2522 5185 ethnium.
2554 5121 2598 5174 υ
2623 5121 2783 5195 igitur
2832 5125 2969 5193 quod
2997 5126 3236 5179 scribitur
3288 5121 3377 5195 pe":-
3416 5142 3500 5184 so-

1908 5195 2014 5271 lant
2064 5196 2288 5246 litteram
2320 5207 2439 5271 trait,
2468 5195 2648 5271 αὐτοῦ,
2677 5194 2733 5246 id
2769 5207 2865 5259 est,
2894 5197 3048 5271 ejus,
3093 5194 3375 5271 signiﬁcat,
3423 5204 3497 5255 si-

1906 5266 2113 5335 mulque
2154 5266 2485 5337 commixtum
2533 5268 2719 5337 legitur
2770 5269 2957 5322 masio.
3010 5266 3161 5325 Unde
3220 5266 3498 5328 COHt'llldll

1909 5330 2077 5390 Dium
2133 5351 2229 5405 per
2279 5330 2600 5405 ptophetas'
2632 5330 2873 5393 indicare
2924 5340 3256 5409 Voluntatem
3318 5357 3493 5409 suam,

1904 5423 2107 5476 eosque
2133 5409 2360 5473 turpiter
2391 5423 2596 5470 errare,
2642 5411 2730 5476 qui
2760 5412 2923 5462 altum
2955 5416 3106 5462 extra
3150 5408 3493 5477 Creatorem,

1898 5479 2111 5535 Patrem
2139 5478 2338 5532 Christi
2364 5480 2844 5542 inducebant,cum
2871 5480 3040 5533 Amos
3071 5480 3263 5533 nonde
3291 5480 3492 5547 Spiritu

1895 5554 1988 5606 sed
2023 5556 2089 5606 de
2122 5561 2302 5611 teuto,
2348 5565 2523 5619 neque
2548 5551 2618 5604 de
2644 5550 2881 5615 Christo,
2909 5550 3002 5602 sed
3031 5550 3096 5603 de
3128 5550 3216 5603 Dei
3265 5552 3492 5607 mt‘dita-

1899 5624 2042 5678 tione
2073 5626 2341 5691 loquatur.

1972 5708 1992 5735 ε
2023 5696 2114 5751 Sic
2138 5694 2385 5761 equidem
2414 5692 2544 5746 editi
2580 5692 2783 5745 habent
2812 5702 2866 5742 et
2891 5704 3022 5742 mss.
3056 5691 3150 5745 sed
3183 5706 3485 5760 perperam.

1899 5766 2134 5822 Eruenda
2160 5781 2224 5817 ex
2256 5778 2373 5831 Ipso
2406 5761 2629 5834 Joannis
2658 5773 2803 5834 textu
2828 5762 2885 5815 τὸ
2910 5767 3111 5834 Πνεῦμα
3148 5765 3257 5820 ἐστὶ
3280 5768 3337 5821 τὸ
3368 5773 3490 5834 ζωθ-

1898 5847 2096 5904 ποιοῦν,
2132 5836 2357 5905 Spiritus
2385 5845 2479 5900 est,
2508 5832 2593 5904 qui
2624 5831 2865 5903 riviﬁcat.
