4056 6294
550 331 653 390 119

1788 332 1845 387 s.
1888 329 2160 387 susse"
2200 294 2583 385 DIERONYMI

3741 322 3860 382 120

542 450 701 504 aliam
745 447 910 503 dante
939 448 1167 516 gratiam
1216 448 1376 503 Patre
1419 457 1475 504 et
1520 448 1682 503 aliam
1714 445 2018 503 Salvatore.
2053 444 2137 501 Si.
2166 454 2218 511 Α
2245 443 2496 499 omnibus
2526 443 2669 498 enim
2700 443 3032 515 approbatur
3058 442 3305 499 eamdem
3331 441 3704 512 operationem
3727 454 3858 495 esse

539 539 757 609 quidem
783 548 841 594 et
874 555 903 594 a
926 539 1088 594 Patre
1122 550 1176 595 et
1206 539 1440 596 Domino
1467 540 1594 596 Jesu
1625 539 1842 595 Christo
1864 554 1982 594 eam
2025 537 2141 593 dari

536 631 803 685 describit
828 628 1029 702 [Vatic.
1062 632 1301 705 scribit],
1328 632 1564 702 Spiritus
1605 631 1793 688 Sancti
1828 631 2137 685 communi-

538 722 761 777 catione
787 723 1137 792 completam.
1160 722 1291 778 Nam
1324 736 1374 778 et
1419 725 1537 795 ipse
1566 724 1801 794 Spiritus
1844 722 2018 779 dictus
2058 732 2143 777 est

540 815 739 884 gratia,
768 815 1067 869 secundum
1099 816 1229 871 illud
1265 836 1277 870 :
1332 818 1396 871 Et
1437 819 1645 889 spiritui
1666 819 1849 889 gratite
1893 819 2142 887 injuriam

539 907 762 977 faciens,
792 907 844 960 in
874 923 975 977 quo
1019 908 1371 977 sanctiﬁcatus
1404 918 1479 963 est
1526 908 1682 979 (Heb.
1718 926 1774 973 κ,
1804 908 1922 978 29).
1957 908 2012 963 In
2045 908 2144 963 Za-

541 999 726 1054 charia
758 1014 973 1070 quoque
1006 1001 1342 1069 rcpromittit
1368 1002 1508 1056 Deus
1525 1002 1818 1056 clfusurum
1845 1018 1924 1069 se,
1951 1001 2003 1056 id
2032 1010 2139 1069 est,

543 1092 1009 1148 abundantissime
1043 1094 1371 1150 tributurum
1406 1096 1709 1152 Jerus;ilem
1742 1096 1991 1166 spiritum
2017 1112 2141 1167 gra-

541 1186 630 1240 tim
656 1195 713 1241 et
740 1186 1107 1241 miserationis
1134 1186 1377 1259 (Zachar.
1409 1204 1504 1255 XII,
1541 1190 1650 1259 10).
1684 1189 1818 1243 Cum
1850 1189 1993 1243 enim
2024 1190 2144 1257 quis

542 1276 777 1346 Spiritus
803 1278 975 1331 sancti
1006 1277 1274 1347 accceperit
1303 1280 1556 1347 gratiam,
1594 1277 2145 1333 habebiteamdatam

545 1386 575 1424 a
602 1371 711 1424 Deo
736 1369 913 1436 Patre,
945 1379 999 1424 et
1030 1385 1058 1423 a
1088 1369 1214 1425 Jesn
1241 1370 1460 1425 Christo
1500 1372 1729 1426 Domino
1776 1382 1983 1426 nostro.
2031 1371 2145 1427 Una

551 1464 718 1534 igitur
738 1464 1118 1534 gratia,Patris
1135 1465 1477 1539 etlasFilii
1491 1479 1561 1528 ,et
1580 1466 1814 1535 Spiritus
1830 1468 2003 1522 sancti
2018 1483 2147 1537 epe—

550 1562 767 1613 ratione
795 1559 1087 1627 completa,
1113 1559 1351 1613 Trinitas
1375 1561 1535 1615 unius
1558 1562 1878 1615 substantiae
1910 1560 2145 1616 demon-

546 1661 767 1706 stratur.
803 1654 857 1708 In
888 1654 995 1708 alio
1025 1668 1241 1722 quoque
1265 1653 1387 1706 loco
1411 1671 1421 1705 :
1447 1652 1711 1717 Charitas,
1738 1654 1911 1723 iuqttit
1933 1654 1999 1726 (ll
2023 1654 2144 1709 Cor.

552 1759 673 1806 stu.
707 1745 820 1814 15),
856 1744 952 1799 Dei
978 1762 1095 1798 cum
1122 1744 1355 1797 omnibus
1376 1744 1517 1797 vobis
1542 1788 1555 1810 ,
1601 1760 1760 1814 quina
1790 1744 2059 1800 Trinitate
2096 1755 2150 1800 et

2246 535 2455 602 Patris,
2497 544 2554 591 et
2594 535 2753 601 Filii,
2794 545 2848 591 et
2889 535 3123 606 Spiritus
3159 535 3354 589 sancti.
3396 533 3637 601 Quorum
3666 540 3857 587 autem

2251 630 2409 702 126
2438 645 2540 683 una
2581 639 2665 683 est
2703 630 2980 700 operatio,
3010 644 3113 682 una
3150 637 3234 683 est
3263 636 3318 683 et
3344 628 3641 683 substantia
3670 643 3683 679 :
3723 625 3858 695 quia

2243 738 2362 793 qua:
2380 733 2401 760 ο
2427 722 2603 776 eidem
2630 722 2947 776 subsmntim
2974 720 3195 791 ὁμούσια
3221 732 3343 776 suat
3361 764 3375 786 ,
3403 720 3621 775 easdem
3647 718 3858 775 habent

2245 812 2593 883 operationes
2622 829 2634 865 :
2666 821 2720 866 et
2750 827 2872 881 quae
2902 811 3130 866 alterius
3160 811 3479 866 substantizn
3508 853 3521 877 ,
3551 820 3606 866 et
3635 809 3858 883 ἀνομούς

2246 930 2335 963 σια
2359 948 2372 971 ,
2405 905 2621 960 dissona
2654 915 2817 977 atque
2845 906 3060 961 diversa
3092 916 3239 961 sunt.

2322 999 2407 1054 18.
2449 999 2632 1070 Neque
2662 1000 2806 1055 enim
2839 1014 2903 1054 ex
2940 998 3021 1055 his
3054 1008 3262 1054 tantum
3295 1014 3413 1070 qua:
3446 998 3813 1067 praemisimus
3836 1039 3851 1063 ,

2246 1092 2528 1146 Trinitatis
2583 1092 2761 1145 unitas
2799 1091 3062 1146 ducetur:
3107 1092 3201 1145 sed
3244 1108 3310 1145 ex
3360 1090 3854 1146 innumerabilibus

2248 1184 2367 1238 aliis
2402 1226 2416 1249 ,
2456 1183 2524 1238 de
2562 1184 2762 1253 quibus
2802 1198 3019 1237 rursum
3060 1183 3359 1237 secundum
3401 1196 3558 1236 suum
3597 1180 3855 1237 ordinem

2249 1290 2419 1345 pauca
2465 1290 2748 1345 ponemus.
2795 1278 3041 1345 Arguens
3081 1274 3275 1329 Petrus
3315 1274 3583 1329 Ananiam
3612 1315 3626 1339 ,
3682 1273 3735 1327 in
3786 1287 3858 1328 eo

2248 1369 2393 1439 quod
2428 1370 2479 1422 in
2508 1368 2820 1424 venditione
2849 1369 3000 1439 agri,
3030 1368 3187 1439 cujus
3212 1383 3273 1425 se
3299 1378 3468 1424 totum
3499 1369 3729 1440 pretium
3756 1369 3858 1424 ob-

2252 1462 2441 1517 tulisse
2473 1462 2720 1529 dicebat,
2765 1461 3012 1516 fraudem
3056 1462 3274 1517 fecisset
3301 1462 3328 1499 εἴ
3356 1478 3387 1517 e
3427 1463 3647 1518 medio:
3681 1463 3858 1517 sancti

2252 1554 2489 1623 Spiritus
2523 1556 2783 1609 unitatem
2824 1554 2891 1608 ad
2936 1555 3140 1619 Deum,
3184 1569 3289 1609 non
3332 1555 3629 1609 secundum
3663 1570 3857 1610 nume-

2254 1663 2405 1711 rum,
2450 1648 2545 1703 sed
2581 1649 2730 1716 juxta
2772 1648 3129 1703 substantiam
3170 1648 3580 1718 comprobavit,
3621 1648 3853 1704 dicens:

2255 1742 2490 1805 Anania,
2524 1759 2682 1811 quare
2710 1742 2978 1813 complevit
3008 1742 3232 1798 Satanas
3273 1759 3361 1796 cor
3400 1754 3576 1809 tuum,
3616 1754 3672 1796 ut
3713 1760 3857 1798 men-

542 1837 824 1901 tribnitur,
879 1848 936 1893 et
984 1836 1253 1891 ﬁrmatur.
1310 1838 1397 1890 Ait
1450 1838 1650 1907 quippe
1705 1838 1995 1893 Salvator:
2044 1838 2144 1905 Qui
2180 1842 2222 1902 Β
2251 1836 2417 1889 tireris
2450 1834 2673 1905 Spiritui
2700 1847 2914 1903 sancto,
2957 1846 3003 1890 et
3039 1836 3378 1892 abscondere:
3406 1836 3471 1890 de
3502 1838 3663 1906 pretio
3694 1838 3856 1908 agri?

546 1935 573 1963 α
603 1929 750 1982 audit
773 1929 925 1983 verba
972 1945 1104 1994 mea,
1134 1937 1179 1982 et
1201 1938 1365 1983 servat
1396 1944 1475 1993 ea,
1505 1929 1589 1982 hic
1609 1938 1685 1983 est
1712 1931 1799 1994 qui
1848 1930 2021 2001 diligit
2048 1947 2145 1983 me.

554 2020 658 2087 Qui
708 2030 877 2074 autem
929 2021 1102 2090 diligit
1148 2037 1247 2080 me.
1282 2020 1529 2092 diligetur
1559 2039 1589 2073 a
1624 2019 1783 2074 Patre
1805 2038 1934 2087 meo,
1967 2032 2016 2075 et
2057 2038 2149 2092 ego

544 2112 761 2185 diligam
792 2130 908 2166 eum
940 2110 1124 2183 (Juan.
1163 2128 1271 2174 διν.
1306 2114 1421 2183 21).
1452 2112 1638 2179 Neque
1674 2114 1820 2167 enim
1850 2114 1953 2166 alia
1981 2114 2146 2169 dilec-

542 2206 620 2259 tio
651 2213 737 2261 est
755 2205 1053 2260 Salvatoris
1078 2220 1244 2274 super
1264 2205 1348 2258 his
1375 2206 1465 2275 qui
1487 2214 1760 2269 amantur,
1782 2215 1836 2261 et
1853 2206 1955 2258 alia
1981 2206 2150 2261 dilec-

542 2300 620 2353 tio
656 2299 850 2353 Patris.
882 2298 1026 2353 Deus
1048 2299 1192 2352 enim
1220 2297 1397 2368 diligit
1427 2299 1480 2351 in
1515 2297 1746 2352 salutem
1770 2340 1784 2360 ,
1813 2296 1938 2367 quia
1965 2299 2037 2352 sic
2066 2299 2151 2353 di-

546 2392 670 2447 lexit
702 2389 841 2445 Deus
865 2392 1133 2454 mundum,
1154 2400 1208 2443 ut
1239 2387 1437 2443 Filium
1453 2406 1603 2444 suum
1631 2392 1952 2462 unigenitum
1979 2392 2148 2446 daret:

544 2495 603 2539 ut
633 2486 795 2539 omnis
822 2487 910 2556 qui
939 2484 1104 2539 credit
1126 2485 1179 2537 in
1202 2484 1372 2550 ipsum
1404 2482 1508 2555 [AL
1549 2482 1789 2555 Filium].
1818 2502 1919 2537 non
1948 2495 2144 2553 pereat,
2192 2538 2198 2545 ,

542 2580 633 2635 sed
661 2581 842 2635 habeat
870 2581 1027 2633 vitam
1054 2589 1298 2634 aeternam
1322 2575 1504 2650 (Joan.
1540 2592 1619 2641 ut,
1654 2576 1764 2647 16).
1798 2576 2061 2631 Similiter
2094 2586 2149 2630 et

546 2673 740 2737 Filius,
762 2672 859 2743 qui
886 2674 993 2726 vita
1026 2680 1132 2733 est,
1161 2682 1217 2725 ut
1262 2670 1466 2724 tribunal
1494 2670 1661 2723 vitam
1696 2677 1751 2722 et
1780 2668 2033 2731 salutem,
2062 2667 2150 2743 5di-

545 2764 664 2833 ligit
687 2740 951 2832 eos'quos
979 2763 1093 2815 vult
1122 2760 1240 2815 ﬁeri
1273 2759 1548 2814 meliores.
1579 2756 1735 2813 Unde
1758 2773 1945 2813 amare
1973 2773 2034 2812 se
2060 2740 2146 2812 di-

545 2854 621 2909 cit
640 2870 762 2909 eum
792 2855 880 2922 qui
910 2862 1121 2907 amatur
1143 2869 1169 2905 a
1203 2853 1387 2907 Patre.
1411 2852 1475 2906 Et
1498 2851 1567 2906 de
1596 2867 1661 2905 eo
1692 2851 1911 2921 ponitur
1940 2852 1990 2905 in
2018 2851 2149 2906 Pro-

546 2946 715 3019 pheta
744 2966 755 3000 :
788 2946 855 3000 Et
882 2948 993 3015 ipse
1022 2944 1238 3000 salvabit
1262 2946 1405 3011 illos,
1447 2945 1569 3015 quia
1614 2943 1799 2998 dilexit
1841 2943 1961 2998 illos
1987 2942 2144 3016 (Isai.

545 3058 741 3108 xxxm,
768 3042 834 3095 21
861 3058 875 3107 ;
902 3056 1064 3108 xxxv,
1093 3040 1173 3111 4).

620 3137 711 3191 17.
740 3135 887 3189 llauc
909 3134 1273 3196 dilectionem,
1296 3133 1531 3189 fructum
1550 3148 1671 3189 esse
1694 3133 1925 3203 Spiritus
1949 3134 2143 3200 sancti,
2196 3126 2197 3129 “

2257 1927 2444 1982 Nonne
2481 1944 2691 1983 manens
2728 1930 2819 1981 tibi
2858 1932 3126 1996 manebat,
3156 1940 3202 1982 et
3244 1931 3501 1984 venditum
3530 1931 3581 1983 in
3621 1941 3709 1982 tua
3748 1937 3857 1983 erat

2253 2021 2539 2091 potestate?
2569 2021 2741 2087 Quare
2767 2023 2986 2092 posuisti
3013 2023 3065 2075 in
3094 2022 3249 2075 cordc
3280 2032 3367 2076 tuo
3396 2024 3528 2075 hanc
3558 2023 3706 2077 rem?
3734 2020 3855 2076 Non

2252 2115 2543 2169 hominibus
2580 2116 2826 2169 mentitus
2864 2132 2947 2176 es,
2990 2116 3080 2169 sed
3120 2114 3230 2170 Deo
3269 2116 3421 2188 (Act.
3450 2133 3507 2181 ν,
3532 2118 3566 2171 5
3590 2119 3754 2187 seq.).
3796 2117 3855 2171 Si

2252 2206 2397 2262 enim
2437 2206 2529 2277 qui
2574 2207 2804 2262 Domino
2844 2208 3126 2273 mentitur,
3162 2208 3420 2263 mentitur
3445 2206 3668 2279 Spiritui
3701 2222 3857 2263 sanc-

2252 2306 2349 2352 to:
2383 2308 2436 2354 et
2468 2299 2561 2366 qui
2594 2298 2823 2369 Spiritui
2862 2310 3052 2354 sancto
3092 2299 3371 2365 mentitur,
3404 2301 3661 2355 mentitur
3700 2298 3851 2356 Deo:

2252 2390 2391 2446 nulli
2432 2391 2656 2445 dubium
2699 2401 2783 2446 est
2809 2433 2823 2456 ,
2866 2392 3202 2447 consortium
3244 2391 3482 2462 Spiritus
3521 2392 3692 2446 sancti
3734 2406 3855 2448 esse

2250 2498 2372 2539 cum
2412 2483 2545 2538 Deo.
2588 2483 2659 2538 Et
2695 2484 2975 2554 quomodo
3014 2486 3280 2539 sanctitas
3318 2483 3568 2538 subsistit
3606 2484 3657 2538 iu
3697 2482 3810 2539 Deo
3834 2525 3850 2551 ,

2249 2573 2442 2629 eodem
2472 2573 2633 2628 modo
2674 2584 2729 2629 et
2756 2574 2932 2629 deitas
2966 2572 3090 2648 [AL
3122 2573 3420 2645 divinitas]
3452 2574 3769 2645 intelligitur
3800 2575 3852 2629 in

2251 2665 2460 2736 Spiritu
2498 2673 2707 2721 sancto.
2750 2664 2859 2721 Iste
2896 2677 3077 2721 autem
3118 2666 3356 2737 Spiritus
3393 2674 3646 2732 sanctus,
3691 2681 3852 2737 quem

2250 2758 2487 2814 diximus
2526 2760 2768 2829 ejusdem
2810 2770 3017 2815 natura:
3054 2775 3178 2816 esse
3217 2775 3340 2816 eum
3394 2760 3589 2826 Patre,
3622 2761 3784 2815 etiam
3822 2775 3853 2815 a

2251 2852 2374 2908 Filii
2401 2852 2685 2909 divinitate
2715 2869 2821 2909 non
2861 2854 3074 2921 ditfert,
3113 2854 3397 2911 Salvatore
3436 2854 3653 2910 dicente
3690 2855 3853 2911 disci-

2252 2948 2397 3018 pulis
2423 2966 2436 3001 :
2480 2947 2607 3002 Cum
2633 2950 2685 3001 in
2710 2950 3043 3022 Synagogant
3072 2948 3140 3002 ad
3170 2949 3493 3020 principatus
3513 2958 3559 3002 et
3582 2959 3853 3019 potestates

2251 3042 2628 3096 introduxerint
2666 3058 2775 3108 vos,
2818 3043 2975 3096 nolite
3012 3040 3224 3095 solliciti
3261 3057 3368 3095 esse
3392 3082 3406 3105 ,
3446 3042 3727 3111 quomodo,
3767 3049 3855 3094 aut

2250 3134 2375 3205 quid
2401 3136 2773 3204 respondeatis.
2808 3134 3039 3203 Spiritus
3067 3134 3200 3187 enim
3228 3143 3436 3187 sanctus
3463 3132 3664 3187 docebit
3690 3149 3777 3187 vos
3802 3135 3854 3188 in

546 3238 887 3285 contestatur
915 3226 1209 3295 Apostolus
1227 3268 1243 3293 ,
1278 3227 1417 3282 sicut
1446 3236 1501 3282 et
1525 3226 1775 3296 gaudium
1797 3269 1810 3293 ,
1845 3237 1898 3281 et
1928 3241 2143 3297 pacem,
2174 3234 2219 3297 [ς
2252 3227 2345 3281 illa
2362 3226 2493 3280 hora
2517 3225 2644 3295 quid
2666 3228 2889 3280 debeatis
2915 3228 3103 3280 dicere.
3130 3224 3320 3279 Ponite
3342 3227 3393 3279 in
3418 3225 3655 3280 cordibus
3674 3227 3848 3282 vestris

546 3336 670 3391 quae
696 3335 725 3374 a
750 3320 910 3375 Patre
938 3320 1276 3375 ministratur
1297 3329 1352 3374 et
1373 3319 1531 3384 Filio,
1558 3320 1780 3374 dicens:
1810 3320 2030 3375 Fructus
2056 3337 2152 3373 au-

547 3425 648 3470 tem
692 3415 935 3486 spiritus,
966 3414 1241 3485 gaudium,
1276 3430 1412 3484 pax,
1442 3414 1667 3467 charitas
1716 3412 1911 3480 (Colat.
1950 3430 2004 3481 ν,
2030 3414 2147 3481 22).

547 3509 679 3576 Quae
709 3507 946 3561 charitas
973 3507 1141 3561 causa
1172 3516 1255 3562 est
1294 3507 1345 3560 in
1386 3506 1644 3561 cordibus
1672 3507 2010 3561 credentium
2056 3522 2152 3577 per

550 3600 814 3671 Spiritum
847 3611 1115 3655 sanctum.
1158 3599 1400 3654 Charitas
1426 3601 1619 3670 quippe
1640 3642 1655 3665 ,
1690 3600 1798 3662 ait,
1835 3599 1930 3654 Dei
1960 3600 2152 3665 di/Iusa

545 3706 623 3749 est
650 3696 705 3748 in
730 3694 967 3749 cordibus
995 3696 1175 3749 vestris
1205 3693 1380 3766 [ThoL
1409 3692 1635 3765 nostris]
1666 3696 1716 3747 in
1746 3693 1948 3765 Spiritu
1973 3703 2153 3748 sancto

549 3786 729 3855 (Rom.
758 3802 811 3853 ν,
849 3787 925 3859 5).
957 3787 1149 3843 Omnis
1179 3790 1378 3856 quippe
1408 3788 1497 3856 qui
1528 3786 1892 3840 communicat
1921 3784 2151 3855 Spiritui

548 3890 760 3941 sancto.
808 3898 900 3951 per
930 3880 1398 3952 participationem
1430 3880 1548 3948 ejus
1574 3878 1969 3945 communicat,
2000 3878 2148 3948 juxta

548 3973 705 4029 illud.
744 3972 806 4028 Et
833 3974 1234 4028 communicatio
1264 3973 1431 4027 sancti
1458 3972 1691 4042 Spiritus
1717 3973 1783 4025 sit
1810 3986 2008 4039 semper
2036 3986 2151 4023 cum

550 4070 787 4123 omnibus
814 4068 953 4122 vobis
985 4066 1067 4139 (ll
1096 4065 1217 4121 Cor.
1245 4082 1373 4132 xm,
1405 4065 1532 4137 i5).
1573 4064 1642 4120 Et
1674 4067 1725 4119 in
1756 4064 1864 4118 alio
1893 4064 2052 4118 loco:
2088 4063 2151 4119 Si

547 4179 652 4232 qua
680 4161 1069 4215 communicatio
1101 4158 1354 4231 Spiritus.
1378 4156 1512 4213 Cum
1546 4157 1797 4213 habuerit
1827 4157 2149 4227 sapientiam

552 4253 648 4309 Dei
676 4265 729 4308 et
758 4268 1096 4318 sermonem,
1128 4261 1184 4306 et
1211 4252 1263 4305 in
1292 4251 1543 4306 omnibus
1576 4251 1859 4305 veritatem
1886 4269 1898 4301 :
1932 4250 2155 4305 habebit

546 4359 765 4415 quoque
794 4344 1128 4400 consortium
1162 4342 1467 4397 sanctitatis
1500 4344 1550 4397 in
1582 4342 1775 4407 Patre,
1804 4350 1870 4421 et.
1898 4340 2065 4409 Filio,
2098 4352 2153 4397 et

544 4437 747 4505 Spiritu
773 4447 983 4493 sancto.
1009 4434 1207 4490 Fidelis
1229 4448 1399 4488 autem
1416 4433 1577 4499 Deus,
1604 4450 1695 4505 per
1714 4450 1861 4504 quem
1888 4435 2053 4488 vocati
2073 4450 2151 4488 es-

545 4528 613 4582 tis
638 4529 692 4581 in
716 4527 743 4565 δ
766 4528 1279 4581 communicationem
1309 4525 1434 4580 Filii
1454 4530 1567 4601 ejus
1595 4527 1641 4597 (l
1664 4523 1781 4580 Cor.
1810 4542 1825 4579 ι
1848 4569 1863 4591 ,
1887 4526 1963 4595 9).
1996 4526 2146 4583 Scri-

2254 3336 2356 3372 non
2398 3318 2749 3387 prtemeditari
2796 3319 2865 3372 ad
2902 3317 3340 3391 respondendum.
3387 3316 3500 3390 Ego
3541 3335 3675 3373 enim
3716 3318 3845 3374 dabo

2253 3414 2394 3468 vobis
2430 3423 2452 3450 ε
2494 3431 2550 3467 os
2578 3424 2623 3466 et
2652 3414 2999 3483 sapientiam,
3039 3414 3124 3467 cui
3163 3429 3262 3467 non
3303 3424 3543 3483 poterunt
3582 3414 3844 3480 resistere,

2252 3516 2343 3561 aut
2371 3507 2722 3561 contradicere
2751 3505 2902 3578 (Luc.
2939 3522 3046 3571 xu,
3079 3508 3137 3562 11
3165 3507 3319 3578 seq.).
3354 3507 3419 3562 Et
3444 3506 3497 3561 in
3531 3505 3615 3561 his
3648 3506 3848 3577 quippe

2251 3599 2457 3665 dicens,
2493 3616 2601 3654 non
2632 3600 2832 3655 debere
2858 3615 2953 3656 eos
2981 3614 3103 3656 esse
3130 3600 3427 3666 sollicitos,
3460 3599 3589 3670 quid
3620 3614 3849 3669 respon-

2251 3689 2413 3744 deant
2436 3691 2961 3756 contradicentibus,
2993 3690 3119 3761 quia
3152 3692 3202 3745 in
3232 3692 3422 3745 eadem
3455 3689 3587 3745 hora
3618 3690 3856 3746 docean-

2256 3794 2342 3836 tur
2380 3796 2409 3835 a
2450 3781 2653 3851 Spiritu
2692 3792 2881 3837 sancto
2912 3782 3039 3853 quid
3071 3782 3307 3837 debeant
3336 3781 3713 3851 respondere:
3747 3792 3859 3838 sta-

2254 3877 2348 3930 tim
2379 3876 2559 3931 intulit
2587 3892 2707 3945 qua:
2734 3878 2803 3931 sit
2827 3892 2988 3931 causa
3021 3877 3261 3945 ﬁducizn,
3295 3875 3515 3942 Ponite,
3546 3876 3768 3943 dicens,
3797 3878 3849 3931 in

2254 3969 2496 4024 cordibus
2525 3970 2706 4024 vestris
2751 3986 2851 4023 non
2894 3971 3252 4039 praemeditari
3295 3970 3362 4025 ad
3398 3970 3853 4042 respondendum:

2254 4080 2347 4134 ego
2373 4063 2510 4117 enim
2537 4062 2667 4117 dabo
2691 4063 2830 4116 vobis
2859 4080 2916 4117 os
2937 4073 2985 4118 et
3012 4063 3319 4135 sapientiam
3340 4104 3353 4129 ,
3383 4063 3466 4117 cui
3489 4078 3587 4116 non
3612 4072 3853 4132 poterunt

2253 4159 2521 4223 resistere,
2546 4166 2637 4210 aut
2666 4157 3019 4211 contradicere
3050 4156 3206 4223 (Luc.
3235 4172 3333 4210 χιι
3353 4198 3367 4221 ,
3398 4155 3511 4226 14).
3540 4152 3675 4209 Cum
3708 4155 3855 4209 enim

2254 4248 2488 4315 dixerit,
2520 4249 2572 4303 in
2603 4260 2851 4319 tempore
2877 4248 3241 4320 respondendi
3269 4247 3451 4303 doceri
3478 4263 3571 4301 cos
3592 4261 3619 4301 a
3645 4246 3854 4315 Spiritu

2254 4352 2446 4396 sancto
2471 4341 2599 4410 quid
2626 4341 2861 4396 debeant
2888 4340 3219 4413 respondere
3238 4386 3254 4411 ,
3284 4342 3335 4395 in
3363 4338 3715 4411 sequentibus
3742 4338 3847 4393 ait:

2257 4433 2369 4506 Ego
2398 4435 2537 4488 enim
2571 4435 2703 4489 dabo
2731 4436 2870 4490 vobis
2900 4452 2956 4490 os
2987 4446 3033 4488 et
3062 4434 3405 4503 sapientiam,
3434 4441 3539 4489 etc.

2327 4529 2415 4585 19.
2462 4531 2535 4584 Ex
2576 4530 2776 4600 quibus
2814 4528 3123 4585 05tenditur
3158 4528 3482 4595 sapientiam
3524 4539 3647 4596 quae
3687 4520 3851 4578 disci-

545 4622 627 4678 bit
646 4629 704 4675 et
721 4620 956 4677 Joannes
976 4621 1045 4676 de
1063 4620 1257 4675 Patre:
1284 4620 1345 4674 Si
1364 4621 1417 4673 in
1441 4620 1636 4674 lumine
1655 4622 1996 4678 ambulamus.
2022 4633 2153 4676 sicut
2180 4632 2235 4690 Ι)
2260 4622 2401 4694 pulis
2439 4621 2597 4677 datur
2626 4636 2653 4674 a
2687 4621 2825 4676 Filio
2858 4618 3093 4690 Spiritus
3124 4621 3296 4673 sancti
3328 4633 3449 4674 esse
3477 4616 3801 4689 sapientiam
3832 4633 3844 4669 :

546 4715 658 4786 ipse
680 4724 752 4767 est
780 4714 831 4767 in
858 4714 1082 4781 lumine,
1106 4714 1623 4766 communicationem
1642 4712 1887 4765 habemus
1914 4730 2031 4766 cum
2057 4713 2150 4767 illo

549 4804 595 4875 (Ι
619 4803 779 4857 Joan.
803 4819 852 4867 ι,
884 4804 962 4870 7).
998 4803 1061 4857 Ει
1089 4804 1265 4858 adhuc
1290 4821 1302 4855 :
1332 4800 1743 4857 Communicatio
1770 4813 1943 4858 autem
1974 4816 2150 4858 nostra

547 4912 666 4951 cum
689 4894 847 4949 Patre
867 4905 913 4949 et
940 4893 1079 4949 Filio
1099 4899 1210 4967 ejus
1231 4896 1360 4949 Jesu
1387 4894 1615 4951 Christo.
1641 4895 1805 4967 Igitur
1826 4898 2150 4967 quicumque

546 4991 915 5044 communicat
945 4989 1171 5058 Spiritui
1202 4999 1413 5055 sancto,
1439 4992 1621 5045 statim
1650 4993 2017 5047 communicat
2047 4991 2149 5047 Pa-

547 5083 619 5139 tri
642 5095 692 5135 et
721 5082 882 5137 Filio.
907 5082 977 5136 Et
995 5082 1086 5151 qui
1108 5082 1427 5138 cbaritatem
1444 5083 1609 5139 habet
1632 5084 1827 5150 Patris,
1846 5086 2010 5141 habet
2032 5102 2148 5141 eam

547 5192 580 5233 a
620 5176 795 5241 Filio,
836 5177 1202 5231 contributam
1233 5192 1330 5245 per
1358 5178 1615 5244 Spiritum
1644 5191 1915 5235 sanctum.
1959 5181 2064 5235 Sed
2097 5188 2152 5234 et

544 5272 637 5343 qui
680 5271 954 5341 particeps
983 5280 1065 5324 e51
1095 5269 1281 5339 gratia:
1317 5269 1448 5325 Jesu
1477 5271 1714 5337 Christi,
1748 5272 1997 5329 eamdem
2029 5289 2151 5343 gra-

542 5365 675 5421 tiatn
704 5361 905 5429 habet,
933 5360 1118 5417 datam
1142 5377 1171 5415 a
1199 5359 1358 5417 Patre
1383 5377 1480 5433 per
1504 5364 1764 5434 Spiritum
1791 5372 2057 5419 sanctum.
2092 5364 2151 5419 In

617 5556 644 5586 ⁸
684 5547 914 5603 Tholos.
956 5559 1086 5611 ms.,
1131 5543 1232 5611 Qui
1278 5543 1429 5599 habet
1474 5549 1729 5599 mandata
1773 5558 1905 5608 mea,
1958 5550 2007 5595 et
2043 5557 2151 5595 ser-

544 5631 645 5678 vat,
676 5631 786 5673 etc.

631 5660 645 5678 ,
676 5631 732 5670 et
772 5657 786 5671 .

574 5627 641 5726 ωδ
685 5636 861 5743 Vtitic.
890 5688 976 5741 hic
1006 5696 1167 5758 atque
1212 5687 1354 5742 inira
1388 5684 2144 5758 constantercommunionem

542 5774 643 5825 pro
671 5754 1184 5814 communicationem
1212 5759 1362 5832 legit.
1392 5759 1515 5817 Mox
1552 5758 1674 5831 quia
1710 5757 1871 5829 igitur
1907 5754 2145 5827 quicum-

544 5843 664 5883 que.
694 5835 800 5883 etc.
1781 5858 1785 5863 ~

544 5843 664 5902 que,
694 5841 800 5885 etc.
1772 5858 1791 5899 ;

2259 4727 2311 4771 et
2336 4716 2639 4770 doctrinam
2663 4715 2895 4781 Spiritus
2919 4714 3122 4778 Sancti,
3156 4713 3311 4785 127
3335 4711 3550 4766 Domini
3575 4725 3699 4765 esse
3722 4710 3852 4765 doc-

2260 4808 2459 4863 trinam
2488 4826 2500 4860 :
2529 4822 2803 4875 unumque
2833 4817 3040 4860 natura:
3072 4812 3127 4860 et
3156 4804 3447 4859 Voluntatis
3475 4818 3599 4858 esse
3623 4816 3853 4857 consor-

2260 4900 2391 4955 tium
2423 4900 2656 4969 Spiritus
2683 4898 2854 4952 sancti
2884 4913 3008 4951 cum
3041 4897 3197 4952 Filio.
3232 4896 3303 4952 Et
3328 4897 3452 4967 quia
3483 4895 3735 4967 superius
3762 4894 3856 4949 de-

2261 5001 2617 5046 monstratum
2651 5000 2735 5045 est
2762 4990 2971 5044 socium
3005 5004 3127 5044 esse
3170 5004 3265 5059 per
3302 4996 3552 5043 naturam
3592 4986 3854 5057 Spiritum

2261 5084 2553 5155 Unigenito
2596 5082 2692 5137 Dei
2716 5124 2730 5145 .
2764 5095 2819 5138 et
2851 5082 2963 5137 Deo
3012 5083 3196 5138 Patri:
3230 5083 3399 5138 Filius
3427 5098 3561 5138 vero
3601 5092 3659 5138 et
3696 5081 3859 5137 Pater

2228 5194 2422 5233 .unnm
2463 5187 2623 5241 sunt,
2661 5176 2811 5245 juxta
2854 5176 3027 5231 illud:
3060 5175 3174 5247 Ego
3213 5188 3259 5231 et
3296 5176 3455 5231 Pater
3484 5194 3645 5232 unum
3681 5192 3859 5232 sumus

2260 5271 2439 5341 (Joau.
2474 5285 2541 5333 ι,
2572 5268 2665 5335 δυ)
2694 5286 2706 5323 :
2742 5285 2845 5323 non
2877 5268 3048 5323 divisa
3081 5268 3187 5340 [AL
3220 5268 3470 5341 indivisa]
3498 5278 3551 5323 et
3578 5270 3859 5339 insepara-

2258 5365 2415 5433 bilis,
2459 5362 2760 5421 secundum
2803 5374 3053 5418 naturam
3076 5402 3091 5429 ,
3125 5372 3350 5420 ostensa
3390 5373 3471 5419 est
3502 5362 3763 5417 Trinitas.
3796 5359 3857 5416 In

2330 5556 2352 5583 ε
2398 5548 2569 5601 Antea
2601 5554 2720 5601 erat
2749 5545 3000 5617 ejusdem,
3041 5543 3404 5599 dissentiente
3437 5544 3613 5599 Vatic.
3644 5544 3737 5617 qui
3770 5554 3855 5601 ta-

2254 5630 2377 5687 men
2407 5618 2544 5671 haud
2578 5626 2727 5671 recte
2754 5614 2882 5669 mox
2916 5616 3071 5668 habet
3096 5617 3314 5670 ὰνούσια
3348 5630 3443 5683 pro
3466 5614 3779 5687 ἁνομούσια.

2323 5684 2349 5723 ά
2396 5688 2561 5742 Vetus
2590 5689 2757 5742 editio
2784 5704 2847 5741 ea“
2871 5687 3107 5750 dimidio,
3137 5687 3480 5741 cuncinnius.

2326 5767 2351 5794 '
2389 5758 2555 5817 Addit
2580 5759 2755 5817 Vatic.
2789 5774 2911 5815 cum
2944 5760 3114 5817 veteri
3147 5756 3279 5816 edit.
3311 5758 3367 5811 td
3393 5768 3469 5814 est
3494 5774 3803 5814 sermonenu

3449 5862 3481 5901 ἱί
