4056 6326
52 270 87 411 ἱ
208 313 287 371 lii
936 320 1493 383 lNTERPRETATlO
1531 324 1712 383 LIBRI
1757 326 1996 386 DIDYMI
2038 330 2127 385 DE
2168 330 2441 389 SPIRITU
2480 332 2771 391 SANCTO.
3408 336 3517 395 1”

210 429 303 484 alio
340 446 581 503 quoque
626 434 925 505 Evangelio
962 434 1160 491 dicitur
1185 453 1200 489 :
1230 430 1349 492 Non
1380 440 1515 493 enim
1554 458 1641 495 vos
1681 444 1801 497 estis
1827 446 1881 506 Α
1905 445 2124 515 sapiens
2155 447 2488 503 nominatur.
2524 449 2801 522 Siquidem
2834 452 2991 507 multi
3021 453 3295 524 sapientes
3325 454 3508 511 dicun-

216 525 287 594 qui
326 525 608 596 loquimini
633 569 650 593 ,
692 530 785 582 sed
824 528 1055 599 Spiritus
1086 528 1260 586 Patris
1286 534 1437 587 vestri
1462 536 1550 603 qui
1580 536 1804 606 loquitur
1910 545 2015 599 tur,
2046 553 2152 592 non
2182 552 2251 594 ex
2284 554 2379 593 sua
2408 550 2627 609 natura,
2661 542 2759 597 sed
2791 558 2860 598 ex
2894 546 3386 601 communicatione
3416 560 3505 601 sa-

220 617 263 671 in
294 617 429 711 vobis
470 617 698 692 (Matth.
731 636 797 685 ι,
831 619 946 687 ευ).
989 620 1046 675 Si
1084 636 1215 691 ergo
1254 623 1488 689 Spiritus
1531 625 1709 680 Patris
1747 627 1800 679 in
1907 630 2143 697 pientim.
2179 632 2322 687 Deus
2351 649 2480 689 vero
2509 651 2614 690 non
2643 635 2869 691 alterius
2894 637 3186 707 sapientia:
3217 639 3529 711 participaa

216 710 463 779 εροςιυιίη
496 711 764 781 l0quitur,
799 712 1001 768 docens
1030 729 1123 767 eos
1154 730 1271 785 qua:
1313 716 1545 772 debeant
1579 734 1802 788 respon-

217 804 335 861 dere
360 823 373 858 :
402 814 457 860 et
485 822 610 876 qua:
638 807 907 862 docentur
930 825 960 861 a
990 806 1189 877 Spiritu
1213 812 1472 877 sapientia
1496 822 1581 868 est
1599 854 1614 877 ,
1638 829 1798 884 quam

214 913 313 953 non
347 913 642 967 possumus
670 901 828 955 aliam
871 912 1073 971 praeter
1101 902 1295 957 Filium
1342 905 1682 975 intelligere:
1730 910 1797 962 Ii-

209 991 373 1060 quido
411 1000 647 1062 apparet
689 992 931 1062 ejusdem
977 1006 1183 1049 natura:
1216 996 1471 1066 Spiritum
1510 1014 1635 1055 eSse
1672 1015 1795 1055 cum

208 1081 343 1138 Filio
365 1127 377 1143 .
409 1093 465 1139 et
492 1100 618 1139 cum
648 1083 804 1139 Patre
825 1126 839 1149 ,
864 1084 1022 1153 cujus
1048 1085 1278 1155 Spiritus
1304 1097 1406 1142 est.
1439 1089 1609 1145 Porro
1638 1090 1797 1146 Pater

205 1185 257 1231 et
290 1176 459 1230 Filius
493 1193 658 1232 unum
690 1188 835 1233 sunt.
870 1177 1039 1249 Igitur
1069 1178 1295 1236 Trinitas
1323 1182 1642 1240 substantia:
1676 1185 1795 1241 uni-

207 1279 318 1325 tate
347 1272 607 1326 sociatur.

269 1364 363 1419 20.
407 1364 513 1420 Per
549 1365 696 1421 aliud
736 1382 955 1438 quoque
994 1367 1387 1439 Scripturarum
1439 1373 1787 1443 exemplum,

201 1456 488 1512 Trinitatis
518 1467 543 1494 ⁸
574 1460 752 1513 unitas
796 1470 850 1515 et
897 1471 1125 1528 natura,
1168 1469 1217 1517 et
1254 1463 1422 1517 virtus
1459 1464 1787 1518 ostenditur.

200 1548 372 1605 Filius
396 1560 451 1606 et
473 1568 682 1619 manus,
714 1562 770 1608 et
792 1554 1042 1621 dextera,
1064 1566 1119 1610 et
1145 1556 1419 1612 bfacliium
1453 1558 1628 1614 Patris
1654 1559 1789 1614 dici-

199 1651 309 1698 tur.
340 1643 490 1700 Sicut
516 1647 708 1702 crebro
737 1647 1054 1716 docuimus,
1088 1664 1152 1704 ex
1190 1650 1255 1702 iis
1288 1652 1597 1713 vocabulis,
1626 1654 1787 1707 unius

197 1748 413 1792 natura:
431 1736 793 1795 indifferentia
814 1741 1336 1814 demonstrattrHl.
1360 1745 1781 1801 indill'crcntiam

1904 725 2084 789 tione,
2143 741 2317 797 neque
2361 728 2579 784 aliunde
2628 730 2845 799 sapiens
2887 731 3149 797 edemus,
3198 732 3374 787 dictus
3422 745 3507 791 est

1900 820 2049 875 solus
2079 822 2297 891 sapiens
2318 865 2332 889 ,
2380 833 2437 879 et
2474 840 2745 893 generans
2780 826 3140 894 sapientiam,
3172 835 3225 881 et
3256 826 3393 881 alios
3423 827 3505 881 fa-

1901 913 2048 968 ciens
2088 916 2382 984 sapientes.
2414 916 2547 983 Qua:
2583 918 2849 987 sapientia
2893 919 3155 975 Deniinus
3190 929 3274 974 est
3313 931 3502 976 noetrr

1899 1004 2056 1061 Jesus
2091 1006 2375 1071 tlbrisms,
2420 1010 2512 1079 qui
2553 1010 2751 1065 dicitur
2790 1010 2883 1065 Dei
2928 1011 3133 1071 virtus,
3171 1023 3224 1067 et
3266 1012 3362 1066 Dei
3399 1027 3491 1068 sa-

1900 1100 2123 1168 pientia.
2158 1098 2397 1167 Spiritus
2427 1118 2643 1172 quoque.
2674 1113 2893 1157 sanctus
2923 1115 2944 1141 ο
2975 1104 3173 1158 dicitur
3204 1105 3491 1175 sapientia.

1898 1192 2176 1262 Siquidem
2218 1205 2272 1249 et
2314 1195 2368 1248 in
2407 1195 2680 1249 veteribus
2720 1195 2877 1249 libris
2918 1195 3174 1261 refertur,
3224 1197 3490 1267 repletum

1896 1300 2016 1341 esse
2045 1285 2230 1342 Jesum
2262 1286 2405 1341 Nave
2435 1303 2463 1341 a
2498 1288 2727 1343 Domino
2764 1289 2958 1358 spiritu
2996 1290 3295 1358 sapientir.
3340 1290 3492 1348 Sicut

1895 1395 2026 1451 ergo
2054 1380 2204 1435 solus
2234 1382 2449 1451 sapiens
2482 1381 2653 1446 Deus,
2689 1398 2793 1437 non
2826 1384 3100 1452 accipiens
3140 1385 3358 1441 aliunde
3401 1401 3490 1441 sa-

1894 1474 2154 1542 pientiam
2176 1516 2190 1536 ,
2225 1474 2318 1529 sed
2348 1476 2624 1544 sapientes
2652 1475 2854 1531 faciens
2882 1487 2938 1532 et
2974 1493 3246 1549 generans
3277 1478 3491 1548 sapien-

1893 1566 2019 1621 tiam
2044 1584 2057 1619 :
2090 1566 2243 1621 solus
2270 1578 2351 1621 est
2378 1569 2618 1637 sapiens,
2645 1578 2796 1625 extra
2826 1585 3017 1625 omnes
3043 1574 3131 1639 qui
3164 1587 3258 1639 per
3285 1586 3490 1626 nuneu-

1892 1660 2165 1729 pationcm
2196 1661 2315 1729 ejus
2342 1662 2619 1733 sapientes
2648 1664 2903 1719 dicuntur
2932 1683 2942 1716 :
2976 1664 3263 1718 Multitudo
3300 1667 3491 1737 quippe

1888 1754 2195 1822 sapientium
2220 1756 2363 1809 salus
2388 1758 2565 1809 mundi
2596 1757 2749 1829 (Sap.
2784 1773 2868 1823 vt,
2897 1757 3024 1823 26);
3057 1768 3131 1821 et,
3169 1758 3273 1824 Qui
3303 1770 3487 1813 semet-

191 1829 608 1905 demonstrari].
638 1835 875 1903 Spiritus
906 1836 1068 1890 etiam
1111 1847 1319 1891 sanctus
1341 1879 1353 1901 ,
1400 1837 1599 1908 digitus
1643 1838 1773 1904 Dei,
1809 1834 1856 1894 B
1882 1845 2020 1914 ipsos
2042 1858 2385 1918 cognoscunt,
2418 1848 2469 1899 hi
2495 1859 2615 1901 sunt
2636 1849 2891 1918 sapientes
2928 1865 2947 1904 :
2974 1850 3034 1903 Et
3066 1865 3284 1904 rursum
3315 1866 3327 1903 :
3359 1849 3488 1904 Cum

190 1927 496 1982 secundum
537 1928 975 1998 conjunCIionent
1009 1940 1204 1985 natura:
1234 1930 1408 1985 Patris
1438 1942 1492 1986 et
1525 1932 1650 1987 Filii
1680 1950 1779 1986 tto-

195 2019 459 2076 minatur.
508 2021 788 2091 Siquidem
833 2021 887 2074 itt
928 2036 1037 2075 uno
1074 2021 1143 2075 de
1173 2021 1483 2093 Evangeliis
1524 2024 1785 2078 adversus

191 2124 285 2165 eos
306 2112 404 2180 qui
429 2111 605 2180 signis
629 2111 1227 2176 Dominidetrahebmt,
1249 2114 1528 2169 dicentes:
1554 2113 1617 2167 In
1639 2113 1785 2168 Beel-

191 2203 351 2257 zebub
394 2203 637 2273 principe
673 2202 1051 2257 da'moniorum
1088 2207 1136 2275 ej
1151 2204 1218 2256 cit
1258 2204 1515 2258 dwmonia
1548 2206 1565 2275 (
1593 2204 1782 2259 Matth.

195 2309 280 2355 ιι.
302 2295 378 2349 5t
404 2294 426 2363 )
454 2310 468 2346 :
492 2294 778 2348 sciscitans
800 2295 1047 2350 Salvator
1074 2296 1175 2349 ait:
1210 2296 1271 2351 Si
1301 2313 1393 2367 ego
1425 2300 1476 2350 in
1511 2296 1788 2351 Beelzebub

196 2388 351 2460 ejicio
383 2388 678 2448 dwmonia,
712 2388 810 2456 ﬁlii
844 2388 995 2441 vestri
1023 2388 1074 2441 in
1103 2404 1192 2461 quo
1220 2389 1474 2460 ejiciuut?
1518 2388 1576 2444 Si
1617 2402 1787 2443 autem

198 2495 287 2549 ego
316 2478 371 2531 in
402 2478 569 2549 digito
598 2475 696 2530 Dei
727 2478 883 2550 ejicio
923 2479 1165 2532 dwnwn'a
1190 2494 1209 2531 :
1246 2495 1371 2549 ergo
1409 2480 1698 2547 superrenit
1736 2481 1788 2534 in

197 2586 285 2625 eos
315 2586 531 2641 regnum
559 2570 656 2624 Uei
685 2568 841 2641 (Luc.
870 2587 956 2636 xi,
986 2570 1095 2642 19).
1120 2572 1271 2625 llunc
1296 2573 1546 2627 eumdem
1572 2573 1747 2626 locum
1768 2614 1783 2638 ,

199 2665 336 2718 alius
366 2663 707 2734 EvangeliSta
740 2664 1057 2719 describens
1078 2705 1093 2725 ,
1131 2666 1445 2735 loquentem
1488 2666 1666 2720 intulit
1698 2666 1786 2721 Fi-

201 2755 372 2811 lium:
420 2756 482 2811 Si
523 2768 692 2811 autem
732 2774 827 2828 ego
864 2759 916 2812 in
947 2758 1143 2826 Spiriu
1186 2758 1282 2813 Dei
1318 2760 1467 2832 ejicio
1502 2761 1781 2816 dmonin.

203 2846 280 2902 Ex
318 2848 513 2918 quibus
551 2848 856 2904 ostenditur
920 2849 1134 2920 digitun
1196 2852 1287 2906 Dei
1343 2867 1468 2907 esse
1518 2852 1781 2922 Spiritum

200 2948 475 2995 sanctum.
523 2940 578 2996 Si
606 2956 736 3011 ergo
776 2942 1095 3011 coniunctus
1123 2953 1205 2996 est
1245 2942 1448 3012 digitus
1477 2943 1657 2997 manui
1680 2986 1694 3009 ,
1728 2955 1784 3000 et

203 3047 388 3087 manus
418 3033 466 3086 ei
496 3033 647 3101 cujus
676 3048 866 3087 manus
904 3043 1019 3089 est:
1051 3049 1096 3089 ei
1130 3035 1331 3106 digitus
1361 3034 1477 3090 sine
1516 3036 1683 3092 dubio
1712 3037 1781 3092 ad

204 3126 317 3198 ejus
358 3127 718 3183 substantiam
754 3129 1003 3191 refertur,
1038 3129 1183 3199 cijus
1213 3129 1414 3200 digitus
1442 3140 1548 3186 est.

1884 1938 2041 2005 fueris
2068 1955 2185 1990 cum
2211 1940 2526 2007 sapientibus
2544 1982 2557 2005 ,
2587 1942 2791 2008 sapiens
2818 1942 2917 1995 eris
2943 1941 2960 2008 (
2988 1939 3139 1995 Prov.
3170 1957 3265 1996 xm
3290 1984 3303 2006 ,
3327 1941 3439 2012 20)
3472 1960 3487 1999 :

1886 2029 1963 2083 sic
1992 2040 2047 2084 et
2076 2030 2308 2099 Spiritus
2337 2044 2556 2087 sanctus
2586 2049 2691 2087 non
2720 2033 2999 2101 accipiens
3024 2034 3244 2089 aliunde
3272 2034 3489 2102 sapien-

1889 2122 2018 2174 tiam
2043 2164 2057 2185 ,
2089 2124 2265 2177 dictus
2298 2134 2381 2179 est
2411 2126 2632 2194 spiritus
2660 2128 2973 2195 sapientius:
3008 2126 3109 2180 hoc
3134 2125 3279 2180 enim
3311 2127 3485 2195 ipsum

1889 2210 2033 2280 quod
2086 2213 2365 2280 subsistit,
2428 2216 2656 2283 spiritus
2702 2217 2984 2284 sapientim
3033 2226 3158 2270 est:
3201 2225 3255 2271 et
3300 2225 3492 2271 natura

1890 2303 2007 2373 ejus
2032 2346 2044 2366 ,
2081 2303 2213 2358 nihil
2247 2314 2328 2359 cst
2357 2305 2502 2359 aliud
2537 2306 2639 2360 nisi
2671 2306 2909 2376 Spiritus
2941 2307 3187 2362 veritatis
3219 2316 3275 2362 ct
3314 2307 3489 2377 Spiri-

1893 2404 1979 2447 tus
2022 2396 2113 2451 Dei
2143 2414 2155 2449 :
2196 2396 2263 2451 dc
2302 2396 2499 2467 quibus
2534 2398 2644 2467 jam
2684 2398 3029 2454 abundanter
3060 2400 3113 2454 in
3140 2398 3166 2435 ά
3200 2399 3483 2456 Sectarum

1893 2486 2172 2542 volumine
2211 2488 2627 2557 disputavimus.
2677 2488 2831 2545 Unde
2871 2507 2937 2545 ne
2977 2493 3167 2547 eadem
3208 2490 3486 2560 superflue

1890 2582 2250 2651 replicemus,
2286 2584 2522 2637 contenti
2555 2583 2724 2637 simus
2755 2582 3125 2651 disputatione
3165 2586 3461 2652 praeterita.

1958 2674 2049 2727 22.
2085 2684 2108 2710 ε
2136 2674 2271 2739 Quia
2316 2675 2479 2745 igitur
2517 2674 2755 2738 Spiritus
2793 2675 3080 2745 sapientia:
3150 2684 3203 2730 et
3250 2675 3493 2731 veritatis

1890 2769 2326 2839 inseparabiliter
2358 2784 2478 2823 cum
2510 2770 2649 2824 Filio
2674 2779 2758 2825 est
2778 2811 2792 2835 ,
2826 2771 2945 2839 ipse
2972 2784 3188 2840 quoque
3218 2769 3489 2839 sapientia

1885 2863 2132 2916 subsiSIit
2161 2871 2216 2917 et
2247 2861 2468 2917 veritas.
2512 2862 2567 2917 Si
2612 2864 2755 2917 enim
2798 2878 2971 2932 capax
3016 2873 3161 2918 esset
3201 2862 3484 2932 sapientia:

1884 2965 1937 3011 et
1969 2956 2245 3022 veritatis,
2294 2958 2344 3009 iii
2390 2954 2442 3010 id
2482 2956 2775 3025 aliquando
2807 2956 3201 3021 descenderet,
3239 2956 3399 3028 129
3427 2966 3488 3011 ut

1885 3052 2159 3107 desineret
2210 3051 2411 3106 habere
2460 3051 2602 3119 quod
2644 3050 2867 3105 aliunde
2907 3059 3267 3120 susceperat:
3309 3050 3360 3104 id
3400 3058 3486 3105 est

1886 3143 2209 3213 sapientiam
2241 3151 2297 3198 et
2328 3143 2635 3197 veritatem.
2669 3141 2737 3197 Et
2765 3141 2936 3196 Filius
2968 3143 3231 3210 sapientia
3262 3150 3317 3196 ct
3345 3142 3488 3196 veri-

268 3219 357 3272 21.
398 3219 591 3273 Verum
623 3236 754 3274 cave
784 3235 851 3275 ne
882 3220 948 3274 ad
985 3220 1194 3275 littnilia
1237 3220 1480 3291 dejectus
1501 3264 1513 3283 .
1550 3233 1603 3277 ct
1640 3224 1777 3279 obli-
1805 3223 1850 3286 C
1883 3242 1965 3287 tas
2002 3235 2116 3304 ipse
2157 3234 2494 3299 subsistens,
2527 3250 2631 3288 non
2661 3244 2946 3301 separatur
2976 3249 3005 3287 a
3038 3232 3198 3287 Patre
3221 3274 3236 3295 ,
3268 3232 3359 3303 qui
3390 3246 3486 3286 so-

206 3324 287 3369 lus
315 3315 584 3369 sermonis
606 3358 619 3379 ,
653 3314 722 3369 de
752 3332 861 3384 quo
894 3331 1037 3370 nunc
1074 3316 1395 3385 .Iisputatur,
1426 3317 1686 3388 depingas
1727 3319 1780 3375 in

202 3406 382 3461 animo
412 3416 502 3461 tuo
531 3408 901 3479 corporalium
930 3423 1131 3462 artuum
1162 3408 1537 3481 diversitates:
1566 3421 1621 3465 et
1651 3410 1781 3466 inei-

200 3500 317 3571 pias
346 3500 445 3555 tibi
478 3502 911 3572 magnitudines,
940 3512 993 3557 et
1022 3503 1406 3573 iimqualitates
1429 3547 1443 3571 ,
1487 3516 1542 3560 et
1582 3517 1782 3560 caatera

201 3608 485 3664 corporum
513 3596 716 3664 majora
742 3596 825 3651 vel
850 3597 1055 3651 minora
1075 3596 1316 3651 membra
1334 3597 1674 3668 confingere:
1701 3599 1783 3652 di-

200 3687 585 3755 ceus,digitum
606 3703 632 3740 a
655 3704 837 3754 manu,
861 3699 913 3743 et
939 3704 1146 3742 marum
1170 3689 1239 3743 ab
1262 3704 1327 3743 co
1347 3689 1500 3759 cujus
1523 3705 1606 3745 est
1623 3692 1783 3763 128

196 3796 419 3844 manus,
464 3782 649 3837 multis
693 3782 1137 3853 inzequalitatiuus
1180 3785 1523 3855 discrepare:
1559 3788 1681 3855 quia
1712 3789 1780 3842 de

194 3872 629 3943 incorporalibus
679 3890 824 3930 nunc
874 3874 1147 3944 Scriptura
1198 3875 1454 3945 loquitur,
1512 3878 1777 3933 unitatem

195 3976 397 4020 tantum
430 3966 659 4031 volens,
690 3982 794 4021 non
824 3968 989 4023 etiam
1017 3984 1313 4023 nensurain
1343 3971 1661 4025 substantiae
1687 3970 1782 4026 de-

192 4067 532 4114 monstrare:
566 4061 707 4115 sicut
736 4062 882 4115 enim
912 4075 1093 4115 manus
1131 4078 1236 4116 non
1279 4062 1537 4117 dividitur
1577 4079 1605 4117 a
1654 4079 1779 4119 cor—

189 4167 353 4222 pore,
385 4168 487 4223 per
516 4168 676 4222 quam
707 4164 897 4209 cuncta
926 4154 1127 4227 perﬁcit
1152 4164 1208 4209 et
1234 4166 1510 4224 operatur,
1544 4168 1595 4211 et
1627 4156 1680 4211 in
1714 4172 1781 4211 eo

188 4255 276 4301 est
296 4288 311 4309 ,
339 4246 495 4317 cujus
521 4254 608 4300 est
652 4262 842 4301 manus
873 4264 886 4300 :
926 4250 1004 4303 sic
1034 4259 1089 4302 et
1126 4248 1327 4317 digitus
1356 4264 1463 4303 non
1492 4257 1781 4317 separatur

184 4356 215 4394 a
270 4355 433 4395 manu
461 4380 478 4401 ,
521 4340 677 4407 cujus
717 4349 800 4394 est
837 4340 1046 4408 digitus.
1098 4341 1281 4409 Itaque
1326 4340 1493 4409 rejice
1541 4342 1781 4411 ina-qua-

178 4431 366 4489 litates
396 4441 453 4489 et
484 4449 804 4496 mensuras,
836 4450 957 4489 cuin
998 4436 1054 4489 c'e
1098 4434 1209 4488 Deo
1250 4433 1459 4502 cogitas
1480 4474 1493 4495 ,
1524 4443 1579 4487 et
1611 4434 1775 4489 intel-

178 4528 297 4600 lige
340 4528 498 4597 digiti
529 4538 585 4582 et
613 4545 835 4595 manus,
884 4540 937 4585 et
981 4528 1003 4568 ι
1042 4530 1205 4584 totius
1246 4526 1563 4582 substantia:
1607 4528 1781 4581 unita-

1886 3326 1969 3381 lus
2001 3326 2220 3397 sapiens
2251 3336 2307 3381 et
2335 3328 2534 3381 veritas
2554 3368 2567 3387 ,
2602 3326 3004 3395 Scripturaiuin
3039 3326 3262 3380 vocibus
3292 3322 3491 3394 praedi-

1885 3431 2058 3472 catur.
2096 3416 2357 3472 Eumdem
2398 3417 2660 3471 circulum
2703 3417 2926 3471 unitatis
2964 3428 3125 3487 atque
3166 3414 3488 3471 subStautia:

1884 3510 2122 3580 Spiritus
2150 3511 2319 3564 sancti
2354 3509 2512 3583 [ιφ.
2543 3510 2803 3579 Spiritum
2837 3509 3155 3581 sanctum],
3186 3506 3485 3563 secundum

1886 3605 1937 3660 id
1962 3605 2102 3675 quod
2132 3605 2415 3674 sapit'tilitl}
2442 3616 2495 3659 et
2520 3604 2769 3659 veritatis
2798 3615 2881 3659 est
2909 3604 3152 3672 spiritus,
3187 3601 3205 3639 ί
3242 3600 3489 3656 videmus

1887 3698 2085 3752 habere
2126 3713 2249 3753 cum
2293 3696 2433 3751 Filio
2464 3715 2476 3750 :
2523 3706 2577 3751 et
2615 3712 2832 3751 rursum
2877 3695 3072 3751 Filium
3106 3712 3133 3748 a
3165 3692 3343 3749 Patris
3376 3707 3483 3749 non

1884 3790 2193 3860 discrepare
2233 3790 2555 3844 substantia.
2588 3788 2722 3843 (lum
2765 3800 2945 3843 autern
2990 3787 3157 3841 Filius
3196 3784 3376 3855 imago
3414 3785 3488 3841 sit

1886 3883 1980 3938 Dei
2010 3884 2321 3943 invisibilis,
2355 3891 2409 3937 et
2438 3881 2607 3936 forma
2632 3884 2953 3937 substantizc
2983 3881 3122 3949 ejus.
3155 3883 3485 3950 quicumque

1883 3975 1949 4029 ad
1984 3975 2123 4031 hanc
2159 3975 2451 4045 imaginem
2475 4017 2489 4039 ,
2522 3974 2608 4029 vel
2641 3972 2870 4028 formam
2902 3973 3289 4043 imaginantur,
3322 3985 3486 4036 atque

1885 4066 2210 4131 formantur,
2243 4067 2586 4120 adducuntur
2626 4065 2679 4119 in
2719 4063 3128 4119 similitudinem
3162 4062 3258 4115 Dei
3288 4081 3299 4115 :
3330 4060 3479 4129 juxta

1885 4160 2031 4214 vires
2074 4172 2253 4214 tamen
2301 4158 2520 4213 humani
2564 4157 2875 4223 profccms,
2910 4155 3213 4211 istiusmodi
3247 4153 3477 4209 formam

1886 4262 1942 4307 et
1998 4253 2288 4323 imaginem
2342 4262 2760 4321 consequentes.
2818 4249 3086 4305 Similiter
3139 4258 3190 4302 et
3244 4246 3482 4315 Spiritus

1884 4354 2105 4399 sanctus
2135 4359 2259 4398 cum
2287 4344 2360 4399 sit
2385 4343 2727 4413 signaculum
2765 4341 2894 4406 Dei,
2931 4339 2984 4392 lii
3031 4340 3120 4409 qui
3155 4340 3387 4393 formam
3429 4348 3483 4392 et

1887 4437 2180 4507 imaginem
2228 4438 2320 4492 Dei
2361 4438 2619 4506 capiunt,
2659 4434 2858 4504 signati
2893 4447 2987 4500 per
3016 4446 3140 4485 eum
3167 4472 3180 4495 ,
3213 4432 3266 4485 in
3295 4443 3361 4483 co
3390 4426 3488 4483 du—

1886 4541 2083 4585 cantur
2111 4529 2178 4583 ad
2207 4530 2543 4599 signaculum
2576 4525 2777 4581 Christi
2813 4523 3098 4591 sapientia:
3128 4534 3180 4577 et
3210 4522 3486 4587 scientiae,

172 4636 298 4681 tem
328 4641 341 4677 :
376 4638 487 4691 quo
516 4622 685 4692 digito
714 4622 798 4676 lex
830 4623 882 4677 in
928 4623 1114 4679 tabulis
1156 4620 1385 4691 lapideis
1431 4622 1631 4688 scripta
1674 4628 1776 4673 est.
1808 4616 1858 4675 D
1888 4622 2110 4687 insuper
2134 4620 2239 4675 fide
2264 4620 2425 4687 pleni.
2451 4629 2475 4667 ε
2503 4616 2645 4672 Nam
2668 4617 2945 4671 divisiones
2966 4616 3323 4685 Operationum
3343 4625 3485 4681 sunt,

168 4716 296 4773 Per
321 4715 490 4769 aliam
521 4728 733 4785 quoque
761 4714 1085 4785 Scripturim
1111 4757 1125 4780 ,
1170 4714 1296 4768 lidei
1341 4722 1543 4766 nostr-.c
1579 4711 1778 4779 proba-

170 4808 394 4863 tionem
425 4814 733 4862 monstrare
761 4806 1009 4876 perfacile
1030 4817 1133 4862 est.
1166 4807 1328 4863 Solus
1356 4804 1575 4873 sapiens
1603 4803 1781 4857 dictus

168 4911 267 4959 est
309 4905 452 4958 Deus
482 4920 494 4953 :
528 4918 636 4957 non
667 4903 941 4971 accipiens
971 4904 1031 4957 ab
1063 4902 1171 4958 alio
1210 4901 1532 4972 sapientiam
1558 4941 1572 4964 ,
1607 4914 1782 4967 neque

164 5012 283 5069 per
330 4995 619 5067 cujusdam
667 4995 897 5053 alterius
946 4996 1223 5068 sapientia:
1268 4992 1779 5066 participationem,

249 5210 276 5238 ⁸
316 5201 491 5257 Vetus
546 5200 683 5257 edit.
738 5216 863 5257 cum
926 5200 1151 5257 Tbolos.
1210 5214 1347 5266 ms.,
1401 5212 1504 5252 una
1571 5203 1620 5249 et
1681 5210 1774 5247 na-

163 5283 533 5399 “inhibeam
562 5361 687 5400 cum
717 5343 923 5410 Vatia,
956 5348 1104 5401 totius
1134 5344 1365 5415 corporis
1406 5341 1647 5394 unitatem
1673 5353 1776 5409 quo

165 5417 347 5489 digito
372 5428 419 5471 et
448 5416 552 5482 lex,
584 5429 692 5472 etc.

252 5499 274 5560 ξ
319 5489 423 5543 Ms.
458 5489 717 5548 'l‘tiolos..
746 5486 976 5560 Spiritus
999 5490 1184 5543 dicitur
1209 5484 1480 5560 sapientia.

246 5556 275 5595 ἀ
321 5560 524 5615 Recole
552 5554 830 5627 superiori
865 5574 985 5630 pug.
1016 5562 1139 5625 111,
1176 5554 1357 5612 milia!"
1389 5554 1437 5607 lt-

250 5630 459 5706 _¢_llinc
506 5623 821 5706 secundum
860 5623 1064 5706 librum
1100 5623 1449 5706 auspicantur
1498 5623 1778 5706 hucusque

163 5700 309 5772 editi
342 5716 531 5758 contra
578 5718 715 5759 mss.
751 5703 937 5772 fidem,
974 5705 1249 5772 ipsiusque
1298 5700 1576 5772 Auctoris.
1607 5708 1778 5772 indu}?

166 5770 501 5848 !!|lf'tjprctis
532 5787 799 5833 mentem.
830 5770 949 5832 Viti.
985 5766 1257 5848 prwlix'am
1309 5769 1434 5825 huic
1472 5767 1619 5839 operi
1670 5766 1778 5823 Ad-

171 5842 536 5907 monitionem
550 5884 563 5901 ο
985 5842 1001 5848 ⁷
1441 5882 1461 5911 α.

1457 6045 1486 6065 ε

1886 4714 2025 4767 idem
2052 4722 2221 4766 autem
2254 4714 2362 4782 ipse
2389 4712 2604 4781 spiritus
2646 4711 2731 4779 qui
2774 4718 3015 4779 operatur
3042 4710 3214 4762 omnia
3240 4709 3293 4763 in
3320 4710 3487 4762 omni-

1891 4804 1982 4857 bus
2011 4804 2056 4873 (l
2082 4803 2203 4857 Cor.
2229 4819 2302 4857 xit
2322 4845 2335 4869 ,
2366 4807 2447 4873 4).
2477 4802 2749 4869 Operante
2776 4814 2907 4868 ergo
2939 4798 3100 4852 Patre
3131 4801 3485 4869 multiplicent

1890 4896 2281 4950 charismatum
2329 4890 2751 4963 plenitudinem,
2795 4890 3119 4957 multiplicat
3155 4906 3275 4943 eam
3314 4888 3485 4944 Filius

1891 4988 2276 5043 subsiStentem
2314 5000 2417 5056 per
2454 4980 2713 5053 Spiritum
2752 4990 3023 5037 sanctum.
3070 4979 3176 5035 Alii
3214 4980 3351 5035 enim
3396 4995 3489 5051 per

1958 5188 1977 5227 ί
2011 5188 2151 5245 Olim
2181 5196 2335 5253 erat,
2360 5187 2593 5242 videmus
2629 5186 2845 5252 habere,
2897 5185 3147 5241 habemus
3171 5204 3289 5242 cum
3321 5185 3483 5242 Filio.

1880 5262 2034 5331 Quod
2070 5261 2347 5324 Barthius,
2376 5267 2648 5328 cxpuncta
2683 5261 2911 5326 primum
2943 5274 3079 5331 voce
3111 5259 3377 5327 Spiritus,
3414 5261 3488 5314 ita

1880 5330 2165 5389 contendit
2190 5331 2616 5396 emendandum,
2642 5332 2867 5387 uidimus
2891 5348 3005 5385 eum
3026 5330 3215 5386 habere
3230 5331 3484 5385 hactenus

1884 5423 1999 5460 eum
2023 5402 2071 5457 F
2073 5406 2185 5459 ilio.

1956 5488 1980 5526 8
2014 5478 2228 5533 Plenius
2259 5476 2311 5530 in
2342 5474 2515 5531 Vatic.
2552 5488 2655 5529 ms.
2699 5489 2762 5530 ac
2803 5473 2977 5528 veteri
3019 5472 3262 5527 editione
3290 5511 3303 5528 .
3333 5468 3483 5524 Divi-

1882 5551 2049 5605 siones
2074 5550 2264 5619 quippe
2284 5550 2625 5603 donatiouum
2646 5556 2764 5600 sunt
2783 5591 2794 5607 ,
2825 5547 2986 5619 idem-
3007 5552 3180 5619 autem
3210 5541 3443 5611 Spiritus
3463 5583 3478 5605 ,

1880 5633 1928 5676 et
1954 5612 2228 5677 divisiones
2253 5621 2655 5675 ministeriorum
2681 5626 2798 5671 sunt
2820 5659 2837 5693 ,_
2866 5626 2923 5693 et
2968 5615 3082 5693 ipse
3112 5612 3394 5693 fleuimus.
3433 5623 3481 5693 et_

1880 5694 2154 5750 divisiones
2185 5696 2542 5759 operationum
2573 5699 2693 5744 sunt
2717 5730 2731 5755 ,
2754 5697 2803 5744 et
2823 5689 2958 5742 idem
2974 5680 3088 5755 ipse
3110 5680 3367 5739 Dominus
3388 5686 3482 5755 qui

1881 5779 2121 5840 aperatur
2149 5766 2322 5821 omnia
2341 5767 2395 5822 iu
2416 5762 2677 5820 omnibus.
