4056 6330
610 305 708 358 Ηῧ

1860 297 1915 353 S.
1960 294 2229 354 EUSEBII
2269 295 2650 352 HIERONYMI

3822 295 3947 350 124

585 403 855 484 Spir-ﬁunt
889 414 1044 468 datur
1077 429 1245 466 sermo
1266 411 1551 483 sapienticr.
1582 411 1684 466 Alii
1711 424 1826 463 vero
1849 408 2095 470 scientias.
2119 423 2192 461 se-
2222 411 2270 471 Α
2303 415 2417 462 tere
2445 406 2593 460 saxei
2625 406 2719 475 (ιιι
2751 405 2818 459 ita
2851 405 3025 460 dicam
3051 404 3068 475 )
3099 404 3286 460 cordis
3310 448 3325 472 ,
3377 414 3433 460 et
3463 406 3676 474 penitus
3705 409 3948 462 utentis

599 507 823 560 cundum
842 505 1076 560 eumdem
1094 506 1355 568 spiritum.
1371 503 1477 557 Alii
1499 504 1630 570 ﬁdes
1652 503 1704 556 in
1725 502 1902 556 eodem
1926 503 2128 572 spiritu,
2149 509 2197 554 et

599 608 820 660 αιτιοι-ιι,
841 613 961 668 qua:
978 599 1044 650 ab
1064 601 1098 650 Α
1113 598 1322 665 postolo
1343 604 1657 650 enumerata
1683 605 1806 648 sunt
1827 593 1989 659 dona,
2009 591 2203 659 quibus

598 708 628 747 a
653 691 818 745 lditttt‘
844 709 855 742 :
892 689 1020 744 Hice
1050 700 1221 743 autent
1253 691 1427 741 omnia
1459 701 1702 759 operatur
1733 704 1862 740 unus
1893 696 2042 756 atque
2071 685 2205 739 idem

601 784 813 855 spiritus
845 800 861 836 :
890 782 1122 835 dividens
1153 782 1370 851 singulis
1399 790 1552 851 prout
1584 779 1694 834 vult
1725 777 1918 846 (llud,
1948 780 1980 832 8
2007 779 2162 848 δρψ).

673 875 764 929 25.
812 873 963 930 Unde
991 875 1239 928 dicentes
1263 872 1625 941 operati-irem
1649 914 1663 936 ,
1694 881 1747 925 et
1771 880 1795 907 ει
1826 882 1881 923 ιιι
1910 871 1980 924 ita
2003 870 2204 936 dicam,

607 967 1027 1022 disuibutricem
1060 977 1305 1022 naturam
1326 967 1560 1035 Spiritus
1591 966 1764 1020 sancti
1793 984 1806 1021 τ
1840 982 1944 1020 non
1973 964 2209 1019 abduca-

611 1078 733 1116 mur
763 1063 831 1115 ah
863 1062 966 1125 his,
987 1062 1076 1132 qui
1098 1059 1698 1128 dicuntoperationem,
1731 1069 1784 1115 et
1812 1076 1918 1116 non
1951 1061 2206 1113 substan-

612 1155 735 1208 tiam
773 1154 863 1208 llei
891 1171 1010 1208 esse
1063 1155 1318 1223 Spiritum
1349 1167 1620 1209 sanctum.
1669 1155 1735 1208 Et
1761 1170 1826 1208 ex
1855 1155 1977 1210 aliis
1997 1169 2210 1224 quoque

611 1248 857 1316 plurimis
883 1248 1016 1302 locis
1046 1249 1346 1303 subsistens
1386 1257 1572 1300 natura
1604 1246 2010 1301 demonstratur
2039 1245 2212 1316 Spiri-

612 1351 695 1394 tus
723 1357 748 1395 s
767 1341 891 1394 meti
922 1361 934 1396 :
961 1342 1077 1394 utin
1110 1341 1204 1395 illo
1226 1341 1366 1410 quod
1387 1340 1617 1409 apostoli
1637 1339 1916 1394 scribunt:
1936 1337 2111 1392 Visum
2139 1351 2213 1394 est

610 1434 746 1486 enim
773 1432 995 1504 Spiritui
1017 1443 1193 1486 sancto
1216 1442 1261 1485 et
1291 1432 1432 1486 nobis
1467 1433 1486 1502 (
1519 1431 1630 1485 Act.
1664 1447 1752 1498 xv,
1776 1430 1881 1500 28)
1912 1446 1923 1482 :
1954 1430 2078 1500 quia
2111 1430 2215 1486 hoc

613 1525 754 1594 quod
771 1525 987 1590 dicitur,
1011 1525 1170 1577 risum
1185 1536 1279 1588 est,
1299 1541 1404 1578 non
1425 1525 1795 1592 operationem
1814 1522 2099 1592 signiﬁcat,
2119 1522 2212 1576 sed

618 1624 863 1669 naturam
900 1633 912 1668 :
940 1616 1173 1669 maxime
1199 1632 1317 1669 cum
1349 1631 1402 1670 ct.
1428 1617 1494 1670 de
1525 1616 1755 1669 Dotninu
1780 1615 1958 1670 simile
1975 1613 2100 1685 quid
2132 1630 2218 1668 re-

619 1709 883 1777 periatur,
917 1718 972 1760 ut
1012 1727 1023 1760 :
1057 1709 1203 1762 Sicut
1236 1707 1455 1761 Domino
1488 1708 1651 1760 visum
1679 1716 1749 1759 est
1779 1749 1788 1767 ,
1824 1708 1893 1758 ita
1926 1710 2114 1776 factum
2144 1717 2216 1760 est

2307 500 2500 554 alienae
2530 517 2541 552 :
2567 500 2655 568 qni
2681 500 2751 554 ita
2779 499 3052 568 baptizare
3080 509 3336 564 conetur,
3371 510 3427 554 ut
3471 517 3634 556 unum
3659 501 3729 556 de
3769 518 3944 571 prm—

2307 594 2476 662 ceptis
2503 593 2804 648 nominibus
2830 593 3247 661 przctermittat:
3295 593 3548 646 vide-licet
3587 595 3943 649 contrarius

2311 684 2591 754 legislator
2619 685 2815 738 Christi
2845 701 2856 735 :
2888 682 2912 719 ἀ
2950 696 3126 738 tamen
3159 685 3277 739 sine
3302 685 3636 754 perlecuone
3664 687 3950 756 baptiza—

2312 777 2424 830 bit:
2458 777 2623 830 immo
2651 780 2904 845 penitusa
2937 780 3173 847 peccatis
3207 779 3448 834 liberare
3482 780 3635 852 131
3667 797 3786 835 non
3831 796 3944 850 po-

2312 868 2469 931 terit,
2497 883 2632 938 quos
2653 883 2682 921 a
2713 883 2772 923 se
2803 870 3096 940 baptizatos
3122 872 3541 927 existimaverit.
3571 873 3645 926 Ex
3679 872 3772 926 his
3804 874 3944 929 col-

2314 960 2511 1030 ligitur,
2570 977 2729 1031 quam
2766 961 2988 1015 indivisa
3036 964 3108 1015 sit
3160 964 3462 1017 Substantia
3497 964 3838 1029 Trinitatis,
3877 973 3946 1020 et

2313 1053 2526 1110 Patrem
2555 1071 2679 1108 vere
2709 1055 2830 1109 Filii
2853 1071 2970 1110 esse
2997 1065 3236 1126 patrem,
3270 1069 3325 1112 et
3350 1057 3544 1112 Filium
3577 1074 3705 1113 vere
3731 1060 3943 1115 Patris

2315 1146 2513 1200 tilium:
2547 1157 2599 1201 et
2621 1146 2881 1216 Spiritum
2909 1159 3154 1201 sanctmn
3180 1164 3307 1204 vere
3337 1149 3517 1203 Patris
3543 1160 3565 1187 ο
3587 1161 3641 1204 et
3672 1151 3776 1206 Dei
3796 1166 3942 1206 esse

2314 1238 2574 1303 Spiritum
2608 1257 2618 1290 :
2646 1249 2699 1294 et
2732 1240 2946 1308 insuper
2971 1240 3252 1308 sapientia;
3283 1250 3337 1294 et
3369 1242 3652 1307 veritatis,
3702 1242 3759 1297 id
3791 1251 3891 1298 est
3914 1285 3933 1307 ,

2319 1330 2436 1385 Filii
2466 1332 2578 1386 Dei.
2613 1332 2736 1386 llaec
2759 1340 2841 1387 est
2878 1334 3018 1388 salus
3046 1349 3175 1405 ergo
3203 1336 3568 1402 credentium,
3600 1346 3656 1392 et
3687 1337 3937 1408 dispen-

2319 1424 2456 1478 satio
2481 1423 2879 1480 Eeclesiastica:
2902 1426 3206 1497 disciplinae
3234 1429 3287 1480 in
3319 1428 3420 1484 hac
3444 1429 3711 1485 Trinitate
3743 1431 3934 1500 perﬂ-

2318 1519 2474 1572 citur.
2509 1518 2639 1572 Nam
2663 1533 2784 1574 cum
2811 1519 3053 1574 Salvator
3098 1521 3396 1590 discipulos
3426 1536 3554 1575 suos
3602 1522 3669 1576 ad
3702 1524 3922 1590 prtcdi-

2321 1611 2546 1666 randum
2575 1612 2919 1683 Evangeliutn
2953 1615 3164 1669 miserit
3193 1657 3206 1680 ,
3239 1626 3293 1670 et
3322 1616 3386 1670 ad
3420 1617 3674 1687 dogmata
3703 1619 3931 1673 verita-

2324 1706 2390 1760 tis
2415 1705 2656 1762 docenda
2689 1702 2710 1742 ί
2739 1708 2970 1763 Paterin
3002 1709 3240 1764 Ecclesia
3273 1710 3630 1764 constituisse
3670 1710 3928 1778 dicatur,

615 1799 755 1870 (Job.
779 1800 838 1870 t).
862 1801 1100 1870 Denique
1123 1813 1177 1855 et
1208 1816 1486 1856 sermones
1501 1800 1616 1870 ejus
1639 1799 1936 1868 StltpiSSitltc
1970 1799 2213 1854 lectitan-
2253 1804 2296 1863 Β
2327 1799 2501 1867 primo
2525 1800 2829 1869 aposmlos,
2873 1800 3107 1856 secundo
3139 1800 3468 1871 prophetas,
3507 1803 3674 1856 tertio
3715 1804 3930 1872 magis-

619 1905 724 1962 tttr,
779 1903 838 1946 ut
874 1895 924 1946 itt
971 1896 1097 1949 illo:
1130 1891 1500 1964 Jejunautibus
1523 1896 1596 1948 eis
1618 1903 1663 1945 et
1686 1891 2090 1946 ministrantibus
2125 1891 2214 1946 :id

616 1997 727 2047 est.
760 1987 918 2058 130
946 1987 1226 2056 discipulis
1256 1986 1491 2056 Christi,
1525 1989 1653 2041 dixit
1684 1987 1916 2054 Spiritus
1959 1997 2166 2040 sanans
2196 2003 2215 2039 :

618 2078 866 2147 Scpurnte
899 2079 1023 2133 mihi
1051 2079 1337 2133 Burnubunt
1361 2093 1405 2134 et
1435 2079 1656 2134 Saulum
1677 2123 1690 2145 ,
1735 2082 1786 2133 in
1815 2098 1944 2145 Opus
1969 2080 2038 2134 ad
2079 2079 2216 2150 quod

614 2173 786 2224 vocari
808 2188 894 2225 eos
929 2174 1075 2241 (Act.
1113 2189 1240 2238 xm,
1270 2175 1304 2227 2
1326 2175 1367 2243 ).
1401 2173 1528 2240 Qua:
1551 2189 1653 2228 vox
1677 2173 1976 2226 divinitatis
2001 2181 2056 2226 et
2085 2186 2214 2227 auc-

619 2263 852 2316 toritatis
874 2263 1064 2329 index,
1102 2279 1204 2318 non
1236 2274 1505 2330 creatam,
1532 2265 1624 2319 sed
1651 2266 2218 2320 incrcatamsuhstan-

622 2355 660 2409 ti
681 2373 750 2411 un
783 2367 1070 2413 monstrat.
1101 2359 1284 2430 Neque
1311 2359 1453 2413 enim
1485 2359 1719 2429 Spiritus
1748 2368 1970 2414 sanctus
1996 2359 2045 2413 in
2074 2358 2214 2413 aliud

621 2449 893 2518 quoddam
941 2465 1078 2519 opus
1101 2452 1311 2505 vocavit
1366 2451 1664 2505 Barnaham
1698 2463 1752 2507 et
1788 2453 2040 2515 Paulum,
2072 2451 2217 2522 quod

622 2555 726 2593 non
754 2542 823 2594 sit
853 2539 1026 2594 Patris
1059 2550 1112 2594 et
1145 2542 1258 2596 Filii
1293 2559 1306 2594 :
1355 2557 1475 2596 CUIII
1507 2543 1867 2597 minislerium
1893 2585 1907 2609 ,
1949 2544 2093 2613 quod
2141 2544 2219 2598 eis

619 2633 895 2686 c0tumisit
925 2644 977 2687 et
1004 2633 1224 2688 tradidit
1248 2634 1481 2703 Spiritus
1508 2676 1522 2699 ,
1568 2634 1743 2689 Patris
1783 2645 1840 2689 et
1871 2635 1989 2690 Filii
2018 2637 2088 2690 sit
2115 2637 2218 2689 mi-

621 2723 928 2778 nisterium.
950 2724 1030 2779 Ad
1062 2724 1282 2781 Galatas
1307 2728 1505 2780 Paulus
1537 2729 1787 2796 loquitur.
1812 2727 1913 2795 Qui
1934 2730 2069 2781 enim
2101 2745 2221 2798 ope-

621 2825 766 2866 ratus
785 2824 859 2868 est
889 2813 1046 2869 Petro
1067 2817 1118 2869 in
1143 2816 1494 2886 apostolatum
1519 2819 1944 2883 circumcisionis,
1982 2828 2222 2888 aperatus

625 2916 700 2959 est
723 2917 770 2960 et
797 2905 968 2960 bmihi
999 2909 1051 2960 in
1083 2919 1255 2978 gentes
1302 2920 1349 2962 et
1380 2908 1852 2978 Barrtabw(Galat.
1885 2928 1919 2966 Il
1939 2953 1953 2976 .
1987 2912 2086 2984 8).
2116 2912 2222 2966 Pa-

628 2999 761 3053 riter
793 3000 938 3054 enim
968 2999 1034 3054 ad
1060 3001 1306 3057 nationes
1332 3001 1563 3071 Spiritus
1587 3005 1757 3056 sancti
1788 3006 2112 3059 auctoritate
2143 3006 2224 3062 di-

630 3091 761 3146 recd
795 3103 939 3146 sunt.
977 3093 1196 3147 Christo
1244 3107 1768 3165 quoquepperante
1815 3097 1868 3151 in
1912 3099 2180 3167 apostolis
2205 3141 2220 3165 ,

2321 1901 2433 1947 tros
2457 1935 2470 1950 .
2500 1909 2668 1963 super
2687 1894 2784 1948 hac
2815 1910 2872 1949 re
2895 1895 3044 1950 ciam
3093 1894 3342 1966 Apostoli
3393 1907 3734 1964 congruente
3793 1913 3931 1952 sen-

2321 1986 2484 2039 tentia
2513 2005 2526 2039 :
2559 1985 2625 2039 Et
2662 1988 2794 2040 sicut
2823 1989 3016 2056 prolati
3045 2006 3222 2043 sumus
3254 2006 3285 2042 a
3336 1987 3447 2043 Deo
3493 1991 3562 2044 ad
3594 1991 3925 2044 credendum

2320 2076 2688 2149 Evangelium,
2715 2080 2788 2133 sic
2814 2079 3063 2152 loqu'mur
3082 2097 3100 2134 :
3142 2098 3243 2134 non
3270 2092 3327 2135 ut
3355 2082 3647 2136 hominibus
3695 2081 3923 2152 placen-

2319 2179 2392 2224 tes
2415 2212 2429 2236 ,
2454 2171 2546 2224 sed
2569 2170 2675 2225 Deo
2701 2172 2788 2242 qui
2814 2173 3036 2243 probavit
3051 2174 3210 2227 corda
3231 2183 3410 2228 nostra
3441 2174 3479 2246 (I
3504 2173 3688 2229 Thess.
3714 2191 3775 2241 ιι,
3809 2173 3870 2246 4)
3897 2191 3912 2232 :

2318 2263 2416 2317 hos
2446 2263 2664 2316 eosdem
2690 2279 2826 2334 quos
2851 2264 3088 2319 Christus
3120 2265 3410 2336 magistros
3440 2281 3564 2321 esse
3608 2267 3876 2336 prarcepit
3898 2308 3914 2332 ,

2317 2367 2371 2408 et
2401 2355 2560 2409 Pater
2584 2357 2860 2424 probavit,
2889 2366 2943 2409 et
2979 2356 3216 2426 Spiritus
3246 2368 3466 2413 Sanctus
3496 2357 3912 2428 dispensatores

2319 2457 2373 2502 et
2419 2447 2739 2516 prmpositos
2787 2448 2839 2502 in
2899 2448 3127 2504 Ecclesia
3175 2450 3532 2504 constituisse
3583 2450 3912 2520 perhibetur

2321 2540 2428 2614 [AL
2459 2543 2726 2596 veraciter
2754 2541 3121 2615 prohibetur].
3175 2542 3453 2612 Siquidem
3487 2558 3608 2598 cum
3663 2543 3908 2599 Miletum

2324 2635 2522 2689 Paulus
2544 2635 2833 2704 Apostolus
2887 2637 3228 2707 presbyteros
3283 2637 3350 2689 de
3413 2637 3645 2690 diversis
3693 2637 3830 2692 locis
3855 2643 3909 2694 et

2322 2733 2566 2803 plurimis
2594 2734 2846 2786 Ecclesiis
2874 2741 3252 2803 congregasset
3280 2751 3293 2788 :
3347 2733 3606 2786 Attendite
3625 2773 3642 2798 ,
3676 2732 3854 2802 inquit
3879 2774 3896 2800 ,

2324 2826 2459 2879 vobis
2488 2839 2532 2879 et
2564 2827 2794 2880 universo
2816 2827 3152 2900 gregi,super
3173 2843 3297 2896 quos
3324 2826 3552 2897 Spiritus
3581 2836 3793 2881 sanctus
3817 2840 3907 2895 po-

2321 2923 2420 2995 suit
2479 2937 2564 2975 ros
2601 2920 2864 2991 episcopos
2901 2919 2969 2972 ad
3009 2920 3280 2991 regendam
3325 2918 3607 2973 Ecclesium
3660 2917 3900 2982 Domini,

2319 3030 2473 3080 quam
2495 3013 2760 3083 acquisivit
2782 3029 2874 3084 per
2893 3015 3183 3083 sanguinein
3215 3030 3363 3067 suum
3414 3013 3434 3082 (
3457 3014 3569 3066 Act.
3596 3029 3661 3067 xx
3692 3055 3706 3075 ,
3755 3011 3824 3068 28
3844 3011 3898 3081 )?

2325 3107 2378 3161 Si
2412 3105 2554 3160 enim
2589 3121 2724 3175 quos
2753 3105 3003 3160 Christus
3025 3106 3089 3159 ad
3121 3105 3604 3175 evangelizandum
3637 3112 3686 3158 et
3731 3102 3905 3174 bapti-

629 3185 866 3250 Spiritus
888 3186 1218 3255 completum
1236 3196 1319 3242 est
1351 3187 1746 3254 ministerium,
1779 3189 1959 3259 utipsi
1989 3191 2217 3259 apostoli
2246 3192 2293 3252 C
2327 3200 2523 3254 undas
2575 3201 2824 3254 nationes
2870 3201 3043 3265 misit,
3085 3201 3322 3268 Spiritus
3361 3209 3581 3254 sanctus
3637 3198 3899 3253 EccleSia:

627 3277 960 3332 conﬁtentur
987 3296 1046 3334 se
1070 3283 1123 3333 in
1164 3278 1384 3335 Christo
1411 3281 1594 3352 loqui,
1625 3291 1677 3336 et
1707 3283 1755 3335 id
1785 3283 1928 3353 quod
1959 3284 2070 3339 suis
2095 3300 2223 3340 ocu-

628 3370 696 3425 lis
720 3373 1000 3436 viderunt,
1031 3380 1087 3426 et
1117 3372 1346 3427 ministri
1373 3375 1495 3428 facti
1525 3385 1652 3429 sunt
1676 3376 2009 3440 csermonis,
2041 3376 2090 3431 id
2118 3386 2222 3443 est,

629 3462 837 3517 Christi
867 3481 879 3516 :
910 3465 1391 3534 etdiSpeusatores
1423 3467 1802 3537 mysteriorum
1836 3469 1946 3522 Dei.
1984 3469 2226 3540 Denique

631 3561 781 3628 quasi
812 3561 1181 3630 principatum
1213 3563 1263 3616 in
1293 3563 1605 3629 Sacerdotio
1631 3565 1971 3632 possidentes
2002 3607 2016 3630 ,
2043 3577 2097 3621 et
2126 3565 2228 3621 itii-

631 3648 858 3705 tia'ort-s
886 3652 1012 3707 ﬁdei
1046 3669 1072 3706 a
1102 3652 1320 3707 Christo
1352 3666 1472 3707 sunt
1525 3656 1916 3720 demonstrati,
1964 3659 2181 3713 dicente
2209 3675 2223 3713 :

634 3739 826 3796 Euntes
857 3748 955 3808 ite,
1003 3757 1050 3799 et
1076 3747 1252 3800 docete
1277 3765 1447 3802 ornncs
1485 3758 1686 3819 gentes,
1722 3750 2035 3820 baptizantes
2063 3769 2149 3805 eas
2172 3753 2226 3806 in

635 3834 837 3888 nomine
863 3835 1066 3902 Patris,
1124 3849 1171 3892 et
1220 3837 1383 3906 Filii,
1432 3853 1478 3893 et
1534 3841 1764 3910 Spiritus
1789 3843 1955 3896 sancti
1997 3842 2224 3913 (Matth.

636 3943 829 3993 xsvm,
870 3932 992 3999 t9).
1029 3933 1092 3985 Et
1120 3934 1255 3986 sicut
1303 3936 1595 4002 Apostolus
1628 3934 1819 3989 scribit
1875 3937 2179 3994 rectissime
2210 3956 2223 3992 :

637 4017 781 4074 Unus
808 4034 880 4074 est
909 4020 1184 4093 Dominus,
1241 4043 1346 4080 una
1371 4029 1501 4096 fides
1522 4071 1533 4088 ,
1589 4046 1746 4082 unum
1792 4029 2064 4102 baptisma.
2095 4033 2226 4098 Quis

631 4131 735 4168 non
766 4130 829 4170 ex
856 4117 968 4185 ipsa
993 4128 1217 4189 cogetur
1243 4123 1471 4176 veritate
1499 4123 1778 4190 suscipere
1811 4122 2225 4181 inditiercntiam

633 4219 833 4262 sancta:
891 4209 1207 4279 Trinitatis,
1265 4212 1392 4268 dum
1439 4230 1544 4270 una
1591 4215 1662 4270 sit
1692 4216 1828 4272 ﬁdes
1861 4218 1913 4272 in
1945 4219 2140 4285 Patre,
2173 4230 2228 4275 et

635 4296 804 4366 Filio,
854 4309 926 4369 et,
955 4301 1157 4371 Spiritu
1199 4316 1426 4359 sancto:
1460 4315 1514 4361 et
1555 4307 1826 4362 lavacrum
1855 4308 2015 4364 detur
2063 4317 2228 4382 atque

631 4394 875 4450 lirmctur
907 4396 956 4449 in
990 4399 1210 4455 nomine
1239 4399 1445 4465 Patris,
1481 4409 1536 4456 et
1565 4400 1717 4470 Filii,
1749 4410 1803 4458 et
1831 4402 2072 4472 Spiritus
2103 4421 2231 4460 san-

629 4488 744 4541 cti?

2329 3294 2644 3364 praeposuit.
2664 3292 2838 3346 Patris
2866 3292 3119 3347 sententia
3149 3291 3482 3346 destinatos:
3517 3289 3648 3343 nulli
3680 3289 3901 3344 dubium

2328 3399 2404 3442 eat
2427 3429 2441 3452 ,
2468 3395 2492 3434 ε
2519 3402 2679 3439 unum
2709 3385 2916 3452 Patris,
2949 3385 3146 3440 etFrlii
3173 3428 3186 3452 ,
3223 3395 3275 3440 et
3310 3385 3543 3455 Spiritus
3570 3382 3748 3438 sancti
3778 3397 3904 3453 ope-

2329 3481 2618 3545 rationem,
2648 3489 2698 3531 ct
2729 3479 3093 3547 probationem
3119 3496 3131 3530 :
3165 3489 3216 3531 et
3240 3485 3643 3556 consequenter
3659 3474 3900 3530 eamdem

2329 3567 2607 3623 Trinitatis
2632 3581 2753 3622 esse
2781 3567 3154 3622 substantiam.
3201 3567 3420 3621 Necnon
3469 3576 3522 3620 et
3560 3565 3690 3618 illud
3727 3565 3905 3618 cousi-

2326 3661 2659 3728 derandum,
2683 3661 2824 3731 quod
2855 3662 2905 3714 in
2934 3661 3086 3715 corle
3113 3670 3164 3715 et
3197 3675 3358 3714 sensu
3395 3658 3639 3712 habitare
3669 3673 3772 3710 non
3803 3672 3900 3726 po-

2331 3763 2436 3808 test
2457 3765 2737 3818 creatura,
2768 3753 2865 3808 nisi
2919 3753 3052 3808 Deus
3103 3764 3156 3807 et
3214 3767 3395 3808 sermo
3448 3751 3566 3822 ejus
3616 3756 3666 3806 in
3698 3751 3898 3819 Spiritu

2329 3857 2520 3901 Sancto
2543 3864 2553 3899 :
2579 3847 2717 3900 sicut
2748 3845 2813 3899 ad
2844 3847 3093 3916 quosdam
3119 3847 3354 3917 loquitur
3374 3844 3531 3900 Pater
3558 3862 3570 3896 :
3601 3841 3901 3898 Inhabitabo

2329 3940 2381 3994 in
2412 3940 2514 4006 eis,
2539 3950 2585 3992 et
2609 3939 2936 3993 iuambulnbo
2967 3939 3166 4010 (IlCor.
3202 3955 3287 4004 Vt,
3321 3939 3386 3993 16
3411 3937 3446 4006 ).
3514 3939 3580 3993 Et
3628 3938 3694 3990 ad
3730 3937 3900 4006 ipsum

2330 4032 2543 4102 quidam
2575 4031 2757 4100 dirigit
2786 4046 2969 4086 Vocem
2997 4049 3008 4085 :
3059 4032 3133 4087 Tu
3163 4041 3328 4085 autem
3370 4033 3421 4085 in
3451 4044 3631 4085 sancto
3676 4029 3897 4094 habitas,

2331 4124 2448 4179 laus
2482 4123 2650 4178 Israel
2677 4123 2851 4196 (Psal.
2880 4141 2969 4178 ut
2994 4168 3007 4190 ,
3041 4124 3125 4196 4).
3159 4125 3314 4179 Altus
3338 4123 3536 4195 quippe
3565 4124 3617 4176 in
3647 4122 3768 4176 altis
3808 4120 3899 4175 ha-

2331 4218 2463 4272 bitat
2497 4217 2764 4272 uuiversm
2789 4217 3039 4272 conditor
3065 4226 3342 4272 creaturte.
3374 4216 3594 4270 Habitat
3637 4229 3768 4269 vero
3798 4211 3822 4250 ³³
3849 4221 3902 4268 et

2333 4310 2638 4379 unigenitus
2689 4309 2856 4365 Filius
2885 4310 2938 4365 in
2969 4322 3141 4382 meite
3170 4325 3331 4380 pura,
3387 4320 3440 4363 et
3470 4307 3639 4363 corde
3669 4305 3897 4362 creden-

2335 4402 2489 4457 tium.
2522 4404 2625 4458 l’er
2647 4401 2805 4458 ﬁdem
2828 4404 3025 4474 quippe
3056 4401 3288 4456 habitare
3316 4400 3588 4456 Christum
3616 4439 3630 4463 ,
3667 4399 3719 4452 in
3763 4399 3898 4454 inte-

2334 4495 2460 4548 riori
2493 4493 2744 4549 homine:
2779 4495 2831 4549 in
2855 4493 3057 4563 Spiritu
3084 4494 3154 4546 ait
3178 4492 3490 4562 Apostolus,
3518 4492 3586 4546 ita
3618 4489 3896 4544 scribens:

698 4581 788 4636 2i.
831 4582 946 4637 Non
971 4585 1207 4642 arbitror
1231 4603 1554 4659 quemquam
1593 4599 1698 4645 tam
1733 4591 2022 4646 vecordem
2055 4601 2222 4663 atque
2250 4583 2303 4642 D
2331 4586 2396 4642 In
2426 4588 2662 4656 Spiritu,
2693 4590 2743 4641 in
2766 4588 2998 4642 interiori
3029 4587 3223 4641 hcmine
3249 4585 3482 4641 habitare
3525 4584 3784 4640 Christum
3813 4601 3898 4656 per

633 4675 880 4732 insanum
913 4678 1151 4736 futurum
1175 4724 1189 4747 ,
1238 4692 1294 4737 ut
1325 4684 1620 4751 perfectum
1673 4687 1936 4754 baptisma
1973 4698 2125 4758 ptttet
2168 4689 2221 4744 id

628 4768 770 4835 quod
800 4769 960 4824 datur
984 4774 1033 4826 in
1065 4776 1283 4830 nomine
1314 4777 1483 4832 Patris
1505 4820 1520 4843 ,
1563 4789 1614 4833 et
1667 4777 1819 4843 Filii,
1855 4781 1972 4836 sine
2010 4795 2223 4836 assum-

630 4863 814 4931 ptione
844 4866 1074 4933 Spiritus
1107 4871 1280 4925 sancti
1305 4889 1316 4924 :
1342 4884 1434 4926 aut
1463 4889 1652 4927 rursus
1683 4874 1734 4927 iu
1767 4877 1987 4930 nomine
2013 4876 2223 4941 Patris,

628 4967 679 5010 et
708 4957 939 5027 Spiritus
963 4964 1172 5026 sancti,
1209 4963 1326 5018 Filii
1381 4953 1646 5021 vocabulo
1697 4969 2108 5036 praetermisso:
2135 4978 2227 5025 aut

628 5058 776 5101 certe
809 5051 861 5102 in
889 5054 1104 5106 nortrine
1136 5053 1258 5108 Filii
1284 5097 1297 5119 ,
1327 5067 1380 5109 et
1418 5057 1655 5123 Spiritus
1686 5061 1859 5113 sancti
1891 5101 1905 5125 ,
1950 5075 2056 5113 non
2089 5075 2226 5128 prm-

631 5139 806 5206 posito
835 5142 1096 5196 vocabulo
1124 5144 1317 5199 Patris.
1352 5147 1502 5203 Licet
1524 5151 1666 5205 enim
1716 5152 1838 5221 quis
1861 5153 2034 5222 possit
2065 5153 2207 5208 exis-

697 5341 722 5366 α
748 5330 1007 5385 Voculam
1033 5341 1087 5385 ut
1118 5335 1486 5400 supplevimus
1509 5352 1542 5393 e
1572 5337 1743 5393 Valic.

697 5401 724 5441 δ
759 5403 980 5460 Tltolos.
1015 5420 1385 5473 ms..opcrotus
1408 5419 1478 5462 est
1500 5409 1626 5462 mihi
1651 5423 1694 5462 et
1718 5410 2043 5464 Barnabtrin
2085 5428 2210 5479 gen-

623 5479 794 5544 tibus;
823 5491 874 5533 et
907 5497 1026 5534 nios
1052 5522 1065 5537 .
1098 5480 1278 5534 directi
1302 5491 1415 5534 sunt
1462 5498 1492 5534 ct
1535 5480 1775 5547 Christo,
1804 5493 2112 5546 coOperante
2156 5484 2210 5536 in

624 5553 890 5618 Apostolis
915 5553 1119 5612 Spiritu
1141 5592 1154 5612 ,
1181 5554 1490 5618 completum
1511 5563 1586 5604 est
1612 5553 1972 5604 ministerium.

701 5634 722 5660 ε
751 5625 972 5691 Regium
995 5625 1288 5676 Sua-corum
1341 5639 1443 5676 ms.
1488 5638 1639 5674 num.
1688 5622 1792 5675 497
1840 5633 2215 5684 ιιτίιξιιοιιιιιιε,

625 5696 779 5761 cuius
807 5713 949 5747 nunc
972 5697 1189 5749 demum
1219 5703 1514 5748 occurrunt
1546 5694 1675 5745 mihi
1713 5692 1983 5744 variantes
2035 5693 2221 5747 lectio-

631 5784 726 5821 nes
768 5772 818 5819 in
852 5769 1124 5821 schedulis
1153 5781 1542 5831 cxeeptmquas
1566 5766 1766 5832 passim
1797 5763 1934 5815 intra
1966 5764 2221 5830 laudabo,

636 5837 720 5891 hic
749 5837 909 5890 habet
936 5839 1186 5892 sermonis
1207 5838 1396 5892 Christi
1428 5840 1632 5909 absque
1686 5837 1738 5891 id
1771 5844 1844 5891 est
1897 5838 2120 5902 vocula;
2171 5846 2224 5893 et

2329 4683 2482 4752 ﬁdem
2513 4684 2566 4738 in
2597 4682 2836 4737 cordibus
2861 4683 3039 4736 vestris
3067 4687 3080 4750 (
3105 4681 3292 4751 Ephes.
3327 4697 3382 4736 ιιι
3405 4723 3418 4745 .
3457 4683 3520 4736 Π
3625 4680 3742 4750 Ipse
3771 4695 3895 4746 quo-

2329 4793 2434 4846 que
2461 4778 2528 4830 de
2559 4792 2616 4833 se
2647 4777 2916 4846 loquitur:
2952 4777 3097 4849 132
3129 4772 3333 4830 Vivitin
3357 4773 3678 4828 meCltristus
3707 4771 3893 4842 (Galnt.

2326 4887 2395 4932 ιι,
2425 4872 2494 4928 ‘20
2518 4871 2556 4940 ).
2591 4871 2653 4924 Et
2686 4872 2877 4924 iterum
2906 4888 2918 4921 :
2970 4870 3068 4934 Qui
3098 4871 3149 4922 in
3178 4886 3257 4922 me
3296 4867 3524 4936 loquitur
3555 4863 3787 4920 Christus
3813 4863 3898 4937 (11

2327 4963 2446 5020 Cor.
2483 4979 2592 5028 xui,
2623 4965 2656 5015 5
2677 4962 2717 5032 ).
2748 4963 2813 5016 Et
2837 4962 3098 5023 Salvittor,
3142 4960 3412 5015 Veniemus
3433 5002 3445 5023 ,
3473 4959 3681 5028 inquit.
3715 4975 3802 5029 ego
3855 4969 3896 5011 et

2334 5055 2692 5125 Patcr(.loan.
2726 5070 2833 5118 xw,
2863 5054 2965 5124 ‘25)
2994 5071 3005 5106 :
3043 5055 3173 5109 haud
3205 5054 3472 5118 dubium,
3526 5055 3656 5119 quin
3692 5050 3754 5104 ad
3779 5066 3891 5105 eum

2322 5152 2410 5222 qui
2443 5158 2712 5219 pra-cepta
2763 5149 2881 5216 ejus
2910 5150 3230 5211 servaverit,
3280 5158 3334 5203 et
3394 5147 3734 5200 mansionem
3767 5144 3897 5216 apud

2323 5335 2486 5407 paulo
2517 5345 2636 5401 post
2673 5334 2864 5407 Enntes
2891 5336 3091 5397 docete,
3127 5333 3330 5407 alisque.
3357 5333 3444 5386 ite.

2390 5406 2414 5445 ·-¹
2456 5409 2746 5472 Pet-peram
2773 5406 3018 5468 'l‘hotos.,
3051 5415 3243 5457 tantum
3273 5405 3386 5458 sine
3416 5402 3751 5469 perfectione.

2396 5491 2418 5517 ο
2455 5471 2609 5531 Modo
2639 5477 2884 5531 laudatus
2917 5474 3132 5545 Regina:
3156 5475 3304 5542 cod.,
3338 5491 3452 5528 vere
3500 5473 3673 5527 Patris
3707 5485 3751 5527 et
3780 5471 3896 5526 Filii

2324 5569 2431 5606 esse
2459 5549 2736 5616 Spiritum.

2404 5623 2422 5661 t
2446 5622 2652 5675 Nomen
2686 5618 2864 5681 Pater,
2891 5617 3148 5686 expttugit
3171 5617 3390 5685 Regina!
3419 5631 3519 5670 ms.

2403 5705 2427 5742 ις
2460 5693 2710 5754 Tltolos.,
2769 5692 2844 5746 sic
2883 5706 3039 5745 unam
3066 5705 3168 5742 esse
3197 5689 3547 5760 operationem
3577 5698 3624 5743 et
3649 5687 3894 5757 probatio.

2333 5781 2445 5820 nem
2466 5805 2480 5823 .
2505 5775 2610 5818 etc.

2412 5835 2438 5875 ιι
2460 5834 2626 5892 Voces
2648 5848 2696 5894 et
2718 5839 3014 5910 unigenitus
3029 5833 3072 5891 Γ
3075 5834 3195 5891 ilius
3212 5834 3263 5891 iu
3285 5834 3505 5912 Reginae
3519 5846 3620 5890 ms.
3641 5831 3890 5890 delentur.
