4056 6298
33 1327 40 1356 l

16 1934 38 2460 κ

137 285 207 338 lii

130 773 279 826 omnis
310 784 505 824 natura
538 771 880 824 rationalium
903 776 1274 824 creaturarum
1301 811 1316 834 ,
1345 767 1539 823 domus
1563 766 1700 820 dici-

127 875 198 920 tur
223 865 546 922 Salvatoris.

179 959 260 1014 25.
292 960 315 996 δ
343 959 502 1014 Sicut
552 968 730 1012 autem
771 971 935 1026 super
965 956 1185 1010 domum
1233 971 1388 1011 suam
1442 954 1704 1010 Dominus

119 1053 256 1108 lesus
276 1093 290 1117 ,
324 1053 484 1122 cujus
515 1052 710 1106 domus
737 1064 919 1103 smnus
972 1064 1069 1102 nos
1095 1065 1108 1100 :
1165 1049 1234 1102 ita
1278 1048 1474 1101 domus
1501 1045 1702 1100 Christi

120 1146 360 1214 templum
397 1145 489 1200 Dei
525 1155 642 1208 est,
676 1143 728 1198 in
756 1157 864 1212 quo
893 1142 1130 1211 Spiritus
1157 1140 1398 1210 ejusdem
1435 1140 1702 1192 inhabitat

117 1240 216 1293 Dei.
250 1239 516 1294 Scribens
547 1236 742 1306 quippe
773 1235 975 1290 Corintl
1004 1234 1073 1288 iis
1104 1232 1301 1287 Paulus
1329 1233 1402 1286 ait
1429 1251 1442 1285 :
1476 1230 1701 1285 Nescitis

111 1333 218 1402 quia
235 1330 484 1398 templum
507 1328 607 1384 Dei
629 1330 747 1384 estis
775 1370 788 1392 ,
835 1337 882 1382 et
906 1326 1075 1394 διείνίι
1097 1343 1136 1381 .s
1183 1325 1275 1379 Dei
1309 1326 1503 1379 habitat
1526 1325 1575 1377 in
1607 1341 1697 1377 ro-

108 1426 172 1478 bis
190 1424 230 1498 (1
262 1423 383 1478 Cor.
416 1439 512 1486 ιιι.
550 1421 707 1492 16)?
755 1419 809 1477 Si
839 1431 1018 1474 autem
1063 1419 1121 1474 in
1171 1418 1335 1472 dottzo
1375 1430 1427 1474 et
1475 1419 1694 1485 templo,

106 1533 201 1587 quo
234 1517 400 1572 Pater
429 1529 481 1571 et
534 1516 784 1572 Saliator
832 1513 1126 1576 inhabitat,
1161 1513 1303 1566 illii-o
1347 1511 1621 1566 invenitur
1645 1519 1701 1565 et

104 1610 340 1682 Spiritus
363 1623 614 1674 sanctus,
667 1623 738 1661 ex
794 1605 897 1660 hoc
949 1606 1182 1659 indivisa
1230 1605 1519 1660 Trinitatis
1569 1603 1699 1656 sub-

99 1704 295 1757 itantia
319 1703 747 1758 demonstratur.
803 1698 871 1753 Et
924 1709 1041 1769 post
1071 1713 1178 1753 non
1234 1698 1402 1752 multa
1449 1695 1693 1766 ejusdem

97 1889 229 1958 plum
254 1886 490 1960 Spiritus
519 1885 689 1940 sancti
724 1894 860 1950 sunt,
882 1900 1032 1948 quem
1059 1882 1254 1938 habetis
1280 1899 1309 1934 a
1334 1881 1445 1936 Deo
1469 1881 1696 1952 (lbid.)?

98 1981 214 2033 Cum
244 1995 384 2050 ergo
410 1979 649 2048 Spiritus
676 1986 897 2031 sanctus
917 2017 932 2041 ,
964 1978 1220 2030 similiter
1253 1988 1306 2030 ut
1337 1977 1498 2030 Pater
1527 1984 1583 2028 et
1609 1974 1702 2028 Fi-

97 2073 190 2126 lius
213 2113 227 2132 ,
257 2079 512 2125 mentem
545 2081 597 2123 et
631 2070 946 2123 interiorem
977 2069 1252 2121 hominem
1284 2067 1586 2121 inhabitare
1617 2066 1704 2120 do-

97 2174 295 2228 ceatur,
333 2176 448 2214 no:i
482 2160 657 2213 dicam
698 2160 977 2227 ineptum,
1009 2156 1106 2212 sed
1166 2158 1394 2226 impium
1438 2167 1526 2211 est
1575 2171 1702 2209 eum

97 2255 267 2310 dicere
294 2261 636 2310 creaturam.
689 2249 1016 2320 Disciplinas
1046 2250 1246 2319 quippe
1271 2290 1286 2314 ,
1315 2251 1543 2303 virtutes
1584 2247 1706 2302 dico

98 2357 144 2400 et
166 2357 354 2409 artes,
391 2356 445 2397 et
479 2342 564 2394 his
588 2340 895 2396 contrarias
927 2341 1377 2412 perturbationes
1405 2381 1420 2405 ,
1453 2351 1507 2395 et
1538 2341 1706 2409 ἰιιψεο

14 2431 20 2486 i
95 2439 270 2502 tilias,
302 2443 356 2488 et
388 2432 692 2486 allectusin
725 2431 1280 2486 animabUslialiitare
1311 2431 1566 2500 possibile
1586 2440 1702 2485 est:

93 2546 191 2585 non
216 2540 404 2584 tamen
441 2536 499 2581 ut
525 2525 938 2591 substantivas,
975 2525 1071 2579 sed
1092 2535 1148 2578 ut
1172 2525 1508 2579 accidentes.
1543 2523 1705 2576 Crea-

93 2636 194 2677 tam
228 2636 365 2678 vero
420 2630 674 2673 naturam
737 2619 788 2672 in
849 2632 1011 2672 sensu
1047 2615 1298 2672 habitare
1366 2615 1702 2683 impossibile

92 2726 190 2768 est.
210 2713 366 2781 Quod
387 2713 431 2765 si
460 2727 649 2767 verum
666 2720 771 2773 est,
795 2717 849 2763 et
875 2708 1112 2779 Spiritus
1126 2720 1350 2763 saueius
1369 2706 1573 2775 absque
1591 2706 1698 2760 ulla

0 2849 2 2860 .
92 2807 440 2877 ambiguitate
462 2804 790 2865 subsistens,
818 2803 1014 2855 anima:
1032 2809 1117 2854 cst
1135 2799 1410 2854 habitator
1425 2798 1698 2853 etcordis:

95 2899 221 2952 nulli
273 2898 502 2952 dubium
555 2898 834 2965 est,quin
876 2910 997 2948 cum
1047 2893 1204 2948 Patre
1256 2903 1310 2946 et
1368 2891 1507 2946 Filio
1546 2892 1695 2946 credi

94 2993 280 3048 ti::i)e.tl
316 2993 618 3046 increatus.
651 2989 730 3043 Ex
771 2990 1025 3044 omnibus
1058 2988 1218 3058 igitur
1241 3002 1358 3057 qua:
1384 2986 1699 3056 pra-cedens

0 3127 6 3144 τ
94 3101 270 3138 sermo
303 3084 543 3146 disserit,
568 3080 1001 3150 incorruptibilis
1031 3092 1084 3133 et
1108 3080 1479 3148 sempiternus
1502 3095 1696 3132 sei-nn-

826 283 1384 342 INTERPRETATiO
1421 280 1604 340 LIBRI
1649 281 1895 338 DlDYlll
1938 282 2026 338 DE
2070 282 2342 339 SPIRITU
2386 281 2679 339 SANCTO.

63 393 68 468 ξ
135 417 223 453 Cll.“
255 398 553 454 lichanos.
591 398 756 454 Ροιτιι
785 400 860 451 sic
890 415 1067 454 sermo
1121 398 1223 452 iste
1259 395 1605 452 eoiitesitur:
1642 393 1702 450 Si
1731 402 1780 464 Α
1810 413 2038 466 quorum
2065 396 2303 467 Spiritus
2331 409 2553 452 sancto.
2581 399 2720 448 liahit
2771 409 2782 449 ι
2833 416 2848 450 t
2887 408 2993 452 c-t.
3051 398 3156 454 lste
3180 399 3408 467 Spiritus

59 531 64 544 .
129 493 216 562 quis
240 491 408 563 diligit
442 503 464 526 δι
497 508 613 557 nte,
660 507 938 545 sermonem
982 506 1146 543 meum
1172 489 1407 545 servabit.
1443 487 1509 542 Et
1543 485 1703 540 Pater

55 613 58 662 ζ
132 600 240 637 meus
267 583 450 656 diliget
477 601 597 636 eum
620 625 634 647 ,
658 594 703 636 et
734 585 800 636 ad
828 600 941 636 eum
965 585 1219 636 veniemus
1237 625 1252 647 ,
1300 594 1349 636 et
1383 583 1702 636 mansionem

51 663 61 750 ί
128 680 241 750 apud
289 694 410 732 eum
457 678 758 748 [aciemus(
792 674 986 747 Ibat).
1018 675 1073 730 lti
1123 677 1238 729 alio
1290 690 1508 746 queque
1542 676 1659 728 loco
1685 714 1700 736 ,

3307 282 3406 338 1'38

1807 502 2030 545 animus
2053 489 2365 544 consolator
2390 506 2419 544 a
2445 491 2582 546 Filio
2629 491 2870 546 mittitur
2905 509 2917 545 :
2969 509 3076 544 non
3111 493 3406 546 secundum

1804 582 2122 651 angelorum
2143 625 2158 644 ,
2188 591 2281 635 aut
2322 583 2735 650 protihetarum,
2785 593 2880 636 aut
2905 583 3280 649 apostolorum
3307 583 3408 637 nii-

1809 675 2131 738 nisterium,
2168 674 2261 727 sed
2297 687 2348 726 ut
2393 675 2532 728 mitti
2575 677 2731 729 decet
2761 691 2789 728 a
2839 675 3110 745 sapientia
3169 686 3218 728 et
3268 675 3408 731 veri-

1808 777 1916 820 tate
1944 765 2206 834 Spiritum
2244 766 2334 820 Dei
2360 809 2373 828 ,
2409 768 2698 820 indivisatn
2725 768 3014 822 habenti-nt
3044 785 3164 820 cum
3211 769 3404 823 eadem

1805 859 2070 927 sapientia
2105 868 2156 912 et
2189 860 2415 913 veritate
2440 873 2706 914 natoram.
2745 861 2956 915 Etenim
2989 861 3156 915 Filius
3207 863 3407 917 missus

1806 967 1836 1004 a
1860 953 2017 1007 Patre
2046 968 2150 1006 non
2177 963 2481 1022 separatur,
2516 969 2620 1009 nec
2661 954 2996 1023 disjungitur
3021 956 3090 1007 ab
3121 971 3217 1017 eo,
3291 969 3408 1008 ma-

1805 1060 1939 1098 nens
1972 1056 2022 1098 et
2052 1047 2254 1099 balteus
2281 1047 2430 1098 illum
2467 1047 2516 1099 in
2547 1051 2847 1114 semetipso
2893 1047 3031 1112 Quin
3058 1047 3292 1114 Spiritus
3316 1061 3405 1100 vc—

1807 1139 1980 1192 ritatis
2000 1141 2314 1209 supiailieto
2337 1141 2714 1195 lttHdOllliSStlS
2743 1156 2772 1193 a
2803 1140 2939 1194 Filio
2967 1140 3033 1194 de
3067 1141 3223 1196 Patre
3244 1156 3405 1210 egre-

1803 1230 1970 1292 ditur,
2004 1247 2106 1283 non
2142 1230 2356 1285 aliunde
2381 1232 2445 1286 ad
2478 1234 2580 1285 alia
2611 1234 3024 1302 transmigrans.
3056 1232 3405 1302 [inpossibile

1801 1322 2001 1391 quippe
2034 1321 2134 1374 hoc
2164 1324 2367 1392 pariter
2400 1334 2453 1376 et
2484 1322 2860 1392 blasphemum
2891 1334 2993 1377 est.
3023 1322 3048 1358 ἀ
3076 1324 3132 1378 Si
3157 1327 3304 1377 enim
3334 1326 3403 1380 de

1802 1414 1923 1467 loco
1948 1416 2013 1468 ad
2042 1415 2222 1468 locum
2257 1415 2537 1482 egreditur
2565 1415 2835 1482 Spiritus,
2864 1425 2919 1470 et
2979 1419 3092 1484 ipse
3143 1416 3304 1470 Pater
3347 1417 3401 1472 in

1802 1510 1918 1564 loco
1951 1511 2282 1574 invenietur,
2316 1521 2368 1563 et
2399 1510 2638 1580 Spiritus
2670 1514 2913 1565 veritatis
2939 1512 3095 1581 juxta
3149 1521 3400 1567 naturam

1800 1619 2089 1671 corporum
2121 1613 2273 1657 certo
2303 1605 2477 1674 spatio
2495 1603 2941 1673 circumscriptus
2964 1645 2977 1668 ,
3038 1605 3202 1658 alium
3240 1605 3398 1659 dese-

1802 1715 1929 1751 rens
1961 1698 2170 1763 locnm,
2222 1699 2284 1751 ad
2320 1701 2482 1751 alium
2543 1699 2943 1769 conimigiabit.
2979 1699 3084 1753 Sed
3119 1698 3397 1768 quomodo

37 1835 42 1844 .
99 1795 380 1864 epistola):
415 1793 679 1858 Nescitis,
713 1793 928 1861 inquit,
956 1793 1076 1862 quia
1099 1806 1319 1859 corpora
1365 1800 1528 1845 uestra
1574 1799 1698 1843 tem-
1729 1801 1775 1862 B
1801 1789 1960 1846 Pater
1992 1805 2098 1844 non
2124 1792 2431 1846 cnnsistens
2463 1792 2514 1844 iu
2543 1792 2661 1845 loco
2690 1834 2703 1854 ,
2735 1796 2874 1844 ultra
2927 1806 3146 1845 onmem
3195 1806 3397 1858 Corpo-

1803 1898 1918 1934 rum
1947 1894 2028 1936 est
2064 1895 2356 1936 naturain:
2415 1885 2483 1934 ita
2530 1893 2586 1937 et
2638 1885 2874 1952 Spiritus
2922 1882 3166 1936 veritatis
3200 1897 3399 1952 nequa-

1802 1991 1959 2045 quam
1993 1976 2236 2030 iOL'OI'ltlll
2271 1977 2374 2030 line
2403 1976 2696 2040 clauditur,
2722 1994 2843 2031 eum
2869 1976 2939 2031 sit
2991 1977 3352 2045 incorporalis
3379 1993 3392 2029 :

1803 2078 1856 2119 et
1888 2076 1947 2120 ut
1972 2069 2151 2121 vet-ius
2201 2068 2373 2123 dicam
2403 2111 2417 2133 ,
2453 2079 2473 2105 ε
2503 2071 2780 2124 excellens
2820 2071 3127 2123 universam
3161 2069 3402 2124 rationa-

1809 2158 1910 2212 lem
1937 2166 2260 2210 creaturam.

1869 2251 1959 2304 26.
2003 2250 2140 2317 Quia
2181 2265 2308 2319 ergo
2348 2250 2689 2319 impossibile
2733 2260 2853 2314 est,
2903 2261 2954 2303 et
3009 2251 3253 2320 impium,
3298 2252 3400 2307 ista

1806 2357 1926 2412 quas
1949 2342 2207 2407 diximus,
2241 2339 2257 2377 ί
2295 2341 2363 2397 de
2398 2342 2834 2410 iucorporalibus
2859 2342 3123 2397 credi-re:
3162 2346 3308 2399 exire
3330 2345 3401 2401 de

1807 2435 1968 2489 Patre
2018 2435 2282 2505 Spiritum
2335 2435 2612 2497 Sanctum,
2656 2435 2734 2491 sic
2768 2435 3196 2504 intelligendum,
3246 2446 3301 2491 ut
3339 2452 3399 2491 se

1805 2528 2060 2582 Salvator
2083 2527 2150 2581 de
2182 2528 2289 2581 Deo
2317 2527 2498 2582 exisse
2531 2537 2782 2593 teatatur,
2816 2529 2884 2580 dii
2904 2544 3023 2590 eus,
3062 2528 3170 2598 Ego
3200 2531 3264 2580 de
3292 2527 3405 2582 Deo

1802 2620 1938 2674 εχἔυὶ
1960 2631 2005 2672 (ιι
2037 2621 2147 2672 reni
2176 2617 2354 2687 (Joan.
2378 2634 2495 2683 vui,
2531 2618 2646 2690 42).
2684 2618 2746 2673 Ει
2773 2620 2909 2672 sicut
2943 2622 3054 2672 loca
3082 2630 3136 2673 et
3161 2634 3410 2674 commu—

1805 2714 2038 2766 taliones
2069 2713 2315 2766 lucorum
2347 2713 2415 2766 ab
2449 2713 2880 2779 incurporalibus
2921 2727 3234 2781 separamus
3269 2730 3280 2763 :
3323 2716 3402 2768 sic

1801 2816 1855 2860 et
1899 2806 2233 2875 prolationes
2276 2808 2417 2860 intus
2441 2805 2562 2859 dico
2593 2817 2644 2860 et
2677 2805 2809 2861 loris
2849 2809 2916 2861 ab
2944 2806 3394 2860 intellectualiutn

1802 2910 1993 2953 natura
2035 2899 2422 2962 discernimus,
2457 2902 2582 2966 quia
2618 2901 2733 2953 istm
2759 2916 3048 2969 corporum
3099 2911 3224 2956 sunt
3261 2902 3400 2955 reci-

1805 2995 2065 3061 pientium
2107 3005 2326 3057 taetum,
2358 3001 2411 3045 et
2444 2994 2754 3047 habentium
2801 2995 3101 3048 vastitates.
3133 2994 3398 3050 liieﬂabili

1801 3090 1981 3156 itaque
2012 3099 2065 3142 et
2099 3089 2211 3141 sola
2263 3097 2285 3132 κ
2316 3087 2418 3139 tide
2465 3098 2596 3141 nuto
2628 3103 2881 3142 sermone
2922 3088 3252 3141 credendum
3281 3097 3386 3152 est,

95 3176 216 3230 dum
244 3184 491 3230 naturam
525 3174 738 3236 Patris,
775 3184 824 3226 et
855 3171 980 3227 Filii
1011 3214 1024 3235 ,
1069 3171 1304 3242 Spiritus
1333 3182 1551 3224 sanctus
1595 3170 1694 3223 de-
1721 3187 1764 3246 ρ
1799 3180 2138 3234 sanatum“
2175 3179 2332 3253 134
2360 3181 2560 3234 dictum
2593 3196 2713 3234 esse
2745 3184 2921 3234 εχῖεςυ
2951 3197 2979 3233 ³
3013 3180 3139 3242 De".
3175 3190 3230 3234 et
3270 3183 3392 3248 δρί-

99 3280 458 3331 monstratus,
491 3265 801 3319 univiu'sam
830 3264 897 3318 de
927 3279 987 3319 se
1017 3263 1430 3333 ambiguitatem
1466 3263 1694 3315 abstulit

99 3375 143 3415 et
177 3361 574 3433 suspicionem,
610 3374 676 3412 ne
707 3374 845 3412 unus
869 3357 936 3411 de
966 3356 1168 3411 creatis
1192 3356 1516 3409 substantiis
1552 3356 1695 3409 exis.-

103 3457 336 3508 timetur.
374 3465 393 3488 “
423 3453 527 3507 Sed
580 3462 635 3505 et
689 3447 889 3520 ambigi
923 3446 1104 3519 nequit
1132 3493 1146 3515 ,
1179 3451 1313 3518 quin
1367 3449 1410 3501 is
1457 3448 1696 3518 Spiritus

104 3543 190 3597 Dei
222 3544 323 3607 sit,
351 3560 511 3612 quem
536 3545 685 3598 exire
714 3541 783 3597 de
818 3542 976 3596 Patre
1001 3540 1301 3597 Salvatoris
1353 3543 1403 3594 iu
1438 3540 1689 3609 Eiange-

110 3637 170 3687 tio
193 3641 352 3688 verba
378 3635 678 3688 declarant.
714 3633 842 3689 Cum
875 3633 1324 3702 uenerit,inquit,
1363 3633 1690 3697 (.ousolator,

107 3744 242 3792 quem
267 3744 363 3800 ego
387 3727 580 3780 mittam
603 3726 744 3780 vobis
777 3723 1034 3794 Spiritum
1058 3725 1289 3778 veritatis
1309 3766 1322 3788 ,
1358 3726 1447 3793 qui
1475 3744 1506 3778 a
1540 3723 1694 3777 Patre

111 3821 378 3889 egreditur,
402 3819 521 3889 ipse
553 3819 908 3873 testimonium
954 3818 1094 3872 dabit
1144 3820 1208 3872 de
1239 3836 1314 3872 me
1363 3817 1557 3888 (Joan.
1595 3833 1684 3883 XV,

109 3910 168 3963 9.6
190 3915 232 3982 ).
257 3912 667 3967 Consolatorem
696 3921 878 3966 autem
905 3911 1213 3965 venientem
1246 3910 1504 3980 Spiritum
1548 3913 1691 3966 Satt-

110 4013 238 4059 ctum
263 4007 418 4079 133
445 4006 603 4069 dicit,
625 4006 694 4058 ab
717 4005 1035 4074 operatione
1060 4005 1111 4059 ei
1145 4021 1341 4060 nomen
1368 4009 1688 4074 imponens:

108 4098 220 4165 quia
248 4116 352 4152 non
385 4101 560 4154 solum
594 4100 910 4151 conmilatur
950 4112 1045 4152 eos
1069 4114 1204 4166 quos
1222 4113 1280 4152 se
1311 4098 1503 4169 dignos
1538 4115 1696 4167 repe-

107 4195 253 4258 rerit,
287 4204 343 4248 et
364 4195 432 4249 ab
464 4194 610 4247 omni
639 4193 853 4247 tristitia
886 4202 938 4246 et
982 4193 1394 4262 perturbatione
1428 4193 1604 4246 reddit
1631 4207 1691 4247 a-

106 4285 306 4342 lienos:
349 4304 541 4341 verum
575 4283 896 4341 incredibile
945 4286 1215 4356 quoddam
1250 4287 1504 4356 gaudium
1531 4302 1581 4341 et
1614 4288 1697 4342 hi-

103 4381 361 4439 laritatem
391 4383 471 4439 eis
502 4381 724 4447 tribuit,
773 4381 1059 4449 intautum,
1110 4395 1164 4435 ut
1220 4383 1388 4450 possit
1433 4383 1552 4452 quis
1585 4385 1694 4440 Deo

99 4477 297 4542 gratias
327 4477 572 4531 referens
597 4517 612 4540 ,
649 4474 791 4545 quod
817 4475 907 4529 tali
939 4474 1155 4545 hospite
1183 4473 1377 4542 dignus
1409 4471 1692 4541 habeatur,

1797 3275 1958 3326 ritum
1988 3272 2229 3326 veritatis
2260 3288 2288 3324 a
2335 3273 2493 3327 Patre
2537 3273 2744 3340 egredi,
2778 3274 3034 3341 loquente
3063 3273 3268 3335 Spiritu
3307 3274 3399 3339 qui

1795 3383 1824 3415 α
1852 3381 1928 3416 me
1948 3363 2226 3434 egreditur.
2259 3363 2392 3418 Cum
2417 3366 2560 3418 enim
2591 3365 2778 3418 dicere
2807 3375 2988 3430 posset
3011 3367 3077 3419 de
3111 3365 3242 3426 Deo,
3277 3365 3394 3419 sive

1796 3457 1860 3508 de
1884 3457 2131 3522 Domino,
2159 3457 2272 3511 sive
2291 3459 2354 3509 de
2379 3458 2776 3526 ttltlttipOlt'tlle,
2806 3458 2937 3512 nillil
2961 3461 3151 3511 horum
3181 3458 3392 3525 tetigit:

1796 3549 1888 3603 sed
1920 3550 2013 3614 ait,
2046 3549 2112 3603 de
2161 3550 2355 3607 l’atrc:
2401 3567 2510 3605 non
2553 3553 2696 3620 quod
2732 3552 2891 3607 Pater
2920 3567 2950 3605 a
2997 3553 3106 3606 Deo
3147 3551 3398 3620 omnipo-

1797 3653 1942 3697 tente
1974 3643 2045 3696 sit
2069 3645 2243 3696 alius:
2277 3644 2400 3712 quia
2448 3644 2550 3698 hec
2580 3646 2761 3698 seeliis
2791 3657 2871 3697 est
2917 3649 3081 3698 etiam
3113 3643 3391 3712 cogitare;

1795 3737 1887 3790 sed
1917 3735 2213 3790 secundum
2241 3734 2265 3771 λι
2300 3740 2686 3806 pr0prielatettt
2710 3749 2762 3790 et
2790 3737 3127 3791 intellectum
3155 3739 3396 3803 parentis

1795 3831 1976 3900 egredi
2007 3831 2074 3882 ab
2097 3845 2163 3883 eo
2189 3827 2391 3883 dicitur
2417 3829 2654 3898 Spiritus
2679 3830 2941 3884 veritatis.
2977 3830 3128 3883 Licet
3150 3844 3291 3882 enim
3324 3845 3391 3886 ex

1799 3925 1909 3977 Deo
1953 3923 2268 3992 frequenter
2312 3940 2371 3977 se
2403 3926 2543 3977 dicat
2589 3927 2770 3979 exisse
2817 3925 3090 3988 Salvator,
3151 3926 3393 3991 proprii--

1797 4026 1958 4069 tatem
1987 4024 2165 4068 tamen
2197 4024 2251 4068 et
2273 4015 2354 4085 (ut
2383 4015 2453 4068 ita
2485 4016 2682 4085 dicam)
2714 4015 3164 4074 familiaritatem,
3189 4011 3258 4066 de
3286 4029 3389 4078 qua

1791 4113 1903 4182 jam
1936 4126 2080 4176 sirpe
2111 4111 2488 4175 tractavimus,
2524 4127 2586 4163 ex
2619 4111 2887 4164 vocabulo
2940 4110 3108 4176 magis
3152 4107 3250 4158 sibi
3293 4105 3394 4159 Pa-

1798 4206 1896 4258 tris
1939 4203 2190 4265 assuniit,
2221 4202 2451 4255 dicens:
2491 4202 2600 4273 Ego
2634 4204 2685 4255 iu
2725 4202 2905 4266 Putre,
2956 4212 3002 4254 et
3037 4200 3196 4253 l'ater
3236 4201 3287 4252 in
3321 4217 3401 4255 me

1796 4297 1979 4368 (Joan.
2010 4311 2119 4360 xw,
2157 4294 2266 4366 10).
2305 4294 2373 4348 Et
2398 4294 2528 4348 alibi
2562 4310 2574 4347 :
2621 4295 2733 4366 Ego
2762 4304 2807 4348 et
2838 4291 2994 4346 Pater
3034 4307 3192 4346 unum
3219 4307 3396 4346 sumus

1801 4393 1981 4462 (Joan.
2017 4408 2074 4456 Χ,
2108 4390 2242 4460 50);
2292 4399 2347 4446 et
2391 4390 2558 4445 multa
2612 4390 2717 4442 alia
2763 4386 2846 4440 bis
2898 4386 3122 4450 similia,
3175 4400 3293 4454 quin
3345 4385 3396 4439 in

1801 4481 2091 4552 Evangelio
2124 4484 2429 4538 observans
2461 4483 2638 4537 lector
2667 4479 2926 4534 inveniet.
2961 4478 3068 4532 Iste
3097 4493 3228 4548 ergo
3273 4476 3400 4547 Spi-

95 4567 314 4622 dicere:
346 4567 548 4619 Dedisti
581 4565 815 4619 lanitium
839 4568 893 4622 in
920 4570 1073 4621 corde
1115 4582 1226 4620 meo
1275 4563 1465 4636 (Psal.
1491 4579 1564 4628 tv,
1597 4563 1687 4633 7).

1806 4577 1934 4632 ritus
1979 4587 2202 4631 sanctus
2234 4578 2322 4645 qui
2356 4577 2424 4630 de
2469 4577 2627 4630 Patre
2667 4571 2968 4642 egreditur.
3003 4573 3400 4640 testiﬁcubitur;

95 4659 442 4730 Sempiteriia
477 4659 674 4730 quippe
698 4660 877 4715 laetitia
912 4660 965 4716 in
1001 4677 1192 4716 eorum
1223 4659 1392 4713 corde
1419 4667 1691 4723 versatur,

163 4802 188 4865 ἒ
215 4793 438 4848 Addunt
474 4791 719 4849 Vatic.et
747 4803 899 4848 vetus
927 4794 1086 4857 edit.,
1107 4804 1155 4847 et
1168 4809 1260 4865 ego
1286 4791 1500 4865 diligam
1525 4789 1698 4865 illum.

159 4863 184 4900 δ
217 4865 270 4920 In
307 4865 530 4936 Regina:
559 4879 685 4936 ms.,
747 4867 930 4918 domus
957 4867 1150 4918 dicitur
1182 4861 1508 4928 Saluatoris;
1554 4861 1704 4914 Citri-

91 4947 196 4990 stus
240 4933 414 4990 autem
463 4951 620 5000 super
649 4933 861 4989 domum
889 4953 1070 5001 suam,
1108 4940 1261 5008 cujus
1293 4936 1476 4988 domus
1523 4949 1703 4988 smnus

89 5024 177 5061 1108
192 5049 208 5062 .
230 5024 336 5062 εις.

163 5049 541 5136 ε’ὃιιῖΐεείιηυε
572 5095 638 5133 ex
665 5076 888 5147 Reginae
919 5092 1022 5131 ms.
1055 5079 1214 5131 verba
1235 5118 1248 5142 ,
1301 5076 1410 5132 Sed
1436 5085 1483 5131 et
1514 5077 1704 5149 ambigi

92 5155 296 5219 nequit,
331 5154 456 5224 quin
479 5159 722 5224 ,_utp_ote
754 5151 1087 5224 perﬁciendo
1134 5149 1312 5224 sensui
1350 5153 1698 5224 necessaria,

93 5227 310 5292 tametsi
342 5219 395 5277 in
437 5220 668 5292 reliquis
717 5237 845 5276 mss.
884 5229 940 5276 et
963 5219 1194 5290 vulgatis
1235 5220 1514 5290 hucusque
1547 5220 1700 5278 libris

89 5291 489 5350 desiderentur.

158 5361 182 5400 ⁶¹
231 5363 517 5420 Vei-iorem
553 5362 1083 5431 concitinioremque
1114 5360 1340 5429 hujusre
1370 5363 1570 5430 periodi
1594 5364 1702 5420 lce-

89 5435 290 5490 tionetn
323 5441 461 5491 hanc
490 5453 622 5491 esse
666 5435 1002 5506 putavimus,
1029 5448 1189 5504 quam
1218 5449 1280 5487 ex
1327 5437 1496 5488 veteri
1527 5437 1700 5506 toties

86 5507 302 5562 laudita
336 5511 599 5572 editione,
633 5505 689 5560 et
732 5505 910 5561 Vatic.
953 5521 1057 5558 ms.
1097 5507 1483 5574 expressimus.
1525 5505 1700 5560 l’enes

83 5577 484 5646 llartiaiizeum,
518 5579 770 5648 aliosque
805 5579 1004 5644 passim
1036 5577 1275 5630 editores
1302 5586 1449 5630 erat:
1479 5574 1539 5630 Si
1563 5577 1699 5628 enim

81 5648 166 5724 hic
197 5649 432 5717 Spiritus
455 5652 687 5724 ueritatis
704 5653 870 5724 juxta
896 5660 1110 5724 naturas
1138 5663 1410 5724 corporum
1433 5658 1702 5724 certo_spa-

87 5723 156 5774 lia
182 5721 610 5795 circumscriptus
633 5718 734 5789 esi,
761 5723 932 5777 'nltum
960 5720 1204 5795 deserens
1222 5722 1411 5783 locum,
1449 5719 1518 5795 ad
1533 5718 1702 5795 alium

89 5797 467 5872 cammigrtwit.
488 5789 609 5854 Nec
639 5795 814 5871 magis
839 5789 1294 5851 reetein'l'holos.
1318 5806 1416 5847 ms.
1445 5810 1456 5846 :
1481 5791 1540 5848 Si
1565 5791 1702 5846 enim

1804 4666 1979 4734 inquit
2030 4667 2318 4732 Dominus,
2361 4669 2422 4720 de
2463 4683 2561 4731 me,
2598 4663 2967 4718 testimonium
3001 4663 3180 4719 simile
3216 4664 3398 4720 ferens

1804 4797 1866 4848 de
1894 4797 2006 4848 loco
2032 4798 2087 4850 in
2129 4798 2301 4850 locum
2337 4799 2617 4859 invenitur,
2652 4808 2698 4849 et
2723 4798 2964 4871 Spiritus
2994 4801 3223 4854 veritatis
3245 4805 3403 4871 juxta

1807 4877 2045 4940 naturam
2090 4883 2388 4940 corpoream
2417 4878 2556 4921 certo
2596 4869 2764 4940 spatio
2803 4869 3254 4940 circumscriptus,
3286 4881 3398 4926 etc.

1809 4935 1863 4991 In
1912 4939 2002 4991 illo
2032 4935 2213 4991 autem
2251 4939 2469 5007 Regina:
2504 4939 2672 5006 priori
2703 4939 2984 4995 obliterata
3035 4935 3272 4996 lectione
3308 4943 3405 4995 ist-

1809 5009 2228 5078 hreeapponitur
2254 5009 2319 5062 ad
2355 5009 2470 5063 libri
2500 5027 2650 5064 uram
2670 5029 2681 5064 :
2701 5011 2762 5065 Si
2783 5013 2914 5065 enim
2943 5015 3136 5068 deloco
3160 5015 3213 5066 in
3233 5015 3404 5068 locum

1807 5080 1942 5134 venit
1984 5079 2480 5158 Spir_itus_veritatis_
2503 5086 2660 5153 juxta
2706 5085 2866 5152 legem
2899 5097 3099 5141 θυίων-(ι’
3126 5103 3401 5158 corporeus

1808 5161 1945 5227 certo
1973 5153 2622 5227 spatio_circumscriptus,
2653 5166 2757 5209 etc.
2802 5159 2972 5221 Quam
3020 5153 3226 5225 nempe
3248 5174 3404 5227 repo-

1805 5222 2013 5350 Euimus
2046 5223 2358 5291 lectionem,
2386 5222 2606 5282 codices
2635 5229 2748 5283 suis
2775 5243 2991 5300 quoque
3011 5222 3246 5285 dissidlis
3277 5222 3402 5300 pio-

1846 5303 1954 5347 ant.

1846 5303 1954 5347 ant.

1882 5377 1903 5401 ί·
1953 5365 2123 5420 Vatie.
2154 5377 2207 5420 et
2235 5367 2484 5434 Tholos.,
2515 5372 2770 5426 excellens
2795 5373 3082 5428 universam
3121 5370 3401 5424 rationabi-

1804 5436 1934 5491 littm
1965 5451 2317 5492 creaturarum
2354 5443 2645 5496 essentiam.

1884 5507 1900 5546 τ
1949 5507 2149 5582 Yitiose
2176 5523 2314 5577 erat,
2349 5529 2464 5580 qua:
2492 5515 2718 5568 diximus
2746 5515 2799 5568 in
2829 5513 3209 5582 corporalibus,
3241 5521 3349 5563 clc.

1882 5590 1905 5627 ε
1949 5580 2169 5655 Regina:
2202 5583 2294 5636 lib.
2329 5585 2454 5655 solre
2498 5585 2662 5655 ﬁdei;
2695 5595 2748 5639 et
2776 5602 2899 5655 mox
2926 5580 2975 5636 ia
3016 5583 3176 5655 Patre
3206 5583 3405 5650 egredi,

1810 5663 1864 5709 ut
1881 5654 2049 5729 illud,
2081 5657 2321 5726 loquente
2345 5654 2570 5727 Spiritu,
2595 5661 2681 5729 qui
2705 5676 2736 5710 α
2763 5654 2920 5710 Patre
2939 5654 3223 5729 egreditur.

1880 5722 1905 5802 ξι
1947 5723 2095 5786 Idem
2130 5722 2248 5781 eum
2272 5722 2444 5802 veteri
2476 5722 2633 5794 editi,
2667 5722 3033 5802 proprietatem
3066 5726 3226 5800 patris
3254 5737 3299 5781 et
3327 5728 3406 5785 iu-

1810 5798 2064 5858 tellectum
2083 5799 2330 5873 parentis,
2362 5811 2467 5858 etc.
