4074 6332
666 288 771 346 127

1924 286 1983 343 S.
2027 288 2302 348 EUSEBH
2342 286 2721 347 HIERONYMI

3886 282 4016 341 128

657 406 708 461 ei
738 404 916 461 Patris
948 404 1285 470 testimonio,
1316 403 1387 460 de
1415 418 1523 475 quo
1567 403 1685 459 ait:
1720 403 2094 460 Testimonium
2134 406 2257 461 dicit
2285 413 2341 473 Α
2363 415 2462 462 tem
2492 417 2750 462 scrutatur
2779 406 2961 471 corda,
2992 408 3087 461 scit
3110 405 3236 474 quid
3267 403 3521 459 desideret
3551 402 3826 471 Spiritus,
3860 420 4022 474 quo-

657 499 722 553 de
750 515 853 565 me,
885 500 974 569 qui
1019 500 1158 553 misit
1199 516 1279 555 me
1326 497 1483 554 Pater
1516 498 1700 569 (Joan.
1729 515 1827 563 xu,
1858 500 1976 568 49).
2010 501 2264 557 Mittente

662 600 844 646 autem
875 591 1017 647 Filio
1052 591 1317 659 Spiritum
1341 590 1610 660 veritatis,
1646 608 1809 662 quem
1840 590 2263 650 Consolatorem

661 686 900 753 vocavit,
946 686 1109 741 simul
1150 688 1315 741 mittit
1350 697 1404 741 et
1445 687 1625 743 Pater.
1672 687 1860 759 Neque
1910 690 2055 745 enim
2104 690 2268 745 Pater

666 781 923 836 mittente
952 780 1090 834 Filio
1120 796 1229 834 non
1269 780 1453 848 mittit,
1489 795 1609 836 cum
1646 782 1835 837 eadem
1868 784 2146 841 voluntate
2170 785 2269 839 Pa-

666 873 766 929 tris
809 883 864 929 et
905 872 1026 928 Filii
1061 872 1305 943 Spiritus
1332 874 1551 929 veniat:
1582 874 1865 931 Salvatore
1904 894 2123 948 quoque
2173 893 2270 948 per

669 965 1000 1037 PrOphetam
1034 966 1296 1036 loquente
1325 982 1340 1022 :
1366 976 1391 1003 ⁸
1419 966 1560 1023 sicut
1589 970 1939 1025 manifestum
1971 986 2094 1027 esse
2118 983 2271 1042 pote-

666 1062 745 1117 rit
774 1062 846 1125 ci,
879 1062 970 1132 qui
1001 1071 1169 1115 totum
1208 1061 1503 1133 perlegerit
1532 1064 1731 1118 locum.
1760 1063 1826 1117 Et
1860 1064 2112 1119 Dominus
2134 1068 2271 1121 misit

675 1172 777 1223 me,
806 1165 854 1209 et
881 1154 1141 1225 Spiritum
1167 1172 1316 1211 suum
1346 1171 1365 1209 :
1394 1155 1671 1226 Siquidem
1712 1174 1821 1212 non
1846 1158 2020 1214 solum
2048 1159 2270 1227 Filium,

674 1249 770 1306 sed
801 1260 853 1304 et
879 1250 1144 1320 Spiritum
1175 1250 1338 1305 tnittit
1368 1250 1537 1305 Deus.
1563 1250 1672 1307 Sed
1704 1261 1757 1307 et
1784 1254 2076 1323 Apostolus
2104 1254 2276 1326 loqui-

679 1351 803 1399 tur:
842 1341 972 1409 Qua:
1000 1359 1137 1397 nunc
1158 1344 1467 1397 annuntiata
1485 1354 1602 1397 sunt
1630 1344 1768 1398 vobis
1799 1362 1889 1412 per
1908 1362 1993 1401 eos
2015 1348 2100 1417 qui
2126 1365 2278 1403 evan-

676 1436 1026 1508 gelizaverunt
1097 1436 1258 1501 vobis,
1324 1436 1528 1507 Spiritu
1574 1448 1755 1492 sancto
1802 1440 1958 1495 misso
2021 1440 2086 1493 de
2137 1443 2279 1497 caelis

677 1528 724 1598 (l
752 1526 895 1582 Petr.
928 1544 964 1595 ι,
1009 1527 1119 1599 12).
1152 1527 1219 1583 Ει
1250 1526 1304 1583 in
1336 1528 1477 1583 libro
1506 1530 1598 1600 qui
1626 1529 1901 1600 Sapientia
1935 1532 2276 1601 inscribitur,

684 1620 752 1673 ab
796 1618 881 1674 his
924 1620 1016 1691 qui
1063 1620 1245 1675 divina
1288 1620 1618 1677 charismata
1657 1625 1938 1679 consecuti
1994 1635 2139 1690 sunt,
2176 1642 2277 1682 vox

682 1712 886 1782 gratias
911 1712 1022 1768 Deo
1046 1713 1325 1782 perferens
1357 1713 1683 1771 destinatur.
1711 1717 1841 1785 Qua:
1866 1728 2038 1773 autem
2064 1720 2115 1773 in
2138 1722 2280 1775 caelis

2364 503 2517 555 modo
2544 501 2650 573 [ΑΙ.
2680 502 2825 574 cum]
2858 504 3139 558 secundum
3162 498 3330 554 Deum
3381 498 3609 573 postulat
3635 516 3734 572 pro
3784 510 4017 555 sanctis

2366 593 2549 667 (Rom.
2575 612 2693 662 vtu,
2726 596 2843 669 26).

2435 689 2525 745 ‘28.
2568 690 2817 746 Salvator
2838 706 3057 763 quoque
3075 690 3506 746 consolationem
3540 704 3566 743 a
3591 705 3699 759 qua
3727 690 4010 760 Spiritus

2366 795 2588 838 sanctus
2616 786 2924 855 paraclctus
2956 793 3300 854 nuncupatus
3325 794 3432 846 est,
3468 791 3737 852 operatur
3770 784 3831 837 in
3870 798 4015 838 cor—

2370 875 2527 929 dibus
2580 891 2768 930 eorum
2810 876 2901 946 qui
2943 891 3007 930 ea
3061 875 3330 944 indigent.
3372 873 3647 944 Seriptttm
3678 881 3769 929 est
3798 873 4011 928 enim:

2373 968 2439 1022 Et
2473 969 2691 1022 Immites
2722 969 2898 1040 p0puli
2932 968 3226 1022 consolatus
3256 977 3335 1021 est
3368 964 3486 1039 (Ps.
3523 980 3636 1019 xvn
3671 974 3728 1019 ct
3773 966 4015 1033 xxx").

2372 1058 2532 1115 Unde
2562 1068 2613 1114 et
2647 1059 2730 1114 his
2760 1061 2850 1130 qui
2896 1060 3000 1115 hoc
3045 1056 3368 1113 beneficium
3415 1056 3591 1111 fuerat
3621 1068 4014 1123 consecutus,

2373 1166 2496 1207 eum
2523 1150 2843 1219 pratdicatts,
2874 1149 3196 1220 loquebitur
3224 1166 3236 1202 :
3266 1148 3507 1215 Domine,
3530 1148 3827 1203 secundum
3855 1146 4015 1202 mul-

2376 1246 2649 1301 titudinem
2688 1246 2923 1300 dolorum
2955 1261 3181 1299 meorum
3221 1245 3275 1298 in
3322 1244 3477 1297 corde
3516 1259 3651 1309 meo,
3687 1255 3709 1282 ε
3741 1243 4012 1298 consola-

2377 1342 2540 1395 tiones
2570 1354 2671 1395 tua:
2713 1340 3099 1409 ltetiﬁcaverunt
3140 1356 3230 1393 cor
3260 1354 3430 1392 meum
3466 1336 3642 1411 (Psal.
3678 1352 3838 1405 scut,
3881 1338 4006 1409 i9);

2379 1437 2515 1504 sive,
2549 1437 2839 1491 dilexerunt
2876 1436 3105 1489 animant
3144 1450 3306 1487 nteant
3329 1449 3347 1487 :
3374 1442 3608 1500 utraque
3638 1432 3791 1487 enim
3820 1434 4012 1503 scrip-

2382 1542 2493 1585 tutu
2522 1545 2643 1586 esse
2666 1528 2772 1601 [ΑΙ.
2802 1527 2991 1599 Abest]
3024 1526 3207 1589 modo,
3229 1528 3282 1580 in
3311 1526 3547 1581 diversis
3576 1525 4005 1595 exemplaribus

2383 1622 2679 1677 invenitur.
2711 1619 2817 1676 Sed
2857 1629 2912 1675 et
2954 1619 3135 1683 Pater,
3173 1619 3316 1673 Deus
3368 1618 3545 1672 omnis
3587 1615 4006 1672 considatinnis

2384 1713 2583 1769 dicitur
2610 1731 2624 1767 :
2653 1712 2943 1768 consolans
2979 1725 3074 1766 eos
3126 1711 3219 1781 qui
3253 1710 3304 1765 in
3351 1709 3710 1764 tribulatione
3741 1719 3903 1773 sunt,
3940 1717 4007 1763 ut

684 1812 825 1868 sunt,
857 1804 971 1873 quis
1014 1804 1374 1875 investigavit?
1411 1806 1724 1861 voluntatem
1754 1818 1927 1863 autent
1986 1819 2129 1864 tuam
2164 1813 2278 1881 quis
2311 1802 2357 1861 Β
2385 1825 2452 1865 ex
2486 1810 2617 1880 ipsis
2650 1808 2915 1877 angustiis
2948 1806 3105 1879 136
3145 1821 3242 1874 per
3265 1804 3581 1873 patientiam
3612 1802 3856 1857 salutem
3889 1802 4007 1873 pri-

685 1897 961 1968 cognorit:
995 1897 1095 1951 nisi
1122 1902 1257 1961 quod
1289 1911 1339 1952 tu
1369 1899 1556 1954 dedisti
1582 1902 1918 1969 sapientiam,
1946 1913 1995 1957 et
2026 1904 2284 1975 Spiritum

684 1997 923 2041 sanctum
952 1999 1097 2043 tuum
1125 1990 1310 2045 misisti
1330 1992 1393 2045 de
1420 1992 1674 2047 excelsis?
1696 1992 1763 2046 Et
1789 1996 1863 2048 sic
1888 2007 2133 2051 correcta:
2162 2009 2287 2053 sunt

687 2082 884 2135 semita:
912 2096 1111 2145 eorum,
1144 2083 1232 2151 qui
1270 2099 1423 2152 super
1447 2092 1635 2138 terram
1663 2095 1851 2140 erant:
1893 2097 1942 2140 et
1968 2088 2160 2159 placita
2196 2090 2287 2143 tibi

685 2174 854 2228 edocti
882 2184 1003 2228 sunt
1032 2174 1261 2230 homines
1293 2176 1454 2245 (Sap.
1490 2192 1566 2242 ιι,
1606 2178 1721 2250 17).
1754 2179 1817 2234 Et
1846 2178 1898 2235 in
1932 2184 2187 2250 prtesenti
2216 2184 2291 2238 si-

686 2265 907 2336 quidem
931 2267 1191 2335 lectione,
1217 2284 1324 2325 non
1356 2269 1473 2323 sola
1500 2270 1768 2340 sapientia
1813 2272 1931 2338 Dei,
1961 2272 2013 2328 id
2043 2286 2147 2341 est,
2173 2276 2291 2331 uni-

687 2356 903 2427 genitus
948 2358 1120 2414 Filius
1162 2359 1281 2431 ejus
1322 2360 1482 2417 datur
1520 2378 1550 2417 a
1598 2362 1782 2433 Patre,
1833 2366 1930 2421 sed
1969 2376 2023 2423 et
2053 2368 2292 2439 Spiritus

691 2462 915 2506 saueius
940 2453 1191 2510 mittitur.

770 2546 926 2619 135
956 2549 1048 2604 27.
1092 2550 1150 2605 lit
1175 2551 1293 2622 ipso
1321 2567 1537 2623 quoque
1568 2554 1862 2626 Evangelio
1882 2557 2001 2613 dari
2029 2558 2295 2629 prmtlica-

692 2650 783 2696 tur
806 2656 837 2695 a
863 2642 1045 2704 Patre.
1080 2656 1133 2699 et
1167 2647 1305 2700 mitti
1348 2648 1579 2714 spiritus
1619 2648 1871 2711 Sanctus,
1907 2650 2189 2705 SalValttt‘e
2217 2652 2297 2705 di-

694 2743 857 2787 cente
887 2751 899 2785 :
934 2734 1001 2788 Et
1036 2752 1129 2807 ego
1166 2738 1361 2809 rogabo
1400 2737 1608 2792 Patrem
1648 2758 1839 2807 meum,
1870 2752 1916 2796 et
1953 2744 2116 2796 alium
2144 2762 2298 2816 para-

695 2823 885 2876 clelum
907 2827 1050 2880 dabit
1070 2830 1231 2895 vobis,
1253 2842 1307 2883 ut
1326 2832 1391 2885 sit
1412 2833 1669 2886 vobiscum
1692 2835 1743 2887 in
1765 2847 2033 2901 aeternum,
2058 2841 2297 2909 spiritum

700 2916 928 2969 veritatis
950 2916 1133 2987 (Joan.
1164 2936 1273 2987 xtv,
1310 2922 1422 2994 16).
1459 2925 1522 2978 lit
1550 2927 1767 2990 iterum.
1798 2926 2102 2985 Paracletus
2128 2946 2300 2987 autent

706 3008 937 3077 Spiritus
981 3023 1211 3079 sanctus,
1241 3032 1391 3082 quem
1424 3018 1585 3074 mittet
1616 3019 1775 3075 Pater
1803 3024 1855 3077 in
1903 3027 2108 3079 nomine
2148 3044 2259 3083 meo
2282 3045 2301 3079 .-

700 3103 790 3157 ille
814 3120 900 3157 vos
922 3106 1124 3161 docebit
1150 3110 1326 3163 omnia
1355 3108 1544 3179 llbid.,
1574 3114 1691 3187 26).
1740 3116 1873 3171 Nam
1904 3128 1956 3173 et
1989 3120 2042 3174 in
2077 3120 2158 3176 his
2188 3137 2302 3177 ser-

2390 1918 2560 1968 mum,
2582 1901 2779 1955 dehinc
2800 1915 3058 1955 coronam
3077 1898 3267 1969 gloria:
3296 1908 3723 1968 consequantur.
3749 1895 4003 1966 Spiritus

2390 1996 2553 2067 igitur
2575 1995 2884 2051 consolator
2914 2002 2968 2049 et
2996 2004 3237 2059 sanetus,
3266 2002 3321 2046 ct
3346 1991 3586 2060 Spiritus
3613 1991 3867 2045 veritatis
3908 1990 4005 2045 da-

2394 2098 2481 2143 tur
2507 2105 2533 2141 a
2566 2088 2753 2152 Patre,
2787 2097 2845 2141 ut
2876 2100 3099 2155 semper
3131 2102 3251 2139 cum
3284 2082 3489 2138 Christi
3534 2082 3823 2152 discipulis
3850 2098 4009 2137 cum-

2393 2191 2657 2247 moretur,
2689 2196 2810 2235 cum
2841 2180 3039 2249 quibus
3080 2188 3134 2233 et
3178 2178 3295 2247 ipse
3336 2177 3587 2233 Salvator
3618 2186 3721 2238 est.
3769 2176 4005 2231 dicens:

2394 2277 2526 2331 Ecce
2564 2277 2699 2331 enim
2739 2275 2996 2329 vobiscum
3038 2290 3151 2327 sum
3198 2288 3359 2335 usque
3400 2271 3470 2323 ad
3500 2271 4005 2325 consummationem

2394 2370 2568 2424 διεσαιὶ
2596 2367 2808 2442 (Matth.
2834 2382 3023 2431 xxvttt,
3052 2364 3171 2435 ‘20).
3202 2362 3337 2419 Cum
3372 2374 3550 2417 autem
3581 2377 3801 2432 semper
3841 2377 4006 2431 apos-

2398 2464 2525 2518 tolis
2554 2474 2609 2518 et
2630 2462 2865 2531 Spiritus
2895 2470 3114 2515 sanctus
3144 2460 3286 2513 adsit
3314 2456 3421 2529 [ΑΙ.
3450 2455 3691 2529 assistat]
3720 2467 3775 2509 «ιι
3799 2456 3999 2524 Filius,

2397 2558 2661 2625 sequitur,
2696 2562 2753 2606 ut
2796 2561 2852 2607 et
2883 2552 3044 2606 Pater
3068 2566 3189 2605 cum
3241 2551 3373 2619 ipsis
3401 2549 3492 2611 sit,
3529 2551 3657 2618 quia
3684 2548 3774 2615 qui
3808 2549 4006 2618 recipit

2398 2648 2626 2712 Filium,
2658 2646 2849 2717 recipit
2872 2658 2925 2700 et
2950 2645 3163 2700 Patrem
3196 2662 3207 2697 :
3239 2656 3293 2699 et
3315 2641 3655 2698 mansionem
3683 2641 3855 2695 Filius
3878 2657 4001 2697 cum

2400 2742 2561 2797 Patre
2606 2743 2731 2797 facit
2764 2740 2905 2811 apud
2937 2754 3054 2801 eos.
3084 2739 3176 2809 qui
3218 2739 3365 2809 digni
3394 2738 3627 2791 adventu
3655 2737 3773 2807 ejus
3805 2739 4009 2793 extite-

2400 2838 2531 2892 rint.
2563 2836 2668 2892 Sed
2700 2846 2756 2891 et
2788 2836 2873 2889 tibi
2898 2834 3135 2905 Spiritus
3164 2843 3381 2888 sanctus
3424 2832 3607 2898 fuerit,
3639 2833 3821 2885 statim
3858 2834 4007 2886 inve-

2404 2930 2551 2983 nitur
2574 2939 2629 2983 et
2658 2927 2847 2983 Filius.
2897 2923 3177 2993 Siquidem
3205 2939 3327 2977 cum
3370 2922 3422 2977 in
3456 2920 3738 2991 prophetis
3766 2920 4002 2989 Spiritus

2402 3027 2621 3074 sanctus
2644 3020 2737 3081 sit,
2768 3018 2969 3072 faciens
2994 3030 3089 3070 eos
3115 3016 3291 3070 futura
3325 3015 3647 3085 praecinere,
3678 3013 3860 3068 etalta
3882 3028 3999 3083 qua:

2405 3112 2742 3183 proiihetalis
2791 3109 3124 3180 operationis
3159 3117 3305 3174 sunt,
3340 3121 3522 3163 sermo
3552 3106 3646 3160 Dt-i
3681 3106 3749 3160 ad
3781 3121 3879 3163 eos
3920 3107 4001 3161 di-

704 3198 981 3267 monihus,
1016 3203 1181 3257 alium
1210 3205 1545 3273 paracletum
1576 3208 1707 3265 dare
1738 3211 1936 3267 dicitur
1969 3212 2149 3280 Pater,
2190 3232 2291 3270 non

2404 3206 2544 3260 citur
2574 3204 2768 3270 factus,
2802 3211 2861 3258 ut
2890 3204 2955 3255 ad
2988 3202 3039 3257 id
3067 3200 3211 3272 quod
3243 3201 3307 3254 ad
3332 3197 3791 3255 ευηδυι·ιυ(1ἰιιριιι
3823 3196 3850 3235 ά
3882 3216 4004 3270 pro-

703 3302 885 3349 autcm
916 3295 1077 3350 alium
1118 3299 1185 3351 ab
1214 3298 1369 3371 [Mss.
1398 3303 1626 3376 absque]
1659 3320 1745 3371 eo,
1773 3306 1863 3375 qui
1889 3322 1917 3361 a
1960 3306 2102 3362 Filio
2132 3310 2300 3364 mitti-

707 3398 796 3442 tur
821 3388 1121 3445 secundum
1156 3392 1289 3447 illud
1324 3408 1336 3445 :
1374 3392 1504 3448 Cum
1540 3408 1707 3450 autem
1738 3401 1927 3453 venerit
1950 3400 2039 3454 ille
2068 3404 2300 3473 parade-

703 3490 805 3548 tus,
858 3497 1005 3552 quem
1049 3486 1247 3539 mittant
1293 3486 1433 3541 vobis
1473 3504 1505 3541 a
1550 3487 1727 3556 Patre,
1780 3492 2023 3559 spiritum
2072 3496 2301 3550 veritatis

705 3573 886 3643 (Joan.
923 3593 1010 3641 xv,
1036 3578 1153 3647 26).
1184 3580 1356 3647 Quem
1382 3582 1549 3637 alium
1593 3586 1926 3652 paracletum
1976 3590 2297 3652 nominavit,

703 3683 811 3723 non
857 3670 1007 3738 juxta
1048 3682 1257 3727 natum
1286 3673 1681 3744 dill‘erentiam,
1716 3677 1811 3733 sed
1861 3680 2199 3748 operationis
2230 3682 2303 3736 di-

703 3762 1041 3818 versitatem.
1076 3761 1207 3819 Cum
1232 3766 1378 3821 enim
1408 3767 1677 3835 Salvator,
1712 3772 2033 3826 mediatoris
2062 3784 2113 3828 et
2143 3776 2300 3843 legati

711 3870 996 3923 perspnam
1039 3855 1255 3922 haheat,
1298 3856 1325 3896 δ
1358 3871 1411 3915 et
1450 3878 1553 3932 qua
1587 3862 1830 3931 pontifex
1855 3863 2183 3931 deprecetur
2206 3882 2303 3936 pro

705 3950 943 4018 peccatis
984 3953 1212 4017 nostris,
1259 3952 1473 4009 salvans
1512 3954 1565 4008 in
1605 3956 2000 4026 sempiternum
2050 3972 2167 4024 eos,
2209 3961 2302 4030 qui

704 4060 803 4116 per
826 4046 1004 4114 ipsum
1034 4059 1385 4104 accesserunt
1409 4049 1474 4103 ad
1503 4050 1690 4117 Deum,
1723 4050 1848 4117 quia
1877 4066 2095 4119 semper
2115 4052 2303 4108 vivens

706 4138 1022 4208 interpellat
1077 4156 1175 4209 pro
1226 4142 1305 4195 eis
1360 4139 1489 4212 [Ms.
1544 4141 1723 4215 nobis]
1768 4142 2019 4209 Patrem;
2067 4143 2303 4213 Spiritus

708 4244 933 4286 saueius
971 4215 1271 4287 secundum
1308 4234 1468 4287 aliam
1512 4235 1928 4304 significandam
1970 4237 2301 4306 paracletus,

705 4324 776 4379 ab
799 4340 866 4380 co
895 4326 1040 4396 quod
1083 4327 1401 4381 consolatur
1432 4328 1486 4381 in
1517 4329 1735 4382 tristitia
1770 4330 2001 4397 positos,
2028 4345 2305 4400 nuncupa-

707 4426 795 4473 tus
820 4428 925 4473 est.
962 4417 1160 4473 Verum
1192 4417 1303 4473 noli
1324 4434 1391 4473 ex
1427 4418 1545 4474 Filii
1569 4430 1623 4474 et
1652 4418 1888 4487 Spit-itus
1917 4423 2089 4477 saneti
2112 4438 2304 4492 cpera-

704 4512 855 4565 tione
878 4512 1116 4576 diversa,
1149 4514 1328 4567 varias
1348 4514 1627 4569 aestimare
1658 4526 1905 4569 naturas.
1936 4515 2216 4586 Siquidem
2249 4517 2299 4571 itt

2403 3299 2686 3369 phetarum
2716 3308 2822 3361 est,
2861 3296 2987 3351 lla'c
3008 3295 3132 3349 dicit
3158 3293 3435 3355 Dominus.
3469 3292 3632 3347 etiam
3676 3292 3810 3347 illud
3840 3294 4004 3348 adda-

2405 3403 2512 3457 tur,
2544 3390 2727 3446 Sermo
2752 3390 2839 3461 qui
2869 3392 3037 3459 [actus
3063 3398 3136 3440 est
3166 3387 3235 3439 ad
3258 3384 3477 3448 Isaiam,
3507 3386 3623 3439 sive
3647 3384 3712 3438 ad
3740 3385 3999 3456 reliquos.

2473 3482 2563 3537 9.9.
2608 3481 2762 3550 Quod
2794 3492 2975 3535 autem
3009 3479 3291 3549 pr0plteta:
3315 3478 3579 3546 Spiritum
3618 3488 3866 3532 sanctum
3910 3481 4003 3532 lia—

2404 3577 2647 3640 huerint,
2696 3575 2803 3629 Deo
2845 3572 3136 3628 manifeste
3178 3572 3435 3642 loquente
3466 3573 3868 3640 cognoscimus.
3914 3572 4002 3625 Ait

2404 3671 2550 3725 enim
2580 3688 2591 3721 :
2623 3669 2966 3737 Qum-umque
2988 3668 3229 3721 mandavi
3256 3668 3306 3718 in
3332 3665 3534 3735 Spiritu
3566 3682 3679 3718 meo
3700 3667 3857 3719 servis
3874 3666 4000 3719 meis

2405 3761 2668 3835 prophetis
2702 3760 2878 3831 (Amos
2904 3803 2916 3820 .
2943 3776 3019 3828 ιιι,
3049 3760 3126 3828 7).
3157 3759 3222 3812 lit
3251 3756 3505 3813 Salvmor
3529 3759 3579 3810 itt
3614 3757 3906 3828 Evangelia
3931 3760 4001 3811 si-

2404 3858 2628 3928 gniticat
2652 3858 2830 3927 jttstos
2856 3858 3024 3921 viros,
3050 3867 3103 3909 et
3126 3872 3221 3911 eos
3253 3856 3341 3921 qui
3376 3867 3503 3910 ante
3524 3854 3817 3909 adventum
3845 3871 3998 3910 suum

2407 3952 2609 4021 populo
2640 3960 2865 4005 ventura
2897 3952 3211 4005 cecinerant
3242 3948 3386 4016 [Vat.
3423 3946 3832 4021 praecinerant].
3879 3948 4001 4019 Spi-

2406 4048 2545 4102 ritus
2612 4046 2785 4101 sancti
2852 4046 3185 4116 aspiratione
3256 4042 3580 4111 eoutplems.
3661 4042 4003 4112 Interrogans

2407 4141 2610 4213 quippe
2656 4139 2964 4193 Pliarismns
2990 4138 3120 4210 quid
3161 4138 3239 4192 eis
3268 4137 3337 4191 de
3363 4136 3584 4191 Christo
3616 4136 3917 4201 videretur,
3952 4146 4004 4191 ct

2407 4235 2639 4290 audiens
2666 4233 2794 4303 quia
2820 4241 2967 4289 esset
2995 4243 3018 4270 ε
3049 4233 3194 4287 ﬁlius
3228 4231 3421 4295 David,
3442 4229 3713 4298 loquitur:
3741 4228 4005 4296 Quomodo

2407 4327 2579 4382 David
2608 4329 2660 4381 in
2692 4327 2897 4393 Spiritu
2943 4336 3088 4379 vocat
3118 4341 3234 4379 eum
3265 4322 3543 4377 Dominum
3571 4322 3757 4377 dicens
3792 4339 3805 4374 :
3854 4320 4003 4376 Dixit

2408 4420 2667 4477 Dominus
2696 4420 2920 4475 Domino
2967 4434 3097 4483 meo,
3130 4418 3249 4471 sede
3288 4434 3319 4469 a
3360 4416 3552 4469 dextris
3591 4412 3759 4467 meis?
3792 4412 3856 4467 Si
3885 4431 4001 4485 ergo

2413 4518 2578 4573 David
2610 4530 2883 4573 vocateum
2903 4517 2957 4569 in
2986 4513 3188 4583 Spiritu
3217 4522 3396 4567 sancto
3418 4511 3721 4575 Dontiuum,
3750 4512 4001 4581 quomodo

705 4604 814 4660 alio
840 4605 963 4660 loco
994 4609 1267 4675 reperitur
1295 4606 1602 4678 paracletus
1631 4606 1889 4677 Spiritus,
1922 4581 2082 4679 legati
2112 4609 2177 4663 ad
2206 4609 2303 4665 Pa-
2332 4581 2383 4642 D
2412 4610 2583 4665 Filius
2614 4614 2727 4683 ejus
2754 4618 2829 4665 est
2873 4581 3089 4681 (Matth.
3134 4623 3273 4668 χιιι,
3308 4605 3427 4674 45)ἳ
3458 4607 3522 4659 Et
3548 4605 3745 4659 Petrus
3777 4606 3843 4659 ad
3872 4621 3999 4660 con-

705 4705 846 4753 trem
881 4714 1110 4769 persona
1157 4700 1328 4771 fungi,
1358 4712 1413 4754 ut
1458 4703 1509 4754 in
1557 4702 1691 4755 illo:
1729 4701 1868 4766 Quid
1910 4719 2044 4755 enim
2094 4719 2301 4758 oremus

696 4795 855 4866 juxta
900 4792 953 4846 id
994 4794 1133 4864 quod
1160 4802 1377 4865 oportet,
1410 4796 1685 4857 nescimus,
1712 4795 1803 4848 sed
1830 4796 1943 4863 ipse
1971 4794 2200 4866 Spiritus
2222 4797 2302 4850 in-

704 4886 945 4958 terpellat
983 4903 1077 4958 pro
1116 4887 1261 4942 nobis
1291 4888 1562 4959 gemitibus
1588 4888 2046 4943 inenarrabilibus.
2078 4887 2181 4955 Qui
2208 4906 2305 4943 au-

776 5040 813 5101 ιιγ
842 5029 1033 5101 lsthrec
1059 5031 1189 5082 sicut
1220 5032 1550 5093 manifestum
1578 5048 1685 5085 esse
1708 5033 1898 5101 poterit
1928 5034 1996 5090 ei.
2028 5032 2121 5096 qui
2142 5042 2301 5086 totum

703 5100 973 5170 perlegerit
1016 5100 1209 5160 locum,
1253 5104 1304 5152 in
1344 5101 1534 5170 Regin.
1578 5119 1678 5154 ms.
1710 5100 2129 5158 desiderantur.
2179 5104 2299 5159 Mox

705 5184 770 5242 ex
796 5169 966 5242 Vat_ic_.
997 5181 1050 5242 et
1076 5172 1241 5223 veteri
1270 5170 1403 5223 edit.
1437 5169 1669 5225 t'uStittto
1693 5176 2120 5242 spiritumsuunz;
2147 5178 2300 5240 cujus

705 5240 827 5319 lucu
849 5239 1129 5319 ohtiuehat
1155 5243 1207 5294 iit
1237 5249 1386 5295 recto
1408 5252 1597 5296 coatra
1628 5239 1879 5300 Auctoris
1905 5258 2144 5302 mentem
2176 5239 2300 5319 Spi-

704 5314 837 5368 ritus
866 5314 1003 5383 ejus.

778 5383 806 5423 δ
848 5382 973 5439 Erat
1005 5393 1253 5456 anteaea:
1289 5399 1412 5456 qua,
1448 5382 1584 5456 Reg.
1612 5399 1739 5456 ms.,
1773 5394 1822 5438 et
1848 5388 2016 5449 quasi.
2045 5387 2295 5456 Tholos.,

704 5458 759 5512 in
787 5474 909 5527 qua.
945 5456 1061 5511 Vid.
1091 5454 1259 5522 Epist.
1286 5455 1374 5511 61.
1405 5456 1471 5508 ad
1499 5453 1730 5527 Fabiol..
1762 5471 1913 5510 num.
1945 5458 2030 5511 19.
2051 5453 2299 5517 Entendo

703 5530 907 5614 pariter
947 5529 1462 5614 interpunctiouem,
1492 5526 1646 5597 cujus
1672 5527 1803 5581 vitio
1831 5529 2014 5583 nullus
2039 5541 2157 5586 erat
2198 5533 2298 5589 hu—

700 5600 854 5671 juSCe
886 5600 1093 5673 periodi
1120 5614 1335 5655 sensus.

781 5682 802 5709 ο
844 5671 1094 5738 Τὶιυιοεη
1122 5675 1173 5727 in
1201 5675 1357 5728 corde
1389 5689 1520 5736 meo,
1543 5671 1927 5727 exhortationes
1949 5683 2051 5727 tua:
2078 5676 2298 5731 delecta-

702 5748 1124 5798 veruntanimam
1145 5763 1329 5800 meam.
1361 5745 1425 5800 Et
1450 5746 1621 5805 aliter,
1643 5745 2159 5811 consolationestute,
2187 5759 2292 5803 etc.

707 5811 991 5870 Glossema
1012 5830 1080 5870 ex
1102 5815 1420 5875 criticOrum
1450 5816 1695 5875 audacia.
1726 5812 1999 5874 Lectionis
2022 5830 2184 5889 quam
2214 5816 2296 5875 Di-

2409 4715 2592 4759 sortes
2625 4703 2748 4756 fidei
2783 4702 3059 4771 loquitur:
3096 4698 3378 4765 Oportebat
3406 4699 3609 4763 impleri
3645 4698 3995 4765 Scripturam,

2409 4816 2565 4869 quam
2594 4797 2833 4867 pt'wdixit
2865 4794 3096 4865 Spiritus
3125 4802 3330 4847 sanctus
3361 4809 3451 4861 per
3478 4809 3533 4846 os
3552 4789 3719 4844 David
3749 4790 3815 4843 de
3840 4791 3999 4855 Iuda,

2412 4901 2521 4947 etc.
2550 4890 2688 4963 (Act.
2720 4905 2759 4955 ι,
2794 4888 2903 4961 16).
2945 4887 3011 4943 Ει
3042 4888 3095 4943 in
3129 4886 3322 4943 eodem
3348 4900 3536 4941 rursus
3567 4885 3705 4940 libro
3737 4900 3749 4938 :
3786 4884 3887 4951 Qui
3913 4900 4003 4956 per

2405 5035 2597 5107 dymus
2626 5043 2780 5105 urget
2823 5034 3109 5107 diversitas
3149 5034 3201 5087 iu
3231 5032 3414 5107 verl_tis
3444 5041 3548 5107 est,
3565 5031 3997 5107 Δζιιτιὶνίεςιιξενυρπ,

2406 5102 2461 5160 et
2491 5102 2800 5161 dilexerunt.
2831 5105 2911 5160 Re
2941 5117 3121 5159 autem
3167 5120 3292 5160 vera
3322 5103 3497 5158 Cra-ci
3531 5104 3736 5171 aliquot
3765 5102 3880 5157 llilrl
3910 5103 4003 5156 ha-

2405 5177 2533 5232 bent
2564 5180 2868 5252 n‘ydttnq'otv,
2905 5178 3219 5243 dilexerunt,
3264 5176 3354 5230 alti
3389 5172 3656 5252 εὖφραναν,
3705 5174 3999 5244 (tati/icave-

2405 5259 2549 5309 runt,
2583 5259 2638 5302 ut
2672 5250 2724 5303 iu
2758 5250 2985 5303 Latinis.

2476 5317 2501 5356 ἀ
2524 5319 2733 5376 Vitiuse
2759 5330 2879 5376 erat
2906 5329 3066 5375 antea
3094 5318 3146 5374 in
3177 5317 3383 5389 aliquot
3409 5317 3571 5373 etiam
3602 5331 3758 5385 mss.,
3781 5318 4003 5389 prophe‘

2405 5400 2567 5445 latum
2598 5401 2689 5447 est.

2484 5474 2506 5501 θ
2550 5464 2766 5521 Rectius
2792 5473 2949 5519 vetus
2976 5462 3168 5524 editio,
3199 5462 3485 5533 quia_esset
3528 5460 3669 5533 ﬁlius
3723 5459 3904 5523 David,
3949 5462 4001 5515 in

2408 5538 2611 5606 Spiritu
2641 5547 2818 5591 sancto
2848 5536 3124 5603 loquentis,
3157 5530 3286 5586 dia‘it
3321 5530 3572 5606 Dominus
3620 5531 3997 5606 Domino_meo,

2404 5602 2523 5665 sede
2558 5628 2590 5665 a
2617 5610 2811 5663 dextris
2852 5609 2999 5671 nteit,
3026 5608 3194 5659 denuo
3225 5604 3574 5670 interrogavit.
3610 5603 3668 5658 St
3692 5620 3813 5670 ergo
3838 5602 4000 5658 David

2405 5692 2550 5735 vocat
2581 5697 2718 5746 eum,
2736 5690 2842 5736 etc.
2872 5678 3047 5734 Aliter
3070 5672 3785 5749 Titulus,qttia_csset_/ilius
3811 5673 3996 5749 Dauid,

2404 5753 2555 5815 dixit,
2590 5740 2755 5805 David
2784 5751 2916 5805 enim
2948 5750 3174 5818 loquitur
3196 5744 3261 5801 de
3296 5740 3420 5809 Deo,
3446 5740 3591 5803 Dixit
3611 5740 3864 5805 Dominus
3889 5740 3997 5805 Do-

2404 5822 2541 5877 iuino
2570 5826 2697 5888 meo,
2733 5830 2837 5877 etc.
