4056 6296
11 1930 21 1959 l

52 122 67 399 δ

133 271 204 329 ηθ

825 261 1383 325 ΙΝΤΕΒΡΒΕΤΛΤΙΟ
1420 259 1608 320 LIBRI
1645 256 1720 318 Dii

1821 259 1881 318 ιιι
1922 257 2012 318 DE
2051 258 2321 320 SPlRlTU
2361 257 2653 319 SANCTO.

3296 259 3403 329 130

137 389 368 460 Spiritum,
404 385 609 458 inquit,
635 395 868 441 sanctum
900 402 987 440 ore
1010 383 1365 455 Davidpiteri
1392 383 1467 435 tui
1496 381 1694 434 locutus
1720 384 1770 443 Α
1801 382 1994 444 Patris.
2027 382 2122 438 sed
2153 382 2302 438 verbi
2330 383 2526 453 gratia.
2557 382 2607 434 in
2634 379 2872 438 Domini.
2904 386 2957 433 et
2991 377 3109 437 Dei.
3141 385 3195 431 et
3223 380 3397 433 omni-

133 499 199 537 es:
235 482 395 546 Quare
431 485 757 551 fremuerunt
793 494 986 549 gentes,
1020 488 1066 531 et
1094 477 1273 546 populi
1311 474 1542 529 meditati
1571 483 1691 527 sunt

132 577 273 628 inania
296 577 437 641 (Act.
471 590 545 637 iv,
577 572 699 632 ‘25)?
732 572 900 626 Isaias
921 584 1135 639 quoque
1164 583 1284 623 cum
1316 581 1568 622 sermone
1597 564 1695 620 Dei

42 670 58 741 ς
130 668 357 736 impulsus
397 666 466 720 ad
502 662 940 734 prophetandum
990 660 1209 726 luisset,
1244 659 1478 729 Spiritus
1520 656 1697 711 sancti

40 744 58 819 ί
132 759 386 829 ‘imperio
432 760 793 827 preplietasse
836 752 1194 825 perhibetur:
1228 762 1284 806 ut
1315 752 1365 805 in
1406 749 1560 821 137
1589 748 1698 803 line

25 866 43 1265 Ι

127 853 412 910 earumdem
445 858 679 907 Actuum
718 850 996 907 scribitur.
1041 846 1180 902 Bene
1211 846 1441 917 Spiritus
1486 856 1699 899 sanctus

127 950 303 1003 locutus
342 960 417 1002 est
453 964 545 1014 per
586 945 780 1001 Isaiam
828 945 1136 1012 prophetam
1162 942 1232 996 ad
1278 952 1446 1011 patres
1482 949 1695 1004 uestros,

125 1042 291 1097 dicens
317 1059 331 1093 :
366 1040 512 1094 Vade
540 1040 607 1093 ad
638 1040 883 1108 papulunt
908 1038 1088 1101 istum,
1125 1046 1173 1089 et
1200 1036 1322 1088 dic:
1352 1036 1489 1088 Aure
1516 1033 1703 1087 audie-

126 1136 197 1200 tis,
228 1144 279 1188 et
299 1134 502 1203 reliqua
531 1133 667 1205 (Act.
698 1146 886 1197 xxvrtt,
920 1130 1040 1199 25).
1087 1129 1236 1183 Hauc
1269 1128 1430 1198 igitur
1467 1126 1701 1196 prophe-

124 1228 235 1281 tiam
254 1241 408 1295 quam
422 1224 715 1293 Apostolus
746 1223 951 1277 Paulus
972 1220 1207 1275 afﬁrmat
1229 1235 1258 1273 a
1274 1219 1485 1289 Spiritu
1510 1226 1700 1273 sancto

27 1338 30 1347 ο
121 1319 529 1391 pronuntiatam,
559 1319 675 1388 ipse
704 1317 841 1372 liber
871 1317 1153 1385 prophetae
1175 1329 1203 1366 a
1237 1312 1471 1367 Domino
1496 1311 1698 1366 dictam

117 1428 229 1469 esse
267 1421 671 1469 commemorat.
714 1408 783 1462 Et
825 1408 1019 1470 audivi,
1072 1406 1245 1476 inquit
1292 1404 1482 1467 Isaias,
1529 1418 1700 1457 vocem

114 1503 335 1568 Domini,
363 1504 605 1557 dicentem
632 1519 650 1555 :
682 1502 843 1567 Quem
862 1501 1087 1563 mittam,
1116 1507 1162 1551 et
1185 1500 1299 1567 quis
1321 1497 1417 1550 ibit
1444 1495 1513 1547 ad
1535 1510 1703 1563 papu-

114 1600 213 1652 Iurn
242 1598 435 1651 istum?
462 1596 530 1650 Et
554 1597 663 1651 dixi
689 1612 709 1649 :
751 1594 886 1649 Ecce
931 1609 1044 1665 ego,
1093 1592 1237 1646 mitte
1264 1607 1363 1647 me.
1410 1589 1571 1653 Vade,
1616 1592 1700 1643 in-

111 1694 223 1761 quit
250 1733 264 1750 .
298 1701 342 1745 et
369 1691 447 1744 dic
490 1690 681 1761 papula
714 1689 876 1742 huic:
926 1686 1064 1740 Aure
1090 1684 1316 1738 audietis
1348 1680 1482 1753 (lsa.
1513 1696 1585 1745 vr,
1616 1680 1697 1753 9).

1800 475 2055 543 potentis.
2102 474 2256 540 Quod
2316 474 2659 529 manifcsmio
2694 474 2986 526 advertere
3037 472 3239 539 poteris
3270 486 3394 538 pro-

1798 566 1988 632 phetas
2033 565 2285 634 reb-gens
2315 581 2381 619 ex
2427 565 2631 618 animo.
2664 563 2795 617 Nam
2826 573 2881 616 et
2923 563 3139 634 Moyses
3172 577 3400 633 magnus

1798 654 1893 709 Dei
1928 656 2179 709 minister
2206 666 2259 709 et
2283 655 2539 719 famulus.
2573 657 2625 710 in
2651 655 2871 711 nomine
2891 657 3033 723 ejus.
3061 654 3153 723 qui
3181 665 3267 709 est
3293 672 3305 707 :
3338 662 3396 710 et

1799 748 1853 802 in
1879 748 2102 803 nomine
2128 748 2222 803 Dei
2247 749 2522 805 Abraham
2551 758 2607 805 et
2624 748 2796 815 Isaac,
2821 757 2876 803 et
2896 747 3066 803 δωροῦ
3086 749 3254 810 venit,
3284 747 3397 801 Deo

1799 839 1867 893 ad
1894 855 2018 894 eum
2056 839 2347 906 loquente:
2383 840 2476 895 Sic
2490 841 2629 895 dices
2658 841 2786 908 ﬁliis
2821 839 3006 899 lsrael.
3030 842 3117 908 qui
3136 847 3233 901 est,
3258 839 3397 892 misit

1800 934 1965 987 mead
1992 950 2076 987 ros
2108 934 2303 1004 (Exod.
2332 950 2411 997 ut,
2449 933 2561 1003 la).
2593 933 2662 988 Et
2690 949 2906 997 rursus,
2942 934 3094 987 Dices
3120 934 3213 996 eis,
3252 930 3396 985 Deus

1800 1026 2081 1087 Abraham,
2116 1025 2288 1089 Isaac,
2321 1037 2367 1079 et
2404 1024 2571 1081 Jacob
2597 1028 2737 1081 irrisit
2768 1044 2848 1080 me
2872 1028 2940 1079 ad
2960 1042 3067 1080 vos.
3098 1026 3393 1082 Serrorum

1801 1122 2000 1189 quippe
2026 1121 2293 1190 justorum
2315 1121 2507 1191 quales
2536 1129 2698 1175 erant
2719 1119 2787 1173 de
2814 1120 3010 1187 quibus
3038 1118 3208 1173 dixit:
3238 1116 3394 1172 blan-

1802 1215 1934 1269 dabo
1963 1216 2016 1268 in
2049 1214 2252 1286 Spiritu
2285 1230 2396 1268 meo
2415 1217 2572 1269 servis
2595 1215 2718 1269 meis
2740 1214 3001 1285 prophetis
3024 1211 3210 1281 (Zach.
3246 1227 3285 1277 t,
3310 1211 3392 1283 6),

1804 1308 1856 1361 in
1891 1307 2112 1361 nomine
2138 1306 2235 1360 Dei
2264 1305 2402 1361 facta
2432 1318 2517 1362 est
2560 1307 2768 1361 missio.
2800 1304 2869 1360 Et
2898 1308 3021 1375 quia
3069 1303 3241 1377 [Ἐστι.
3283 1304 3399 1379 qui]

1801 1399 1999 1469 dignos
2040 1413 2101 1452 se
2128 1398 2491 1454 cxlribuerunt
2522 1399 2654 1465 Deo,
2702 1400 2755 1453 in
2787 1399 3006 1453 nomine
3061 1399 3154 1453 ltei
3186 1400 3402 1455 venisse

1801 1490 2137 1548 referuntur.
2189 1491 2399 1546 Rursus
2450 1492 2799 1561 proﬁcientes
2842 1494 2894 1547 in
2935 1494 3134 1562 majus,
3190 1504 3244 1550 et
3296 1494 3400 1550 sub

1803 1583 1962 1638 unius
1990 1582 2085 1637 Dei
2115 1583 2348 1652 imperio
2379 1583 2769 1647 consistentes.
2806 1585 2856 1638 iii
2882 1585 3277 1652 omnipotentis
3303 1584 3401 1642 Dei

1807 1680 2208 1745 nuncupatione
2239 1689 2525 1734 venerunt.
2559 1679 2694 1748 Quia
2728 1694 2859 1734 vero
2892 1680 2982 1733 lilii
3026 1680 3190 1736 Israel
3225 1681 3278 1735 iii
3308 1680 3406 1736 ᾸΞ-

109 1785 173 1840 Ει
202 1795 325 1856 post
352 1784 450 1838 alia
476 1784 589 1852 ipse
620 1781 885 1836 Dominus
914 1780 1018 1833 ait:
1053 1776 1121 1830 Et
1138 1786 1516 1839 convertentur,
1546 1785 1590 1828 et
1612 1791 1700 1856 sa-
1733 1783 1779 1843 Β
1804 1778 1970 1841 gypto
1997 1782 2423 1837 commorantes,
2456 1771 2766 1827 didicerunt
2810 1788 2926 1838 eos,
2958 1773 3051 1840 qui
3092 1788 3198 1828 non
3244 1781 3397 1842 sunt,

110 1852 237 1931 nubo
263 1876 397 1930 illos.
445 1876 510 1930 Et
538 1874 723 1928 statim
753 1871 1016 1941 propheta
1050 1884 1061 1920 :
1097 1868 1399 1937 Quousque,
1434 1852 1695 1919 Domine?

107 1987 224 2027 cum
251 1972 397 2027 enim
442 1972 705 2026 Dominus
746 1967 814 2021 ad
862 1964 1191 2033 Prophetam
1234 1960 1486 2023 dixisset,
1530 1967 1588 2011 ut
1637 1971 1701 2011 ea

106 2082 219 2135 qua:
246 2066 450 2135 scripta
481 2063 509 2102 ι)
539 2071 688 2121 sunt,
718 2060 949 2117 diceret,
982 2066 1037 2109 et
1057 2052 1331 2121 PrOpbeta
1359 2050 1568 2119 jubenti
1594 2048 1704 2102 Do-

108 2158 244 2213 mino
296 2155 704 2225 respondisset,
752 2149 1051 2217 Usquequo,
1085 2142 1347 2197 Domine?
1377 2156 1441 2197 ea
1486 2155 1605 2208 qua:
1652 2139 1706 2193 in

6 2233 9 2297 δ
108 2248 381 2319 Propheta
438 2261 468 2299 a
520 2244 747 2298 Domino
778 2241 922 2294 dicta
973 2245 1120 2300 sunt,
1173 2236 1228 2288 in
1269 2233 1472 2303 Spiritu
1521 2240 1712 2286 sancto

110 2348 538 2398 commanorata
562 2337 760 2392 Paulus
781 2333 1036 2388 allirniat.
1066 2328 1144 2385 Ex
1168 2342 1278 2398 quo
1302 2328 1505 2395 liquido
1530 2334 1712 2380 osten-

112 2438 271 2501 ditur,
306 2441 357 2488 nt
397 2447 545 2501 saepe
570 2431 686 2500 jam
718 2428 976 2488 diximus,
1006 2438 1168 2478 unam
1196 2430 1251 2476 et
1280 2419 1617 2474 voluntatem
1659 2426 1716 2473 et

112 2542 355 2583 naturam
387 2523 600 2579 Domini
623 2535 767 2585 esse,
814 2526 871 2573 et
903 2517 1141 2585 Spiritus
1169 2512 1371 2576 sancti,
1397 2520 1453 2566 et
1482 2511 1534 2565 iii
1570 2526 1713 2563 nun-

112 2622 395 2691 cupatione
446 2616 689 2684 Spiritus
729 2612 896 2669 etiam
941 2624 1141 2665 nomen
1192 2605 1408 2662 Domini
1459 2603 1712 2674 intelligi,

113 2713 392 2784 Quomodo
423 2712 568 2766 enim
602 2708 667 2762 ad
697 2704 1011 2763 Corinthios
1037 2700 1368 2759 vocabulum
1414 2699 1506 2754 Dei
1544 2714 1713 2769 super

115 2809 273 2865 Patre
315 2806 576 2875 positum,
605 2810 663 2857 et
707 2799 917 2855 Domini
964 2812 1131 2866 super
1166 2794 1325 2857 Filio,
1357 2807 1531 2862 neque
1565 2791 1712 2846 Patri

116 2904 290 2959 aufert
337 2899 799 2960 dominationem,
848 2908 1026 2963 neque
1078 2889 1189 2944 lilio
1228 2888 1487 2942 deitatem
1524 2903 1537 2938 :
1574 2896 1594 2921 σ
1638 2885 1712 2939 si-

118 3000 331 3070 quidem
371 2995 562 3051 eadem
617 2991 831 3047 ratione
860 3004 964 3057 qua
1012 2985 1171 3039 Pater
1203 2981 1465 3037 Dominus
1496 2986 1600 3041 cst.
1658 2988 1713 3033 et

118 3091 283 3145 Filius
310 3090 452 3142 Deus
472 3094 575 3150 est,
611 3084 690 3138 sic
710 3091 766 3135 et
788 3080 1026 3149 Spiritus
1048 3082 1267 3131 sanctus
1288 3072 1550 3127 Dominus
1573 3085 1712 3124 nun-

1806 1863 1957 1931 quasi
1984 1862 2117 1918 deos
2144 1864 2351 1929 colere,
2386 1873 2443 1918 ct
2479 1864 2666 1919 mundi
2694 1862 2721 1901 ἀ
2762 1875 2944 1933 patres
2970 1865 3157 1921 divino
3189 1866 3401 1923 honore

1803 1956 2051 2010 venerari
2081 1974 2094 2009 :
2126 1971 2473 2025 consequens
2505 1958 2631 2021 fuit,
2681 1967 2738 2011 ut
2764 1956 2978 2029 Moyses
3009 1960 3113 2013 sub
3142 1959 3284 2030 ejus,
3316 1961 3404 2029 qui

1807 2054 1901 2110 est,
1934 2047 2197 2101 vocabulo
2224 2050 2289 2102 ad
2317 2062 2416 2103 eos
2444 2048 2782 2114 mitteretur,
2818 2059 2876 2105 et
2899 2066 2928 2105 a
2958 2051 3109 2105 falsis
3136 2067 3235 2107 eos
3270 2053 3408 2109 libe-

1809 2150 1937 2189 rans
1988 2136 2113 2201 diis,
2164 2138 2229 2192 ad
2277 2154 2461 2192 veram
2504 2140 2882 2196 transduceret
2910 2141 3190 2207 deitatem,
3245 2152 3301 2197 et
3339 2143 3407 2199 ad

1814 2227 2102 2281 Dominum
2129 2239 2341 2296 patrum
2365 2229 2668 2295 Abraham,
2696 2230 2871 2296 Isaac,
2903 2242 2958 2287 et
2986 2232 3176 2289 Jac-ob.

1885 2322 1973 2376 3i.
2001 2321 2286 2389 Quomodo
2336 2339 2469 2393 ergo
2517 2327 2661 2381 servi
2690 2328 2781 2397 qui
2832 2328 2884 2382 in
2935 2332 3153 2386 nomine
3194 2331 3405 2391 Domini

1814 2415 2063 2479 veniunt,
2092 2430 2188 2482 per
2219 2416 2319 2470 hoc
2370 2416 2544 2486 ipsum
2590 2421 2732 2489 quod
2766 2420 2999 2491 subjecti
3035 2433 3184 2491 sunt,
3215 2435 3271 2480 et
3297 2441 3416 2481 ser-

1815 2504 1992 2569 viunt,
2015 2505 2256 2561 indicant
2284 2508 2592 2575 Dominum,
2618 2510 3005 2580 pr0prietatem
3034 2518 3150 2584 ejus
3172 2517 3415 2573 referen-

1817 2605 1937 2651 tes:
1991 2599 2136 2653 servi
2182 2602 2383 2670 quippe
2414 2614 2543 2657 sunt
2571 2604 2784 2659 Domini
2822 2624 2836 2659 :
2889 2606 2966 2662 sic
2994 2617 3050 2663 et
3102 2607 3275 2665 Filius
3322 2611 3414 2681 qui

1815 2689 1960 2743 venit
1989 2690 2041 2743 in
2075 2692 2294 2746 nomine
2330 2693 2529 2759 Patris,
2579 2698 2969 2765 praprietatem
3018 2699 3196 2757 Patris
3233 2711 3417 2773 portat

1814 2790 1863 2836 et
1893 2782 2112 2844 nomen.
2153 2795 2208 2839 et
2238 2800 2333 2854 per
2367 2786 2484 2843 haec
2532 2790 2845 2861 unigenitus
2874 2792 2968 2848 Dei
2999 2793 3169 2849 Filius
3213 2811 3411 2866 appro-

1814 2872 1975 2928 batur
2027 2873 2134 2946 [ΑΙ.
2169 2878 2518 2951 appellatus].
2564 2880 2701 2949 Quia
2729 2898 2857 2953 ergo
2903 2885 3139 2954 Spiritus
3177 2887 3408 2946 Sanctus

1815 2964 1866 3018 in
1899 2970 2118 3022 nomine
2172 2967 2289 3023 l-‘ilii
2318 2986 2345 3023 a
2377 2970 2535 3026 Patre
2582 2974 2833 3041 tuittitur,
2868 2975 3077 3033 habens
3126 2977 3248 3035 Filii
3281 2995 3411 3051 pro-

1814 3060 2122 3125 prietatem,
2178 3061 2479 3116 secundum
2527 3064 2671 3133 quod
2723 3066 2866 3121 Deus
2917 3078 3020 3136 est,
3077 3085 3183 3125 non
3226 3080 3409 3131 tamen

119 3191 367 3251 cupatur.
398 3178 455 3235 Si
484 3146 664 3231 autem
698 3146 982 3236 Dominus,
1011 3172 1417 3236 consequenter
1436 3172 1493 3216 et
1522 3161 1664 3215 Deus
1695 3174 1707 3210 :
1738 3165 1784 3228 ο
1818 3146 2140 3251 Illicitatetu,
2175 3161 2232 3205 ut
2262 3151 2431 3207 Filius
2460 3154 2580 3223 ejus
2606 3156 2698 3222 sit,
2728 3159 2964 3215 ostendit
2992 3162 3118 3232 quia
3153 3174 3174 3199 ο
3207 3165 3412 3224 animo

121 3250 197 3330 uti
230 3273 389 3343 paulo
437 3282 563 3325 ante
610 3269 722 3339 jam
752 3266 1015 3325 diximus,
1059 3275 1181 3315 cum
1237 3271 1426 3312 vocem
1472 3250 1719 3323 Apostoli

122 3365 264 3421 Petri
297 3363 368 3419 ad
399 3364 688 3425 Ananiain,
723 3359 814 3427 qui
840 3356 1128 3427 pecuniam
1158 3352 1531 3409 subtraxerat,
1557 3360 1724 3415 pone-

123 3474 305 3515 remus
339 3477 355 3513 :
384 3459 510 3529 quia
539 3467 594 3511 et
624 3454 799 3508 deitas
823 3450 932 3522 ιΑι.
958 3444 1237 3517 divinitas]
1288 3439 1719 3513 superiiitelligi-

126 3562 208 3607 tur
237 3552 291 3606 in
320 3550 528 3620 Spiritu
559 3559 768 3602 sancto.

193 3645 287 3702 '50.
323 3643 523 3698 Verum
552 3640 809 3712 quoniam
838 3635 988 3703 inde,
1015 3631 1332 3705 qtizestionis
1355 3628 1491 3683 ordo
1520 3625 1723 3682 deduc-

127 3747 207 3793 tus
239 3745 364 3793 est:
391 3735 521 3790 Cum
553 3744 721 3787 autem
750 3731 943 3786 venerit
982 3728 1273 3800 paracletus
1302 3722 1534 3791 Spiritus
1570 3734 1721 3773 sanc-

126 3842 227 3898 tus,
254 3847 407 3901 quem
444 3829 602 3881 mittet
637 3825 793 3879 Pater
820 3825 871 3877 in
902 3822 1105 3876 nomine
1126 3835 1257 3881 meo,
1284 3818 1371 3871 ille
1408 3832 1494 3870 ros
1523 3813 1723 3867 docebit

126 3926 298 3980 omnia
353 3922 508 3997 (Luc.
550 3936 644 3982 xu.
694 3917 823 3987 12):
878 3930 977 3986 age
1008 3929 1155 3968 nunc
1196 3927 1264 3967 ex
1305 3911 1423 3979 ipso
1470 3919 1726 3997 sermone

123 3996 458 4089 quaeramus,
487 4014 531 4069 si
560 4011 689 4084 quid
722 4011 774 4064 in
813 4024 877 4063 eo
906 4007 1180 4078 possimus
1208 4000 1453 4058 invenire
1481 4014 1605 4055 cum
1634 3996 1723 4052 bis

124 4110 443 4166 consentire
464 4123 584 4178 quae
624 4105 765 4158 dicta
790 4110 935 4157 sunt.
960 4098 1217 4169 Spiritum
1245 4103 1487 4150 sanctum
1509 4108 1539 4146 a
1565 4092 1725 4146 Patre

122 4204 179 4259 in
213 4219 319 4259 suo
349 4203 487 4257 mitti
520 4199 766 4261 nomine,
798 4195 1043 4252 Salvator
1069 4190 1326 4256 afﬁrmat,
1355 4202 1477 4244 cum
1508 4184 1727 4257 proprie

122 4294 433 4355 Salviitoris
465 4307 659 4346 nomen
693 4290 763 4343 sit
791 4286 994 4341 Filius:
1028 4284 1073 4340 si
1100 4282 1316 4354 quidem
1351 4289 1561 4333 natura:
1589 4291 1725 4331 cono

120 4390 384 4452 sortium,
418 4396 473 4440 et
498 4387 582 4453 (ut
605 4384 679 4437 ita
703 4378 903 4449 dicam)
926 4376 1229 4447 pr0prietas
1256 4384 1635 4443 personarum,
1657 4383 1726 4423 ex

121 4483 231 4537 ista
262 4493 407 4535 voce
431 4478 696 4546 signatur.
734 4474 793 4528 In
824 4486 926 4543 qua
954 4467 1324 4541 appellatione
1352 4462 1497 4526 Filii,
1530 4461 1729 4515 missus

1820 3242 2130 3313 sitjunetns
2153 3246 2218 3299 ad
2249 3246 2465 3303 Filium.
2497 3248 2650 3307 Unde
2680 3263 2735 3307 et
2769 3252 2886 3307 Filii
2915 3254 3093 3311 dictus
3124 3266 3209 3313 cst
3236 3260 3408 3329 Spiri-

1824 3341 1932 3400 tus,
1963 3351 2059 3403 per
2079 3337 2423 3407 adoptiotiem
2449 3343 2652 3398 faciens
2668 3345 2807 3400 ﬁlios
2829 3362 2947 3411 eos,
2972 3352 3061 3420 qui
3090 3367 3149 3407 se
3174 3353 3418 3424 recipere

1824 3427 2141 3483 voluissent.
2162 3430 2261 3495 Qui
2283 3434 2438 3497 enim,
2456 3434 2650 3505 inquit,
2682 3439 2800 3491 estis
2824 3439 2922 3509 ﬁlii
2946 3439 3063 3507 Dei,
3092 3444 3229 3497 misit
3257 3442 3420 3499 Pater

1825 3518 2083 3589 Spiritum
2103 3520 2321 3577 Filiisui
2347 3528 2398 3579 in
2412 3527 2570 3581 corda
2590 3540 2787 3596 nostra,
2808 3532 3115 3588 clamantem
3130 3536 3258 3589 abba
3273 3544 3420 3607 pater

1825 3610 2017 3682 (Rom.
2055 3630 2166 3679 viti,
2199 3615 2326 3687 l5).
2360 3616 2465 3673 lste
2516 3630 2697 3675 autem
2746 3622 2984 3693 Spiritus
3030 3638 3274 3692 sanctus,
3324 3630 3417 3699 qui

1824 3706 1972 3761 venit
1999 3706 2052 3760 in
2079 3708 2297 3764 nomine
2327 3708 2467 3777 Filii,
2498 3713 2699 3767 missus
2719 3729 2748 3768 a
2768 3725 2919 3785 patre
2946 3734 2959 3771 :
2990 3717 3210 3773 docebit
3238 3722 3420 3780 omnia

1826 3813 1942 3865 eos,
1965 3799 2055 3870 qui
2100 3802 2152 3855 in
2182 3800 2289 3857 lidc
2320 3804 2519 3859 Christi
2553 3808 2774 3877 ρει-[εοιί
2806 3820 2954 3865 sunt.
2997 3809 3190 3867 Omnia
3236 3826 3417 3873 autem

1828 3890 1914 3945 illa
1944 3907 2065 3961 qua:
2096 3894 2397 3963 spiritualia
2420 3907 2548 3953 sunt
2571 3908 2625 3955 et
2653 3901 3071 3959 intellectualia:
3100 3917 3232 3961 etut
3262 3910 3423 3982 139

1826 3982 2070 4039 breviter
2100 3985 2352 4043 universa
2384 3991 2728 4060 concludam,
2765 3998 2947 4051 omnia
2981 3999 3224 4053 veritatis
3252 4012 3308 4054 et
3334 4016 3422 4055 sa-

1830 4076 2051 4147 pientiae
2076 4090 2436 4136 sacramenta.
2471 4084 2695 4141 Docebit
2722 4103 2876 4155 vero,
2911 4105 3017 4143 nou
3046 4091 3201 4160 quasi
3231 4090 3425 4147 doctor

1830 4178 1883 4224 et
1924 4170 2185 4239 magister
2214 4172 2534 4243 disciplinae,
2578 4192 2739 4247 quam
2790 4180 3006 4235 aliunde
3034 4190 3118 4235 est
3162 4196 3431 4239 consecu-

1831 4272 1949 4317 tus:
2003 4264 2267 4334 siquidem
2320 4266 2422 4322 lioc
2450 4282 2636 4324 eorum
2683 4279 2789 4337 est,
2822 4276 2912 4343 qui
2968 4273 3289 4341 sapientiam
3318 4275 3337 4313 τ
3372 4286 3429 4333 ct

1832 4368 1979 4413 artes
2007 4359 2217 4430 aliquas
2243 4361 2426 4416 studio
2447 4362 2827 4435 industriaque
2844 4365 3120 4432 didicere;
3154 4367 3248 4424 sed
3276 4372 3431 4439 quasi

1833 4450 1947 4520 ipse
1980 4450 2085 4521 [ΑΙ.
2118 4452 2255 4525 ipsa]
2284 4469 2374 4509 ars
2399 4467 2561 4525 atque
2581 4456 2826 4512 doctrina
2856 4469 2910 4513 et
2933 4462 3197 4529 sapientia
3225 4465 3431 4519 verita-

118 4592 148 4629 a
183 4576 371 4631 Patre
396 4542 634 4641 Spiritus
660 4542 901 4629 sanctus,
931 4578 1038 4617 non
1062 4573 1270 4623 servus,
1306 4569 1412 4609 non
1445 4553 1604 4618 alius,
1633 4565 1733 4606 nec
1758 4560 1813 4620 Ῑ)
1837 4542 2014 4611 lisque
2041 4542 2296 4613 Spiritus,
2330 4546 2676 4603 invisibiliter
2703 4547 2811 4620 [AL
2841 4550 3121 4627 invisibili]
3149 4557 3312 4612 menti
3344 4558 3429 4613 in-

118 4672 457 4739 disjunctus
483 4677 512 4715 a
558 4660 697 4715 Filio
741 4659 1071 4728 intelligatur
1109 4653 1220 4727 [ΑΙ.
1265 4642 1633 4716 intelligitur].
1668 4643 1737 4697 Et

120 4759 421 4834 quomodo
443 4755 613 4811 Filius
640 4754 691 4806 in
712 4752 890 4808 Patris
917 4748 1283 4819 appellatione
1310 4740 1480 4804 venit,
1513 4738 1733 4834 dicens:

120 4828 247 4926 1-590
278 4853 396 4907 veni
436 4851 489 4903 in
529 4847 689 4921 138
722 4844 925 4899 nomine
948 4840 1122 4895 Patris
1149 4838 1247 4891 mei
1282 4834 1472 4926 (Joan.
1496 4846 1558 4896 ν,
1590 4828 1736 4926 4:5):

123 4921 257 5001 Filii
282 4944 489 5015 quippe
513 4936 893 4995 tantummodo
909 4944 996 4990 est
1018 4937 1073 4987 in
1098 4930 1316 4985 nomine
1332 4924 1509 4982 Patris
1526 4921 1737 4987 venire,

123 5041 286 5095 salva
305 5012 655 5106 preprietate
702 5030 823 5086 Filii
852 5028 922 5083 ad
972 5026 1212 5088 Patrem,
1253 5030 1306 5076 et
1338 5017 1518 5075 Patris
1555 5015 1620 5069 ad
1648 5012 1743 5068 Fi-

122 5138 267 5192 lium
298 5155 313 5191 :
349 5135 431 5191 sic
458 5150 490 5190 e
519 5131 819 5197 contrario,
861 5126 1045 5183 nullus
1086 5122 1225 5177 alius
1255 5116 1406 5175 venit
1438 5114 1490 5169 in
1524 5110 1745 5168 nomine

202 5308 233 5335 ι
278 5296 416 5351 Erat
461 5308 562 5351 nec
591 5291 709 5348 sine
736 5290 942 5346 solmco
990 5282 1220 5351 Spiritus
1259 5286 1463 5351 sanctus
1502 5270 1743 5345 imperio.
1840 5320 1849 5330 _

126 5348 491 5437 Quod—nemo
509 5348 523 5350 ν
541 5379 649 5420 non
695 5373 846 5431 putet
896 5348 1218 5437 typograplii
1242 5348 1747 5437 ‘DDCI'Ill-llllluzfilmlf-

126 5416 311 5512 δόίἶῇ
541 5416 1055 5512 uitetiiziilnitidutuv
1074 5416 1143 5512 in.
1165 5420 1464 5512 antiquiss;
1477 5416 1745 5512 editione,

125 5496 301 5583 ipsam
332 5496 554 5575 sequor.
581 5496 690 5565 Sed
734 5505 926 5583 malint
961 5498 1216 5583 equidem
1337 5496 1750 5583 fil-imitri]?

582 5558 809 5650 imperio
841 5558 1026 5654 autem
1060 5568 1164 5652 legi
1206 5580 1298 5638 per
1327 5577 1463 5654 eunt,

125 5637 237 5726 'pZ-r’
267 5637 482 5712 Isaiam.
516 5652 614 5707 llic
641 5637 853 5726 llCllllte.
871 5637 1132 5699 Auctoris
1150 5646 1478 5726 esthe-itstts,
1499 5637 1749 5695 totusque

129 5707 367 5784 inferior
395 5707 690 5782 contextus
729 5707 1108 5790 conjecturam
1140 5707 1351 5790 prohat.
1388 5775 1401 5787 .
1436 5774 1469 5790 ,Δ
1545 5770 1588 5790 Π

209 5771 687 5861 {breuis
706 5771 1049 5863 quiei'scripta
1077 5771 1222 5848 sunt,
1242 5780 1297 5833 in
1320 5774 1506 5846 spiritu
1532 5771 1745 5827 diceret.

1841 4639 2019 4692 sinuat
2063 4637 2341 4692 scientiam
2372 4638 2706 4695 divinorum.
2738 4642 2873 4697 Nam
2900 4656 2955 4698 et
2986 4653 3141 4712 pater
3169 4648 3328 4705 docet
3356 4652 3436 4708 sic

1842 4726 2141 4796 discipulos
2165 4742 2317 4791 suos,
2344 4729 2561 4785 dicente
2590 4730 2688 4785 illo
2708 4733 2890 4802 quiab
2910 4748 2976 4788 eo
3007 4734 3197 4792 doctus
3228 4740 3436 4798 fuerat:

1846 4820 2009 4887 Deus,
2056 4819 2273 4873 docuisti
2305 4835 2386 4873 me
2404 4822 2730 4886 sapientiam.
2767 4823 2836 4877 Et
2862 4826 3125 4882 audacter
3174 4832 3282 4883 alio
3311 4846 3441 4886 con-

1844 4914 2116 4970 clamante
2142 4929 2155 4965 :
2199 4911 2431 4965 Docuisti
2451 4928 2552 4976 me,
2582 4912 2743 4981 Deus,
2782 4934 2814 4970 a
2830 4922 3101 4992 juventate
3129 4938 3240 4977 mea
3270 4921 3446 4994 (Psal.

1848 5022 1971 5072 ιιι,
2006 5006 2135 5075 l7):
2183 5012 2346 5072 atque
2387 5004 2457 5057 ita
2491 5018 2683 5060 omnes
2725 5006 2861 5063 liunt
2898 5008 3063 5067 docti.
3103 5012 3194 5069 Dei
3226 5031 3446 5086 quoque

1849 5102 2023 5157 Filius
2043 5107 2098 5154 et
2125 5097 2395 5167 sapientia
2422 5096 2515 5154 Dei
2545 5106 2604 5154 et
2632 5099 2834 5157 veritas
2866 5103 2945 5159 sic
2967 5103 3131 5162 docet
3152 5108 3448 5180 participes

1930 5274 1953 5340 ξ
1980 5261 2200 5340 Yitiose
2221 5268 2338 5316 erat
2369 5260 2581 5317 duobus
2608 5263 2793 5340 verbis
2816 5269 2892 5324 sic
2919 5272 3145 5340 quidem.

1925 5333 1952 5372 ἀ
1983 5332 2279 5391 Obtinebat
2324 5345 2480 5411 antea
2513 5337 2691 5389 mundi
2723 5350 2891 5403 partes
2909 5332 2942 5405 ,”
2970 5358 3068 5410 pm
3118 5352 3311 5411 ραιγεε,
3346 5343 3453 5400 ne.

1852 5408 1999 5483 gina;
2021 5423 2122 5461 ms.
2156 5406 2393 5461 secunda
2428 5421 2588 5483 manu
2616 5411 2792 5463 mundi
2817 5406 3095 5483 piincipes.

1931 5490 1953 5516 ε
1981 5479 2053 5551 lta
2078 5493 2209 5533 mss.
2237 5494 2429 5551 omnes
2460 5478 2653 5551 habent
2690 5478 2910 5539 unitate.
2939 5478 3069 5537 editi
3099 5498 3233 5538 vero
3264 5485 3447 5551 unice,

1862 5552 1981 5611 Mox
1999 5549 2171 5607 Vatic.
2196 5562 2319 5604 cum
2344 5550 2573 5605 Thulus.
2598 5567 2689 5621 per
2709 5554 3039 5624 adoptionem
3061 5571 3207 5608 suam
3232 5549 3452 5625 faciens,

1857 5636 1967 5681 etc.

1863 5768 1874 5778 ⁸
1933 5693 1951 5732 ί
1974 5693 2232 5778 νειίεηῄει
2260 5694 2470 5753 virtutes
2482 5694 2705 5767 aliquas.
2722 5694 2918 5751 Postea
2936 5694 3289 5767 Tholos.,sed
3308 5701 3465 5773 quasi

1858 5775 1968 5835 ipse
1996 5784 2103 5835 ars,
2135 5775 2245 5821 etc.
