4056 6304
626 281 723 342 ibi

1871 277 1928 335 Β.
1973 275 2245 337 EUSlilill
2288 274 2544 335 IIIERON
2558 276 2672 335 Yltll

3853 266 3969 333 tas

619 410 768 458 suos,
803 403 860 447 ιιι
911 395 1255 464 disciplinam
1304 407 1413 448 non
1456 402 1574 448 arte
1620 393 1834 459 doceat,
1884 393 1977 448 sed
2012 403 2223 448 natura.
2258 403 2307 462 Α
2334 395 2597 460 Spiritum
2628 403 2898 463 sanctum,
2949 393 3105 463 cujus
3157 402 3241 449 est
3272 395 3432 449 Pater
3474 402 3530 449 et
3573 381 3771 458 Filius,
3805 402 3870 448 et
3906 395 3970 449 in

619 488 774 544 Unde
797 497 851 542 et
872 504 996 542 eum
1021 488 1287 543 docentur
1309 489 1483 542 solum
1508 488 1821 557 magistrum
1847 503 2041 542 vocare
2059 487 2224 541 αἰτρί-

618 579 754 650 puli.
790 580 899 634 Has
931 581 1153 635 easdem
1184 580 1504 648 disciplinas
1537 595 1658 648 qum
1688 579 1890 633 dantttr
1920 595 1947 630 a
1983 578 2142 633 Patre
2174 588 2228 632 et

617 671 758 727 Filio
791 673 843 727 in
872 673 1038 728 corda
1061 673 1422 731 credentium.
1452 672 1689 742 Spiritus
1710 682 1930 725 sanctus
1954 671 2229 724 ministrat

617 766 704 822 his
734 767 826 837 qui
850 768 1119 821 animales
1163 780 1288 821 esse
1317 765 1585 820 desierint
1612 763 1720 836 [AL
1752 762 2066 834 desistunt].
2102 762 2230 815 Ani-

619 862 770 915 malis
796 863 984 932 quippe
1013 861 1165 914 homo
1195 878 1295 913 non
1341 861 1562 931 percipit
1595 877 1654 913 ea
1684 874 1801 930 qut:
1828 859 2042 929 spiritus
2071 867 2227 921 sunt;

618 955 880 1009 arbitrans
911 970 1020 1008 esse
1047 953 1322 1008 stultitiam
1349 968 1465 1021 quae
1494 954 1740 1004 dicuntur
1774 950 1814 1020 (I
1845 947 1968 1004 Cor.
2002 963 2059 1010 ll,
2095 949 2184 1015 Μ)
2213 965 2226 1011 ;

620 1049 898 1116 quivoroa
923 1045 1435 1114 perturbationibus
1461 1042 1773 1112 purgaverit
1790 1053 2027 1096 mentem
2051 1054 2225 1101 suam,

621 1136 854 1208 Spiritus
875 1139 1049 1193 sancti
1079 1137 1404 1204 disciplinis,
1437 1135 1488 1190 id
1510 1147 1616 1202 est,
1639 1133 1988 1190 sermonibus
2014 1133 2230 1201 sapien-

622 1231 734 1294 tiae,
759 1232 1116 1300 scientiaeque
1137 1228 1542 1295 complebitur:
1575 1228 1624 1279 in
1655 1235 1861 1280 tantnm
1892 1235 1949 1279 ιιι
1975 1225 2021 1278 is
2043 1224 2132 1292 qui
2165 1239 2229 1277 ea

622 1323 928 1390 Susceperit
961 1321 1109 1376 dicat
1133 1339 1145 1374 :
1181 1320 1228 1374 Ν
1236 1320 1344 1374 abis
1372 1329 1541 1374 autem
1564 1318 1808 1372 reuelauit
1832 1318 1965 1370 Dens
1989 1332 2081 1385 per
2108 1317 2223 1386 Spi-

619 1418 777 1470 ritum
807 1426 1039 1468 sanctum
1070 1414 1262 1484 (lbid.,
1298 1414 1406 1483 l0).
1442 1413 1586 1466 Dens
1614 1421 1794 1466 autem
1827 1411 1907 1464 his
1945 1413 2038 1479 qui
2071 1425 2130 1464 se
2158 1410 2228 1462 ita

623 1507 1063 1578 pint-paraverint
1113 1507 1372 1575 Spiritum
1426 1505 1710 1572 sapientiae
1765 1501 2231 1570 revelationiSque

621 1598 852 1669 largitur
869 1599 935 1652 ad
961 1599 1402 1668 cognoscendum
1427 1599 1784 1666 semetipsum
1808 1614 1820 1649 :
1847 1597 1935 1664 qui
1961 1595 2232 1664 accipit-n-

621 1699 705 1747 tes
729 1693 993 1761 Spiritum
1020 1693 1328 1760 sapientiae,
1357 1708 1460 1744 non
1482 1689 1729 1756 aliunde,
1756 1689 1854 1745 sed
1878 1688 1948 1743 ab
1971 1686 2231 1758 ipsoSpi-

625 1785 732 1839 ritu
747 1797 936 1840 sancto
954 1785 1584 1854 elﬁciuntursapientes,
1613 1793 1670 1836 et
1689 1782 1757 1835 ab
1779 1784 1896 1851 ipso
1923 1779 2230 1848 intelligunt
2261 1788 2308 1847 Β

619 1875 933 1942 Dominum,
961 1885 1014 1930 et
1033 1875 1295 1946 quidquid
1329 1875 1423 1931 Dei
1445 1885 1528 1929 est
1553 1876 1871 1937 voluntatis,
1895 1885 1947 1926 et
1976 1871 2227 1927 eumdem

626 1969 1107 2039 ipsutuSpiritutu,
1133 1971 1250 2038 ipso
1276 1970 1567 2030 revelaute,
1596 1974 1954 2036 cognoscunt,
1979 1972 2034 2017 ιιι
2055 1963 2232 2018 sciant

626 2064 754 2133 quia
784 2081 813 2116 ιι
840 2061 1075 2118 Domino
1107 2062 1305 2116 donata
1351 2075 1473 2116 situt
1515 2064 1626 2113 eis:
1675 2061 1746 2113 ita
1781 2069 1838 2112 ut
1868 2059 1914 2112 is
1943 2058 2032 2126 qui
2070 2056 2231 2110 fuerit

623 2153 871 2223 spiritum
924 2153 1281 2209 revelatiouis
1326 2162 1381 2206 et
1419 2153 1703 2221 sapientiae
1732 2161 2080 2214 consecutus,
2117 2147 2229 2201 suf-

627 2246 911 2301 liciens'sit
940 2248 1185 2302 veritatis
1216 2245 1470 2315 dogmata
1502 2244 1798 2312 pra-dicare
1831 2259 1937 2297 non
1971 2245 2226 2305 humana,

627 2340 721 2392 sed
755 2337 851 2392 Dei
880 2346 997 2393 arte
1028 2339 1330 2392 subnixus:
1383 2337 1525 2391 sicut
1555 2347 1608 2390 et
1639 2352 1803 2389 unum
1837 2352 1904 2390 ex
1938 2333 2022 2395 his
2051 2333 2226 2402 Apos-

627 2430 798 2486 tolutn
827 2445 1120 2499 possumus
1142 2430 1352 2494 audire,
1378 2429 1681 2484 dicentem:
1712 2428 1772 2482 Et
1793 2428 2095 2499 prtedicatio
2118 2442 2232 2479 mea

626 2533 674 2580 et
696 2541 863 2579 sermo
891 2542 1034 2579 meus
1061 2541 1162 2578 non
1182 2525 1232 2576 in
1257 2514 1680 2593 persuasibilibus
1701 2523 1944 2575 humanae
1963 2521 2232 2591 sapientia:

621 2619 824 2674 uerbis:
881 2621 970 2673 sed
1019 2620 1073 2672 in
1122 2619 1414 2673 ostensione
1461 2617 1695 2688 Spiritus
1737 2626 1762 2654 ι
1795 2627 1844 2669 et
1894 2617 2100 2669 uirtutis
2137 2614 2232 2668 Dei

625 2711 821 2782 (Ibid.,
855 2713 937 2781 ι).
963 2711 1256 2781 Ᾱῐιιιιδὶειη
1289 2727 1418 2766 vero
1439 2709 1667 2776 Spiritui
1690 2711 1944 2763 virtutem
1978 2723 2082 2761 non
2111 2722 2232 2774 |:0--

626 2815 816 2856 smnus
885 2802 1046 2856 aliam
1117 2811 1312 2870 praeter
1367 2800 1648 2855 Christum
1721 2800 2004 2853 Dominum
2075 2796 2234 2870 ιιο

628 2906 878 2949 n05trum
935 2894 1302 2963 interpretari.
1368 2893 1490 2962 Ipse
1558 2893 1700 2947 enim
1755 2892 2038 2962 discipulis
2115 2897 2226 2945 ait:

626 2990 906 3058 Accipieris
955 2989 1090 3041 enim
1156 2989 1393 3041 uirtutem
1448 2987 1679 3056 Spiritus
1732 2986 1895 3039 sancti
1951 2985 2228 3038 uenientem

627 3081 777 3155 [Vat.
813 3081 1104 3153 venientis]
1141 3098 1296 3149 super
1322 3098 1407 3134 t'os
1437 3081 1572 3152 (Act.
1607 3096 1644 3144 t,
1678 3081 1772 3151 8).
1803 3081 1866 3133 Et
1907 3079 1972 3134 ad
2004 3079 2225 3133 Mariam

2331 489 2520 543 eadem
2561 489 2877 556 operatione
2907 502 3068 541 unam
3110 501 3233 541 esse
3261 486 3660 540 substantiam:
3711 496 3771 540 et
3809 490 3972 540 reci-

2330 593 2495 648 prece
2521 593 2709 634 eorum
2742 595 2860 648 qua:
2885 578 3100 650 ὁμούσια
3129 585 3277 641 sunt,
3311 578 3686 646 operationem
3717 591 3970 646 quoque

2332 687 2442 727 non
2475 687 2596 727 esse
2627 672 2918 727 diversam.
2953 671 3019 727 Ut
3064 681 3244 726 autem
3279 681 3332 726 et
3366 669 3508 724 aliud
3541 684 3762 740 quoque
3796 670 3973 724 testi-

2331 764 2576 819 monium
2628 763 2770 832 quod
2804 777 2905 818 nos
2955 763 3123 831 possit
3154 762 3416 832 adjuvare
3465 761 3518 815 in
3553 761 3658 816 tide
3697 759 3969 830 Spiritus

2331 858 2501 912 sancti
2535 872 2819 925 ponamus,
2857 856 2910 908 in
2943 855 3239 926 Evangelio
3266 855 3337 908 ita
3370 870 3552 909 sermo
3581 855 3917 908 contexitur
3943 871 3963 906 :

2333 951 2518 1006 Adhuc
2544 951 2708 1004 multa
2751 949 2910 1004 habeo
2941 949 3079 1003 uobis
3111 950 3300 1009 dicere,
3343 947 3436 1002 sed
3479 963 3581 1001 non
3631 947 3852 1010 potestis
3892 963 3962 998 ea

2331 1056 2536 1117 portare
2563 1046 2732 1099 modo.
2769 1043 2900 1098 Cum
2931 1053 3104 1097 autem
3145 1043 3338 1096 uenerit
3369 1042 3462 1096 ille
3489 1041 3719 1112 Spiritus
3749 1042 3961 1094 uerita-

2327 1142 2416 1203 tis,
2450 1139 2638 1212 diriget
2665 1155 2751 1193 vos
2783 1153 2985 1190 omnem
3013 1137 3296 1190 veritatem.
3335 1134 3514 1203 Neque
3537 1133 3671 1188 enim
3701 1134 3960 1202 loquetur

2332 1250 2362 1286 α
2385 1234 2680 1301 semetipso,
2715 1233 2806 1286 sed
2850 1245 3185 1299 quaecumque
3205 1230 3398 1294 audiet,
3434 1228 3709 1292 loquetur:
3743 1239 3793 1280 et
3831 1241 3959 1297 qua:

2331 1339 2547 1380 uentura
2576 1334 2692 1379 sunt
2715 1323 3038 1377 annuntiabit
3066 1323 3225 1375 vobis.
3261 1321 3360 1376 Ille
3386 1338 3464 1375 me
3487 1320 3799 1388 clari/irati!
3831 1319 3951 1391 [ΑΙ.

2332 1417 2682 1489 gloriﬁCabit]
2711 1437 2722 1469 :
2755 1417 2878 1485 quia
2908 1416 2970 1468 de
2999 1431 3110 1468 meo
3143 1414 3384 1485 accipiet,
3414 1423 3462 1466 et
3492 1411 3831 1464 annuntiabit
3859 1427 3957 1465 uo—

2333 1512 2428 1566 bis.
2464 1510 2651 1565 Omnia
2681 1525 2798 1582 quae
2818 1509 2965 1563 habet
2999 1508 3178 1570 Pater,
3203 1523 3316 1561 mea
3342 1516 3483 1560 sunt.
3514 1505 3810 1572 Propterea
3832 1505 3955 1558 diri

2332 1605 2472 1658 uobis
2491 1620 2510 1658 :
2540 1604 2660 1674 quia
2685 1603 2750 1656 de
2780 1619 2890 1656 meo
2919 1603 3159 1669 accipiet,
3191 1611 3238 1655 et
3259 1600 3582 1654 annuntiabit
3603 1595 3945 1670 robis(Joan.

2334 1711 2446 1758 va,
2487 1693 2596 1765 15).

2404 1791 2494 1845 55.
2533 1792 2605 1844 Ex
2639 1789 2723 1844 bis
2751 1789 2898 1845 enim
2923 1798 3388 1843 sacramentorum
3416 1785 3596 1842 verbis
3613 1785 3944 1848 edocemur,

2333 1885 2476 1954 quod
2500 1899 2622 1939 cuin
2659 1884 2824 1937 multa
2857 1883 3138 1937 docuisset
3161 1880 3461 1950 discipulos
3488 1895 3615 1934 suos
3641 1878 3829 1942 Jesus,
3863 1877 3948 1932 di-

2332 1978 2500 2032 xerit:
2533 1977 2716 2030 Adhuc
2744 1977 2906 2031 habeo
2930 1977 3157 2046 plurima
3181 1977 3349 2028 dicere
3380 1973 3540 2039 vobis,
3559 1975 3685 2046 quia
3711 1973 3948 2029 verbum

2332 2070 2497 2135 istud,
2529 2072 2698 2123 adhuc
2743 2071 2903 2122 multa
2931 2069 3090 2121 habeo
3131 2067 3302 2121 dicere
3332 2068 3492 2132 vobis,
3527 2082 3635 2120 non
3665 2067 3733 2120 ad
3768 2082 3947 2120 novos

2332 2164 2627 2234 quoslibet,
2669 2174 2690 2202 ο
2735 2172 2788 2217 et
2820 2162 3035 2233 penitus
3080 2161 3174 2215 Dei
3206 2161 3382 2231 gratia
3414 2174 3617 2214 vacuos
3645 2158 3942 2229 dirigitur:

2330 2255 2425 2310 sed
2457 2255 2522 2310 ad
2555 2270 2648 2309 eos
2679 2253 2834 2326 141
2863 2255 2952 2324 qui
2992 2253 3274 2308 auditores
3304 2237 3596 2306 verborum
3639 2251 3783 2320 ejus,
3817 2265 3946 2304 nec-

2330 2348 2456 2402 dum
2481 2349 2694 2403 l'uerant
2719 2351 2897 2401 omnia
2926 2346 3227 2400 consecuti.
3253 2344 3621 2413 Qtt:t!t'ttti:qtlt!
3650 2340 3796 2398 enhu
3825 2342 3942 2396 sut-

2335 2445 2496 2500 liccre
2527 2453 2800 2513 poterant,
2839 2443 3057 2497 tradens
3080 2442 3178 2506 eis,
3211 2441 3262 2494 in
3297 2443 3534 2493 futurum
3568 2449 3780 2505 tempus
3812 2438 3941 2491 reli—

2331 2555 2436 2608 qua
2459 2537 2696 2592 distulit:
2721 2553 2840 2606 quin
2862 2537 2981 2590 sine
3007 2535 3300 2605 disciplina
3322 2535 3560 2604 Spiritus
3589 2534 3762 2587 sancti
3790 2533 3936 2586 scire

2333 2647 2438 2685 non
2472 2638 2754 2700 poterant:
2806 2632 2926 2699 quia
2959 2638 3086 2683 ante
3129 2628 3422 2682 adventum
3472 2625 3761 2680 dominica:
3812 2640 3931 2695 pas-

2331 2727 2502 2781 sionis
2529 2723 2554 2762 ἀ
2591 2742 2694 2778 non
2719 2734 2836 2778 erat
2867 2725 3024 2777 datus
3057 2722 3379 2777 hominibus
3410 2721 3648 2790 Spiritus
3676 2728 3898 2773 sanctus
3918 2759 3934 2782 ,

2333 2818 2676 2889 Evangelista
2707 2817 2923 2872 dicente
2951 2835 2961 2870 :
2994 2815 3115 2870 Non
3138 2816 3274 2870 enim
3304 2825 3414 2868 erat
3441 2815 3679 2886 cuiquam
3706 2813 3932 2881 Spiritus

2331 2911 2510 2975 datus,
2543 2911 2661 2978 quia
2687 2906 2841 2962 Iesus
2873 2909 3087 2962 necdum
3115 2919 3220 2962 erat
3261 2907 3585 2980 gieri/icatus
3613 2905 3796 2975 (Joan.
3832 2920 3927 2970 vn,

2330 3003 2442 3070 59).
2477 2999 2779 3056 Glorilicari
2812 2999 3002 3054 dicens
3052 2998 3259 3061 Jesum,
3299 3006 3528 3053 mortem
3578 3007 3797 3068 gustare
3838 3012 3934 3067 pro

2329 3094 2563 3150 cunctis.
2599 3093 2785 3165 Itaque
2819 3103 2939 3160 post
2973 3094 3430 3147 resurrectionem
3463 3106 3731 3161 apparens
3764 3090 3930 3144 disci-

624 3173 868 3246 Angelus
902 3174 1006 3246 [ΔΙ.
1041 3172 1452 3244 archangelus],
1500 3173 1754 3244 Spiritus,
1789 3172 1985 3241 inquit,
2017 3179 2223 3223 sanctus

2333 3189 2474 3258 pulis
2518 3187 2652 3252 suis,
2682 3197 2736 3242 et
2769 3186 3047 3241 insulllnns
3080 3187 3132 3239 in
3171 3184 3363 3240 faciem
3402 3200 3589 3240 eorum
3620 3202 3634 3236 :
3679 3184 3926 3253 Accipite,

620 3270 943 3337 superueniet
971 3269 1023 3321 in
1066 3277 1146 3333 te,
1189 3276 1235 3320 et
1278 3267 1436 3320 uirtus
1482 3264 1734 3318 Altissimi
1782 3264 2099 3318 obumbrabit
2136 3265 2226 3316 tibi

623 3361 778 3435 (Luc.
811 3378 852 3430 ι,
881 3364 991 3432 55).
1026 3363 1272 3419 Creatrix
1305 3364 1466 3432 igitur
1497 3364 1668 3416 virtus
1695 3360 1984 3428 Altissimi,
2018 3360 2224 3430 Spiritu

623 3464 814 3510 sancto
859 3458 1280 3524 superveniente
1328 3457 1378 3510 in
1428 3457 1689 3525 virginem
1737 3455 1978 3522 Mariam,
2024 3454 2223 3509 Christi

621 3559 822 3613 Corpus
854 3546 1177 3601 fabricavit:
1232 3563 1340 3615 quo
1372 3549 1462 3600 ille
1508 3563 1636 3602 usus
1669 3547 1899 3616 templo,
1954 3547 2074 3601 sine
2122 3547 2223 3600 viri

625 3651 785 3694 natus
808 3649 892 3694 est
918 3643 1148 3695 si'utine.

701 3735 794 3789 53.
832 3737 907 3788 lix
939 3733 1136 3803 quibus
1179 3733 1486 3788 ostenditur
1515 3749 1639 3788 es~e
1669 3733 1932 3802 Spiritum
1974 3743 2222 3789 sanctum

627 3834 953 3895 creatorem,
987 3827 1168 3896 utjam
1197 3827 1250 3881 in
1283 3828 1307 3863 δ
1327 3828 1648 3896 υιιειιιιιιιιιη
1678 3828 1956 3882 volumine
1981 3829 2224 3884 breviter

624 3927 1087 3981 ostellditttus.-Et
1123 3929 1174 3980 in
1205 3926 1504 3981 Psaltuoad
1531 3927 1821 3980 υοιιιὶιιιιιη
1854 3928 2082 3983 dicitur:
2118 3929 2223 3982 Att-

621 4022 756 4092 fcres
796 4023 857 4076 ab
881 4023 952 4076 eis
985 4023 1240 4094 Spiritum
1280 4032 1444 4088 tuum,
1477 4032 1523 4076 et
1555 4021 1811 4091 deﬁcient,
1863 4034 1907 4075 et
1937 4024 1988 4074 in
2039 4004 2223 4076 terram

624 4129 774 4167 suam
801 4124 1137 4168 reuertentur.
1170 4111 1363 4166 Emitte
1403 4114 1656 4184 Spiritum
1689 4125 1853 4181 tuum,
1887 4124 1934 4167 et
1977 4114 2222 4168 creabun-

624 4215 730 4271 tur,
762 4218 808 4259 et
836 4207 1103 4261 renouabis
1156 4207 1338 4276 faciem
1373 4216 1521 4259 terra:
1565 4206 1583 4276 (
1611 4205 1753 4259 I’sal.
1784 4222 1874 4261 cm
1901 4249 1914 4269 .
1949 4207 2076 4276 '50).
2112 4206 2223 4260 Nec

627 4299 822 4354 ntirntu
858 4301 904 4355 si
936 4300 1202 4354 Dominici
1238 4309 1447 4352 tantum
1477 4300 1725 4369 corporis
1747 4297 1982 4367 Spiritus
2005 4308 2225 4354 sanctus

619 4395 872 4450 Conditor
919 4397 1012 4459 sit,
1047 4409 1170 4448 cum
1223 4394 1366 4447 Patri
1416 4392 1667 4462 Filioque
1718 4394 1977 4457 sociatus,
2029 4392 2219 4447 eadem

622 4500 893 4559 potestate
919 4492 1184 4545 creaverit
1205 4492 1386 4543 omnia
1402 4505 1520 4559 qua:
1539 4488 1700 4541 Pater
1716 4489 1915 4542 creavit
1947 4500 1998 4542 et
2025 4488 2217 4543 Filius.

2333 3281 2528 3349 inquit,
2562 3279 2817 3348 Spiritum
2847 3291 3082 3333 sanctum
3110 3276 3288 3348 (Joan.
3323 3293 3414 3342 xx,
3439 3278 3553 3345 2‘2).
3586 3276 3654 3330 Et
3685 3292 3924 3331 rursum:
3989 3328 3996 3333 .

2331 3375 2610 3442 Accipietis
2638 3374 2876 3426 uirtutem
2907 3372 3137 3444 Spiritus
3179 3373 3345 3426 sancti
3383 3371 3628 3424 uenientis
3652 3384 3810 3439 super
3845 3385 3932 3424 eos

2330 3468 2470 3538 (Act.
2503 3484 2540 3532 ι,
2570 3467 2646 3537 8).
2678 3466 2796 3535 Quo
2843 3466 3095 3522 veniente
3125 3465 3178 3520 in
3225 3464 3389 3520 corda
3435 3463 3794 3531 credentium,
3826 3464 3925 3518 im-

2331 3561 2548 3630 plentur
2578 3561 2922 3615 sermonibus
2946 3560 3229 3628 sapientia:
3255 3569 3308 3614 et
3334 3559 3605 3621 scientiae,
3629 3567 3682 3612 et
3711 3557 3794 3611 sic
3820 3557 3927 3627 spi-

2330 3654 2556 3710 rituales
2573 3653 2772 3721 elfccti,
2798 3654 3106 3722 suscipiunt
3125 3652 3359 3722 Spiritus
3371 3653 3545 3706 sancti
3561 3650 3921 3721 disciplinam,

2329 3764 2452 3817 qua:
2483 3747 2651 3814 possit
2683 3762 2776 3800 eos
2803 3745 3074 3800 deducere
3106 3746 3159 3799 in
3203 3759 3420 3799 omnem
3452 3745 3758 3799 veritatem.
3791 3741 3926 3798 Nec-

2327 3840 2452 3896 dum
2482 3840 2624 3895 enim
2656 3841 2891 3894 instante
2916 3837 3099 3910 [Forte
3120 3837 3380 3910 instabat]
3404 3839 3536 3892 liora
3563 3837 3744 3907 inqua
3769 3853 3927 3908 opor-

2328 3933 2470 3987 tebat
2502 3947 2598 3986 eos
2638 3932 2849 4001 Spiritu
2883 3942 3073 3986 sancto
3116 3930 3340 4000 repleri,
3376 3940 3503 3984 tunc
3531 3929 3750 4000 quando
3792 3928 3926 3984 dixit

2327 4027 2392 4081 ad
2424 4042 2541 4092 eos,
2575 4027 2757 4080 Adhuc
2785 4027 2946 4080 multa
2967 4025 3128 4080 habeo
3146 4025 3285 4079 vobis
3314 4025 3502 4090 dicere,
3532 4035 3924 4094 consequenter

2327 4119 2554 4184 addidit,
2586 4119 2678 4174 sed
2705 4136 2806 4172 non
2836 4119 3043 4189 potestis
3071 4135 3132 4172 ea
3161 4127 3374 4188 portare
3401 4117 3551 4171 modo
3582 4115 3760 4190 (Joan.
3794 4131 3886 4171 va
3906 4160 3918 4183 ,

2329 4211 2444 4284 12).
2475 4213 2665 4267 Adhuc
2697 4213 2839 4267 enim
2880 4221 3008 4284 typo
3049 4211 3205 4283 legis,
3239 4221 3294 4268 et
3328 4211 3556 4274 ttmbrm,
3590 4221 3644 4265 et
3681 4209 3924 4279 imagini-

2327 4307 2429 4362 bus
2459 4308 2787 4373 servientes,
2823 4323 2927 4361 non
2960 4316 3210 4378 poterant
3239 4306 3526 4362 veritatem
3573 4306 3591 4373 (
3616 4307 3774 4372 cujus
3804 4319 3921 4358 nni-

2329 4399 2477 4454 bram
2508 4401 2595 4454 lex
2626 4399 2910 4468 portabat)
2937 4399 3234 4468 inspicere,
3267 4409 3290 4436 θ
3323 4399 3465 4454 unde
3493 4412 3592 4452 nec
3620 4397 3920 4465 spiritualia

2327 4493 2614 4547 sustinere.
2643 4490 2774 4548 Cum
2805 4501 2996 4557 autem,
3029 4490 3124 4552 ait.
3157 4492 3350 4545 uenerit
3395 4491 3505 4555 ille,
3533 4489 3637 4544 hoc
3673 4497 3780 4551 cst,
3825 4509 3918 4562 pa-

624 4580 818 4634 Emitte
843 4583 999 4646 enim,
1027 4584 1122 4648 ait,
1151 4583 1408 4652 Spiritum
1430 4592 1596 4645 tuum,
1626 4592 1674 4634 et
1694 4580 2024 4634 creabantur.
2055 4581 2221 4636 Porro
2250 4562 2303 4623 Β
2327 4589 2548 4639 raclctus
2579 4585 2807 4656 Spiritus
2832 4583 3084 4644 ueritatis,
3114 4584 3310 4655 diriget
3329 4599 3417 4637 uos
3437 4585 3491 4636 in
3516 4595 3716 4636 omnem
3740 4583 3918 4638 uerita-

615 4672 728 4742 jam
759 4673 1071 4743 frequenter
1097 4673 1439 4729 ostendimus
1466 4672 1713 4744 ejusdem
1739 4673 2074 4744 operationis
2097 4690 2219 4730 esse

692 4883 717 4910 ἰ
748 4873 890 4928 Idem
922 4871 1098 4928 Vatic.
1145 4883 1194 4927 et
1235 4873 1466 4928 ueritatis
1511 4870 1628 4939 Dei,
1657 4871 1848 4927 Grarco
1900 4872 2016 4942 ipso
2067 4883 2215 4928 textu

619 4955 907 5002 renuente.

688 5017 715 5054 ιι
750 5016 949 5072 Recole
971 5033 1094 5093 qui:
1135 5015 1202 5070 de
1235 5015 1338 5093 hoc
1370 5017 1512 5071 libro
1536 5019 1656 5093 περὶ
1683 5018 1956 5089 Δσγμάτων
1980 5014 2217 5072 diximus

620 5101 781 5154 supra
806 5102 926 5156 pag.
965 5089 1085 5147 lll.
1121 5097 1232 5138 not.
1269 5085 1317 5138 ι).

686 5167 708 5194 ε
743 5157 969 5209 Maxima
1013 5156 1100 5210 hic
1150 5156 1422 5209 dissensio
1472 5158 1866 5223 exemplarium
1899 5170 2002 5213 cSI.
2044 5158 2215 5214 Vetus

615 5227 862 5301 Editio,_
881 5237 927 5301 et
959 5229 1172 5301 penitus
1201 5224 1300 5279 Dei
1336 5229 1644 5292 sapientiam
1691 5231 1967 5283 nescientes
1998 5230 2216 5301 dirigit;

616 5299 792 5354 Vatic.
831 5298 927 5372 Dei
953 5298 1262 5360 sapientium
1295 5301 1572 5372 nescientes
1623 5301 1895 5372 dirigitur;
1950 5302 2079 5372 Reg.
2106 5298 2214 5356 VDt’t‘

611 5373 866 5443 sapientia
891 5371 1123 5442 ignaros,
1157 5379 1259 5422 etc.
1295 5370 1514 5423 Tholos.
1547 5382 1592 5422 et
1627 5373 1803 5437 plenos
1837 5371 1927 5422 Dei
1959 5370 2213 5438 sapientia

613 5443 857 5511 dirigitur
883 5451 1016 5496 sicut
1065 5446 1268 5511 [uerunt
1296 5444 1428 5513 justi
1465 5451 1512 5493 et
1558 5446 1842 5513 praptiette,
1877 5443 1968 5493 scd
2011 5443 2077 5493 ad
2103 5461 2209 5508 eos,

611 5516 698 5583 qui
731 5516 994 5567 uerborum
1022 5517 1132 5581 ejus
1153 5512 1414 5565 auditores
1444 5515 1657 5567 necdum
1688 5512 1912 5579 fuerant,
1943 5522 2045 5564 ctc.
2072 5513 2208 5568 Tum

610 5584 790 5639 denuo
827 5587 1028 5648 Vat-iet,
1075 5584 1288 5636 necdum
1319 5586 1516 5636 fuerant
1562 5584 1735 5634 omnia
1777 5583 2057 5646 consecuti,
2096 5601 2209 5651 qua:

611 5668 786 5723 postea
815 5672 908 5724 pro
940 5656 1145 5708 nomine
1190 5657 1300 5724 ejus
1339 5651 1556 5718 sufferre
1589 5663 1846 5719 poterant,
1891 5655 1980 5703 sed
2030 5655 2206 5721 aliqua

612 5737 675 5774 er
693 5723 842 5793 parte
866 5727 1074 5778 tradens
1098 5723 1303 5793 eis‘iltu,
1329 5739 1442 5788 qua
1471 5725 1679 5793 majora
1697 5731 1842 5774 eram
1868 5724 1928 5774 in-
1945 5731 2206 5793 posterum

621 5741 675 5799 ar
783 5741 842 5776 ἰϐ
866 5741 1074 5778 tranasse
1098 5741 1169 5776 ets
1186 5741 1303 5787 usu,
1329 5741 1442 5788 qua
1471 5741 1671 5789 majora
1697 5741 1842 5774 erant
1868 5741 1928 5774 ιη·
1945 5741 2205 5793 posterum

621 5741 883 5857 'ti/ﬂar'cns,
914 5790 1272 5848 commendans
1302 5802 1347 5846 et
1376 5793 1491 5860 illa,
1525 5806 1642 5862 qua
1662 5791 1716 5845 in
1742 5794 1976 5861 futurum
2006 5803 2205 5866 tempus

2329 4688 2448 4744 tem,
2483 4694 2577 4732 sua
2609 4677 2882 4743 doctrina,
2931 4686 2984 4732 et
3015 4676 3363 4731 institutione
3390 4690 3486 4730 vos
3531 4674 3864 4731 transterens
3889 4692 3920 4730 a

2320 4875 2437 4930 ideo
2469 4876 2689 4940 distulit,
2725 4885 2780 4930 ut
2810 4877 3008 4959 reliqua
3038 4876 3316 4959 disciplina
3348 4876 3581 4959 Spiritus
3609 4879 3774 4959 sancti
3813 4881 3911 4959 sui,

2295 4964 2502 5012 ‘qutu...
2536 4964 2637 5000 non
2662 4959 2894 5011 poterant
2917 4950 2960 5001 si
2988 4950 3226 5018 primitus
3250 4950 3304 5002 in
3331 4958 3507 5002 nostra
3539 4952 3708 5017 capite
3733 4953 3919 5021 magis-

2320 5021 2509 5072 terium
2534 5031 2580 5072 et
2614 5024 2781 5087 forma
2829 5022 3000 5073 crucis
3048 5021 3255 5088 periret.
3288 5021 3634 5088 Quacumque
3652 5021 3788 5076 enim
3810 5025 3916 5087 suf-

2319 5093 2454 5163 ferre
2486 5099 2741 5158 poterant,
2771 5102 2878 5146 etc.
2912 5090 3116 5145 Eadem
3150 5091 3324 5145 fet-tne
3343 5091 3690 5146 Tttolosanus
3717 5108 3918 5163 prmpo-

2321 5161 2420 5221 nit,
2467 5170 2784 5226 tantumque
2815 5165 3013 5215 rectius
3061 5163 3210 5230 legit,
3243 5163 3342 5215 nisi
3384 5164 3623 5230 primitus
3663 5163 3714 5216 i‘n
3745 5161 3914 5216 nostro

2317 5233 2487 5296 capite
2514 5233 2859 5302 magisterium
2889 5246 2934 5284 et
2965 5237 3134 5302 {arma
3173 5233 3339 5286 crucis
3367 5235 3611 5302 pra'iret;
3649 5235 3768 5302 quia
3798 5245 3914 5291 ante

2317 5301 2592 5356 aduentum
2639 5301 2928 5358 Dominira:
2967 5301 3248 5374 passionis,
3296 5301 3404 5358 etc.
3436 5319 3504 5359 ex
3545 5301 3742 5374 quibus
3792 5306 3911 5361 booi

2317 5374 2519 5443 aliquid
2545 5375 2718 5427 lector
2745 5376 3024 5428 exlundat.

2387 5444 2413 5482 ἀ
2440 5446 2690 5518 'l'holos.,
2721 5445 2951 5518 nondum
2992 5455 3101 5499 erat
3131 5445 3360 5518 Spiritus
3391 5446 3544 5518 datus
3564 5487 3578 5510 ,
3613 5447 3736 5516 quia
3762 5445 3912 5502 Iesus

2317 5517 2543 5570 nondum
2575 5520 2738 5585 fuerat
2777 5517 3118 5587 glori/iratus.
3159 5516 3299 5583 Quid
3336 5527 3407 5570 est
3449 5516 3638 5570 qutnr
3681 5519 3909 5572 nondum

2316 5588 2754 5659 Itonoriﬁcatum?
2781 5586 3082 5659 Cloriﬁcari
3111 5587 3305 5659 dicens,
3335 5597 3440 5641 etc.

2390 5670 2412 5695 ο
2444 5653 2572 5714 Erat
2600 5676 2662 5712 ne
2689 5659 3004 5729 spiritualia.
3026 5657 3194 5713 Vetus
3216 5658 3348 5723 edit,
3380 5674 3471 5713 nec
3495 5657 3730 5728 denique.
3764 5653 3902 5728 Vah,

2314 5743 2495 5800 neque.
