4074 6328
621 256 727 313 155

1869 245 1925 302 S.
1969 238 2245 303 EUSEB“
2285 236 2662 299 l'llERONYMl

3815 233 3944 292 156

617 383 748 440 pere
768 366 989 426 dicitur,
1022 362 1221 435 quibus
1250 362 1372 433 ipse
1400 359 1674 417 subsiStit.
1705 357 1892 430 Neque
1916 358 2063 415 enim
2087 357 2214 429 quid
2243 359 2295 419 Α
2324 354 2726 417 i’alcrnilalem,
2753 350 2844 424 qui
2875 352 3045 408 Filius
3072 357 3210 417 eral,
3240 362 3346 406 non
3378 346 3661 420 usurpavit
3687 364 3702 402 :
3734 363 3943 419 quan-

622 458 769 513 aliud
798 466 883 512 est
914 455 1109 521 Filius,
1136 453 1385 526 exceptis
1406 453 1492 506 his
1518 467 1640 523 quae
1667 451 1717 508 ei
1746 452 1939 506 dantur
1964 468 1991 503 a
2024 451 2211 515 Patre,

620 567 796 622 neque
825 551 929 607 alia
976 547 1279 605 substantia
1311 558 1394 602 est
1431 546 1671 616 Spiritus
1716 544 1892 600 sancti
1926 553 2123 613 praeter
2161 542 2214 597 id

617 646 763 719 quod
793 645 953 700 datur
997 645 1044 699 ei
1077 658 1107 697 a
1154 642 1313 697 Filio.
1349 641 1639 711 Propterea
1672 649 1849 694 autem
1885 638 1985 693 ista
2025 638 2213 691 dicun-

620 749 729 805 tur,
761 750 817 794 ut
847 735 1094 792 eamdem
1122 735 1173 789 in
1204 732 1470 788 Trinitate
1499 731 1789 788 credamus
1817 744 1939 786 esse
1964 738 2215 783 naturam

620 830 855 902 Spiritus
882 829 1075 883 sancti.
1101 840 1222 898 qua:
1250 835 1335 880 est
1375 825 1547 880 Patris
1569 834 1625 879 et
1645 823 1793 879 Filii.

693 925 784 982 38.
818 923 953 990 Quia
982 935 1113 986 ergo
1142 919 1247 992 [Αι.
1278 917 1447 989 enim]
1478 919 1654 971 omnis
1688 916 1923 971 humana
1952 929 2055 971 vox
2084 912 2217 968 nihil

626 1029 801 1092 potest
841 1017 984 1072 aliu-l
1008 1014 1256 1086 judicare
1281 1028 1442 1083 quam
1476 1026 1728 1081 corpora,
1758 1021 1813 1067 et
1854 1010 2117 1073 Trinitas,
2151 1008 2217 1063 de

620 1130 726 1186 qua
761 1126 902 1166 nunc
948 1108 1107 1163 nobis
1143 1120 1323 1162 sermo
1354 1114 1458 1171 est,
1503 1119 1694 1159 omnes
1738 1102 2045 1157 materiales
2085 1101 2219 1154 sub-

625 1206 853 1263 stantias
882 1211 1141 1273 superat,
1193 1200 1395 1256 idcirco
1436 1199 1639 1254 nullum
1681 1198 1904 1255 verbum
1955 1203 2129 1266 potest
2168 1194 2219 1248 ei

625 1300 842 1371 proprie
867 1294 1134 1365 coaptari,
1168 1303 1221 1349 et
1243 1292 1360 1363 ejus
1381 1292 1688 1361 signiﬁcare
1718 1289 2096 1352 substantiam,
2123 1287 2218 1343 sed

624 1406 787 1448 omne
809 1390 951 1459 quod
975 1388 1271 1458 loquimur,
1294 1390 1754 1463 καταχρηστικῶς,
1777 1381 1828 1437 id
1859 1392 1967 1445 est,
1992 1379 2221 1434 abusive

623 1490 728 1548 est,
753 1488 810 1536 et
835 1480 903 1536 de
935 1476 1369 1548 incnrporalibus
1395 1476 1623 1542 Cunctis,
1659 1486 1707 1528 et
1741 1473 1976 1527 maxime
1998 1487 2121 1525 cum
2155 1470 2222 1525 de

624 1574 891 1630 Trinitate
918 1572 1212 1643 loquimur.
1244 1567 1525 1625 Glorilicat
1553 1568 1735 1632 itaque
1755 1564 1953 1620 Filium
1986 1564 2222 1633 Spiritus

621 1680 841 1725 sanctus
860 1709 875 1730 ,
906 1664 1203 1723 ostendens
1232 1664 1383 1719 illum
1410 1670 1465 1716 et
1484 1664 1537 1717 in
1565 1670 1811 1730 apertum
1837 1663 2116 1728 proterens
2138 1655 2223 1712 his

2317 462 2475 517 quam
2528 455 2583 501 et
2629 447 2744 516 ipse
2791 460 2891 517 per
2933 444 3241 515 adoptionis
3295 443 3518 513 gratiam
3548 483 3563 508 ,
3615 442 3941 497 multorum

2317 551 2626 597 sanctorum
2654 541 2728 594 sit
2761 540 2940 604 Pater,
2981 538 3280 594 secundum
3313 536 3445 590 illud
3489 534 3634 604 quod
3669 535 3725 588 in
3754 534 3942 588 Psal-

2319 636 2418 691 mis
2446 636 2661 704 legitur,
2692 634 2753 689 Si
2781 631 3119 687 custodierint
3139 631 3237 701 ﬁlii
3271 631 3345 685 tui
3367 628 3541 699 (Psal.
3565 643 3760 693 cxxxr,
3802 626 3939 697 12).

2320 731 2384 785 Ει
2435 731 2667 796 iterum,
2725 728 2785 784 Si
2822 728 3188 794 dereliqueriut
3239 726 3339 795 ﬁlii
3378 728 3491 799 ejus
3540 725 3704 795 legem
3750 739 3942 778 meam

2320 824 2493 895 (Psal.
2525 840 2792 889 Lxxxvttt,
2842 822 2955 894 51).
2991 824 3097 879 Sed
3128 825 3179 876 in
3227 821 3332 877 hoc
3357 836 3614 877 sermone
3642 835 3941 890 Settantte

2322 919 2627 989 prumsitti,
2679 925 3080 988 ennsequettter
3121 932 3183 972 ea
3217 931 3339 987 qua:
3379 914 3616 970 diximus
3662 913 3943 984 superius

2324 1011 2495 1066 Patris
2523 1025 2666 1069 esse.
2696 1010 2859 1065 habet
2885 1018 2940 1064 et
2966 1007 3158 1073 Filius,
3186 1017 3240 1063 et
3268 1022 3390 1078 qua:
3420 1006 3539 1061 Filii
3567 1016 3715 1069 sunt,
3754 1005 3945 1062 habet

2323 1117 2376 1162 et
2420 1106 2650 1176 Spiritus
2698 1114 2940 1159 sanctus.
2990 1103 3079 1158 Ait
3128 1104 3348 1173 quippe.
3407 1102 3472 1155 de
3512 1117 3624 1155 meo
3670 1100 3934 1169 accipiet,

2325 1206 2590 1269 propterea
2617 1205 2664 1249 et
2694 1206 2908 1251 ventura
2953 1193 3279 1249 annuntiabit
3307 1185 3469 1248 vobis.
3514 1192 3620 1246 Per
3649 1190 3935 1259 Spiritum

2324 1290 2584 1362 siquidem
2616 1290 2893 1356 veritatis,
2940 1289 3145 1346 sanetis
3170 1290 3298 1344 viris
3342 1287 3647 1342 futurorum
3689 1286 3935 1342 scientia

2324 1396 2468 1441 certa
2507 1383 2845 1439 conceditur.
2882 1382 3036 1439 Unde
3074 1391 3129 1437 et
3157 1381 3439 1453 prophetae
3480 1379 3584 1436 hoc
3608 1379 3802 1435 eodem
3837 1393 3938 1437 re-

2327 1478 2450 1547 pleti
2490 1476 2508 1515 ί
2539 1477 2746 1546 Spiritu
2769 1518 2783 1541 ,
2819 1475 3260 1545 prrenuntiabaut
3288 1489 3477 1538 sensu,
3514 1483 3567 1529 et
3597 1474 3751 1544 quasi
3780 1488 3938 1541 pra:-

2326 1569 2496 1625 sentia
2529 1569 2920 1635 intuebantur,
2970 1582 3093 1638 qua}
3137 1576 3292 1622 erant
3334 1566 3591 1635 deinceps
3639 1575 3933 1621 secutura.

2325 1660 2464 1716 Satis
2498 1660 2614 1715 haec
2647 1659 2967 1729 abundeque
2994 1659 3152 1729 juxta
3189 1656 3389 1728 ingenii
3426 1657 3595 1711 nostri
3629 1664 3935 1727 pauperta-

624 1763 716 1834 qui
751 1760 951 1817 mundo
980 1758 1148 1816 corde
1190 1772 1313 1814 eum
1343 1755 1652 1826 intelligere
1681 1763 1738 1810 et
1777 1752 1962 1808 videre
1990 1761 2117 1808 sunt
2143 1751 2224 1805 di-
2254 1752 2303 1812 B
2331 1760 2490 1807 tatem
2521 1751 2589 1807 de
2630 1750 2885 1821 prmsenti
2917 1750 3191 1820 Evangelii
3232 1750 3475 1816 capitulo
3518 1748 3724 1804 dixisse
3761 1748 3931 1804 stilli-

621 1856 736 1929 gni,
765 1867 818 1911 et
857 1853 1207 1926 splendorem
1238 1850 1578 1913 substantiae,
1610 1858 1666 1903 et
1696 1847 1986 1917 imaginem
2031 1844 2221 1899 invisi-

624 1949 750 2004 bilis
778 1947 873 2003 Dei
901 1947 1065 2003 scire.
1091 1946 1329 2000 Rursum
1360 1943 1540 2013 imago
1568 1942 1683 2012 ipsa
1713 1938 2009 1995 ostendens
2044 1954 2104 1995 se
2127 1953 2225 2007 pu-

622 2041 701 2096 ris
750 2040 1062 2106 mentibus,
1114 2037 1384 2109 glorilicat
1440 2035 1657 2090 Patrem
1693 2076 1709 2099 ,
1768 2033 2048 2090 insinuans
2097 2047 2222 2087 eum

622 2134 996 2190 nescientibus
1022 2173 1037 2199 ,
1067 2132 1183 2202 ipse
1210 2129 1356 2185 enim
1402 2129 1477 2184 ait
1503 2146 1516 2183 :
1554 2129 1656 2195 Qui
1682 2126 1818 2182 videt
1845 2143 1924 2180 me
1946 2166 1962 2191 ,
2009 2125 2147 2180 videt
2177 2134 2225 2180 et

623 2225 832 2281 Patrem
861 2224 1042 2297 (Joan.
1064 2239 1175 2295 xiv,
1203 2222 1283 2293 9).
1314 2221 1473 2277 Pater
1502 2235 1717 2293 quoque
1742 2220 1997 2276 revelans
2023 2218 2220 2273 Filium

622 2318 712 2373 his
737 2318 827 2388 qui
877 2317 945 2370 ad
992 2316 1194 2371 calcem
1239 2315 1488 2371 scientia“:
1529 2314 1816 2384 pervenire
1859 2321 2221 2378 meruerunt,

620 2410 891 2482 gloriﬁcat
931 2409 1274 2480 unigenitum
1317 2422 1496 2473 suum,
1528 2406 1825 2463 ostendens
1864 2406 1984 2477 ejus
2016 2405 2224 2471 magni-

622 2505 894 2561 ﬁcentiam
923 2514 1083 2575 atque
1111 2502 1390 2558 virtutem.
1424 2500 1529 2557 Sed
1552 2509 1608 2556 et
1638 2502 1753 2572 ipse
1779 2498 1947 2554 Filius
1976 2499 2223 2555 tribuens

620 2598 883 2669 Spiritum
929 2608 1178 2653 sanctum
1229 2594 1314 2650 bis
1358 2596 1449 2666 qui
1498 2610 1557 2651 se
1587 2594 1783 2664 dignos
1827 2593 1949 2663 ejus
1997 2607 2222 2648 munere

617 2696 1087 2761 praeparaverunt,
1129 2694 1186 2741 et
1218 2694 1242 2723 ⁸
1268 2685 1513 2755 pandens
1538 2682 1923 2737 sublimitatem
1952 2680 2061 2753 [AL
2094 2697 2222 2751 pro-

621 2777 929 2849 prietatem]
960 2776 1389 2846 gloriﬁcatinnis,
1422 2785 1479 2830 et
1504 2772 1887 2842 magnitudinis
1916 2774 2034 2841 ejus
2056 2774 2225 2828 virtu-

622 2881 754 2937 tem,
797 2866 1263 2940 glnriﬁcatillum.
1297 2864 1506 2920 Deinde
1548 2864 2054 2936 interpretationem
2085 2864 2223 2920 inle-

622 2977 756 3020 rens
782 2960 811 3000 δ
830 2975 953 3016 cum
988 2958 1151 3014 modo
1175 2957 1423 3020 dixisset,
1458 2956 1525 3012 de
1549 2972 1670 3011 meo
1691 2956 1942 3027 accipiet,
1976 2957 2225 3026 pr0tinus

623 3056 876 3126 subjecit.
901 3054 1090 3110 Omnia
1110 3069 1224 3125 qua:
1247 3053 1396 3107 habet
1418 3050 1600 3117 Pater,
1631 3067 1743 3105 mea
1770 3060 1927 3117 sunt;
1951 3061 2224 3121 prapterea

2328 1845 2453 1901 ciat.
2481 1845 2538 1901 Si
2586 1846 2784 1916 quibus
2832 1852 3012 1899 autem
3057 1843 3317 1899 Dominus
3362 1843 3714 1907 revelaverit,
3761 1851 3820 1897 et
3868 1843 3929 1898 in

2328 1940 2579 1995 viciniam
2613 1938 2857 1993 veritatis
2894 1937 3113 1992 adducti
3157 1944 3322 2002 sunt,
3370 1936 3648 2006 magisque
3692 1947 3934 2005 possunt

2328 2048 2549 2089 cernere
2576 2033 2859 2087 veritatem
2882 2072 2896 2094 ,
2930 2030 3281 2099 disputationi
3310 2028 3526 2083 illorum
3552 2028 3930 2085 concedamus

2328 2125 2573 2191 meliora,
2592 2123 2789 2195 quibus
2815 2124 2906 2179 ille
2936 2122 3264 2193 suﬂ'ragatur
3290 2122 3381 2193 qui
3409 2130 3493 2177 est
3516 2120 3749 2189 Spiritus
3776 2120 3930 2175 veri-

2329 2218 2452 2275 tatis
2480 2237 2493 2273 :
2523 2228 2577 2275 et
2610 2221 2843 2287 petimus
2878 2231 2973 2272 ens
2998 2216 3087 2285 qui
3131 2215 3318 2271 lecturi
3356 2223 3519 2279 sunt,
3550 2224 3603 2268 ut
3637 2213 3929 2282 ignoscant

2328 2311 2611 2381 imperitiae
2636 2350 2652 2377 ,
2705 2309 2994 2379 studioque
3026 2307 3157 2363 dent
3187 2306 3399 2362 veniam
3426 2348 3441 2372 ,
3474 2306 3712 2376 cupienti
3745 2314 3922 2360 totum

2330 2404 2437 2459 Deo
2476 2403 2674 2458 olferre
2703 2400 2846 2473 quod
2892 2400 3063 2470 potuit
3091 2441 3105 2465 ,
3154 2398 3287 2455 licet
3328 2413 3481 2453 suam
3530 2411 3637 2452 non
3682 2396 3925 2468 quiverit

2327 2497 2551 2568 implere
2579 2498 2936 2554 voluntatem.

2394 2594 2485 2649 39.
2528 2593 2915 2663 Proponamus,
2962 2601 3018 2648 et
3057 2590 3298 2661 Apostoli
3337 2591 3403 2645 ad
3448 2590 3724 2645 Romanos
3757 2586 3924 2663 146

2325 2688 2570 2759 epistula:
2608 2687 2978 2743 testimonium
3008 2705 3023 2741 :
3055 2702 3286 2758 quaeque
3324 2685 3483 2742 nobis
3512 2684 3567 2740 in
3606 2684 3693 2739 illa
3724 2684 3923 2738 viden-

2328 2793 2412 2839 tur
2456 2784 2712 2853 praesenti
2762 2787 3004 2840 materite
3048 2798 3385 2855 congruere,
3435 2782 3790 2839 ventilemus.
3847 2780 3919 2838 Ut

2318 2876 2651 2951 justiﬁcutio,
2684 2876 2876 2947 inquit,
2917 2876 3044 2950 legis
3080 2878 3361 2949 impleatur
3386 2878 3439 2931 iu
3473 2877 3616 2931 vobis
3643 2892 3661 2931 :
3688 2876 3776 2946 qui
3813 2892 3921 2930 non

2315 2974 2472 3044 juxta
2497 2987 2701 3025 carnem
2728 2971 3008 3025 ambulatis
3027 3012 3041 3036 ,
3084 2971 3174 3025 sed
3208 2973 3489 3025 secundum
3516 2970 3774 3041 spiritum.
3814 2968 3920 3035 Qui

2327 3064 2458 3118 enim
2490 3064 2646 3135 juxta
2671 3080 2882 3118 carnem
2909 3073 3048 3129 sunt,
3087 3080 3149 3119 ea
3177 3080 3292 3135 qua:
3322 3064 3494 3117 carnis
3519 3072 3640 3117 sunt
3681 3062 3915 3132 sapiunt.

624 3152 739 3208 disci
764 3194 779 3220 ,
805 3152 869 3205 de
896 3165 1006 3204 meo
1045 3149 1268 3219 accipiet
1295 3157 1342 3202 et
1362 3146 1689 3202 annuutiabit
1720 3145 1855 3201 vobis
1887 3143 2066 3216 (Joan.
2108 3160 2217 3211 xvt,

2329 3156 2429 3223 Qui
2456 3173 2574 3211 vero
2598 3162 2749 3227 juxta
2778 3157 3040 3229 spiritum,
3067 3173 3129 3211 ea
3151 3172 3266 3227 qua:
3293 3155 3506 3227 spiritus
3525 3164 3644 3209 sunt
3666 3154 3914 3209 sentiunt.

624 3246 740 3319 M),
774 3242 1178 3317 quodammodo
1221 3242 1473 3313 loquens,
1516 3240 1671 3297 Licet
1700 3257 1728 3294 a
1756 3239 1919 3297 Patre
1962 3240 2225 3311 procedat

626 3339 861 3411 Spiritus
880 3335 1146 3401 veritatis,
1165 3344 1221 3391 et
1249 3334 1344 3390 det
1369 3344 1390 3374 ε
1420 3332 1499 3389 illi
1524 3334 1664 3389 Deus
1694 3332 1953 3403 Spiritum
1974 3341 2222 3390 sanctum

625 3430 937 3504 petentibus
973 3444 1053 3496 se,
1102 3439 1280 3484 tamen
1314 3427 1438 3497 quia
1469 3428 1654 3481 omnia
1682 3442 1805 3496 quae
1834 3426 1997 3482 habet
2039 3427 2219 3493 Pater,

628 3539 745 3579 mea
778 3532 927 3586 sunt,
952 3532 1007 3576 et
1037 3518 1194 3592 145
1232 3519 1350 3590 ipse
1378 3517 1610 3587 Spiritus
1641 3516 1823 3572 Patris
1852 3531 2006 3574 meus
2033 3525 2136 3584 est,
2172 3526 2227 3572 et

625 3615 694 3671 de
723 3631 845 3671 meo
872 3614 1125 3682 accipiet.
1154 3611 1301 3667 Cave
1325 3620 1505 3666 autem
1535 3625 1660 3666 cum
1693 3610 1793 3664 ista
1818 3610 2076 3665 dicuntur
2101 3607 2128 3647 ά
2157 3626 2225 3666 ne

626 3721 790 3778 grave
817 3705 1019 3761 labaris
1060 3702 1438 3772 intelligentiae
1470 3702 1522 3756 in
1558 3702 1770 3768 vitium,
1814 3710 1868 3756 et
1914 3710 2069 3771 putes
2110 3717 2225 3757 rem

628 3798 864 3867 aliquam
895 3812 1043 3863 esse,
1076 3804 1133 3852 et
1163 3794 1588 3865 possessionem,
1617 3810 1738 3865 qua:
1776 3808 1807 3848 a
1841 3795 1999 3850 Patre
2029 3795 2225 3851 habea-

630 3900 719 3947 tur
747 3906 810 3946 ac
840 3891 995 3946 Filio.
1025 3890 1229 3945 Verum
1258 3904 1376 3960 quin
1419 3889 1583 3944 habet
1612 3888 1773 3945 Pater
1796 3888 1943 3958 juxta
1976 3889 2227 3945 substan-

628 3985 757 4041 tiam
787 4025 802 4050 ,
846 3983 897 4038 id
940 3992 1045 4051 est,
1079 3983 1466 4048 aeternitatem,
1500 3982 2022 4050 immutabilitatem,
2049 3984 2227 4040 incor-

626 4078 934 4147 ruptionem
969 4086 1015 4139 θ,
1040 4074 1434 4130 immutabilem
1463 4074 1788 4144 bonitatem,
1822 4076 1891 4131 de
1917 4092 1977 4132 se
2008 4088 2059 4134 et
2086 4076 2142 4133 in
2168 4094 2228 4134 se

625 4169 1054 4236 subsistentem,
1106 4169 1223 4222 lurc
1268 4168 1458 4223 eadem
1508 4168 1667 4224 habet
1710 4180 1764 4225 et
1794 4169 1985 4226 Filius.
2036 4170 2139 4237 Et,
2171 4182 2228 4226 ut

626 4264 749 4336 plus
776 4262 1026 4325 inferam.
1056 4261 1319 4332 quidquid
1352 4261 1528 4318 Filius
1560 4263 1676 4334 ipse
1705 4264 1977 4332 subsistit,
2005 4258 2059 4319 et
2081 4281 2231 4335 quac-

623 4372 859 4428 cumquc
877 4365 1005 4411 sunt
1030 4354 1176 4411 Filii.
1202 4355 1317 4410 lucc
1343 4354 1534 4410 eadem
1563 4366 1617 4411 et
1640 4355 1800 4411 Pater
1823 4357 2007 4412 habet.
2036 4356 2227 4413 Procul

628 4453 758 4510 hinc
781 4453 964 4509 absint
992 4451 1408 4508 dialecticorum
1444 4451 1762 4516 tendiculm,
1811 4461 1867 4507 et
1895 4452 2227 4522 sophismata

2329 3248 2601 3321 Sapientia
2644 3255 2833 3321 quippe
2879 3249 3051 3304 carnis
3097 3266 3237 3303 mors
3283 3258 3378 3302 est.
3424 3247 3697 3321 Sapientia
3742 3256 3917 3302 autem

2326 3346 2559 3416 spiritus,
2587 3346 2689 3399 vita
2720 3354 2770 3399 et
2797 3361 2901 3415 paa:
2922 3360 2940 3398 :
2961 3343 3200 3414 quoniam
3228 3342 3479 3411 sapientia
3508 3341 3679 3395 carnis
3709 3339 3923 3394 inimica

2327 3447 2400 3493 est
2430 3437 2534 3491 Deo
2565 3454 2584 3491 :
2612 3437 2711 3510 legi
2736 3438 2928 3507 quippe
2968 3435 3065 3490 Dei
3101 3453 3201 3490 non
3232 3435 3524 3508 subjicitur.
3567 3433 3748 3503 Neque
3781 3433 3921 3486 enim

2329 3539 2510 3601 potest.
2547 3530 2648 3597 Qui
2675 3545 2790 3583 vero
2821 3530 2872 3582 in
2904 3546 3055 3583 carne
3093 3539 3244 3594 sunt,
3277 3526 3386 3582 Deo
3418 3527 3620 3597 placere
3657 3542 3759 3580 non
3798 3541 3927 3594 pos-

2327 3632 2465 3677 sunt.
2508 3621 2609 3677 Vos
2635 3631 2804 3676 autem
2836 3638 2937 3675 non
2962 3640 3003 3676 es
3016 3624 3079 3676 tis
3105 3622 3157 3675 in
3185 3638 3357 3688 carne,
3394 3620 3483 3675 sed
3512 3620 3564 3674 in
3593 3618 3796 3688 Spiritu
3826 3634 3845 3673 :
3876 3619 3921 3673 si

2329 3726 2497 3771 tamen
2528 3717 2757 3788 Spiritus
2787 3716 2880 3770 Dei
2899 3715 3100 3771 habitat
3128 3718 3181 3770 in
3204 3717 3364 3774 vobis.
3392 3716 3451 3772 Si
3472 3717 3587 3786 quis
3603 3726 3771 3769 autem
3795 3712 3919 3783 Spi-

2328 3813 2485 3867 ritum
2528 3809 2718 3866 Christi
2761 3828 2862 3865 non
2902 3811 3072 3879 habet,
3118 3811 3201 3864 hic
3242 3828 3339 3864 non
3378 3819 3453 3864 est
3492 3813 3626 3884 ejus.
3661 3808 3722 3864 Si
3749 3816 3923 3862 autem

2331 3904 2565 3959 Christus
2589 3914 2664 3960 est
2684 3905 2739 3956 in
2758 3904 2918 3968 vobis,
2944 3920 3134 3975 corpus
3160 3904 3365 3973 quidem
3394 3912 3653 3957 mortuum
3683 3909 3756 3955 est
3792 3916 3921 3971 pro-

2330 4010 2442 4071 pter
2474 4005 2757 4067 pcccatum,
2786 3998 2997 4066 spiritus
3025 4014 3142 4052 vero
3168 3998 3287 4052 vivit
3313 4006 3521 4061 promer
3541 3997 3824 4070 justitiam.
3860 3995 3925 4050 Si

2330 4102 2500 4146 autem
2522 4091 2753 4160 Spiritus
2776 4092 2887 4161 ejus
2908 4093 2998 4160 qui
3018 4091 3280 4144 suscitavit
3301 4086 3485 4143 Jesum
3512 4104 3543 4141 a
3562 4087 3798 4154 mortuis,
3827 4086 3925 4141 ha-

2331 4186 2453 4240 bitat
2491 4186 2543 4238 in
2571 4184 2710 4239 vobis
2740 4200 2759 4239 :
2794 4185 2883 4254 qui
2919 4184 3185 4238 suscitavit
3214 4181 3397 4237 Iesum
3430 4180 3689 4236 Christum
3717 4197 3748 4233 a
3778 4194 3924 4234 utor-

2331 4282 2453 4343 tuis,
2483 4280 2755 4349 viviﬁrabit
2801 4288 2849 4334 et
2880 4279 3122 4333 mortalia
3156 4293 3375 4346 corpora
3404 4286 3573 4331 vestra
3603 4283 3809 4345 prapter
3840 4276 3923 4328 in-

2331 4373 2645 4428 habitantem
2660 4372 2913 4443 Spiritum
2925 4374 3036 4442 ejus
3050 4374 3101 4425 in
3120 4373 3279 4426 vobis.
3305 4370 3465 4442 Ergo,
3493 4378 3518 4416 ε
3542 4372 3749 4438 fratres.
3782 4367 3929 4423 debi-

2333 4476 2465 4521 tores
2486 4482 2664 4521 sumus
2691 4484 2791 4520 non
2814 4465 2994 4532 carni,
3038 4476 3092 4517 ut
3121 4464 3407 4519 secundum
3436 4476 3640 4517 carnem
3668 4460 3924 4515 vivamus.

627 4563 659 4603 a
686 4548 915 4602 veritate
962 4545 1249 4611 pellantur,
1299 4560 1422 4616 qua:
1453 4545 1799 4601 occasionem
1842 4545 2136 4616 impietatis
2162 4564 2223 4603 ex

2336 4560 2399 4615 Si
2425 4561 2560 4614 enim
2588 4559 2873 4614 secundum
2898 4572 3105 4613 carnem
3128 4557 3383 4623 vixeritis,
3413 4554 3700 4610 moriemini
3749 4553 3808 4609 Si
3833 4570 3929 4609 au-

629 4641 717 4711 pia
754 4639 1143 4709 praedicatione
1164 4641 1431 4711 capientia
1460 4683 1474 4705 ,
1522 4639 1748 4696 dicunt:
1800 4640 1944 4712 Ergo
1973 4650 2029 4696 et
2070 4641 2230 4698 Pater

628 4743 715 4789 est
743 4731 947 4800 Filius,
976 4744 1029 4787 et
1061 4733 1228 4789 Filius
1264 4733 1445 4789 Pater.
1490 4733 1549 4790 Si
1585 4734 1728 4790 enim
1760 4734 2008 4801 dixisset,
2042 4738 2225 4793 omnia

627 4839 989 4898 quaecumque
1010 4825 1168 4883 habet
1196 4826 1368 4895 Deus,
1398 4843 1518 4884 mea
1546 4837 1694 4892 sunt,
1727 4828 1949 4885 haberet
1977 4830 2228 4901 impietas

622 4921 969 4978 occasionem
999 4922 1373 4990 contingeudi.
1404 4933 1459 4979 et
1484 4924 1780 4980 verisimile
1807 4925 2084 4982 videretur
2105 4941 2229 4983 esse

626 5013 994 5067 mendacium.
1018 5010 1153 5068 Cum
1189 5028 1321 5069 vero
1343 5015 1566 5081 dixerit,
1596 5016 1785 5071 Omnia
1806 5035 1922 5088 qua:
1946 5018 2097 5074 habet
2124 5018 2231 5075 Pa-

629 5111 707 5158 ter
745 5120 858 5159 mea
892 5115 1049 5168 sunt,
1080 5096 1257 5159 Patris
1298 5109 1521 5165 nomine
1552 5126 1610 5164 se
1656 5110 1848 5166 Filium
1890 5111 2227 5180 declaravit,

700 5266 727 5344 ξ
766 5262 1117 5344 [idern_mss.
1160 5278 1285 5344 cgtm
1306 5266 1480 5344 yeteri
1511 5266 1677 5344 _erlit.,
1714 5270 1943 5344 pandens
1987 5276 2100 5344 ejus
2132 5272 2225 5340 (al.

624 5336 720 5424 eis)
755 5335 1125 5424 sublimitatem
1154 5335 1569 5406 gloriﬁcationis,
1603 5347 1649 5391 et
1688 5335 2082 5411 magnitudinis,
2117 5335 2231 5415 glo-

734 5428 776 5459 .ﬂ
806 5448 821 5462 .

624 5410 744 5519 mir
764 5418 1007 5536 Etlmendo
1036 5495 1101 5555 ex
1150 5477 1370 5555 Btrlhii
1395 5478 1732 5549 conjectura,
1783 5496 1905 5537 cum
1939 5500 2223 5555 perperam

627 5561 777 5608 εδει-ι
794 5567 913 5623 uno
945 5553 1119 5606 verho
1146 5553 1423 5623 quomodo.

702 5633 723 5660 c
747 5622 828 5696 Aut
872 5638 1063 5679 sensus
1099 5622 1337 5696 cnnstet,
1392 5622 1643 5680 voculam
1686 5622 1767 5677 illi
1794 5638 2081 5696 expunge:
2115 5634 2223 5683 tum

628 5689 822 5800 Refin.
845 5696 970 5747 cod.
1006 5695 1308 5761 petentibus.
1339 5711 1470 5766 aque
1496 5708 1665 5749 tamen
1694 5689 1885 5760 omnia,
1922 5689 2027 5752 etc.

760 5762 936 5800 Malim
978 5767 1120 5800 nnan
1151 5766 1201 5800 ἷη
1236 5768 1406 5800 ποια-ἰ
1439 5768 1546 5800 mlh
1606 5776 1721 5800 Διισιι
1756 5782 1816 5800 ..ρ
1844 5782 2003 5800 ...ηου-

759 5762 936 5817 Malim
978 5767 1120 5835 quod
1151 5766 1203 5822 in
1236 5762 1408 5825 veteri
1438 5768 1570 5826 edit.
1605 5776 1727 5823 erat
1755 5782 1816 5822 ne
1844 5782 2003 5839 prava
2032 5767 2222 5824 intelli-

2339 4663 2436 4707 tem
2477 4654 2662 4717 spiritu
2694 4654 2833 4720 facta
2860 4650 3035 4706 carnis
3075 4649 3526 4718 mortiﬁcaveritis,
3566 4648 3764 4701 vivetis.
3799 4644 3929 4711 Oui-

2337 4762 2553 4816 cumque
2590 4746 2725 4800 enim
2767 4744 2970 4808 Spiritu
3010 4742 3104 4798 Dei
3146 4753 3393 4816 aguntur,
3428 4743 3482 4795 hi
3522 4741 3623 4812 ﬁlii
3655 4750 3771 4794 sunt
3805 4736 3923 4797 Dei.

2338 4837 2463 4893 Non
2503 4839 2636 4892 enim
2666 4837 2932 4907 accepistis
2972 4837 3209 4909 spiritum
3247 4836 3506 4891 servitutis
3547 4836 3736 4889 iterum
3772 4832 3825 4886 in
3860 4834 3929 4887 ti-

2325 4947 2468 4985 more
2499 4930 2631 4984 :sed
2674 4930 2940 4996 accepistis
2980 4929 3237 5000 Spiritum
3268 4928 3565 5001 adeptionis
3601 4927 3657 4981 in
3693 4942 3791 4997 quo
3819 4927 3930 4981 cla-

2326 5039 2530 5077 mamus
2573 5022 2705 5076 abba
2742 5033 2907 5094 pater.
2954 5020 3074 5093 Ipse
3114 5022 3253 5077 enim
3300 5022 3530 5094 Spiritus
3573 5019 3925 5075 testimonium

2328 5114 2558 5188 perhibet
2581 5115 2785 5187 spiritui
2815 5124 3017 5181 nostra,
3046 5115 3169 5187 quia
3202 5131 3382 5169 sumus
3415 5112 3549 5168 Filii
3580 5111 3697 5167 Dei.
3729 5112 3789 5168 Si
3823 5128 3925 5167 au-

2338 5271 2731 5347 gentialabaris
2753 5274 2807 5327 in
2829 5274 3031 5347 vitium.
3058 5273 3141 5347 cui
3175 5273 3289 5347 fere
3312 5273 3562 5347 concinit
3587 5271 3781 5347 Regio.
3816 5288 3923 5347 ms.

2415 5356 2438 5382 e
2474 5345 2611 5400 Illud
2642 5345 3011 5401 immutabilem
3035 5345 3269 5401 abundat
3305 5346 3392 5398 hic
3422 5346 3555 5406 loci,
3606 5360 3706 5399 nec
3739 5345 3792 5400 in
3820 5345 3930 5402 Re-

2337 5417 2482 5487 ginae
2508 5430 2614 5470 ms.
2651 5418 2940 5470 invenitur.
2968 5418 3172 5471 Deinde
3216 5417 3404 5472 verba.
3443 5416 3506 5470 Et
3541 5425 3598 5472 ut
3636 5419 3755 5486 plus
3789 5418 3928 5487 infe-

2335 5486 2470 5553 ram,
2499 5488 2746 5559 quidquid
2784 5486 2950 5542 Filius
2989 5490 3102 5555 ipse
3133 5488 3393 5556 subsistit,
3427 5503 3491 5543 ex
3521 5503 3653 5543 mss.
3683 5486 3927 5546 omnium

2334 5574 2605 5615 consensu
2633 5576 2695 5615 ac
2728 5560 2835 5614 [ide
2866 5561 3113 5614 restituo.

2409 5629 2427 5668 ί
2463 5633 2682 5702 [legium
2710 5631 2835 5686 cod.
2859 5632 3038 5687 eodem
3065 5630 3246 5703 repleti
3274 5630 3499 5702 Spiritu,
3524 5631 3929 5700 pronuntiabant

2337 5710 2385 5756 et
2414 5719 2587 5757 sensu.

2407 5783 2431 5820 ε
2460 5774 2658 5831 Deerat
2683 5778 2889 5847 fratres,
2917 5773 3059 5845 quod
3089 5788 3120 5831 e
3145 5786 3277 5830 mss.
3307 5770 3643 5829 suﬂecimus.
