4074 6404
160 336 245 393 131
871 329 1435 390 INTERPRETATIO
1475 329 1657 388 LIBRI
1694 330 1931 389 DlDYMl
1971 331 2059 388 DE
2101 331 2368 389 Sl’IRlTU
2412 329 2699 389 SANCTO.

3326 344 3427 401 158

157 462 239 505 teut
276 450 396 521 ﬁlii,
436 458 487 504 et
526 448 755 505 heredes
792 450 998 519 quidem
1042 449 1140 505 Dei
1170 467 1189 504 :
1219 449 1515 504 colta'redes
1557 460 1726 502 autent
1755 453 1806 512 Α
1835 448 1938 503 Sed
1961 459 2015 503 et
2044 449 2097 502 in
2128 450 2364 519 Epistula
2390 450 2557 515 Petri,
2584 448 2824 520 Spiritus
2844 459 3069 506 sanctus
3091 466 3215 508 esse
3233 454 3434 514 Christi

158 544 377 601 Christi:
406 548 451 599 si
482 554 653 598 tamen
691 545 1054 615 compatimur,
1096 554 1151 597 ut
1191 555 1237 598 et
1282 542 1731 615 congloriﬁcemur

159 636 313 707 (Rom.
358 653 475 702 vrtt,
509 638 544 692 4
583 634 734 705 seq.).
784 634 840 689 ιιι
882 635 1138 703 prmseuti
1188 636 1439 704 Apostoli
1489 635 1729 704 capitulo

156 731 370 800 plurima
392 732 462 787 de
482 730 745 786 societate
770 731 1026 800 Spiritus,
1050 746 1210 798 quam
1237 730 1545 785 habetcum
1570 729 1732 783 Patre

156 831 203 877 et
228 824 357 878 Filio
381 823 849 878 demonstrantur.
883 823 975 878 Ait
1015 825 1217 894 quippe
1247 823 1552 893 Apostolus
1576 822 1734 890 justi-

156 918 444 974 ticationem
492 917 752 985 divinam,
798 926 853 973 et
896 917 1198 987 spiritualis
1246 919 1381 987 legis
1424 916 1629 985 expleri
1678 917 1731 969 in

156 1012 230 1069 his
273 1032 285 1069 :
327 1029 435 1069 non
486 1014 576 1083 qui
620 1014 772 1082 juxta
818 1028 1039 1068 carnem
1087 1011 1396 1077 ambulant,
1447 1011 1541 1065 sed
1578 1010 1733 1079 juxta

150 1104 418 1174 Spiritum.
450 1105 607 1161 Juxta
643 1120 862 1160 carnem
894 1104 1288 1171 ambulantem,
1333 1118 1457 1157 eum
1500 1103 1593 1172 qui
1635 1116 1732 1170 per

153 1198 444 1269 voluptates
472 1199 597 1253 vitia
622 1200 802 1253 carnis
826 1198 1043 1267 corpori
1072 1196 1376 1266 copulatus.
1405 1195 1532 1249 facit
1554 1195 1734 1250 omnia

151 1309 260 1363 qua:
287 1292 469 1349 carnis
495 1290 908 1363 snnt|Al.esse]
936 1304 989 1347 et
1015 1291 1263 1360 corporis
1284 1305 1475 1358 opera,
1507 1291 1735 1357 Aposto-

151 1386 276 1444 licus
309 1403 494 1443 sermo
534 1386 826 1455 descripsit
875 1386 981 1457 [Αι.
1029 1382 1335 1455 describit].
1378 1383 1550 1437 Porro
1585 1383 1736 1451 juxta

152 1480 397 1547 Spiritum
444 1480 812 1535 ambulantem
844 1494 991 1544 eum,
1032 1478 1123 1547 qui
1166 1478 1219 1531 itt
1270 1476 1561 1546 praeceptis
1602 1474 1738 1545 legis

150 1569 257 1635 Dei,
286 1581 338 1627 et
364 1571 638 1642 Evangelii
669 1570 947 1639 gradiens,
978 1569 1345 1638 Spiritualium
1379 1568 1625 1637 sequitur
1650 1582 1739 1621 or-

148 1660 320 1718 dinem
357 1665 765 1719 mandatorum.
810 1662 1094 1733 Siquidem
1135 1663 1276 1716 sicut
1316 1661 1613 1715 carnalium
1662 1661 1739 1715 vi-

150 1758 279 1812 tium
300 1771 381 1815 est
406 1776 470 1817 ea
499 1775 698 1830 sapere
725 1774 847 1829 quae
879 1759 1062 1813 carnis
1090 1769 1236 1823 sunt,
1262 1773 1324 1813 ea
1353 1759 1591 1829 cogitare
1619 1774 1739 1828 qure

1836 542 2071 611 Spiritus
2102 543 2493 612 comprobatur
2527 562 2539 596 :
2574 544 2901 610 Scrutantes,
2948 545 3148 615 inquit,
3189 558 3234 599 et
3266 550 3436 614 inqui-

1834 647 2023 702 rentes,
2056 636 2107 691 id
2137 645 2221 691 est
2262 635 2574 703 PI‘OphelJF,
2610 637 2676 690 de
2714 638 2907 705 quibus
2951 639 2999 693 ei
3044 640 3219 691 luerat
3259 654 3439 697 sermo

1836 730 2114 795 superior,
2145 728 2173 765 ι)
2201 730 2253 782 in
2284 729 2445 799 quod,
2487 739 2536 782 et
2565 731 2715 798 quale
2758 740 2954 801 tempus
2989 731 3319 802 signiﬁcabat
3357 734 3399 787 is
3421 776 3436 800 ,

1843 820 2000 893 148
2029 823 2115 891 qui
2154 823 2206 875 in
2250 823 2323 873 eis
2364 832 2470 875 erat
2511 821 2746 887 Spiritus
2779 822 2969 875 Christi
3004 840 3022 877 :
3060 825 3341 895 testiﬁcaris
3384 827 3438 880 iu

1837 912 2041 967 Christo
2077 913 2360 985 passiones,
2406 921 2451 965 et
2490 929 2551 965 ea
2590 929 2703 982 qua:
2734 924 2848 983 post
2891 925 3036 966 erant
3077 928 3317 971 secutura
3345 919 3439 973 tle—

1837 1016 1973 1066 creta
2006 1022 2023 1058 :
2056 1006 2107 1057 in
2134 1004 2316 1073 quibus
2347 1005 2628 1057 revelatum
2657 1013 2731 1057 est
2756 1020 2772 1055 :
2800 1005 2918 1071 quia
2948 1022 3050 1058 non
3072 1006 3188 1069 sibi,
3220 1008 3310 1060 sed
3340 1026 3437 1062 no-

1839 1097 1912 1149 bis
1944 1096 2300 1149 ntinistrabaut
2328 1114 2387 1148 ea
2408 1111 2521 1165 quw
2543 1112 2679 1149 nunc
2699 1097 3007 1149 annuntiata
3036 1110 3155 1150 sunt
3179 1100 3318 1153 vobis
3346 1117 3438 1171 per

1843 1186 2095 1259 Spiritum
2123 1198 2357 1242 sanctum
2388 1188 2428 1258 (Ι
2465 1187 2578 1242 Pet.
2614 1204 2651 1253 ι,
2691 1189 2753 1241 10
2781 1188 2936 1259 srq.).
2976 1190 3082 1245 Iste
3112 1203 3290 1246 autent
3322 1194 3446 1262 Spi-

1839 1280 1976 1333 ritus
1999 1290 2219 1334 sanctus
2250 1281 2430 1335 dictus
2456 1290 2564 1344 est,
2596 1293 2651 1334 et
2679 1280 2913 1349 Spiritus
2938 1283 3058 1346 Dei,
3086 1300 3192 1338 non
3222 1286 3272 1338 in
3304 1301 3439 1355 pra:-

1840 1375 1981 1429 senti
2015 1384 2219 1429 tantum
2250 1392 2535 1441 sermone,
2570 1375 2664 1430 sed
2703 1383 2758 1429 et
2792 1376 2842 1429 in
2875 1376 2996 1429 aliis
3034 1376 3170 1430 locis
3199 1381 3445 1447 eomplu-

1841 1468 2013 1531 ribus,
2064 1479 2121 1521 ut
2171 1468 2244 1521 ibi
2290 1488 2301 1520 :
2355 1466 2434 1520 Ea
2480 1484 2594 1536 qua:
2643 1466 2739 1519 Dei
2779 1479 2919 1534 sunt,
2970 1485 3118 1521 nemo
3162 1470 3299 1521 novit
3344 1472 3446 1526 nisi

1844 1562 2073 1635 Spiritus
2099 1562 2198 1617 Dei
2225 1563 2401 1632 (Rom.
2438 1578 2553 1626 vut,
2580 1561 2659 1632 9).
2696 1562 2902 1616 Deinde
2925 1562 3175 1632 sequitur
3197 1573 3319 1631 post
3342 1564 3445 1619 hoc

1841 1655 1985 1725 quod
2018 1654 2095 1708 ait
2123 1673 2134 1707 :
2170 1654 2229 1710 Si
2258 1656 2373 1722 quis
2403 1664 2574 1707 autem
2605 1654 2866 1722 Spiritum
2899 1654 2993 1707 Dei
3026 1671 3126 1707 non
3158 1655 3334 1722 habet,
3360 1659 3444 1712 hic

1843 1765 1943 1802 non
1978 1759 2050 1803 est
2091 1750 2224 1817 ejus,
2255 1758 2307 1801 et
2341 1748 2595 1811 infertur,
2630 1746 2690 1801 Si
2721 1758 2893 1799 autem
2924 1744 3158 1801 Christus
3189 1753 3240 1802 in
3281 1750 3444 1816 vobis,

145 1864 463 1921 corporum,
496 1854 575 1909 sic
614 1869 645 1909 θ
689 1852 965 1908 contrario
1009 1851 1375 1922 spiritualium
1419 1853 1590 1906 virtus
1632 1864 1736 1918 est,
1770 1844 1815 1903 B
1844 1852 1900 1897 et
1940 1840 2385 1896 manifestissime
2416 1842 2827 1894 demonstratur
2854 1841 3276 1907 inseparabilem
3321 1860 3444 1900 (3556

143 1958 355 2013 semper
380 1948 625 2017 Cogitare
665 1946 734 2001 de
761 1946 1083 2002 caelestibus
1114 1956 1168 1999 et
1209 1947 1452 2011 aeternis,
1494 1946 1647 2018 147
1680 1958 1733 2003 et

142 2033 219 2089 his
248 2045 486 2093 tractare
511 2052 636 2108 qttze
664 2038 893 2107 spiritus
921 2047 1069 2091 sunt.
1104 2036 1212 2092 Sed
1238 2037 1419 2090 carnis
1446 2041 1733 2105 sapientia,

137 2126 280 2185 illico
305 2143 485 2187 morte
527 2132 631 2186 sibi
658 2130 882 2196 sociata,
916 2131 1179 2184 interllcit
1205 2144 1299 2184 eos
1327 2130 1416 2198 qui
1440 2130 1596 2198 juxta
1621 2145 1736 2186 car-

134 2233 253 2274 nem
285 2222 617 2290 gradiuntur
646 2229 700 2273 et
730 2220 950 2287 sapiunt
976 2236 988 2271 :
1017 2220 1287 2286 sapientia
1324 2234 1457 2271 vero
1491 2219 1734 2287 spiritus,

128 2314 338 2367 mentis
363 2312 839 2383 tranquillitatem,
875 2324 928 2367 et
952 2328 1164 2383 pacem,
1200 2320 1253 2365 et
1290 2312 1451 2365 vitam
1490 2312 1738 2367 habenti-

130 2406 240 2461 bus
284 2422 347 2462 se
400 2406 626 2478 largitur
664 2418 946 2463 aeternam.
987 2410 1163 2477 Quam
1201 2424 1321 2463 cum
1370 2408 1736 2478 possederint,

132 2515 333 2554 omnes
370 2501 818 2571 perturbationes
857 2512 912 2558 et
951 2519 1157 2574 genera
1189 2504 1480 2569 vitiorum,
1510 2513 1561 2558 et
1593 2503 1741 2573 ipsos

132 2609 355 2663 quoque
390 2595 673 2651 daemones
707 2596 823 2667 (qui
856 2597 975 2651 bzec
1001 2612 1308 2667 suggerere
1343 2594 1612 2667 nituntur)
1644 2596 1738 2650 ha-

132 2685 343 2741 bebunt
376 2686 480 2741 sub
510 2688 738 2757 pedibus
764 2689 901 2743 suis.
931 2688 1219 2759 Sapientia
1248 2704 1379 2759 ergo
1404 2689 1587 2743 carnis
1616 2704 1736 2743 cum

136 2779 291 2832 morti
326 2778 522 2845 junCIa
562 2780 667 2844 sit,
707 2780 927 2836 inimica
960 2791 1043 2835 est
1078 2780 1213 2835 Deo.
1249 2781 1508 2836 Inimicos
1537 2780 1737 2850 quippe

136 2884 225 2924 eos
255 2872 438 2928 reddit
461 2872 550 2941 qui
585 2874 699 2927 suis
725 2873 937 2943 legibus
967 2873 1239 2928 vixerint:
1273 2873 1557 2927 contraria
1590 2887 1736 2927 sem-

138 2976 247 3030 per,
277 2975 329 3019 et
359 2980 680 3036 repugnans
704 2966 969 3021 voluntati
1002 2976 1056 3021 et
1094 2966 1201 3030 legi
1228 2965 1344 3020 Dei.
1372 2965 1560 3033 Neque
1586 2966 1731 3020 enim

144 3056 255 3111 ﬁeri
279 3067 487 3127 potest,
522 3067 579 3113 ut
610 3059 699 3129 qui
735 3060 787 3114 in
817 3060 1084 3130 sapientia
1118 3058 1301 3114 carnis
1327 3068 1437 3125 est,
1461 3058 1558 3113 Dei
1596 3073 1732 3126 prae-

140 3161 284 3219 cepta
348 3151 672 3217 custodiat,
734 3161 789 3208 et
851 3152 1127 3207 voluntati
1187 3151 1332 3207 illius
1385 3150 1730 3219 subjiciatur.

1840 1934 2099 2003 Spiritum
2139 1942 2388 1987 sanctum
2424 1949 2450 1985 a
2480 1932 2706 1987 Christo
2738 1951 2751 1985 :
2782 1933 2905 2001 quia
2956 1932 3284 2004 ubicumque
3323 1934 3447 2007 Spi-

1842 2028 1977 2081 ritus
2003 2036 2224 2082 sattctus
2254 2026 2451 2089 fuerit,
2487 2026 2557 2080 ibi
2583 2037 2637 2080 et
2662 2026 2909 2081 Christus
2939 2036 3044 2092 est,
3072 2038 3127 2082 et
3150 2029 3446 2085 undecum-

1841 2137 1945 2191 que
1973 2120 2177 2177 Christi
2199 2123 2435 2189 Spiritus
2476 2121 2817 2182 discesserit,
2841 2122 2967 2175 inde
3005 2122 3211 2191 pariter
3236 2126 3443 2178 recedit

1841 2223 1895 2267 et
1923 2212 2188 2267 Christus.
2214 2213 2272 2268 Si
2295 2214 2418 2282 quis
2441 2213 2585 2266 enim
2611 2211 2873 2280 Spiritttttt
2896 2212 3103 2266 Christi
3126 2230 3231 2265 non
3258 2216 3443 2281 habet,

1843 2304 1931 2359 hic
1962 2321 2067 2359 non
2114 2316 2197 2360 est
2237 2305 2374 2374 ejus.
2422 2304 2518 2359 Cui
2544 2310 2837 2371 COnjttncm
2870 2308 2913 2359 si
2948 2306 3073 2375 quis
3106 2310 3440 2363 Contrarium

1843 2408 2107 2465 assumat,
2140 2399 2324 2452 dicere
2363 2407 2541 2466 potest
2577 2416 2588 2450 :
2621 2398 2676 2453 Si
2725 2400 2848 2467 quis
2878 2398 3082 2453 Christi
3127 2410 3230 2465 est,
3276 2400 3346 2455 ita
3389 2414 3445 2455 ut

1842 2491 2093 2546 Christus
2122 2490 2176 2544 itt
2216 2507 2280 2545 eo
2313 2493 2401 2553 sit,
2439 2493 2489 2545 in
2530 2490 2633 2544 hoc
2665 2490 2902 2560 Spiritus
2936 2490 3030 2545 Dei
3062 2500 3165 2545 cst.
3205 2492 3315 2546 lloc
3348 2509 3441 2545 att-

1844 2592 1951 2639 tem
1980 2583 2127 2637 idem
2158 2592 2211 2636 et
2238 2582 2305 2637 de
2333 2582 2445 2637 Deo
2474 2582 2631 2636 Patre
2670 2580 2923 2635 similiter
2956 2582 3355 2650 usurpandum.
3390 2585 3447 2638 Si

1842 2674 1963 2743 quis
1998 2673 2263 2744 Spiritum
2299 2675 2389 2727 Dei
2420 2690 2526 2728 non
2561 2674 2755 2735 habet,
2790 2674 2893 2728 iste
2925 2690 3032 2726 non
3066 2685 3150 2727 est
3177 2673 3317 2743 ejus.
3349 2672 3447 2729 Cui

1837 2784 2056 2823 rursum
2080 2770 2415 2824 contrarium
2444 2770 2488 2822 si
2514 2770 2636 2837 quis
2664 2777 2933 2833 assumat,
2970 2767 3159 2821 dicens
3193 2785 3203 2818 :
3240 2766 3293 2822 Si
3325 2770 3446 2838 quis

1843 2859 1935 2914 Dei
1980 2870 2085 2927 est,
2119 2861 2168 2913 in
2220 2861 2323 2915 hoc
2365 2860 2604 2928 Spiritus
2659 2861 2752 2913 Dei
2791 2870 2895 2914 est.
2945 2859 3097 2913 Unde
3144 2858 3440 2915 scribitur:

1841 2950 2067 3007 Nescitis
2107 2955 2228 3025 quia
2262 2954 2508 3025 templum
2554 2953 2652 3007 Dei
2698 2956 2842 3017 estis,
2874 2964 2921 3007 et
2962 2956 3015 3007 in
3065 2954 3207 3007 vobis
3246 2956 3445 3009 habitat

1840 3045 2069 3112 Spiritus
2098 3045 2197 3100 Dei
2225 3048 2267 3116 (l
2296 3046 2415 3102 Cor.
2444 3065 2522 3111 ιιι,
2554 3046 2687 3113 16)?
2723 3048 2785 3101 Et
2817 3048 2869 3101 itt
2899 3046 3126 3101 Joannis
3156 3048 3393 3113 cpistola
3428 3068 3441 3103 :

1838 3136 1903 3191 In
1938 3137 2035 3191 hoc
2061 3142 2389 3209 cognoscitur
2423 3140 2555 3193 Deus
2587 3140 2831 3193 habitans
2872 3140 2925 3193 in
2966 3141 3295 3209 quibusdam,
3327 3159 3445 3196 cum

142 3243 383 3311 Quandiu
431 3245 711 3301 servimus
754 3245 1154 3314 volllpuﬁbus.
1205 3245 1412 3299 servire
1462 3243 1582 3298 Deo
1625 3258 1732 3297 non
1759 3234 1803 3295 C
1838 3232 2082 3285 manserit
2126 3233 2177 3284 in
2217 3233 2289 3285 eis
2332 3232 2562 3305 Spiritus
2603 3250 2754 3303 quem
2796 3233 2936 3286 dedit
3063 3231 3221 3286 Joan.
3252 3250 3323 3295 ιν,
3356 3235 3441 3301 Ξ).

139 3350 433 3405 possumus.
468 3338 606 3393 Cum
637 3348 821 3393 autem
855 3338 1166 3392 titillatttem
1196 3336 1595 3406 subieceritntts
1627 3351 1729 3389 no-

140 3433 261 3484 stris
301 3431 537 3501 pedibns
585 3431 891 3495 luxuriam,
935 3438 991 3483 et
1031 3438 1175 3483 totos
1220 3443 1318 3481 nos
1366 3426 1433 3481 ad
1480 3428 1734 3496 spiritum

143 3524 551 3588 transferentes,
576 3538 921 3593 nequaquam
948 3522 1219 3576 fuerimus
1245 3522 1295 3574 in
1323 3536 1510 3585 carne,
1543 3519 1594 3573 id
1627 3528 1732 3585 est,

144 3614 191 3669 in
212 3618 382 3672 carnis
411 3616 765 3688 passionibus
788 3657 804 3683 ,
839 3624 967 3669 tunc
998 3613 1356 3684 suhjieiemur
1387 3613 1517 3667 Deo.
1552 3611 1735 3682 Neque

144 3707 271 3759 enim
318 3710 385 3764 de
428 3723 609 3764 carne
656 3708 759 3763 hac
806 3707 858 3761 itt
909 3722 1015 3775 qua
1066 3706 1334 3771 viviunts,
1386 3715 1441 3760 et
1479 3706 1533 3759 itt
1581 3705 1735 3775 cujus

145 3803 348 3857 vasculo
397 3810 598 3858 nostra
642 3801 822 3855 anima
869 3800 1201 3867 continetur,
1257 3800 1507 3869 Apostoli
1553 3815 1735 3855 sermo

144 3906 238 3962 est,
261 3903 378 3967 quia
409 3914 616 3958 omnes
644 3901 840 3963 sancti,
865 3914 1097 3968 corpore
1120 3911 1176 3954 ct
1205 3914 1367 3955 carne
1388 3900 1731 3967 circumdati,

146 3989 451 4056 placuerunt
485 3994 645 4047 Deo:
675 3991 772 4047 sed
802 3991 867 4045 ad
899 3990 953 4046 id
1000 3992 1182 4061 potius
1224 3992 1369 4063 quod
1412 4001 1603 4048 contra
1642 3995 1733 4050 Dei

147 4092 454 4154 perceptum
522 4100 590 4138 ex
641 4084 882 4139 humana
936 4085 1202 4140 societate
1250 4094 1619 4156 perpetratnr,
1668 4088 1737 4144 de

146 4175 323 4240 quibus
346 4188 431 4233 est
466 4196 480 4231 :
522 4174 726 4247 Diliges
758 4175 1039 4230 Dominum
1070 4176 1232 4231 Deum
1266 4189 1411 4232 tuum
1446 4179 1628 4247 (Deut.
1659 4196 1733 4243 vt,

146 4261 213 4333 5).
246 4265 330 4334 Et,
356 4267 522 4334 Quod
553 4266 642 4320 tibi
670 4284 773 4321 non
794 4268 866 4321 vis
888 4268 1026 4336 ﬁeri,
1049 4277 1154 4323 etc.
1186 4269 1359 4339 (Tobi.
1388 4286 1461 4336 tv,
1490 4271 1600 4341 16).
1626 4271 1736 4327 Vos

146 4367 328 4427 autem,
360 4362 459 4427 ait,
500 4359 651 4414 haud
680 4359 901 4415 dubium
931 4362 1060 4431 quin
1089 4361 1340 4432 discipuli
1376 4362 1611 4431 Christi,
1643 4366 1735 4436 qui

146 4453 448 4519 sapientiam
481 4452 728 4524 Spiritus
754 4454 1091 4524 suscepistis,
1121 4464 1144 4491 ο
1166 4466 1220 4509 ct
1244 4457 1410 4511 vitam
1431 4467 1484 4512 et
1509 4474 1693 4528 pacein
1722 4478 1734 4513 :

144 4559 243 4601 non
269 4553 397 4606 estis
419 4554 473 4608 in
497 4567 696 4617 carne,
733 4552 784 4606 id
811 4563 920 4619 est,
953 4553 1007 4606 in
1034 4553 1217 4607 carnis
1250 4551 1530 4620 operibus,
1560 4569 1737 4621 neque

144 4638 253 4708 eius
287 4659 449 4711 opera
480 4649 846 4720 perpetratis,
879 4646 1151 4716 siquidem
1196 4645 1457 4714 Spiritum
1506 4646 1599 4699 Dei
1634 4650 1728 4698 ha-
1761 4633 1811 4692 D

146 4730 283 4788 betis
310 4735 363 4789 in
389 4738 569 4793 vobis.
602 4738 748 4793 ldetn
783 4750 965 4793 autem
1001 4738 1237 4809 Spiritus
1268 4737 1385 4801 Dei,
1429 4746 1482 4791 et
1511 4736 1743 4805 Spiritus

150 4822 338 4881 Christi
369 4838 471 4896 est,
505 4829 790 4885 deducens
817 4841 869 4886 et
900 4829 1166 4900 copulatis
1200 4845 1320 4885 eum
1356 4829 1444 4899 qui
1470 4829 1521 4883 in
1554 4843 1613 4883 se
1644 4828 1742 4881 ha-

156 4915 339 4988 buerit,
377 4924 609 4979 Domino
630 4925 758 4980 Jesu
792 4925 1030 4980 Christo.
1064 4924 1216 4981 llnde
1241 4935 1295 4979 et
1324 4926 1376 4978 in
1404 4938 1750 4993 cottseqnen-

157 5011 289 5067 tibus
318 5018 618 5072 scribitur:
655 5018 717 5071 Si
747 5019 865 5086 quis
906 5027 1077 5071 autem
1118 5016 1373 5087 Spiritum
1410 5015 1607 5071 Christi
1644 5033 1744 5069 non

161 5105 317 5171 habet,
344 5110 426 5165 hic
450 5130 550 5166 non
576 5122 649 5166 est
678 5115 812 5185 ejus.

219 5201 304 5257 40.
328 5202 565 5259 Rursum
592 5205 646 5259 in
672 5207 925 5275 praesenti
956 5205 1215 5260 discimus
1238 5205 1552 5261 societatem
1578 5221 1738 5274 quam

161 5289 309 5350 habet
337 5297 575 5367 Spiritus
619 5300 851 5355 Sanctus
889 5299 957 5355 ad
1002 5301 1191 5367 Deum,
1228 5312 1283 5355 ct
1323 5302 1389 5356 ad
1435 5300 1732 5356 Cltristum.

224 5434 247 5501 ξ’
278 5428 403 5483 Erat
432 5442 480 5485 et
508 5434 665 5487 vitam
697 5434 863 5501 pacis.
896 5433 1345 5487 dissentientibus
1368 5449 1501 5489 mss.

224 5495 473 5574 biterum
514 5495 713 5559 vitiose
763 5514 900 5565 erat.
944 5515 998 5559 et
1042 5506 1189 5558 nullo
1228 5519 1390 5559 sensu
1429 5507 1481 5558 in
1513 5522 1612 5574 quo
1649 5506 1743 5569 ait,

162 5569 300 5645 quale
327 5582 541 5645 tempus,
569 5587 704 5637 etc.,
741 5591 916 5642 neque
941 5588 995 5628 ttt
1025 5577 1325 5636 Scriptura:
1355 5569 1745 5630 IN'US-SCI’IDC-

164 5635 329 5717 batur,
364 5635 562 5699 ttt'alia
598 5635 794 5701 menda
834 5635 1327 5717 interpttttctionis,
1372 5658 1506 5713 etc.,
1550 5650 1747 5717 quibus

165 5715 299 5767 totus
321 5719 559 5771 scatebat
592 5717 679 5773 hic
705 5720 861 5782 ηιμ-τ,
888 5715 1324 5774 dissimulemus.

235 5794 253 5818 ο
290 5784 458 5841 Vatic.
494 5789 538 5841 si
573 5806 672 5854 pro
716 5789 825 5843 sed.
876 5791 945 5847 Ut
988 5809 1179 5846 sensus
1226 5799 1406 5844 tamen
1453 5800 1750 5859 utcumque

167 5864 365 5913 constet
409 5874 533 5914 cum
580 5862 846 5930 superiori
893 5865 1138 5928 Apostuli
1177 5866 1477 5932 sententia,
1522 5864 1748 5917 verbum

518 5952 794 6015 Ρηιιοι..
848 5953 1085 6016 XXIII.

1840 3323 1916 3378 Ex
1967 3325 2163 3394 quibus
2200 3326 2454 3379 omnibus
2486 3326 2916 3381 indissociabilis
2951 3337 3113 3395 atque
3144 3325 3443 3382 indiscreta

1839 3415 2125 3471 Trinitatis
2156 3418 2458 3473 subStantia
2492 3419 2917 3473 demonstratur.

1910 3518 1999 3571 -Η,
2030 3517 2163 3572 Cum
2190 3535 2319 3588 ergo
2351 3518 2424 3572 ait
2461 3538 2471 3571 :
2502 3520 2559 3573 Si
2593 3520 2829 3575 Christus
2859 3524 2911 3575 in
2944 3524 3083 3577 vobis
3111 3535 3221 3589 est,
3256 3538 3443 3591 corpus

1837 3611 2042 3679 quidem
2078 3623 2335 3665 mortuum
2374 3624 2583 3685 propter
2627 3628 2893 3686 peccatum
2923 3616 3101 3685 (liam.
3151 3632 3265 3680 \‘lll,
3302 3618 3391 3685 ιυ)
3427 3638 3439 3671 :

1837 3718 2175 3774 nequaquam
2208 3706 2353 3761 vitiis
2380 3708 2727 3777 lasciviaeque
2749 3709 3087 3774 deserviens,
3125 3724 3145 3749 ο
3172 3709 3270 3765 sed
3298 3727 3443 3764 ιιι‹›ι·-

1838 3797 2099 3852 tilicatum
2132 3809 2378 3868 peccato,
2414 3816 2518 3854 non
2552 3816 2927 3858 connnovetur
2954 3804 3021 3857 ad
3048 3807 3177 3858 vitia
3208 3822 3218 3855 :
3254 3817 3306 3858 et
3346 3822 3441 3861 ne-

1836 3907 2105 3963 quaquam
2148 3895 2250 3949 erit
2279 3895 2441 3949 vitale
2483 3906 2724 3965 peccato.
2764 3898 3054 3967 Postquam
3088 3909 3270 3953 autent
3316 3914 3442 3953 cur.

1838 3999 1938 4053 pus
1987 3995 2209 4055 peccato
2253 3999 2526 4041 mortuum
2576 3988 2759 4055 fuerit,
2805 3989 3057 4044 Christus
3082 3989 3108 4025 (ι
3144 3990 3194 4043 in
3232 3992 3315 4043 his
3348 3997 3440 4059 qui

1838 4092 1933 4131 sua
1964 4094 2193 4149 corpora
2226 4082 2718 4145 mortilicaverunt,
2747 4098 2993 4151 praesens
3022 4084 3287 4152 Spiritum
3314 4082 3442 4137 vita:

1838 4182 2076 4235 ostendit
2118 4197 2214 4250 per
2252 4182 2544 4249 juSIitiam,
2594 4184 2708 4238 sive
2751 4185 3157 4239 correctionem
3210 4198 3438 4250 Operam

1838 4282 2098 4335 virtutum
2151 4281 2567 4348 immortalium,
2599 4286 2714 4338 sive
2749 4286 2912 4339 tidem
2958 4284 3088 4339 Jcsu
3124 4282 3354 4347 Christi,
3385 4288 3437 4342 itt

1840 4379 1925 4434 his
1977 4381 2065 4451 qui
2113 4380 2263 4451 juxta
2322 4382 2480 4436 ﬁdem
2541 4383 2691 4437 illius
2749 4392 3170 4437 conversantur.
3233 4382 3441 4441 Deinde

1840 4483 2133 4553 Apostolus
2179 4483 2286 4537 alio
2335 4483 2653 4553 syllogismo
2700 4482 2995 4551 conjuncto
3048 4483 3239 4550 utitur,
3294 4488 3440 4554 quod

1838 4585 2233 4655 signiﬁcantius
2258 4585 2523 4639 dialectici
2552 4586 2751 4655 ἀξίωμα
2783 4592 2997 4645 vocant.
3041 4585 3201 4658 149
3230 4596 3285 4642 et
3316 4592 3392 4643 ait
3425 4611 3437 4645 :

1845 4687 1903 4741 Si
1925 4698 2097 4740 autem
2126 4685 2356 4753 Spiritus
2385 4688 2498 4757 ejus
2525 4686 2612 4754 qui
2641 4686 2911 4739 suscitavit
2942 4685 3207 4743 Christum
3239 4708 3267 4742 α
3300 4709 3441 4746 mor-

1844 4791 1969 4855 tuis,
2005 4790 2196 4843 habitat
2234 4791 2287 4841 in
2323 4790 2483 4849 vobis,
2525 4789 2611 4855 qui
2638 4788 2897 4840 suscitavit
2932 4788 3193 4845 Christum
3235 4812 3266 4847 a
3303 4812 3440 4849 mor-

1844 4892 1970 4953 tuis,
1999 4888 2272 4956 vivi/icabit
2302 4897 2348 4939 et
2378 4887 2618 4937 mortalia
2649 4902 2868 4952 corpora
2908 4901 3070 4941 vestra
3104 4909 3195 4960 per
3234 4893 3441 4948 inhabi-

1848 5000 2037 5044 tantem
2066 4988 2322 5053 Spiritum
2351 5002 2498 5039 suum
2523 4986 2573 5037 in
2597 4985 2736 5038 vobis
2764 4986 2945 5057 (Rom.
2982 5006 3092 5056 νιιι,
3128 4993 3186 5057 9)
3214 5010 3226 5044 :
3255 5009 3444 5053 llttnttc

1850 5094 1947 5148 tibi
1980 5091 2191 5147 videtur
2220 5090 2426 5153 dicere,
2462 5090 2583 5157 quia
2612 5090 2655 5143 si
2681 5090 2919 5158 Spiritus
2945 5093 3061 5163 cjtts
3092 5096 3183 5164 qtti
3213 5101 3447 5155 SllSCila-

1849 5196 1921 5251 vit
1953 5193 2231 5249 Christum
2256 5193 2469 5256 Jesum,
2497 5191 2546 5246 id
2576 5202 2681 5259 est,
2712 5192 2801 5264 qui
2824 5194 3065 5263 ejusdem
3090 5197 3217 5253 Jesu
3243 5200 3449 5261 Chri~ti

1847 5298 2082 5368 Spiritus
2109 5305 2214 5362 est,
2243 5295 2450 5350 habitat
2475 5295 2523 5350 in
2552 5298 2702 5352 vobis
2730 5316 2742 5352 :
2776 5311 3179 5370 consequenter
3204 5304 3449 5358 viviﬁca-

1848 5431 2072 5502 aliquod
2114 5432 2478 5502 supplendum
2511 5442 2805 5509 e~t,pttta.
2848 5437 2984 5491 illud
3024 5438 3271 5509 intelligit
3312 5444 3455 5505 quod

1849 5520 2196 5576 nequaquam,
2226 5519 2353 5569 etc.,
2392 5518 2482 5558 aut
2514 5508 2638 5576 quid
2671 5510 2875 5564 simile.

1925 5574 1949 5612 ἀ
1983 5576 2114 5629 Vide
2148 5594 2272 5630 ttttnt
2303 5578 2489 5631 iSliliBC
2522 5574 2586 5632 sit
2624 5580 2961 5648 prmia-renda
2990 5579 3211 5649 Regina-
3243 5579 3456 5640 rodit-i3

1853 5647 2017 5702 lectio
2050 5650 2337 5723 :Christus.
2372 5668 2477 5703 suis
2520 5655 2605 5721 qui
2626 5647 2728 5708 sua
2752 5668 2969 5723 corpora
3000 5647 3459 5723 rtttortiﬁr'averunt

1854 5737 1944 5793 per
1967 5730 2260 5795 prwsentcnt
2296 5721 2574 5791 Spiri'um,
2610 5742 2763 5779 t‘lltttll
2807 5721 3049 5782 ostendit,
3084 5741 3172 5787 per
3190 5724 3460 5795 justitiam

1856 5810 2089 5860 Operam,
2116 5794 2218 5864 sile
2244 5811 2331 5857 per
2354 5799 2719 5851 ron-retinuerit
2749 5797 2990 5851 vitiorum
3008 5794 3327 5864 mortalium,
3354 5799 3464 5861 sive

1860 5880 1948 5937 per
1980 5866 2134 5935 [idem
2158 5862 2286 5919 Jesu
2315 5866 2531 5935 Christi,
2560 5880 2666 5929 etc.
