4056 6372
594 333 702 404 tas

1854 336 1913 395 S.
1956 331 2228 396 EUSEBII
2266 332 2654 395 HIERONYMI

3786 338 3894 396 ΗΟ

590 466 789 519 buntur
815 468 871 515 et
899 457 1148 512 mortalia
1172 470 1405 526 corpora
1426 463 1610 511 vestra
1635 469 1757 510 cum
1800 463 1825 493 η
1854 455 2184 512 immortall-
2212 456 2266 517 Α
2289 452 2359 508 de
2380 452 2551 516 Novo,
2583 465 2774 506 verum
2800 449 2965 506 etiam
3001 450 3071 506 de
3118 450 3291 509 veteri
3340 451 3700 508 Testamento
3730 467 3896 523 super

589 557 690 610 bus
720 552 1007 607 animabus
1037 552 1107 606 ab
1154 567 1225 607 eo
1252 551 1346 623 qui
1377 550 1664 605 suscitavit
1690 549 1970 605 Christum
2001 550 2190 607 Jesum

587 663 617 699 a
646 642 899 708 mortuis,
932 642 1257 711 principem,
1290 653 1345 697 et
1376 641 1800 712 primogenitum
1832 643 2190 698 resurrectio-

584 736 710 791 nis?
736 736 803 789 Et
829 731 1032 806 quibus
1055 734 1163 790 tale
1185 742 1502 801 tantumque
1523 732 1783 789 divinitus
1803 746 1904 803 per
1923 733 2188 804 Spiritum

584 845 789 887 munus
824 830 1095 888 indultum
1128 837 1234 892 est,
1262 827 1546 883 debitores
1573 840 1763 882 sumus
1798 826 2049 896 Spiritui,
2080 840 2192 881 non

584 924 775 990 carni,
817 933 877 977 ut
920 922 1074 992 juxta
1114 934 1235 976 eam
1287 920 1556 975 vivamus.
1602 918 1882 987 Siquidem
1921 920 2013 991 qui
2041 916 2192 988 juxta

584 1031 807 1072 carnem
838 1015 1054 1079 vixerit,
1097 1014 1365 1068 morietur
1402 1012 1495 1067 illa
1530 1020 1711 1066 morte
1750 1026 1873 1082 quae
1904 1022 2193 1081 peccatum

584 1107 851 1179 sequitur.
888 1105 1172 1161 Peccatum
1196 1107 1383 1178 quippe
1406 1120 1525 1158 cunt
1545 1112 1964 1160 consummatum
1996 1101 2188 1170 fuerit,

583 1210 791 1272 generat
818 1208 1034 1253 mortem
1060 1196 1200 1269 (Jac.
1231 1212 1271 1263 ι,
1300 1196 1410 1267 15),
1441 1195 1740 1252 secundum
1765 1194 2052 1251 Iacobum.
2078 1193 2191 1250 Sed

580 1304 637 1347 et
665 1291 920 1348 Ezechiel
946 1299 1263 1361 peccantem
1296 1288 1535 1343 animam
1570 1288 1712 1343 mori
1746 1287 1940 1343 scribit
1972 1285 2191 1356 (Eaech.

582 1385 758 1452 xviii).
792 1384 1093 1452 Separatur
1128 1381 1275 1439 enim
1300 1380 1413 1451 jam
1444 1396 1473 1435 a
1503 1380 1611 1435 vita
1634 1421 1648 1447 ,
1678 1396 1801 1451 quat
1837 1381 1893 1436 in
1922 1378 2189 1451 sapientia

580 1478 827 1549 Spiritus
856 1477 1121 1532 collocata
1149 1485 1255 1531 est.

643 1571 734 1626 4‘2.
769 1569 826 1626 Si
853 1570 977 1641 quis
1004 1578 1186 1624 autem
1218 1568 1623 1625 transcenderit
1650 1568 1822 1624 vitam
1848 1568 1877 1608 δ
1907 1570 2092 1624 carnis
2134 1578 2190 1624 et

574 1662 781 1732 Spiritu
812 1675 979 1730 Opera
1011 1661 1193 1716 carnis
1223 1658 1665 1724 mortiﬁcaverit‘,
1713 1661 1862 1716 vivet
1905 1660 2063 1716 beata
2114 1676 2188 1715 te-

570 1765 837 1826 ternaque
860 1756 969 1809 vita
995 1756 1198 1811 relatus
1220 1754 1272 1809 in
1297 1754 1434 1811 illius
1465 1755 1583 1821 Dei,
1616 1763 1671 1808 et
1697 1754 1942 1810 directus
1967 1756 2020 1808 in
2045 1754 2186 1809 viam

2291 546 2410 617 ejus
2443 544 2551 599 ﬁde
2581 544 2971 615 intellectuque
3009 543 3325 600 doceamur.
3368 544 3504 600 Nam
3540 555 3595 601 et
3645 547 3895 615 superius

2293 639 2575 709 praelocuti
2609 653 2819 696 sumus.
2864 637 2920 693 in
2963 638 3219 694 omnibus
3266 639 3504 703 sanctis,
3548 647 3660 693 tam
3694 638 3778 693 his
3804 640 3895 709 qui

2293 741 2417 805 post
2444 731 2735 787 adventum
2768 731 2985 786 Domini
3032 732 3205 786 nostri
3260 730 3512 796 luerunt,
3545 745 3709 800 quam
3731 729 3894 787 etiam

2292 834 2441 882 retro
2473 826 2525 880 in
2554 825 2886 880 Patriarcbis
2922 824 3177 881 videlicet
3220 832 3278 879 et
3309 823 3621 894 Prophetis,
3656 824 3896 894 Spiritus

2292 921 2466 975 sancti
2494 920 2724 991 gratiam
2752 917 2925 974 fuisse
2953 927 3249 985 versatam,
3288 929 3343 974 et
3379 934 3475 974 eos
3508 918 3744 973 diversis
3768 916 3895 972 eba—

2292 1011 2616 1068 rismatihus
2642 1010 3047 1082 virtutibusque
3072 1012 3400 1080 complesse.
3436 1009 3721 1078 Quomodo
3751 1008 3896 1065 enim

2292 1106 2453 1160 unius
2492 1105 2608 1171 Dei,
2657 1113 2713 1159 et
2754 1102 3031 1174 linigeniti
3087 1104 3205 1174 ejus
3248 1103 3483 1174 gratiam
3531 1102 3896 1173 possidentes,

2294 1205 2402 1252 tam
2434 1178 2599 1266 hiqui
2630 1206 2777 1263 ante,
2812 1212 2974 1266 quam
3000 1200 3166 1252 etiam
3199 1196 3277 1251 illi
3323 1196 3414 1267 qui
3458 1207 3582 1265 post
3602 1197 3897 1251 adventum

2291 1290 2433 1361 ejus,
2462 1289 2690 1360 justitise
2715 1304 2945 1346 erexere
2975 1289 3235 1346 vexillum
3258 1330 3273 1355 ,
3297 1289 3549 1345 veritatis
3570 1297 3698 1345 sunt
3724 1290 3900 1344 scien-

2291 1383 2422 1437 tiam
2452 1383 2735 1439 consecuti
2764 1399 2779 1447 ;
2811 1385 2891 1438 sic
2914 1392 2967 1437 et
2998 1383 3235 1452 Spiritus
3259 1383 3433 1438 sancti
3463 1384 3695 1454 gratiam
3729 1382 3900 1452 possi-

2292 1474 2519 1541 debunt,
2542 1475 2667 1546 quia
2715 1476 3134 1545 inseparabilem
3176 1490 3207 1529 a
3238 1474 3436 1539 Patre,
3481 1484 3537 1530 et
3567 1474 3707 1529 Filio
3730 1490 3854 1530 csse
3879 1516 3892 1541 ,

2290 1566 2560 1635 Spiritum
2587 1574 2838 1620 sanctum
2870 1566 2921 1620 in
2952 1566 3142 1621 multis
3170 1583 3334 1637 supra
3367 1567 3507 1625 locis
3536 1566 3897 1624 ostendimus.

2289 1655 2564 1727 Scriptum
2593 1666 2679 1713 est
2704 1673 2837 1728 ergo
2858 1658 2910 1712 in
2941 1658 3217 1727 PrOpbeta
3242 1676 3256 1712 z
3281 1658 3659 1715 Misericordia
3687 1658 3899 1715 Domini

2290 1751 2589 1805 recordatus
2614 1767 2748 1818 sunt,
2774 1759 2822 1807 et
2843 1752 3042 1806 uirtutis
3064 1754 3177 1823 ejus
3201 1754 3256 1807 in
3276 1754 3511 1808 omnibus
3530 1769 3647 1825 quat
3663 1755 3899 1809 retribuit

568 1861 780 1906 rectam
808 1858 1032 1920 propter
1060 1847 1321 1917 Spiritum
1361 1848 1623 1904 Sanctum
1648 1889 1661 1914 ,
1695 1847 1785 1918 qui
1814 1858 1867 1903 et
1897 1848 1991 1903 Dei
2017 1848 2187 1917 Spiri-
2218 1843 2264 1902 B
2292 1842 2457 1897 nobis.
2490 1842 2745 1898 Dominus
2787 1843 2957 1913 iudex
3000 1845 3161 1898 bonus
3207 1843 3388 1900 domui
3422 1843 3593 1900 Israel
3621 1861 3642 1899 :
3672 1846 3896 1917 inferens

573 1951 665 1997 tus
684 1941 1010 2011 appellatur.
1036 1940 1096 1995 Si
1122 1941 1278 2005 enim,
1303 1941 1501 2010 inquit,
1522 1940 1684 2010 juxta
1702 1955 1909 1993 carnem
1934 1940 2186 2005 vixeritis,

569 2035 884 2088 moriemini.
910 2034 1062 2100 Quod
1084 2034 1127 2086 si
1149 2033 1339 2102 spiritu
1358 2035 1499 2101 facta
1528 2032 1701 2085 carnis
1724 2032 1881 2084 morti
1888 2031 2185 2100 ﬁcaveritis,

569 2128 749 2183 siveris
774 2125 952 2198 (Rom.
981 2142 1097 2191 vni,
1144 2126 1259 2195 i3).
1307 2125 1373 2179 Et
1409 2127 1463 2179 in
1490 2126 1991 2195 consequentibus:
2024 2125 2190 2192 Quot-

569 2232 694 2294 quot
710 2223 851 2276 enim
874 2221 1077 2289 Spiritu
1099 2218 1197 2273 Dei
1218 2228 1466 2292 aguntur,
1487 2217 1539 2271 lii
1554 2219 1653 2289 ﬁlii
1669 2227 1787 2273 sunt
1810 2216 1930 2272 Dei.
1952 2219 2185 2273 Rursum

570 2312 885 2369 relocillans
916 2327 1031 2377 eos,
1064 2320 1121 2367 et
1151 2311 1442 2366 consolans
1466 2351 1483 2379 ,
1514 2320 1572 2366 et
1604 2325 1912 2379 provocans
1960 2325 2187 2379 sperare

572 2406 819 2473 meliora,
855 2405 1055 2475 quibus
1086 2405 1428 2475 loquebatur,
1461 2405 1536 2457 ait
1562 2422 1576 2458 :
1608 2402 1733 2458 Non
1758 2404 1894 2457 enim
1915 2404 2187 2471 accepistis

567 2499 757 2552 iterum
779 2498 1023 2568 spiritum
1046 2498 1307 2552 servitutis
1334 2498 1387 2551 in
1415 2498 1606 2551 timore
1629 2512 1648 2551 .'
1680 2497 1732 2551 id
1761 2490 1871 2561 est,
1895 2512 2002 2550 non
2034 2496 2185 2552 sitni-

569 2590 803 2647 litudine
836 2605 1143 2657 serVorum,
1194 2600 1340 2645 metu
1388 2598 1441 2644 et
1482 2599 1696 2645 terrore
1746 2604 2035 2658 pretiorum
2084 2603 2186 2644 vos

574 2691 596 2719 ο
628 2682 919 2737 abstinetis
949 2697 979 2736 a
1010 2682 1199 2736 vitiis:
1230 2683 1353 2751 quia
1385 2680 1595 2736 habetis
1622 2682 1782 2735 vobis
1807 2682 2001 2736 datum
2025 2696 2055 2735 a
2085 2680 2186 2736 Pa-

569 2783 652 2829 tre
682 2775 944 2842 Spiritum
983 2775 1297 2844 adoptionis
1326 2816 1340 2840 ,
1368 2775 1420 2829 id
1460 2786 1543 2829 est
1591 2775 1858 2844 Spiritum
1899 2786 2180 2842 sanctum,

568 2870 661 2938 qui
694 2868 809 2937 ipse
836 2869 1098 2937 Spiritus,
1124 2880 1179 2924 et
1206 2871 1325 2933 Dei,
1360 2879 1414 2923 ct
1444 2870 1670 2937 Christi,
1695 2880 1747 2924 et
1776 2873 2023 2926 veritatis
2050 2872 2186 2928 dici-

572 2968 660 3013 tur
682 2969 845 3029 atqne
875 2962 1175 3029 sapientiae.
1223 2960 1278 3016 Si
1304 2969 1486 3014 autem
1531 2960 1770 3030 Spiritus
1814 2963 1917 3018 iste
1963 2964 2185 3033 adoptat

571 3051 629 3105 in
666 3050 832 3105 Filios
865 3051 957 3106 Dei
984 3066 1101 3115 eos,
1136 3066 1364 3122 quorum
1408 3053 1728 3123 dignatione
1775 3055 1859 3107 sui
1905 3054 2182 3113 habitator

569 3146 826 3211 ellicitur,
859 3146 955 3201 tibi
986 3146 1440 3216 consequentium
1474 3162 1640 3218 super
1664 3150 1906 3219 potentia
1938 3151 2060 3221 ejus
2100 3151 2180 3205 in-

575 3239 937 3309 telligentiam
970 3238 1319 3308 derelinquo.

649 3331 808 3405 150
846 3332 936 3385 42.
961 3330 1132 3387 Porro
1167 3333 1219 3386 in
1254 3333 1354 3387 hoc
1377 3332 1686 3404 adoptionis
1712 3337 1917 3406 Spiritu
1942 3337 2184 3392 clamant

569 3427 657 3493 qui
691 3425 989 3478 habuerint
1020 3424 1171 3477 illum
1197 3464 1211 3485 .
1265 3433 1477 3493 patrem
1524 3428 1689 3480 Deum
1712 3468 1725 3491 ,
1767 3428 1909 3482 sicut
1939 3429 2183 3483 ostendit

568 3531 751 3572 sermo
781 3514 974 3570 dicens
998 3532 1013 3569 :
1043 3513 1110 3569 In
1134 3534 1235 3587 quo
1261 3515 1689 3572 clamamusabba
1703 3518 2024 3590 ρεπεν-(ΝΜ.
2047 3518 2137 3590 l5)
2164 3538 2176 3574 :

569 3608 689 3677 ipso
720 3607 928 3677 Spiritu
950 3608 1039 3677 qui
1070 3623 1170 3663 nos
1215 3608 1441 3678 adoptat
1480 3611 1535 3665 in
1582 3611 1723 3665 iiiios
1745 3652 1762 3678 ,
1805 3613 2177 3667 testimonium

571 3702 853 3767 praebente
898 3702 1314 3770 participatione
1359 3702 1467 3767 sui,
1498 3704 1641 3772 quod
1674 3719 1702 3757 a
1750 3715 1941 3758 nostro
1970 3705 2179 3775 Spiritu

572 3794 903 3863 possidetur,
934 3798 1061 3864 quia
1095 3797 1188 3849 lilii
1217 3797 1307 3850 Dei
1336 3811 1548 3851 sumus.
1584 3796 1686 3852 Cui
1717 3814 2059 3868 consequens
2095 3810 2179 3856 est

574 3885 744 3941 Deum
796 3886 1015 3956 quidem
1055 3887 1213 3957 quasi
1253 3885 1278 3923 ἀ
1332 3902 1567 3959 patrem,
1612 3890 1990 3947 hzereditarias
2019 3893 2177 3950 nobis

566 3979 789 4037 divitias
818 3984 1141 4047 contulisse,
1195 3985 1505 4053 spiritualia
1551 3986 1735 4041 dona:
1782 3987 1987 4042 Christi
2042 4004 2176 4045 vero

564 4077 887 4133 coltazredes
914 4090 1015 4133 nes
1040 4092 1187 4141 esse,
1220 4093 1290 4132 eo
1336 4078 1481 4148 quod
1529 4078 1725 4135 lratres
1777 4081 1895 4150 ejus
1924 4097 2023 4150 per
2052 4098 2175 4152 gra-

564 4171 695 4226 tiam
722 4184 777 4227 et
804 4170 1196 4241 benignitatem
1239 4172 1407 4240 ipsius
1435 4173 1792 4244 appellantur.
1818 4174 2039 4231 Erimus
2076 4192 2174 4232 utt-

570 4274 677 4321 tem
712 4266 959 4322 hazretics
990 4266 1111 4333 Dei,
1145 4266 1463 4321 cohaeredes
1490 4280 1673 4323 autem
1703 4266 1907 4324 Christi
1937 4270 1983 4325 si
2020 4284 2172 4327 eom-

567 4360 837 4431 patiatnur
862 4381 876 4418 :
902 4370 963 4417 ut
990 4372 1045 4419 et
1089 4361 1493 4434 conglorilicari
1525 4364 1573 4419 ei
1616 4379 1680 4419 ex
1730 4364 2045 4434 passionum
2077 4380 2168 4423 so.

561 4454 761 4510 cietate
789 4470 1122 4511 mereamur.

636 4546 727 4601 45.
772 4546 972 4603 Verum
1017 4547 1145 4618 quia
1192 4555 1245 4603 et
1286 4546 1390 4603 hoc
1422 4547 1579 4617 juxta
1622 4546 1675 4602 id
1715 4547 1859 4618 quod
1892 4550 2168 4621 potuimus

2296 1934 2438 1989 nobis
2455 1937 2614 2006 juxta
2637 1935 3045 1989 misericordiam
3073 1950 3224 1991 suam
3240 1976 3255 2001 ,
3279 1946 3325 1991 et
3339 1936 3497 2007 jursla
3515 1934 3897 1993 multitudinem

2283 2026 2508 2099 justitiat
2531 2040 2659 2081 suat.
2696 2025 2763 2083 Et
2794 2027 2928 2082 dixit
2960 2045 2973 2082 :
3001 2037 3024 2066 ε
3055 2026 3246 2083 Nonne
3292 2029 3515 2099 populus
3565 2046 3706 2084 meus
3748 2030 3849 2099 [itii
3876 2030 3898 2083 ?

2290 2126 2341 2170 et
2363 2120 2985 2190 nonprteoaricubuutur.
3028 2118 3097 2174 Et
3140 2120 3312 2188 [actus
3349 2128 3425 2173 cst
3454 2118 3560 2176 illis
3598 2122 3652 2176 in
3679 2120 3897 2176 salutem

2292 2228 2356 2267 ea:
2383 2214 2524 2267 omni
2550 2213 2884 2269 tribulatione
2910 2231 3089 2269 eorum
3114 2232 3133 2281 ;
3161 2232 3263 2269 non
3294 2216 3492 2287 legatus
3512 2256 3527 2283 ,
3558 2232 3723 2288 neque
3746 2233 3899 2289 ange-

2290 2306 2394 2371 lus,
2422 2306 2511 2361 sed
2533 2307 2873 2378 ipsesalvavit
2895 2325 3024 2363 eos:
3056 2326 3117 2362 eo
3135 2308 3274 2379 quod
3316 2308 3553 2364 dilexerit
3590 2327 3699 2378 eos,
3736 2322 3787 2365 et
3813 2328 3899 2381 pe-

2288 2400 2508 2469 percerit
2531 2402 2626 2455 eis.
2651 2401 2772 2471 Ipse
2800 2402 3016 2457 redemit
3042 2418 3129 2457 eos
3148 2441 3162 2465 ,
3195 2413 3242 2457 et
3268 2404 3494 2473 suscepit
3523 2420 3641 2470 eos,
3679 2413 3728 2458 et
3753 2402 3895 2459 estal-

2289 2493 2417 2545 tavit
2451 2493 2605 2566 151
2632 2509 2719 2548 eos
2740 2494 2795 2549 in
2819 2493 3055 2549 omnibus
3073 2493 3253 2551 diebus
3272 2493 3472 2551 stsculi.
3504 2493 3617 2566 Ipsi
3650 2512 3772 2550 raro
3799 2512 3897 2549 non

2288 2586 2637 2651 crediderunt,
2668 2598 2717 2640 et
2744 2588 3079 2647 irritaverunt
3108 2590 3366 2660 Spiritum
3390 2600 3624 2645 sanctum
3654 2595 3771 2664 ejus
3798 2608 3815 2645 :
3842 2604 3888 2646 et

2286 2694 2561 2735 conversus
2607 2688 2682 2738 est
2713 2682 2783 2735 eis
2824 2682 2893 2737 ad
2924 2683 3268 2741 inimicitiam.
3306 2682 3331 2738 Ι
3340 2701 3430 2753 pse
3471 2683 3741 2739 debellauit
3782 2694 3893 2751 eos,

2286 2781 2336 2826 et
2384 2773 2685 2827 recordatus
2730 2783 2805 2828 est
2852 2774 3056 2831 dierum
3091 2777 3443 2848 antiquorum.
3481 2777 3583 2843 Qui
3624 2778 3806 2833 eduxit
3840 2778 3898 2832 de

2289 2874 2432 2921 terra
2462 2877 2721 2936 pastorem
2742 2868 2912 2923 avitam
2936 2908 2953 2935 ,
2972 2872 3062 2941 qui
3092 2872 3266 2943 posuit
3292 2873 3343 2925 in
3377 2874 3449 2926 eis
3472 2872 3725 2944 Spiritum
3749 2890 3896 2928 sauc-

2285 2968 2414 3024 tum,
2441 2976 2759 3033 congregans
2790 2964 3005 3019 dextera
3049 2965 3267 3038 Moysen
3296 2965 3455 3035 (Isai.
3483 2983 3646 3033 um,
3677 2971 3706 3022 τ
3737 2970 3889 3039 δρψ).

2353 3054 2443 3111 44.
2484 3056 2590 3124 Qui
2636 3058 2947 3129 frequenter
2992 3063 3093 3117 Dei
3148 3064 3333 3132 adepti
3388 3074 3517 3119 sunt
3580 3065 3887 3133 benelicia,

2283 3148 2522 3206 scientes
2566 3154 2742 3221 gratia
2775 3154 2966 3223 magis,
3020 3163 3078 3210 et
3123 3155 3498 3211 misericordia
3555 3156 3698 3226 ejus,
3734 3171 3889 3227 quam

2210 3232 2255 3296 C
2289 3245 2525 3312 propriis
2556 3260 2621 3299 ea
2647 3260 2707 3301 se
2734 3245 2904 3303 fuisse
2930 3249 3193 3319 operibus
3217 3259 3567 3317 eottsecutos,
3596 3250 3758 3320 quasi
3787 3263 3892 3306 uno

2285 3351 2478 3392 omnes
2509 3352 2807 3406 consensu,
2840 3352 2893 3395 et
2914 3342 3100 3397 animo
3128 3342 3532 3398 ooncordantes
3559 3342 3890 3412 loquuntur,

2287 3429 2664 3486 Misericordia:
2708 3432 2921 3488 Domini
2990 3437 3297 3490 recordatus
3355 3454 3493 3495 sunt.
3575 3437 3889 3506 Cogitantes

2281 3524 2425 3577 enim
2448 3540 2570 3594 quas
2596 3526 2665 3581 ab
2690 3542 2757 3581 eo
2786 3531 3100 3599 frequenter
3125 3532 3175 3584 in
3220 3530 3409 3602 Moyse
3431 3530 3579 3585 dena
3619 3546 3882 3600 suscepe-

2282 3616 2409 3681 rint,
2456 3620 2661 3686 gmtias
2710 3621 2973 3688 referunt,
3000 3632 3056 3677 et
3096 3638 3217 3677 cum
3265 3623 3671 3689 misericordia,
3725 3624 3886 3677 etiam

2281 3710 2539 3764 virtutum
2573 3712 2780 3767 Domini
2812 3715 3188 3780 reetrrdantur,
3236 3716 3355 3770 sive
3377 3715 3734 3780 mirabiliutu,
3763 3728 3881 3784 quin

2280 3803 2475 3857 crebro
2502 3818 2599 3873 pro
2639 3804 2723 3859 eis
2767 3806 2893 3862 fecit
2944 3809 2997 3862 in
3045 3808 3260 3879 populis
3291 3849 3307 3871 ,
3366 3811 3491 3863 sive
3539 3806 3878 3878 proiecturum

2278 3892 2495 3960 animae,
2527 3895 2722 3965 quibus
2750 3913 2850 3969 per
2888 3897 3112 3970 Legem,
3145 3908 3203 3954 et
3239 3898 3541 3967 Prophetas
3562 3938 3577 3963 ,
3628 3908 3686 3954 et
3756 3913 3887 3968 prai—

2276 3998 2437 4055 cepta
2501 3989 2621 4058 ejus
2668 3990 2909 4061 salubria
2967 3992 3167 4047 eruditi
3252 4001 3399 4046 sunt.
3470 3990 3757 4061 Siquidem
3834 3989 3885 4043 in

2278 4078 2577 4150 Scripturis
2631 4098 2829 4140 nomen
2873 4084 3092 4140 virtutis
3140 4094 3432 4156 utrumque
3466 4083 3754 4155 signiticet.
3784 4083 3885 4138 Be-

2274 4173 2491 4231 cordari
2530 4187 2715 4232 autem
2765 4192 2825 4233 se
2874 4177 3294 4243 misericordiae,
3347 4187 3403 4241 et
3450 4179 3711 4232 virtutum
3744 4177 3880 4243 ejus,

2275 4267 2556 4336 inquiunt.
2598 4271 2655 4325 in
2703 4271 2961 4326 omnibus
2988 4260 3109 4342 qua
3160 4270 3418 4328 retribuit
3452 4272 3557 4330 eis.
3591 4286 3698 4327 non
3732 4270 3882 4339 juxta

2267 4359 2543 4429 justitiam
2580 4376 2762 4431 suam,
2805 4362 2903 4418 sed
2954 4362 3109 4433 juxta
3151 4362 3587 4418 misericordiam
3634 4373 3690 4416 et
3737 4362 3886 4415 boui-

2275 4464 2440 4511 tatem
2470 4456 2612 4525 ejus,
2662 4457 2756 4527 qui
2804 4467 2890 4512 est
2929 4457 3097 4527 judes
3137 4457 3327 4513 domui
3356 4456 3585 4520 videnti,
3621 4453 3639 4493 ί
3674 4465 3729 4509 et
3762 4470 3884 4509 sen-

2271 4551 2355 4607 sui
2409 4552 2614 4608 mutulo
2658 4552 2826 4609 corde
2870 4554 3116 4609 cernenti
3186 4553 3495 4608 Dominum.
3541 4549 3657 4605 Hoc
3709 4551 3883 4621 siun

564 4635 891 4691 edissertum
931 4646 1033 4701 est,
1071 4652 1441 4709 pr0ponamus
1486 4636 1778 4710 Prophetto
1826 4642 2121 4710 capitulum
2153 4686 2169 4712 ,
2200 4621 2252 4683 θ
2280 4645 2404 4701 dem
2423 4662 2491 4702 ex
2522 4647 2753 4702 Hebraio
2779 4661 3033 4703 sermone
3064 4647 3119 4701 in
3143 4647 3322 4718 lingua
3346 4658 3527 4703 nostra
3559 4646 3883 4717 interpreta-

562 4728 807 4801 qutedam
839 4730 907 4787 de
936 4730 1139 4804 Spiritu
1167 4742 1358 4788 sancto
1380 4732 1700 4799 continens,
1750 4742 1810 4788 ut
1843 4750 1951 4789 non
1993 4735 2171 4791 solum

632 4936 658 4966 ι
684 4926 761 4983 ita
792 4928 967 4983 lerunt
994 4938 1149 4983 vetus
1178 4926 1347 4982 editio
1375 4935 1430 4982 et
1460 4926 1685 4995 Reginae
1709 4939 1836 4991 ms.,
1861 4936 2019 4982 antea
2046 4936 2167 4982 erat

558 5016 679 5055 cum
722 4997 1092 5053 immortalium
1130 5001 1421 5053 animabus.
1465 5000 1586 5053 Mox
1612 5000 1802 5053 eadem
1834 5011 1993 5054 vetus
2024 5001 2161 5054 edit.

561 5072 960 5139 primogenitum
989 5073 1137 5125 illum
1160 5071 1553 5124 resurrectionis
1576 5069 1875 5126 ostendens.
1911 5071 2086 5140 Quare
2112 5081 2162 5125 et

557 5141 741 5212 quibus
761 5141 884 5205 Iule,
907 5152 1016 5194 etc.

627 5211 655 5249 ¹ι
688 5215 775 5264 li<t
811 5213 1031 5280 Regina:
1057 5211 1264 5266 codicis
1296 5212 1560 5281 integrior
1601 5212 1763 5268 lectio
1795 5214 1911 5267 haec
1942 5222 1998 5267 et
2027 5229 2160 5267 con-

552 5283 787 5338 cinnior.
818 5285 994 5338 Antea
1017 5290 1135 5336 erat
1172 5283 1549 5338 tantummodo
1591 5286 1963 5341 transcenderit
2001 5285 2159 5340 vitam

553 5356 745 5413 carnis.
780 5364 825 5407 et
855 5352 1057 5423 Spiritu
1089 5370 1246 5422 opera
1268 5354 1437 5407 carnis
1464 5356 1871 5425 mortiﬁcaverit.

627 5440 647 5466 ε
675 5426 796 5501 vat.
824 5427 1075 5501 abstinete
1095 5444 1125 5478 α
1150 5426 1305 5501 uitiis,
1328 5427 1416 5501 qui
1446 5425 1641 5501 {rubetis
1664 5428 1922 5501 uobiscum
1948 5429 2150 5496 datum,

548 5513 681 5557 e:c..
714 5498 913 5552 deinde
938 5499 1023 5566 qui
1053 5495 1162 5568 ipse
1191 5496 1421 5568 Spiritus
1447 5496 1572 5551 Filii
1598 5508 1644 5552 et
1663 5495 1877 5565 Christi,
1898 5508 1945 5553 et
1966 5502 2151 5555 verita-

556 5571 642 5634 tis,
673 5579 777 5625 etc.

620 5641 644 5678 ἀ
669 5642 802 5696 Cod.
832 5641 1055 5709 Regina:
1104 5658 1205 5711 qua
1234 5658 1263 5693 α
1296 5651 1473 5695 nostra
1515 5641 1703 5711 spiritu
1748 5639 2068 5705 possidetur,
2099 5651 2157 5697 et

548 5712 710 5775 nmio
733 5721 856 5779 post
889 5729 1011 5766 cum
1032 5710 1205 5767 veteri
1228 5726 1443 5777 quoque
1472 5710 1733 5781 editione,
1766 5711 1915 5778 quasi
1954 5720 2156 5781 patrem

552 5781 841 5835 ltwreditari
862 5800 895 5834 α
919 5783 1086 5845 nobis,
1108 5781 1299 5836 Christi
1325 5797 1441 5834 vero
1490 5779 1805 5841 colueredes,
1839 5779 1973 5847 etc.,
2024 5783 2153 5840 abs-

570 5866 654 5913 ;uc
684 5851 811 5915 illis,
836 5852 1037 5904 divitias
1064 5851 1341 5909 contulisse
1358 5848 1655 5924 spiritualia
1689 5850 1849 5906 dona.

2281 4747 2371 4795 tur
2397 4738 2592 4806 Israel,
2636 4739 2690 4795 id
2721 4748 2829 4807 est,
2874 4756 3015 4796 meus
3039 4740 3216 4795 ridens
3249 4750 3274 4788 ε
3301 4739 3491 4795 Deum.
3535 4739 3684 4795 Licet
3734 4737 3878 4793 enim

2350 4940 2373 4968 ο
2405 4929 2521 4991 Erit
2549 4943 2735 4997 operm
2767 4928 3000 4996 pretium
3032 4929 3308 5000 insignem
3348 4928 3490 4983 istud
3520 4928 3668 4983 lsaite
3697 4927 3875 4982 locum

2272 5001 2521 5056 recolere
2549 5001 2613 5055 ad
2633 5000 2896 5072 Graecum
2923 5002 3231 5072 exemplar,
3264 5001 3329 5055 ad
3358 5000 3515 5072 cujus
3538 5001 3694 5056 Iidem
3738 5015 3879 5072 non:

2269 5072 2418 5125 nulla
2444 5071 2882 5127 emendavimus.
2915 5071 3020 5143 [fro
3067 5070 3256 5143 Nonne
3286 5070 3506 5143 papulas
3555 5088 3693 5143 meus
3743 5070 3879 5137 ﬁlii?

2268 5153 2390 5197 erat
2420 5143 2648 5225 nf‘gaqdi
2677 5157 2892 5225 sensu,’
2916 5141 3039 5224 an
3088 5142 3319 5225 papulas
3354 5141 3494 5225 nifus
3524 5141 3641 5213 ﬁlii,
3686 5152 3877 5196 contra

2269 5230 2401 5301 mss.
2424 5284 2436 5301 α
2459 5214 2685 5301 iit-glutis
2742 5220 2815 5301 et.
2852 5214 3103 5268 Vaticani
3153 5214 3339 5269 iidem.
3393 5215 3618 5271 Graecus
3655 5227 3877 5286 quoque

2268 5288 2388 5356 Οὐχ
2416 5286 2582 5346 eius;
2612 5307 2733 5356 μου.
2766 5294 2874 5341 etc.

2347 5358 2363 5394 ί
2399 5356 2564 5410 Vetus
2598 5357 2799 5416 Editio.
2826 5370 2872 5411 et
2903 5373 3053 5410 sensu
3081 5358 3273 5411 mundo
3301 5357 3529 5411 cernenti
3554 5355 3740 5412 Deum.

2335 5438 2358 5473 8
2392 5426 2457 5482 Vi
2486 5429 2601 5482 inse
2619 5438 2675 5483 et
2701 5441 2892 5484 contra
2919 5444 3049 5483 mss.
3070 5430 3228 5482 iidem
3247 5438 3405 5483 antea
3435 5440 3548 5483 erat
3572 5428 3875 5483 Dominum.

2263 5499 2391 5556 lia‘c
2419 5515 2582 5575 por_ro
2609 5501 2847 5575 nominis
2879 5500 3041 5575 Israel
3070 5501 3421 5575 etymologia,
3451 5499 3702 5575 siremps
3742 5500 3875 5575 ὁρῷν

2262 5576 2386 5629 Θεὸν
2417 5611 2432 5636 ,
2486 5570 2697 5627 ϐτεεοίε
2746 5573 3022 5640 praecipue
3080 5570 3268 5627 arrisit
3302 5614 3317 5637 ,
3361 5570 3781 5641 Olympiodoro"
3820 5574 3875 5623 in

2260 5658 2437 5713 cap.t
2486 5643 2856 5707 Eoclesiastaa,
2907 5642 3143 5698 Leontio
3195 5643 3263 5697 de
3306 5640 3513 5713 Sectis,
3548 5640 3873 5713 Theophani

2265 5712 2525 5769 (Ie’t'attteo
2558 5715 2808 5782 aliisque.
2850 5715 2892 5771 E
2928 5714 3138 5769 Latinis
3178 5712 3318 5781 apud
3364 5714 3620 5782 Optatum
3659 5712 3875 5768 Milevi-

2266 5796 2451 5843 tanum
2479 5787 2727 5842 invenias
2748 5787 2841 5841 lib.
2874 5801 2938 5850 ιι,
2970 5786 3025 5839 in
3054 5785 3183 5850 line,
3207 5791 3262 5839 et
3293 5783 3698 5855 Hieronymum,
3736 5801 3873 5853 quo-

2262 5830 2463 5925 ἱῖιὶἔὲὶ
2480 5830 2727 5917 ’ἔιίὄῖιὶἶ
2748 5830 2945 5916 ξίιὲἆῖ
2970 5830 3087 5924 διιῖ
3103 5830 3476 5913 ὲῖιὶὲιιῖθίία
3499 5830 3655 5912 'voce
3684 5830 3871 5915 bii-ica
