4056 6300
181 302 257 357 ιιι

881 305 1439 364 lNTERPRETATIO
1480 306 1665 365 LIBRI
1705 307 1943 366 DlDYMl
1987 307 2076 363 DE
2116 306 2384 367 SPIRITU
2424 310 2718 370 SANCTO.

3364 322 3471 379 “2

188 430 444 488 tomento,
496 429 555 476 et
602 422 877 479 cruciatus
918 422 1086 494 judex
1114 418 1521 495 nonnumquam
1558 426 1755 482 inferat
1783 429 1830 488 Α
1858 424 2154 495 evangelise
2180 424 2363 481 cotiis'l
2384 429 2630 500 gaudium
2650 446 2921 503 magnum,
2946 435 3085 504 quod
3102 436 3199 489 erit
3221 438 3361 490 omni
3380 456 3467 509 po-

184 512 410 583 jutlicium
438 516 807 580 merentibus,
841 526 1015 571 tamen
1048 519 1139 588 qui
1168 533 1359 573 causas
1383 535 1563 575 rerum
1584 516 1749 575 altius

189 609 419 677 intuetur,
446 610 659 665 videns
690 612 1023 681 propositutn
1054 613 1315 669 bonitatis
1363 616 1502 683 ejus,
1535 616 1625 683 qui
1653 630 1750 670 cu-

188 702 251 772 pit
289 703 563 773 corrigere
594 711 940 773 peccantem,
975 706 1175 760 bonum
1220 708 1376 762 illum
1430 710 1747 774 conﬁtetur,

188 795 365 856 dicens.
396 794 640 865 lnferens
677 795 781 868 [AL
815 796 1037 869 inferas]
1072 798 1219 852 nobis
1264 803 1416 868 iuxta
1464 800 1751 852 misericor-

186 886 303 939 diam
325 903 491 940 suam.
518 888 577 943 Si
605 890 754 943 enim
788 889 1101 959 iniquitates
1150 906 1339 945 eorum
1383 906 1520 960 quos
1546 890 1754 961 iudicat

186 980 400 1033 attendat
432 979 712 1045 Dominus,
743 982 865 1051 quis
884 983 1209 1037 sustinebit?
1238 984 1408 1037 Porro
1438 983 1564 1051 quia
1611 981 1751 1053 apud

186 1070 448 1126 Dominum
480 1071 794 1143 propitiatio
820 1086 902 1129 est
933 1091 947 1131 :
982 1074 1241 1131 Dominus
1265 1076 1522 1131 videlicet
1568 1087 1753 1130 noster

181 1176 321 1235 atque
345 1166 594 1223 Salvator
615 1168 777 1223 infert
812 1169 967 1224 nobis
990 1170 1286 1225 secundum
1318 1171 1749 1227 misericordiam

179 1274 334 1326 suam,
366 1262 548 1317 omnia
572 1277 694 1333 qum
738 1278 838 1318 nos
875 1265 1177 1335 provebant
1218 1266 1283 1320 ad
1316 1266 1571 1321 salutem.
1610 1265 1753 1321 Infe-

178 1367 293 1409 τοις
315 1370 528 1425 quoque
554 1355 705 1424 juxta
734 1356 1162 1412 misericordiam
1193 1372 1344 1413 suam
1369 1400 1383 1423 ,
1406 1367 1431 1395 ι
1465 1368 1519 1412 et
1546 1357 1649 1413 hoc
1680 1357 1752 1412 la-

177 1446 311 1502 ciens
337 1447 391 1500 in
415 1446 634 1516 judicio,
669 1462 792 1503 eum
817 1448 1025 1517 justi-ia
1058 1450 1219 1505 nobis
1258 1450 1478 1516 tribuit,
1511 1464 1631 1521 qua:
1660 1450 1752 1504 ad-

174 1541 329 1597 mixta
355 1542 740 1597 misericordia:
765 1544 1004 1598 bonitate
1033 1544 1259 1615 largitus
1288 1553 1394 1599 est.

242 1635 323 1690 ιδ.
364 1637 681 1706 Arguendus
712 1635 738 1675 δ
766 1647 851 1691 est
893 1652 959 1692 ex
1000 1638 1257 1707 pra~senti
1304 1636 1543 1706 capitulo
1597 1638 1755 1710 152

172 1725 531 1782 bzcreticorum
575 1742 760 1793 error,
793 1729 883 1798 qui
932 1728 1229 1783 bonitatem
1262 1742 1291 1781 a
1339 1728 1546 1796 iustitia
1595 1741 1753 1795 sepa-

1856 516 2018 588 pnlo;
2054 516 2211 590 153
2234 521 2357 590 quia
2388 530 2539 575 natus
2580 533 2654 576 est
2686 522 2822 576 robis
2871 523 3028 578 hodie
3057 524 3328 594 Salvator,
3379 534 3468 599 qui

1856 620 1930 662 est
1950 608 2187 664 Christus
2216 609 2491 677 Dominus,
2525 613 2579 667 in
2610 615 2816 669 civitate
2846 614 3016 670 David
3042 615 3194 690 (Luc.
3252 635 3312 685 ll,
3346 621 3460 693 10).

1859 703 1979 772 ipse
2008 702 2180 759 lactus
2206 714 2290 759 est
2319 707 2553 770 cunctis,
2585 711 2675 779 qui
2705 708 2761 763 in
2788 725 2910 765 eum
2935 711 3191 779 credunt,
3243 718 3463 771 oet-asin

1857 794 2045 849 Salutis
2074 806 2316 865 :eternte,
2349 809 2405 854 et
2433 799 2549 867 ipse
2572 811 2657 857 est
2678 802 2929 859 Salvator
2953 804 3164 869 mundi,
3195 805 3291 877 qui
3317 811 3466 864 venit

1858 902 2101 959 quaerere
2115 890 2256 960 quod
2272 892 2526 960 perierat.
2547 892 2615 949 Et
2634 897 2747 964 ipse
2765 908 2871 963 est,
2884 898 3072 969 dequo
3093 899 3461 958 cborussauc-

1860 991 2037 1037 tantm
2050 984 2198 1039 canit
2216 1001 2230 1039 :
2255 996 2280 1023 ο
2296 985 2434 1041 Deus
2463 998 2654 1054 noster,
2676 988 2818 1045 Deus
2832 990 3250 1067 salvandi(Psal.
3271 994 3460 1067 mu).

1933 1075 2023 1131 46.
2052 1078 2187 1147 Quia
2223 1079 2387 1149 igitur
2424 1082 2568 1139 Deus
2594 1093 2732 1147 erat,
2766 1084 2857 1155 qui
2909 1087 3143 1143 salutem
3176 1089 3465 1160 praebebat

1863 1180 2146 1233 teternam,
2191 1172 2394 1228 dictum
2445 1184 2550 1239 est,
2589 1175 2709 1231 Non
2756 1179 2980 1248 legatus,
3024 1195 3185 1251 neque
3210 1180 3462 1253 Angelus,

1863 1264 1915 1318 id
1948 1276 2053 1331 εει,
2080 1280 2186 1320 non
2214 1264 2513 1338 Propheta,
2543 1285 2652 1324 non
2682 1268 3020 1338 Patriarclia,
3046 1288 3154 1328 non
3187 1272 3466 1344 legislator

1862 1357 2079 1430 Moyses
2111 1359 2341 1415 salvavit
2383 1375 2497 1416 eos.
2542 1361 2746 1419 Omnes
2794 1365 2939 1419 enim
2983 1381 3123 1437 quos
3165 1366 3465 1437 nominavi,

1862 1460 2122 1523 poterant
2168 1453 2237 1508 ad
2290 1454 2579 1511 Dominum
2620 1457 2769 1528 fungi
2806 1457 3078 1528 legatione
3111 1474 3211 1529 pro
3241 1462 3464 1530 populo.

1864 1545 2116 1616 Denique
2146 1546 2383 1621 Moyses,
2415 1548 2775 1621 interpellans
2816 1567 2940 1606 eum
2976 1567 3078 1623 pro
3103 1552 3464 1625 delinquente

1862 1637 2041 1709 plebe,
2069 1639 2188 1694 ait:
2221 1640 2284 1696 Si
2327 1642 2545 1696 dimittis
2586 1644 2662 1698 eis
2708 1652 2977 1713 peccatum
3017 1660 3216 1715 eorum,
3265 1648 3467 1703 dimitte

1865 1733 2061 1805 (Exod.
2095 1750 2265 1801 χχιιι,
2297 1734 2410 1807 5i).
2447 1738 2555 1795 Sed
2601 1740 2915 1795 obsecravit
2972 1740 3185 1796 veniam
3232 1742 3467 1814 quadra-

173 1827 348 1873 rautes
376 1861 391 1885 ,
445 1821 611 1875 alium
660 1820 830 1875 Deum
884 1820 1084 1873 bonum
1105 1861 1119 1883 ,
1181 1820 1348 1875 alium
1403 1820 1607 1886 justum
1653 1820 1754 1872 ﬁn-
1786 1834 1832 1894 Β
1857 1827 2001 1897 ginta
2034 1826 2226 1883 diebus
2250 1829 2535 1900 ieiunans,
2569 1840 2623 1887 et
2653 1831 3086 1890 misericordiam
3111 1836 3241 1903 Dei,
3270 1837 3468 1893 anima:

170 1922 376 1965 xerunt.
412 1912 550 1966 Ecce
578 1913 723 1966 enim
767 1913 817 1965 in
853 1913 1271 1981 praesentiarum
1302 1913 1421 1980 ipse
1450 1922 1532 1966 est
1578 1911 1753 1976 Deus,

168 2012 216 2055 et
242 2003 434 2069 bonus,
482 2015 537 2059 et
578 2004 767 2073 juch,
819 2013 874 2058 et
920 2004 1072 2072 juxta
1114 2002 1547 2058 misericordiam
1603 2017 1757 2056 suam

162 2097 536 2169 jnstitiamquc
566 2100 866 2153 restituens
896 2140 911 2163 ,
963 2108 1019 2152 et
1046 2100 1249 2168 pariter
1280 2100 1453 2152 bonus
1480 2099 1763 2167 iustusque

164 2191 493 2245 subsistens.
552 2190 779 2244 Frustra
830 2191 991 2260 igitur
1046 2191 1291 2259 iniquum
1344 2190 1539 2259 dogma
1598 2190 1764 2245 simu-

164 2282 363 2346 lantes,
416 2293 439 2319 ο
473 2282 679 2336 bonum
722 2282 891 2337 Deum
926 2282 1227 2352 Evangelii,
1259 2290 1313 2336 et
1340 2284 1543 2337 veteris
1577 2281 1764 2336 Testa-

165 2376 329 2432 menti
372 2375 588 2444 justum
637 2390 762 2431 esse
812 2376 1136 2443 defendunt,
1167 2376 1294 2446 quia
1326 2385 1381 2431 et
1426 2376 1479 2430 in
1514 2376 1763 2445 plurimis

166 2469 280 2523 aliis
302 2467 463 2531 locis,
496 2480 551 2521 et
583 2484 725 2523 nunc
747 2468 799 2522 in
830 2468 1124 2539 Propheta:
1155 2483 1428 2533 sermone,
1462 2469 1631 2540 judex
1678 2469 1766 2522 bo-

167 2578 257 2615 nus
301 2561 566 2616 scribitur
596 2562 763 2627 Dens,
798 2570 852 2615 et
884 2578 913 2615 e
944 2563 1231 2616 contrario
1262 2562 1405 2631 quod
1440 2562 1656 2627 nolunt,
1709 2562 1763 2614 in

166 2654 310 2708 Pauli
346 2654 597 2723 Apostoli
636 2654 876 2722 Epistula
907 2652 1022 2724 (qni
1066 2663 1217 2707 certe
1262 2654 1385 2706 novi
1422 2652 1761 2707 Tcstamenti

167 2747 490 2815 pradicator
519 2748 626 2816 est)
658 2746 799 2800 Deus
829 2746 1009 2815 jnsms
1030 2744 1194 2815 index
1224 2744 1481 2800 refertur.
1517 2746 1761 2816 Reposito

166 2841 412 2905 (simini,
460 2842 657 2910 inquit,
705 2856 895 2894 corona
929 2842 1161 2909 iustititr,
1211 2857 1366 2911 quam
1403 2840 1582 2894 reddet
1632 2838 1760 2893 mihi

166 2931 416 2987 Dominus
433 2933 488 2986 in
512 2932 608 2986 illa
625 2933 710 2985 die
725 2935 899 3001 justus
919 2934 1091 3004 judca:
1120 2930 1189 3004 (ll
1223 2932 1357 2985 Tim.
1390 2948 1464 2997 tv,
1498 2932 1578 3001 8).
1609 2931 1756 2987 Idem

163 3034 246 3079 est
270 3039 423 3095 ergo,
469 3025 594 3080 licet
632 3024 833 3091 nolint,
878 3026 1003 3079 novi
1056 3035 1112 3080 et
1161 3024 1365 3081 veteris
1418 3023 1758 3079 Testamenti

165 3119 330 3183 Deus,
357 3119 655 3174 visibilium
677 3128 734 3174 et
761 3120 1120 3174 invisibilium
1162 3119 1441 3181 conditur,
1475 3118 1761 3174 Salvatore

1861 1920 2163 1977 afﬂictione
2207 1938 2527 1993 provocans.
2588 1924 2759 1981 Nemo
2806 1939 2988 1986 autem
3028 1929 3097 1985 de
3128 1930 3323 1985 borum
3359 1948 3463 1988 uu-

1866 2031 2019 2070 mero
2068 2015 2369 2086 legatorum
2401 2028 2583 2086 potest
2624 2035 2746 2074 esse
2786 2021 3067 2087 salvator,
3115 2021 3368 2091 indigens
3416 2032 3472 2078 et

1867 2109 1983 2175 ipse
2024 2122 2116 2172 eo,
2169 2110 2259 2177 qui
2311 2109 2505 2165 salutis
2549 2110 2771 2181 largitor
2801 2127 2961 2167 verus
2984 2118 3087 2167 est.
3121 2110 3253 2166 Nam
3281 2124 3334 2168 et
3365 2112 3470 2169 An-

1865 2200 1996 2269 geli,
2030 2216 2355 2270 quamquam
2390 2203 2615 2272 spiritus
2642 2205 2769 2269 sint,
2805 2215 2858 2260 et
2895 2205 2962 2260 ad
3003 2205 3220 2261 diversa
3251 2214 3473 2279 propter

1866 2307 1960 2347 eos
1993 2293 2083 2363 qui
2115 2293 2345 2349 salutem
2380 2296 2655 2366 accepturi
2684 2306 2846 2364 sunt,
2900 2300 3205 2357 ministeria
3251 2304 3471 2359 mittan-

1870 2394 1976 2449 tur,
2013 2400 2119 2440 non
2151 2394 2277 2440 sunt
2323 2395 2504 2442 tamen
2551 2398 2805 2444 auctores
2836 2391 3050 2455 salutis,
3093 2392 3187 2447 sed
3222 2410 3347 2449 eum
3381 2398 3471 2467 qui

1868 2476 1990 2532 l‘ons
2016 2478 2208 2533 salutis
2249 2489 2352 2546 est,
2402 2480 2832 2550 interpretantur
2873 2494 2926 2538 et
2979 2485 3277 2540 muntiant.
3313 2486 3472 2544 Unde

1866 2567 2074 2624 dictum
2126 2581 2230 2639 est,
2294 2570 2417 2625 Non
2466 2572 2691 2645 legatus,
2740 2592 2903 2647 neque
2948 2576 3201 2651 Angelus,
3246 2580 3335 2634 sed
3366 2583 3476 2652 ipse

1867 2663 2123 2719 Dominus
2174 2668 2393 2722 saluauit
2444 2686 2549 2724 eos.
2599 2668 2716 2725 Non
2747 2681 2973 2744 propter
3001 2672 3148 2729 aliud
3194 2674 3348 2749 quid,
3376 2677 3474 2735 sed

1865 2770 2086 2829 propter
2115 2761 2187 2827 id,
2216 2762 2354 2832 quod
2375 2762 2614 2835 diligeret
2644 2782 2753 2831 eos,
2777 2778 2824 2821 et
2854 2781 3089 2837 parceret
3118 2771 3209 2825 eis.
3239 2770 3470 2831 Parcere

1864 2862 2045 2907 autem
2076 2853 2297 2921 dicitur,
2329 2856 2483 2925 quasi
2512 2859 2782 2912 creaturis
2812 2858 2948 2925 suis,
2976 2858 3133 2931 juxta
3164 2861 3292 2918 illud
3324 2869 3467 2937 quod

1862 2946 1989 3001 alibi
2020 2948 2275 3004 scribitur
2297 2968 2309 3003 :
2330 2948 2522 3005 Parces
2542 2963 2710 3007 autem
2736 2954 2996 3022 omnibus,
3018 2954 3241 3013 Domine
3266 2971 3470 3016 amator

1862 3041 2192 3109 animarum,
2246 3045 2369 3113 quia
2410 3054 2511 3099 tum
2555 3056 2714 3112 sunt,
2767 3066 2927 3117 neque
2966 3050 3101 3105 enim
3153 3052 3295 3107 adies
3341 3072 3471 3126 quos

1864 3132 2031 3203 fecisti
2056 3133 2213 3205 (Sap.
2240 3152 2313 3198 at,
2340 3136 2455 3207 29).
2488 3136 2834 3211 Quapropter
2863 3153 2917 3197 et
2949 3160 3047 3215 pro
3074 3160 3266 3199 eorum
3297 3148 3470 3204 salute

161 3214 327 3268 etM
365 3213 417 3266 in
441 3210 736 3284 Emgelio
764 3214 971 3282 justum
1001 3220 1058 3266 et
1088 3211 1287 3266 bonum
1315 3210 1530 3266 Patrem
1552 3210 1763 3280 liquido

1871 3226 2088 3295 proprio
2142 3225 2281 3283 Filio
2335 3246 2443 3285 non
2499 3210 2730 3301 parcens
2776 3210 2962 3301 Pater,
2996 3235 3221 3294 tradidit
3260 3254 3381 3293 eum
3414 3242 3466 3294 in

161 3317 456 3361 attenuate
505 3325 520 3361 :
570 3306 735 3361 Pater
770 3308 939 3378 fuste,
989 3305 1217 3359 mundus
1268 3312 1317 3358 te
1369 3321 1471 3357 non
1525 3306 1765 3377 cognorit

162 3398 383 3468 (Joann.
415 3414 552 3463 ml,
586 3401 696 3470 li).
730 3398 796 3454 Et
826 3400 877 3455 in
910 3400 1016 3453 alio
1047 3400 1169 3454 loco
1202 3416 1217 3453 :
1254 3398 1423 3453 Nemo
1444 3400 1625 3463 (tomis,
1661 3399 1763 3452 nisi

166 3510 297 3548 ms
326 3493 464 3547 Deus
490 3493 684 3559 (Marc.
720 3511 776 3561 κ,
807 3495 918 3563 is).
951 3493 1060 3550 Sed
1091 3504 1146 3548 et
1192 3494 1247 3548 in
1275 3495 1444 3549 veteri
1471 3495 1588 3564 lege
1633 3495 1762 3549 alibi

157 3586 362 3657 justus,
391 3588 523 3645 alibi
555 3588 728 3642 bonus
757 3586 959 3642 dicitur
993 3588 1156 3642 Deus.
1203 3588 1260 3641 in
1291 3588 1546 3652 Psalmis,
1578 3586 1761 3641 Justus

161 3680 441 3745 Minus,
486 3681 683 3749 inquit,
728 3691 778 3735 et
811 3681 1047 3751 justitias
1077 3678 1258 3734 dilexit
1288 3678 1464 3749 (Paul.
1498 3696 1551 3742 ι,
1584 3680 1662 3749 8).
1697 3679 1764 3734 Et

159 3790 190 3831 e
216 3774 505 3831 contrario
526 3776 579 3830 in
598 3776 857 3836 Ieremia,
887 3774 1060 3829 Bonas
1090 3772 1345 3829 Dominus
1366 3775 1445 3828 Itis
1477 3775 1565 3845 qui
1607 3774 1763 3828 susti-

160 3881 283 3925 nent
310 3886 452 3924 eum.
486 3870 693 3925 Rursus
719 3870 771 3924 in
814 3870 1062 3932 Psalmis,
1092 3869 1260 3937 Quam
1300 3869 1460 3924 bonus
1505 3868 1640 3923 Deus
1682 3866 1765 3923 Is-

159 3959 293 4025 rael,
341 3961 421 4015 Itis
450 3962 539 4031 qui
586 3971 728 4016 recto
778 3970 897 4014 sunt
928 3961 1082 4014 corde
1128 3958 1304 4032 (Psal.
1354 3974 1522 4022 Lxxtt,
1571 3961 1647 4030 i).
1697 3959 1767 4015 Et

160 4053 281 4109 hac
310 4054 529 4124 quidem
561 4070 595 4111 e
623 4057 796 4109 latere
820 4066 1008 4110 contra
1051 4055 1334 4109 haereticos
1363 4054 1589 4109 strictim
1622 4053 1763 4108 dicta

157 4158 314 4201 sunt.
349 4147 589 4218 Tempus
618 4158 803 4202 autem
831 4158 937 4214 est,
989 4157 1050 4202 ut
1093 4148 1430 4218 propositum
1480 4147 1767 4216 Prophetas

157 4239 415 4294 ordinem
447 4254 865 4309 prosequamur,
900 4240 991 4310 qui
1023 4240 1093 4295 ita
1138 4240 1483 4295 contexitur:
1516 4239 1579 4293 Et
1610 4242 1763 4307 dixit,

153 4333 311 4391 haud
328 4336 559 4390 dubium
579 4336 712 4406 quin
738 4335 1014 4400 Dominus,
1050 4333 1238 4389 Nonne
1264 4336 1485 4405 papirius
1530 4352 1672 4389 meus
1704 4335 1769 4403 ﬁ-

152 4428 241 4494 lii,
274 4444 374 4483 nec
404 4428 877 4501 prmicabuntur
918 4427 1072 4501 (Isai.
1108 4445 1149 4495 ι,
1197 4427 1294 4498 5)?
1324 4428 1441 4482 Non
1471 4438 1646 4494 erant,
1680 4429 1767 4483 in-

150 4523 307 4593 quit,
340 4523 550 4578 similes
595 4523 680 4577 his
708 4525 799 4591 qui
846 4524 1090 4594 generati
1146 4531 1272 4577 sunt
1319 4530 1376 4575 et
1413 4523 1661 4585 exaltati,
1716 4532 1773 4577 et

1866 3330 2120 3387 mortem,
2145 3332 2201 3376 ut
2225 3338 2320 3393 per
2344 3332 2578 3381 mortem
2603 3325 2727 3382 Filii
2751 3328 2834 3383 sui
2856 3329 3138 3388 destructo
3168 3346 3234 3387 eo
3264 3333 3354 3404 qui
3379 3332 3471 3389 ba-

1868 3411 2032 3467 bebat
2060 3415 2251 3471 mortis
2285 3418 2597 3488 imperium,
2631 3420 2732 3475 huc
2782 3433 2863 3478 est
2910 3423 3149 3493 diabolo,
3175 3427 3473 3485 redimeret

1865 3522 2057 3564 omnes
2107 3510 2199 3581 qui
2252 3510 2320 3565 ab
2369 3526 2437 3566 eo
2488 3513 2820 3583 captivitatis
2851 3516 3067 3573 vinculo
3116 3519 3463 3576 tenebantur.

1866 3598 2020 3656 Unde
2046 3602 2373 3672 subjicitur:
2406 3602 2529 3674 Ipse
2559 3617 2731 3660 autem
2767 3608 2985 3663 redemit
3007 3627 3117 3678 eos,
3152 3622 3201 3665 et
3244 3615 3468 3684 suscepit

1865 3710 1971 3761 eos,
1996 3706 2043 3750 et
2072 3698 2317 3751 exultavit
2342 3697 2484 3752 illos.
2518 3698 2759 3770 Suscipit
2784 3702 2929 3758 enim
2959 3706 3270 3775 exultatque
3298 3707 3473 3762 salva-

1868 3797 1971 3854 tos,
2000 3796 2056 3843 et
2084 3788 2401 3861 redemptos
2428 3792 2480 3846 in
2514 3792 2753 3848 sublime
2799 3797 2939 3852 tollit
2969 3798 3229 3855 virtutum
3261 3802 3387 3869 alis,
3416 3814 3476 3861 ct

1866 3881 2173 3938 eruditione
2199 3895 2252 3938 et
2281 3884 2508 3940 scientia
2534 3888 2802 3956 veritatis,
2824 3906 2931 3945 non
2955 3892 3022 3947 ad
3048 3908 3211 3949 unum
3239 3906 3469 3964 tantum,

1866 3985 1922 4031 et
1951 3977 2181 4032 alterum
2211 3975 2381 4041 diem,
2411 3978 2506 4035 sed
2532 3981 2587 4036 in
2616 3983 2868 4038 omnibus
2898 3984 3093 4041 diebus
3121 3988 3466 4055 atternitatis,

1868 4066 2119 4124 habitans
2161 4068 2214 4123 in
2246 4071 2347 4133 eis,
2374 4080 2428 4126 et
2462 4087 2584 4127 cum
2608 4075 2713 4139 eis,
2741 4085 2797 4129 et
2830 4090 3001 4145 usque
3030 4077 3097 4130 ad
3126 4091 3473 4133 consumma-

1867 4159 2071 4213 tionem
2101 4159 2288 4214 saeculi
2320 4162 2487 4217 vitam
2516 4162 2597 4219 eis
2636 4164 2903 4231 tribuens,
2950 4167 3251 4239 salutisque
3280 4178 3473 4227 auctor

1868 4252 2131 4308 existens.
2175 4251 2439 4309 Omnibus
2478 4266 2660 4313 autem
2706 4257 2903 4314 diebus
2934 4259 3123 4315 saeculi
3154 4260 3474 4321 illuminaus

1868 4347 2033 4401 corda
2062 4363 2276 4415 eorum,
2320 4365 2427 4404 non
2469 4350 2601 4405 sinit
2635 4366 2731 4405 eos
2772 4352 2826 4406 in
2859 4351 3101 4409 tenebris
3130 4355 3471 4425 ignorantiae,

1875 4437 2034 4511 154
2062 4448 2115 4493 ct
2136 4455 2323 4495 errore
2345 4441 2573 4497 versari.
2610 4442 2674 4497 Et
2704 4443 2807 4499 hoc
2835 4453 2968 4515 puto
2986 4460 3109 4503 esse
3129 4448 3272 4519 quod
3300 4447 3477 4520 scrip-

1872 4540 1982 4586 tum
2013 4542 2116 4597 est,
2148 4534 2202 4585 in
2228 4536 2464 4590 omnibus
2492 4535 2672 4590 diebus
2706 4537 2940 4592 exaltari
2969 4554 3085 4595 eos.

146 4632 296 4672 eum
332 4616 427 4682 qui
452 4616 641 4684 genuit
666 4616 812 4677 illos,
852 4617 1172 4687 despexeris.
1208 4615 1277 4669 Et
1309 4618 1478 4685 factus
1510 4624 1583 4668 est
1610 4615 1682 4667 eis
1712 4614 1765 4670 in
1794 4619 1847 4680 1)
1943 4625 2032 4678 47,
2064 4624 2198 4693 Quia
2230 4642 2360 4681 vero
2387 4627 2705 4693 mutabiles,
2737 4639 2792 4684 et
2818 4630 2883 4685 ad
2913 4630 3041 4686 vitia
3066 4644 3261 4709 sponte
3290 4637 3475 4696 laben-

142 4708 418 4773 δάκνειν»,
452 4707 505 4762 id
542 4717 645 4773 est,
676 4707 787 4764 iiiis
808 4709 879 4766 de
902 4710 1106 4780 quibus
1135 4710 1397 4764 Dominus
1430 4709 1506 4762 ait
1536 4724 1548 4761 :
1584 4706 1771 4764 Nonne

151 4801 395 4874 populus
426 4816 573 4856 ms
590 4802 712 4871 ﬁlii,
732 4814 780 4857 et
807 4821 909 4858 non
931 4804 1446 4877 prmaricabnntur?
1478 4802 1589 4856 lloc
1619 4802 1768 4858 enim

149 4896 353 4965 ipsum
380 4896 531 4967 quod
562 4911 672 4950 non
705 4898 1049 4967 praevaricati
1097 4907 1256 4963 Stmt,
1306 4913 1404 4951 nec
1444 4904 1773 4966 spreverunt

150 4997 405 5058 partem,
435 4989 517 5044 eis
562 4988 844 5045 l‘actusest
876 4992 930 5046 in
977 4992 1207 5046 salutem
1244 5009 1255 5043 :
1287 4990 1367 5045 vel
1412 4990 1483 5045 ob
1536 4990 1771 5059 idipsum

150 5083 310 5149 quod
345 5082 601 5152 appellati
628 5091 758 5137 sunt
806 5083 922 5148 lilii,
974 5100 1137 5140 causa
1185 5088 1267 5139 eis
1310 5083 1499 5141 Salutis
1547 5082 1775 5140 cll’ectus

153 5186 267 5233 est.
302 5177 433 5245 Qum
455 5177 607 5232 salus
632 5193 663 5231 a
694 5176 918 5233 Christo
944 5178 1173 5233 Domino
1201 5177 1529 5244 contributa,
1580 5175 1773 5247 Angcli

153 5283 391 5339 mae
418 5270 489 5325 ad
527 5281 779 5341 pastores
823 5286 960 5327 voce
1007 5271 1269 5335 ﬁrmatur,
1319 5270 1591 5326 dicentis:
1637 5270 1775 5327 Ecce

155 5407 397 5461 extundi
425 5408 616 5475 possit,
636 5408 771 5463 alibi
793 5407 1058 5462 diximus.

237 5488 267 5513 ει
302 5477 477 5533 Verba
518 5491 565 5533 et
596 5478 695 5533 hoc
730 5481 927 5550 faciens
960 5480 1013 5533 in
1061 5477 1279 5547 Regina
1308 5488 1408 5531 me.
1451 5491 1775 5548 expungin-

158 5554 255 5602 tur
283 5566 311 5623 _:
347 5567 465 5623 mox
485 5551 691 5617 Vatia,
716 5552 871 5608 nobis
900 5552 1100 5615 tribuit,
1146 5552 1265 5623 quia
1296 5566 1357 5603 ea
1390 5552 1547 5623 ﬁcta
1578 5550 1777 5603 miseri-

158 5620 365 5696 cordia:
384 5620 660 5680 barritum
684 5623 910 5696 largitus
937 5633 1031 5678 est.

236 5691 433 5751 1’Hmc
476 5700 697 5753 tertium
743 5691 949 5751 librum
992 5694 1347 5763 auspicantur
1377 5692 1624 5748 Editorcs
1664 5693 1777 5757 alii,

165 5774 278 5839 qua
322 5764 390 5819 de
420 5783 477 5822 re
507 5784 669 5839 supra
715 5768 964 5822 diximus
1007 5767 1059 5819 in
1103 5766 1320 5839 pra-lixa
1373 5764 1780 5839 Admonitione.

168 5832 454 5894 Absonum
484 5832 615 5898 vero
637 5850 725 5899 est
756 5840 1021 5905 maxime,
1052 5832 1196 5908 quod
1229 5852 1256 5891 a
1290 5836 1465 5893 media
1500 5837 1650 5894 Isaitc
1682 5836 1786 5892 loci

1880 4723 1983 4780 tes,
2037 4725 2158 4784 post
2205 4726 2349 4771 tanta
2396 4718 2661 4772 beneﬁcia
2706 4719 3062 4779 Deciderunt
3107 4727 3394 4793 increduli,
3422 4741 3480 4788 et

1882 4816 2146 4875 praecepta
2197 4807 2341 4860 illius
2386 4808 2742 4877 reliquerunt,
2779 4822 2833 4866 et
2860 4816 3328 4875 exacerbaverunt
3357 4821 3481 4891 Spi-

1882 4900 2044 4954 ritum
2074 4898 2335 4953 Sanctutn
2385 4899 2500 4962 Dei,
2531 4900 2623 4969 qui
2650 4901 2730 4956 eis
2756 4904 2918 4959 multa
2946 4907 3083 4962 bona
3114 4909 3345 4981 largitus
3371 4922 3480 4983 est,

1885 4993 1936 5046 in
1970 5000 2249 5059 peccatum
2299 4990 2476 5046 simile
2518 5006 2860 5063 corruerunt,
2911 4998 2995 5052 his
3047 5003 3137 5072 qui
3191 5012 3477 5075 postquam

1882 5086 2050 5158 geniti
2078 5097 2226 5153 sunt,
2254 5094 2309 5139 et
2329 5086 2578 5153 exaltati,
2605 5102 2933 5157 spreverunt
2957 5106 3164 5164 patrem
3182 5112 3361 5155 suum.
3384 5100 3483 5159 Vel

1881 5189 2030 5234 certe
2059 5194 2200 5233 nunc
2244 5180 2344 5250 ipsi
2376 5180 2778 5249 describuntur,
2822 5188 2910 5257 qui
2956 5199 3007 5245 et
3054 5201 3182 5249 ante
3218 5193 3486 5265 descripti

1883 5280 2029 5338 sunt,
2060 5271 2323 5343 siquidem
2353 5282 2410 5330 et
2437 5274 2505 5329 ibi
2542 5285 2662 5346 post
2691 5290 2974 5350 peccatum
3012 5282 3214 5342 dicitur
3245 5285 3312 5342 ad
3344 5301 3476 5341 eos:

1887 5405 2225 5475 expositione
2263 5408 2583 5476 inceperim.

1954 5489 1976 5516 ε
2004 5478 2226 5547 Reginae
2263 5480 2423 5560 liber.
2456 5481 2644 5560 bonum
2686 5484 2749 5560 de
2786 5484 3092 5560 Evangelia,
3135 5499 3185 5543 et
3222 5490 3286 5542 de
3327 5494 3485 5548 veteri

1884 5548 2208 5623 Testamento
2245 5553 2445 5623 justum
2472 5570 2579 5609 csse
2608 5555 2906 5621 defendunt.

1952 5620 1981 5661 ά
2012 5622 2214 5706 Vatica,
2244 5620 2565 5706 evangelium
2593 5620 2856 5700 magnum,
2912 5638 2956 5680 et
3005 5638 3153 5683 natus
3197 5642 3270 5685 est
3320 5637 3481 5706 vobis,

1886 5696 2078 5753 (ἴττπο
2098 5697 2218 5761 ipso
2261 5703 2410 5752 textu
2451 5696 2832 5752 dissentiente.

1964 5780 1989 5805 ο
2020 5769 2077 5821 in
2101 5768 2198 5821 Ms.
2230 5766 2437 5833 Tolos.,
2472 5766 2633 5833 Dens,
2671 5768 2829 5836 Deus,
2859 5766 2995 5825 Deus
3020 5776 3272 5829 saloandi.
