4074 6364
517 339 622 394 HS

1759 318 1816 371 S.
1859 309 2130 370 EUSEBII
2172 299 2558 365 illEliONYMl

3705 285 3819 345 144

517 445 876 517 Dereliqttistis
910 427 1214 502 Dominum,
1251 445 1297 491 et
1330 435 1398 489 ad
1434 432 1764 488 iracundiam
1813 427 2110 483 coneilastis
2139 423 2476 488 Asalvetur.
2531 419 2684 474 Licet
2731 415 2876 471 enim
2923 414 2974 468 in
3021 412 3073 466 id
3125 405 3446 464 temeritatis
3496 405 3814 472 eruperint,

517 545 767 600 Sanctum
812 535 1000 596 Israei,
1030 542 1084 586 et
1129 545 1294 594 nunc,
1327 527 1470 598 quod
1501 526 1602 596 ipsi
1630 541 1733 578 non
1761 521 2110 584 crediderunt,

516 648 561 691 et
590 632 1026 690 exacerbaverunt
1047 626 1305 696 Spiritum
1331 632 1567 676 sanctum
1589 622 1720 692 ejus.
1747 617 1826 670 Ex
1857 612 2114 684 prmsenti

517 745 646 797 ergo
672 728 794 782 loco
825 723 1058 780 societas
1101 719 1345 787 Spiritus
1374 715 1442 769 ad
1473 713 1758 767 Dominum
1785 705 2113 763 ostenditur.

519 821 625 888 Qui
652 816 942 886 dereliquit
969 813 1279 871 Dominum,
1301 816 1462 861 etest
1486 803 1823 866 incredulus,
1847 809 1904 854 et
1929 798 1994 852 ad
2022 798 2120 851 ira-

515 914 770 971 cundiam
799 914 1066 980 pI'OVOCM.
1093 906 1355 960 Sanctum
1381 899 1568 962 Israel,
1599 907 1654 952 et
1675 893 1970 950 exacerbat
1997 889 2120 959 Spi—

519 1009 682 1062 ritum
711 1014 958 1059 sanctum
991 998 1131 1069 ejus.
1167 994 1373 1050 Eadem
1408 989 1708 1059 indignatio
1738 1001 1902 1056 super
1932 997 2121 1053 pecea-

518 1101 732 1156 toribus
759 1105 865 1150 tam
889 1092 954 1147 ad
981 1090 1243 1160 Spiritum
1275 1095 1548 1148 sanctum,
1575 1096 1733 1147 quam
1762 1078 1828 1132 ad
1861 1077 2121 1133 Sanctum

519 1195 693 1251 Israel
741 1191 996 1247 refertur.
1045 1185 1200 1242 Unde
1228 1192 1280 1238 et
1328 1182 1380 1236 in
1424 1175 1890 1246 consequentibus
1929 1170 2124 1225 similis

525 1288 716 1355 c0pula
747 1283 1033 1340 Trinitatis
1058 1276 1391 1338 ostenditur,
1418 1272 1634 1327 dicente
1675 1268 1987 1336 Scriptura,
2016 1263 2120 1316 Do-

527 1379 734 1436 minum
768 1376 834 1429 ad
867 1371 1187 1428 inimicitias
1215 1382 1338 1422 esse
1382 1377 1730 1426 conversum,
1761 1360 1846 1414 bis
1874 1357 1964 1422 qui
1992 1370 2126 1413 exa-

525 1472 892 1527 cerbaverunt
923 1463 1186 1532 Spiritum
1214 1469 1460 1514 sanetum
1486 1456 1627 1528 ejus,
1646 1464 1701 1508 et
1723 1449 2015 1506 tradidisse
2034 1462 2129 1504 eos

526 1563 862 1630 sempiterno
915 1554 1207 1617 cruciatui,
1240 1561 1526 1622 postquam
1572 1564 1679 1603 non
1727 1559 2002 1606 sermone.
2034 1540 2129 1597 sed

527 1656 692 1713 rebus
733 1653 785 1707 in
827 1659 1073 1704 sanctum
1122 1647 1241 1716 ejus
1283 1644 1543 1713 Spiritum
1591 1638 2128 1708 blasphemavernnt.

526 1748 649 1818 Ipse
677 1747 837 1815 igitur
858 1743 948 1814 qui
981 1743 1052 1795 eis
1077 1753 1351 1793 conversus
1382 1745 1456 1789 est
1489 1733 1556 1787 ad
1578 1731 1921 1793 inimicitiam,
1960 1726 2133 1782 debel—

2217 525 2276 572 ut
2331 532 2454 572 eum
2513 513 2606 582 qui
2661 519 2884 581 prepter
2927 522 3022 562 eos
3073 505 3274 559 missus
3326 502 3542 564 fuerat,
3603 498 3819 554 interti-

2217 620 2430 676 cerent,
2480 606 2726 662 dicentes
2762 600 3026 674 :Sauguis
3074 600 3186 667 ejus
3224 611 3380 664 super
3434 609 3549 656 nos,
3584 601 3629 645 et
3659 603 3818 660 super

2220 705 2358 774 ﬁlios
2391 711 2591 756 nostros
2642 695 2857 772 (Matth.
2904 709 3072 758 xxvtt,
3101 690 3216 761 25),
3254 699 3432 743 tamen
3466 687 3610 741 Deus
3642 682 3824 739 susci-

2224 799 2354 853 tavit
2395 812 2523 852 eum
2554 795 2623 848 de
2672 805 2842 854 terra,
2879 789 2931 844 in
2965 787 3123 856 cujus
3147 785 3314 840 corde
3343 781 3512 836 tribus
3537 778 3734 835 diebus
3766 784 3825 831 et

2227 893 2399 947 tribus
2429 888 2684 944 noctibus
2707 887 2882 940 inerat
2911 888 3310 937 commoratus:
3335 877 3605 946 pastorem
3633 873 3824 927 ovium

2225 999 2470 1039 suarum.
2508 979 2785 1050 Siquidem
2812 978 2885 1031 ita
2913 973 3242 1039 contexitur,
3273 969 3375 1035 Qui
3393 967 3570 1023 eduxit
3591 966 3654 1020 de
3682 973 3829 1018 terra

2228 1085 2490 1144 pastorem
2521 1071 2691 1125 ovium
2719 1083 2931 1121 suarum
2952 1063 3106 1137 (Isai.
3138 1076 3288 1126 unt,
3323 1057 3431 1130 12).

2299 1165 2389 1222 49.
2421 1163 2576 1233 Quod
2604 1177 2738 1217 vero
2769 1173 2955 1230 paswr
2996 1157 3178 1212 ovium
3211 1156 3377 1212 Deus.
3406 1152 3498 1223 qni
3529 1165 3672 1205 nunc
3695 1150 3835 1205 Pro-

2231 1259 2431 1332 phetali
2476 1271 2731 1312 sermone
2759 1251 3110 1316 describitur,
3147 1247 3405 1304 Dominus
3431 1247 3524 1311 sit,
3568 1245 3838 1301 manifes-

2233 1353 2338 1406 tius
2367 1352 2422 1406 in
2447 1349 2742 1419 Evangelio
2771 1345 3072 1411 discimus,
3106 1342 3223 1411 ipso
3254 1341 3538 1398 Salvatore
3569 1345 3837 1402 testante,

2233 1445 2348 1517 Ego
2394 1461 2510 1499 sunt
2541 1451 2720 1516 pastor
2764 1441 2951 1503 bonus,
3006 1448 3052 1491 et
3098 1437 3326 1490 animum
3352 1448 3519 1486 meam
3550 1447 3686 1502 pono
3731 1444 3831 1501 pro

2236 1542 2409 1596 ovibus
2439 1540 2561 1593 meis
2585 1535 2768 1607 (Joan.
2798 1531 2984 1604 ως).
3010 1531 3080 1586 Ει
3102 1531 3318 1593 iterum,
3345 1526 3474 1582 Oves
3503 1541 3628 1580 mea:
3655 1540 3832 1578 uocem

2236 1649 2403 1688 meam
2423 1633 2664 1686 audiunt.
2683 1631 2809 1684 l’ost
2831 1627 2946 1681 haec
2962 1625 3142 1678 omnia
3155 1619 3183 1659 ἀ
3203 1623 3500 1692 Prophetes
3514 1619 3611 1682 ait,
3637 1617 3738 1673 Ubi
3757 1627 3834 1672 est

2238 1725 2326 1791 qui
2349 1724 2520 1793 posuit
2545 1737 2698 1794 super
2719 1736 2804 1774 eos
2837 1718 3093 1787 Spiritum
3115 1723 3348 1770 sanctum
3365 1710 3518 1785 (Isai.
3537 1725 3693 1777 LIIII,
3709 1711 3732 1766 1
3751 1711 3840 1780 l)?

531 1803 657 1894 lavit
684 1803 791 1902 eos,
823 1803 1140 1902 etsubjeeit
1169 1826 1566 1897 multiplicibus
1597 1824 1882 1893 longisque
1921 1820 2135 1875 crucia-
2165 1824 2214 1884 Β
2240 1818 2563 1874 Admiratur
2594 1816 2796 1884 quippe
2845 1811 2914 1866 de
2943 1819 3146 1880 quanta
3196 1806 3458 1862 felicitate
3498 1803 3564 1859 ad
3607 1813 3848 1872 quantas

532 1932 698 1991 tibus.
731 1937 789 1982 ut
833 1941 934 1981 nec
963 1927 1018 1979 in
1049 1921 1307 1993 prtesenti
1363 1927 1647 1983 tempore,
1698 1931 1798 1969 nec
1852 1915 1903 1968 in
1955 1912 2136 1966 futuro

530 2029 934 2088 consequantur
980 2014 1192 2070 veniam
1234 2019 1603 2081 peccatorum.
1656 2005 2138 2061 Exaeerbaverunt

531 2118 679 2174 enim
702 2113 963 2185 Spiritum
997 2119 1244 2164 sanetum
1275 2110 1414 2176 ejus,
1445 2114 1499 2160 et
1533 2102 2057 2172 blaspliemaverunt
2082 2098 2136 2152 in

532 2210 713 2266 illum.

607 2302 698 2355 48.
731 2299 786 2353 Si
818 2306 998 2351 autem
1050 2291 1294 2348 volueris
1344 2290 1447 2345 hoc
1474 2289 1540 2342 de
1574 2285 1778 2342 Iudaeis
1805 2282 2135 2350 intelligere,

538 2395 628 2468 qui
672 2392 1063 2448 crucifixernnt
1112 2386 1401 2441 Dominum
1453 2381 1816 2440 Salvatorem.
1847 2389 1901 2433 et
1934 2376 2139 2430 idcirco

539 2484 1010 2542 exacerbaverunt
1033 2479 1294 2549 Spiritum
1323 2485 1592 2537 sanctum,
1626 2471 1677 2526 id
1703 2470 1846 2543 quod
1879 2470 2138 2539 scriptum

541 2589 644 2645 est,
698 2577 820 2649 Ipse
860 2575 1135 2631 debellavit
1171 2589 1282 2638 eos,
1327 2569 1396 2625 ad
1429 2569 1577 2623 illam
1612 2576 1693 2622 est
1723 2564 2140 2634 intelligentiam

538 2672 910 2728 referendum.
937 2667 1080 2740 quod
1107 2665 1367 2720 Romanis
1400 2662 1585 2715 traditi
1617 2667 1764 2720 sunt,
1801 2656 2018 2726 quando
2048 2668 2142 2708 ve-

541 2767 625 2820 nit
676 2780 840 2832 snper
883 2776 980 2816 eos
1029 2761 1108 2813 ira
1160 2757 1252 2811 Dei
1301 2758 1354 2809 in
1400 2755 1584 2807 finem.
1622 2752 1679 2805 In
1714 2749 1968 2802 universo
1995 2746 2141 2802 enim

543 2857 678 2910 orbe
719 2853 1038 2920 cunctisque
1082 2849 1392 2917 regionibus
1441 2843 1543 2898 soli
1590 2842 1809 2896 exsules
1838 2838 2045 2909 patri-1:,
2089 2837 2142 2891 in

543 2957 690 3002 terra
720 2952 990 3015 vagantur
1032 2941 1232 3004 aliena,
1288 2953 1396 2992 non
1450 2936 1640 2990 urbem
1687 2933 1994 3000 antiquam,
2035 2945 2142 2984 non

546 3042 709 3099 sedes
760 3038 1008 3110 proprias
1063 3033 1423 3105 possidentes,
1460 3031 1510 3085 id
1551 3027 1694 3099 quod
1728 3025 2043 3097 PrOphetis,
2090 3035 2146 3079 et

546 3135 816 3196 Salvatori
845 3148 943 3189 suo
972 3131 1240 3196 fecerunt,
1282 3134 1625 3197 receperunt.
1657 3122 1791 3191 Quia
1839 3120 1984 3175 enim
2015 3133 2142 3173 san-

2240 1910 2494 1965 niiserias
2524 1906 2902 1986 pervenerint.
2939 1912 2961 1939 ο
2993 1902 3060 1956 Ει
3086 1900 3323 1971 quodam
3357 1896 3521 1953 modo
3551 1896 3798 1965 loquitur
3829 1909 3844 1947 :

2240 2002 2340 2069 Qui
2372 2017 2465 2056 eos
2495 2001 2828 2061 redemerat,
2869 1997 2960 2067 qui
2999 2006 3256 2064 posuerat
3310 1995 3362 2046 in
3416 1991 3522 2046 illis
3568 1989 3847 2058 Spiritum

2241 2107 2488 2151 Sanctum
2517 2109 2702 2159 suum,
2735 2089 2991 2146 habitans
3021 2103 3144 2143 cum
3173 2087 3272 2151 eis,
3299 2086 3386 2140 ubi
3423 2100 3565 2139 nunc
3583 2081 3702 2136 est?
3723 2095 3844 2151 quo

2241 2190 2413 2246 abiit?
2439 2186 2740 2256 Dereliquit
2771 2200 2887 2249 eos,
2912 2183 3035 2253 quia
3079 2181 3182 2250 ipsi
3213 2179 3362 2250 prius
3403 2175 3845 2245 dereliquerunt,

2241 2295 2296 2340 ot
2348 2283 2414 2338 ad
2461 2278 2801 2335 iracundiam
2851 2281 3291 2346 provoeaverunt
3338 2272 3594 2326 Sanctum
3649 2266 3846 2322 Israel.

2242 2377 2507 2431 Posuerat
2537 2384 2715 2428 autem
2755 2369 2914 2442 156
2941 2366 3144 2423 dudum
3176 2367 3230 2421 in
3259 2366 3338 2420 eis
3365 2364 3633 2433 Spiritum
3682 2377 3850 2420 sanc-

2247 2481 2356 2525 tttm
2391 2469 2553 2534 Deus,
2577 2483 2702 2522 cum
2733 2466 2908 2518 adhuc
2942 2463 3067 2517 boni
3095 2469 3301 2526 essent,
3329 2469 3385 2514 et
3408 2457 3695 2528 pra-ceptis
3724 2456 3850 2526 ejus

2244 2564 2472 2632 obsequi
2499 2563 2824 2615 niterentur.
2858 2556 2953 2611 llis
2982 2555 3128 2611 enim
3178 2549 3572 2608 tamtummodo
3602 2549 3852 2616 Spiritus

2244 2668 2468 2712 sanctus
2495 2654 2775 2716 inseritur,
2793 2650 2905 2719 qui,
2936 2650 3084 2703 vitiis
3107 2645 3408 2712 derelictis,
3428 2645 3692 2698 virtutum
3722 2657 3851 2699 sec-

2247 2758 2430 2804 tantur
2479 2746 2730 2809 chorum,
2778 2752 2834 2799 et
2883 2745 3039 2810 juxta
3093 2755 3208 2805 eas,
3256 2748 3312 2793 et
3368 2753 3463 2808 per
3511 2751 3604 2791 eas
3642 2737 3694 2790 in
3736 2735 3852 2791 ﬁde

2247 2839 2450 2896 Christi
2475 2839 2750 2893 victitant.
2779 2835 2932 2902 Quod
2957 2835 3002 2889 si
3024 2833 3284 2904 paulatim
3313 2830 3331 2869 ί
3359 2829 3688 2902 negligentia
3713 2829 3852 2884 sub-

2247 2941 2470 3001 repente
2499 2930 2766 2999 cmperint
2791 2927 2856 2980 ad
2889 2927 3072 2996 pejora
3096 2924 3398 2989 eonﬂuere,
3442 2922 3721 2978 concitant
3749 2919 3853 2976 ad-

2247 3042 2465 3083 versum
2511 3041 2570 3079 se
2613 3024 2972 3079 habitatorem
3004 3036 3160 3076 suum
3201 3019 3464 3087 Spiritum
3486 3028 3761 3080 sanetum,
3790 3023 3854 3071 et

2248 3137 2372 3177 eum
2403 3121 2493 3188 qui
2542 3119 2688 3174 illum
2733 3115 2993 3181 dederat,
3022 3121 3356 3169 convertunt
3397 3111 3465 3166 ad
3512 3109 3848 3165 inimicitias.

548 3231 812 3305 guinarii,
858 3238 913 3284 et
954 3241 1159 3282 vesano
1186 3238 1406 3293 semper
1448 3221 1634 3276 furore
1669 3229 1690 3256 ο
1720 3217 1886 3287 capti,
1928 3231 2033 3270 non
2060 3229 2151 3268 so-
2175 3208 2220 3271 C
2254 3216 2392 3271 Huic
2416 3213 2544 3283 quid
2571 3213 2749 3267 simile
2779 3219 2834 3265 et
2869 3209 3165 3278 Apostolus
3207 3207 3276 3263 ad
3323 3207 3852 3263 Thessalonicenses

549 3328 662 3380 lum
717 3319 874 3395 155
917 3318 1220 3389 Prophetas
1271 3313 1609 3377 occiderunt,
1670 3309 2149 3379 lapidaveruntque

553 3433 648 3473 eos
670 3418 761 3484 qui
788 3414 852 3468 ad
876 3426 935 3466 se
969 3410 1118 3463 missi
1151 3403 1492 3470 t‘uerant,sed
1519 3403 1586 3458 ad
1616 3399 1908 3471 impietatis
1933 3398 2146 3452 culmen

554 3509 783 3583 egressi,
830 3506 1123 3562 Dominum
1155 3503 1526 3560 Salvatorem,
1559 3497 1646 3567 qui
1680 3510 1778 3565 pro
1825 3503 2147 3548 cunctorum

555 3580 731 3660 salute
760 3598 1098 3658 descendere
1130 3596 1383 3665 dignatus
1428 3592 1603 3645 fuerat
1642 3586 1707 3641 ad
1738 3596 1933 3645 terras,
1967 3580 2152 3652 prodi-

556 3696 754 3752 derunt
778 3701 836 3749 et
858 3687 1268 3750 eruciﬁxerunt,
1303 3690 1595 3754 propterea
1625 3674 1837 3746 expulsi
1864 3681 1992 3727 sunt
2021 3671 2152 3726 urbe

556 3803 718 3860 quam
748 3784 1142 3855 Prophetarum
1183 3787 1239 3832 et
1273 3774 1472 3831 Christi
1503 3787 1696 3828 cruore
1724 3768 2150 3824 maculaverunt.

557 3879 864 3937 Secundum
896 3875 1059 3946 igitur
1091 3873 1229 3925 hunc
1271 3881 1492 3922 sensum
1525 3863 1833 3920 debellatos
1858 3874 1954 3916 eos
1983 3873 2011 3912 a
2044 3857 2152 3911 Do-

559 3972 713 4026 mino
735 3967 1045 4036 intelligere
1067 3962 1346 4026 debemus,
1365 3975 1470 4012 non
1503 3956 1571 4012 ad
1599 3957 1764 4011 breve
1795 3963 2030 4022 tempus,
2060 3949 2155 4005 sed

559 4063 625 4119 ad
671 4074 834 4118 omne
882 4057 1125 4112 futurum
1155 4052 1412 4108 smeulum
1445 4048 1471 4086 δ
1503 4063 1674 4118 usque
1711 4046 1780 4101 ad
1804 4055 2157 4100 consumma-

561 4159 766 4212 tionem
814 4149 1025 4206 mnndi.
1072 4147 1285 4215 Quippe
1328 4143 1412 4215 (ut
1441 4139 1706 4208 diximus)
1762 4135 1968 4207 profugi
1999 4146 2160 4205 atque

560 4247 783 4319 captivi,
803 4245 856 4298 in
881 4242 1150 4298 universis
1177 4238 1432 4291 aberrant
1459 4230 1794 4295 nationibus,
1813 4245 1920 4283 non
1946 4225 2156 4289 urbem,

563 4357 669 4397 non
714 4340 988 4408 regionem
1039 4329 1315 4402 pr0priam
1353 4324 1718 4396 possidentes.
1751 4321 2004 4376 Attamen
2036 4316 2160 4386 quia

564 4433 888 4491 naturaliter
921 4427 1192 4496 benignus
1221 4432 1308 4478 est
1335 4430 1388 4475 et
1416 4417 1733 4474 misericors
1761 4417 1805 4469 is
1830 4413 1923 4485 qui
1950 4425 2043 4465 eos
2070 4408 2163 4464 de-

566 4529 888 4590 bellaverat,
918 4521 1110 4577 tribuit
1142 4518 1224 4573 eis
1246 4516 1424 4572 locum
1450 4509 1809 4583 pmnitentim,
1829 4507 1872 4561 si
1905 4500 2161 4560 velintad

2252 3309 2519 3372 scribens,
2550 3307 2647 3370 ait,
2676 3304 2857 3371 Neque
2881 3304 3018 3358 enim
3043 3302 3235 3356 vocavit
3258 3317 3349 3354 nos
3381 3299 3516 3355 Deus
3541 3298 3610 3354 ad
3631 3300 3859 3354 immun-

2253 3401 2454 3465 ditiam,
2486 3398 2576 3452 sed
2604 3399 2673 3450 ad
2699 3395 3160 3465 sancti/irationem
3179 3394 3230 3465 (Ι
3254 3393 3438 3448 Thess.
3462 3408 3537 3458 tv,
3560 3391 3638 3464 7).

2324 3493 2413 3548 50.
2447 3493 2626 3561 Itaque
2657 3492 2747 3560 qni
2781 3490 3014 3560 spernit,
3049 3489 3164 3543 sive
3203 3488 3346 3558 quod
3392 3486 3587 3541 melius
3617 3485 3859 3542 habetur

2256 3585 2309 3639 in
2337 3583 2549 3648 01·ωοο,
2578 3583 2665 3652 qui
2689 3580 3060 3654 prtevaricatur
3093 3589 3141 3646 ε,
3175 3594 3280 3634 non
3312 3577 3588 3633 hominem
3638 3593 3859 3648 praeva-

2256 3676 2538 3741 ricabitur,
2588 3674 2682 3730 sed
2735 3672 2928 3738 Deum,
2981 3673 3072 3742 qui
3115 3671 3270 3726 dedit
3316 3671 3572 3741 Spiritum
3601 3678 3856 3725 sanctum

2256 3783 2412 3823 suum
2441 3767 2495 3822 in
2529 3766 2702 3821 vobis.
2744 3765 2875 3820 Nam
2917 3764 2969 3818 in
2995 3763 3081 3819 his
3110 3763 3453 3819 sermonibus
3484 3763 3622 3817 Deus
3650 3777 3862 3817 vocans

2260 3879 2357 3933 per
2401 3861 2560 3917 ﬁdem
2609 3860 2661 3916 in
2713 3859 3224 3932 sanctiﬁcationem,
3257 3854 3285 3893 ιι
3317 3857 3368 3911 id
3411 3867 3518 3924 est,
3568 3866 3629 3911 ut
3678 3855 3862 3911 sancti

2260 3956 2494 4026 Spiritus
2527 3955 2722 4010 fierent
2766 3953 3074 4019 credentes,
3105 3953 3254 4008 dedit
3280 3953 3360 4007 eis
3401 3951 3665 4023 Spiritum
3693 3965 3863 4006 sanc-

2263 4059 2399 4104 tum.
2453 4048 2521 4104 Et
2570 4048 2812 4118 quandiu
2857 4056 3132 4117 praecepta
3159 4045 3257 4101 Dei
3289 4051 3686 4108 servaverunt,
3734 4058 3867 4114 per-

2264 4143 2464 4198 mansit
2516 4142 2569 4196 in
2602 4142 2682 4196 eis
2711 4140 2952 4212 Spiritus
3003 4149 3246 4207 sanctus,
3295 4154 3458 4210 quem
3503 4147 3862 4208 acceperunt.

2263 4236 2494 4306 Quando
2520 4251 2651 4290 vero
2680 4250 2867 4290 amore
2900 4234 2917 4272 ί
2951 4235 3162 4291 lubrico
3191 4245 3541 4298 corruerunt,
3569 4242 3624 4289 et
3662 4233 3730 4287 ad
3760 4235 3866 4289 im-

2266 4331 2588 4388 munditiam
2605 4339 2732 4385 sunt
2749 4329 2980 4400 delapsi,
3003 4339 3350 4400 spreverunt,
3373 4329 3489 4386 sive
3511 4326 3866 4400 praevaricati

2266 4432 2395 4481 sunt
2429 4425 2746 4489 Dominum,
2780 4423 2873 4495 qui
2905 4421 3132 4477 dederat
3170 4423 3250 4477 eis
3280 4423 3539 4494 Spiritum
3581 4427 3865 4488 sanctum,

2268 4527 2328 4573 ιιι
2358 4534 2466 4573 non
2491 4517 2852 4573 immunditire
2872 4515 3234 4578 deservirem,
3257 4516 3354 4571 sed
3378 4522 3437 4570 ut
3458 4512 3870 4570 sanctilicaren-

569 4620 796 4676 meliora
843 4611 1114 4671 COIIVeﬂi-
1166 4609 1324 4666 Unde
1370 4616 1426 4662 el
1467 4605 1690 4667 (Ῐὶθίῑυτν
1726 4599 2047 4656 mmmam
2089 4604 2162 4650 εεῑ
2187 4603 2240 4663 Ι)
2269 4621 2375 4666 tur.
2414 4610 2568 4667 Unde
2597 4625 2785 4680 poenas
2829 4609 2986 4663 luent
3015 4607 3106 4678 qni
3157 4607 3261 4662 ista
3301 4606 3720 4671 commiserunt,
3754 4621 3867 4662 non

570 4715 772 4768 dierum
812 4707 1010 4764 sa'culi.
1059 4705 1399 4762 Recordatus
1424 4701 1568 4756 enim
1615 4709 1919 4766 temporum
1954 4695 2162 4746 futuro-

567 4824 715 4872 rum,
743 4805 984 4860 clausam
1010 4801 1230 4871 januam
1254 4809 1274 4835 ο
1300 4797 1475 4866 aliqua
1500 4794 1578 4849 eis
1599 4808 1666 4847 ex
1695 4798 1849 4861 parte
1879 4783 2160 4849 reseravit,

568 4915 627 4960 ut
675 4909 964 4972 postquam
1020 4893 1301 4950 intraverit
1351 4887 1629 4961 plenitudo
1695 4885 1975 4957 gentium,
2033 4890 2165 4936 tunc

570 4971 748 5052 omnis
783 4990 953 5048 Israel
998 4988 1108 5058 (qui
1156 4988 1254 5040 hac
1311 4983 1473 5039 fuerit
1519 4983 1714 5052 dignus
1769 4971 2163 5052 appellatione)

643 5165 670 5191 ει
705 5154 824 5205 Duo
863 5161 994 5200 mss.
1041 5141 1214 5195 Vatic.
1265 5147 1320 5192 et
1369 5139 1503 5207 Reg.
1534 5151 1656 5190 eum
1698 5136 1870 5190 veteri
1899 5133 2157 5198 editione,

573 5233 751 5302 furore
770 5217 986 5302 raptati2

645 5277 679 5336 b7
703 5277 1081 5354 Erat'pra-lixo
1114 5290 1333 5354 puncto.
1371 5278 1543 5350 Usque
1570 5280 1636 5333 ad
1669 5277 2164 5333 consummationem

573 5370 768 5443 quippe
803 5352 1002 5419 mundi.
1041 5352 1388 5420 ut'diximus,
1437 5362 1570 5418 etc.,
1603 5368 1725 5421 quze
1754 5352 2090 5418 castigantur
2134 5360 2164 5399 a

576 5456 906 5563 Imitf‘OVitiosa
939 5498 1223 5556 metathesi
1271 5494 1554 5551 obtinebat
1595 5493 1648 5546 in
1695 5490 1857 5546 editis
1901 5489 2075 5560 aliqua
2104 5506 2170 5544 ea;

575 5587 648 5641 eis
675 5595 837 5652 parte.
863 5569 1453 5652 Scripti‘eniendant.h
1559 5633 1571 5652 Ι
1622 5635 1654 5652 μ
1714 5631 1725 5642 .

650 5629 781 5707 “rita
794 5629 1032 5703 ⁷ἰνιιήιίιδὲ.
1069 5643 1379 5711 frequenter
1407 5633 1691 5711 Pi'apltetes
1713 5631 1766 5711 itt
1798 5638 1948 5711 recto
1975 5629 2168 5711 scribi-

583 5735 667 5778 tur
705 5700 1021 5774 iiiis-eorum
1065 5700 1234 5774 more,
1271 5709 1412 5763 unde
1453 5700 1584 5778 editi
1633 5700 2165 5778 supineadntodum

583 5771 857 5864 ﬂagiti-etis
889 5790 1088 5854 legunt.
1123 5771 1424 5836 Estautem
1464 5776 1650 5839 Isaias,
1687 5773 1738 5826 in
1770 5773 1922 5842 cujus
1951 5771 2167 5841 exposi-

2270 4704 2424 4776 quasi
2457 4704 2756 4768 hominem,
2803 4701 2897 4756 sed
2928 4701 3083 4772 quasi
3113 4701 3284 4756 Demn
3323 4710 3668 4772 spernentes.
3710 4699 3780 4755 Et
3807 4709 3873 4756 ut

2267 4798 2502 4852 sciamus
2525 4795 2814 4851 Dominum
2841 4808 2964 4849 esse
2991 4794 3252 4863 Spiritum
3281 4803 3555 4862 Sanctum,
3583 4793 3676 4865 qui
3703 4793 3870 4849 datur

2267 4891 2636 4956 credentibus,
2668 4905 2732 4945 ex
2760 4888 2930 4959 ipsius
2961 4887 3250 4957 Prophetze
3276 4887 3430 4943 lsaite
3452 4887 3726 4944 discimus
3751 4886 3873 4942 elo-

2264 4982 2412 5050 quin,
2443 4981 2533 5050 qui
2562 4979 2767 5035 inducit
2795 4978 2861 5034 ad
2883 4979 3195 5050 quempiam
3225 4978 3496 5036 dicentem
3532 4978 3821 5035 Dominum
3848 4995 3866 5035 :

2269 5132 2418 5187 tione
2448 5130 2555 5185 Ioci
2588 5139 2927 5198 perseverat.

2341 5212 2364 5283 ξ’
2395 5202 2686 5283 Perperam
2712 5199 2880 5283 editi;
2897 5201 3025 5283 quin
3071 5199 3236 5283 etiam
3267 5213 3398 5283 mss.
3421 5210 3468 5253 et
3497 5200 3758 5271 quomodo
3782 5199 3869 5256 lo-

2265 5273 2476 5356 quitur?
2495 5271 2631 5356 Tum
2663 5280 2816 5326 vetns
2845 5274 3044 5356 Editin,
3068 5275 3156 5344 qui
3180 5289 3267 5328 eos
3288 5271 3596 5338 redemerat,
3620 5273 3710 5343 qui
3731 5273 3873 5327 exal-

2269 5355 2484 5406 taverat,
2515 5354 2603 5414 qui
2628 5355 2888 5415 posuerat,
2915 5354 3020 5400 etc.

2345 5415 2364 5455 ί
2396 5415 2570 5470 Minus
2602 5414 2749 5470 recte
2779 5418 2934 5482 editi,
2985 5414 3296 5487 negligentia
3324 5422 3630 5487 suggerente
3658 5417 3871 5487 coeperit

2270 5487 2339 5542 ad
2370 5492 2549 5562 pejora
2577 5488 2860 5562 conﬂuere.

2347 5558 2379 5631 β’
2405 5558 2488 5615 ᾸΙ.
2519 5559 2945 5631 prteraricmttur,
2978 5559 3030 5613 in
3063 5558 3254 5614 Grmco
3285 5560 3595 5618 ἀθετήσωσι.

2347 5630 2374 5708 ξι
2406 5630 2574 5708 _\iet_ns
2598 5632 2729 5708 edit.
2763 5631 2902 5708 idem
2926 5639 2980 5684 ut
3003 5631 3350 5708 sanctiﬁcat-et
3381 5630 3664 5686 credentes.

2354 5702 2366 5738 ί
2406 5702 2577 5755 Vatic.
2605 5702 2726 5756 vitio
2755 5699 2950 5756 lubrico
2979 5718 2999 5755 :
3029 5712 3187 5756 vetus
3208 5701 3363 5766 edit.,
3388 5703 3648 5768 vitiorum,
3685 5711 3796 5759 etc.
