4074 6376
183 343 284 402 115

904 335 1452 395 INTERPRETATIO
1495 336 1674 392 LIBRI
1715 335 1950 392 DlDYMl
1988 337 2075 392 DE
2118 333 2390 393 SPlRlTU
2432 331 2715 392 SANCTO.

3367 333 3463 390 M6

182 459 401 532 Spiritus
450 475 592 514 meus
633 459 685 512 in
717 469 762 511 te
787 471 882 522 est,
915 468 960 509 et
993 455 1136 510 verba
1171 470 1283 509 mea
1309 453 1427 508 dedi
1454 456 1508 507 in
1534 470 1590 506 os
1626 463 1771 506 tuum
1801 459 1845 519 Α
1878 470 1970 508 nos
2007 470 2180 507 omnes
2219 461 2370 506 testes
2416 467 2613 503 sumus.
2653 448 2879 503 Dextera
2910 448 3070 518 igitur
3100 446 3198 500 Dei
3227 447 3465 510 elevatus,

184 549 331 623 (Isai.
366 567 479 616 us,
511 552 630 621 2i).
660 550 975 606 Ostenditur
1019 551 1160 604 enim
1208 564 1273 602 ex
1323 563 1576 602 sermone
1629 562 1768 617 prac-

175 649 348 713 senti,
383 647 527 716 quod
563 647 659 717 qui
705 647 974 714 acceperit
1004 643 1266 714 Spirittnn
1302 643 1420 709 Dei,
1454 644 1617 698 simul
1640 657 1766 697 cum

172 754 243 795 eo
270 752 323 794 et
355 740 512 794 verba
542 739 635 792 Dei
667 737 960 808 possideat,
995 751 1278 793 sermones
1304 735 1560 790 videlicet
1585 735 1766 790 scien-

169 833 266 888 tia:
308 842 362 888 et
405 832 713 903 sapientim.
770 830 990 886 Necnon
1043 841 1096 885 et
1143 831 1195 884 in
1229 830 1338 885 alio
1367 830 1489 883 loco
1519 829 1764 899 ejusdem

165 926 458 999 Propheta:
492 927 634 981 Deus
665 925 903 997 loquitur
930 943 942 978 :
979 923 1106 978 Dedi
1136 924 1392 992 Spiritum
1419 939 1586 976 meum
1613 938 1767 992 super

163 1035 282 1074 eum
314 1018 472 1091 (Isai.
524 1018 879 1089 x1.n,l).Qui
913 1033 1043 1088 ergo
1074 1018 1256 1087 posuit
1303 1018 1352 1071 in
1379 1018 1459 1072 eis
1503 1016 1762 1085 Spiritum

164 1125 439 1179 sanctum,
495 1111 713 1183 Moysen
762 1112 991 1166 dextera
1046 1125 1142 1163 sua
1191 1109 1590 1163 sanctificatum
1642 1123 1764 1163 esse

161 1214 571 1260 commemorat
600 1223 613 1260 :
647 1205 761 1259 sive
788 1204 938 1258 illum
967 1202 1236 1258 illustrem
1263 1203 1457 1265 virum.
1479 1211 1532 1256 et
1563 1212 1765 1272 myste-

159 1297 368 1351 riorum
394 1296 490 1351 Dei
521 1295 874 1361 initiatoretn,
899 1293 964 1348 de
990 1310 1098 1364 quo
1119 1295 1184 1348 ad
1212 1293 1396 1349 Jesum
1423 1293 1590 1347 lilium
1619 1293 1763 1346 Nave

159 1387 427 1443 Dominus
453 1388 529 1443 ait
561 1405 575 1442 :
607 1387 813 1460 Moyses
854 1385 1009 1458 157
1037 1386 1267 1455 famulus
1298 1402 1458 1452 meus,
1492 1385 1617 1440 sive
1657 1383 1761 1440 Le-

157 1498 281 1553 gem
313 1499 489 1547 suam,
522 1498 644 1554 qua:
693 1483 747 1536 in
780 1482 952 1536 veteri
998 1479 1197 1550 scripta
1242 1488 1325 1533 cst
1363 1479 1756 1533 lostrumeuto.

152 1574 295 1630 Nam
321 1577 518 1632 crebro
557 1577 756 1647 legisse
788 1591 874 1632 me
908 1577 1132 1631 memini
1175 1575 1396 1647 Moysen
1426 1574 1757 1644 appellatum

154 1681 291 1722 esse
321 1683 416 1737 pro
444 1670 609 1739 Lege,
642 1676 702 1722 ιιι
732 1669 784 1723 in
819 1668 1085 1738 Apostolo
1118 1685 1130 1720 :
1167 1666 1338 1738 Usque
1367 1668 1420 1720 in
1447 1665 1756 1720 hodiernum

151 1758 321 1826 diem,
375 1762 580 1829 quando
627 1762 814 1834 legitur
871 1759 1080 1832 Moyses
1131 1760 1196 1832 (ll
1237 1758 1359 1816 Cor.
1399 1776 1477 1822 tu,
1527 1758 1642 1829 M).
1685 1759 1756 1813 Et

1873 558 1920 601 et
1946 546 2402 619 repromissionem
2435 543 2672 610 Spiritus
2713 541 2879 594 sancti
2927 539 3188 607 accipiens
3217 554 3249 590 a
3279 535 3466 600 Patre,

1877 641 2060 706 effudit
2095 639 2257 711 158
2287 636 2384 690 hoc
2413 637 2608 688 donum
2630 635 2680 686 in
2710 634 2876 693 nobis,
2910 633 3052 702 quod
3093 647 3182 685 ros
3212 629 3397 683 videtis
3426 640 3470 682 et

1871 736 2098 797 auditis,
2127 749 2288 803 neque
2331 732 2466 784 enim
2499 727 2668 781 David
2697 727 2929 780 ascendit
2954 728 3009 778 in
3055 723 3207 779 cwlos
3233 723 3372 795 (Act.
3406 737 3469 787 ιι,

1870 830 1934 884 51
1977 826 2164 899 seqq.).
2196 825 2341 879 Nulli
2383 826 2585 893 quippe
2610 821 2868 885 dubium,
2914 821 3206 874 exaltatum
3247 820 3471 873 dextera

1872 922 1988 983 Dei,
2013 933 2066 975 et
2090 921 2156 972 ab
2187 918 2374 973 inferis
2398 924 2777 984 resurgentem
2803 929 2926 968 esse
2953 912 3237 966 Dominum
3258 912 3466 978 Jesom,

1870 1015 2010 1069 sicut
2050 1012 2168 1082 ipse
2197 1011 2494 1080 Scriptum
2515 1021 2767 1062 sermone
2805 1013 3033 1061 testatus
3061 1013 3165 1059 est.
3201 1005 3306 1060 late
3333 1020 3466 1074 ergo

1868 1107 1958 1177 qui
2003 1106 2299 1161 resurrexit
2328 1122 2353 1157 a
2389 1104 2621 1157 mortuis
2650 1101 2816 1155 dicit:
2854 1100 2965 1171 Ego
2993 1101 3210 1154 dormivi
3244 1110 3290 1154 et
3329 1116 3468 1154 sont-

1869 1216 1989 1252 num
2029 1199 2168 1269 cepi,
2197 1207 2245 1250 et
2282 1195 2574 1259 resurrexi,
2610 1194 2734 1263 quia
2783 1190 3039 1246 Dominus
3079 1192 3344 1246 suscitavit
3383 1208 3466 1246 me

1868 1291 2044 1363 (Psal.
2074 1306 2155 1355 ιιι,
2181 1289 2259 1360 6).

1939 1383 2031 1439 52.
2078 1382 2234 1451 °lpse
2252 1397 2380 1452 ergo
2411 1395 2668 1436 sermone
2695 1382 2785 1436 Dei
2812 1389 3127 1448 assumptus
3159 1381 3210 1434 in
3243 1381 3470 1445 malum,

1863 1479 2107 1535 elevatus
2135 1493 2254 1533 esse
2294 1477 2360 1532 ab
2390 1492 2476 1541 ea,
2503 1477 2569 1531 de
2601 1493 2704 1547 qua
2737 1492 2904 1546 supra
2933 1477 3195 1541 diximus,
3245 1476 3466 1531 dextera

1863 1571 1959 1627 Dei
1983 1571 2331 1642 prmdicatur,
2357 1579 2410 1625 et
2440 1570 2720 1640 accepisse
2744 1571 3200 1641 repromissiones
3227 1570 3467 1641 Spiritus

1861 1666 2032 1720 sancti
2061 1681 2087 1718 a
2116 1665 2295 1730 Patre,
2331 1675 2382 1719 et
2411 1662 2666 1718 effudisse
2695 1663 2848 1718 illum
2879 1663 2928 1717 in
2959 1662 3281 1728 credentes,
3313 1665 3383 1717 ita
3409 1673 3470 1718 ut

1862 1760 2104 1813 omnium
2149 1759 2349 1829 linguis
2391 1759 2746 1828 loquerentur
2786 1758 3057 1827 magnalia
3095 1759 3209 1814 Dei.
3237 1757 3372 1812 Nam
3407 1769 3464 1814 et

147 1850 432 1907 Abraham
459 1853 525 1908 ad
554 1853 777 1908 divitem
808 1854 859 1907 in
891 1853 1175 1923 suppliciis
1215 1854 1594 1915 constitutum,
1646 1852 1756 1905 Ha-
1789 1859 1835 1919 Β
1863 1851 2168 1906 dominicus
2197 1852 2367 1905 llomo
2402 1851 2613 1920 accepit
2637 1850 3187 1906 communicationem
3223 1851 3460 1920 Spiritus

146 1940 296 2004 bent,
327 1943 527 2012 inquit,
577 1943 792 2014 Moysen
823 1955 871 1998 et
904 1944 1190 2012 Prop/tetas
1222 1943 1372 2006 (Luc.
1404 1961 1520 2009 xw,
1546 1943 1663 2015 829).
1696 1946 1760 1999 Et

142 2042 309 2089 certe
341 2035 551 2104 liquido
597 2035 985 2104 comprobatur
1018 2037 1090 2090 ibi
1140 2037 1387 2107 Moysen,
1435 2053 1542 2090 non
1571 2051 1763 2106 supra-

139 2125 364 2181 dictum
395 2129 574 2180 virum
608 2126 970 2195 significatum
1002 2142 1146 2193 esse,
1177 2129 1271 2182 sed
1302 2127 1524 2197 Legem.

220 2218 328 2272 51.
373 2216 550 2272 Porro
594 2232 716 2286 qua:
772 2228 856 2272 est
905 2219 1131 2272 dextera
1170 2219 1307 2285 ,Dei,
1360 2235 1482 2289 qua-.
1535 2219 1768 2274 adduxit

129 2312 412 2383 Moysen,
446 2310 550 2365 nisi
586 2311 850 2366 Dominus
885 2321 938 2366 ct
973 2313 1228 2368 Salvator
1272 2316 1498 2369 noster?
1525 2315 1644 2383 lpse
1683 2323 1766 2370 est

132 2404 309 2458 enim
343 2402 567 2458 dextera
601 2403 812 2470 Patris,
843 2421 939 2475 per
979 2421 1141 2476 quem
1172 2408 1346 2460 salvat
1396 2416 1452 2462 et
1478 2408 1679 2462 exultat
1711 2417 1764 2462 et

130 2495 292 2551 facit
309 2497 586 2560 virtutem,
613 2497 756 2550 sicut
781 2497 906 2551 alibi
928 2497 994 2552 dc
1018 2499 1130 2553 Deo
1147 2498 1347 2553 dicitur
1365 2518 1377 2552 :
1396 2498 1654 2555 Salravitn
1671 2500 1766 2555 sibi

134 2591 373 2645 dextera
391 2607 506 2653 sua,
533 2600 580 2645 et
604 2591 872 2644 l'racltium
895 2604 1130 2647 sanctum
1153 2595 1262 2663 ejus
1284 2593 1459 2664 (Psal.
1488 2609 1652 2660 xcvtt,
1691 2592 1760 2664 l).

137 2683 227 2740 Et
272 2700 524 2740 rursum:
569 2683 799 2739 Dextera
835 2683 1051 2739 Domini
1093 2687 1215 2756 fecit
1259 2686 1517 2750 uirtutem,
1551 2689 1761 2741 dextera

137 2774 368 2831 Domini
400 2775 647 2831 exalta-t'it
687 2793 768 2832 me
791 2795 810 2831 :
839 2795 941 2832 non
982 2779 1204 2842 moriar,
1233 2777 1322 2832 sed
1351 2779 1538 2844 vivam,
1566 2788 1614 2832 et
1641 2795 1761 2831 nar-

135 2868 284 2922 rabo
315 2884 471 2940 opera
497 2867 708 2922 Domini
730 2868 906 2941 (Psal.
940 2886 1110 2936 cxvn,
1141 2867 1256 2942 l6).
1288 2871 1350 2925 Et
1382 2880 1530 2925 certe
1566 2886 1756 2926 vocem

146 2962 300 3017 hanc
321 2977 389 3016 ex
423 2977 655 3032 persona
675 2961 702 3000 ι’
729 2962 995 3017 Dominici
1025 2963 1278 3018 Hominis
1302 2963 1568 3034 proferri,
1596 2980 1756 3034 quem

145 3053 471 3123 unigenitus
498 3051 671 3108 Filius
712 3053 804 3107 Dei
833 3068 1116 3108 assumere
1147 3055 1401 3125 dignatus
1432 3064 1516 3110 est
1545 3072 1614 3109 ex
1651 3057 1755 3110 vir-

148 3146 305 3214 gine,
338 3161 404 3200 cx
428 3144 544 3214 ipso
577 3144 696 3200 loco
722 3146 1015 3201 manifeste
1043 3149 1464 3215 comprobatur,
1491 3149 1612 3218 quia
1643 3150 1758 3220 ipse

1863 1946 2060 2006 sancti,
2095 1945 2232 1999 sicut
2261 1945 2315 1999 in
2358 1943 2672 2015 Evangeliis
2703 1945 2996 2000 scribitur:
3025 1945 3183 2000 Jesus
3225 1963 3347 2017 ergo
3390 1961 3474 2001 re-

1865 2040 2029 2106 pletus
2043 2036 2247 2105 Spirittt
2263 2047 2465 2104 sancto,
2482 2053 2747 2110 regressus
2761 2046 2833 2090 est
2847 2055 2876 2088 a
2889 2035 3319 2110 Jordane(Luc.t
3347 2037 3462 2108 67).

1868 2129 1934 2182 Et
1957 2130 2008 2180 in
2039 2128 2143 2181 alio
2175 2129 2328 2183 loco:
2363 2127 2614 2182 Reuersus
2642 2137 2718 2183 est
2753 2129 2880 2181 Jesu
2924 2130 2976 2181 in
3006 2129 3193 2182 virtute
3229 2129 3467 2197 Spiritus

1866 2221 1918 2274 in
1949 2218 2222 2273 Galilaam
2249 2219 2402 2288 (Luc.
2437 2236 2559 2285 vui,
2597 2220 2711 2290 55).
2749 2221 2872 2275 llam
2900 2232 3080 2274 autem
3129 2221 3334 2290 absque
3362 2220 3468 2274 ulla

1866 2313 2135 2366 calumnia
2164 2313 2232 2367 de
2264 2313 2538 2368 dominico
2563 2313 2811 2379 llomine,
2853 2311 2984 2381 fqui
3010 2321 3157 2366 totus
3185 2311 3462 2377 Christus,

1869 2419 2008 2458 unus
2056 2412 2140 2459 est
2188 2404 2348 2459 Jesus
2391 2403 2560 2460 Filius
2588 2405 2720 2467 Dei,
2749 2418 2911 2458 sensu
2945 2403 3209 2458 debemus
3249 2404 3470 2472 pietatis

1868 2499 2142 2567 accipere,
2169 2513 2277 2552 non
2306 2497 2449 2567 quod
2475 2496 2611 2552 alter
2633 2511 2686 2550 et
2719 2496 2858 2550 alter
2875 2497 2966 2560 sit,
2983 2495 3076 2550 sed
3102 2495 3244 2563 quod
3274 2500 3343 2549 de
3364 2510 3474 2548 uno

1867 2604 2030 2664 atque
2069 2592 2285 2655 eodem,
2335 2590 2492 2660 quasi
2539 2590 2605 2645 de
2659 2590 2836 2644 altero
2881 2588 3179 2644 secundum
3226 2596 3473 2643 naturam

1868 2683 1989 2750 Dei,
2044 2694 2097 2738 et
2150 2684 2386 2738 hominis
2430 2684 2760 2753 disputetur,
2806 2691 2860 2737 et.
2886 2681 3009 2752 quia
3061 2683 3200 2736 Deus
3229 2680 3464 2735 Verbum

1867 2777 2176 2847 tinigcnitus
2209 2776 2352 2829 illius
2383 2775 2511 2842 Dei,
2559 2791 2734 2844 neque
2773 2774 3206 2828 immutationem
3249 2773 3464 2841 recipit,

1864 2885 1964 2924 nec
1996 2878 2370 2940 augmentum.
2403 2868 2686 2939 Siquidem
2741 2868 2854 2936 ipse
2904 2876 2987 2920 est
3035 2866 3301 2920 bonorum
3349 2880 3466 2918 om-

1867 2965 2017 3018 nium
2052 2962 2357 3032 plenitudo.

1936 3057 2026 3110 55.
2069 3054 2213 3110 Satis
2242 3055 2565 3124 abundeque
2594 3055 2664 3110 de.
2695 3055 2980 3126 Propheta:
3010 3054 3322 3109 testimonio
3351 3053 3460 3108 dis-

1863 3158 2109 3218 putatum
2139 3160 2246 3216 est,
2283 3166 2381 3204 nec
2411 3150 2476 3204 ad
2510 3151 2717 3219 reliqua
2745 3165 3031 3220 pergamus
3056 3190 3072 3216 ,
3103 3159 3157 3203 ut
3187 3149 3462 3219 quomodo

149 3245 243 3292 est
284 3235 507 3291 destera
542 3237 659 3302 Dei,
686 3237 828 3292 sicut
855 3237 1120 3306 scriptum
1150 3249 1236 3293 est
1269 3239 1321 3294 in
1353 3240 1581 3295 Actibus
1603 3241 1750 3310 Apo—
1779 3242 1825 3305 C
1859 3251 1883 3290 ε
1917 3244 2120 3297 scimus
2154 3243 2297 3314 quod
2343 3243 2502 3297 Pater
2539 3255 2589 3298 et
2629 3244 2802 3298 Filius
2840 3255 3058 3298 sanctos
3089 3254 3146 3298 et
3175 3244 3348 3296 bonos
3377 3242 3461 3295 sui

151 3330 452 3397 stolorum,
482 3330 624 3400 quod
652 3331 824 3385 factus
846 3333 917 3386 sit
938 3347 1005 3387 ex
1029 3332 1237 3387 semine
1267 3333 1431 3387 David
1456 3335 1753 3390 secundum

153 3438 413 3488 carnem,
449 3425 662 3493 genitus
691 3425 759 3480 de
794 3426 1032 3496 virgine,
1071 3427 1502 3496 superveniente
1551 3429 1601 3483 in
1637 3446 1754 3485 eam

151 3515 358 3585 Spiritu
387 3529 576 3571 sancto
598 3559 613 3585 ,
643 3529 696 3572 et
743 3519 948 3575 virtute
976 3521 1178 3576 excelsi
1213 3521 1572 3578 obumbrante
1611 3540 1753 3579 eam.

154 3607 230 3663 De
253 3624 362 3679 quo
385 3609 552 3664 David
583 3610 923 3679 protibetavit
950 3614 1000 3666 in
1023 3613 1255 3682 Spiritu,
1285 3615 1430 3683 quod
1465 3629 1496 3668 a
1524 3619 1755 3671 mortuis

152 3717 469 3774 resurgens,
493 3715 804 3773 assumptus
825 3707 896 3759 sit
918 3706 970 3760 in
994 3708 1182 3773 eteius,
1211 3719 1233 3746 ο
1257 3708 1482 3762 dextera
1506 3707 1599 3762 Dei
1625 3711 1752 3764 sub-

153 3792 388 3850 levatus.
430 3794 704 3850 Scribitur
739 3797 814 3851 ibi
842 3806 1023 3852 autem
1057 3801 1109 3852 in
1145 3800 1286 3854 lnmc
1314 3800 1568 3853 modum:
1600 3800 1751 3854 Prte-

153 3886 330 3940 uidens
354 3887 496 3941 idem
529 3886 696 3942 David
721 3887 924 3944 locutus
949 3900 1024 3944 est
1055 3890 1117 3944 de
1140 3893 1512 3946 resurrectione
1533 3892 1750 3957 Christi,

153 3978 399 4046 quoniam
447 3976 593 4033 nond
626 3979 902 4034 derelictus
942 3981 996 4033 in
1030 3985 1256 4053 inferno,
1286 4001 1449 4055 neque
1479 4001 1599 4038 caro
1634 3985 1751 4055 ejus

153 4070 279 4123 vidit
304 4071 709 4140 corruptionem.
740 4070 896 4125 Hunc
935 4069 1112 4127 Jcsum
1155 4077 1422 4130 suscitavit
1455 4075 1626 4135 Deus.
1664 4078 1749 4130 cui

228 4211 253 4284 ξ
293 4209 463 4284 [idem
493 4208 639 4284 libri,
670 4209 882 4284 saluauit
911 4213 973 4263 ei.
1007 4211 1209 4276 Grece,
1242 4212 1438 4270 ἔσωσεν
1467 4217 1624 4284 αὐτῷ.

223 4271 252 4312 δ
293 4281 590 4341 Displicuit
627 4271 762 4334 Volitn
800 4283 1073 4335 nonnullis
1105 4271 1350 4338 Pati'ibus
1405 4285 1511 4339 dici
1561 4272 1750 4339 Salva-

156 4359 330 4424 torem
362 4350 702 4424 Dominicum
743 4349 1039 4418 Hominem,
1070 4369 1178 4418 quo
1225 4370 1479 4410 sermone
1509 4355 1756 4424 separari

155 4421 432 4478 ιιοιιιιιιιιιιι
455 4439 486 4477 a
511 4423 763 4486 Dotnino,
784 4436 832 4476 et
852 4425 1129 4478 Christum
1154 4424 1318 4477 dividi
1344 4441 1475 4477 nova
1500 4421 1752 4492 quapiam

155 4496 456 4549 subtilitate
508 4495 950 4564 SttSpicabantur.
1001 4495 1212 4550 Revera
1243 4493 1753 4563 Apollinarbtarum

155 4573 374 4636 propria
409 4576 526 4619 erat
557 4565 746 4619 istlttcc
777 4565 1028 4636 loquendi
1063 4567 1316 4636 formula.
1351 4579 1508 4632 quam
1543 4565 1752 4634 Grego-

1862 3335 2361 3390 communicatione
2393 3334 2676 3405 perﬂuiunt
2709 3353 2722 3388 :
2758 3336 2837 3391 sic
2858 3347 3075 3390 sanctus
3098 3351 3316 3406 quoque
3342 3333 3464 3399 Spi-

1862 3429 2000 3484 ritus
2063 3429 2475 3498 participatione
2524 3429 2608 3483 sui
2665 3431 2836 3484 bonos
2891 3428 3088 3483 efﬁciat
3137 3437 3461 3492 sanctosque

1858 3523 2184 3578 credentes:
2219 3532 2274 3576 et
2305 3539 2371 3578 ex
2395 3523 2496 3578 hoc
2523 3526 2680 3579 etiam
2709 3524 2868 3577 unius
2895 3540 3016 3578 cum
3047 3524 3209 3578 Patre
3239 3534 3291 3576 et
3321 3520 3459 3577 Filio

1859 3615 2149 3669 subtantia:
2194 3631 2318 3670 esse
2348 3616 2627 3670 doceatur.
2661 3616 2864 3670 Dicitur
2909 3616 2962 3670 in
3002 3615 3232 3669 Psalmis
3255 3614 3321 3668 ad
3358 3614 3460 3669 Do-

1863 3713 2069 3765 minum
2098 3729 2111 3765 :
2150 3712 2383 3782 Spiritus
2408 3723 2524 3768 tuus
2555 3715 2716 3766 bonus
2742 3712 2957 3768 deducet
2991 3711 3149 3784 159
3175 3729 3252 3766 me
3277 3712 3332 3765 in
3361 3722 3461 3767 ter-

1863 3821 1973 3858 ram
2000 3814 2208 3859 rectam.
2239 3805 2452 3860 Scimus
2479 3817 2665 3859 autem
2699 3806 2750 3859 in
2781 3804 3104 3876 quibusdam
3135 3807 3458 3875 exenip'ari-

1860 3896 1962 3950 bus
1990 3897 2250 3966 scriptum
2275 3911 2429 3952 esse:
2467 3897 2698 3967 Spiritus
2717 3909 2926 3951 sanctus
2957 3907 3074 3950 tuus
3099 3893 3344 3968 (Ne/tem.
3370 3898 3449 3965 9).

1863 3987 2032 4042 Porro
2047 3989 2098 4041 in
2117 3988 2284 4041 Esdra
2305 3989 2510 4058 absque
2534 3988 2640 4042 ulla
2663 3989 3012 4058 ambiguitate
3031 3988 3206 4041 bonus
3222 3987 3458 4054 Spit-itus

1862 4082 2204 4150 appellatur:
2231 4078 2484 4150 Spiritum
2515 4091 2658 4134 tuum
2681 4081 2866 4135 bonum
2899 4081 3111 4145 dedisti,
3132 4085 3190 4131 ut
3215 4094 3298 4131 eos
3325 4079 3460 4146 {ace-

1863 4215 1890 4295 ᾆ
1919 4221 2012 4289 μὲν
2041 4219 2142 4295 γὰρ
2173 4220 2416 4295 nupturas:
2446 4215 2832 4295 tit'uepmrogfroﬁ
2866 4228 3123 4295 obstipae,
3158 4218 3456 4277 Dominicus

1862 4284 2015 4340 homo
2040 4284 2349 4343 Saluatoris.
2384 4289 2442 4345 S.
2478 4284 2691 4354 quoque
2727 4284 3060 4359 Epiphanius
3102 4292 3152 4343 in
3185 4295 3458 4345 Ancon-ato

1864 4374 1919 4430 t3.
1942 4359 2035 4424 95,
2067 4360 2288 4429 aliique.
2320 4361 2360 4414 Ε
2389 4360 2594 4430 Latinis
2616 4360 2905 4416 Cassianus
2927 4360 3124 4415 Collat.
3153 4377 3213 4422 ‘il,
3237 4378 3338 4430 cap
3367 4362 3453 4420 15:

1862 4428 2059 4496 Homo,
2095 4428 2286 4500 inquit,
2336 4430 2427 4485 ille
2455 4429 2783 4495 Dominirus,
2814 4433 2903 4502 qui
2936 4432 3147 4485 redemit
3179 4428 3458 4487 humanum

1861 4516 2041 4575 genus.
2095 4503 2188 4555 list
2215 4513 2395 4556 autem
2424 4502 2562 4575 iliis,
2604 4511 2660 4553 nt
2699 4515 2748 4575 et
2781 4505 3034 4575 pra-scuti
3071 4502 3280 4575 Didymi
3317 4508 3455 4570 loco,

1862 4570 2019 4643 cujus
2060 4575 2232 4639 gratia
2283 4577 2398 4625 ba'c
2442 4573 2644 4636 scribo,
2701 4573 2788 4625 illa
2830 4573 3129 4627 adhibenda
3174 4570 3455 4643 ’θερμεὶιίυ

155 4631 274 4711 rius
298 4634 671 4711 _i‘_l_:tzi;ttteetius
697 4631 866 4706 epist:
914 4639 936 4690 1
981 4637 1046 4711 ad
1078 4631 1432 4711 Qlt'dOI-iulh.
1463 4631 1759 4711 I'fpreh'en-
1787 4631 1836 4690 D
1864 4631 2166 4695 S."l‘|toin:e
2198 4658 2253 4696 ιιι
2277 4653 2441 4708 part.,
2472 4631 2660 4711 quasi.
2689 4643 2775 4696 16.
2796 4653 2898 4696 art.
2920 4644 2988 4699 '5:
3021 4643 3193 4699 Homo
3227 4631 3460 4702 Domini-

155 4707 255 4762 dit.
297 4706 431 4760 Hinc
462 4709 620 4760 etiam
665 4711 968 4774 excogitata
1004 4707 1197 4762 lluliuo
1239 4717 1426 4761 eontra
1478 4706 1749 4775 Hierony-

155 4794 303 4833 mum
355 4776 555 4838 faltula,
598 4793 760 4846 quam
806 4786 922 4847 ipse
951 4778 1113 4846 Apul.
1145 4779 1238 4832 lib.
1290 4793 1328 4832 tt
1368 4778 1582 4839 recitat,
1614 4779 1754 4847 quod

156 4848 433 4902 Athanasii
461 4849 672 4911 librum,
704 4849 791 4920 ubi
841 4849 1146 4903 Dominicus
1189 4848 1360 4902 Homo
1391 4853 1616 4920 scriptus
1654 4859 1752 4916 est,

157 4920 552 4992 Apollinaristte
579 4923 648 4972 ad
694 4919 966 4986 legendum
997 4931 1258 4992 acceptum
1290 4921 1363 4992 ita
1407 4920 1754 4991 corruperint,

157 5001 213 5044 ut
241 4993 294 5044 in
323 4991 485 5044 litura
513 4990 568 5043 id
593 4993 732 5060 quod
753 5001 990 5046 raserant
1017 4990 1198 5045 rursus
1224 4991 1525 5055 scriberent,
1561 4990 1613 5044 ut
1657 4993 1756 5045 sci-

157 5061 271 5116 licet
299 5079 404 5115 non
425 5063 491 5116 ab
520 5061 642 5133 illis
669 5062 938 5131 falsatum,
969 5065 1058 5116 sed
1095 5078 1126 5116 a
1161 5063 1488 5133 llierOnytno
1517 5063 1756 5115 additum

157 5143 450 5202 putaretur.
514 5132 758 5200 Denique
812 5135 1150 5202 Augustinus
1199 5149 1322 5188 cum
1369 5132 1437 5187 ea
1482 5134 1754 5188 locutione

158 5217 283 5257 usus
309 5215 458 5260 esset
488 5203 588 5256 lib.
624 5219 847 5269 Lxxxnt,
874 5206 1080 5270 Quaest.
1119 5203 1206 5266 56,
1238 5220 1356 5259 eam
1407 5206 1753 5274 posmiodum

159 5275 436 5346 emendari
476 5275 648 5346 voluit
683 5275 790 5346 lib.
819 5290 837 5328 ι
867 5276 1190 5339 lietractat.,
1237 5290 1286 5328 c.
1322 5277 1420 5341 19,
1461 5278 1584 5346 quin
1629 5291 1752 5331 cum

158 5343 406 5402 Christus
433 5347 505 5400 sit
540 5345 820 5410 Dominus,
854 5346 1150 5417 improprie
1197 5343 1506 5401 Dominicu's
1543 5348 1755 5402 dicere-

159 5425 261 5488 tur,
303 5417 464 5488 quasi
505 5417 909 5488 significaretur
948 5419 1100 5470 illntn
1133 5432 1238 5470 non
1287 5432 1409 5472 esse
1456 5419 1652 5482 Deum,
1701 5425 1757 5472 et

157 5487 466 5554 Dominum,
502 5487 599 5542 sed
629 5487 992 5553 Dotninicutn,
1029 5489 1131 5542 hoc
1158 5497 1243 5541 est
1284 5491 1623 5558 suppositum
1651 5489 1750 5540 Ιιιι-

156 5575 373 5615 manum
427 5560 638 5614 unitum
705 5559 971 5619 Domino,
1015 5574 1110 5614 seu
1168 5570 1448 5628 supposito
1510 5558 1746 5625 Domini,

157 5648 324 5700 quare
369 5632 481 5687 duo
503 5631 783 5694 supposita
809 5629 862 5700 in
889 5628 1109 5684 Christo
1145 5630 1497 5699 (iungerentur,
1528 5639 1584 5681 ut
1613 5632 1746 5683 Nes-

159 5706 328 5758 torius
359 5701 782 5768 blasphemavit.
815 5699 997 5755 Nilnlo
1041 5702 1219 5755 secius
1263 5717 1382 5754 eam
1428 5715 1616 5754 vocem
1657 5700 1748 5755 alii

197 5774 504 5839 otissimum
533 5771 708 5839 (ἓνωεί
733 5773 937 5839 absque
967 5772 1076 5825 ulla
1098 5771 1437 5825 dubitatione
1465 5779 1746 5837 usurpanta

197 5788 504 5828 ottsstmum
533 5788 708 5826 herI
733 5788 937 5839 absque
967 5788 1076 5825 una
1098 5788 1437 5825 UIIDtlallone
1465 5788 1746 5837 usurpanta

160 5788 535 5912 glareantus
554 5836 826 5920 Misenus
847 5841 997 5897 Orat.
1031 5841 1262 5898 secunda
1290 5841 1357 5897 de
1371 5840 1427 5896 8.
1445 5840 1746 5912 Stephano;

1858 4727 1949 4789 cus
1979 4711 2228 4789 nonnulla
2255 4714 2454 4789 ratione
2478 4723 2641 4789 potest
2672 4713 2896 4789 defendi,
2923 4717 3043 4789 quia
3069 4717 3257 4789 scilicet
3293 4732 3456 4789 potest

1858 4731 1949 4762 cus
1979 4731 2228 4764 nonnutta
2255 4731 2454 4765 rtmone
2478 4731 2641 4780 patest
2672 4731 2896 4778 aetenat,
2916 4731 3043 4836 zuta
3069 4731 3257 4772 sctttcet
3293 4732 3456 4789 potest

1858 4783 2044 4850 aliquis
2067 4782 2256 4845 dicere,
2299 4784 2433 4851 quod
2462 4783 2650 4834 dicitur
2698 4781 2871 4835 Homo
2969 4788 3218 4840 ominicns
3260 4790 3458 4842 ratione

1861 4851 2100 4905 humana:
2121 4859 2334 4905 natura'.
2362 4866 2519 4923 quam
2544 4852 2798 4922 significat
2820 4852 2916 4906 ltoc
2938 4870 3119 4910 nomen
3156 4857 3330 4923 homo,
3354 4874 3456 4913 non

1858 4933 2028 4977 autem
2053 4923 2402 4992 ratione_supp
2413 4922 2542 4974 asiti.

1937 5004 1958 5031 ο
2004 4992 2202 5046 Valic..
2236 4989 2409 5045 Detin
2457 4992 2719 5045 dexteram
2755 4994 3080 5052 sublevatus:
3113 4996 3253 5051 haud
3283 5009 3451 5056 reete.

1930 5065 1956 5143 ξί
2001 5063 2169 5118 Vetus
2189 5064 2344 5143 edit,
2363 5061 2607 5143 derelicta
2626 5064 2679 5143 in
2702 5067 2903 5143 itt[errto
2925 5071 3096 5123 aninta
3121 5073 3233 5143 ejus
3253 5086 3272 5125 :
3293 5072 3452 5142 paulo

1859 5134 2002 5190 infra
2036 5149 2222 5196 Voces,
2255 5135 2446 5188 donum
2471 5137 2522 5188 in
2554 5136 2720 5202 nobis,
2747 5134 3146 5196 desiderantur:

1859 5276 1909 5330 Β
1936 5216 1960 5290 ξ
2003 5205 2230 5271 Eadem,
2264 5203 2371 5261 Iste
2397 5223 2515 5280 ergo
2535 5210 2623 5280 qui
2671 5225 2885 5282 surgens
2909 5231 2941 5267 a
2967 5216 3203 5282 mortuis,
3229 5232 3466 5273 sermone

1914 5294 1979 5330 et.
2012 5287 2110 5330 etc.

1914 5287 1979 5339 et,
2012 5287 2110 5332 etc.

1937 5347 1958 5386 ί
1998 5349 2212 5404 Αὺςιιιιῐ
2239 5365 2265 5403 a
2287 5350 2734 5426 _veteri_editione
2764 5355 2974 5421 istluec,
2999 5357 3088 5426 qui
3116 5366 3253 5426 totus
3281 5356 3466 5412 Clu-is-

1860 5429 1942 5474 tus
1994 5437 2126 5475 unus
2161 5431 2236 5475 est
2273 5420 2424 5477 Jesus
2465 5422 2640 5477 Filius
2685 5423 2804 5478 Dei.
2857 5420 3022 5481 Certe
3063 5442 3131 5480 ne
3164 5425 3467 5486 Dominicus

1860 5490 2018 5570 homo
2043 5495 2498 5570 Apollinariorutn
2530 5512 2693 5551 sensu
2739 5499 3068 5570 accipiatur,
3103 5497 3280 5570 addita
3313 5511 3462 5570 sunt,

1859 5577 1896 5640 ἓ
1925 5564 2243 5640 Ditlytnone,
2275 5576 2367 5620 aut
2396 5566 2749 5640 lliermtymo,
2791 5564 2954 5622 an'ab
2977 5567 3102 5620 aliis
3125 5582 3228 5619 ιιυιι
3251 5564 3467 5635 judico,

1858 5631 2056 5690 Recole
2089 5646 2269 5690 uotatn
2309 5631 2643 5705 superiniecit
2676 5642 2724 5693 ὸ.

1933 5716 1958 5754 s
2001 5708 2218 5762 Vocula:
2262 5709 2450 5761 sritnus
2477 5713 2615 5776 quod
2649 5713 2699 5764 in
2731 5709 2990 5763 Vaticano
3022 5717 3074 5762 et
3125 5708 3292 5763 veteri
3322 5711 3465 5774 edit.

1857 5775 2260 5898 gesi'derantur.
2291 5778 2412 5833 Mox
2447 5781 2665 5853 iteginw
2685 5779 2810 5836 eod.
2843 5786 3000 5837 bonos
3029 5781 3176 5850 eﬂicit
3203 5797 3323 5835 suos
3350 5799 3468 5836 cra...

1896 5860 1955 5898 ιη
1981 5860 2048 5898 τοι

1896 5860 2048 5898 entes:
