4056 6368
580 394 690 451 147

1831 377 1888 439 S.
1930 375 2208 440 ευεειιιι
2244 375 2622 441 ΠΙΕΒΟΝῨΜΙ

3774 380 3885 438 us
3966 354 3972 357 ⁷

574 525 656 562 res
696 502 989 577 intelligire
1028 506 1047 577 (
1082 505 1277 577 Epiros.
1306 518 1386 566 tn,
1422 500 1511 572 ι).
1554 498 1713 567 Quod
1768 506 1955 555 autem
2006 496 2168 554 Pater
2195 502 2251 567 Α
2276 496 2497 555 violento
2527 507 2757 556 conteres
2798 514 2947 555 naves
2983 498 3191 555 Tharria
3227 498 3414 571 (Psal.
3448 515 3610 566 van,
3644 499 3739 569 8),
3766 516 3880 555 non

578 598 908 663 sanctiﬁcat,
931 600 1227 670 Apostolus
1249 596 1464 661 scribit,
1485 594 1704 649 dicens:
1732 590 1873 649 Deus
1889 600 2061 649 autem
2081 607 2175 659 pa-

574 692 648 743 cis
673 690 1006 760 ssuctiﬁcct‘
1035 706 1122 747 vos
1150 693 1424 761 perfectos.
1466 687 1538 745 Et
1574 685 1832 742 Salvator
1872 685 1983 741 ait:
2014 682 2176 739 Pater

570 791 774 851 sancte,
794 787 1073 855 sanctiﬁcat
1097 802 1183 842 sos
1210 787 1266 841 in
1288 784 1519 851 ueritate,
1545 783 1665 852 quia
1694 782 1900 839 uerbum
1929 790 2073 836 tuum
2100 790 2177 835 est

572 878 762 933 vetitas
803 876 999 951 (locis.
1037 893 1175 941 xm,
1221 877 1281 933 11
1308 880 1349 945 ).
1394 876 1690 945 PerSpicue
1728 873 1955 930 dicens:
1994 875 2046 928 in
2089 888 2174 928 me

575 971 699 1041 (qui
724 971 948 1028 verbum
966 980 1116 1026 tuum
1139 984 1282 1035 sum,
1300 969 1572 1024 etveritas
1589 969 1711 1037 tua)
1738 966 2020 1022 sanctiﬁca
2050 968 2176 1022 illos

570 1063 680 1120 ﬁde
708 1073 762 1119 et
784 1063 1061 1121 consortio
1082 1063 1213 1119 mei.
1240 1063 1427 1119 Dictus
1448 1071 1531 1118 est
1551 1071 1607 1118 et
1634 1061 1764 1118 alibi
1789 1062 1967 1119 bonus
1998 1062 2170 1119 Deus:

578 1156 751 1212 Nemo
770 1156 962 1225 bonus,
979 1157 1081 1211 nisi
1103 1172 1236 1211 unus
1258 1155 1401 1212 Deus
1420 1154 1573 1226 (Luc.
1602 1169 1759 1219 mu,
1782 1152 1892 1223 19).
1912 1153 2176 1224 Superius

570 1264 790 1321 quoque
811 1248 1151 1305 ostendimus
1176 1249 1432 1318 quoniam
1462 1245 1634 1302 Filius
1654 1244 1982 1311 sanctiﬁeet,
2009 1246 2173 1303 Paulo

568 1345 626 1397 in
664 1344 858 1399 eadem
898 1343 1063 1398 verba
1104 1354 1439 1413 congruente
1467 1340 1707 1395 :Etenim
1739 1343 1828 1411 qui
1858 1342 2170 1410 sanctificat,

569 1447 618 1491 et
645 1437 736 1507 qui
749 1437 1168 1506 sanctiﬁcantur,
1197 1451 1263 1491 ex
1282 1451 1385 1491 uno
1409 1451 1607 1493 omnes.
1631 1433 2074 1490 Sanctiﬁcautem
2098 1434 2175 1488 Si—

570 1531 837 1599 gnilicans
866 1528 1168 1596 Christum,
1201 1536 1256 1585 et
1277 1526 1644 1584 sanctiﬁcatos
1674 1541 1790 1590 eos,
1822 1525 1915 1595 qui
1943 1535 2174 1597 possunt

572 1622 782 1688 dicere,
818 1620 1011 1679 Factus
1042 1633 1120 1676 est
1153 1620 1302 1675 nobis
1322 1620 1580 1690 sapientia
1609 1636 1673 1673 ea:
1699 1618 1806 1674 Deo
1834 1618 2096 1689 Christus,
2124 1630 2174 1677 et

560 1715 805 1785 justitia,
838 1723 886 1769 et
918 1712 1262 1780 sanctiﬁcatio
1285 1710 1347 1783 (Ι
1377 1709 1498 1768 Cor.
1522 1727 1561 1776 ι,
1591 1710 1717 1778 30).
1753 1713 2071 1783 Appellatur
2098 1714 2173 1767 si-

572 1806 790 1875 quidem
822 1815 877 1861 ct
916 1805 1151 1876 Spiritus
1180 1802 1650 1860 sanctificationis.
1688 1803 1843 1861 Unde
1871 1814 1927 1860 et
1951 1805 2017 1862 ad
2046 1820 2171 1861 eum

2279 589 2426 645 aliud
2476 590 2547 646 ibi
2590 591 2852 659 spiritus,
2886 608 3045 662 quam
3098 602 3292 647 ventus
3337 593 3623 663 accipitur.
3654 593 3882 650 Necnon

2280 679 2541 739 Salomon
2577 683 2715 737 inter
2748 684 2919 738 multa
2957 684 3060 738 hoc
3093 699 3311 756 quoque
3352 701 3548 743 munus
3584 702 3612 741 a
3648 686 3758 740 Deo
3790 700 3886 741 ac-

2280 776 2443 844 cepit,
2475 785 2531 830 ut
2560 775 2725 831 sciret
2757 776 3050 832 violentias
3073 779 3396 848 spirituum;
3428 796 3536 835 non
3569 779 3715 839 aliud
3743 780 3882 837 sein

2280 866 2381 923 hoc
2404 867 2684 936 accepisse
2715 867 3122 931 demonstrans,
3157 886 3317 940 quam
3341 871 3484 927 scire
3507 871 3728 943 rapidos
3750 888 3884 929 ven-

2280 968 2455 1013 torum
2480 958 2672 1024 llatus,
2705 970 2763 1017 et
2789 962 2987 1031 quibus
3016 964 3196 1023 causis
3223 978 3417 1019 eorum
3448 973 3641 1021 natura
3669 965 3885 1021 subsis-

2278 1062 2375 1107 tat.
2406 1053 2646 1110 Vocatur
2666 1064 2720 1111 et
2743 1056 2922 1111 anima
2946 1057 3199 1125 Spiritus,
3222 1066 3283 1113 ut
3310 1057 3363 1113 iu
3386 1056 3575 1115 Jacobi
3599 1058 3881 1129 Epistola:

2277 1145 2301 1181 ἀ
2332 1146 2601 1214 Quomodo
2638 1165 2827 1220 corpus
2857 1158 3000 1203 tuum
3030 1152 3139 1205 sine
3178 1151 3368 1222 spiritu
3397 1161 3657 1206 mortuum
3683 1162 3756 1207 est
3777 1196 3792 1219 ,
3824 1161 3883 1209 et

2278 1241 2483 1313 reliqua
2518 1240 2725 1313 (Iacob.
2754 1259 2815 1312 tt,
2847 1243 2971 1315 26).
2997 1245 3447 1303 Manifestissime
3470 1246 3619 1305 enim
3648 1250 3880 1317 spiritus

2276 1332 2390 1397 hic,
2419 1334 2551 1389 nihil
2582 1334 2727 1391 aliud
2770 1336 2870 1389 nisi
2894 1338 3072 1391 anima
3106 1348 3470 1408 nuncupatur.
3503 1339 3663 1399 Juxta
3708 1356 3876 1413 quam

2276 1427 2692 1500 intelligentiam
2722 1435 2778 1483 et
2800 1428 3112 1499 Stephanus
3146 1431 3384 1488 animum
3423 1447 3577 1489 suam
3610 1433 3874 1502 spiritum

2279 1535 2501 1587 vocans,
2526 1519 2768 1586 Domine,
2802 1521 2999 1592 inquit,
3023 1519 3181 1591 Iesu,
3209 1524 3413 1591 suscipe
3442 1526 3684 1597 spiritum
3705 1542 3880 1585 meum

2277 1614 2425 1683 (Act.
2463 1629 2555 1675 rit.
2588 1614 2713 1685 58).
2749 1614 2882 1671 lllud
2916 1630 3132 1685 quoque
3161 1615 3302 1687 quod
3335 1617 3389 1672 itt
3425 1616 3759 1673 Ecclesia~tc
3799 1616 3883 1675 di-

2276 1706 2448 1760 citur:
2484 1706 2610 1773 Quis
2640 1708 2734 1761 scit
2766 1724 2833 1761 an
2869 1708 3085 1779 spiritus
3110 1705 3335 1761 hominis
3365 1709 3609 1764 ascendat
3631 1725 3839 1764 sursum
3861 1750 3879 1778 ,

2276 1809 2324 1853 et
2350 1800 2564 1865 spiritus
2576 1800 2803 1872 jumenti
2828 1799 3103 1857 descendat
3120 1800 3365 1856 deorsum
3389 1804 3406 1873 (
3426 1800 3631 1859 Eccles.
3661 1818 3744 1868 tn,
3772 1804 3808 1861 2
3823 1803 3880 1873 )?

572 1898 794 1966 dicitur,
829 1897 898 1955 Et
930 1914 1101 1952 omnes
1129 1896 1444 1966 sanctiﬁcati
1470 1895 1565 1953 sub
1588 1898 1827 1953 manibus
1855 1899 1978 1963 tuis,
2001 1908 2051 1954 et
2079 1899 2172 1953 sub
2205 1903 2252 1965 B
2279 1893 2748 1951 Considerandum
2799 1906 3113 1951 utrumnam
3146 1905 3199 1950 et
3233 1896 3501 1965 pecudum
3534 1900 3735 1954 anima:
3766 1899 3879 1968 spi-

573 1999 620 2045 te
643 2000 786 2045 sunt.
823 1990 1006 2047 Bonus
1034 1989 1301 2045 Dominus
1328 1998 1512 2046 noster
1542 1988 1703 2047 Jesus
1723 1988 1994 2057 Christus,
2023 2000 2079 2045 et
2105 2008 2172 2051 cx

569 2085 715 2141 bono
743 2084 906 2141 Patre
926 2092 1223 2156 generatus
1249 2092 1356 2149 est,
1388 2092 1445 2138 et
1464 2083 1535 2142 de
1561 2097 1628 2138 eo
1651 2082 1908 2155 legimus,
1941 2083 2173 2155 Conﬁte—

568 2176 699 2233 mini
723 2174 978 2242 Domino,
1005 2176 1249 2247 quoniam
1276 2178 1436 2235 bonus
1464 2173 1649 2247 (Psal.
1678 2190 1844 2243 cxvn,
1872 2178 1896 2233 1
1924 2178 1964 2247 ).
1990 2178 2174 2232 (ὶυιιιὶσ-

571 2279 789 2328 teantur
832 2270 912 2329 illi
944 2282 1148 2336 autem,
1183 2271 1274 2341 qui
1303 2270 1371 2329 ab
1412 2284 1477 2324 eo
1506 2278 1599 2327 aut
1625 2270 1839 2325 veniam
1881 2270 2169 2328 obsecrant

566 2374 947 2435 peccatorum,
984 2371 1076 2419 aut
1102 2364 1306 2437 gratias
1327 2361 1571 2419 referunt
1593 2361 1714 2432 eius
1735 2361 2043 2418 clementiae
2071 2377 2172 2435 pro

566 2457 800 2513 indultis
828 2456 1135 2515 beneﬁciis.
1163 2456 1403 2526 Spiritus
1423 2470 1640 2526 quoque
1669 2466 1891 2513 sanctus
1916 2472 2011 2515 eos
2034 2471 2172 2527 quos

565 2551 823 2622 dignatur
861 2552 1127 2619 irnptere,
1161 2550 1499 2617 sanctiﬁcat,
1546 2558 1607 2607 ut
1642 2551 1901 2621 superius
1925 2549 2037 2621 jam
2073 2551 2172 2609 de-

565 2652 931 2703 monstratum
957 2652 1067 2710 est,
1097 2644 1319 2714 quando
1341 2643 1685 2703 ostendimus
1721 2658 1847 2700 eum
1876 2645 2170 2715 participa-

564 2738 735 2795 bilem
764 2748 821 2795 et
843 2752 873 2790 a
898 2735 1089 2795 mntis
1119 2735 1286 2792 simul
1314 2736 1434 2804 capi
1478 2749 1659 2804 posse.
1683 2734 1750 2791 Et
1777 2749 1927 2793 nunc
1955 2735 2008 2789 in
2035 2749 2173 2804 pra:—

566 2830 709 2885 senti
738 2827 894 2883 Pauli
924 2828 1241 2885 testimonio
1266 2827 1490 2896 largitor
1516 2824 1967 2885 sanctiﬁcationis
1988 2835 2173 2883 osten-

567 2919 739 2983 ditur,
768 2915 825 2973 in
847 2931 915 2971 eo
939 2915 1091 2986 quod
1115 2918 1188 2971 ait
1214 2932 1228 2970 :
1262 2914 1518 2971 Debemus
1549 2924 1723 2969 autem
1766 2926 1813 2969 et
1838 2932 1931 2973 nos
1973 2918 2172 2989 gratias

568 3024 721 3080 agere
746 3007 856 3061 Deo
888 3023 1092 3078 semper
1127 3022 1221 3075 pro
1252 3006 1414 3072 vobis,
1452 3009 1638 3076 fratres
1661 3006 1836 3063 dilecti
1865 3024 1897 3065 a
1925 3006 2170 3081 Domino,

571 3102 691 3169 quia
714 3100 869 3170 elegit
892 3097 1033 3157 Deus
1063 3114 1157 3155 nos
1192 3099 1453 3167 primitias
1486 3098 1542 3151 in
1578 3098 1819 3163 salutem,
1853 3098 1905 3154 in
1935 3101 2172 3168 sancti/i-

569 3194 773 3249 catione
795 3192 1029 3260 Spiritus
1050 3191 1239 3258 sancti,
1262 3199 1310 3247 et
1332 3190 1437 3261 {ide
1458 3190 1684 3245 veritatis
1706 3192 1723 3259 (
1747 3190 1760 3244 Ι
1782 3188 1959 3247 Thess.
1983 3192 2167 3264 11,15).

2275 1988 2413 2043 ritus
2438 1988 2809 2057 appellentur.
2842 1988 3047 2045 Dicitur
3079 1990 3241 2043 etiam
3284 2000 3509 2058 excepta
3535 1990 3747 2053 anima,
3783 1998 3880 2047 ect

2274 2091 2504 2150 excepto
2549 2079 2751 2147 Spiritu
2799 2088 3006 2145 nostro,
3060 2079 3298 2149 Spiritus
3327 2080 3467 2135 alius
3494 2079 3617 2149 quis
3648 2094 3773 2137 esse
3820 2081 3877 2142 in

2275 2168 2518 2233 homine,
2551 2170 2617 2225 de
2638 2184 2744 2239 quo
2767 2169 2966 2225 Paulus
2992 2169 3185 2225 scribit
3210 2188 3222 2226 :
3258 2169 3387 2238 Quis
3410 2172 3545 2227 enim
3572 2172 3669 2227 scit
3700 2172 3875 2227 hami-

2274 2280 2399 2321 num
2428 2280 2487 2318 ea
2510 2280 2626 2333 qua:
2650 2273 2769 2317 sunt
2790 2264 3039 2327 hominis,
3071 2265 3173 2319 nisi
3201 2266 3417 2334 spiritus
3436 2264 3681 2331 hominis,
3706 2268 3797 2339 qui
3822 2269 3875 2321 in

2274 2374 2333 2417 eo
2357 2366 2430 2413 est
2462 2357 2518 2427 (l
2543 2356 2663 2411 Cor.
2698 2372 2758 2421 tt,
2790 2358 2889 2427 il)
2919 2358 2942 2411 ‘t
2980 2359 3037 2419 Si
3089 2359 3234 2412 enim
3276 2358 3511 2415 voluerit
3540 2360 3879 2418 contendere

2275 2450 2544 2523 quispiam
2595 2450 2834 2505 animam
2892 2450 2978 2505 hic
3050 2449 3345 2520 signiﬁcari
3389 2450 3444 2507 in
3486 2450 3714 2523 Spiritu,
3756 2452 3879 2522 quis

2274 2545 2378 2600 erit
2409 2544 2572 2601 homo
2619 2543 2776 2612 cujus
2806 2542 3169 2614 cogitationes
3191 2584 3207 2611 ,
3231 2552 3285 2601 ct
3314 2558 3537 2612 arcana,
3579 2556 3635 2601 et.
3664 2556 3877 2601 secreta

2276 2638 2464 2696 cordis
2488 2639 2702 2699 occulta
2727 2638 2932 2696 nesciat
2965 2641 2983 2678 ί
3008 2637 3172 2695 homo
3201 2637 3306 2693 uisi
3333 2639 3558 2708 spiritus
3578 2638 3721 2712 eius,
3748 2639 3876 2707 quia

2276 2734 2342 2791 de
2369 2748 2604 2807 corpore
2630 2732 2875 2789 solitario
2905 2734 3009 2789 hoc
3037 2731 3340 2802 intelligere
3376 2732 3515 2789 velle
3547 2731 3873 2803 perstultmn

2278 2836 2380 2882 est.

2346 2918 2436 2975 55.
2469 2918 2626 2986 Quod
2652 2919 2697 2975 si
2719 2927 2905 2989 arguta
2935 2918 3127 2975 nititur
3146 2916 3335 2977 fraude
3364 2917 3693 2988 subrepere.
3716 2918 3873 2997 ιθι

2275 3012 2343 3071 de
2370 3012 2576 3083 Spiritu
2609 3020 2797 3069 sancto
2823 3010 2940 3067 hzrc
2962 3011 3163 3081 scripta
3194 3020 3539 3075 contestans;
3572 3010 3616 3067 si
3646 3009 3876 3081 diligen-

2278 3115 2359 3165 ter
2384 3106 2547 3166 verba
2591 3106 2707 3174 ipsa
2740 3104 3073 3171 consideret,
3105 3104 3339 3165 cessabit
3369 3119 3617 3163 asserere
3646 3103 3874 3162 tuenda-

2276 3200 2438 3259 cium.
2474 3198 2753 3268 Siquidem
2784 3200 2854 3254 ita
2884 3199 3146 3267 scriptum
3179 3206 3299 3253 est:
3334 3197 3459 3267 Quis
3482 3202 3619 3254 enim
3646 3198 3743 3255 scit
3783 3197 3874 3253 ho-

567 3288 703 3345 Nam
731 3298 787 3345 et
814 3287 869 3341 in
904 3288 1007 3341 hoc
1043 3286 1164 3343 loco
1197 3284 1522 3341 charismata
1564 3284 1659 3341 Dei
1692 3284 2175 3359 subintelligttnlur
2201 3295 2247 3361 ς
2281 3293 2494 3357 minam,
2518 3307 2634 3365 quae
2658 3301 2776 3347 sunt
2804 3291 3047 3355 hominis,
3071 3291 3169 3347 nisi
3190 3290 3403 3361 spiritus
3431 3290 3676 3353 hominis,
3705 3289 3796 3362 qui
3822 3291 3879 3351 in

570 3388 623 3438 in
670 3382 913 3453 Spiritu,
948 3394 1071 3439 cutn
1117 3380 1172 3440 in
1216 3378 1652 3439 sanctiﬁcatione
1686 3376 1956 3447 Spiritus,
1990 3376 2016 3416 δ
2038 3379 2173 3443 ﬁdes

568 3476 791 3546 puriter,
820 3484 877 3529 et
909 3471 1110 3531 veritas
1140 3471 1512 3540 possidentur.

640 3570 731 3629 δι.
772 3566 913 3635 Quia
938 3582 1066 3638 ergo
1094 3576 1268 3630 recte,
1292 3573 1347 3618 ct
1368 3565 1476 3635 pie,
1501 3572 1557 3619 et
1579 3574 1636 3621 ut
1666 3580 1728 3623 se
1755 3565 1958 3621 veritas
1986 3566 2171 3633 habet,

571 3660 687 3715 huc
715 3660 988 3720 diximus,
1016 3654 1499 3721 sanctiﬁcationis,
1530 3653 1898 3726 bonitatisque
1938 3658 2174 3714 vocabu-

573 3755 719 3819 lum,
753 3765 806 3809 et
851 3751 920 3811 ad
961 3750 1206 3817 Patrem,
1240 3759 1294 3806 et
1337 3750 1403 3805 ad
1448 3749 1681 3815 Filium,
1725 3760 1780 3811 et
1811 3752 1878 3809 ad
1910 3752 2169 3823 Spiritum

573 3857 819 3907 sanctum
859 3844 1020 3919 ιω
1046 3858 1201 3913 atque
1218 3842 1477 3910 refertur,
1506 3842 1650 3902 sicut
1678 3846 1793 3917 ipsa
1840 3861 2055 3919 quoque
2078 3862 2172 3921 ap-

577 3940 801 4011 pellatio
830 3940 1093 4008 Spiritus.
1140 3935 1275 3997 Nam
1308 3944 1363 3993 et
1390 3936 1552 3997 Pater
1598 3937 1836 4008 Spiritus
1865 3938 2085 4009 dicitur,
2116 3948 2173 3995 ut

573 4033 647 4088 ibi
672 4049 684 4086 :
716 4031 951 4104 Spiritus
981 4041 1057 4089 est
1085 4029 1228 4087 Deus
1256 4028 1446 4101 (Joan.
1474 4046 1550 4097 tv,
1580 4030 1649 4088 24
1669 4031 1711 4103 ).
1752 4031 1820 4087 Ει
1846 4031 2017 4091 Filius
2047 4035 2170 4104 Spi-

570 4128 711 4183 ritus
735 4144 749 4183 :
776 4136 797 4165 ε
820 4124 1103 4192 Dominus,
1129 4125 1325 4195 inquit,
1352 4124 1585 4195 Spiritus
1610 4134 1688 4183 est
1712 4124 1773 4198 (tt
1796 4124 1921 4185 Cor.
1946 4143 2029 4194 ιιι,
2057 4128 2166 4200 17).

573 4222 810 4291 Spiritus
850 4227 1031 4274 autem
1059 4226 1314 4282 sanctus,
1345 4232 1563 4289 semper
1590 4218 1825 4290 Spiritus
1874 4221 2049 4276 sancti
2077 4237 2172 4293 ap-

572 4314 871 4386 pellatione
899 4318 1179 4380 censetur,
1210 4326 1320 4368 non
1358 4311 1501 4383 quod
1541 4328 1607 4368 es
1638 4314 1914 4369 consortio
1960 4316 2168 4371 tantum

572 4408 808 4469 nominis
851 4406 1088 4477 Spiritus
1124 4421 1249 4462 cum
1277 4405 1438 4463 Patre
1486 4415 1720 4479 ponatur
1768 4417 1825 4467 et
1868 4409 2043 4478 Filio,
2072 4410 2168 4466 sed

568 4502 715 4573 quod
756 4516 861 4556 una
905 4511 1122 4566 natura,
1152 4514 1323 4555 unum
1374 4498 1652 4569 possideat
1693 4509 1747 4554 et
1778 4514 2001 4557 nomen.
2031 4500 2169 4569 Quia

573 4612 704 4653 vero
745 4594 979 4669 Spiritus
1026 4594 1352 4651 vocabulum
1391 4594 1558 4648 multa
1597 4592 1901 4665 signiﬁcat,
1947 4610 2171 4653 cnumc-

2275 3400 2334 3439 eo
2364 3393 2457 3441 est.
2495 3384 2587 3443 Sic
2626 3394 2673 3439 et
2700 3401 2783 3451 ea,
2810 3402 2925 3455 qua:
2952 3393 3071 3441 sunt
3104 3385 3216 3450 Dei,
3250 3400 3397 3439 nemo
3423 3385 3542 3448 scit,
3572 3385 3673 3441 nisi
3702 3384 3880 3456 Spiri-

2277 3484 2357 3529 tus
2388 3474 2483 3533 Dei
2508 3474 2562 3546 (ι
2584 3473 2701 3529 Cor.
2736 3491 2795 3537 tt,
2824 3474 2954 3544 10).
2986 3475 3274 3543 Quomodo
3307 3476 3452 3531 enim
3495 3475 3637 3533 alius
3663 3485 3747 3535 εει
3773 3476 3874 3533 lto-

2277 3582 2384 3639 mo,
2424 3568 2564 3629 alius
2592 3578 2677 3625 est
2706 3569 2871 3636 Deus,
2899 3572 2977 3625 sic
3009 3579 3063 3625 et
3099 3570 3324 3641 Spiritus
3372 3570 3631 3637 hominis,
3662 3570 3757 3641 qui
3791 3580 3878 3629 est

2277 3662 2330 3719 in
2352 3677 2439 3728 eo,
2468 3673 2751 3738 separatur
2778 3681 2805 3721 ει
2854 3662 3061 3733 Spiritu
3096 3663 3218 3729 Dei,
3248 3664 3339 3735 qui
3372 3674 3457 3719 est
3492 3663 3637 3723 ineo
3671 3678 3874 3733 :quem

2275 3752 2536 3825 Spiritum
2567 3765 2813 3811 sanctum
2859 3755 3177 3828 frequenter
3203 3756 3566 3815 ostendimus.
3602 3756 3710 3815 Sed
3739 3767 3792 3813 et
3818 3759 3876 3816 in

2274 3847 2384 3907 alio
2413 3849 2534 3905 loco
2574 3848 2718 3907 idem
2762 3849 3058 3920 Apostolus
3109 3864 3139 3904 a
3168 3857 3359 3906 nostro
3389 3849 3585 3920 spiritu
3610 3851 3875 3920 Spiritum

2277 3942 2373 3997 Dei
2403 3956 2716 4009 secernens,
2737 3945 2833 4010 ait,
2860 3941 2980 4013 Ipse
3018 3942 3245 4015 Spiritus
3268 3943 3620 4001 testimonium
3643 3943 3875 4015 perhibet

2272 4036 2477 4107 spiritui
2500 4045 2674 4091 nostro
2701 4036 2878 4107 (Rom.
2910 4050 3027 4096 Vlll.
3058 4036 3124 4091 16
3147 4034 3197 4105 );
3227 4034 3330 4093 ltoc
3359 4036 3699 4105 signiﬁcans,
3725 4036 3874 4107 quod

2272 4127 2507 4194 Spiritus
2536 4127 2657 4195 Dei,
2704 4128 2755 4183 id
2800 4138 2884 4183 est
2914 4128 3156 4199 Spiritus
3199 4136 3442 4195 sanctus.
3492 4130 3875 4189 testimonium

2274 4221 2486 4288 Spiritui
2536 4231 2725 4275 nostro
2772 4222 3013 4292 prteheat
3041 4241 3051 4274 :
3082 4238 3245 4292 quem
3291 4238 3435 4276 nunc
3475 4221 3718 4276 diximus
3750 4238 3875 4280 esse

2273 4312 2531 4385 Spiritum
2590 4313 2850 4369 hominis.
2904 4314 2985 4370 Ad
3038 4314 3557 4371 'l'hessaloniccnses
3614 4331 3871 4386 quoque:

2274 4407 2502 4480 Integer,
2533 4410 2727 4478 inquit,
2760 4410 2972 4480 Spiritus
3015 4422 3195 4477 vester,
3225 4420 3273 4464 et
3299 4427 3472 4464 anima
3503 4420 3550 4465 et
3581 4426 3770 4481 corpus
3813 4410 3872 4482 (Ι

2272 4500 2454 4555 Thess.
2486 4517 2541 4569 ν,
2575 4501 2702 4573 19).
2734 4502 2884 4557 Sicut
2910 4502 3056 4557 enim
3085 4502 3187 4555 alia
3233 4514 3315 4557 est
3342 4502 3540 4563 anima,
3571 4511 3628 4555 et
3672 4515 3873 4572 corpus

2273 4592 2415 4648 aliud
2443 4611 2455 4650 :
2486 4594 2564 4649 sic
2607 4604 2660 4650 et
2690 4594 2838 4648 aliud
2884 4605 2967 4649 est
3007 4594 3229 4664 Spiritus
3268 4594 3337 4649 ab
3358 4592 3557 4660 anlnia,
3601 4608 3726 4662 quae
3771 4608 3868 4650 suo

569 4690 800 4749 randum
834 4697 916 4746 est
946 4687 1184 4747 breviter
1211 4686 1407 4756 quibus
1434 4685 1599 4743 rebus
1637 4702 1835 4745 nomen
1872 4686 1990 4759 ejus
2018 4701 2171 4761 apte.
2196 4678 2251 4739 D
2278 4685 2397 4741 loco
2439 4687 2754 4758 specialiter
2799 4686 3125 4759 appellatur.
3164 4687 3242 4741 De
3281 4703 3390 4758 quo
3433 4697 3487 4743 et
3536 4687 3712 4743 oravit
3748 4685 3867 4762 [AL

570 4795 680 4841 tur.
714 4784 952 4841 Vocatur
972 4782 1210 4853 Spiritus
1237 4790 1294 4837 et
1325 4788 1543 4847 ventus,
1572 4780 1716 4836 sicut
1742 4781 1794 4835 in
1832 4780 2121 4839 Ezechiele
2146 4800 2166 4840 :

573 4878 803 4935 Tertiam
823 4884 993 4931 autem
1024 4885 1225 4948 partem
1246 4874 1512 4946 disperges
1536 4873 1591 4926 in
1612 4873 1851 4947 spiritum
1879 4889 1897 4928 :
1930 4874 2033 4930 hoc
2060 4883 2161 4947 est,

564 4974 621 5027 in
648 4982 851 5027 ventum
886 4969 1111 5039 (Ezech.
1142 4984 1196 5033 v,
1226 4965 1314 5037 2).
1343 4965 1499 5034 Quod
1521 4966 1567 5023 si
1598 4966 1834 5027 volueris
1865 4968 2164 5029 secundum

570 5066 852 5120 historiam
879 5062 1010 5121 illud
1034 5060 1261 5126 sentire,
1287 5060 1432 5129 quod
1458 5061 1723 5130 scriptum
1746 5071 1856 5129 est,
1880 5059 1949 5119 In
1971 5062 2164 5131 spiritu

646 5213 671 5240 η
709 5202 911 5333 Σιμία,
937 5215 1025 5257 ναι
1054 5215 1143 5269 per
1163 5199 1357 5264 omnia.
1386 5213 1511 5257 cum
1536 5198 1786 5271 Vulgata.
1812 5202 1990 5258 Grata.
2026 5202 2168 5274 ὑμᾶς

646 5297 708 5332 »τι
770 5295 840 5333 ις.

565 5276 840 5335 sinum.

645 5347 671 5385 ι’
696 5345 918 5416 Regina:
949 5342 1106 5410 liber,
1124 5343 1179 5397 in
1226 5341 1631 5410 sanctiﬁcatione
1675 5342 1903 5415 Spiritus
1931 5343 2092 5403 Pater
2120 5354 2167 5403 et

568 5421 758 5476 ueritas
782 5415 1133 5487 possidentur.

644 5500 667 5537 ε
711 5484 952 5572 Pessime
995 5496 1251 5572 acceptos
1278 5484 1414 5572 dupe
1442 5484 1939 5572 hosce-Scriptura;
1982 5496 2169 5572 textus

560 5562 639 5623 ita
667 5562 897 5618 restituo
926 5575 990 5616 ac
1016 5556 1306 5629 distinguo.
1333 5556 1462 5617 Erat
1494 5559 1546 5613 in
1577 5558 1748 5615 altera
1779 5556 2058 5623 Dominus,
2083 5558 2167 5616 vel

564 5631 800 5713 Domini.
823 5632 1037 5711 spiritus
1066 5634 1179 5701 ejus
1199 5644 1307 5754 pro
1326 5637 1422 5708 stt.
1490 5698 1499 5707 .
2042 5698 2052 5707 -

638 5701 664 5739 ἀ
711 5703 886 5754 Alium
914 5702 981 5754 ab
1018 5712 1120 5753 Isto
1148 5717 1179 5754 e
1233 5700 1385 5753 acnbt
1418 5697 1647 5754 epistola
1679 5696 1855 5753 locum
1884 5695 2052 5750 subst:

638 5701 664 5739 ἀ
711 5695 886 5755 Alium
914 5702 981 5755 ab
1018 5695 1120 5753 isto
1148 5717 1179 5755 e
1199 5695 1385 5754 Jacobi
1418 5697 1647 5767 epistola
1679 5696 1855 5753 locum
1884 5695 2164 5757 substituit

569 5773 795 5840 Regium
819 5772 977 5835 cod.;
1008 5772 1149 5829 hunc
1180 5783 1403 5840 nempe,
1430 5782 1563 5840 cap.
1600 5784 1672 5831 tv,
1711 5768 1744 5840 5
1771 5784 1781 5818 :
1817 5768 1897 5823 Ad
1920 5768 2162 5840 inuidiam

564 5837 879 5907 concupiscit
918 5841 1152 5909 Spiritus
1186 5840 1273 5909 qui
1315 5837 1524 5897 habitat
1548 5840 1612 5909 in
1641 5838 1821 5900 vobis:
1849 5838 2163 5909 subditque,

564 5909 794 5981 Spiritus
828 5907 973 5963 enim.
1002 5910 1133 5963 nihil
1172 5907 1315 5961 aliud
1336 5947 1353 5976 ,
1381 5920 1485 5963 etc.
1539 5908 1597 5963 lu
1636 5925 1702 5964 eo
1747 5909 1841 5981 qui
1878 5907 2166 5971 exhibetur

2275 4780 2461 4852 orat],
2501 4789 2557 4835 ut
2600 4781 2810 4848 integer
2849 4794 2971 4835 cum
3002 4779 3185 4835 anima
3226 4788 3474 4836 servetur
3502 4788 3559 4835 et
3612 4794 3869 4849 corpore,

2274 4874 2397 4947 quia
2429 4872 2749 4928 incredibile
2778 4880 2886 4939 est,
2917 4881 3078 4945 atque
3109 4873 3509 4944 blasphetuum,
3534 4887 3692 4927 orare
3722 4874 3870 4945 Apo-

2274 4967 2495 5036 stolum,
2517 4976 2574 5022 ut
2601 4966 2836 5037 Spiritus
2859 4976 3075 5025 sanctus
3108 4968 3326 5038 integer
3347 4978 3620 5030 servetur.
3642 4967 3735 5038 qui
3770 4981 3869 5023 nec

2276 5071 2300 5109 Β
2332 5061 2766 5118 imminutionem
2816 5072 2995 5131 potest
3043 5062 3325 5131 recipere,
3384 5076 3487 5123 nec
3538 5060 3869 5130 profectum.

2273 5216 2461 5259 vocem
2486 5211 2628 5257 tuum
2655 5217 2761 5259 non
2787 5202 2948 5259 habet
2972 5203 3142 5261 Vatia.
3165 5202 3319 5271 liber,
3347 5219 3520 5275 neque
3544 5204 3661 5275 ipse
3677 5204 3870 5267 Jacobi

2273 5282 2474 5331 textus.

2347 5355 2371 5384 θ
2408 5343 2608 5415 Insigni
2638 5359 2825 5400 errore
2856 5344 2986 5401 editi
3016 5344 3303 5411 hactenus,
3331 5356 3384 5400 et
3410 5347 3608 5415 passim
3634 5362 3767 5405 mss.
3796 5349 3871 5406 leo

2270 5415 2469 5485 gebmnt
2493 5426 2539 5470 et
2568 5428 2777 5487 excepto
2824 5416 3024 5488 Spiritu
3067 5430 3246 5473 sancto
3274 5460 3288 5481 ,
3319 5420 3534 5483 spiritus
3574 5417 3735 5478 alius.
3766 5430 3866 5478 etc.

2270 5488 2535 5544 Substitui
2578 5489 2785 5557 spiritui
2821 5500 3019 5554 nostra,
3071 5490 3135 5542 ad
3168 5490 3373 5543 codicis
3422 5488 3645 5557 Reginus
3677 5492 3865 5556 tidem.

2273 5560 2505 5615 maxime
2523 5575 2651 5615 vero
2678 5560 2744 5616 ad
2777 5572 2939 5615 rectm
2968 5560 3193 5615 rationis
3215 5571 3619 5629 argumentum,
3652 5572 3703 5616 ut
3729 5561 3869 5619 Pauo

2269 5630 2364 5687 lini
2396 5631 2683 5687 teSIimonii
2706 5646 2947 5687 sensum.

2342 5699 2361 5740 ί
2408 5701 2578 5772 Vatia.
2601 5715 2653 5757 et
2680 5702 2899 5772 Reginae
2928 5702 3078 5771 cod.,
3101 5701 3292 5755 nesciat
3316 5701 3452 5755 alius
3475 5712 3649 5758 homo.

2339 5781 2365 5821 s
2405 5771 2495 5828 Sic
2539 5774 2659 5841 lego
2686 5788 2752 5829 es
2771 5771 2950 5829 veteri
2996 5772 3268 5837 editione;
3316 5776 3367 5825 in
3400 5772 3523 5826 aliis
3563 5773 3716 5833 enim
3747 5783 3868 5833 erat

2268 5844 2698 5899 immutationem.
