4074 6366
194 338 291 397 MO

909 335 1465 397 INTERPRETATIO
1506 333 1692 393 LIBRI
1728 334 1967 393 DIDYMI
2006 335 2095 392 DE
2132 334 2414 394 SPIRITU
2457 335 2751 393 SANCTO.

3387 338 3492 393 150

188 452 266 507 De
298 452 540 509 humano
567 467 727 525 ergo,
770 460 829 507 ut
872 451 1138 518 diaimus,
1166 450 1359 522 spiritu
1409 451 1463 505 in
1507 450 1613 506 hoe
1638 450 1783 520 Apo-
1813 457 1861 513 Λ
1889 448 2298 521 eteaemplaria
2323 450 2724 521 relinquentes,
2747 449 2814 503 ad
2839 449 3009 519 ipsius
3034 449 3283 505 veritatis
3300 467 3497 510 venere

188 548 315 603 stoii
340 562 527 606 sermo
548 558 783 606 testatus
804 557 907 602 est.

263 642 358 698 50.
402 644 774 715 Appellantur
799 656 1013 713 quoque
1034 653 1290 710 superna:
1319 638 1788 708 rationabilosque

192 733 452 799 virtutes,
499 752 629 807 quns
661 737 800 791 solet
830 735 1108 805 Scriptura
1157 736 1418 804 Angelos,
1455 742 1511 787 et
1541 731 1788 787 Fortitu-

190 824 359 882 dinea
390 830 701 895 nominare,
734 827 1000 883 vocabulo
1026 825 1287 897 Spiritus,
1313 834 1370 880 ut
1400 825 1474 880 ibi
1499 841 1511 878 :
1539 822 1638 890 Qui
1663 824 1791 893 [acia

183 917 307 991 [ΑΙ.
374 920 512 976 facit
565 932 615 975 et
677 918 839 991 suos]
876 918 1100 991 Angelos
1151 928 1264 972 tuos
1317 916 1549 988 Spiritus
1602 915 1790 988 (Pani.

179 1027 298 1077 cm,
325 1014 363 1069 4
382 1011 425 1083 ).
478 1015 542 1068 Et
567 1013 719 1080 alibi,
746 1011 935 1067 Nonne
961 1026 1140 1067 omnes
1182 1020 1303 1063 sunt
1337 1009 1793 1063 administrator»

179 1104 428 1175 Spiritus
457 1104 658 1178 (Hebr.
692 1122 729 1170 ι,
776 1105 841 1161 Η
860 1106 915 1174 )‘i
946 1104 1082 1158 Puto
1102 1103 1169 1157 ad
1198 1102 1341 1157 hunc
1369 1115 1595 1156 sensum
1641 1107 1699 1154 et
1723 1099 1792 1154 ii-

180 1199 277 1255 lud
309 1200 539 1264 referri,
569 1199 711 1268 quod
733 1199 787 1252 in
811 1199 1039 1252 Actibus
1067 1195 1455 1267 Apostolorum
1486 1193 1751 1248 scribitur
1778 1209 1792 1247 t

178 1296 433 1366 Spiritus
482 1294 696 1348 Domini
746 1295 924 1364 rapttit
975 1291 1306 1361 Philippum,
1359 1299 1407 1343 et
1437 1304 1539 1342 non
1566 1287 1795 1357 amplius

174 1405 295 1443 eum
323 1388 461 1441 uidit
488 1387 757 1443 eunuchus
789 1388 991 1458 (Actor.
1015 1399 1131 1450 vni,
1161 1383 1287 1454 39);
1320 1381 1376 1437 id
1407 1390 1521 1445 est,
1554 1379 1796 1449 Angelus

175 1482 411 1539 Domini
440 1483 493 1539 in
526 1485 762 1539 sublime
792 1482 1019 1537 elevans
1058 1479 1393 1548 Philippum,
1429 1473 1706 1529 transtulit
1729 1474 1792 1527 ilo

173 1578 294 1634 inm
326 1580 385 1633 in
436 1580 602 1634 alium
651 1578 851 1632 locum.
882 1572 1203 1629 Rationales
1247 1583 1466 1641 quoque
1494 1568 1617 1621 alite
1643 1581 1797 1621 crea-

175 1680 353 1739 turre,
384 1682 441 1728 et
470 1672 538 1728 de
562 1673 709 1727 bono
736 1672 788 1724 in
819 1669 1021 1723 malum
1052 1678 1250 1737 sponte
1278 1662 1496 1735 prepriat
1522 1660 1796 1731 proﬂuen-

174 1772 291 1831 tes,
315 1768 546 1836 spiritus
561 1763 807 1833 pessimi,
824 1770 882 1817 et
893 1761 1122 1830 spiritus
1138 1758 1483 1828 appellantur
1500 1752 1792 1809 immundi:

1896 542 2265 597 substantiam
2300 558 2314 595 :
2344 551 2419 607 et,
2457 551 2516 595 ut
2543 542 2655 610 jam
2682 542 2919 597 diximus
2939 582 2954 608 ,
2992 541 3186 596 humili
3216 552 3271 596 et
3302 557 3499 611 corpo-

1896 650 1987 690 rea
2009 636 2303 691 verborum
2327 636 2683 705 simplicitate
2701 647 3037 706 contempta,
3064 636 3130 690 ad
3149 634 3494 706 spiritualem

1896 727 2029 799 legis
2055 730 2305 785 notitiam
2331 738 2719 797 pervenerunt.

1968 824 2057 880 58.
2101 824 2227 880 Hinc
2260 824 2480 880 interim
2510 824 2657 893 iuth
2696 825 3120 893 possibilitatem
3153 825 3359 897 ingenii
3400 837 3494 879 no-

1897 917 1995 973 stri
2043 927 2175 987 quot
2217 932 2305 973 res
2351 916 2578 987 spiritus
2623 916 2981 986 signiﬁcaret,
3033 919 3341 988 attigimus,
3396 929 3498 972 suo

1900 1019 2147 1078 tempore
2193 1009 2322 1079 quid
2373 1008 2797 1079 unumquodque
2829 1009 3121 1079 signiticet,
3172 1014 3215 1065 si
3247 1009 3500 1065 Christus

1898 1104 2169 1167 tribuerit,
2216 1104 2532 1159 disserturi.
2576 1103 2994 1174 Nonnumquam
3029 1114 3212 1160 autem
3237 1105 3499 1175 Spiritus,

1899 1204 1955 1250 et
1981 1194 2241 1249 Dominus
2272 1204 2463 1250 noster
2490 1194 2654 1250 Jesns
2676 1192 2947 1262 Christus,
2982 1196 3035 1249 id
3060 1207 3168 1257 est,
3201 1196 3297 1251 Dei
3326 1196 3501 1251 Filius

1900 1286 2227 1355 appellatur.
2260 1285 2527 1357 Benignus
2557 1285 2811 1352 siquidem
2844 1296 2917 1339 est
2950 1286 3181 1357 Spiritus
3211 1290 3496 1358 sapientia.

1898 1379 1967 1435 Et
2011 1379 2164 1451 163
2205 1380 2256 1432 in
2277 1379 2388 1434 alio
2419 1381 2578 1433 loco:
2618 1376 2872 1433 Dominus
2901 1391 3071 1433 autem
3117 1380 3352 1445 Spiritus
3398 1391 3494 1447 est,

1900 1482 1960 1528 ut
1989 1482 2115 1526 ante
2151 1472 2403 1536 diximus,
2439 1472 2527 1526 ubi
2571 1474 2734 1527 etiam
2778 1472 2908 1527 illttd
2949 1472 3323 1540 adiunximus,
3374 1473 3500 1541 Spi-

1897 1571 2031 1624 ritus
2081 1565 2223 1621 Deus
2268 1578 2342 1621 est
2374 1564 2569 1638 (Joan.
2624 1583 2701 1633 tv,
2750 1566 2883 1640 24),
2932 1584 3041 1623 non
3078 1569 3231 1639 juxta
3263 1567 3504 1623 nominis

1899 1672 2111 1718 tantum
2136 1663 2604 1725 communionem,
2630 1662 2725 1717 sed
2745 1662 2898 1731 juxta
2929 1672 3134 1717 naturae
3156 1662 3503 1717 substantia:-

1900 1771 2005 1823 que
2049 1756 2407 1809 consortium.
2464 1754 2756 1822 Quomodo
2802 1752 2949 1809 enim
3002 1769 3234 1825 quorum
3283 1755 3500 1809 diversa

172 1858 331 1911 sicut
378 1856 455 1912 ibi
486 1875 499 1911 :
529 1857 660 1913 Cum
707 1863 881 1909 autem
925 1852 1141 1924 spiritus
1181 1849 1480 1903 immundus
1507 1847 1690 1901 exierit
1728 1844 1793 1898 ab
1824 1852 1873 1911 Β
1899 1846 2198 1901 substantia
2239 1854 2345 1910 est,
2394 1845 2676 1899 interdum
2708 1846 2893 1899 evenit
2923 1856 2979 1898 ιιι
3010 1846 3289 1900 communi
3337 1859 3501 1902 vocn-

174 1950 423 2004 homine.
459 1950 531 2003 Et
553 1950 607 2003 in
647 1944 1147 2015 consequentibus:
1176 1941 1404 1996 Assumit
1437 1950 1633 2007 septem
1658 1940 1793 1992 alios

180 2044 425 2114 spiritus
453 2042 724 2112 nequiores
756 2056 809 2092 se
843 2036 1073 2107 (Matth.
1104 2051 1199 2095 sit.
1234 2034 1363 2103 45).
1394 2033 1637 2101 Spiritus
1658 2046 1797 2100 quo-

178 2149 298 2205 que
335 2135 626 2187 daemones
655 2131 707 2183 in
736 2128 1042 2198 Evangeliis
1068 2124 1435 2194 appellantur.
1476 2122 1585 2177 Sed
1614 2131 1673 2177 et.
1694 2122 1798 2175 hoc

179 2224 541 2287 notandum,
572 2234 863 2290 numquam
890 2218 1211 2287 simpliciter
1239 2215 1519 2286 spiritum,
1551 2213 1651 2269 sed
1674 2228 1799 2269 cum

178 2317 401 2385 aliquo
421 2311 799 2367 additamenta
829 2309 1080 2380 spiritum
1112 2306 1408 2378 signiiicari
1436 2306 1799 2369 contrarium,

171 2417 238 2463 ut
273 2405 524 2476 spiritus
554 2401 891 2467 immundus,
922 2408 979 2456 et
1013 2398 1242 2470 spiritus
1293 2398 1452 2470 162
1492 2395 1799 2461 damonis;

174 2500 236 2556 bi
272 2512 426 2554 vero
466 2496 560 2566 qui
593 2495 767 2550 sancti
790 2493 1191 2563 suntspiritus,
1218 2490 1423 2559 absque
1451 2488 1566 2544 ullo
1595 2487 1803 2542 addita-

178 2598 390 2647 mento
420 2586 649 2657 spiritus
676 2585 1005 2655 simpliciter
1033 2582 1403 2653 appellantur.

249 2683 358 2740 5'1.
406 2680 702 2737 Sciendum
745 2693 983 2749 quoque,
1030 2675 1178 2747 quod
1210 2689 1412 2730 nomen
1446 2672 1702 2743 spiritus,
1746 2680 1804 2727 et

178 2776 537 2834 voluntatem
596 2770 854 2837 hominis,
900 2781 956 2824 et
1002 2768 1172 2824 animi
1223 2766 1555 2824 sententiam
1617 2774 1797 2820 sonet.

187 2869 406 2924 Valens
428 2866 630 2937 quippe
657 2864 952 2933 Apostolus
976 2863 1248 2933 virginem
1277 2877 1385 2915 non
1404 2861 1582 2916 solum
1605 2873 1797 2929 opere,

182 2960 278 3017 sui
305 2968 377 3015 et
406 2965 592 3013 mente
623 2965 867 3011 sanctam
898 2970 1043 3019 esse,
1076 2954 1132 3010 id
1157 2961 1266 3021 est,
1299 2967 1406 3008 non
1438 2961 1645 3008 tantum
1673 2966 1799 3006 eor-

183 3068 347 3123 pore,
405 3051 503 3106 sed
534 3058 591 3105 et
616 3058 765 3104 motu
804 3048 988 3103 cordis
1018 3049 1261 3112 interno,
1286 3046 1387 3112 ait,
1412 3044 1483 3101 Ut
1524 3046 1591 3100 ait
1620 3055 1801 3101 saneta

182 3159 418 3215 corpore
463 3152 513 3197 et
566 3138 1638 3212 spiritu(iCor.vit,‘5‘):voiuntatem
1689 3137 1800 3206 spi-

1899 1940 2026 1995 buio
2056 1950 2457 2009 nuncupentur.
2482 1948 2539 1994 et
2570 1939 2685 1993 haec
2714 1938 2972 1993 dicuntur
3000 1938 3281 2011 épévopa';
3307 1941 3379 1994 ita
3409 1954 3500 1995 eo-

1899 2047 2042 2098 rum,
2087 2047 2316 2101 quorum
2367 2032 2557 2089 eadem
2588 2041 2672 2087 est
2714 2040 2905 2087 natura
2954 2043 3117 2103 atque
3162 2034 3495 2099 substantia,

1900 2139 2021 2178 cum
2072 2126 2336 2180 societate
2375 2126 2647 2190 vocabuli,
2696 2137 2908 2180 natura:
2955 2140 3176 2196 quoque
3219 2126 3503 2193 inqualitas

1902 2216 2208 2285 copulatur,
2243 2226 2298 2271 et
2325 2217 2630 2287 disciplinas
2654 2216 3085 2272 Dialectlcorum
3116 2227 3202 2271 est
3225 2216 3504 2286 appellare

1904 2306 2020 2361 haec
2047 2310 2345 2377 συνώνυμα.
2374 2307 2582 2362 Idcirco
2602 2314 2660 2363 et
2695 2306 2939 2377 Spiritus
2970 2308 3317 2373 vocabulum,
3364 2316 3417 2363 et
3445 2308 3491 2365 si

1903 2398 2027 2469 quid
2045 2399 2190 2453 aliud
2223 2400 2273 2454 in
2298 2399 2566 2455 Trinitate
2594 2401 2843 2469 usurpari
2872 2401 3032 2467 solet,
3059 2403 3356 2473 συνὼννμιδν
3373 2408 3456 2455 est
3484 2415 3497 2454 :

1903 2493 2057 2548 verbi
2085 2493 2282 2564 gratia,
2317 2504 2338 2531 ο
2368 2504 2588 2548 sanctus
2615 2494 2813 2561 bonus,
2846 2502 2903 2550 et
2925 2508 3125 2549 canora
3172 2494 3256 2548 his
3280 2493 3504 2560 similia,

1904 2588 1975 2642 de
2000 2590 2195 2658 quibus
2224 2589 2386 2659 paqu
2412 2599 2538 2645 ante
2562 2591 3003 2660 perstrinximus.

1975 2680 2069 2736 b9.
2112 2681 2283 2736 Porro
2308 2682 2376 2737 ad
2422 2682 2539 2737 haec
2567 2684 2888 2739 necessario
2928 2683 3175 2739 devoluti
3204 2695 3414 2750 sumus,
3451 2692 3506 2739 ut

1902 2773 2025 2845 quia
2058 2775 2374 2844 frequenter
2403 2777 2697 2846 appellatio
2725 2775 2964 2845 Spiritus
2990 2777 3045 2831 in
3086 2776 3386 2846 Scripturls
3420 2784 3507 2832 est

1901 2879 2150 2934 respersa
2171 2865 2393 2934 divinis,
2418 2883 2527 2922 non
2558 2868 2803 2924 labantur
2829 2870 2884 2924 in
2909 2874 3152 2933 nomine,
3181 2870 3278 2925 sed
3306 2884 3502 2925 unum-

1900 2959 2156 3030 quodque
2184 2961 2486 3016 secundum
2512 2962 2757 3018 locorum
2788 2964 3087 3020 varietates
3113 2972 3168 3019 et
3196 2965 3503 3036 intelligen-

1902 3053 2008 3107 tius
2052 3054 2406 3124 accipiamus.
2451 3056 2610 3110 Omni
2665 3058 2849 3128 itaque
2904 3058 3091 3113 studio
3122 3071 3185 3113 ac
3217 3057 3500 3129 diligentia

1902 3146 2224 3201 vocabulum
2245 3147 2502 3218 Spiritus,
2528 3148 2619 3203 ubi
2648 3157 2703 3204 et
2734 3148 3009 3219 quomodo
3035 3150 3373 3221 appellatum
3405 3153 3500 3215 sit,

184 3238 321 3303 ritu,
360 3244 420 3292 et
447 3249 684 3305 corpore
704 3250 873 3304 opera
904 3234 1242 3305 signiﬁcans.
1271 3230 1575 3288 Considera
1612 3239 1795 3285 uirum
1825 3225 1871 3291 C
1902 3238 2352 3307 contemplantes,
2404 3238 2743 3310 sophismata
2790 3256 2981 3296 eorum
3030 3251 3085 3296 et
3121 3242 3495 3297 fraudulentas

184 3330 294 3387 hoc
341 3331 526 3398 ipsum
576 3330 631 3384 in
682 3326 819 3384 isaia
846 3334 1026 3391 sonet,
1067 3325 1209 3395 quod
1259 3325 1521 3393 scriptum
1574 3332 1698 3378 est:
1730 3320 1799 3378 Et

181 3426 384 3487 scient,
410 3424 501 3492 qui
525 3422 713 3491 spiritu
739 3430 935 3484 errant,
957 3420 1271 3475 intellectum
1302 3416 1472 3487 (lsai.
1499 3432 1651 3480 χιιι,
1674 3414 1796 3485 ΞΑ).

179 3517 302 3584 Qui
332 3516 483 3575 enim
510 3530 701 3572 errore
720 3514 913 3585 jndicii
939 3515 1041 3569 alia
1068 3529 1167 3583 pro
1192 3513 1319 3568 aliis
1342 3514 1481 3567 bona
1508 3510 1625 3584 [ΑΙ.
1652 3512 1797 3565 bono

183 3608 418 3680 studio]
446 3609 791 3675 existimant,
824 3608 1098 3678 accipient
1129 3607 1497 3672 intellectum,
1531 3616 1587 3659 ut
1616 3604 1796 3659 corri-

184 3714 357 3773 gatur
385 3717 547 3756 error
575 3701 815 3762 illorum.
849 3711 905 3754 ιιι
932 3715 1033 3772 pro
1062 3700 1243 3769 pravis
1273 3715 1333 3753 ea
1360 3714 1484 3768 quae
1506 3705 1653 3755 recta
1671 3706 1797 3751 sttnt

186 3798 427 3864 eligant.
458 3793 688 3851 Necnon
717 3805 772 3848 et
796 3793 952 3859 illud,
980 3791 1098 3848 Una
1117 3792 1371 3862 fortitudo
1395 3791 1626 3861 Spiritus
1646 3791 1798 3847 uestri

188 3887 316 3960 [ΑΙ.
360 3886 751 3959 nostri],vide
780 3903 848 3941 an
901 3886 1134 3956 idipsum
1191 3886 1462 3942 ostendat.
1515 3884 1586 3943 Et
1631 3898 1798 3953 super

188 3980 381 4036 omnia
412 3980 739 4035 vocabulum
787 3981 1016 4050 spiritus
1043 3979 1295 4035 altiorem
1326 3988 1383 4034 et
1407 3979 1696 4051 mysticum
1742 3978 1795 4031 in

189 4071 505 4142 Scripturis
567 4073 775 4128 sanctis
833 4071 1103 4142 signiﬁcat
1167 4071 1527 4139 intellectum,
1573 4078 1635 4126 ut
1678 4070 1793 4125 ibi:

191 4162 402 4221 Littera
428 4162 640 4229 occidit,
668 4162 885 4234 spiritus
907 4174 1081 4219 autem
1105 4162 1332 4233 viuiﬁcat
1360 4161 1429 4234 (ll
1450 4160 1573 4219 Cor.
1597 4175 1675 4227 ιιι,
1701 4160 1792 4231 6);

190 4257 433 4315 litteram
467 4256 658 4313 dicens
686 4258 1011 4327 simplicem.
1040 4267 1094 4313 et
1123 4258 1466 4315 maniieatam
1497 4256 1652 4326 juxta
1686 4255 1795 4312 his-

191 4354 393 4407 toriam
425 4349 830 4415 narrationem;
863 4352 1117 4421 spiritum
1145 4365 1302 4414 vero,
1333 4361 1581 4407 sanctum
1610 4357 1666 4405 et
1687 4350 1798 4418 spi»

194 4446 399 4503 rituale
420 4454 449 4489 ll
469 4458 634 4500 nosse
650 4445 795 4515 quod
823 4446 1036 4515 legitur.
1073 4443 1129 4498 In
1154 4442 1294 4497 hanc
1316 4443 1569 4511 congruit
1601 4441 1795 4497 volun-

1903 3332 2182 3401 deeipulas
2210 3344 2585 3401 conteremus,
2634 3334 2725 3404 qui
2768 3334 3031 3405 Spiritum
3061 3346 3311 3392 sanctum
3349 3347 3497 3389 asse-

1901 3436 2031 3481 runt
2059 3436 2383 3481 creaturam.
2441 3428 2708 3498 Legetttes
2737 3428 2882 3483 enim
2938 3428 2991 3483 in
3030 3428 3328 3500 Propheta,
3382 3427 3494 3499 Ego

1901 3537 2017 3575 sum
2042 3520 2257 3591 ﬁrmans
2294 3518 2320 3559 ά
2344 3523 2645 3587 tonitruum,
2692 3531 2740 3575 et
2769 3536 2957 3576 creans
2988 3522 3248 3593 Spiritum
3271 3521 3488 3593 (Amos,

1902 3630 1975 3679 tv,
2006 3614 2126 3683 12),
2153 3615 2456 3685 ignorantia
2483 3615 2800 3686 multiplicis
2822 3615 2876 3670 in
2901 3616 3001 3669 hac
3028 3625 3183 3686 parte
3202 3614 3491 3681 sermonis,

1902 3716 2225 3776 putaverunt
2252 3707 2514 3777 Spiritum
2548 3716 2797 3763 sanctum
2844 3724 2910 3765 ex
2942 3708 3043 3763 hoc
3075 3706 3349 3762 vocabulo
3395 3706 3495 3763 de-

1900 3802 2214 3866 monstrari,
2231 3815 2353 3855 cum
2370 3802 2422 3855 in
2437 3802 2852 3870 praesentiarum
2873 3800 3114 3872 Spiritus
3130 3813 3330 3855 nomen
3363 3812 3493 3856 vett-

1902 3902 2013 3947 tum
2051 3901 2228 3949 sonet.
2261 3892 2482 3949 Necnon
2529 3894 2582 3947 ln
2610 3892 2876 3949 Zacharia
2911 3892 3202 3948 audientes
3252 3894 3498 3949 locutum

1902 3985 2217 4051 Dominum,
2244 3986 2391 4056 quod
2415 3987 2533 4056 ipse
2564 3986 2637 4041 sit
2666 3984 2757 4056 qui
2781 3994 2933 4042 creat
2966 3985 3222 4056 spiritum
3254 3985 3496 4040 hominis

1900 4078 1955 4135 in
1995 4094 2085 4146 eo,
2133 4080 2590 4135 existimaverunt
2635 4080 2901 4151 Spiritum
2942 4089 3197 4134 sanctum
3238 4075 3495 4131 etiamin

1900 4171 2005 4228 hoc
2032 4173 2275 4239 capitulo
2302 4173 2625 4244 signilicari,
2658 4188 2766 4229 non
2804 4172 3315 4228 animadvertentes
3349 4168 3494 4239 quod

1899 4265 2139 4320 animam
2183 4264 2449 4333 hominis,
2492 4273 2587 4321 aut
2630 4266 2890 4336 spiritum
2934 4265 3122 4336 (quem
3172 4261 3398 4317 tertium
3444 4261 3497 4315 in

1897 4360 2120 4418 homine
2146 4374 2269 4416 esse
2291 4360 2404 4432 jam
2434 4359 2696 4429 diximus)
2727 4359 2954 4427 spiritus
3001 4355 3301 4427 appellatio
3331 4354 3498 4425 signi-

1901 4455 2046 4511 ficet.
2095 4454 2241 4524 Ergo
2282 4464 2339 4507 ut
2378 4452 2663 4523 prmiocuti
2712 4463 2921 4515 sumus,
2971 4447 3254 4518 quomodo
3296 4456 3496 4501 unums

195 4547 370 4595 tatem
398 4544 461 4595 et
504 4537 637 4593 illud
670 4553 683 4593 l
711 4536 825 4594 Nos
872 4552 1049 4592 sumus
1078 4532 1423 4598 circumcisio,
1472 4534 1557 4601 qui
1608 4532 1796 4601 spiritu

1901 4547 2153 4617 quodque
2199 4546 2404 4601 dictum
2452 4545 2547 4608 sit,
2600 4542 3041 4607 consideremus,
3102 4552 3170 4595 ne
3221 4540 3364 4595 forte
3402 4554 3500 4610 per

192 4630 434 4686 Domino
462 4631 736 4689 seruientes
767 4646 968 4697 sumus,
999 4639 1046 4691 et
1076 4642 1180 4685 non
1204 4627 1260 4683 in
1288 4640 1442 4681 οαηιϐ
1473 4622 1796 4691 οοηβάοηση
1822 4610 1877 4672 Ῑ)
1905 4610 2264 4709 ignorantiam
2296 4638 2348 4691 in
2398 4634 2716 4692 barathrum
2765 4632 3092 4689 decldmus
3136 4633 3366 4687 erroris.
3414 4629 3501 4687 Si-

195 4722 480 4794 (Plu'lipp.
509 4736 589 4790 ut,
612 4724 700 4795 5).
735 4723 837 4792 Qui
864 4724 1009 4781 enim
1053 4736 1159 4779 non
1194 4720 1374 4774 littera
1411 4729 1634 4773 carnem
1666 4729 1801 4771 con-

196 4818 415 4885 cidunt,
463 4818 558 4873 sed
608 4832 704 4875 eor
756 4817 952 4885 spiritu
1016 4810 1435 4875 circumcidunt,
1487 4806 1799 4869 auierentos

198 4926 365 4969 omne
401 4909 526 4979 ejus
559 4909 921 4979 superﬂuum,
950 4906 1092 4977 quod
1121 4903 1460 4977 generationi
1492 4899 1797 4971 proximum

196 5016 305 5072 est,
336 5014 395 5061 et
415 5003 677 5069 amicum,
711 5003 764 5061 bi
798 5001 824 5040 δ
858 5016 987 5060 vero
1012 5000 1205 5069 spiritu
1232 4995 1541 5057 circumcisi
1571 5002 1720 5058 sunt,
1744 4992 1798 5053 in

198 5099 423 5154 occulto
469 5097 667 5163 Judaei,
718 5105 772 5151 et
802 5096 913 5150 veri
957 5094 1233 5155 israeiitaz,
1269 5092 1323 5146 in
1351 5090 1547 5161 quibus
1578 5101 1683 5141 non
1714 5097 1799 5141 est

198 5191 379 5253 dolus.
410 5190 513 5265 Qui
547 5190 999 5253 transcendentes
1029 5186 1251 5249 umbras
1281 5193 1337 5248 et
1359 5184 1627 5259 imagines
1654 5192 1804 5241 rete-

197 5284 272 5341 ria
303 5282 935 5350 Testamenti,cultores
966 5279 1081 5335 veri
1115 5279 1350 5334 adorant
1375 5278 1589 5333 Patrem
1613 5273 1665 5330 in
1690 5275 1803 5345 spi-

200 5377 303 5433 ritu
328 5387 386 5432 et
414 5378 649 5439 veritate
675 5393 690 5431 ε
716 5377 769 5430 in
803 5376 1020 5447 spiritu,
1052 5373 1178 5446 quia
1205 5372 1508 5447 corporalia
1537 5368 1591 5429 ei
1625 5370 1803 5426 humi—

198 5466 265 5529 lia
285 5468 777 5534 transcenderunt;
799 5466 854 5523 in
870 5471 1123 5537 veritate,
1140 5465 1264 5537 quia
1281 5472 1461 5541 typos,
1481 5472 1534 5523 ct
1554 5461 1798 5535 umbras,

269 5636 293 5671 τ’
332 5625 537 5689 iterum
562 5641 629 5687 es
675 5626 865 5689 eadem
894 5625 1133 5687 editione
1173 5632 1229 5683 et
1258 5623 1430 5681 Vatic.
1482 5636 1618 5685 ms.;
1670 5634 1796 5677 cum

199 5705 384 5769 antea,
416 5714 527 5753 esse
551 5713 650 5768 pro
684 5715 837 5761 nosse
867 5699 1158 5769 legeretur.

272 5767 299 5807 δ
342 5765 631 5827 νίιίοιιεέι
664 5770 851 5829 hiulco
897 5765 1060 5825 sensu
1101 5778 1242 5831 erat,
1274 5765 1328 5821 hi
1351 5780 1467 5820 vero
1500 5778 1596 5834 pro
1632 5778 1793 5820 vero:

202 5846 319 5905 ltltn
343 5856 487 5907 novo
517 5840 745 5911 mendo,
775 5857 907 5903 uerte
933 5839 1194 5901 Israelita:
1234 5851 1332 5908 pro
1363 5851 1495 5900 vere,
1540 5842 1635 5890 aut
1662 5836 1787 5891 veri.

1904 4728 2123 4798 quidem
2169 4727 2221 4779 in
2262 4726 2385 4781 aliis
2429 4726 2598 4779 rebus
2643 4739 2708 4777 ex
2756 4722 3044 4779 consortio
3097 4723 3499 4779 vocabulorum

1904 4836 2059 4877 error
2086 4821 2370 4885 eveniens,
2405 4818 2786 4875 conlusionem
2812 4824 2870 4871 et
2905 4815 3171 4885 pudorem
3207 4818 3256 4872 ei
3289 4816 3381 4885 qui
3411 4828 3501 4869 er-

1902 4914 2043 4968 ravit
2085 4915 2384 4983 importat:
2432 4912 2500 4965 de
2530 4910 2784 4979 supernis
2811 4923 2941 4963 vero
2968 4917 3024 4962 et
3066 4906 3273 4962 divinis
3315 4906 3501 4973 lapsus

1902 5006 1970 5060 ad
2003 5019 2193 5075 prava,
2239 5003 2305 5057 ad
2338 5011 2601 5057 :eteroam
2636 5014 2850 5067 pinnam
2897 4999 3199 5055 deducitet
3236 5005 3501 5053 tartarum

1898 5097 2023 5170 [ΑΙ.
2056 5095 2432 5167 barathrum],
2470 5095 2709 5149 maxime
2737 5108 2861 5149 cum
2890 5094 3060 5148 semel
3094 5092 3365 5163 deceptus
3396 5104 3498 5145 no-

1894 5191 2062 5251 luerit
2092 5189 2444 5260 resipiscere,
2482 5189 2579 5246 sed
2616 5187 2775 5261 ια
2798 5202 2955 5245 suum
3001 5188 3295 5246 defensore
3320 5186 3503 5253 impu-

1900 5284 2096 5341 denter
2143 5296 2409 5341 erroretn.
2460 5284 2700 5345 Ducebat
2729 5282 2918 5350 etiam,
2952 5278 3357 5352 etmagnltudo
3405 5290 3500 5333 vos

1900 5377 2127 5433 luminis
2156 5374 2425 5449 exigebat,
2456 5386 2513 5433 ut
2544 5376 2706 5433 linem
2739 5377 3017 5446 acciperet
3045 5374 3247 5427 oratio.

1976 5470 2065 5528 60.
2113 5472 2310 5534 Verum
2356 5472 2481 5543 quia
2524 5468 2692 5528 infert
2736 5486 2798 5527 se
2844 5467 3079 5540 quaestio
3123 5464 3391 5527 adversus
3430 5480 3497 5521 ea

1989 5624 2011 5657 ⁸
2053 5611 2394 5688 Emendoes
2422 5613 2594 5688 veteri
2622 5603 3350 5688 editioneusonctus‘bonus,
3371 5618 3498 5665 cum

1908 5696 2055 5743 esset
2084 5694 2273 5740 contra
2304 5682 2557 5739 Auctoris
2582 5695 2844 5747 mentem,
2876 5677 3109 5748 Spiritus
3136 5675 3321 5735 bonus.

1982 5755 2008 5794 ά
2054 5757 2157 5812 Pro
2204 5770 2319 5811 sum
2348 5756 2586 5824 ﬁrmans,
2633 5757 2810 5812 Gtmc.
2866 5756 3113 5823 στερεῶν.
3151 5756 3272 5814 erat
3305 5749 3503 5819 conﬁr-

1902 5830 2058 5889 mavi.
2084 5827 2143 5883 In
2175 5826 2382 5897 aliquot
2411 5840 2569 5894 mss.,
2602 5843 2716 5887 sum
2741 5829 2991 5900 formans.
