4074 6388
508 334 605 388 151

1759 326 1815 382 S.
1862 324 2135 381 EUSEBll
2174 323 2560 382 HIERONYMI

3702 323 3813 378 152

498 465 619 521 qure
648 448 899 517 superius
915 446 1320 516 disputavimus
1342 464 1354 499 :
1374 458 1537 515 quam
1566 443 1776 499 idcirco
1802 452 1936 497 tunc
1964 457 2095 512 ιιι-ξιξ-
2126 446 2177 503 Λ
2205 442 2331 497 tatis
2372 441 2535 512 janua
2556 484 2570 508 ,
2602 442 2753 497 misit
2780 445 2833 497 in
2868 453 3104 498 mentem
3137 443 3255 513 ejus
3280 440 3555 512 quomodo
3584 439 3811 496 deside-

498 540 855 602 termisimus,
885 554 955 593 ne
986 548 1195 593 textum
1220 540 1494 593 sermOnis
1518 538 1869 606 irrumperet,
1889 545 1944 590 et
1965 536 2105 590 inter

501 634 645 704 piam
704 630 1154 701 praedicationem
1221 633 1386 700 impia
1453 630 1734 685 contentio
1789 636 2101 699 poneretur,

499 726 876 780 necessu-ium
904 736 1033 794 puto
1062 724 1126 777 ad
1161 725 1504 792 propositum
1537 723 1893 793 respondere,
1918 732 1972 777 et
1996 723 2105 777 lec-

500 822 638 873 toris
668 817 922 879 arbitrio,
951 816 1079 886 quid
1110 831 1278 884 super
1309 817 1396 870 his
1428 816 1653 881 semiat,
1696 816 2104 885 derelinquere.

500 912 914 981 Disputantibus
938 927 1069 981 ergo
1095 926 1282 980 supra,
1308 912 1451 979 quod
1478 911 1714 965 animam
1747 911 1830 965 vel
1859 920 2101 965 mentem

498 1004 738 1059 hominis
761 1006 904 1058 nulla
932 1013 1189 1058 creatura
1219 1004 1372 1073 juxta
1406 1004 1766 1057 substantiam
1800 1004 1976 1073 possit
2006 1003 2104 1055 im-

500 1099 673 1167 plere,
711 1096 813 1151 nisi
861 1096 975 1151 sola
1009 1096 1270 1158 Trinitas,
1308 1096 1436 1166 quia
1473 1098 1857 1151 tantummodo
1908 1111 2104 1150 secun-

500 1190 627 1244 dum
661 1190 1059 1259 operationem,
1090 1198 1149 1243 et
1177 1188 1480 1241 voluntatis
1532 1203 1801 1248 errorem,
1835 1190 1950 1242 sive
1996 1188 2104 1242 vir-

500 1290 695 1345 tutem,
731 1282 945 1334 animus
975 1280 1045 1334 de
1077 1279 1161 1335 his
1193 1296 1314 1348 qua:
1345 1289 1527 1335 creata
1552 1280 1671 1351 [ΑΙ.
1707 1280 1948 1352 sociata]
1978 1292 2103 1336 sunt

499 1374 1005 1442 intpletur:oborta
1052 1381 1137 1426 est
1176 1372 1410 1440 quatstio
1443 1383 1655 1437 nostra,
1690 1374 1843 1442 quasi
1876 1384 2100 1428 senten-

500 1469 629 1521 tiam
664 1468 917 1532 solvens,
952 1466 1095 1535 quod
1130 1475 1314 1519 creata
1346 1465 1676 1532 subsmntia,
1718 1482 1837 1536 qua:
1870 1468 1921 1520 in
1953 1466 2104 1522 Scri-

503 1561 679 1630 pturis
727 1559 960 1615 Satanas
1005 1558 1333 1628 appellatur,
1383 1558 1719 1629 ingrediatur
1769 1561 1821 1613 in
1868 1560 2098 1630 aliquos,

501 1661 558 1707 et
599 1664 694 1705 cor
739 1652 1104 1719 quorumdam
1148 1650 1377 1719 implere
1424 1652 1659 1705 dicatur.
1710 1651 1843 1706 Nam
1872 1654 1938 1707 ad
1975 1669 2099 1709 eum

501 1744 593 1813 qui
627 1742 979 1798 medietatem
1011 1743 1167 1812 pretii
1209 1743 1276 1797 de
1319 1758 1452 1813 agro
1500 1744 1723 1800 vendito
1772 1744 1907 1809 sibi,
1953 1747 2097 1801 aliud

2211 544 2379 590 ratam
2412 536 2701 606 pecuniam
2734 538 3029 606 acciperet,
3053 550 3107 593 et
3134 553 3233 604 per
3264 537 3609 592 occasionem
3640 535 3810 601 lucri,

2212 630 2456 699 proditor
2470 631 2715 700 magistri
2732 642 2785 683 et
2803 629 3104 685 Salvatoris
3118 630 3203 685 sui
3224 629 3505 689 existeret,
3520 637 3810 698 argentum

2212 738 2308 789 pro
2339 721 2538 792 pietate
2564 730 2930 788 commutans,
2964 732 3018 777 et
3045 722 3351 790 suscipiens
3403 721 3636 791 pretium
3684 734 3813 774 sce-

2210 813 2340 868 leris
2393 829 2421 867 a
2454 814 2747 868 Pharisa-is
2793 826 2956 883 atque
3009 814 3233 868 Judzcis.
3267 813 3393 868 llaec
3427 829 3560 883 ergo
3603 813 3811 883 cogita-

2209 905 2374 959 tionis
2423 906 2635 960 occasio
2668 906 2846 960 locum
2882 905 3070 961 tribuit
3098 906 3315 963 Satanae
3338 946 3354 971 ,
3390 914 3448 959 ut
3478 905 3532 959 in
3563 920 3659 960 cor
3687 904 3812 974 ejus

2209 999 2495 1067 intruiens,
2522 999 2776 1069 impleret
2805 1016 2928 1055 emn
2958 1001 3192 1071 pessima
3226 1000 3525 1055 voluntate.
3556 1000 3812 1054 introivit

2207 1108 2335 1163 ergo
2385 1108 2489 1148 non
2544 1093 2842 1148 secundum
2895 1095 3254 1148 substantiam
3284 1136 3299 1161 ,
3357 1094 3453 1149 sed
3502 1092 3810 1149 secundum

2207 1187 2613 1256 Operationem;
2665 1189 2790 1257 quia
2846 1188 3074 1241 introire
3124 1188 3177 1241 in
3223 1186 3496 1257 aliquem,
3546 1185 3812 1241 increatae

2208 1289 2412 1335 naturae
2445 1289 2529 1335 est
2554 1280 2695 1348 ejus,
2725 1296 2845 1350 qum
2874 1281 3229 1350 participelur
3249 1295 3278 1332 a
3302 1278 3572 1350 pluribus.
3600 1279 3813 1349 Impar-

2208 1373 2499 1443 ticipabilis
2529 1388 2659 1442 ergo
2688 1372 2937 1427 diabolus
2966 1383 3071 1439 est,
3103 1388 3210 1427 non
3244 1382 3483 1436 creator,
3511 1370 3606 1426 sed
3651 1386 3815 1427 crea-

2211 1476 2325 1521 tura
2357 1467 2681 1523 subsistens.
2718 1467 2869 1522 Unde
2899 1477 2953 1523 et
2979 1466 3357 1523 convertibilis
3384 1475 3549 1536 atque
3574 1466 3815 1522 mutabi-

2206 1561 2291 1625 lis,
2325 1577 2355 1617 e
2385 1563 2673 1618 sanctitate
2698 1561 2897 1617 decidit
2927 1573 3092 1632 atque
3121 1563 3347 1617 virtute.
3374 1561 3621 1616 Diximus
3645 1576 3817 1631 supra

2205 1658 2481 1727 μετοχικὸν
2515 1653 2667 1727 [Erat
2695 1653 3032 1728 μετοχικῶςῙ,
3068 1656 3118 1708 id
3172 1662 3287 1719 est,
3321 1653 3464 1724 quod
3516 1653 3815 1723 participa-

2208 1748 2353 1803 tione
2379 1749 2647 1818 capiatur,
2677 1763 2797 1803 esse
2832 1747 3244 1817 incorruptibile
3272 1754 3328 1803 et
3360 1746 3725 1813 immutabile,
3755 1757 3815 1802 et

500 1837 787 1907 protitens,
820 1846 1155 1902 reservaret,
1192 1854 1221 1891 a
1254 1838 1416 1893 Petro
1456 1839 1725 1909 Apostolo
1755 1840 1960 1894 dictum
1993 1851 2098 1904 est,
2132 1843 2180 1901 B
2206 1850 2604 1909 consequenter
2633 1849 2921 1894 :eternum.
2953 1839 3108 1907 Quod
3139 1850 3319 1893 autem
3370 1840 3561 1892 mutari
3594 1848 3817 1907 potest,

501 1930 733 1993 Anania,
762 1946 921 1995 quare
943 1930 1171 1998 implevit
1201 1930 1428 1985 Satanas
1451 1948 1538 1985 cor
1562 1943 1709 1985 tuum
1727 1932 1927 2004 (Actor.
1946 1949 1999 1999 v,
2016 1933 2110 2003 '5)?

506 2024 577 2078 Et
609 2023 676 2079 de
706 2023 846 2078 Juda
885 2024 1129 2093 loquitur
1173 2026 1288 2093 ipse
1316 2026 1590 2089 Salvator,
1635 2027 1779 2094 quod
1830 2028 2111 2083 intraverit

502 2120 558 2171 in
586 2133 709 2171 eum
736 2118 986 2173 Satanas.
1020 2118 1101 2172 Ad
1136 2119 1283 2189 quod
1316 2130 1503 2189 postea
1536 2121 1977 2190 respondendqu
2004 2132 2105 2177 est.

502 2209 723 2266 Interim
772 2226 915 2265 nunc
946 2220 970 2246 τί
996 2210 1337 2281 disputemus
1375 2213 1664 2267 adversum
1700 2214 1750 2268 id
1787 2216 1931 2285 quod
1976 2217 2112 2271 scri-

500 2312 656 2373 ptum
708 2314 813 2366 est,
861 2304 1036 2371 Quare
1087 2306 1318 2374 implevit
1365 2306 1592 2361 Satanas
1632 2324 1721 2361 cor
1755 2310 1936 2362 tuum?
1970 2325 2105 2379 quo-

506 2396 670 2449 modo
694 2393 928 2450 Satanas
952 2408 1189 2452 mentem
1211 2399 1445 2465 alicujus
1473 2409 1526 2453 et
1546 2398 1572 2435 δ
1602 2400 1904 2470 principale
1926 2400 2109 2456 cordis

504 2487 753 2555 impleat,
806 2505 913 2543 non
949 2489 1262 2560 ingrediens
1294 2490 1344 2545 in
1378 2506 1501 2545 eum
1532 2500 1585 2545 et
1616 2491 1670 2545 in
1716 2508 1936 2547 sensum
1968 2494 2106 2563 ejus,

502 2592 690 2649 atque,
726 2592 785 2637 ut
814 2584 887 2637 ita
918 2583 1122 2651 dicam,
1150 2585 1357 2639 aditum
1381 2585 1563 2639 cordis
1596 2584 1859 2640 iutroiens
1894 2604 1905 2639 τ
1941 2587 2109 2656 siqui-

502 2677 626 2731 dem
674 2677 791 2732 ltcec
839 2686 1081 2747 potestas
1134 2679 1308 2733 solius
1338 2687 1421 2731 est
1452 2678 1779 2732 Trinitatis:
1811 2680 1907 2733 sed
1954 2679 2105 2749 quasi

504 2770 732 2824 callidus
776 2770 995 2838 quidam
1046 2779 1100 2825 et
1130 2786 1363 2838 nequam
1410 2785 1473 2824 ac
1506 2770 1668 2823 fallax
1707 2770 2107 2827 fraudulentus-

501 2877 608 2930 que
637 2862 919 2929 deceptor,
954 2863 1007 2916 in
1048 2878 1147 2917 eos
1172 2866 1406 2917 animam
1448 2865 1739 2917 humanam
1772 2865 1994 2918 malitia:
2026 2865 2105 2918 al-

504 2951 681 3006 fectus
709 2952 899 3019 trahit,
935 2968 1033 3021 per
1054 2955 1421 3022 cogitationes
1450 2964 1507 3009 et
1530 2956 1796 3009 incentiva
1826 2956 2102 3023 vitiorum,

499 3046 697 3117 quibus
727 3047 843 3115 ipse
877 3047 1070 3116 plenus
1100 3057 1204 3101 est.
1239 3048 1483 3118 Denique
1516 3056 1572 3103 et
1593 3049 1707 3119 ipse
1737 3049 1959 3120 Elymas
1990 3068 2105 3106 ma-

503 3156 606 3211 gus
642 3140 785 3195 lilius
812 3139 1044 3208 diaboli,
1068 3142 1223 3212 juxta
1250 3143 1512 3197 malitiam
1544 3143 1953 3214 nequitiamque
1980 3146 2104 3201 sub-

2213 1931 2411 1985 factum
2442 1945 2565 1986 esse
2617 1941 2672 1986 et
2721 1930 2921 1986 habere
2956 1930 3299 2000 principium.
3338 1929 3507 1984 Porro
3531 1928 3675 1999 quod
3721 1929 3815 1983 in-

2211 2023 2563 2093 corruptibile
2593 2023 2699 2089 sit,
2734 2038 2857 2078 esse
2883 2033 2939 2078 et
2970 2032 3118 2078 retro
3148 2031 3203 2077 et
3232 2022 3493 2090 deinceps
3522 2021 3820 2090 sempiter-

2212 2130 2360 2168 num.
2394 2113 2514 2169 Non
2559 2130 2693 2186 ergo
2739 2116 2839 2185 (ut
2887 2114 3104 2185 quidam
3142 2112 3361 2184 putant)
3396 2112 3819 2182 participatione

2214 2217 2444 2274 naturae,
2472 2209 2589 2264 sive
2618 2208 2940 2262 substantia:
2968 2207 3159 2277 implet
3197 2207 3505 2275 quempiam
3539 2204 3818 2271 diabolus,

2212 2309 2304 2354 ant
2331 2303 2451 2370 ejus
2482 2300 2756 2356 habitator
2783 2300 3046 2365 efficitur,
3081 2301 3175 2355 sed
3230 2317 3323 2370 per
3355 2299 3779 2355 fraudulentiam
3800 2342 3818 2365 ,

2211 2403 2266 2450 et
2291 2394 2697 2466 deceptionem,
2732 2405 2781 2451 et
2814 2396 3098 2459 malitiam,
3126 2394 3374 2451 habitare
3403 2397 3453 2450 in
3484 2412 3548 2451 eo
3569 2395 3818 2450 creditur

2208 2503 2367 2557 quem
2392 2489 2641 2559 replevit.
2669 2490 2780 2544 Hac
2799 2498 2980 2544 autem
3011 2490 3221 2544 fallacia
3245 2491 3410 2544 etiam
3439 2490 3815 2560 presbyteros,

2210 2582 2303 2651 qui
2345 2581 2605 2636 adversus
2651 2583 2955 2637 Susannam
2984 2591 3006 2618 ε
3036 2583 3088 2635 in
3117 2581 3501 2636 crudelitatem
3532 2597 3593 2636 se
3630 2590 3815 2637 verte.

2212 2683 2352 2738 rant,
2387 2675 2607 2728 intravit
2639 2691 2651 2726 :
2685 2674 2919 2744 impletis
2946 2675 3158 2731 animas
3185 2690 3376 2729 eorum
3408 2674 3657 2729 incendio
3688 2672 3819 2728 libi-

2210 2768 2386 2833 dinis,
2418 2778 2470 2821 et
2497 2782 2620 2821 sera
2648 2766 2786 2821 senii
2829 2768 3129 2838 voluptate.
3166 2768 3439 2837 Scriptum
3487 2777 3570 2822 est
3614 2768 3759 2823 enim
3799 2784 3813 2821 :

2219 2859 2482 2914 Venerunt
2512 2870 2685 2915 autem
2707 2870 2756 2915 et
2783 2860 2887 2914 duo
2916 2862 3221 2931 presbyteri,
3238 2862 3370 2933 pleni
3401 2862 3580 2931 iniqua
3607 2861 3779 2931 cogita
3796 2889 3813 2901 -

2212 2952 2350 3004 tione
2383 2950 2573 3022 (Dan.,
2594 2968 2708 3015 χιιι,
2728 2951 2843 3023 ‘28).
2866 2952 2959 3007 His
2992 2953 3204 3007 insidiis
3238 2953 3491 3023 implevit
3516 2962 3571 3008 et
3594 2956 3818 3008 univer-

2210 3060 2329 3100 sum
2361 3047 2622 3116 populum
2668 3046 2979 3102 Judaaorum
3000 3089 3015 3114 ,
3046 3047 3263 3104 dicente
3298 3047 3566 3118 Pr0pheta
3598 3047 3665 3103 de
3693 3062 3760 3103 eo
3799 3067 3813 3101 :

2222 3136 2331 3203 γω,
2366 3155 2487 3209 gens
2516 3140 2674 3211 166
2698 3141 2979 3211 peccatrix,
3003 3142 3226 3209 papulas
3258 3142 3439 3212 plenus
3468 3142 3710 3211 pact-ais,
3731 3157 3820 3196 sc-

500 3236 726 3296 sistens,
773 3233 966 3301 plenus
1020 3237 1167 3291 omni
1200 3237 1328 3291 dolo
1351 3245 1407 3291 et
1438 3238 1665 3304 malitia,
1702 3238 1961 3293 scribitur
2002 3240 2102 3296 Sa-
2133 3232 2177 3294 C
2210 3248 2323 3285 men
2354 3234 2656 3301 pessimum,
2689 3234 2787 3302 ﬁlii
2815 3235 2978 3304 iniqui
3012 3233 3169 3305 (Isai.
3204 3250 3241 3301 ι,
3273 3233 3351 3303 4).
3383 3234 3580 3290 Semen
3608 3234 3817 3305 quippe

500 3334 623 3379 tana
647 3325 802 3379 Patre
821 3326 957 3396 ejus,
986 3326 1128 3382 hanc
1151 3330 1198 3383 ei
1222 3330 1583 3396 voluntatem,
1608 3330 1763 3401 quasi
1786 3347 1851 3386 ex
1876 3346 2106 3388 consue-

508 3419 695 3473 tudine
744 3429 765 3455 ο
819 3418 1073 3473 vitiorum
1124 3421 1175 3474 in
1226 3432 1474 3476 naturam
1523 3432 1793 3478 vertente.
1859 3427 2107 3495 Argnens

502 3512 689 3583 itaque
727 3528 854 3568 eum
888 3514 1181 3581 Apostolus
1210 3514 1411 3569 Paulus
1453 3526 1615 3584 atque
1656 3516 1957 3582 corripiens
1988 3519 2063 3571 ait
2092 3538 2103 3571 :

507 3603 552 3657 0
581 3607 729 3672 plene
753 3607 892 3658 οηιηὶ
914 3606 1186 3673 iniquitate
1212 3616 1259 3659 et
1289 3608 1428 3661 omni
1459 3607 1614 3672 dolo,
1648 3609 1725 3677 ﬁli
1758 3608 1977 3674 diaboli,
2008 3611 2109 3662 ini-

506 3697 637 3747 mice
654 3698 878 3764 justitiw
905 3695 1001 3749 Dei
1031 3696 1244 3767 (Actor.
1278 3714 1396 3763 xm,
1433 3699 1555 3767 '10)!
1589 3700 1721 3765 Quia
1756 3701 1903 3754 enim
1938 3704 2109 3757 versi-

502 3786 666 3853 pellis
688 3795 743 3841 et
769 3786 1023 3852 callidus,
1070 3802 1286 3841 omnem
1332 3789 1383 3842 in
1418 3806 1475 3842 se
1507 3790 1688 3843 dolum
1730 3789 2111 3848 fraudulentire

509 3888 847 3945 susceperat,
882 3879 1189 3949 appellatur
1221 3880 1363 3933 filius
1391 3880 1617 3946 diaboli,
1667 3882 1793 3951 quia
1845 3884 2109 3952 implebat

509 3970 627 4040 ipse
646 3984 807 4025 omne
827 3970 1129 4039 principale
1155 3972 1310 4042 165
1338 3972 1481 4027 illius
1511 3974 1699 4028 fraude
1724 3983 1779 4029 et
1802 3974 2107 4043 iniquitate,

508 4074 563 4120 et
589 4066 735 4118 omni
765 4064 967 4127 ntalitia
996 4083 1008 4118 :
1038 4065 1310 4119 intantum
1344 4066 1578 4121 illiciens
1620 4083 1745 4121 eum
1775 4079 1937 4138 atque
1965 4069 2108 4125 deci-

505 4160 685 4230 piens,
731 4168 789 4212 ut
829 4159 945 4228 ipse
986 4159 1223 4214 Satanas
1250 4159 1507 4229 implesse
1547 4161 1782 4216 animam
1830 4164 2021 4232 ipsius,
2054 4174 2110 4220 et

507 4250 757 4307 habitare
799 4252 849 4305 in
893 4251 1085 4307 eodem
1130 4260 1435 4321 putaretur,
1475 4269 1637 4323 quem
1681 4254 1749 4309 ad
1774 4270 1965 4310 omnes
1994 4271 2109 4312 sua:

508 4345 887 4415 perversitatis
933 4343 1111 4411 dolos,
1164 4344 1475 4400 ministrum
1524 4346 1627 4401 sibi
1681 4361 1745 4402 ac
1766 4346 1807 4419 id
1845 4348 2107 4404 famulum

507 4448 935 4509 praeparaverat.

573 4533 663 4587 61.
706 4532 787 4586 Ad
817 4533 870 4586 id
913 4547 1043 4587 vero
1067 4530 1210 4602 quod
1242 4531 1536 4587 secundum
1569 4546 1923 4602 posueramus
1951 4535 2107 4607 [Vat.

506 4623 987 4696 proposueramus]
1018 4625 1349 4694 exemplum,
1374 4626 1496 4695 quia
1524 4625 1575 4679 in
1598 4624 1795 4680 ludam
1827 4628 2107 4684 introisset
2134 4618 2189 4677 D

509 4716 761 4781 Satanas,
798 4716 901 4771 hoc
928 4717 1218 4772 dicendum
1251 4727 1353 4772 est.
1388 4716 1699 4773 Observans
1720 4718 1966 4775 diabolus
1996 4722 2109 4791 qui-

508 4809 739 4863 busdam
774 4810 1007 4865 motibus
1036 4821 1091 4865 et
1120 4811 1503 4880 operationnm
1532 4812 1734 4882 signis,
1767 4813 1833 4868 ad
1865 4830 1984 4881 qua:
2017 4830 2112 4883 po-

506 4902 777 4959 tissimum
804 4903 960 4959 Judae
988 4920 1084 4959 cor
1112 4913 1258 4959 esset
1283 4905 1409 4959 vitia
1442 4906 1774 4975 proclivius,
1806 4906 2112 4977 deprehen-

507 4995 588 5051 dit
614 5013 735 5052 eum
771 5009 958 5067 patere
990 4996 1200 5052 insidiis
1229 5000 1492 5065 avaritiae,
1527 5008 1582 5054 et
1630 5011 1846 5071 reperta
1891 5003 2106 5073 cupidi.

582 5206 609 5276 ιξ
647 5197 973 5276 Imperfecto
1004 5212 1165 5276 sensu
1194 5208 1348 5276 erat:
1375 5199 1595 5255 Interim
1620 5219 1760 5276 nunc
1785 5205 1854 5258 ad
1882 5205 1936 5259 id
1962 5207 2105 5276 quod

503 5272 755 5342 ocriptum
780 5279 877 5345 est.
911 5270 1147 5323 Verbum
1175 5271 1496 5345 disputemus
1525 5290 1588 5325 ex
1624 5275 1843 5345 Regina:
1878 5270 1983 5330 Ius.
2021 5279 2104 5331 al-

497 5352 678 5397 terum
722 5343 1012 5408 adversum,
1068 5356 1134 5395 ex
1189 5342 1305 5412 ipso
1348 5353 1403 5398 et
1452 5342 1725 5399 Vaticano
1772 5362 2101 5417 expressum

506 5424 614 5470 est.

577 5487 604 5525 ³)
644 5485 835 5542 Grzece
891 5485 1186 5557 ἡγεμονικὸν
1227 5502 1240 5540 :

508 5556 846 5613 Matthmum.

578 5639 601 5666 ο
648 5629 848 5688 Vatic.,
877 5628 1025 5695 quasi
1054 5644 1119 5681 ea:
1145 5627 1517 5682 consuetudine
1548 5627 1828 5679 secundam
1859 5645 1991 5697 pene
2021 5631 2101 5684 in-

495 5700 715 5768 jicieme
737 5712 997 5754 naturam.

579 5768 605 5806 ά
636 5769 802 5837 idem,
837 5772 1129 5823 ministrum
1151 5804 1155 5809 ι
1174 5770 1270 5821 sibi
1299 5786 1361 5821 ac
1386 5768 1553 5837 ﬁlium
1580 5768 1980 5833 prwparaverat.

582 5847 603 5873 '
631 5835 795 5891 Vetus
824 5836 981 5897 cdit..
1015 5840 1102 5899 qui
1148 5835 1392 5893 adversus
1438 5844 1730 5891 Nusanuam
1779 5854 2003 5895 antorem
2050 5843 2103 5897 it;

1284 5484 1411 5540 vide
1464 5487 1517 5540 in
1565 5486 1991 5543 Commentariis
2047 5492 2101 5545 in

2212 3342 2442 3396 nequam
2474 3324 2491 3363 ί
2522 3327 2789 3394 diabolus,
2819 3338 2875 3384 et
2906 3329 2999 3382 lilii
3030 3328 3186 3398 ejus,
3220 3338 3443 3398 propter
3467 3328 3815 3397 iniquitatem

2210 3427 2265 3473 et
2292 3420 2706 3487 plenitudinem,
2739 3421 2866 3475 dicti
2901 3431 3028 3475 sunt
3061 3429 3404 3490 peccatores.
3433 3422 3488 3476 Si
3525 3431 3703 3476 autem
3744 3422 3819 3477 ab

2212 3510 2411 3580 bisqui
2448 3512 2569 3582 ejus
2618 3514 2671 3567 in
2723 3514 3025 3583 Scripturis
3095 3514 3186 3567 lilii
3242 3514 3614 3579 nominantur,
3656 3514 3818 3582 juxta

2211 3603 2527 3658 substantiae
2562 3605 3035 3675 participationem
3071 3621 3178 3660 non
3216 3607 3427 3676 capitur
3456 3604 3572 3677 [AL
3604 3620 3817 3660 nuncu-

2212 3696 2451 3768 pantur],
2486 3696 2756 3765 siquidem
2792 3697 3129 3767 impossibile
3162 3699 3269 3754 huc
3298 3714 3419 3754 esse
3470 3698 3522 3753 in
3549 3698 3816 3753 creaturis

2210 3786 2526 3858 frequenter
2555 3800 2832 3845 ostensum
2862 3802 2965 3854 est,
2982 3807 3160 3861 neque
3186 3793 3324 3845 alius
3344 3792 3468 3862 quis
3488 3802 3663 3861 potest
3685 3807 3813 3846 eum

2211 3898 2409 3952 capere
2440 3886 2862 3955 participatione
2911 3886 3228 3941 substantia:
3250 3928 3265 3952 ,
3296 3886 3393 3941 sed
3440 3886 3815 3941 tantummodo

2212 3978 2583 4047 assumptione
2611 3978 3130 4033 fraudulentissimte
3177 3979 3495 4034 voluntatis.
3529 3979 3817 4049 Operatio-

2215 4086 2336 4125 nem
2368 4072 2565 4142 quippe
2594 4083 2650 4128 et
2680 4072 2856 4127 studia
2889 4088 2993 4128 non
3031 4075 3203 4129 solum
3238 4074 3504 4130 bonorum
3551 4090 3808 4145 operum,

2214 4174 2238 4211 Β
2267 4164 2361 4219 sed
2388 4166 2548 4221 etiam
2589 4168 2853 4221 malorum
2888 4166 2939 4221 in
2968 4169 3236 4223 creaturis
3259 4167 3525 4233 diximus;
3560 4180 3812 4222 naturam

2212 4273 2342 4313 vero
2385 4268 2547 4328 atque
2577 4259 2939 4316 substantiam
2987 4260 3159 4315 solius
3198 4261 3251 4315 in
3282 4261 3419 4315 alios
3452 4276 3608 4330 posse
3632 4258 3816 4314 Triui-

2214 4351 2339 4405 tatis
2365 4351 2585 4406 intrare.

2284 4444 2373 4499 62.
2415 4443 2644 4501 Abunde
2696 4446 2787 4519 (ut
2816 4447 2983 4515 reor)
3040 4459 3331 4501 occursum
3380 4453 3463 4501 est
3511 4443 3815 4514 proposita:

2213 4538 2524 4610 quaestioni.
2552 4539 2692 4607 Quia
2722 4554 2849 4595 vero
2895 4539 3138 4608 ineptum
3174 4548 3230 4595 et
3276 4541 3497 4595 stultum
3548 4537 3766 4593 videtur
3792 4583 3811 4607 ,

2214 4634 2472 4688 adversus
2502 4633 2644 4689 fatua
2674 4634 3025 4705 respondere,
3054 4643 3110 4690 et
3138 4636 3181 4688 si
3213 4635 3342 4705 quid
3366 4636 3419 4690 in
3444 4635 3668 4690 buccam
3692 4648 3818 4689 rut-

2216 4726 2286 4781 rit
2313 4725 2418 4798 [Αι.
2452 4727 2630 4799 irruit]
2677 4728 2990 4799 impiorum,
3025 4728 3126 4784 hoc
3152 4730 3293 4784 velle
3340 4730 3670 4794 dissolvere;
3698 4744 3813 4785 non

2212 4822 2357 4876 enim
2406 4831 2614 4876 tantum
2667 4823 2917 4891 impietas
2960 4831 3084 4889 est,
3139 4823 3409 4878 scelerata
3457 4839 3811 4894 proponere,

2214 4924 2473 4982 quantum
2503 4924 2559 4968 et
2584 4913 2653 4969 de
2683 4915 2962 4969 sceleratis
2984 4912 3013 4951 ¹ι
3042 4929 3165 4970 cum
3213 4917 3503 4973 resistente
3532 4916 3671 4971 velle
3702 4926 3818 4971 tra-

2213 5016 2361 5061 ctare
2394 5023 2406 5058 :
2438 5006 2641 5061 idcirco
2671 5006 2802 5061 illud
2832 5009 2975 5076 quod
3015 5008 3195 5063 solent
3235 5007 3477 5077 jactare,
3508 5018 3814 5080 praetereo,

2213 5207 2569 5281 crudelitatem
2596 5218 2870 5281 verterant.
2905 5208 3103 5275 Vatic.,
3127 5210 3216 5281 qui
3244 5210 3491 5265 adversus
3515 5210 3811 5270 Susannam

2211 5278 2500 5344 swviebant,
2524 5279 2578 5331 in
2605 5279 2960 5335 crudelitatem
2983 5278 3224 5347 verterat,
3253 5293 3300 5336 et
3326 5282 3558 5352 implevit
3584 5287 3810 5354 animas,

2212 5360 2318 5405 θιο.
2443 5365 2465 5383 ⁸

2288 5419 2307 5457 τ
2339 5418 2473 5475 Cod.
2509 5418 2754 5491 Reginae,
2787 5421 2886 5491 ﬁlii
2927 5420 3157 5477 Diaboli.
3190 5424 3255 5479 Et
3285 5438 3407 5479 mox
3453 5424 3629 5481 Vatic.
3684 5427 3815 5482 dicti

2211 5502 2337 5614 sunlt.
2377 5504 2725 5575 peccatorum,
2771 5494 2944 5562 probo
2996 5504 3221 5565 uterque
3268 5511 3456 5562 sensu,
3488 5500 3590 5551 nisi
3640 5501 3811 5555 etiam

2213 5578 2445 5618 metort.

2287 5636 2668 5709 ﬁlflxpressius
2697 5634 2830 5705 Reg.
2862 5650 2991 5709 ms.,
3018 5637 3109 5709 sed
3129 5639 3281 5691 etiam
3308 5638 3560 5692 malorum
3593 5642 3814 5709 partici-

2213 5705 2405 5783 palrilia
2431 5722 2540 5783 esse
2569 5707 2622 5758 in
2648 5708 3150 5783 c_rea't_rtris_dieim_us
3178 5720 3461 5783 ,__naturam
3497 5705 3611 5765 vero
3657 5716 3816 5783 atque

2213 5775 2551 5844 substantiam
2583 5775 2744 5828 solius
2772 5776 3045 5831 Trinitatis
3074 5779 3127 5829 in
3155 5779 3287 5833 alios
3310 5790 3458 5844 pasce
3481 5783 3694 5836 intrare.
3726 5775 3753 5802 ’“

2286 5841 2311 5878 l‘
2339 5840 2469 5897 Erat
2495 5846 2844 5899 ineuntmodu
2868 5854 3052 5903 sensu,
3082 5844 3261 5899 saltem
3293 5840 3609 5903 resistentem
3650 5850 3803 5910 velle,
