4074 6404
188 376 286 432 155

994 375 1330 435 DIALOGUS
1369 376 1651 434 CONTRA
1688 375 2222 435 LUCIFERIANOS.
2270 377 2668 433 ADMONITIO.

3387 381 3489 436 154

179 493 451 566 sacrilega
504 494 764 550 adversus
810 507 904 548 nos
953 492 1178 550 audacia
1229 495 1626 564 proclamantes
1672 510 1684 547 :
1716 493 1774 550 Si
1803 503 1855 559 Α
1884 491 2184 566 tumeliam]
2215 493 2402 548 fecerit
2429 491 2655 562 Spiritui
2679 494 2868 564 gratiae
2892 493 3036 565 ejus,
3067 495 3122 549 in
3154 508 3262 564 quo
3291 499 3494 551 sancti-

181 586 424 656 Spiritus
475 599 700 643 sanctus
729 597 940 643 creatus
971 602 1076 640 non
1114 596 1222 653 est,
1249 596 1339 642 aut
1369 586 1540 643 frater
1565 596 1650 642 est
1678 585 1778 641 Dei

177 677 380 746 Patris,
413 690 509 736 aut
560 691 782 751 patruus
824 691 905 736 est
951 679 1214 752 uuigenlti
1259 681 1386 736 Jesu
1415 679 1654 746 Christi,
1686 687 1780 735 aut

175 770 323 828 lilius
368 773 566 829 Christi
593 785 704 840 est,
736 782 831 828 aut
864 788 1028 843 nepos
1057 782 1140 828 est
1172 773 1266 828 Dei
1298 773 1498 839 Patris,
1527 782 1622 828 aut
1660 774 1780 842 ipse

177 865 331 921 ﬁlius
384 867 471 922 Dei
502 876 588 922 est
610 909 624 932 ,
672 878 723 923 et
764 867 874 938 jam
905 885 1011 922 non
1041 870 1152 924 erit
1181 868 1486 936 unigenitus
1519 867 1782 922 Dominus

177 957 341 1014 Jesus
368 960 645 1029 Christus,
677 976 799 1016 cum
839 963 1072 1018 alterum
1104 963 1324 1017 fratrem
1354 963 1568 1017 haheat.
1601 961 1781 1016 Miseri

173 1059 337 1119 atque
367 1054 731 1120 miserabiles,
766 1070 872 1109 non
901 1056 1210 1109 sentientes
1239 1055 1309 1110 de
1344 1055 1688 1124 incorporeis
1727 1060 1782 1108 et

171 1140 556 1212 iuvisibilibus,
585 1146 740 1213 juxta
785 1147 1154 1217 corporalium
1197 1154 1252 1201 et
1276 1147 1566 1202 visibilium
1593 1146 1780 1216 dispu-

173 1238 271 1292 tari
309 1254 421 1294 non
453 1240 620 1297 licere
647 1250 918 1296 naturam.
953 1242 1202 1297 Fratrem
1230 1256 1351 1298 esse
1374 1242 1461 1298 vel
1493 1249 1777 1311 patruum,

169 1338 424 1395 uenalem
457 1332 544 1388 vel
581 1333 773 1402 filium,
803 1348 1093 1402 corporum
1144 1335 1362 1388 nomina
1407 1342 1566 1401 sunt,
1599 1343 1653 1388 et
1681 1331 1783 1387 im-

169 1421 489 1480 becillitatis
534 1425 792 1482 humanae
841 1418 1122 1482 vacabula.
1155 1426 1392 1481 Trinitas
1432 1441 1564 1480 vero
1589 1439 1781 1480 omnes

169 1514 260 1570 has
281 1519 737 1589 praetergreditur
765 1523 1222 1588 nuncupationes.
1248 1518 1317 1573 Et
1335 1519 1781 1589 quotiescumque

163 1603 216 1660 in
240 1606 426 1678 aliqua
458 1610 527 1665 de
566 1609 652 1665 his
675 1609 824 1664 cadit
850 1627 862 1663 :
893 1611 1210 1665 nominibus
1238 1612 1440 1665 nostris
1460 1651 1476 1675 ,
1506 1618 1563 1665 et
1593 1611 1783 1664 incon-

159 1698 316 1767 gruis
339 1701 626 1757 vocabulis
656 1717 766 1757 non
797 1711 823 1738 ιι
855 1718 1011 1757 suam
1054 1713 1303 1757 naturam
1354 1701 1613 1772 loquitur.
1643 1704 1778 1756 Cum

159 1787 329 1859 igitur
372 1802 562 1849 sancta
609 1795 888 1864 Scriptura
938 1795 1174 1865 amplius
1221 1794 1292 1850 de
1342 1794 1615 1852 Trinitate
1661 1810 1772 1850 non

1882 587 2074 644 licatus
2105 599 2213 643 est.
2245 586 2399 655 Quod
2429 586 2644 656 quidem
2675 597 2730 643 et
2759 589 2810 643 in
2845 588 2957 645 Deo
2985 589 3147 644 Patre
3175 599 3259 643 est
3289 589 3496 643 intelli-

1881 680 2142 750 gendum.
2177 679 2313 735 Nam
2361 679 2452 749 qui
2483 678 2944 748 blasphemaverit
2989 681 3042 735 iu
3073 697 3220 745 eum,
3251 689 3306 736 et
3335 680 3501 749 impie

1881 773 2072 843 egerit,
2103 773 2222 828 sine
2252 773 2410 826 venia
2458 773 2816 838 cruciabitur,
2845 783 2866 810 ο
2898 773 3046 827 nullo
3078 789 3176 844 pro
3209 789 3276 829 eo
3309 773 3500 827 Domi-

1883 880 2011 919 num
2057 865 2414 935 deprecante,
2457 863 2599 919 sicut
2641 864 2905 934 scriptum
2951 875 3053 926 est,
3087 866 3190 934 Qui
3217 874 3393 920 autem
3441 867 3495 921 in

1887 957 2163 1014 Dominum
2194 957 2359 1013 Deum
2391 959 2698 1031 peccaverit,
2732 959 2846 1026 quis
2892 959 3059 1013 orabit
3091 977 3185 1030 pro
3216 962 3314 1016 eo?
3341 960 3487 1016 Nec-

1885 1068 1992 1106 uou
2025 1059 2079 1106 et
2107 1053 2199 1122 qui
2232 1050 2429 1106 Filium
2479 1052 2766 1122 negaverit
2796 1066 2980 1107 coram
3017 1051 3357 1122 hominibus,
3395 1069 3493 1111 ne-

1880 1145 2093 1216 gabitur
2123 1145 2190 1200 ah
2241 1160 2306 1198 eo
2344 1159 2528 1200 coram
2584 1145 2763 1207 Patre,
2794 1153 2850 1200 et
2878 1145 3104 1214 Angelis
3153 1146 3298 1216 ejus.
3344 1145 3491 1218 Ergo

1881 1236 2005 1306 quia
2041 1235 2188 1290 nulla
2217 1237 2372 1291 venia
2406 1238 2459 1290 iu
2493 1235 2819 1290 Trinitatem
2859 1235 3183 1291 conceditur
3235 1237 3488 1307 blasphe-

1882 1326 2180 1392 mantibus,
2209 1327 2359 1381 omni
2386 1327 2570 1382 studio
2600 1337 2656 1381 et
2685 1327 2901 1381 cautela
2931 1336 3015 1382 est
3049 1327 3447 1396 providendum
3475 1373 3490 1397 ,

1889 1421 2048 1495 168
2077 1428 2136 1474 ut
2164 1435 2234 1475 ne
2282 1421 2334 1474 in
2367 1420 2519 1475 brevi
2565 1420 2783 1490 quidem
2836 1433 3112 1490 parvoque
3139 1435 3392 1475 sermone
3422 1420 3490 1476 de

1881 1529 1944 1569 ea
1976 1515 2353 1583 diSputantes,
2406 1513 2671 1568 lahamnr.
2700 1511 2840 1580 Quin
2891 1512 3073 1582 potius
3122 1511 3169 1567 si
3218 1513 3341 1580 quis
3387 1511 3492 1568 hoc

1881 1608 2136 1662 volumen
2190 1607 2372 1677 legere
2423 1605 2679 1668 voluerit,
2713 1619 3052 1674 qua‘sumus,
3084 1614 3141 1660 ut
3172 1606 3397 1662 mundet
3429 1622 3489 1662 se

1880 1701 1948 1756 ab
1975 1701 2123 1756 onmi
2171 1715 2339 1771 opere
2385 1701 2563 1767 malo,
2597 1708 2653 1756 et
2703 1700 3125 1771 cogitationibus
3172 1701 3429 1771 pessimis
3469 1719 3483 1759 :

1879 1812 1988 1866 quo
2021 1796 2194 1867 possit
2236 1796 2539 1849 illuminato
2590 1794 2758 1850 corde
2788 1810 2853 1849 ea
2885 1793 3190 1864 intelligere
3238 1811 3360 1866 qua:
3401 1795 3489 1851 di-

155 1878 326 1947 dicat,
359 1883 467 1939 nisi
501 1885 674 1940 Deum
704 1886 923 1941 Patrem
953 1901 1079 1942 esse
1118 1887 1449 1955 Salvatoris,
1479 1897 1535 1943 et
1576 1888 1771 1942 Filium
1804 1901 1851 1959 Β
1879 1899 2108 1956 cuntur,
2139 1897 2193 1943 et
2246 1889 2438 1957 plenus
2467 1887 2757 1942 sanctitate
2785 1897 2948 1957 atque
2999 1885 3298 1957 sapientia,
3335 1889 3489 1959 igno-

155 1983 484 2040 generatum
514 1991 639 2030 esse
666 1992 695 2030 a
727 1977 919 2042 Patre,
955 1977 1058 2032 hoc
1091 1979 1466 2033 tantummodo
1509 1979 1774 2034 debemus

150 2067 363 2124 sentire
390 2069 540 2138 quod
573 2070 835 2136 scriptum
863 2081 968 2124 est.
1005 2071 1069 2124 Et
1096 2081 1320 2124 ostenso
1368 2070 1512 2141 quod
1541 2071 1778 2140 Spiritus

148 2170 380 2216 sanctus
412 2160 693 2216 iucreatus
721 2163 812 2222 sit,
843 2171 1248 2230 consequenter
1281 2164 1605 2230 intelligere,
1631 2167 1775 2233 quod

147 2250 316 2314 cuius
350 2265 471 2304 non
520 2258 608 2304 est
646 2262 828 2305 creata
875 2252 1210 2319 substantia,
1243 2267 1388 2310 recte
1428 2255 1569 2310 Patri
1622 2257 1776 2329 167

142 2340 421 2411 Filioque
453 2341 712 2396 societur.

215 2433 318 2489 63.
372 2433 676 2503 Haecjuxta
708 2435 908 2507 eloquii
935 2437 1104 2492 nostri
1137 2447 1510 2509 paupertatem
1544 2441 1594 2495 in
1633 2457 1773 2512 prse-

152 2525 296 2581 senti
355 2524 511 2579 dicta
555 2525 832 2582 sufficiant
867 2547 878 2581 :
911 2526 937 2565 δ
969 2529 1218 2584 timorem
1266 2547 1446 2586 meum
1469 2574 1484 2599 ,
1528 2533 1670 2603 quod
1707 2534 1778 2590 de

155 2619 365 2689 Spiritu
399 2629 596 2674 sancto
628 2619 777 2690 laqui
808 2636 972 2677 ausus
1004 2621 1103 2677 sim
1126 2665 1140 2689 ,
1169 2625 1487 2680 indicantia.
1518 2628 1777 2693 Quicum-

157 2727 254 2783 que
309 2713 468 2768 enim
524 2714 576 2768 in
631 2729 756 2769 eum
809 2717 1274 2785 blaSpltemavcrit
1304 2736 1318 2772 :
1352 2735 1459 2775 non
1510 2721 1687 2776 solum
1720 2722 1773 2778 in

162 2804 258 2860 hoc
310 2805 526 2860 sazculo
547 2849 561 2874 ,
596 2822 785 2862 verum
835 2810 1000 2864 etiam
1032 2810 1082 2864 in
1117 2810 1297 2866 futuro
1326 2827 1432 2866 non
1461 2811 1774 2870 dimittetur

161 2899 228 2968 ci,
258 2916 359 2956 nec
403 2901 518 2956 ulla
576 2901 949 2959 misericordia
997 2914 1051 2960 et
1083 2906 1236 2960 venia
1285 2907 1657 2964 reservabitur
1694 2909 1772 2964 illi

165 2992 246 3060 qui
283 2995 705 3050 conculcaverit
735 2995 932 3050 Filium
965 2997 1080 3064 Dei,
1115 3007 1169 3053 et
1197 2998 1450 3069 injuriam
1499 2998 1607 3072 [Αι.
1640 3017 1771 3058 con-

1879 1998 2036 2038 scere
2065 1982 2241 2049 nobis,
2270 1982 2439 2036 sicubi
2465 1982 2800 2036 voluntatem
2826 1991 3066 2036 nostram
3101 1997 3208 2036 non
3240 1983 3492 2052 implevit

1879 2074 2138 2140 effectus,
2211 2084 2264 2130 et
2329 2074 2707 2130 tantummodo
2763 2075 3071 2130 consideret
3139 2090 3243 2145 qua
3300 2085 3484 2131 mente

1879 2166 2008 2236 quid
2038 2166 2238 2221 dictum
2268 2168 2358 2230 sit,
2389 2182 2494 2221 non
2527 2168 2722 2238 quibus
2750 2181 3070 2236 expressum
3103 2167 3480 2222 sermonibus.

1881 2255 2038 2311 Sicut
2085 2257 2229 2311 enim
2260 2258 2475 2326 pietatis
2525 2273 2744 2311 sensum
2795 2257 2951 2313 nobis
3005 2257 3288 2311 audaciter
3333 2257 3485 2324 juxta

1821 2371 1824 2374 '
1885 2361 2126 2406 nostram
2156 2352 2542 2406 conscientiam
2593 2350 2968 2416 vindicamus,
3016 2351 3086 2404 ita
3127 2358 3387 2420 quantum
3417 2353 3486 2409 de

1877 2444 2109 2514 eo‘loqui
2139 2445 2397 2516 pertinet,
2427 2453 2763 2500 venustatem
2791 2445 3118 2499 rhetoricam
3151 2443 3480 2500 facundiam-

1880 2554 2006 2609 que,
2049 2537 2199 2607 juxta
2253 2538 2698 2608 conscquentiam
2743 2547 3056 2608 textumque
3106 2537 3410 2600 sermonis.
3456 2537 3482 2572 ἀ

1880 2632 2068 2701 procul
2096 2631 2287 2687 abesse
2314 2631 2639 2701 simpliciter
2665 2632 3012 2685 conﬁtemur.
3060 2629 3238 2685 Studii
3285 2628 3486 2699 quippe

1884 2727 2055 2781 nostri
2104 2725 2225 2790 fuit,
2262 2725 2328 2781 de
2379 2726 2675 2795 Scripturis
2717 2735 2922 2780 sanctis
2951 2723 3366 2783 disserentibus,
3401 2723 3488 2793 pie

1884 2816 2185 2888 intelligere
2213 2833 2334 2887 qu:e
2362 2819 2561 2887 scripta
2593 2827 2757 2883 sunt,
2791 2827 2846 2871 et
2891 2815 3219 2885 imperitiam
3270 2829 3484 2869 trensu-

1883 2925 2110 2984 ramque
2138 2911 2311 2968 nostri
2339 2926 2446 2967 non
2480 2912 2732 2982 ignorare
2762 2912 3054 2968 sermonis.

165 3134 436 3204 etc.;_tum
470 3136 626 3182 certo
650 3143 859 3204 errore,
886 3129 1025 3195 quod
1043 3130 1210 3204 solent
1235 3143 1476 3196 tractare,
1501 3147 1770 3204 praetereo,
1803 3139 1846 3201 C
1883 3141 2014 3193 cavi.

167 3211 257 3322 ἶιὶο
271 3202 514 3281 jactare,
553 3210 644 3253 aut
664 3201 930 3271 factitare,
964 3203 1105 3272 quod
1139 3203 1340 3259 habent.
1366 3201 1768 3262 emendatiores

186 3285 197 3321 l
241 3286 304 3322 τι.

186 3285 304 3324 IDI'I.

233 3347 258 3377 ι
281 3342 425 3414 Male
455 3342 764 3404 obtinebat,
797 3361 902 3397 non
927 3360 1023 3398 sua
1052 3355 1262 3414 natura,
1287 3347 1340 3402 in
1373 3355 1545 3403 recto.
1580 3347 1773 3405 Emen-

169 3409 252 3465 dat
279 3413 455 3471 Vatic.
494 3422 556 3470 et
589 3425 742 3468 vetns
776 3415 976 3468 Etlitio.

231 3480 257 3520 δ
283 3482 508 3555 Reginae
568 3485 703 3539 liber
750 3494 806 3540 et
853 3485 1052 3550 Vatic.,
1086 3488 1318 3542 timorem
1357 3500 1558 3543 tentant
1602 3507 1770 3545 meum

172 3552 218 3606 in
239 3570 315 3622 eo,
343 3552 486 3621 quod
519 3556 587 3610 de
618 3556 822 3624 Spiritu
872 3568 1048 3611 sancto
1096 3557 1237 3628 loqui
1281 3577 1437 3615 ausus
1482 3562 1601 3626 sim,
1634 3564 1773 3617 iudi-

1953 3220 1974 3247 ο
2005 3210 2151 3265 Idem
2183 3209 2319 3282 Reg.
2355 3227 2484 3277 ms.,
2518 3211 2661 3265 nullo
2714 3213 2864 3267 modo
2911 3227 3005 3283 pro
3032 3227 3092 3266 eo
3134 3209 3358 3265 Domino
3388 3211 3479 3264 de-

1879 3293 2139 3351 precante.

1950 3350 1976 3424 ti
2017 3353 2228 3424 Intrusa
2261 3353 2346 3408 hic
2378 3369 2664 3424 perperam
2697 3371 2791 3408 nos
2840 3354 3031 3409 vocula
3053 3397 3066 3418 ,
3096 3369 3291 3410 sensus
3323 3352 3478 3408 labo-

1879 3422 2056 3478 rabat.
2087 3423 2336 3494 Evpuuxi
2366 3422 2490 3489 ουδ’
2516 3426 2720 3480 codicis
2753 3427 2998 3490 Ilegina',
3035 3425 3126 3493 qni
3169 3426 3354 3480 itidem
3385 3440 3479 3480 ex~

1879 3506 2074 3565 puncta
2131 3511 2263 3551 voce
2298 3499 2493 3568 juxta,
2544 3498 2654 3552 fere
2684 3498 3005 3553 concinnius
3055 3497 3182 3566 legit
3230 3498 3478 3568 facundia

1881 3568 2318 3638 consequentiam.

176 3692 3446 3721 Μ

791 3832 903 3903 ΙΝ
984 3833 1632 3922 SEQUENTEM
1709 3836 2129 3910 LIBRUM
2205 3837 2851 3911 ADMONITIO.

1645 4000 2004 4015 ῄ

234 4095 422 4157 Notum
465 4101 715 4159 Luciferi
753 4102 1050 4160 Calaritani
1085 4108 1324 4178 episcopi
1367 4107 1506 4164 hanc
1537 4108 1710 4165 fuisse
1738 4119 1980 4165 mentem
2004 4150 2018 4176 ,
2069 4121 2127 4165 ut
2149 4112 2238 4181 qui
2275 4112 2328 4165 in
2360 4111 2694 4166 Arimineusi
2721 4111 2961 4165 concilio
2987 4108 3208 4162 Arianae
3241 4102 3485 4172 lerlidim

176 4193 606 4268 subscripserant
632 4240 645 4260 .
679 4200 912 4270 amplius
944 4202 1082 4256 inire
1111 4205 1551 4260 communionem
1584 4220 1708 4259 cum
1741 4203 2016 4267 Ecclesia,
2053 4205 2272 4259 tametsi
2305 4205 2659 4273 rmnitentes,
2693 4219 2802 4258 non
2837 4213 3054 4273 possent
3097 4217 3107 4249 :
3145 4211 3315 4265 seque
3347 4197 3484 4253 adeo

179 4284 238 4338 ab
261 4305 443 4348 eorum
477 4307 710 4362 quoque
739 4297 1130 4351 communione
1151 4340 1165 4364 ,
1199 4300 1291 4368 qui
1326 4300 1505 4370 lapsos
1533 4311 1654 4370 post
1684 4298 2117 4355 satisfactionem
2150 4311 2493 4369 receperant,
2523 4303 2740 4371 penitus
2764 4300 3066 4354 abdicasse.
3107 4295 3268 4361 Nam,
3303 4294 3479 4365 inquit

179 4374 438 4448 Sulpicius
468 4385 621 4440 Hist.
657 4383 752 4440 lib.
788 4402 858 4454 ll,
891 4403 1011 4456 cap.
1041 4387 1136 4452 45,
1166 4389 1420 4443 intantum
1441 4406 1530 4443 eos
1556 4391 1642 4459 qui
1666 4390 1885 4444 Arimini
1913 4393 2142 4463 fuerant,
2168 4392 2558 4454 condemnavit,
2595 4402 2649 4444 ut
2695 4407 2748 4442 se
2775 4396 2925 4441 etiam
2957 4387 3021 4440 ab
3044 4402 3219 4440 eorum
3247 4401 3477 4438 commu-

180 4472 315 4529 nione
333 4478 629 4545 secreverit,
662 4479 750 4549 qui
775 4495 862 4534 eos
889 4482 983 4534 sub
1016 4481 1401 4550 satisfactione,
1447 4482 1523 4534 rel
1553 4485 1852 4553 paenitentia
1891 4487 2200 4554 reciperent.
2235 4487 2316 4541 Ex
2347 4501 2415 4540 eo
2446 4485 2914 4540 Luciferianorum
2948 4481 3188 4534 manavit
3219 4479 3477 4546 hmresis,

183 4567 370 4622 temere
392 4570 764 4625 asserentium
797 4571 865 4625 ab
886 4569 1108 4625 Arianis
1135 4612 1150 4636 ,
1185 4576 1241 4624 et
1265 4570 1357 4640 qui
1391 4570 1502 4623 illis
1522 4573 1693 4627 semel
1722 4585 2120 4630 consenserant
2147 4575 2422 4647 episcopis
2443 4617 2458 4639 ,
2494 4591 2601 4629 non
2635 4571 2875 4629 conferri
2907 4571 3168 4641 Spiritum
3203 4583 3484 4644 sanctum,

181 4668 373 4725 eosque
395 4661 460 4715 ab
485 4661 809 4731 episcopatu
840 4675 904 4715 ac
935 4660 1230 4717 sacerdotii
1275 4675 1500 4715 munere
1531 4663 1602 4715 ita
1634 4663 1904 4719 excidisse
1925 4707 1941 4731 ,
1981 4676 2040 4720 ut
2080 4676 2431 4721 sacramenta
2456 4662 2871 4721 administrandi
2910 4661 3224 4717 facultatem
3257 4679 3473 4719 omnem

183 4747 281 4804 illis
309 4751 634 4820 adimerent,
671 4763 838 4822 atque
866 4752 1020 4825 ipsos
1063 4755 1228 4809 etiam
1265 4753 1566 4824 baptizatos
1617 4753 1686 4808 ab
1728 4760 1809 4811 eis
1852 4757 1955 4811 nisi
2003 4772 2103 4827 per
2146 4774 2346 4813 manus
2385 4759 2828 4826 impositionem,
2865 4764 3029 4822 atque
3077 4758 3478 4814 invocationem

186 4839 402 4911 Spiritus
430 4847 637 4915 sancti,
666 4846 880 4902 nollent
910 4847 1218 4917 suscipere.

250 4935 351 4994 Hac
373 4942 436 4998 de
459 4959 521 4998 re
549 4941 889 5011 disputatum
915 4950 1002 4995 est
1037 4941 1109 4995 ali
1132 4940 1331 5008 juaudo
1365 4938 1772 4994 Luciferianum
1804 4940 1949 4995 inter
1977 4948 2142 5008 atque
2182 4938 2561 4994 Orthodoxum
2586 4980 2598 5004 ,
2635 4938 2729 4993 sed
2763 4939 3046 5005 conviciis,
3077 4948 3136 4994 ut
3156 4940 3325 4995 ferme
3349 4955 3480 4994 usu-

188 5032 342 5102 venit,
370 5040 550 5108 magis
584 5051 746 5107 quam
789 5039 1126 5106 argumentis
1171 5047 1399 5104 uterque
1447 5033 1742 5088 altercatus
1767 5077 1781 5100 ,
1826 5033 2207 5087 adversarium
2243 5030 2480 5102 fregerat
2521 5033 2705 5102 potius
2735 5047 2896 5102 quam
2928 5044 3305 5103 superaverat.
3333 5031 3482 5089 Con-

191 5122 371 5184 dictum
403 5144 483 5188 est
509 5133 723 5203 itaque,
755 5143 817 5188 ut
844 5131 1018 5187 altera
1047 5130 1136 5185 die
1161 5128 1540 5195 convenirent,
1571 5128 1745 5199 iisque
1772 5123 2261 5186 contendentibus,
2285 5139 2408 5193 quae
2438 5139 2538 5196 pro
2560 5140 2656 5181 sua
2686 5126 2916 5196 quisque
2959 5141 3124 5182 causa
3157 5126 3398 5193 diceret,
3449 5142 3479 5184 a

195 5213 408 5279 Notariis
435 5235 666 5294 excepta
697 5235 847 5280 sunt.
878 5226 1056 5295 Atque
1092 5222 1146 5278 in
1179 5223 1282 5276 hoc
1310 5219 1530 5290 quidem
1562 5220 1702 5275 libro
1731 5235 1828 5290 per
1858 5217 2141 5286 Dialogum
2185 5214 2282 5269 abs
2313 5213 2647 5288 Hieronymo
2675 5230 3048 5287 exponuntur,
3092 5220 3246 5289 quasi
3287 5221 3355 5275 ab
3401 5219 3482 5274 al-

197 5317 495 5374 tercantium
532 5335 632 5374 ore
680 5319 1136 5388 proficiscantur;
1182 5315 1276 5372 sed
1305 5314 1440 5370 nihil
1468 5315 1692 5371 dubium
1721 5324 1805 5369 est
1853 5330 1880 5366 a
1911 5312 1968 5368 S.
2004 5312 2237 5367 Doctore
2279 5313 2523 5368 studiose
2552 5321 2870 5369 contextum
2899 5328 3036 5384 opus
3080 5325 3243 5384 atque
3271 5312 3484 5381 expoli-

198 5408 293 5461 lum
317 5407 476 5468 fuisse
506 5411 577 5468 ad
606 5411 892 5468 catholicae
919 5410 1172 5468 veritatis
1201 5407 1452 5463 tuendam
1485 5407 1674 5463 iidem.
1703 5405 1838 5460 Nam
1867 5415 1921 5461 et
1950 5416 2102 5478 geSIa
2135 5405 2503 5463 Ariminensis
2528 5403 2751 5462 concilii
2775 5419 3023 5476 magnam
3058 5414 3266 5473 partem
3310 5400 3483 5455 addu-

199 5493 293 5563 cit,
339 5501 508 5575 deque
541 5504 660 5574 ejus
699 5503 968 5572 historia,
1021 5502 1458 5569 Arianorumque
1510 5499 1563 5553 in
1607 5513 1675 5552 eo
1723 5497 1934 5552 artibus
1985 5513 2049 5554 ac
2079 5498 2220 5555 dolis
2269 5500 2535 5572 loquitur,
2586 5516 2762 5572 eoque
2816 5501 2869 5552 in
2921 5496 3112 5566 primis
3161 5494 3303 5564 quod
3357 5494 3485 5551 itsz

199 5592 498 5652 vocabulum
526 5598 593 5652 ad
625 5595 967 5652 sarciendam
999 5611 1191 5668 pacem
1221 5590 1374 5661 rejici
1403 5591 1470 5645 ab
1496 5589 1834 5646 Ortbodoxis
1860 5591 2105 5650 haeretici
2137 5595 2531 5662 obtinuerunt,
2554 5594 2772 5666 quando
2807 5593 2856 5646 in
2887 5590 3103 5644 caeteris
3126 5603 3185 5642 se
3218 5589 3492 5655 ﬁngerent

203 5686 516 5753 consentire;
549 5687 648 5744 sed
679 5697 964 5758 postquam
996 5688 1285 5758 episcopos
1326 5683 1532 5738 nefaria
1579 5682 1989 5752 subscriptione
2019 5686 2108 5742 illa
2139 5686 2522 5749 devinxerant.
2551 5689 2795 5745 fraudem
2836 5681 3174 5752 aperuerint,
3208 5690 3264 5737 et
3295 5699 3392 5750 pro
3419 5699 3484 5747 se

204 5770 461 5859 victoriam
493 5779 862 5846 inclamarint.
897 5781 970 5836 De
1017 5779 1484 5859 baptismo'etiam
1528 5773 2171 5859 haereticoruchpiose
2202 5777 2453 5859 disserit,
2498 5788 2728 5859 tamque
2758 5775 2824 5830 ad
2857 5784 3064 5859 rectum
3118 5789 3344 5851 sensum
3367 5815 3391 5839 ρ.
3435 5793 3500 5842 ιιι

209 5849 373 5924 totum
402 5859 618 5931 tulttlme
647 5858 873 5941 probatu
904 5849 1247 5940 opinionem.
1283 5849 1372 5939 qui
1407 5849 1593 5925 ineunt
1632 5860 1878 5936 qundam
1918 5855 1969 5928 in
2004 5864 2104 5930 hoc
2137 5861 2277 5929 libro
2304 5851 2472 5936 super
2491 5849 2881 5935 hereticorum
2909 5849 3182 5936 baptismo
3218 5867 3274 5926 8.
3337 5857 3484 5934 Doug
