4056 6354
545 428 647 482 135
1794 430 1851 484 s.
1899 398 2137 485 absent

2246 422 2602 487 IIERONYMI
3741 432 3851 490 158

538 548 643 599 tori
677 543 969 609 excidisse,
999 556 1118 613 quae
1152 544 1369 613 ingenio
1400 556 1499 614 per
1528 551 1741 598 aetatem
1769 544 1943 614 magis
1968 543 2197 598 βυιιιοιο
2233 544 2582 614 postmodum
2622 545 2987 600 revocaverit.
3030 545 3164 602 Tale
3186 546 3317 601 illud
3346 547 3512 602 etiam
3545 556 3662 612 est,
3695 548 3847 619 quod

540 636 813 691 Victorius
856 635 1139 699 coniutat,
1199 650 1393 706 nempe
1430 636 1489 691 8.
1541 636 1933 707 Hieronymum
1987 645 2207 707 putasse
2256 641 2621 695 necessariam
2676 656 2799 697 esse
2831 643 2883 696 in
2915 642 3297 698 sacerdotibus
3327 650 3527 697 rectam
3559 644 3756 710 vitam,
3791 650 3853 699 ut

537 730 625 785 vel
655 731 961 791 absolvant,
992 732 1076 784 vel
1107 729 1496 785 eucharistiam
1527 730 1839 785 conficiant.
1883 730 2084 785 Contra
2114 731 2257 785 enim
2300 747 2451 786 num.
2483 736 2783 804 praesertim
2811 729 2845 788 5
2876 732 3182 790 luculenter
3208 736 3514 802 constituit,
3545 745 3604 790 ιιι
3630 738 3675 790 si
3706 736 3846 792 alibi

536 830 873 884 contrarium
905 830 1150 887 videatur
1173 844 1425 887 asserere
1446 873 1460 897 ,
1493 831 1616 887 ideo
1647 831 1841 897 faciat,
1877 846 1946 886 ne
1973 829 2102 885 dum
2134 830 2203 885 de
2234 832 2351 886 sola
2378 831 2482 887 sibi
2521 832 2834 887 sacerdotes
2868 838 3139 901 potestate
3166 830 3583 900 eblandiantur,
3640 840 3850 887 rectam

538 922 761 978 vivendi
790 923 1050 981 deserant
1079 939 1350 987 normam,
1384 933 1441 982 et
1469 925 1614 996 quod
1649 932 1924 995 potestate
1944 931 2293 989 construunt,
2325 925 2583 994 exemplo
2608 926 2916 980 destruant.

608 1013 687 1067 De
709 1029 852 1069 anno
881 1031 988 1086 quo
1010 1030 1151 1085 opus
1182 1017 1324 1071 istud
1354 1016 1708 1079 eiucubrarit,
1737 1031 1843 1070 non
1876 1015 2011 1070 satis
2034 1013 2296 1069 convenit
2320 1014 2465 1069 inter
2494 1014 2759 1069 eruditos.
2792 1014 2928 1070 Illud
2973 1027 3173 1083 nempe
3220 1014 3429 1084 aliquos
3459 1022 3672 1079 movet,
3704 1015 3852 1087 quod

534 1104 590 1161 in
622 1107 895 1164 Chronico
944 1109 1249 1164 Luciferum
1295 1109 1461 1164 multa
1490 1123 1613 1164 cum
1646 1108 1805 1162 laude
1851 1116 2158 1173 memoret,
2214 1121 2392 1177 neque
2422 1108 2493 1162 sit
2531 1122 2665 1162 vero
2692 1109 2873 1164 simile
2920 1108 3040 1178 ejus
3070 1108 3335 1163 celebrari
3366 1111 3730 1163 constantiam
3784 1124 3851 1166 ac

538 1199 727 1266 ﬁdem,
760 1200 915 1269 cujus
939 1201 1291 1267 Sententiam,
1327 1202 1493 1255 immo
1524 1215 1772 1256 errorem
1806 1198 1956 1254 edito
1989 1200 2129 1254 lii-ro
2157 1201 2473 1271 impugnat,
2509 1200 2613 1255 nisi
2646 1200 2692 1254 si
2726 1200 2865 1255 llber
2896 1201 2999 1255 iste
3020 1241 3032 1265 ,
3072 1202 3124 1253 in
3150 1215 3258 1271 quo
3292 1202 3432 1255 male
3461 1200 3635 1267 audit,
3666 1200 3762 1257 illo
3794 1204 3852 1258 in

537 1309 646 1365 quo
678 1292 836 1359 bene,
871 1296 1149 1364 posterior
1175 1300 1264 1349 sit.
1294 1294 1661 1364 Quamobrem
1694 1310 1816 1349 cum
1850 1309 1992 1348 anno
2018 1293 2124 1349 380
2151 1294 2466 1349 Chronicon
2501 1295 2670 1351 ﬁnisse
2698 1298 3070 1367 conscriptum
3107 1303 3345 1364 constet,
3382 1299 3665 1370 Dialogum
3696 1300 3847 1356 hunc

541 1398 663 1458 post
689 1403 808 1441 eam
842 1390 1104 1457 temporis
1132 1390 1465 1443 notationem
1506 1386 1719 1441 differri
1749 1386 1956 1441 volunt.
2001 1384 2111 1442 Sed
2144 1387 2279 1441 nihil
2306 1401 2430 1442 esse
2459 1386 2770 1457 hujnsmodi
2792 1397 3172 1459 argumentum
3204 1388 3390 1443 videas
3417 1430 3431 1455 ,
3482 1391 3525 1445 si
3584 1390 3673 1445 illa
3728 1392 3845 1462 ipsa

537 1490 690 1536 recte
718 1481 1050 1549 expenderis
1091 1481 1421 1545 testimonia,
1451 1488 1505 1533 et
1536 1480 1707 1533 multa
1731 1492 1857 1533 esse
1904 1479 2048 1533 scias
2074 1518 2088 1541 ,
2122 1493 2243 1547 quae
2278 1479 2329 1531 in
2362 1476 2617 1533 Lucifero
2665 1478 3025 1550 Hieronymus
3079 1478 3415 1550 suspiciebat
3449 1496 3461 1532 ε
3493 1496 3593 1535 nec
3625 1481 3849 1552 proprie

538 1571 716 1640 ipsum
750 1574 1098 1643 episcopum,
1132 1571 1225 1627 sed
1259 1574 1374 1639 ejus
1396 1570 1656 1635 asscclas,
1685 1570 1776 1639 qui
1806 1568 1924 1639 ejus
1951 1568 2173 1623 nomine
2197 1568 2263 1621 ad
2296 1569 2507 1623 erroris
2538 1568 2899 1638 patrocinium
2930 1569 3322 1633 abutebantur,
3349 1569 3679 1641 impugnari.
3712 1572 3850 1628 Nam

540 1677 593 1721 et
625 1666 728 1719 hoc
759 1666 879 1733 ipso
912 1665 964 1718 in
1002 1664 1139 1719 libro
1170 1666 1306 1719 hcne
1336 1663 1486 1717 audit
1515 1661 1756 1728 Lucifer,
1792 1670 1848 1715 ut
1880 1660 1985 1715 illis
2017 1660 2233 1727 verbis,
2263 1660 2432 1731 Cogor
2456 1661 2521 1714 de
2566 1660 2732 1716 Beato
2776 1661 3023 1734 Lucifero
3063 1678 3208 1717 secus
3249 1664 3555 1735 quidquam,
3600 1682 3756 1736 quam
3800 1678 3853 1723 ot

537 1757 683 1812 illius
707 1758 962 1825 meritum,
1016 1768 1064 1812 et
1086 1773 1199 1810 mea
1238 1757 1537 1810 humanitus
1582 1756 1776 1826 poscit,
1807 1754 2114 1807 existimare.
2150 1752 2230 1806 Ex
2259 1754 2403 1808 serie
2432 1762 2616 1808 autem
2644 1763 2700 1809 et
2723 1754 2865 1821 loco,
2896 1770 3003 1826 quo
3036 1756 3089 1811 in
3120 1756 3380 1828 Cataiogo
3408 1759 3476 1812 ah
3504 1758 3625 1828 ipso
3653 1761 3850 1818 Hiero-

542 1866 706 1922 nymo
735 1859 993 1906 censetur
1022 1848 1105 1904 hic
1137 1849 1293 1912 liber,
1323 1857 1379 1904 et
1400 1848 1677 1903 Chronico
1727 1847 1976 1916 proxime
2005 1844 2319 1914 praecedere
2349 1861 2474 1900 eum
2507 1846 2675 1916 liquet
2702 1888 2714 1910 ,
2748 1846 2865 1902 sive
2899 1862 3099 1903 annum
3127 1848 3234 1904 580
3264 1858 3615 1907 antevenere
3635 1895 3648 1917 ,
3684 1863 3741 1909 et
3765 1868 3855 1909 re»

541 1945 683 1999 lictaa
715 1945 1027 2000 solitudinis
1057 1944 1347 2015 epocham,
1373 1943 1487 1997 sive
1517 1957 1645 1996 ann.
1680 1939 1806 2005 579,
1842 1949 1899 1993 ιιι
1935 1942 1987 1994 in
2022 1938 2442 2010 Chronologicls
2490 1940 2864 2011 Epistolarum
2897 1944 3238 2011 argumentis
3262 1952 3507 1998 notatum
3536 1955 3652 2013 est,
3686 1962 3853 2016 supe-

537 2052 680 2093 rare.
710 2039 887 2092 Facile
910 2037 1073 2108 igitur
1098 2037 1214 2106 ipso
1236 2050 1384 2089 anno
1418 2034 1544 2098 579,
1574 2048 1683 2104 quo
1710 2047 1740 2087 e
1767 2030 2042 2087 Chalcidis
2074 2047 2263 2087 eremo
2294 2032 2541 2103 fugiens,
2571 2033 2877 2088 Antiochiae
2907 2033 3171 2102 substitit,
3204 2034 3397 2091 librum
3418 2043 3691 2107 exaravit,
3726 2052 3851 2097 nam

541 2141 595 2186 et
624 2131 923 2187 Antiochiae
955 2131 1338 2187 aniierianus
1367 2137 1527 2199 atque
1555 2126 1909 2183 Orthodoxus
1939 2126 2192 2182 altercati
2223 2135 2371 2194 sunt,
2396 2138 2449 2184 et
2470 2130 2727 2200 proxime
2756 2130 2823 2185 ab
2851 2130 2942 2186 illa
2968 2132 3323 2189 altercatione
3354 2134 3598 2192 scribere
3621 2150 3684 2192 se
3716 2135 3850 2192 Hie-

539 2238 804 2294 ronymus
836 2224 1147 2299 profitetur.
3743 2228 3749 2233 ’

1144 2531 1288 2647 S.
1368 2530 2090 2648 EUSEBII
2164 2539 3247 2657 HIEBONYMI

1656 2753 2227 2823 STRIDONENSIS
2270 2755 2766 2820 PRESBYTER]

544 2918 570 2947 ⁸
624 2919 1559 3050 DIALOGUS
1643 2916 2405 3050 CONTRA
2499 2922 3835 3061 LUCIFERIANOS.

3706 2398 3839 2415 Μ

619 3308 668 3361 i.
719 3307 874 3380 171
902 3306 930 3345 ι)
973 3305 1229 3362 Proxime
1251 3304 1467 3367 accidit,
1494 3314 1550 3359 ut
1579 3304 1685 3377 [Αι.
1714 3302 1884 3378 quod]
1914 3306 2136 3378 quidam
2164 3314 2211 3372 Α
2245 3308 2317 3361 ita
2364 3308 2577 3363 cunctis
2627 3306 3000 3364 residentibus
3021 3350 3037 3377 ,
3091 3302 3398 3366 HELLADIUS
3452 3307 3852 3371 LUCIFERIANUB

543 3400 786 3457 Luciferi
817 3409 1054 3456 sectator
1075 3439 1088 3463 ,
1122 3415 1245 3454 cuin
1276 3398 1384 3453 alio
1416 3398 1672 3454 Ecclesia
1701 3398 1921 3452 alumno
1951 3397 2139 3453 odiosa

542 3495 879 3566 loquacitate
928 3493 1300 3557 contendens,
1345 3493 1595 3546 caninam
1630 3490 1933 3547 facundiam
1985 3507 2143 3547 exer-

539 3590 720 3644 cuerit
749 3586 902 3657 [Mss
943 3584 1228 3658 exercuit].
1264 3583 1559 3641 Asserebat
1595 3586 1795 3655 quippe
1827 3586 2141 3649 uncht‘sum

542 3681 804 3736 mundum
848 3694 972 3734 esse
1006 3679 1235 3742 diaboli,
1284 3689 1337 3732 et
1382 3686 1439 3731 ut
1464 3677 1574 3753 jam
1632 3678 1901 3732 familiare
1951 3686 2033 3732 est
2062 3679 2141 3733 eis

545 3776 752 3841 dicere,
797 3774 999 3828 factum
1052 3772 1121 3827 de
1163 3772 1406 3827 Ecclesia
1442 3771 1686 3841 lupanar.
1714 3770 1783 3825 At
1818 3772 1906 3826 ille
1936 3787 1967 3826 e
2006 3786 2139 3827 con-

544 3868 737 3935 trario,
770 3865 1174 3922 rationabiliter
1203 3864 1455 3937 qutdem,
1482 3865 1576 3923 sed
1607 3864 1921 3940 importuno
1944 3876 1999 3925 ιιι
2021 3867 2142 3927 loco

544 3972 601 4018 et
631 3974 875 4032 tempore
896 4006 910 4030 ,
945 3962 1271 4017 defendebat
1304 4004 1317 4027 ,
1371 3978 1479 4017 non
1508 3963 1628 4017 sine
1672 3977 1834 4018 causa
1866 3961 2139 4016 Christum

543 4066 819 4112 mortuum
852 4056 1041 4121 fuisse,
1070 4072 1167 4111 nec
1197 4056 1267 4111 ob
1296 4055 1596 4112 Sardorum
1628 4063 1838 4109 tantum
1866 4067 1887 4094 ο
1911 4063 2141 4109 mastru-

542 4165 659 4203 cam
695 4150 785 4204 ltei
821 4148 1022 4204 Filium
1043 4149 1415 4205 descendisse.
1441 4148 1581 4217 Quid
1613 4148 1802 4218 plura?
1831 4148 1960 4205 dum
1991 4144 2017 4184 ά
2044 4162 2140 4205 au-

543 4242 803 4298 dientiam
843 4252 898 4297 et
926 4243 1189 4298 circulum
1221 4242 1423 4297 lumina
1450 4241 1563 4312 jam
1598 4242 1651 4297 in
1684 4242 1878 4312 plateis
1910 4256 2141 4298 accensa

547 4335 863 4401 solverent,
921 4345 976 4390 et
1020 4334 1351 4390 inconditam
1382 4333 1812 4405 disputationem
1840 4350 1945 4391 nox
1972 4335 2142 4394 inter~

543 4441 845 4499 rumperet,
872 4439 1142 4501 consputa
1165 4444 1303 4499 pene
1332 4429 1559 4484 invicem
1582 4428 1741 4495 facie,
1768 4439 2137 4486 recesserunt.

541 4523 657 4579 Hoc
686 4534 863 4578 tamen
896 4523 977 4579 his
999 4525 1091 4591 qtti
1122 4523 1396 4579 aﬂuerunt
1423 4522 1825 4590 statuentibus,
1864 4534 1922 4580 ut
1971 4524 2022 4580 in
2050 4539 2138 4580 se-

544 4626 748 4670 cretam
809 4616 1077 4685 porticum
1118 4616 1295 4686 primo
1344 4631 1503 4670 mane
1548 4616 1937 4673 conveniretur
1975 4634 1989 4672 :
2032 4631 2141 4687 quo

2245 3400 2380 3456 dixit
2415 3401 2567 3456 :Hoc
2620 3404 2854 3472 primum
2908 3402 3041 3457 milii
3086 3403 3407 3475 responderi
3454 3404 3612 3468 volo,
3666 3410 3847 3457 utrum

2244 3493 2431 3547 Ariani
2463 3491 2762 3549 Christiani
2796 3496 2928 3561 sint,
2961 3510 3028 3548 an
3058 3494 3214 3552 non?
3246 3504 3270 3531 θ
3300 3493 3685 3550 Ott'rnonoxvs.
3735 3491 3847 3564 Ego

2246 3584 2369 3654 plus
2395 3627 2408 3651 ,
2459 3583 2670 3654 inquit,
2723 3584 3038 3657 interrogo,
3095 3598 3353 3649 utrumne
3379 3603 3572 3651 omnes
3605 3587 3847 3647 haeretici

2244 3678 2539 3735 Christiani
2578 3681 2726 3736 sint?
2756 3681 2815 3735 L.
2851 3681 3007 3749 dixit,
3044 3681 3217 3759 Quem
3250 3683 3568 3737 hzereticum
3599 3681 3842 3749 dixeris,

2243 3772 2614 3829 Christianum
2647 3775 2875 3845 negasti.
2914 3774 2977 3828 0.
3004 3775 3162 3840 dixit,
3196 3774 3403 3830 Omnes
3431 3790 3563 3843 ergo
3605 3774 3845 3829 lueretici

2242 3863 2536 3925 Christiani
2595 3882 2702 3923 non
2749 3866 2911 3928 sunt?
2943 3866 3006 3929 L.
3043 3866 3165 3929 Iam
3207 3868 3468 3938 superius
3516 3866 3737 3921 audiSIi.
3775 3863 3843 3920 ο.

2247 3954 2304 4011 Si
2332 3956 2530 4012 Christi
2565 3973 2673 4012 non
2705 3968 2868 4025 sunt,
2901 3958 3108 4013 diaboli
3140 3968 3287 4013 sunt.
3317 3957 3380 4012 L.
3404 3957 3577 4014 Nemo
3608 3955 3841 4012 dubitat.

2248 4048 2313 4102 0.
2345 4048 2402 4103 Si
2433 4060 2612 4105 autem
2636 4051 2840 4105 diaboli
2869 4058 3027 4117 sunt,
3054 4052 3210 4124 172
3236 4051 3375 4106 nihil
3402 4052 3569 4106 refert
3598 4050 3843 4107 haeretici

2243 4142 2373 4207 sint,
2398 4156 2463 4201 au
2482 4144 2736 4212 gentiles.
2759 4142 2823 4200 L.
2848 4142 2966 4199 Non
2992 4144 3205 4203 refello.
3234 4142 3299 4199 0.
3324 4144 3492 4214 igitur
3516 4145 3679 4201 lixam
3703 4144 3848 4201 inter

2245 4250 2347 4297 nos
2378 4234 2663 4302 habemus,
2691 4236 2761 4297 de
2795 4235 3058 4295 limretico
3080 4237 3157 4292 sic
3187 4236 3516 4307 loquendum
3539 4276 3553 4303 ,
3595 4237 3736 4299 sicut
3767 4235 3842 4299 ds

2243 4331 2453 4404 gentili.
2502 4331 2565 4392 L.
2608 4332 2776 4388 Plane
2819 4331 3009 4391 fixum.
3045 4332 3111 4389 0.
3152 4331 3347 4400 Quaere
3376 4348 3520 4388 nunc
3559 4341 3617 4393 ut
3666 4334 3833 4403 libet.

2242 4428 2503 4499 quoniam
2529 4428 2672 4489 inter
2706 4443 2804 4485 nos
2829 4436 3076 4495 constat,
3108 4427 3396 4487 haereticos
3424 4427 3655 4496 gentiles
3688 4444 3835 4491 esse.

2243 4520 2306 4577 L.
2336 4519 2490 4589 Quod
2521 4521 2870 4592 interrogatio
2894 4534 3011 4579 mea
3044 4534 3240 4590 cogere
3267 4519 3482 4579 volebat
3506 4534 3836 4587 expressum

2244 4624 2347 4679 est,
2409 4613 2704 4671 haereticos
2752 4611 3097 4671 Christianos
3130 4627 3237 4668 non
3282 4626 3426 4673 esse.
3457 4610 3613 4669 Nunc
3667 4624 3844 4675 restat

540 4719 663 4759 cum
720 4706 876 4774 juxta
926 4709 1182 4777 placitum
1239 4722 1435 4762 omnes
1492 4706 1918 4772 convenissent,
1968 4708 2141 4765 visunt
2174 4709 2222 4769 Β
2249 4706 2549 4765 conclusio.
2583 4704 2643 4763 Si
2675 4706 2855 4765 Ariani
2889 4704 3127 4762 hmretici
3160 4712 3288 4763 sunt
3313 4746 3326 4770 ,
3350 4712 3407 4766 et
3435 4703 3678 4765 haeretici
3718 4722 3837 4765 om.

542 4807 627 4852 est
661 4801 940 4870 utriusque
972 4815 1278 4856 sermonem
1310 4816 1339 4854 a
1372 4799 1602 4854 notariis
1625 4799 1829 4870 excipi.

612 4892 665 4946 ‘2.
698 4891 778 4947 De
807 4893 1047 4948 hwretico
1091 4894 1406 4965 loquendum
1444 4904 1498 4946 ut
1530 4892 1594 4947 de
1632 4892 1832 4966 gentili.
1859 4922 1927 4934 —
1955 4892 2133 4962 Atque

613 5064 638 5129 εξ
681 5054 820 5129 Edd.
856 5056 1189 5129 Martigenam
1218 5058 1451 5119 Vallars.
1484 5057 1686 5129 habent
1712 5074 1725 5112 :
1750 5055 1943 5129 Incipit
1969 5056 2140 5119 Alter:

538 5126 673 5199 cutio
697 5125 1017 5199 Luciferiani
1038 5138 1086 5180 et
1111 5127 1422 5199 Orthodoxi,
1439 5148 1469 5181 (ι
1494 5130 1554 5183 S.
1580 5125 1899 5199 Hieronymo
1920 5130 2134 5197 scripta.

545 5197 699 5247 lintr.
724 5226 796 5270 —;
821 5198 984 5270 Vetus
1023 5198 1194 5270 Codex
1225 5215 1326 5253 ms.
1358 5199 1626 5255 Snrhnnae
1656 5197 1977 5270 scqtfeutem
2008 5199 2137 5253 rell-

542 5274 637 5321 net
682 5268 1014 5343 epigraphun
1044 5266 1459 5343 :_Inripit_h‘pla
1500 5266 1807 5343 Hieronymi
1856 5271 2135 5342 presbyteri

541 5345 787 5391 (inversus
846 5336 1224 5405 Luciferiauos.
1293 5341 1497 5399 Deinde
1554 5336 1721 5399 hunc-
1758 5336 2072 5407 contextum
2119 5360 2130 5395 :

540 5410 792 5464 Proxime
816 5409 1043 5466 accessit
1075 5410 1445 5474 Luciferiauus
1471 5414 1697 5473 haeresis
1723 5423 1981 5479 sectator,
2010 5428 2131 5477 cum

538 5480 715 5554 aliquo
748 5480 1009 5536 Ecclesim
1046 5484 1263 5537 alumno
1302 5486 1492 5541 odiosa
1541 5485 1866 5554 loquacitate
1910 5494 2135 5539 conten-

538 5552 691 5616 dens,
716 5563 822 5609 etc.
1614 5552 1625 5554 “
1752 5557 2023 5610 Maurum.

608 5622 634 5660 δ
676 5626 1050 5680 (.iuniacensis
1094 5625 1285 5689 codex,
1319 5625 1567 5682 Proxime
1602 5627 1813 5691 accidit,
1844 5629 1982 5697 quod
2020 5629 2135 5697 qui?

539 5693 660 5747 dam
692 5696 917 5767 Luciferi
944 5708 1166 5754 sectator
1188 5714 1301 5753 cum
1332 5699 1437 5755 alio
1475 5698 1721 5759 Ecclesia:
1758 5693 1991 5767 alumno,
2022 5693 2128 5763 etc,

1750 5769 2022 5827 ΜΑιιτιΑΝ.

617 5852 639 5879 ο
680 5841 1385 5917 NotatumALexicograpltis
1409 5862 1633 5903 nomen.
1664 5847 1991 5905 Theodorus
2018 5852 2133 5907 Ma-

533 5917 715 5967 smico
739 5915 887 5968 vestis
918 5914 1109 5971 Sardo.
1151 5914 1233 5985 Ᾱι.
1268 5914 1567 5991 'Mastruga.
1600 5919 1949 5977 Prudentius.

2245 4814 2341 4857 nes
2364 4800 2595 4871 gentiles
2623 4806 2779 4861 sunt,
2814 4805 2871 4854 et
2898 4797 3083 4852 Ariani
3112 4798 3346 4871 gentiles
3374 4805 3520 4857 sunt.
3554 4797 3613 4854 Si
3644 4808 3833 4861 autem

2243 4893 2425 4949 Ariani
2455 4890 2686 4963 gentiles
2709 4898 2841 4949 sunt
2865 4929 2879 4955 ,
2922 4898 2977 4953 et
3012 4896 3229 4945 constat
3267 4888 3471 4951 nullam
3514 4891 3838 4955 societatem

2341 5054 2547 5110 Solvere
2571 5054 2823 5111 Mastrucis
2846 5066 3099 5118 proceres,
3129 5055 3313 5103 vestire
3338 5052 3572 5119 Togatos.

2248 5139 2512 5209 Apposite
2537 5153 2668 5193 vero
2693 5136 2744 5191 in
2771 5138 2959 5209 primis
2980 5136 3350 5209 Quintilianus
3376 5136 3557 5209 Ιιιιζιι,
3582 5151 3707 5205 cap.
3732 5138 3803 5194 10
3826 5156 3840 5193 :

2248 5207 2591 5280 Mu‘strugam,
2632 5207 2779 5280 quod,
2811 5208 3038 5265 Sardum
3071 5218 3165 5273 est,
3202 5208 3428 5280 illudens
3459 5207 3637 5262 Cicero
3668 5225 3732 5262 ex
3762 5211 3844 5263 in-

2245 5282 2446 5336 dustria
2462 5279 2622 5336 dixit.
2646 5279 2650 5280 ⁷
2674 5282 2931 5337 Paulinus
2972 5294 3191 5349 quoque
3231 5279 3467 5335 Macario
3505 5280 3657 5348 inops
3687 5279 3841 5334 babi-

2245 5364 2412 5418 tus,et
2443 5353 2715 5425 Mastruga
2730 5350 3249 5425 ﬁnierunt—Mss.
3274 5350 3491 5409 Codices
3514 5352 3699 5425 lvguut
3715 5368 3836 5425 nta-

2244 5434 2498 5496 stragem.
2550 5422 2679 5481 liru't
2719 5422 3419 5496 tuastrttcavestimentum
3448 5438 3531 5496 _ex
3580 5422 3837 5496 pellibus,

2243 5491 2562 5552 sivevferina
2593 5495 2763 5550 vestis
2795 5495 2933 5549 male
2969 5492 3142 5562 olens,
3177 5506 3284 5563 qua
3326 5491 3497 5617 Sard‘i'
3520 5493 3834 5548 utebantur.

3503 5578 3725 5618 anrmt.

2300 5637 2340 5724 ,σι
2378 5638 2438 5695 ιιι
2483 5638 2689 5709 aliquot
2729 5636 2883 5697 libris
2921 5636 3042 5697 dum
3089 5634 3411 5695 audientium
3757 5635 3841 5693 ht-

2242 5722 2549 5837 m'ga’vgi‘ﬁ's
2578 5779 2752 5835 editio
2784 5776 3171 5848 Hieronymum
3206 5775 3381 5848 ipsum
3406 5773 3837 5848 su_l_tg0rthodoxi

2241 5868 2472 5924 persona
2505 5854 2811 5925 loquentem
2838 5843 3070 5905 inducit.
3099 5847 3433 5902 Orthodoarus
3453 5843 3833 5917 Hieronymus,

2158 5915 2207 5980 C
2234 5915 2351 5997 Ego,
2375 5934 2481 5979 etc.
