4056 6296
211 306 292 362 1δῖ
1217 295 1564 354 DlALOGUS
1601 293 1879 350 CONTRA
1919 292 2443 351 LUCIFERIANOS.

3372 289 3473 345 νε

216 415 441 471 licrlcsiw
470 428 596 469 esse
624 428 747 469 cum
776 412 1011 475 Arionis,
1044 410 1097 465 id
1118 424 1201 466 est
1224 453 1240 475 ,
1285 426 1410 466 cum
1437 409 1740 479 gentilibus
1763 451 1777 473 ,
1806 411 1854 470 Α
1880 411 2279 479 compendium
2311 410 2764 473 concertationis,
2796 411 2981 463 tribuo
3014 410 3160 480 quod
3198 410 3434 478 loslulas
3468 425 3482 461 τ

215 506 529 562 manifestum
561 515 647 561 est
687 513 920 560 vestram
958 502 1263 559 Ecclesiatu
1294 517 1415 571 qua
1438 501 1509 555 ab
1532 501 1773 565 Arianis,

210 597 252 653 id
280 606 389 664 est,
422 613 455 653 a
485 596 815 666 gentilibus,
846 596 1131 665 episcopos
1171 594 1442 664 suscipit,
1504 608 1613 648 non
1666 604 1775 648 ta-

207 692 471 764 episcOpos
504 690 772 759 recipere,
804 706 967 758 quam
995 689 1064 744 de
1102 688 1376 759 Capitolio
1412 689 1728 744 sacerdotes
1757 705 1774 745 :

204 798 263 839 ac
280 798 373 854 per
396 784 499 838 hoc
528 783 841 838 Antichristi
868 784 1041 853 magis
1060 797 1358 853 synagoga,
1388 797 1549 853 quam
1572 782 1775 837 Christi

204 874 440 932 Ecclesia
469 875 663 931 debeat
691 875 1010 943 nuncupari.

263 968 310 1024 5.
353 966 707 1023 Euchariston.
732 997 803 1008 —
833 966 900 1021 0.
934 967 1073 1023 Ecce
1096 967 1319 1035 impleta
1343 978 1430 1022 est
1457 966 1773 1037 prophetia:

204 1061 405 1118 Paravit
434 1062 568 1117 mihi
606 1061 818 1116 foveam
846 1103 861 1127 ,
916 1074 976 1117 et
1021 1062 1138 1131 ipse
1184 1061 1381 1116 incidit
1434 1062 1487 1115 in
1534 1077 1677 1115 eam.
1714 1060 1775 1115 L.

204 1154 428 1224 Quonam
462 1154 657 1211 modo?
690 1154 756 1209 0.
788 1154 847 1209 Si
871 1153 1079 1218 Ariani,
1110 1164 1165 1208 ut
1188 1154 1348 1217 dicis,
1372 1154 1602 1223 gentiles
1629 1162 1778 1219 sunt,

202 1256 250 1303 et
272 1248 597 1303 Arianorum
627 1248 1009 1302 conventicula
1033 1257 1210 1301 castra
1233 1255 1363 1301 sunt
1388 1246 1617 1312 diaboli,
1645 1260 1783 1315 quo-

202 1339 346 1396 modo
372 1344 426 1395 in
457 1342 656 1396 castris
680 1339 887 1394 diaboli
912 1340 1242 1409 baptizatum
1268 1339 1510 1409 recipis?
1534 1337 1597 1391 ι.
1623 1337 1780 1393 Reci-

201 1434 315 1502 pio,
360 1434 455 1488 sed
493 1434 867 1501 pmnitentem.
902 1432 967 1486 0.
998 1432 1229 1487 Prorsus
1256 1433 1386 1504 quid
1435 1434 1587 1487 dicas
1611 1474 1625 1497 ,
1672 1446 1779 1487 non

198 1525 467 1597 intelligis.
489 1527 861 1597 Quisquamne
886 1527 1146 1597 gentilem
1167 1527 1369 1597 recipit
1387 1526 1783 1597 peuitcntem?

198 1617 260 1675 Ι..
291 1619 396 1689 Ego
421 1621 747 1690 simpliciter
790 1622 846 1676 iu
876 1621 1104 1676 exordio
1134 1622 1408 1675 sermonis
1439 1634 1629 1674 omnes
1673 1619 1781 1674 lla:-

194 1712 389 1768 reticos
414 1715 647 1783 gentiles
677 1729 802 1770 esse
830 1714 1113 1783 reSpondi.
1149 1716 1351 1770 Verum
1382 1715 1508 1784 quia
1535 1714 1779 1784 captiosa

1880 517 1982 558 nec
2024 520 2111 559 me
2154 504 2357 574 pigebit
2395 504 2569 558 locum
2610 514 2661 557 te
2708 502 2981 565 lactente,
3028 516 3249 557 manum
3303 514 3473 555 tecum

1879 608 2193 650 conserere.
2228 595 2452 662 Expone
2475 595 2629 657 milii,
2656 609 2824 665 quare
2856 595 3049 648 laicum
3081 596 3394 648 venientem
3419 595 3483 649 ab

1880 692 2099 747 Ariauls
2127 692 2379 760 recipias,
2414 691 2732 759 episcopum
2764 704 2872 743 non
2906 689 3184 758 recipias?
3234 687 3296 742 ι.
3330 686 3486 743 lli-ci-

1880 788 1968 857 pio
2002 786 2197 839 laicum
2225 826 2238 847 ,
2271 787 2362 854 qui
2392 799 2608 837 errasse
2639 798 2699 837 sc
2743 784 3067 841 conﬁtetur:
3119 790 3173 833 et
3216 781 3478 835 Dominus

1880 881 2085 935 mavult
2118 879 2494 948 penitentiam
2526 878 2829 947 peccatoris
2853 919 2866 939 ,
2910 892 3069 946 quam
3103 884 3357 928 mortem.
3407 875 3474 927 0.

1882 984 1906 1012 ε
1945 974 2145 1040 Recipe
2173 986 2305 1041 ergo
2331 980 2385 1026 et
2413 972 2756 1041 episcopum,
2788 972 2876 1037 qni
2914 978 2963 1021 et
2999 982 3219 1022 errasse
3260 984 3319 1019 se
3350 981 3481 1020 con-

1882 1068 2087 1127 litetur.
2114 1076 2168 1121 et
2203 1066 2460 1119 Dominus
2490 1065 2695 1117 mavult
2724 1062 3099 1133 pmoitcntiam
3132 1060 3433 1129 [recc-storis
3461 1101 3475 1123 ,

1883 1173 2044 1229 quam
2070 1172 2322 1212 mortem.
2358 1156 2419 1210 L.
2449 1156 2504 1211 Si
2527 1171 2746 1210 errasse
2772 1172 2829 1209 se
2854 1154 3169 1217 contuetur,
3206 1150 3365 1224 174
3384 1168 3480 1207 cur

1883 1251 2174 1318 episc0pus
2198 1248 2549 1319 perseverat?
2576 1248 2813 1316 deponat
2857 1247 3243 1311 sacerdotimn,
3276 1261 3477 1300 conce-

1883 1341 1954 1397 do
2003 1344 2216 1396 veniam
2264 1342 2567 1411 pmnitcnti.
2625 1340 2687 1393 0.
2719 1339 3083 1409 Respondebo
3130 1340 3222 1391 tibi
3270 1348 3323 1392 et
3375 1352 3475 1405 ego

1884 1436 2229 1490 sermonibus
2248 1436 2371 1487 tuis.
2401 1433 2457 1488 Si
2483 1433 2650 1485 laicus
2676 1447 2888 1486 errasse
2911 1449 2967 1485 se
2996 1431 3312 1495 coniltetur,
3346 1444 3483 1495 quo-

1883 1530 2046 1584 modo
2076 1530 2246 1582 laicus
2281 1528 2633 1596 perseverat?
2660 1529 2895 1598 deponat
2917 1523 2941 1561 ι¹
2972 1525 3338 1579 sacerdotium
3383 1524 3479 1579 lai-

1881 1624 1950 1687 ci,
1986 1622 2035 1676 id
2070 1632 2174 1687 est,
2232 1621 2493 1691 baptisma
2524 1663 2537 1685 ,
2569 1630 2622 1675 et
2650 1636 2749 1689 ego
2781 1620 2854 1674 do
2903 1620 3118 1673 veniam
3164 1617 3472 1689 pmnitenti.

1886 1716 2158 1785 Scriptum
2192 1726 2273 1769 est
2316 1716 2459 1769 enim
2490 1732 2503 1768 :
2536 1714 2771 1786 Regnum
2804 1731 3000 1783 quoque
3033 1731 3124 1767 nos
3154 1726 3198 1767 ct
3228 1712 3473 1765 sat-mlo-

192 1805 543 1874 interrogatio
573 1806 697 1872 fuit,
717 1806 907 1876 prima:
928 1808 1245 1877 quaSIionis
1276 1807 1371 1861 tibi
1407 1808 1641 1876 palmam
1667 1817 1777 1859 tra-
1807 1812 1851 1871 Β
1882 1822 1953 1864 tes
1983 1824 2003 1845 θ
2034 1809 2141 1864 Deo
2179 1808 2326 1862 Patri
2353 1828 2443 1863 suo
2476 1813 2590 1879 fecit
2622 1811 2803 1880 (Apoc.
2838 1825 2877 1867 t.
2906 1812 2978 1877 6).
3010 1810 3069 1861 lit
3099 1811 3311 1871 iterum,
3342 1809 3480 1859 (ἐθη-

192 1898 337 1964 dens,
372 1899 529 1970 17³
554 1900 621 1955 ad
653 1902 950 1955 secundum
986 1902 1201 1955 veniam
1234 1903 1286 1955 in
1311 1916 1413 1971 qua
1446 1904 1537 1953 aio
1582 1900 1776 1955 laictnn

188 1991 253 2045 ab
304 1991 529 2047 Ariauis
578 1995 890 2047 venientem
936 1995 1103 2063 recipi
1140 1995 1342 2048 debere
1382 1994 1736 2063 pmoitentem
1762 2034 1777 2059 ,

184 2083 445 2139 clericum
467 2099 602 2137 vero
630 2099 740 2138 non
762 2083 988 2139 debere.
1026 2084 1092 2138 0.
1125 2084 1289 2154 Atqui
1322 2086 1374 2138 in
1400 2086 1572 2154 prima
1603 2099 1783 2150 quas-

184 2175 336 2229 tione
365 2190 529 2244 quam
574 2174 880 2229 obtinuisse
921 2190 1006 2229 me
1051 2174 1187 2229 dicis
1214 2216 1229 2239 ,
1280 2176 1442 2229 etiam
1488 2176 1781 2230 secundam

179 2267 423 2323 obtinui.
460 2266 524 2325 L.
561 2267 705 2322 Doce
740 2267 1013 2338 quomodo
1038 2268 1367 2323 obtinueris.
1419 2268 1487 2323 0.
1516 2267 1703 2323 Nescis
1731 2278 1787 2324 et

182 2359 357 2413 laicos
382 2366 438 2413 et
466 2358 701 2414 clericos
732 2374 896 2415 unum
925 2361 1131 2415 habere
1153 2360 1458 2425 Christum,
1489 2376 1591 2415 nec
1618 2362 1782 2415 alium

184 2450 517 2521 necpbytis,
572 2452 742 2509 alium
789 2454 1059 2523 episcopis
1100 2469 1222 2508 esse
1268 2454 1476 2509 Deum!
1515 2452 1629 2509 Cur
1658 2468 1785 2525 ergo

190 2561 292 2600 non
321 2543 554 2613 recipiat
586 2544 847 2612 clericos,
890 2548 982 2614 qui
1009 2546 1205 2616 recipit
1230 2546 1397 2601 laicos
1425 2549 1787 2615 pmoitentcsl

188 2635 250 2693 ι.
283 2645 307 2673 ⁸
335 2634 453 2692 Non
482 2645 567 2691 est
605 2637 781 2705 ipsum
824 2638 1090 2710 iacrymas
1121 2639 1349 2694 tundere
1376 2655 1479 2711 pro
1507 2642 1781 2709 peccatis,

189 2739 245 2785 et
269 2744 473 2799 corpus
500 2738 793 2785 attrectare
824 2730 1060 2786 Domini.
1101 2730 1218 2785 Non
1250 2741 1333 2786 est
1370 2733 1548 2802 ipsum
1576 2733 1644 2785 ad
1680 2734 1784 2786 ira-

189 2834 326 2878 trum
374 2838 550 2893 genua
603 2824 873 2892 provolvi,
905 2833 960 2878 et
986 2824 1053 2878 de
1092 2824 1313 2878 sublimi
1349 2824 1468 2878 loco
1497 2826 1780 2880 eucharis-

187 2917 318 2971 tiam
346 2916 661 2971 ministrare
684 2918 905 2986 populo.
927 2918 1085 2972 Aliud
1110 2927 1195 2972 est
1217 2919 1402 2987 lugere
1422 2918 1563 2988 quod
1588 2918 1778 2985 literis,

184 3010 333 3065 aliud
361 3011 611 3080 neglecto
631 3022 881 3081 pwcato,
908 3014 961 3067 in
987 3014 1233 3068 Ecclesia
1252 3014 1434 3069 vivere
1456 3016 1777 3085 gloriosum.

188 3103 267 3156 Tu
297 3103 390 3173 qui
422 3106 679 3158 hesterno
710 3104 799 3160 die
846 3107 1146 3177 sacrilegus
1182 3117 1489 3162 creaturam
1543 3109 1637 3162 Dei
1692 3107 1781 3162 Fi-

1881 1914 1978 1956 tent
2006 1913 2260 1965 sanctam,
2294 1906 2466 1972 regale
2496 1904 2864 1963 sacerdotium,
2891 1902 3144 1970 papuium
3168 1902 3473 1967 acquiailnm

1884 1998 1902 2063 (
1930 1995 1945 2047 Ι
1974 1994 2084 2049 Pet.
2117 2009 2178 2057 Il,
2200 1995 2233 2049 9
2349 1994 2521 2048 Omtte
2571 1995 2715 2063 quod
2751 1995 2765 2030 ί
2804 2010 2910 2047 non
2957 1994 3081 2045 licet
3130 1992 3478 2057 Clitistiatio,

1884 2100 2172 2140 commune
2193 2097 2275 2139 est
2304 2098 2412 2140 tam
2434 2089 2692 2155 episcopo
2709 2102 2868 2154 quam
2902 2088 3060 2139 laico.
3090 2086 3189 2151 Qui
3219 2086 3485 2152 immicu-

1889 2178 2015 2228 tiam
2048 2178 2179 2245 agit,
2214 2176 2391 2244 priora
2412 2177 2737 2229 c0ndemnat
2764 2176 2870 2247 [AL
2896 2174 3257 2245 contemnat].
3291 2176 3345 2227 Si
3378 2188 3483 2227 non

1889 2268 2015 2322 licet
2046 2268 2308 2337 episcopo
2334 2270 2619 2336 paenitenti
2661 2282 3014 2336 perseverare
3040 2267 3181 2337 quod
3212 2270 3419 2331 fuerat,
3455 2274 3481 2312 8

1889 2378 1998 2418 non
2031 2362 2162 2417 licet
2199 2372 2256 2415 et
2288 2363 2425 2415 laico
2461 2363 2741 2431 pmniteuti
2772 2376 3088 2430 permanere
3117 2358 3143 2396 lt
3175 2360 3228 2413 in
3260 2375 3326 2413 eo
3358 2373 3483 2429 pro-

1890 2467 2012 2528 pter
2063 2456 2204 2525 quod
2259 2456 2629 2524 pmnitentiam
2676 2456 2984 2509 contitetur.
3058 2454 3117 2505 L.
3172 2453 3482 2522 Recipimus

1891 2552 2079 2614 laicos,
2109 2551 2366 2619 quoniam
2401 2564 2560 2603 nemo
2588 2558 2972 2612 Convertetur,
3018 2549 3061 2601 si
3094 2563 3153 2601 se
3183 2548 3366 2601 Scietit
3395 2561 3482 2599 re-

1888 2642 2275 2711 baptizaudum
2308 2658 2321 2693 :
2361 2651 2416 2695 et
2446 2642 2516 2695 ita
2552 2640 2665 2706 llet,
2696 2651 2756 2695 ut
2780 2656 2879 2695 nos
2910 2641 3079 2695 simus
3109 2654 3268 2693 causa
3302 2638 3484 2707 perdi-

1887 2734 2054 2788 tionis
2084 2749 2277 2788 eorum
2308 2734 2351 2786 si
2377 2732 2756 2803 repudientur.
2792 2733 2858 2785 0.
2891 2731 2971 2786 'l‘u
3006 2733 3057 2785 in
3091 2747 3157 2785 eo
3184 2732 3325 2801 quod
3352 2732 3489 2785 reci-

1884 2830 1968 2901 pis
1997 2830 2217 2891 laicum,
2247 2844 2407 2881 unam
2440 2828 2673 2881 animam
2708 2827 3019 2896 recipiendo
3052 2827 3265 2889 salvas;
3296 2834 3349 2879 et
3381 2838 3484 2895 ego

1886 2925 1936 2979 in
1972 2924 2289 2991 recipiendo
2317 2926 2654 2994 episcopum,
2691 2939 2797 2977 non
2831 2923 3010 2978 dicam
3046 2922 3209 2975 unius
3249 2921 3482 2977 civitatis

1888 3018 2115 3086 populos
2141 3058 2155 3082 ,
2189 3016 2282 3069 sed
2315 3017 2626 3070 universam
2653 3057 2666 3079 ,
2716 3016 2802 3069 cui
2853 3024 3049 3085 praeest
3077 3057 3091 3079 ,
3148 3014 3478 3083 provinciam

1887 3108 2144 3163 Ecclesiae
2175 3110 2356 3167 socio;
2386 3124 2544 3176 quem
2572 3108 2616 3162 si
2658 3109 2941 3178 repellam,
2976 3107 3176 3161 multos
3206 3122 3391 3161 secum
3425 3108 3478 3161 in

188 3197 319 3253 lium
350 3199 725 3270 praedicabas;
752 3201 841 3270 qui
872 3201 1121 3271 quotidie
1154 3202 1307 3272 pejor
1355 3200 1585 3265 intimis,
1637 3203 1781 3257 blas-
1807 3202 1851 3263 C
1887 3204 2096 3257 ruinam
2141 3200 2337 3255 trahet.
2382 3200 2747 3267 Quamobrem
2790 3217 2972 3269 quzrso
3000 3216 3095 3253 vos
3140 3210 3195 3253 ut
3234 3215 3352 3255 eam
3398 3214 3485 3253 ra-

185 3292 524 3359 pbemiarum
585 3292 792 3362 lapides
836 3294 890 3347 in
946 3293 1227 3349 Christum
1276 3293 1560 3364 jaciebas,
1628 3298 1785 3365 cujus

185 3395 379 3435 manus
404 3384 670 3451 sanguine
701 3382 879 3452 plenae
907 3394 1071 3447 sunt,
1095 3387 1251 3454 cujus
1272 3388 1444 3457 stylus
1474 3387 1655 3441 lancea
1687 3390 1787 3442 mi-

186 3474 298 3529 litis
349 3475 486 3541 luit,
540 3476 607 3529 ad
655 3476 814 3531 unius
864 3476 1014 3532 horae
1056 3480 1472 3533 conversionem
1518 3481 1780 3549 virginem

184 3564 493 3621 Ecclesiam
529 3567 741 3623 adulter
793 3569 1162 3638 ingredieris?
1192 3571 1246 3626 Si
1280 3585 1539 3640 peccasse
1587 3580 1637 3625 te
1671 3588 1785 3642 pm.

181 3661 362 3725 nitet,
420 3661 656 3717 otticium
712 3661 927 3732 depone
975 3664 1278 3719 sacerdotis
1311 3681 1323 3716 :
1351 3666 1395 3718 si
1435 3673 1487 3720 te
1528 3680 1782 3735 peccasse

179 3753 439 3816 conﬁdis.
471 3769 732 3822 permane
757 3756 902 3824 quod
934 3755 1106 3812 fuisti.

250 3845 310 3900 4.
342 3845 409 3900 0.
443 3845 853 3911 Rhetoricaris;
882 3857 937 3903 et
968 3864 997 3902 a
1029 3847 1460 3917 disputationum
1507 3851 1739 3919 spinetis
1763 3890 1778 3914 .

179 3938 249 3993 ad
302 3954 527 4010 campos
565 3940 754 3995 libera:
794 3942 1209 3997 declamationis
1253 3944 1525 3998 excurris.
1579 3944 1779 3999 Verum

177 4031 395 4099 desine,
430 4048 636 4103 quaso,
671 4048 703 4087 a
732 4036 1114 4091 communibus
1164 4037 1327 4099 locis,
1361 4046 1415 4092 et
1456 4036 1509 4091 in
1552 4039 1780 4107 gradum

176 4138 401 4180 rursum
442 4138 506 4179 ac
532 4125 707 4181 lineas
738 4126 1031 4196 regredere
1063 4146 1075 4180 :
1109 4138 1291 4195 postea
1316 4130 1359 4183 si
1395 4130 1677 4199 placuerit,
1702 4133 1780 4187 la-

177 4215 291 4270 tius
321 4214 677 4271 disseremus.
718 4216 781 4271 L.
830 4218 985 4273 Nulla
1018 4220 1341 4275 declamatio
1370 4222 1455 4276 bic
1476 4234 1579 4278 est.
1620 4223 1782 4278 Dolor

174 4309 505 4375 patientiam
532 4318 789 4378 superat;
824 4324 1067 4381 propone
1100 4323 1160 4367 ut
1192 4314 1323 4368 libet
1350 4356 1363 4378 ,
1398 4322 1780 4384 argumentari!

174 4410 233 4455 ut
266 4401 428 4464 libet,
460 4418 753 4472 numquam
782 4405 1138 4474 persuadebis
1162 4406 1212 4458 id
1242 4420 1366 4461 esse
1392 4405 1419 4445 ι’
1438 4409 1774 4477 episcopum,

168 4493 327 4563 quod
360 4494 558 4549 laicum
587 4498 958 4565 ptenitentem.
1015 4499 1079 4552 ο.
1106 4498 1371 4567 Quoniam
1400 4499 1671 4555 obstinate
1702 4512 1780 4555 te-

1889 3297 2106 3355 tionetn,
2140 3309 2299 3364 quam
2343 3295 2395 3348 in
2437 3296 2624 3363 paucis
2650 3296 2978 3364 recipiendis
3006 3295 3205 3349 habere
3239 3312 3331 3345 ros
3363 3293 3482 3345 cxi-

1886 3385 2142 3450 stimatis,
2169 3386 2334 3439 etiam
2367 3386 2432 3439 ad
2467 3386 2632 3439 totius
2668 3388 2820 3439 orbis
2863 3389 3094 3441 salutem
3142 3384 3481 3439 concedatis.

1885 3477 2037 3542 Quod
2062 3478 2106 3529 si
2138 3477 2410 3546 displicet,
2443 3489 2493 3531 ct
2527 3487 2633 3532 tam
2658 3479 2779 3533 duri
2820 3481 2974 3541 estis,
3012 3481 3175 3531 immo
3214 3484 3319 3529 tam
3348 3478 3485 3529 irra-

1886 3571 2219 3625 tionabiliter
2250 3572 2638 3638 inclementes,
2672 3582 2731 3627 ut
2758 3590 2879 3627 eum
2914 3575 3002 3643 qui
3033 3574 3245 3627 dederit
3285 3573 3481 3641 baptis-

1885 3679 1969 3716 ma
2001 3666 2211 3719 hostem
2244 3665 2469 3729 Christi,
2503 3681 2626 3720 eum
2658 3667 2747 3734 qui
2788 3666 3063 3735 acet-perit
3110 3667 3276 3717 tiluun
3327 3674 3479 3732 pute-

1888 3758 1995 3821 tis;
2030 3772 2128 3811 nos
2165 3758 2318 3811 nobis
2345 3764 2570 3813 adversa
2600 3774 2704 3811 non
2735 3758 2961 3812 facitnus
2997 3776 3009 3810 ε
3040 3767 3128 3811 aut
3162 3760 3478 3828 episcopum

1883 3864 2002 3904 cum
2030 3850 2228 3919 pepulo
2258 3852 2571 3920 recipimus,
2602 3865 2761 3920 quem
2802 3853 2925 3906 facit
2954 3849 3351 3911 Christianum;
3387 3860 3480 3907 aut

1883 3944 1929 3995 si
1956 3944 2269 4013 episcOpum
2306 3957 2411 3998 non
2440 3945 2751 4015 recipimus,
2788 3946 2992 3999 scimus
3020 3948 3179 3999 etiam
3206 3948 3361 3997 nobis
3390 3960 3484 4015 po-

1884 4036 2072 4105 pulum
2101 4037 2480 4105 rejiciendum.

1954 4130 2008 4182 5.
2051 4127 2344 4197 Episcopus
2392 4130 2775 4183 condimentum
2820 4145 2927 4183 sua:
2975 4126 3240 4181 Ecclesia}.
3298 4125 3477 4183 Fletus

1885 4220 2132 4276 Ecclesia:
2162 4238 2256 4291 pro
2280 4225 2658 4291 penitentibus.
2708 4222 2859 4275 Liber
2889 4221 3159 4274 duodecim
3190 4219 3483 4289 Prop/teta-

1882 4332 2018 4370 rum.
2049 4316 2245 4370 Oculus
2275 4315 2521 4372 Ecclesia:
2544 4316 2994 4388 ξυνήδομαι-ιι.
3020 4315 3127 4370 Oro
3152 4326 3224 4376 te.
3258 4317 3270 4349 ¹
3302 4331 3481 4373 nonne

1886 4411 2065 4480 legisti
2099 4413 2164 4466 de
2192 4413 2464 4481 episcopis
2491 4412 2695 4465 dictum
2738 4427 2751 4462 :
2806 4410 2911 4461 Vos
2952 4411 3069 4462 estis
3097 4408 3175 4461 sal
3206 4418 3371 4462 terrm.
3421 4410 3483 4464 Si

1886 4516 2055 4558 autem
2078 4506 2157 4557 sal
2181 4506 2495 4575 infamatum
2528 4505 2704 4573 fuerit,
2730 4503 2783 4555 in
2821 4518 2919 4569 quo
2949 4503 3162 4555 salictur
3185 4503 3209 4556 Ρ
3232 4502 3301 4555 ad
3346 4502 3483 4557 nilli-

166 4601 286 4642 nes
310 4626 328 4653 ,
356 4586 520 4642 aliam
551 4603 673 4645 esse
702 4593 962 4650 rationem
991 4593 1237 4665 episcopi
1258 4632 1276 4658 ,
1322 4592 1483 4649 aliam
1526 4593 1680 4659 laici,
1709 4596 1777 4649 ad
1806 4590 1859 4649 D
1886 4598 1993 4650 lum
2022 4608 2094 4651 est
2118 4599 2267 4664 utile,
2297 4599 2395 4651 nisi
2427 4608 2482 4652 ut
2521 4597 2831 4669 projiciatur
2858 4596 2999 4665 foras
3026 4638 3038 4661 ,
3070 4606 3115 4649 et
3150 4597 3481 4651 conculcetur

248 4764 279 4794 ι
324 4754 452 4831 ᾼξογη
495 4764 571 4831 est
602 4759 782 4825 ipsum
822 4761 1077 4831 lacrymas
1109 4758 1346 4830 fundere.
1374 4756 1666 4826 Superllue
1698 4757 1783 4813 hic

168 4826 228 4880 in
290 4826 455 4883 editis
507 4830 723 4884 Erasmi
772 4841 830 4887 et
878 4826 1118 4889 Mat-iani
1163 4830 1410 4884 additum
1464 4838 1546 4885 est
1586 4844 1781 4887 nomen

164 4898 409 4972 episcopi
436 4942 448 4964 ,
489 4902 635 4968 quod
684 4918 796 4957 non
841 4904 1025 4972 legunt
1071 4901 1408 4968 exemplaria
1450 4911 1658 4955 vetera.
1694 4900 1782 4972 _Ex

167 4970 284 5042 hoc
316 4986 483 5039 porro
513 4974 637 5028 loco
678 4969 1029 5042 apertissime
1073 4974 1467 5040 comprobatur
1514 4974 1650 5026 titles
1680 4969 1784 5026 Ca-

169 5038 403 5114 tholica,
426 5060 529 5114 qua
554 5038 834 5100 credimus
856 5061 1046 5099 verum
1066 5038 1267 5100 ChriSti
1291 5059 1491 5112 corpus
1512 5043 1784 5100 exsistere

167 5110 226 5169 in
268 5110 648 5182 Eucharistia,
684 5126 739 5170 et
779 5116 1033 5172 manibus
1075 5110 1421 5175 sacerdotum
1467 5117 1780 5180 attrectari;

167 5198 200 5235 e
230 5185 455 5240 sublimi
504 5187 627 5241 loco
663 5185 1074 5242 Eucharistiam
1107 5203 1323 5258 quoque
1365 5188 1567 5258 populo
1616 5188 1781 5242 mini-

165 5262 407 5309 stratam
434 5258 727 5313 discimus.
1399 5259 1669 5314 Maurus.

247 5324 277 5363 δ
316 5326 561 5403 Gravius,
595 5330 680 5384 sic
732 5330 837 5399 legi
866 5329 1045 5403 jubet,
1078 5330 1134 5382 id
1161 5346 1266 5384 esse
1290 5331 1585 5403 episcopum
1616 5330 1780 5398 con/i-

169 5404 392 5523 terlt'tem,
424 5402 563 5473 quod
611 5404 809 5461 [nicum
855 5402 1218 5473 paenitentiam;
1250 5403 1411 5473 idque
1454 5402 1655 5456 reetius
1678 5442 1693 5467 ,
1726 5412 1786 5455 ut

169 5481 221 5521 Vl
270 5480 412 5523 etur.

164 5480 412 5527 Videtur.

244 5551 269 5615 *ξ
314 5542 371 5615 ῃ.
406 5543 586 5601 Veteri
618 5544 791 5611 edit.,
826 5541 1043 5615 Recipio
1083 5554 1129 5598 et
1150 5560 1241 5615 ego
1269 5544 1588 5615 episwpum.

239 5608 268 5648 ⁴
308 5612 469 5689 certa
514 5608 785 5689 quadam'
811 5608 1134 5689 acceptione
1179 5608 1329 5689 plebi
1370 5608 1781 5689 quibu_utc_com-

165 5694 336 5761 mune
371 5684 719 5751 fuisse‘olim,
760 5686 954 5757 primis
984 5684 1609 5761 nempg'Christianismi
1642 5694 1776 5741 tem-

164 5753 727 5829 pori_bus,sacerdotit
760 5753 990 5823 nomen,
1029 5753 1243 5813 erudite
1282 5765 1523 5829 notatum
1569 5766 1674 5824 est,
1712 5772 1779 5817 ex

164 5820 265 5878 illo
291 5826 307 5880 Ι
344 5820 481 5887 Petri
510 5849 568 5905 ιι,
602 5835 636 5891 9
663 5850 677 5887 :
707 5820 984 5909 ﬁcia-ﬁrma
1002 5830 1304 5909 ἱεράτευμα,
1337 5827 1511 5903 regale
1539 5820 1775 5884 sacerdo-

1884 4757 2033 4820 tium,
2063 4756 2207 4825 quod
2251 4757 2438 4810 statim
2479 4756 2801 4817 adducitur;
2834 4772 2954 4810 nam
2988 4759 3167 4812 locum
3224 4762 3485 4818 omiserat

1886 4826 2254 4889 Martianmns,
2280 4828 2421 4895 quod
2450 4828 2500 4879 in
2530 4827 2643 4879 suis
2678 4842 2808 4880 mss.
2847 4844 2950 4881 nou
2987 4830 3309 4883 invenisset.

1962 4907 1984 4934 θ
2028 4897 2134 4950 Deo
2178 4894 2325 4949 Patri
2352 4912 2445 4949 suo
2486 4896 2623 4965 fecit.
2665 4896 2882 4951 Addunt
2922 4901 3051 4951 editi
3096 4901 3255 4953 libri:
3294 4900 3360 4955 Et
3390 4904 3483 4956 ite-

1886 4986 2035 5043 rum,
2094 4979 2293 5043 gentem
2343 4968 2831 5043 sa_n_ctam,_rcgnle
2886 4972 3262 5037 sacerdotium,
3320 4991 3485 5043 popu-

1888 5041 1993 5094 lum
2033 5038 2357 5110 acquiritum.
2390 5038 2444 5093 id
2478 5054 2582 5092 non
2622 5038 2811 5108 legum.
2852 5057 2979 5096 mss.
3024 5045 3194 5097 nostri
3239 5038 3480 5101 codices.

3096 5116 3366 5173 litamus.

1962 5184 1981 5221 τ
2027 5181 2263 5256 Negantli
2294 5182 2616 5256 particulam
2652 5185 2922 5256 expressit
2950 5189 3170 5256 antiqua
3199 5191 3385 5243 editio.

1960 5265 1983 5302 ε
2028 5255 2146 5307 Non
2172 5257 2284 5307 licet
2307 5266 2348 5307 et
2376 5255 2529 5317 laico,
2554 5265 2659 5307 etc.
2689 5256 2784 5309 Ms.
2812 5255 3170 5324 Sorbonicus,
3203 5278 3302 5312 non
3332 5262 3483 5313 liceat

1886 5338 1931 5381 et
1956 5329 2085 5380 laico
2111 5328 2369 5399 pwnjtcnti
2392 5342 2710 5399 permanere,
2736 5342 2941 5399 praptcr
2969 5334 3102 5395 qt'Otl
3130 5332 3476 5395 pa’nitentiam

1886 5400 2175 5469 conﬁtetur.
2201 5396 2574 5453 Cluniacensis
2598 5396 2853 5455 similiter
2879 5402 3026 5468 legit.
3048 5415 3279 5469 excepto
3307 5404 3478 5466 liccat,

1887 5471 2048 5525 liabet
2076 5470 2224 5523 enim
2256 5470 2391 5525 licet.
3098 5470 3365 5525 Maurus.

1960 5542 1983 5579 ί]
2026 5542 2259 5598 νοουιηε
2289 5544 2340 5595 in
2367 5558 2425 5593 eo
2460 5540 2511 5593 in
2556 5538 2771 5596 duobus
2814 5556 2943 5594 mss.
2998 5540 3294 5595 desiderari
3342 5542 3478 5598 Mar-

1887 5614 2021 5669 tian.
2061 5623 2231 5667 notat.
2273 5612 2501 5667 Gravius
2537 5610 2607 5663 ita
2650 5614 2823 5663 locum
2858 5610 3067 5671 reﬁxit,
3112 5627 3211 5663 non
3256 5613 3403 5668 liccat
3433 5627 3480 5673 et

1887 5688 2019 5741 laico
2050 5690 2309 5754 paznitenti
2337 5698 2633 5753 permanere
2660 5683 2796 5753 quod
2818 5694 2944 5748 erat,
2968 5684 3056 5752 qui
3086 5695 3292 5758 pwpter
3318 5690 3477 5759 pruni-

1891 5761 2106 5814 tcntiam
2137 5759 2430 5824 conﬁtetur.

1967 5829 1979 5865 ί
2031 5829 2196 5884 Vetus
2220 5830 2347 5883 edit.
2365 5868 2377 5891 ,
2403 5826 2573 5879 Orate
2591 5825 2796 5881 nomine
2809 5825 3019 5898 Christi,
3040 5847 3139 5885 non
3164 5830 3351 5906 legisti,
3368 5843 3474 5890 etc.
