4074 6370
500 331 604 389 159

1746 330 1804 385 S.
1848 327 2115 386 EUSEBII
2157 328 2538 389 IIIERONYMI

3691 338 3795 393 160

492 452 557 505 ab
583 447 874 503 hominibus
902 446 1125 518 (Matth.
1155 461 1210 513 v,
1245 447 1361 518 t5).
1394 444 1499 501 Sed
1532 455 1587 501 et
1630 443 1783 509 illud,
1808 443 1951 515 quod
1994 459 2095 515 pro
2123 453 2171 512 Α
2199 442 2225 483 ἀ
2250 445 2361 502 Hoc
2391 458 2496 511 est,
2518 448 2641 503 ideo
2668 449 2811 505 Deus
2836 450 3075 506 scientiic
3108 466 3220 506 sum
3244 452 3536 523 igniculum
3572 454 3624 507 in
3651 453 3799 523 epis-

498 540 702 612 p0pulo
746 548 1035 609 peccatore
1083 538 1339 594 sacerdos
1387 538 1555 615 Deum
1605 546 1832 603 exoret,
1888 551 1951 590 ac
2000 552 2098 606 pro

495 632 783 689 sacerdote
813 631 996 686 nullus
1022 632 1091 685 sit
1123 630 1396 700 alius,qui
1424 628 1809 700 deprecetnr(l
1834 628 1962 699 Reg.
1993 628 2105 700 tu).

491 724 624 794 Qua:
654 723 875 795 quidem
904 724 1012 778 duo
1043 723 1449 792 Scripturarum
1475 722 1710 794 capitula
1767 723 1819 775 in
1865 733 2095 777 senten-

491 817 624 872 tiam
665 826 1001 872 concurrunt
1033 830 1217 870 unam.
1260 814 1393 869 Nam
1441 824 1497 869 ιιι
1540 815 1621 869 sal
1668 830 1885 869 omnem
1916 816 2094 869 cibum

490 910 699 973 condit,
733 925 832 965 nec
858 921 941 965 est
967 909 1169 979 aliquid
1199 924 1295 978 per
1317 924 1375 962 se
1404 919 1509 962 tam
1542 924 1708 964 suave
1735 949 1750 975 ,
1794 910 1939 978 quod
1970 908 2096 963 abs-

493 1018 599 1073 que
633 1003 788 1074 175
824 1016 891 1056 eo
939 1011 1157 1073 gustum
1196 1001 1544 1055 demulceat:
1586 1001 1657 1055 ita
1698 1000 1889 1054 mundi
1934 1001 2098 1054 totius

493 1104 551 1150 et
579 1098 810 1165 propri.e
834 1094 1095 1150 Ecclesiae
1117 1094 1525 1150 condimentum
1555 1095 1843 1165 episcopus
1867 1106 1971 1156 est,
2005 1094 2094 1166 qui

492 1187 541 1242 si
570 1186 868 1242 infatuatus
896 1187 1096 1250 fuerit,
1141 1189 1255 1243 sive
1287 1202 1385 1257 per
1422 1188 1764 1258 negationem
1788 1229 1804 1255 ,
1856 1188 1969 1243 sive
2004 1202 2099 1257 per

495 1279 787 1347 haeresim,
839 1281 953 1336 sive
983 1296 1080 1350 per
1108 1280 1387 1336 libidinem
1418 1324 1433 1346 ,
1483 1292 1536 1335 et
1570 1290 1628 1335 ut
1673 1281 1838 1336 semel
1881 1280 2095 1345 dicam,

498 1387 599 1443 per
626 1374 881 1427 universa
929 1382 1146 1443 peccata
1176 1415 1190 1440 ,
1240 1389 1271 1427 a
1316 1390 1424 1442 quo
1468 1374 1578 1428 alio
1619 1374 1816 1443 poterit
1861 1372 2096 1441 condiri,

497 1479 621 1520 cum
670 1464 787 1535 ipse
834 1462 995 1521 luerit
1037 1465 1281 1519 omnium
1329 1466 1787 1521 condimentum?
1829 1464 2101 1521 Sacerdos

500 1558 703 1628 quippe
750 1573 849 1627 pro
890 1558 1032 1612 laico
1080 1557 1238 1612 oﬂ'ert
1269 1558 1602 1613 oblationem
1634 1573 1786 1613 suam
1818 1600 1832 1624 ,
1868 1558 2101 1627 imponit

502 1663 723 1704 manum
765 1648 1028 1717 subjecto,
1075 1650 1312 1705 reditum
1361 1651 1535 1706 sancti
1571 1650 1808 1721 Spiritus
1854 1652 2096 1716 inVocat,

502 1753 665 1812 atque
705 1741 778 1797 ita
828 1758 973 1807 eum,
1002 1744 1093 1814 qui
1120 1744 1349 1798 traditus
1377 1745 1550 1799 fuerat
1578 1743 1790 1800 Satanae
1818 1744 1872 1799 in
1903 1744 2098 1799 interi-

2199 554 2340 609 c0po
2367 541 2665 606 succendit,
2699 551 2753 594 ut
2796 556 2901 597 non
2933 544 3034 597 sibi
3068 554 3275 597 tantum
3318 545 3516 611 luceat,
3552 545 3648 601 sed
3680 561 3798 599 om-

2200 634 2358 687 nilius
2393 635 2581 701 prosit.
2640 634 2705 688 Et
2742 635 2797 689 in
2831 637 3185 706 consequenti
3219 654 3231 689 :
3266 637 3348 705 St,
3379 638 3579 708 inquit,
3612 639 3798 693 oculus

2201 734 2317 777 tuus
2346 741 2561 796 nequam
2590 726 2776 796 fuerit,
2829 745 2977 783 omne
3004 746 3188 801 corpus
3219 732 3542 785 tenebrosum
3582 743 3675 787 est.
3737 732 3801 789 Si

2199 828 2369 872 autem
2399 821 2568 873 lumen
2594 826 2731 890 quod
2762 824 2817 875 in
2857 834 2905 877 te
2932 834 3034 892 est,
3078 824 3299 877 tenebrae
3328 833 3482 890 sunt;
3516 825 3627 888 ipse
3661 834 3804 878 teneo

2201 911 2303 964 brte
2329 920 2535 980 quanta!
2561 924 2707 966 erant
2735 912 2752 983 (
2779 914 2965 967 Matth.
2986 931 3036 969 νι
3063 956 3077 978 ,
3109 915 3181 970 23
3205 919 3223 983 )
3250 916 3263 970 !
3313 916 3376 969 Et
3437 928 3610 972 reetc.
3662 915 3802 970 Nam

2201 1018 2323 1057 cum
2350 1003 2473 1057 ideo
2501 1006 2790 1075 episcopus
2822 1006 2874 1061 in
2900 1007 3142 1063 Ecclesia
3168 1009 3533 1063 constituatur
3555 1053 3569 1075 ,
3610 1017 3669 1063 ιιι
3703 1024 3802 1078 po-

2202 1095 2386 1166 pulum
2413 1108 2665 1152 coerceat
2687 1099 2756 1150 ab
2783 1114 2992 1163 errore,
3025 1108 3262 1169 quantus
3292 1101 3398 1155 erit
3428 1115 3584 1156 error
3616 1101 3668 1154 in
3702 1115 3803 1170 po-

2202 1186 2348 1257 pulo,
2370 1203 2492 1242 cum
2521 1200 2664 1243 errat
2690 1191 2804 1258 ipse
2836 1193 2925 1261 qui
2948 1192 3107 1247 docet
3131 1192 3238 1264 [ΑΙ.
3264 1192 3478 1264 doceat]
3506 1195 3519 1248 !
3553 1196 3804 1260 Quomoo

2199 1280 2271 1335 do
2303 1293 2479 1350 potest
2519 1295 2738 1352 peccata
2771 1285 3046 1341 dimittere
3067 1328 3082 1353 ,
3112 1288 3202 1356 qui
3236 1289 3352 1356 ipse
3387 1297 3644 1357 peccator
3675 1289 3805 1343 est?

2200 1374 2473 1441 quomodo
2495 1387 2743 1430 sanctum
2771 1378 3073 1448 sacrilegus
3103 1377 3305 1433 faciet?
3334 1380 3475 1435 unde
3499 1380 3567 1434 ad
3601 1396 3688 1435 me
3714 1381 3803 1434 lu—

2204 1479 2326 1519 men
2376 1466 2600 1521 iutroiet
2630 1508 2645 1532 ,
2695 1483 2815 1523 cum
2864 1470 3055 1523 oculus
3098 1486 3252 1525 meus
3294 1487 3474 1525 cmcus
3503 1474 3618 1527 sit?
3664 1473 3807 1528 Proh

2204 1557 2403 1613 dolor!
2443 1560 2758 1615 Antichristi
2803 1562 3103 1632 discipulus
3136 1565 3432 1619 Ecclesiam
3465 1562 3667 1619 Christi
3708 1581 3812 1636 gu-

2204 1648 2417 1704 bernat.
2456 1652 2519 1705 Et
2550 1653 2636 1706 ubi
2661 1664 2744 1708 est
2776 1654 2909 1708 illttd
2938 1671 2950 1707 :
2982 1653 3104 1709 Non
3122 1658 3335 1727 potestis
3360 1657 3559 1711 duobus
3586 1658 3813 1713 dominis

2204 1744 2394 1797 servire
2419 1744 2600 1815 (Ibid.
2620 1788 2636 1812 ,
2669 1746 2773 1816 24)
2798 1748 2821 1801 ?
2847 1747 2953 1802 Sed
2986 1757 3041 1802 et
3068 1748 3224 1812 illud,
3252 1749 3383 1814 Qum
3410 1752 3815 1804 communicatio

507 1846 621 1897 tum
646 1839 827 1893 carnis
854 1880 869 1905 ,
912 1852 970 1895 ut
998 1841 1225 1910 Spiritus
1247 1841 1429 1896 salvus
1458 1844 1614 1898 lieret
1638 1883 1652 1907 ,
1687 1842 1888 1897 indicta
1920 1845 1971 1896 in
2005 1857 2101 1911 po-
2131 1846 2178 1905 B
2205 1835 2310 1889 luci
2358 1838 2426 1890 ad
2472 1838 2705 1892 tenebras
2742 1839 2766 1893 ?
2813 1841 2910 1910 qui
2942 1858 3219 1896 consensus
3264 1841 3469 1896 Christo
3520 1845 3588 1896 ad
3640 1842 3817 1896 Belial

508 1933 695 2003 pttlnm
720 1932 991 1994 oratione,
1024 1934 1216 1989 altario
1246 1935 1594 1999 reconciliat,
1630 1950 1728 1990 nec
1760 1937 1910 2003 prius
1934 1952 2099 1990 unum

508 2028 813 2079 membrum
833 2025 1064 2080 restituit
1084 2028 1319 2095 sanitati,
1350 2044 1512 2090 quam
1540 2028 1724 2082 omnia
1748 2028 1908 2083 simul
1929 2044 2102 2082 mem-

503 2115 602 2174 bra
633 2116 660 2145 ⁸
687 2116 1065 2174 conﬂeverint.
1086 2118 1265 2175 Facile
1293 2121 1494 2191 quippe
1524 2122 1755 2192 ignoscit
1787 2121 1899 2177 filio
1928 2133 2101 2192 pater,

505 2224 628 2265 cum
660 2220 834 2266 mater
863 2227 963 2283 pro
990 2213 1292 2267 visceribus
1323 2214 1436 2268 suis
1478 2214 1822 2285 deprecatur.
1874 2216 1931 2271 Si
1974 2231 2105 2285 ergo

502 2304 611 2359 hoc
639 2322 799 2375 quem
833 2307 1070 2362 diximus
1096 2307 1266 2379 gradu
1300 2310 1469 2363 laicus
1500 2312 1774 2379 paenitens
1805 2310 2107 2365 restituitur

507 2395 791 2463 Ecclesiae,
828 2397 1012 2468 ibique
1042 2401 1287 2469 sequitur
1314 2402 1471 2455 venia
1492 2442 1506 2465 ,
1542 2402 1631 2457 ubi
1665 2402 1839 2456 luctus
1875 2414 2108 2472 praeces—

508 2502 699 2549 serat:
734 2494 1083 2550 manifestum
1110 2505 1194 2549 est
1218 2537 1232 2557 .
1276 2496 1615 2552 sacerdotem
1646 2494 1674 2534 ὶ)
1701 2496 1769 2551 de
1805 2496 1972 2566 gradu
2008 2510 2109 2549 suo

512 2598 753 2656 motum,
796 2589 850 2643 in
878 2588 1129 2644 eumdem
1159 2590 1335 2644 locum
1367 2606 1470 2643 non
1498 2604 1658 2659 posse
1699 2591 1909 2645 restitui
1937 2632 1950 2655 ,
1983 2592 2109 2659 quia

510 2690 605 2736 aut
635 2684 904 2752 ptenitens
935 2684 1243 2739 sacerdotio
1272 2684 1512 2748 carebit,
1548 2695 1638 2738 aut
1669 2686 1719 2739 in
1754 2686 1959 2740 honore
1989 2700 2113 2753 per-

509 2773 733 2838 sis:ens,
768 2776 958 2829 reduci
1006 2775 1057 2828 iu
1092 2777 1393 2832 Ecclt-siatu
1426 2791 1530 2830 non
1565 2779 1768 2845 poterit
1816 2794 1913 2847 per
1957 2777 2110 2831 ordi-

515 2881 641 2921 nem
676 2868 1014 2935 pmuitentis.
1067 2867 1147 2921 Tu
1179 2870 1307 2921 mihi
1349 2884 1492 2923 nunc
1522 2870 1785 2923 infatuato
1815 2870 1930 2925 Sale
1961 2911 1975 2934 ,
2016 2871 2115 2925 Ec—

512 2955 697 3010 clesiae
737 2971 988 3025 saporem
1034 2961 1414 3023 contaminas;
1468 2971 1522 3015 tu
1553 2977 1675 3016 eum
1706 2962 1797 3032 qui
1840 2964 2114 3033 projectus

509 3047 675 3115 foras,
701 3048 883 3118 jacere
908 3049 1128 3107 deberet
1160 3053 1210 3106 in
1246 3064 1495 3109 stercore
1517 3096 1531 3119 ,
1563 3071 1593 3110 a
1624 3057 1834 3109 cunctis
1878 3057 2116 3112 hornini-

512 3140 616 3196 bus
642 3142 1065 3209 coitculcandus,
1112 3160 1277 3214 super
1320 3147 1571 3201 altarium
1614 3151 1877 3217 reponis!
1925 3152 1990 3204 Et
2024 3151 2111 3205 ubi

516 3232 622 3289 erit
651 3231 783 3287 illud
812 3232 1061 3303 Apostoli
1095 3248 1427 3306 praeceptum
1480 3257 1491 3291 :
1543 3238 1758 3311 Oportet
1815 3242 2111 3314 episcopum
2140 3232 2184 3294 C

514 3340 625 3379 esse
651 3324 763 3377 sine
782 3325 1016 3391 crimine,
1047 3330 1195 3397 quasi
1221 3329 1625 3399 dispensatorem
1656 3329 1756 3386 Dei
1782 3331 1802 3402 (
1830 3332 1929 3388 Tit.
1960 3350 1997 3398 ι,
2034 3336 2112 3393 7).

514 3420 582 3476 Et
611 3422 809 3474 iterum
839 3437 852 3473 :
903 3419 1092 3477 Probet
1118 3437 1291 3477 autem
1319 3442 1372 3478 se
1403 3426 1758 3496 unusquisque
1798 3437 1841 3481 et
1868 3429 1943 3482 sic
1970 3445 2116 3481 acce-

516 3514 605 3568 dat
636 3514 683 3586 (Ι
713 3514 835 3568 Cor.
865 3531 939 3581 ιιι,
972 3514 1121 3586 28)?
1156 3517 1254 3572 Ubi
1287 3519 1564 3574 Dominica
1601 3520 1942 3574 denuntiatio
1990 3530 2110 3576 est:

518 3604 603 3661 Ne
628 3606 868 3660 miseritis
892 3607 1199 3677 margaritas
1234 3620 1425 3663 vestras
1456 3609 1577 3681 [ΑΙ.
1614 3611 1923 3665 miserimus
1947 3623 1992 3666 et
2022 3629 2117 3668 no-

519 3696 682 3768 stras]
711 3708 828 3752 ante
858 3714 1038 3764 porcos
1068 3698 1288 3767 (Matth.
1322 3716 1414 3766 vu,
1444 3702 1546 3769 6)?
1572 3701 1724 3769 Quod
1758 3704 1800 3757 si
1832 3703 1901 3759 de
1941 3708 2117 3760 eunti-

524 3791 627 3847 bus
657 3793 984 3861 generaliter
1031 3794 1233 3848 dictum
1274 3796 1532 3865 intelligis
1559 3838 1573 3861 ,
1605 3805 1808 3866 quanto
1854 3801 2024 3868 magis
2051 3801 2118 3856 de

521 3882 893 3939 sacerdotibus
923 3886 1335 3949 prrecavendum
1368 3896 1482 3950 est,
1520 3903 1641 3943 cum
1670 3888 1837 3943 etiam
1868 3890 1936 3944 de
1968 3892 2117 3947 laicis

522 3973 604 4030 sic
630 3985 852 4029 cavetur
880 3976 899 4048 (
924 3976 1009 4029 Al.
1044 3977 1347 4048 habeatur)
1375 3981 1386 4032 !
1422 3979 1785 4048 Separamiui,
1812 3981 1985 4051 inquit
2011 3984 2113 4037 Do-

524 4066 706 4122 minus
735 4084 830 4138 pcr
859 4068 1079 4141 Moysen
1106 4112 1121 4135 ,
1155 4090 1187 4125 a
1215 4072 1562 4126 tabernaculis
1610 4076 1827 4128 istorum
1856 4076 2118 4131 hominum

524 4160 921 4216 durissimarum
945 4204 958 4227 ,
990 4174 1036 4216 et
1066 4164 1223 4218 nolite
1255 4175 1274 4202 υ
1308 4166 1447 4237 tangi
1474 4166 1537 4218 ab
1580 4167 1813 4222 omnibus
1862 4185 1977 4233 qua:
2002 4180 2118 4223 sunt

524 4269 723 4319 eorum,
749 4271 812 4308 ne
835 4254 990 4309 simul
1013 4258 1235 4326 pereatis
1265 4259 1317 4310 in
1347 4269 1555 4324 peccato
1581 4276 1758 4313 eorum
1791 4261 1871 4327 (Ν
1877 4277 1983 4314 um.
2004 4278 2117 4328 χιιι,

525 4347 657 4419 26).
708 4351 775 4403 Et
803 4365 1018 4404 rursum
1064 4352 1115 4405 in
1149 4351 1434 4406 duodecim
1465 4351 1754 4421 Pr0phetis
1790 4372 1801 4406 :
1841 4353 2122 4423 Sacriﬁcia

526 4458 700 4496 eorum
730 4452 988 4513 tamquam
1016 4445 1165 4515 panis
1197 4442 1407 4511 luctus;
1454 4461 1629 4499 omnes
1675 4446 1765 4516 qui
1809 4432 2122 4500 manducanut

527 4552 586 4590 ea
610 4578 622 4599 ,
674 4538 1163 4593 coutaminabuntur
1189 4539 1206 4607 (
1237 4538 1358 4594 Ore.
1390 4555 1462 4605 ιιι,
1499 4540 1528 4593 4
1556 4538 1595 4608 ).
1628 4539 1693 4593 Ει
1724 4539 1776 4593 in
1830 4540 2123 4610 Evangelia

529 4625 794 4681 Dominus
829 4646 840 4681 :

526 4730 646 4787 est,
674 4722 931 4777 Ecclesiae
955 4723 1134 4779 lumen
1164 4732 1250 4779 est
1278 4724 1585 4795 episcopus.
1639 4724 1701 4779 Si
1735 4734 1900 4779 autem
1938 4723 2119 4779 oculus

527 4824 647 4871 tuus
693 4815 913 4887 simplex
963 4828 1078 4884 est,
1139 4829 1300 4873 totum
1346 4835 1529 4891 corpus
1576 4828 1722 4873 tuum
1766 4818 1997 4872 lucidum
2027 4822 2121 4873 erit

527 4905 740 4980 (Matth.
774 4924 849 4974 vt,
878 4909 995 4978 22).
1029 4910 1323 4967 Sacerdote
1347 4912 1490 4966 enim
1523 4911 1680 4965 tidem
1708 4927 1888 4967 veram
1924 4910 2122 4981 prmdi-

527 5012 706 5065 caule.
733 5018 797 5056 es
825 5003 1066 5057 omnium
1097 5004 1261 5059 corde
1285 5005 1522 5060 tenebrae
1548 5004 1930 5059 discutiuntur.
1966 5004 2124 5075 176

528 5092 597 5147 Et
623 5107 841 5146 causam
872 5094 1051 5148 reddit
1084 5112 1096 5146 :
1130 5094 1313 5165 Neque
1341 5099 1475 5149 enim
1503 5096 1712 5150 lucerna
1754 5098 2050 5151 accenditur
2077 5107 2125 5150 et

529 5183 745 5253 ponitur
784 5183 956 5235 subter
987 5185 1238 5251 modium,
1290 5186 1378 5237 sed
1424 5203 1571 5257 super
1622 5188 2026 5253 candelabrum,
2068 5198 2123 5242 ut

530 5276 703 5333 luceat
744 5276 976 5329 omnibus
1017 5277 1105 5345 qui
1158 5278 1211 5329 in
1258 5276 1410 5331 domo
1455 5290 1573 5332 sunt
1610 5280 1839 5350 (Matth.
1877 5297 1913 5337 v
1938 5323 1953 5349 ,
1989 5281 2119 5352 15).

601 5494 628 5521 ἰ
670 5481 794 5538 Alio
824 5495 986 5536 sensu
1011 5493 1112 5534 nec
1140 5478 1362 5548 penitus
1391 5477 1592 5543 inutili,
1613 5485 1769 5531 vetus
1791 5478 1982 5543 editio,
2007 5496 2127 5531 con-

528 5559 751 5629 ﬂauerit.
784 5562 841 5609 et
878 5553 1222 5629 ιιιιιιιυλιοξιῑ3
1252 5550 1585 5629 consequitur
1621 5549 1844 5629 veniunt,
1876 5551 1985 5629 ubi,
2020 5558 2126 5629 etc.

602 5625 630 5664 δ
672 5618 894 5697 Absque
943 5624 1009 5678 de
1054 5618 1162 5694 legi
1205 5623 1259 5677 in
1303 5620 1532 5674 vetustis
1570 5619 1856 5675 eodicibus
1896 5618 2131 5675 Gravius

540 5703 748 5751 monet.

615 5777 637 5805 ο
678 5767 907 5835 Gravius
928 5766 1101 5835 activa
1127 5763 1527 5825 formamavult
1544 5772 1782 5835 tangerq.‘
1806 5770 1958 5815 textu
1981 5768 2133 5817 utro-

542 5836 670 5905 ltue,
706 5833 904 5890 nedum
938 5834 1127 5890 Latino
1156 5838 1473 5904 interprete,
1499 5826 1897 5889 ροειιιὶιιιιίιειιιιι.

2212 1928 2292 2001 (ll
2328 1928 2447 1983 Cor.
2484 1947 2557 1993 vi,
2590 1930 2678 1995 M,
2714 1930 2846 2003 15)?
2879 1932 3135 2002 Legimus
3166 1932 3219 1986 in
3259 1936 3426 1989 veteri
3458 1933 3819 1991 Testamento

2211 2022 2417 2093 (Levit.
2450 2040 2563 2086 XXI,
2595 2024 2683 2089 17,
2715 2035 2760 2078 et
2789 2040 2902 2086 xxI,
2936 2027 2970 2081 5
2995 2023 3014 2096 )
3042 2044 3055 2080 :
3102 2025 3269 2079 Homo
3306 2028 3360 2080 in
3390 2044 3487 2098 quo
3518 2028 3672 2099 fuerit
3701 2045 3821 2083 ma-

2208 2118 2325 2171 cula
2352 2126 2397 2170 et
2427 2118 2626 2181 vitium,
2670 2135 2773 2172 non
2803 2120 3016 2173 accedat
3055 2120 3243 2187 offerre
3280 2123 3419 2175 dona
3455 2121 3695 2176 Domino.
3750 2123 3823 2177 Et

2210 2225 2423 2264 rursum
2457 2228 2470 2264 :
2506 2209 2812 2265 Sacerdotes
2840 2212 2929 2280 qui
2957 2214 3295 2267 acceduntad
3317 2212 3597 2267 Dominum
3622 2216 3817 2281 Deum,

2211 2313 2265 2355 ut
2290 2303 2605 2371 sacriﬁcent,
2636 2306 2815 2358 mundi
2842 2306 2965 2371 sint,
3000 2323 3064 2359 ne
3084 2308 3216 2375 forte
3243 2309 3562 2379 derelinquat
3596 2326 3681 2363 eos
3707 2308 3825 2363 Do-

2212 2394 2404 2447 minus.
2439 2394 2506 2449 Et
2536 2395 2588 2449 in
2613 2397 2807 2451 eodem
2828 2413 2841 2449 :
2862 2395 2931 2449 Et
2960 2414 3076 2451 cum
3103 2399 3351 2453 accedunt
3380 2401 3673 2456 ministrare
3702 2419 3825 2456 san-

2211 2496 2294 2539 cta
2316 2529 2331 2551 ,
2385 2502 2486 2539 non
2528 2488 2791 2542 adducant
2828 2490 2882 2543 in
2915 2507 2969 2544 se
2999 2490 3244 2545 delictum
3271 2508 3289 2557 ;
3320 2508 3383 2545 ne
3410 2495 3719 2549 moriantur.
3750 2495 3826 2550 Et

2214 2580 2382 2633 multa
2421 2580 2526 2633 alia
2550 2622 2563 2645 ,
2595 2597 2717 2651 qua:
2760 2583 3012 2653 persequi
3042 2585 3313 2639 infinitum
3350 2594 3455 2652 est,
3489 2586 3670 2641 studio
3703 2586 3819 2659 [ΑΙ.

2214 2674 2307 2727 sed
2335 2672 2544 2745 studio]
2571 2676 2853 2729 brevitatis
2895 2676 3107 2731 omitto.
3160 2676 3349 2747 Neque
3376 2679 3518 2732 enim
3554 2695 3824 2736 numerus

2217 2766 2785 2833 teSIimoniorum,scd
2800 2770 3097 2824 auctoritas
3123 2771 3285 2824 valet.
3314 2770 3391 2824 Ex
3416 2770 3610 2840 quibus
3631 2782 3827 2828 osten-

2217 2857 2383 2921 ditur,
2412 2873 2510 2912 vos
2544 2874 2640 2927 per
2670 2860 2938 2913 modicum
2990 2860 3312 2915 fermentum
3360 2870 3527 2917 totam
3559 2863 3825 2919 Ecclesiae

2224 2964 2459 3004 massam
2491 2951 2802 3019 corrupisse
2830 2992 2843 3016 ,
2875 2962 2928 3006 et
2957 2951 3024 3007 de
3051 2952 3168 3023 ejus
3218 2969 3379 3007 manu
3411 2954 3571 3009 hodie
3599 2954 3828 3009 Eucha-

2220 3043 2429 3097 ristiam
2479 3044 2767 3113 accipere,
2823 3060 2982 3113 quem
3027 3046 3143 3100 lteri
3198 3046 3353 3116 quasi
3402 3056 3424 3082 θ
3481 3044 3679 3101 idolum
3724 3046 3833 3103 de-

2220 3135 2521 3205 Spuebatis.

2290 3228 2343 3281 6.
2378 3227 2712 3299 Sacriﬁcium
2728 3230 2779 3282 in
2800 3227 3054 3284 Ecclesia.
3077 3229 3309 3284 Christus
3328 3230 3533 3286 lavacro
3548 3247 3643 3284 suo
3671 3246 3799 3285 mun
3815 3262 3831 3273 -

2219 3321 2356 3374 davit
2382 3338 2561 3393 aquas.
2592 3352 2662 3361 —
2697 3322 2762 3376 0.
2798 3322 2961 3377 Multa
2986 3324 3205 3390 quidem
3230 3323 3297 3377 de
3321 3326 3492 3378 saeris
3520 3323 3830 3378 Volumini-

2218 3414 2318 3469 bus
2350 3415 2665 3469 memoriter
2694 3416 3025 3485 copioseque
3066 3415 3252 3470 dixisti
3292 3433 3304 3468 :
3338 3416 3433 3469 sed
3480 3431 3602 3469 cum
3650 3424 3828 3471 totum

2219 3507 2555 3561 circnmieris
2578 3507 2797 3569 saltum,
2835 3511 2972 3562 meis
3002 3508 3247 3563 cassibus
3278 3509 3623 3565 concluderis
3652 3509 3825 3582 [Mss.

2219 3600 2459 3655 cluderis
2482 3600 2558 3655 vel
2584 3600 2899 3672 clauderis].
2922 3602 3004 3656 Sit
3027 3603 3250 3673 quippe,
3285 3604 3463 3668 utvis,
3498 3606 3827 3660 Arianorum

2221 3695 2512 3765 episc0pus
2555 3694 2727 3749 hostis
2765 3695 2965 3749 Christi
2994 3737 3009 3763 ,
3043 3694 3114 3748 sit
3144 3694 3462 3750 infatuatum
3493 3697 3572 3750 sal
3599 3739 3614 3761 ,
3645 3698 3713 3750 sit
3740 3697 3827 3751 lu-

2222 3803 2387 3843 cerua
2420 3788 2536 3841 sine
2566 3788 2802 3858 igniculo
2825 3829 2840 3853 ,
2871 3788 2942 3841 sit
2967 3788 3161 3843 oculus
3194 3788 3312 3842 sine
3344 3788 3541 3858 pupilla
3584 3808 3597 3843 :
3627 3804 3828 3861 nempe

2222 3895 2288 3935 eo
2322 3881 2628 3950 pervenies,
2661 3891 2716 3933 ιιι
2747 3880 2911 3935 salire
2965 3896 3070 3934 non
3111 3880 3304 3949 possit,
3338 3882 3428 3949 qui
3458 3881 3537 3934 sal
3571 3882 3684 3951 ipse
3711 3896 3824 3937 non

2224 3973 2455 4039 habeat;
2516 3989 2623 4029 non
2680 3973 2951 4029 illuminet
2992 3988 3205 4039 carens,
3262 3989 3368 4028 non
3426 3976 3685 4030 accendat
3730 3991 3831 4030 ex-

2223 4066 2473 4122 SIinctus.
2534 4066 2612 4120 Tu
2665 4076 2845 4120 autem
2895 4082 3016 4121 cum
3065 4067 3340 4120 conditum
3399 4067 3469 4121 ab
3521 4083 3585 4121 eo
3643 4066 3827 4122 cibum

2224 4160 2479 4225 devores,
2521 4174 2616 4212 cur
2642 4159 2906 4211 insulsum
2933 4157 3113 4228 arguis
3138 4158 3522 4213 conditorem?
3571 4159 3643 4213 De
3684 4159 3828 4228 igni-

2224 4254 2350 4309 Cnlo
2405 4254 2523 4322 ejus
2573 4251 2815 4307 Ecclesia
2878 4262 2964 4304 tua
3020 4252 3210 4317 lucet,
3265 4261 3320 4305 et
3374 4252 3650 4307 lucernam
3704 4254 3831 4320 ejus

2231 4348 2385 4420 177
2414 4346 2720 4400 criminaris
2747 4344 3111 4400 exstinctam?
3139 4344 3338 4399 Oculos
3362 4344 3457 4398 tibi
3491 4344 3697 4413 praebet
3721 4385 3737 4409 ,
3768 4354 3830 4400 et

2224 4458 2403 4499 οωοιιε
2439 4442 2563 4497 est?
2600 4441 2966 4509 Quamobrem
2997 4456 3095 4494 oro
3134 4449 3204 4505 te,
3242 4450 3299 4495 ut
3343 4448 3436 4494 aut
3478 4439 3827 4494 sacrificandi

2226 4537 2275 4591 ei
2321 4536 2596 4591 licentiam
2634 4536 2878 4603 tribuas,
2927 4537 3082 4605 cujus
3123 4537 3388 4606 baptisma
3432 4534 3677 4605 probas:
3729 4546 3833 4590 aut

883 4628 1121 4684 Lucerna
1143 4673 1159 4697 ,
1195 4630 1367 4700 inquit
1394 4673 1408 4695 ,
1439 4632 1671 4698 corporis
1714 4641 1788 4685 est
1812 4630 1992 4685 oculus
2016 4674 2030 4698 ,
2066 4632 2117 4686 id
2149 4636 2199 4695 Ι)
2226 4629 2490 4694 reprobes
2521 4628 2637 4698 ejus
2672 4627 2963 4695 baptisma,
2998 4644 3154 4697 quem
3184 4644 3295 4684 non
3326 4628 3609 4683 existimas
3640 4641 3831 4682 sacer-

2227 4723 2432 4779 dotem.
2464 4721 2646 4792 Neque
2677 4723 2820 4776 enim
2862 4722 2977 4776 fieri
3007 4731 3226 4791 potest,
3258 4722 3435 4792 utqui
3473 4722 3525 4774 in
3565 4722 3582 4757 ί
3620 4720 3829 4789 baptis-

2232 4828 2374 4872 mate
2400 4826 2623 4870 sanctus
2651 4825 2733 4869 est
2757 4856 2771 4879 ,
2815 4816 2886 4869 sit
2914 4815 3053 4885 apud
3096 4816 3266 4869 altare
3311 4825 3589 4884 peccator.
3616 4813 3681 4867 L.
3716 4812 3830 4869 Sed

2230 4924 2333 4979 ego
2374 4908 2581 4977 recipio
2618 4907 2813 4962 laicum
2847 4908 3201 4975 ptenitentem
3243 4921 3337 4975 per
3381 4920 3578 4961 manus
3608 4904 3833 4973 imposi-

2234 5004 2459 5070 tionem,
2492 5013 2545 5059 et
2591 5001 2990 5057 invocationem
3018 5002 3253 5071 Spiritus
3278 5001 3495 5064 sancti,
3537 4999 3714 5054 sciens
3760 4998 3833 5053 ab

2236 5095 2510 5151 haereticis
2538 5094 2799 5164 Spiritum
2826 5103 3074 5148 sanctum
3109 5108 3215 5146 non
3259 5107 3419 5161 posse
3448 5091 3709 5146 conferri.
3758 5087 3825 5143 0.

2231 5188 2434 5243 Omnes
2479 5186 2910 5257 propositionum
2962 5197 3266 5240 vestrarum
3320 5183 3491 5238 calles
3543 5183 3610 5238 ad
3662 5195 3831 5236 unum

2234 5278 2534 5348 compitum
2566 5280 2869 5346 confluunt,
2900 5287 2955 5333 et
2984 5276 3301 5347 pavidorqu
3328 5290 3483 5331 more
3510 5289 3830 5338 cervorum,

2309 5477 2333 5516 ι¹
2378 5480 2431 5534 In
2461 5482 2633 5536 veteri
2662 5480 2795 5535 edit.
2822 5480 2912 5545 qui
2945 5478 2998 5531 in
3027 5478 3177 5531 domo
3201 5485 3339 5530 sunt.
3376 5475 3667 5531 Lucernam
3697 5479 3833 5532 enim

2235 5553 2331 5605 hoc
2359 5563 2452 5611 est.
2492 5552 2629 5606 Deus
2658 5552 2888 5607 scientia:
2907 5564 3013 5604 sua:
3039 5548 3343 5621 igniculum,
3379 5560 3486 5602 etc.

2310 5634 2332 5658 θ
2376 5623 2650 5678 Victorius
2690 5623 2874 5676 maluit
2918 5618 3077 5689 juxta
3116 5619 3403 5672 Brixianos
3434 5618 3656 5675 codices
3681 5624 3835 5691 quasi

2234 5692 2944 5765 idololatramrespuebatis._
3030 5758 3067 5765 ,Δ
3182 5762 3185 5765 δ
3284 5757 3299 5765 _
3365 5758 3377 5765 _
3534 5754 3565 5765 ,,
3716 5754 3725 5765 .
3825 5752 3835 5765 ρ

2313 5763 2332 5799 f
2378 5766 2521 5885 alios
2566 5754 2686 5819 erat'
2724 5763 2777 5817 in
2809 5758 3124 5827 baptisteria,
3157 5757 3300 5827 Quod
3328 5754 3635 5830 elegantius
3672 5754 3837 5818 altari

2313 5844 2376 5885 [Νι
2423 5851 2432 5885 I
2468 5846 2546 5885 ttt‘;

2235 5835 2546 5899 immittitur;
