4056 6354
207 342 271 398 liii
1150 334 1491 390 ΜΛΝ)ίέιὸ
1530 329 1809 386 CONTRA
1848 325 2375 381 LLLIFENMNOS.
3312 332 3414 390 ,δε

203 458 292 511 dum
315 468 333 491 «ι
358 470 501 509 vanos
529 467 825 523 pennarum
870 452 1081 507 cvitatis
1107 453 1320 505 volatus
1345 493 1360 515 ,
1396 448 1713 505 [artissimis
1742 450 1792 508 Α
1817 442 2092 496 clamantis
2124 445 2176 495 in
2210 444 2431 505 deserto,
2471 454 2651 512 parate
2681 442 2813 495 riam
2858 439 3070 497 Domini
3101 463 3118 497 :
3149 454 3313 501 rectas
3339 450 3420 510 fa.

204 548 352 604 retibus
376 547 737 618 impticamini.
791 546 917 599 Nam
946 561 1067 600 cum
1102 546 1154 599 in
1198 546 1358 599 Pner
1396 555 1446 598 ct
1490 543 1626 598 Filio
1664 554 1718 596 ct
1820 538 1915 591 cile
1942 539 2151 591 semitas
2177 534 2272 589 Dei
2301 540 2461 588 nostri
2491 534 2648 605 (lsai.
2675 553 2765 599 ιι..
2794 537 2860 599 3;
2894 536 3088 590 ΜαιιΙιι
3123 554 3204 597 III.
3228 540 3282 610 3)
3330 541 3422 597 Iilc

202 642 351 711 Spiritu
378 650 547 697 sancto
595 641 894 709 baptizatus
935 639 1098 694 ιωιηυ
1127 680 1142 703 ν
1190 640 1452 708 templum
1506 636 1717 691 υοηιῖιιί
1810 631 1912 715 μυί
1943 629 2153 681 dicebat
2186 646 2199 679 :
2234 626 2367 680 Ecce
2395 628 2572 699 Agnus
2602 625 2720 693 Dei,
2742 644 2855 681 ecce
2880 631 2967 697 qui
2995 629 3133 683 tollit
3162 642 3425 695 peccatum

199 736 300 802 ﬁat,
323 754 434 799 cum,
470 736 644 790 veteri
696 735 811 789 atde
849 734 1150 800 destructa,
1203 748 1399 787 novum
1432 731 1718 787 Trinitatis

1882 721 2007 773 undi
2040 718 2231 789 (Joan.
2261 734 2301 780 ι.
2333 718 2460 787 29).
2495 719 2673 773 Minus
2705 720 2864 783 dico,
2896 720 2989 776 ille
3020 723 3108 792 qui
3140 737 3205 776 es
3237 723 3426 778 matris

197 828 421 884 delubrum
456 828 772 889 (umquam,
816 825 1090 895 quomodo
1127 825 1266 880 dicis
1292 867 1307 889 ν
1338 825 1457 879 sine
1485 824 1719 878 adventu
1827 824 1982 867 utero
2012 814 2282 867 clamabat
2309 830 2320 865 :
2357 812 2423 866 Et
2456 813 2594 866 unde
2623 815 2720 865 hoc
2753 814 2902 875 mihi,
2934 826 2989 867 ut
3021 826 3184 868 mater
3216 814 3425 869 Domini

194 921 383 989 Spiritus
402 921 566 976 sancti
595 918 736 989 apud
764 919 994 972 Arianos
1038 926 1256 987 peccata
1290 931 1451 985 posse
1480 913 1723 969 dimitti?
1828 908 1922 959 mei
1948 908 2115 960 reniat
2140 906 2211 959 ad
2236 923 2313 959 me
2334 905 2487 976 (Luc.
2518 923 2556 971 ι,
2586 906 2719 976 £5)?
2742 907 3008 974 Spiritum
3039 920 3287 963 sanctum
3319 926 3428 965 non

194 1015 417 1083 Quomodo
456 1013 689 1083 antiquis
732 1012 985 1067 sordibus
1028 1012 1205 1065 anima
1256 1020 1558 1080 purgatur,
1602 1021 1724 1078 quas
1827 1003 1974 1059 dedit
2008 1046 2021 1065 ,
2078 1020 2240 1073 quem
2300 1002 2583 1073 Philippus
2641 1003 2906 1059 diaconus
2963 1004 3218 1059 eunucho
3280 1004 3434 1059 dedit

193 1118 387 1165 sanctum
412 1124 515 1163 non
546 1106 708 1161 habet
732 1105 1043 1173 Spiritum?
1080 1104 1268 1173 Neque
1295 1104 1440 1159 enim
1470 1118 1605 1170 aqua
1648 1102 1725 1155 la—
1832 1098 1969 1167 (Act.
1996 1096 2152 1163 vtu)?
2178 1113 2339 1164 quem
2370 1098 2612 1151 Ananias
2633 1096 2803 1151 Paulo
2823 1097 2976 1153 dedit
2998 1100 3139 1167 (Act.
3170 1097 3287 1169 is)?
3317 1101 3431 1153 Au-

192 1202 499 1262 vatanimam,
525 1199 619 1253 sed
647 1199 797 1268 prius
827 1198 942 1266 ipsa
969 1197 1178 1250 lavatur
1197 1212 1227 1250 a
1265 1196 1495 1265 Spiritu,
1518 1193 1728 1247 utalios
1832 1189 2016 1243 dacter
2035 1189 2262 1244 forsitan
2277 1188 2745 1245 videarJonnnem
2764 1189 3022 1258 przel'erre
3042 1190 3274 1245 cunctis.
3294 1189 3435 1246 Audi

190 1297 335 1351 latrare
357 1293 696 1364 spiritualiter
727 1292 918 1361 possit.
973 1291 1238 1358 Spiritus,
1268 1287 1725 1359 inquitMoyses,
1837 1282 2121 1337 Dominum
2172 1281 2484 1352 loquentem
2534 1299 2546 1334 :
2593 1280 2715 1335 Non
2753 1293 2825 1335 es!
2873 1282 2925 1334 in
2965 1283 3100 1335 natis
3154 1281 3437 1336 mulierum

188 1387 359 1443 Domini
385 1387 629 1458 ferebatur
670 1401 826 1455 super
874 1400 1035 1454 aquas
1065 1382 1238 1450 (Gen.
1271 1399 1308 1446 I,
1341 1382 1375 1434 2
1398 1380 1441 1451 ).
1497 1379 1574 1434 Ex
1622 1394 1729 1446 quo
1836 1376 2004 1441 major
2024 1371 2226 1427 Joanne
2247 1372 2715 1445 BaptistaUlarth.
2738 1373 2939 1439 an“).
2965 1373 3110 1429 Nulli
3134 1376 3279 1430 enim
3303 1392 3439 1431 cono

188 1487 373 1548 apparet
412 1479 671 1548 baptisma
729 1491 837 1530 non
894 1490 1020 1530 esse
1072 1476 1192 1529 sine
1251 1474 1457 1543 Spiritu
1517 1481 1728 1526 sancto.
1836 1466 1953 1535 tigit
1980 1465 2386 1536 prophetarum,
2417 1475 2469 1519 et
2495 1468 2820 1519 annuntiare
2847 1464 3148 1531 Christum,
3183 1479 3237 1522 et
3268 1469 3442 1538 digito

188 1570 451 1626 bBerhesda
484 1570 633 1623 lacus
655 1567 883 1633 Judmm,
912 1566 1012 1620 nisi
1046 1580 1142 1635 per
1172 1566 1462 1619 adventum
1493 1562 1682 1630 Angeli
1708 1603 1723 1627 ,
1836 1552 2234 1607 demonstrare.
2280 1551 2346 1605 Et
2375 1552 2502 1623 quid
2536 1552 2666 1606 mihi
2703 1567 2931 1609 neceSse
2966 1562 3049 1609 est
3081 1554 3134 1608 in
3180 1554 3305 1609 talis
3338 1554 3441 1610 viri

185 1662 420 1717 debilitata
444 1661 801 1731 corporaliter
830 1658 1072 1712 membra
1101 1672 1295 1711 sanare
1324 1671 1429 1709 non
1476 1662 1687 1722 poterat
1714 1670 1729 1707 :
1835 1645 2084 1699 laudibus
2109 1645 2427 1708 immorari,
2458 1659 2579 1699 cum
2614 1660 2643 1698 a
2673 1645 2786 1699 Deo
2811 1646 2967 1701 Patre
3003 1648 3166 1701 etiam
3194 1647 3439 1718 Angelus

179 1763 229 1808 et
255 1762 300 1807 tu
328 1752 432 1807 mihi
465 1767 601 1823 aqua
640 1749 914 1817 simplici,
963 1747 1124 1817 quasi
1155 1748 1221 1801 de
1252 1747 1450 1799 balneo
1496 1745 1733 1798 animam
1839 1741 2216 1806 uuncupetur?
2250 1738 2403 1803 Ecce,
2436 1740 2629 1807 inquit,
2663 1742 2811 1793 mitto
2840 1741 3093 1811 Aagelom
3124 1760 3291 1796 meum
3320 1754 3445 1799 ante

179 1845 323 1900 lotam
347 1844 623 1914 producis?
672 1843 793 1911 Ipse
835 1840 1099 1894 Dominus
1146 1850 1331 1893 noster
1372 1838 1529 1893 Jesus
1573 1836 1731 1890 Chri-
1769 1842 1817 1901 Β
1844 1833 2027 1900 [aciem
2076 1842 2217 1883 tuam
2250 1873 2265 1895 ,
2333 1834 2420 1901 qui
2474 1837 2787 1905 praeparabit
2846 1835 2982 1887 viam
3034 1846 3174 1888 tuam
3224 1846 3345 1891 ante
3398 1846 3447 1891 te

178 1946 310 1997 stus.
349 1939 428 2004 qui
468 1953 574 1992 non
620 1946 728 1991 tam
771 1935 1065 1989 mundatus
1098 1943 1182 1987 est
1214 1934 1465 1998 lavacro,
1494 1947 1653 2000 quam
1685 1930 1737 1983 in
1844 1923 2012 1992 (Ibid.
2040 1926 2164 1996 l0).
2197 1926 2364 1981 Plane
2393 1929 2682 1997 Angelutn,
2708 1928 2797 1996 qui
2826 1940 2944 1997 post
2978 1931 3207 1985 materni
3240 1933 3448 1986 ventris

176 2030 365 2085 lavacro
390 2044 483 2082 suo
527 2028 818 2081 universas
872 2038 1039 2093 aquas
1080 2022 1395 2086 inundavit,
1451 2022 1630 2075 statim
1683 2028 1744 2073 ut
1845 2017 2138 2085 hoSpitium
2164 2021 2331 2073 eremi
2358 2020 2573 2075 deserta
2604 2030 2871 2086 sectatus,
2894 2021 2920 2059 ἀ
2954 2025 3210 2093 parvulus
3235 2024 3303 2080 de
3327 2041 3451 2080 ser-

172 2129 316 2190 caput
340 2120 532 2175 extulit
556 2119 624 2171 de
647 2117 855 2170 ﬂuento
882 2156 896 2176 ,
924 2115 1186 2183 Spiritum
1214 2122 1463 2167 sanctum
1497 2111 1743 2179 accepit,
1848 2110 2102 2178 pentibus
2146 2112 2310 2176 lusit;
2351 2116 2441 2182 qui
2480 2115 2657 2168 oculis
2691 2116 2849 2186 179
2876 2118 3254 2183 spectantibus
3293 2117 3453 2174 Chii-

170 2228 265 2268 non
300 2212 435 2279 quod
461 2223 717 2278 umquam
738 2208 857 2261 sine
886 2206 1092 2275 Spiritu
1118 2214 1310 2259 sancto
1338 2204 1521 2269 fuerit,
1552 2203 1749 2272 quippe
1852 2213 2018 2265 stum,
2056 2204 2191 2256 nihil
2215 2204 2358 2257 aliud
2390 2214 2475 2258 est
2502 2207 2759 2275 dignatus
2785 2210 3033 2276 aspicere
3060 2227 3074 2273 ;
3104 2211 3193 2277 qui
3219 2210 3455 2280 eloquiis

168 2307 249 2375 qui
283 2304 350 2357 de
381 2300 580 2370 Spiritu
610 2307 800 2354 sancto
831 2300 881 2351 in
919 2312 1085 2351 carne
1116 2306 1274 2349 natus
1301 2304 1384 2349 est
1418 2312 1430 2346 :
1462 2294 1554 2347 sed
1586 2302 1642 2347 ut
1686 2292 1752 2346 il-

168 2398 248 2453 lud
280 2396 433 2450 nobis
464 2402 861 2449 manstraretnr
888 2406 1074 2445 verum
1117 2404 1241 2445 esse
1286 2389 1552 2458 baptisma
1575 2430 1591 2453 ,
1646 2401 1752 2457 quo

168 2492 384 2561 Spiritus
432 2498 654 2544 sanctus
691 2485 963 2539 adveniat.
1002 2496 1023 2521 τε
1058 2483 1227 2553 Igitur
1251 2483 1295 2537 si
1326 2482 1560 2537 Arianus
1586 2480 1755 2549 Spiri-

171 2594 269 2639 tum
297 2591 537 2637 sanctum
570 2594 677 2633 non
716 2586 897 2645 potest
939 2576 1092 2639 dare,
1126 2591 1197 2631 ne
1226 2575 1507 2643 baptizare
1533 2573 1753 2644 quidem

171 2686 372 2746 potest,
414 2674 537 2744 quia
570 2671 829 2725 Ecclesia:
856 2670 1122 2738 baptisma
1168 2668 1288 2723 sine
1318 2668 1526 2737 Spiritu
1566 2676 1757 2722 sancto

170 2768 359 2821 nullum
390 2774 495 2820 est.
532 2764 690 2836 178
728 2762 805 2816 Tu
848 2776 982 2816 vero
1024 2776 1147 2815 cum
1198 2759 1530 2828 baptizatum
1577 2759 1645 2813 ab
1687 2774 1756 2813 eo

170 2861 386 2928 recipias
408 2900 425 2924 ,
468 2870 522 2913 et
566 2868 755 2927 postea
786 2856 1004 2911 invoces
1035 2855 1296 2924 Spiritum
1340 2864 1585 2908 sanctum
1609 2895 1623 2917 ,
1663 2859 1757 2907 aut

169 2955 434 3021 baptizare
464 2966 586 3005 eum
615 2949 784 3005 debes
808 2989 825 3014 ,
869 2948 991 3018 quia
1040 2948 1158 3002 sine
1188 2947 1392 3014 Spiritu
1420 2954 1609 3001 sancto
1647 2961 1754 2999 nou

169 3048 334 3117 potuit
365 3044 671 3115 baptizari:
714 3050 806 3097 aut
853 3042 898 3095 si
948 3049 1035 3095 est
1080 3040 1387 3105 baptizatus
1426 3039 1477 3093 in
1523 3039 1752 3105 Spiritu,

167 3142 347 3196 desine
373 3140 422 3196 ei
450 3140 705 3193 invocare
734 3135 995 3206 Spiritum
1024 3176 1038 3197 ,
1070 3148 1229 3202 quem
1260 3142 1386 3187 tunc
1425 3147 1547 3187 cum
1583 3129 1758 3200 bapti-

166 3246 396 3302 zaretur,
430 3233 659 3303 accepit.

234 3331 283 3383 7.
335 3327 475 3395 Quid
510 3326 579 3379 ad
614 3341 789 3378 verum
826 3323 1081 3391 baptisma
1118 3320 1509 3374 necessarium?
1540 3316 1763 3371 Joannis

164 3422 418 3491 baptisma
447 3420 613 3484 quid?
645 3417 772 3472 Sine
804 3414 1007 3483 Spiritu
1049 3423 1225 3468 sancto
1256 3410 1458 3466 nullum
1491 3410 1763 3483 baptisma.

168 3510 362 3565 Verum
390 3518 441 3563 et
465 3509 749 3582 legitimum
776 3505 1023 3560 Ecclesia:
1048 3506 1320 3578 baptisma.
1341 3535 1411 3543 —
1431 3502 1493 3557 L.
1525 3503 1766 3558 Obsecro

165 3614 215 3659 te
238 3647 253 3669 ,
286 3618 472 3658 nonne
502 3601 681 3671 legisti
725 3601 777 3655 in
818 3599 1043 3653 Actibus
1072 3597 1457 3666 Apostolorum
1485 3640 1498 3662 ,
1548 3611 1644 3651 eos
1675 3594 1766 3664 qui

158 3696 266 3767 jam
320 3713 349 3751 a
396 3695 608 3751 Joanne
638 3693 891 3764 baptizati
926 3692 1175 3757 fuerant,
1210 3707 1331 3746 cum
1363 3692 1428 3744 ad
1461 3691 1767 3760 interroga-

164 3789 371 3844 tionem
396 3786 645 3857 Apostoli
679 3786 1110 3857 respondissent,
1137 3800 1197 3839 se
1222 3800 1319 3838 nec
1342 3784 1526 3838 auditu
1550 3785 1768 3854 quidem

159 3881 505 3949 comperisse
526 3878 655 3949 quid
689 3887 834 3933 esset
857 3876 1092 3946 Spiritus
1121 3888 1362 3942 sanctus,
1393 3889 1578 3945 postea
1604 3878 1772 3933 fuisse

159 3973 434 4042 Spiritum
465 3982 714 4030 sanctum
742 3970 1105 4026 consecutos?
1135 3969 1283 4027 Unde
1313 3970 1661 4027 manifesmm
1690 3980 1777 4026 est

156 4082 325 4136 posse
363 4068 607 4135 aliquem
644 4063 911 4131 bapt'znri
936 4105 950 4129 ,
980 4072 1035 4118 ct
1066 4071 1245 4117 tamen
1279 4078 1383 4117 non
1422 4063 1622 4120 habere
1652 4064 1773 4134 Spi-

154 4161 330 4214 ritum
378 4171 655 4215 sanctum.
712 4157 776 4211 0.
821 4156 937 4211 Non
986 4165 1095 4212 tam
1145 4157 1428 4227 imperitos
1466 4160 1775 4215 divinorum

156 4250 527 4308 Voluminum
559 4265 655 4305 eos
686 4250 783 4320 qui
812 4249 1039 4303 audiunt
1068 4259 1197 4318 pulo
1224 4292 1239 4315 ,
1273 4261 1329 4305 ut
1356 4250 1421 4305 ad
1457 4250 1595 4306 hanc
1624 4267 1777 4319 quze-

152 4347 505 4402 stiunculam
551 4343 955 4399 dissolvendam
1004 4344 1163 4415 longo
1206 4360 1460 4401 sermone
1501 4362 1641 4417 opus
1683 4349 1775 4403 sit.

149 4436 369 4495 Verum
406 4440 563 4508 prius
591 4453 751 4508 quam
781 4435 907 4507 quid
949 4436 1003 4491 iu
1047 4452 1168 4493 eam
1201 4439 1533 4491 sententiam
1564 4439 1777 4509 loquar,

147 4533 450 4595 ausculta,
476 4532 627 4600 juxta
658 4545 878 4586 sensum
910 4538 1058 4585 tuum
1082 4570 1097 4596 ,
1135 4537 1338 4596 quanta
1376 4529 1781 4598 Scripturarum

1854 2295 2094 2360 Domini,
2120 2312 2239 2364 qua:
2263 2296 2420 2350 melle
2443 2306 2496 2351 et
2518 2298 2638 2351 lavo
2662 2298 2901 2353 dulciora
2928 2311 3075 2367 sunt,
3100 2302 3317 2372 dignam
3343 2303 3455 2360 Deo

1854 2402 2043 2441 vocem
2068 2387 2321 2441 erudivit.
2350 2389 2414 2441 Et
2436 2405 2502 2442 ne
2524 2392 2881 2460 qnmStionem
2906 2409 3107 2459 morer,
3131 2397 3209 2451 sic
3230 2398 3459 2455 decebat

1856 2494 2107 2533 crescere
2136 2479 2538 2535 Prmcursorem
2569 2480 2805 2536 Domini.
2836 2484 2939 2537 Iste
2960 2500 3091 2553 ergo
3114 2489 3233 2540 talis
3255 2497 3463 2544 tantus-

1856 2587 1964 2642 que
2004 2572 2268 2641 Spiritum
2310 2585 2555 2627 sanctum
2602 2590 2708 2628 non
2746 2574 2927 2640 dedit,
2970 2593 3131 2646 quem
3172 2576 3461 2639 Cornelius

1856 2665 2112 2721 centurio
2139 2675 2428 2736 antequam
2461 2668 2853 2737 baptizaretur,
2874 2673 3117 2741 accepit?
3142 2672 3457 2745 Responde,

1857 2773 2043 2828 quaeso
2067 2800 2083 2825 ,
2115 2774 2212 2813 cur
2253 2774 2359 2813 non
2388 2758 2643 2814 dederit?
2674 2761 2939 2831 ignoras?
2977 2765 3116 2819 Audi
3146 2766 3277 2837 quid
3306 2768 3461 2824 Scri-

1857 2860 2030 2921 pturte
2059 2853 2294 2907 doceant
2335 2870 2348 2905 :
2382 2854 2608 2908 Joannis
2647 2855 2914 2926 baptisma
2957 2874 3063 2913 non
3097 2869 3206 2915 tam
3240 2874 3463 2929 peccata

1858 2945 2062 2999 dimisit
2084 2986 2099 3007 ,
2132 2960 2294 3014 quam
2329 2946 2668 3016 paenitentia:
2699 2948 2968 3016 baptisma
2999 2950 3099 3006 fuit
3126 2955 3176 3007 in
3211 2966 3463 3022 peccato-

1860 3053 1978 3093 rum
2011 3038 2390 3093 remissionem
2417 3080 2434 3106 ,
2464 3039 2514 3093 id
2545 3050 2629 3095 est
2650 3082 2662 3103 ,
2695 3042 2747 3095 in
2782 3044 3018 3098 futuram
3046 3047 3461 3120 remissionem;

1860 3148 1978 3203 qua!
2010 3144 2153 3187 esset
2183 3144 2372 3204 postea
2402 3150 2501 3205 per
2528 3138 3010 3195 sanctiﬁcationem
3039 3142 3243 3198 Christi
3272 3146 3468 3202 subse~

1786 3224 1831 3287 C
1861 3237 2071 3280 cutura.
2109 3226 2381 3297 Scriptum
2409 3238 2491 3283 est
2521 3229 2665 3284 enim
2704 3247 2718 3283 :
2752 3228 2873 3286 Fuit
2916 3232 3145 3290 Joannes
3180 3238 3234 3289 in
3263 3239 3467 3294 deserta

1866 3318 2137 3389 baptizans
2156 3362 2172 3386 ,
2202 3331 2250 3374 et
2279 3323 2566 3390 prirdt'cans
2597 3322 2938 3394 Evangelium
2967 3330 3276 3397 panitentia:
3302 3331 3355 3383 in
3384 3347 3468 3385 re-

1868 3416 2161 3469 missionem
2205 3428 2553 3487 peccatorum.
2593 3419 2655 3473 Et
2686 3431 2807 3489 post
2850 3423 3121 3479 modicum
3154 3442 3168 3478 :
3202 3423 3269 3478 Et
3296 3425 3471 3492 bapti-

1868 3508 2119 3562 zabantur
2145 3510 2207 3562 ab
2238 3526 2297 3563 eo
2328 3511 2381 3563 in
2423 3510 2661 3565 Jordane
2688 3516 2989 3581 conﬁtentes
3019 3528 3226 3586 peccata
3250 3534 3367 3571 sua.
3401 3517 3472 3575 Ut

1870 3606 2013 3658 enim
2050 3605 2168 3673 ipse
2196 3614 2323 3659 antc
2367 3605 2678 3661 Prtecursor
2712 3607 2924 3663 Domini
2959 3627 2971 3662 :
3004 3610 3082 3664 sic
3112 3620 3166 3665 et
3199 3610 3470 3681 baptisma

1870 3696 1988 3766 ejus
2016 3696 2286 3766 praevium
2310 3697 2581 3753 Dominici
2608 3698 2949 3769 baptismatis
2974 3701 3091 3757 fuit.
3124 3703 3227 3770 Qui
3249 3702 3313 3756 de
3333 3713 3475 3765 terra

1873 3802 1968 3857 est,
2016 3793 2216 3859 aiebat,
2248 3804 2449 3847 terrena
2487 3796 2751 3865 loquitur;
2792 3800 2881 3869 qui
2925 3800 2989 3852 de
3033 3802 3269 3871 supernis
3313 3806 3474 3871 venit,

1874 3900 2030 3951 super
2056 3902 2233 3939 omnes
2255 3897 2329 3939 est
2360 3884 2552 3954 (Joan.
2588 3904 2677 3953 III,
2710 3890 2769 3943 3t
2796 3893 2836 3956 ).
2874 3891 2942 3946 Et
2971 3893 3162 3947 iterum
3199 3912 3211 3948 :
3242 3894 3355 3967 Ego
3385 3900 3477 3953 ba-

1876 3978 2011 4048 ptizo
2038 3995 2124 4032 ros
2154 3980 2208 4033 in
2237 3996 2395 4050 aqua,
2426 3980 2516 4035 ille
2542 3980 2823 4052 baptizabit
2852 3985 2903 4036 in
2926 3986 3116 4052 spiritu
3146 3984 3365 4056 (Matth.
3392 4005 3473 4055 tu,

1881 4073 1990 4141 11).
2024 4072 2080 4129 Si
2115 4086 2296 4128 autem
2336 4074 2610 4142 Joannes,
2654 4085 2713 4131 ut
2750 4077 3040 4134 confessus
3069 4089 3153 4134 est
3187 4080 3333 4148 ipse,
3369 4097 3481 4141 nou

1882 4166 2173 4235 baptizavit
2218 4168 2271 4221 in
2314 4169 2540 4237 spiritu,
2591 4182 2993 4241 consequenter
3036 4188 3213 4243 neque
3259 4186 3482 4243 peccata

1882 4258 2109 4323 dimisit,
2140 4260 2264 4329 quia
2297 4260 2429 4314 nulli
2458 4260 2738 4317 hominum
2767 4267 2885 4319 sine
2909 4264 3111 4333 Spiritu
3142 4276 3330 4321 sancto
3355 4284 3486 4339 pec-

1882 4360 1999 4407 cata
2029 4350 2397 4407 dimittuntur.
2431 4354 2539 4408 Aut
2578 4356 2623 4409 si
2659 4356 3001 4411 coiitentiose
3037 4360 3436 4429 argumentaris
3461 4404 3477 4425 ,

1885 4446 2009 4498 ideo
2028 4444 2251 4500 Joannis
2270 4446 2537 4517 baptisma
2558 4446 2835 4501 dimisisse
2860 4457 3100 4517 peccata,
3132 4450 3255 4520 quia
3278 4450 3345 4507 de
3366 4466 3484 4509 cte-

1887 4538 1956 4592 lis
2001 4538 2121 4604 fuit,
2166 4540 2335 4594 edoce
2383 4540 2514 4611 quid
2553 4540 2786 4609 amplius
2833 4542 2886 4596 in
2918 4542 3119 4597 Chrisﬁ
3165 4543 3492 4615 baptismate

145 4625 422 4679 turbatio
476 4623 703 4677 oriatur.
753 4622 891 4689 Quid
937 4630 1024 4677 est
1070 4622 1210 4687 hoc,
1260 4620 1401 4691 quod
1446 4619 1687 4675 Joannes
1728 4624 1782 4678 in
1809 4614 1863 4674 D
1888 4644 2306 4699 consequamur.
2350 4633 2505 4697 Quod
2545 4643 2768 4700 peccata
2799 4632 3057 4701 dimittit,
3097 4614 3293 4695 liberat
3333 4657 3363 4695 a
3395 4658 3488 4712 ge-

138 4720 523 4789 bapt‘tsmate
551 4730 651 4770 suo
677 4714 794 4770 aliis
824 4716 1080 4783 Spiritum
1103 4725 1353 4771 sanctum
1386 4714 1518 4769 dare
1546 4730 1653 4769 non
1684 4731 1781 4786 po-
1892 4720 2093 4775 beuna.
2122 4722 2275 4790 Quod
2306 4739 2333 4776 a
2367 4723 2613 4793 gehenna
2644 4725 2860 4793 liberat,
2892 4726 3191 4797 perfectum
3222 4742 3325 4788 est.
3360 4734 3493 4791 Per-

141 4813 283 4880 tuit,
313 4811 427 4883 qui
454 4808 674 4865 Christo
694 4807 965 4864 deditIEt
988 4814 1109 4880 quis
1131 4820 1215 4866 est
1238 4810 1339 4865 iste
1359 4807 1644 4863 Joannes?
1677 4807 1788 4863 Vos-
1894 4813 2093 4869 fectum
2140 4826 2321 4871 autem
2360 4816 2655 4886 baptisma,
2704 4818 2808 4872 nisi
2845 4818 2990 4889 quod
3036 4820 3089 4876 in
3135 4838 3299 4879 cruce
3339 4834 3395 4879 et
3438 4828 3495 4882 in

1899 4970 1984 5025 vel
2034 4969 2103 5025 ab
2146 4969 2217 5025 iis
2256 4968 2476 5036 collata,
2514 4970 2604 5040 qui
2644 4971 2991 5032 anathemate
3034 4976 3269 5033 devincti
3314 4988 3499 5037 erant.

1902 5041 2187 5116 Menenius
2220 5042 2402 5116 itaque
2428 5057 2534 5097 non
2556 5042 2806 5100 absolute
2829 5048 3016 5116 negari
3041 5053 3139 5104 abs
3164 5049 3502 5116 llieronymo

1902 5114 2136 5169 Arianos
2169 5113 2447 5183 baptizare
2482 5130 2673 5183 posse,
2715 5118 2811 5172 sed
2854 5113 3062 5176 morem
3107 5114 3498 5182 Erclesia’de—

1905 5185 2090 5267 Iendi,‘
2111 5201 2231 5254 qua:
2263 5186 2330 5239 ab
2374 5186 2593 5267 Arionis
2625 5189 2907 5267 venientes
2934 5196 3233 5267 episcOpos
3263 5198 3503 5267 recipiev

1905 5259 2016 5335 bat.
2050 5257 2130 5335 Eo
2151 5258 2597 5335 sensuAetiamS.
2632 5257 3145 5335 Augustintts'epist.
3173 5268 3300 5333 183,
3328 5257 3495 5335 p.37,

1908 5331 2052 5385 ultro
2085 5330 2288 5384 fatetur
2316 5330 2447 5401 foris
2472 5330 2535 5384 ab
2571 5334 2767 5410 unitate
2796 5330 3038 5410 corporis
3077 5330 3294 5405 Christi,
3324 5330 3503 5410 Spiri;

1906 5411 2018 5457 tum
2054 5412 2299 5456 sanctum
2332 5417 2436 5456 non
2464 5416 2624 5469 posse
2655 5406 2869 5461 haberi.

1974 5471 2001 5511 (1
2040 5474 2293 5529 Notatuin
2324 5473 2570 5529 Victoria
2593 5476 2763 5531 alluui
2791 5478 2941 5533 Isaia:
2966 5479 3148 5533 locum
3175 5496 3228 5536 c.
3258 5481 3320 5535 il
3352 5498 3364 5533 :
3395 5480 3502 5536 De-

1906 5546 2173 5601 lectabilur
2203 5547 2377 5623 infans
2403 5550 2467 5601 ab
2497 5547 2649 5623 ubere
2671 5567 2826 5619 super
2848 5554 3107 5622 foramine
3129 5552 3348 5623 aspidis.
3373 5566 3419 5605 et
3446 5555 3501 5609 in

1906 5635 2175 5675 cavernam
2206 5619 2391 5691 reguli,
2431 5620 2523 5689 qni
2560 5619 2859 5675 ablactatus'
2890 5623 3065 5690 fuerit,
3098 5619 3307 5676 manum
3352 5641 3502 5681 suam

1910 5694 2090 5764 mittet.
2122 5693 2329 5764 Quibus
2373 5692 2535 5745 homo
2564 5694 2907 5764 designatur,
2935 5693 3023 5747 cui
3067 5693 3199 5751 nihil
3239 5697 3403 5753 etiam
3435 5700 3505 5758 ab

1910 5763 2137 5820 infantia
2170 5763 2440 5819 scelerum
2470 5766 2675 5817 nocuit.

225 4984 256 5012 ⁸
304 4973 538 5045 Nempe
570 4972 825 5028 funiculis
856 4987 1053 5041 penna:
1076 4969 1561 5045 suspendebantur
1592 4977 1792 5045 praeter

141 5049 415 5115 spatium
456 5042 602 5116 quod
628 5046 760 5100 retia
787 5056 1077 5110 occupant,
1110 5057 1163 5097 ut
1183 5043 1301 5116 fera
1331 5058 1520 5097 earum
1550 5042 1790 5116 violatum

142 5113 320 5186 quasi
361 5113 682 5188 periculum
727 5117 1022 5188 evitatura,
1069 5131 1131 5170 se
1180 5113 1233 5169 in
1281 5116 1417 5170 retia
1464 5115 1787 5186 conjiceret.

148 5186 375 5261 Virgil;
410 5188 675 5259 Georgio.
710 5186 779 5242 de
803 5188 986 5243 cervis
1014 5205 1027 5241 :

249 5302 373 5352 Hos
402 5315 508 5353 non
534 5303 767 5351 immissis
788 5302 1015 5361 canibus,
1041 5313 1135 5350 non
1155 5301 1372 5349 cassibus
1396 5300 1525 5358 ullis,

248 5364 619 5426 Puniceaaque
644 5367 833 5428 agitant
859 5365 1058 5427 pavidos
1080 5364 1335 5412 l‘ortnidiue
1358 5377 1551 5426 pennas.

225 5479 260 5516 ι’
312 5480 638 5534 Probatira
674 5480 892 5535 Piscina
928 5494 1090 5547 quam
1126 5478 1290 5533 Joan.
1323 5493 1375 5538 v,
1409 5476 1467 5540 Ξ,
1504 5484 1806 5547 memorat,

139 5550 421 5625 ξξγομένη
467 5552 742 5625 Ἐϐραξστὶ
784 5549 1040 5615 Βηθεσδά,
1074 5549 1484 5625 dicta__ltebraice
1524 5546 1798 5601 Bel/testia.

141 5619 322 5677 Nutic
362 5619 585 5679 obtinet
619 5623 912 5679 Betltsaida
941 5627 1106 5675 etiam
1136 5622 1186 5675 in
1213 5619 1532 5690 Hieronym.
1560 5634 1694 5674 m~s.

229 5709 255 5735 τ
309 5695 601 5753 Nimirum
644 5698 711 5751 ad
757 5712 879 5751 eam
932 5694 1048 5749 ha-c
1081 5693 1393 5747 referuntur
1423 5689 1805 5760 quchtionetn,

141 5780 268 5831 qua
299 5770 492 5825 variis
528 5767 929 5826 occasionibus
962 5764 1295 5834 disputatum
1332 5776 1415 5819 est
1442 5765 1510 5816 ab
1541 5764 1805 5827 antiquis,

140 5850 227 5891 an
268 5839 469 5898 valida
504 5852 688 5900 essent
730 5840 989 5913 qtttedattt
1020 5844 1387 5905 sacramenta,
1416 5835 1481 5890 ab
1511 5834 1807 5901 htereticis,
