4056 6304
198 226 278 283 165

1196 217 1541 279 οιΑιοςυε
1577 216 1864 277 CONTRA
1904 215 2440 279 LUCIFEBIANOS.
2458 214 2483 230 ‘

3360 224 3464 281 168

198 336 523 401 necessitatis.
548 338 768 410 Alioqui
799 338 845 395 si
874 336 941 394 ad
970 337 1216 408 episcopi
1244 346 1455 394 tantum
1488 336 1759 407 impreca-
1786 336 1840 402 Α
1862 334 2135 405 sequeris,
2165 349 2198 389 a
2222 333 2588 403 qumstiouuut
2629 333 2792 391 lineis
2819 334 3079 393 excidisti
3104 354 3117 390 ι
3140 351 3293 393 more
3336 356 3467 407 quu-

199 433 362 487 tionem
415 430 659 501 Spiritus
703 440 921 487 sanctus
967 429 1176 495 deﬂuit,
1226 430 1444 501 lugendi
1476 438 1636 495 sunt,
1665 429 1756 500 qui
1859 425 2110 482 rumdam
2160 426 2468 498 loquacium
2514 428 2692 496 potius
2737 443 2896 498 quant
2949 430 3302 485 facundornm
3329 473 3342 491 ,
3375 432 3465 499 qui

198 529 280 587 in“
306 526 553 594 villulis,
582 536 677 582 aut
720 529 775 583 in
820 526 1223 594 castellis,aut
1267 526 1323 581 iu
1371 524 1758 581 remotioribus
1859 534 1983 575 cum
2026 519 2305 587 disputare
2356 521 2634 586 nesciant,
2667 531 2846 577 tamen
2896 523 3115 591 litigare
3166 540 3274 577 nou
3319 524 3465 577 desi-

192 622 304 683 locis
332 636 425 692 per
456 619 814 694 presbyteros
839 628 896 673 et
921 619 1182 679 diaconos
1210 618 1463 687 baptizati
1483 626 1612 672 ante
1630 615 1759 671 dor-

192 714 429 777 mierunt,
462 726 622 783 quam
653 711 724 768 ab
754 711 1026 781 episcopis
1056 712 1439 766 inviserentnr.
1474 711 1636 783 18³
1662 709 1761 764 Ec-

190 804 353 860 clesia:
378 802 523 860 salus
550 805 602 861 in
633 803 826 861 summi
849 802 1169 859 Sacerdotis
1186 800 1212 839 ι)
1235 802 1497 874 dignitate
1526 801 1756 871 pendet:

193 897 301 953 ccui
327 898 373 954 si
404 910 512 953 non
539 910 730 951 exsors
765 894 1013 966 quaedam
1041 904 1097 951 et
1126 896 1196 949 ab
1224 896 1481 951 omnibus
1510 897 1760 950 eminens

187 990 325 1046 detur
351 998 616 1060 potestas,
642 998 719 1045 tot
747 990 803 1047 iu
831 988 1097 1044 Ecclesiis
1125 987 1436 1044 efticientur
1463 988 1761 1043 schismata

188 1094 302 1154 quot
345 1081 677 1139 sacerdotes.
708 1081 838 1139 lude
884 1083 1077 1149 venit,
1107 1092 1166 1137 nt
1209 1085 1330 1139 sine
1370 1082 1665 1139 chrismate
1709 1091 1763 1139 ct

186 1174 406 1246 episcopi
432 1175 699 1246 iussione,
746 1190 922 1247 neque
953 1176 1258 1251 presbyter,
1286 1192 1463 1248 neque
1500 1176 1764 1233 diaconus

182 1266 259 1334 jus
288 1266 519 1323 habeant
564 1266 892 1338 baptizandi.
926 1266 1081 1334 Quod
1123 1265 1439 1338 frequenter
1460 1310 1476 1335 ,
1508 1269 1553 1326 si
1582 1278 1762 1325 tamen

187 1362 463 1417 necessitas
489 1363 657 1431 cogit,
690 1362 896 1417 scimus
923 1361 1089 1417 etiam
1118 1360 1287 1418 licere
1313 1362 1487 1418 laieis.
1522 1362 1591 1419 Ut
1617 1363 1763 1419 enim

184 1454 365 1523 accipit
389 1452 534 1522 quis,
569 1452 643 1508 ita
672 1461 727 1508 et
757 1452 892 1510 dare
920 1462 1128 1524 potest;
1159 1454 1262 1509 nisi
1299 1453 1437 1510 forte
1481 1454 1766 1511 eunuchus

182 1561 209 1600 a
239 1545 478 1618 Philippo
508 1546 740 1603 diacono
790 1546 1120 1615 baptizatus,
1151 1549 1271 1602 sine
1314 1546 1522 1617 Spiritu
1570 1558 1765 1604 sancto

183 1636 343 1694 fuisse
369 1638 678 1697 credendus
702 1648 817 1704 est,
850 1638 920 1695 de
946 1654 1053 1709 quo
1083 1639 1359 1711 Scriptura
1387 1640 1459 1695 ita
1491 1640 1761 1711 loquitur:

1863 622 2019 668 nunt.
2065 610 2183 682 Ego
2226 614 2375 669 enim
2424 628 2533 670 non
2584 624 2693 669 tam
2726 614 2778 669 in
2809 614 3065 684 presenti
3110 616 3343 669 Arianos
3383 614 3467 668 rel

1861 706 2131 777 improbo,
2158 707 2243 761 vel
2270 706 2531 772 defendo,
2550 723 2712 778 quam
2736 708 2884 764 illam
2909 723 3102 764 cursus
3126 710 3232 763 titei
3267 720 3466 763 metam

1862 801 2162 867 circumeo,
2191 800 2386 857 eadem
2429 802 2643 857 ratione
2666 818 2696 856 a
2729 801 2886 857 nobis
2925 801 3242 872 episcopum
3276 801 3467 869 recipi,

1863 910 1967 965 qua
1997 896 2166 950 laicus
2192 910 2224 950 a
2253 896 2409 953 vobis
2437 896 2719 967 recipitur.
2765 897 2822 952 Si
2851 897 3056 954 erranti
3088 897 3345 952 concedis
3372 911 3467 951 ve-

1866 989 2037 1050 niam.
2068 996 2124 1042 et
2154 1002 2255 1056 ego
2283 987 2508 1057 ignosco
2535 990 2840 1058 poenitenti.
2866 990 2924 1047 Si
2953 990 3006 1043 in
3038 989 3144 1044 fide
3166 1004 3263 1045 sua
3298 989 3472 1058 bapti-

1866 1094 1991 1137 zato
2019 1081 2129 1153 [ΑΙ.
2157 1082 2512 1153 baptizatum]
2541 1082 2820 1153 baptiaans
2842 1098 3040 1141 nocere
3062 1098 3169 1137 non
3201 1083 3395 1151 patuit,
3415 1092 3471 1139 et

1868 1174 1921 1230 in
1950 1176 2055 1230 tide
2083 1190 2180 1232 sua
2211 1179 2549 1232 sacerdotem
2592 1182 2947 1233 constitutum
2976 1177 3322 1233 constituens
3353 1192 3460 1230 non

1869 1267 2192 1337 inquinavit.
2244 1268 2467 1325 Subtilis
2508 1280 2594 1325 est
2642 1268 2865 1325 ha‘resis
2894 1308 2909 1333 ,
2944 1278 2998 1323 et
3039 1267 3161 1325 ideo
3191 1267 3470 1335 simplices

1867 1362 2065 1416 anima:
2110 1360 2267 1417 facile
2311 1361 2681 1432 decipiuntur.
2718 1361 2974 1431 Deceptio
3015 1371 3124 1417 tam
3158 1360 3279 1415 laici
3308 1375 3469 1429 quant

1869 1454 2113 1522 episcopi
2156 1455 2465 1508 communis
2511 1464 2614 1509 est.
2664 1458 2730 1508 At
2780 1454 3072 1523 episcOpus
3124 1469 3316 1509 errare
3365 1470 3472 1509 nun

1870 1543 2064 1614 potuit.
2110 1543 2318 1600 Revera
2366 1545 2436 1601 de
2480 1545 2717 1601 Platonis
2746 1554 2802 1599 et
2827 1545 3212 1613 AristOphanis
3240 1545 3366 1601 sinu
3416 1548 3467 1599 in

1869 1641 2245 1711 episeopaluut
2276 1641 2583 1710 alleguutur
2605 1642 2710 1712 [ΑΙ.
2742 1640 3065 1710 θιὲευιιιυτ1.
3092 1641 3301 1705 Quotus
3328 1641 3472 1695 cuitu

182 1731 245 1787 Et
290 1732 651 1791 descenderent
699 1734 850 1789 amba
896 1734 950 1789 in
995 1750 1215 1804 aquam;
1254 1744 1300 1787 et
1329 1735 1603 1805 baptizavit
1646 1750 1761 1789 eunt
1796 1728 1842 1791 Β
1869 1736 2103 1801 quisque
2146 1744 2262 1797 est,
2293 1734 2383 1803 qui
2420 1750 2525 1788 non
2570 1734 2818 1803 apprime
2850 1734 2903 1787 in
2935 1733 3020 1787 liis
3065 1732 3313 1787 eruditus
3361 1732 3476 1784 sit?

182 1820 447 1895 Philippus
496 1826 636 1898 (Act.
688 1841 805 1893 t'ttt,
850 1826 967 1894 38).
1009 1824 1078 1881 Et
1125 1840 1246 1879 cum
1292 1827 1649 1883 abscederent
1694 1827 1762 1881 ab

174 1933 327 1991 aqua,
356 1919 585 1991 Spiritus
616 1930 828 1975 sanctus
867 1918 999 1973 venit
1026 1920 1081 1971 in
1121 1920 1435 1975 eunuchum.
1482 1920 1540 1975 Si
1581 1928 1761 1975 autem

172 2010 297 2067 illud
350 2012 722 2081 obiiciendum
770 2023 925 2078 putas
949 2052 966 2078 ,
995 2012 1119 2079 quia
1142 2051 1157 2074 ,
1186 2010 1316 2065 Cum
1345 2012 1608 2069 audissent
1633 2029 1764 2079 apo-

168 2104 286 2159 stoli
315 2106 405 2171 qui
435 2113 584 2158 erant
619 2101 984 2172 Jerosolgntis,
1020 2102 1145 2172 quia
1171 2104 1364 2172 recepit
1385 2102 1630 2157 Samaria
1659 2118 1769 2157 uer-

163 2197 287 2251 bum
317 2193 439 2259 Dei,
458 2195 705 2249 miserunt
731 2196 799 2249 ad
820 2210 905 2248 eos
935 2192 1150 2249 Petrum
1172 2203 1220 2247 ct
1240 2191 1519 2260 Joannem,
1540 2194 1628 2260 qui
1654 2209 1770 2247 cunt

160 2288 428 2343 venissent
458 2284 528 2340 ad
550 2301 634 2340 eos
652 2325 666 2349 ,
696 2298 971 2343 orarcruut
996 2301 1092 2357 pro
1120 2286 1226 2353 eis,
1256 2295 1310 2340 ut
1337 2286 1624 2357 acciperent
1648 2284 1772 2354 Spi-

160 2382 323 2435 ritum
355 2388 628 2447 sancturu,
660 2379 892 2435 nondum
934 2381 1075 2435 enim
1118 2380 1376 2435 ceciderat
1420 2395 1575 2447 super
1606 2380 1772 2435 ullum

162 2475 375 2531 illorum
407 2468 623 2542 (Ibid.).
669 2470 784 2527 Cur
830 2473 901 2527 ita
933 2470 1135 2529 factum
1163 2472 1273 2539 sit,
1308 2472 1362 2527 in
1390 2471 1773 2540 consequenti-

162 2564 263 2621 bus
290 2562 463 2619 disce.
511 2562 632 2633 Ipse
657 2563 801 2619 enim
832 2563 946 2619 ait:
974 2564 1082 2619 Sed
1128 2565 1299 2619 solum
1336 2562 1584 2631 baptizutl
1628 2574 1772 2621 erant

163 2659 215 2710 in
241 2656 454 2712 nomine
482 2653 695 2712 Domini
720 2657 866 2711 Iesu.
891 2655 1038 2713 Tunc
1066 2656 1399 2726 impendant
1424 2658 1530 2712 illis
1560 2672 1770 2721 manus,

161 2762 209 2807 et
236 2748 562 2821 accipiebant
613 2750 876 2822 Spiritum
914 2761 1175 2809 smmum.
1222 2751 1338 2806 Hoc
1383 2752 1505 2807 loco
1542 2755 1588 2809 si
1626 2760 1681 2806 et
1715 2761 1770 2808 tu

160 2843 423 2901 similiter
454 2852 508 2899 te
537 2842 720 2901 facere
747 2843 907 2909 dicis,
935 2844 1059 2913 quia
1090 2844 1333 2901 bairetici
1369 2860 1476 2901 non
1524 2844 1770 2915 baptiaa~

161 2944 363 2991 verunt
390 2938 444 2991 in
475 2934 685 3007 Spiritu
716 2945 929 3003 sancto,
954 2937 1097 2993 scias
1122 2936 1431 3007 Philippum
1453 2938 1522 2993 ah
1550 2946 1770 3009 aposto-

162 3029 227 3087 lis
260 3046 370 3083 nuu
404 3027 575 3085 fuisse
601 3030 857 3095 divisum,
886 3029 1132 3087 eamdem
1156 3030 1411 3087 habuisse
1436 3029 1765 3093 Ecclesium,

1866 1826 2113 1895 Denique
2165 1842 2231 1883 ex
2276 1825 2532 1882 litteratis
2556 1828 2887 1895 quicumque
2933 1825 3093 1880 hodie
3125 1824 3474 1889 ordinantur,

1868 1918 1918 1974 id
1949 1918 2149 1974 habent
2178 1934 2345 1987 curae,
2378 1937 2485 1975 non
2516 1922 2793 1989 quomodo
2825 1919 3230 1988 Scriptutarunt
3264 1917 3473 1974 medul-

1868 2008 1949 2065 las
2018 2010 2277 2076 ebibant,
2335 2009 2431 2065 sed
2489 2010 2769 2080 quomodo
2832 2026 2994 2065 aures
3057 2010 3236 2079 populi
3297 2008 3478 2067 decla-

1873 2108 2145 2157 matorum
2189 2101 2427 2155 ﬂosculis
2459 2102 2754 2156 mulceant.
2791 2102 3016 2157 Accedit
3050 2100 3117 2155 ad
3151 2101 3253 2153 hoc
3276 2141 3291 2165 ,
3337 2116 3427 2169 qut
3448 2099 3482 2153 ιι

1868 2190 2073 2250 Ariana
2106 2191 2330 2246 heresis
2358 2194 2530 2261 magis
2558 2208 2686 2250 cum
2718 2194 2984 2262 sapientia
3016 2194 3200 2247 smculi
3236 2193 3383 2257 facit,
3419 2203 3474 2249 et

1873 2284 2410 2353 argumentationum
2457 2284 2605 2341 rivos
2649 2284 2717 2339 de
2747 2284 3056 2342 Aristotelis
3088 2284 3331 2341 fontibus
3366 2303 3482 2339 tnu-

1879 2385 2078 2433 luatur.
2110 2376 2279 2445 lgitnr
2311 2377 2662 2446 parvulorum
2691 2379 2837 2434 inter
2879 2393 2939 2432 se
2975 2379 3299 2435 cercintinni
3330 2378 3432 2433 titu
3463 2421 3477 2443 ,

1875 2470 2137 2542 quidquid
2171 2471 2400 2533 dixeris.
2437 2471 2616 2527 dicam
2646 2472 3012 2537 :ailirmahis,
3045 2471 3361 2527 afﬁrmatio:
3388 2488 3483 2528 nc-

1872 2564 2060 2635 gabis,
2102 2562 2333 2634 negabo.
2384 2564 2624 2619 Arianus
2679 2564 2959 2635 bapziaat,
3013 2577 3146 2633 ergo
3202 2565 3488 2633 episcopus

1874 2669 1960 2717 est
1987 2678 1999 2715 :
2025 2675 2134 2715 non
2157 2659 2417 2729 baptiz-at,
2444 2669 2497 2713 tu
2518 2661 2689 2715 refota
2713 2660 2932 2720 laicum.
2959 2669 3011 2715 et
3030 2674 3131 2730 ego
3160 2675 3265 2715 non
3284 2659 3487 2729 recipio

1872 2753 2238 2813 sacerdotem.
2264 2751 2476 2821 Sequar
2505 2763 2559 2809 te
2597 2767 2941 2822 quocumque
2967 2753 3092 2807 ieris
3111 2793 3124 2817 ,
3151 2761 3243 2807 aut
3286 2751 3488 2821 pariter

1873 2846 1928 2901 in
1963 2846 2077 2903 lato
2107 2846 2506 2911 litesitabimus,
2540 2854 2633 2901 aut
2659 2846 2863 2915 pariter
2884 2846 3257 2914 eapedicmur.

1945 2936 2033 2993 12.
2085 2938 2346 2993 Solemnis
2392 2939 2731 3009 interrogatio
2776 2939 2831 2991 iu
2881 2935 3243 3008 Baptismo.—-
3274 2936 3334 2991 L.
3372 2937 3479 2994 Sed

1874 3029 2017 3087 laico
2061 3028 2183 3087 ideo
2234 3031 2626 3100 ignoscendum
2671 3042 2774 3095 est,
2815 3028 2973 3102 ια
3000 3031 3127 3098 quis
3172 3031 3471 3087 Ecclesiatn

157 3121 418 3177 eumdem
477 3121 766 3177 Dominum
816 3121 1003 3181 lesum
1064 3121 1342 3180 Christum
1399 3125 1727 3193 prindicasse
1753 3142 1767 3191 ;
1798 3114 1844 3178 C
1876 3123 1969 3179 Dei
2001 3133 2220 3194 putans,
2246 3126 2567 3196 simpliciter
2591 3127 2853 3191 accessit,
2885 3139 2938 3183 et
2958 3126 3112 3196 juxta
3138 3126 3298 3183 ﬁdem
3327 3144 3477 3180 suam

158 3210 460 3269 diaconum
492 3226 639 3270 certe
671 3214 837 3270 fuisse
859 3230 1073 3279 eorum,
1102 3216 1193 3287 qui
1223 3228 1415 3287 postea
1442 3234 1635 3273 manus
1671 3219 1771 3274 int-

158 3316 489 3375 posuerunt.
534 3306 611 3362 Tn
644 3322 773 3363 vero
799 3322 925 3363 cum
954 3308 1096 3378 apud
1142 3309 1379 3367 Ariauos
1428 3325 1536 3369 non
1584 3310 1771 3369 Eccle-

158 3398 304 3453 siam
350 3398 504 3455 dicas
547 3414 694 3463 esse,
724 3399 819 3455 sed
851 3414 1216 3473 synagogaui;
1259 3417 1360 3459 nec
1385 3403 1623 3463 clericos
1649 3404 1767 3469 Dei,

158 3491 259 3548 sed
292 3501 557 3549 creatura:
585 3502 640 3548 et
668 3492 938 3550 idolorum
968 3494 1207 3550 cultores
1228 3536 1244 3561 ,
1270 3495 1544 3565 quomodo
1576 3497 1628 3552 in
1659 3496 1770 3553 dis-

160 3585 281 3651 pari
312 3599 477 3641 causa
506 3584 755 3643 eamdem
784 3587 986 3643 asseris
1024 3590 1291 3645 rationem
1326 3598 1377 3643 te
1406 3590 1625 3645 tenere?

234 3679 328 3735 l0.
369 3676 436 3733 L.
492 3678 750 3735 Valenter
776 3678 996 3750 quidem
1030 3688 1084 3736 et
1109 3680 1219 3739 fixo
1261 3680 1431 3751 gradu
1474 3698 1561 3739 me
1590 3682 1686 3739 tibi
1715 3682 1769 3739 in

157 3768 362 3828 faciem
392 3772 747 3831 dimicantem
794 3773 1043 3841 repellis;
1078 3773 1173 3830 sed
1205 3786 1327 3844 post
1352 3784 1563 3844 tergum
1589 3776 1766 3833 crede-

158 3867 261 3930 ris,
279 3877 333 3923 et
355 3866 497 3921 unda
518 3881 550 3921 a
571 3866 798 3939 spiculis
818 3868 981 3924 dorsa
1005 3885 1110 3922 non
1136 3870 1392 3939 protegis.
1418 3869 1551 3927 Esto
1572 3870 1771 3941 quippe

154 3958 309 4029 apud
360 3958 600 4017 Arianos
650 3976 719 4018 ne
763 3962 1031 4031 baptisma
1084 3964 1239 4035 183
1281 3964 1500 4035 quidem
1539 3980 1684 4032 esse,
1719 3977 1773 4021 et

156 4052 291 4111 ideo
336 4054 603 4125 Spiritum
647 4065 892 4115 unctum
922 4056 991 4111 ab
1020 4056 1100 4113 eis
1145 4074 1250 4114 non
1283 4073 1444 4127 posse
1471 4059 1613 4125 dari,
1647 4061 1771 4130 quia

157 4149 405 4204 necdum
434 4150 820 4209 remissionem
850 4161 1201 4220 peccatorum
1226 4153 1568 4223 acceperint;
1601 4162 1770 4211 totum

156 4240 267 4301 hoc
300 4242 550 4301 victoriae
580 4257 716 4299 meae
745 4244 978 4314 prolicit,
1001 4254 1058 4302 et
1083 4256 1528 4316 argumentorum
1557 4256 1771 4305 tuorum

159 4335 455 4403 palzestra,
483 4336 616 4395 mihi
650 4335 882 4406 palmam
912 4340 1159 4397 victoria:
1188 4344 1365 4399 sudat.
1393 4342 1623 4401 Arianae
1644 4342 1776 4412 bap-

157 4429 329 4485 tisrna
364 4445 475 4493 non
509 4430 696 4496 habet,
737 4440 794 4489 et
839 4432 1116 4501 quomodo
1156 4433 1521 4490 sacerdotium
1570 4435 1776 4491 habet?

1871 3218 2106 3275 credens
2156 3219 2457 3289 beptiaatns
2503 3229 2608 3275 est.
2661 3220 2727 3273 0.
2769 3219 2972 3275 Novam
3004 3237 3118 3277 retu
3152 3221 3389 3283 asscris,
3422 3228 3481 3274 ut

1872 3310 2215 3375 Christianus
2242 3315 2529 3383 quisquam
2561 3315 2735 3369 factus
2780 3314 2850 3369 sit
2880 3315 2947 3368 ab
2973 3329 3070 3380 eo,
3106 3313 3199 3383 qui
3241 3329 3350 3367 non
3387 3314 3486 3369 luit

1869 3402 2235 3463 Christianus.
2266 3405 2548 3462 Accedens
2578 3401 2603 3441 ι¹
2633 3406 2701 3459 ad
2730 3406 2992 3471 Arianos,
3017 3407 3069 3461 in
3089 3421 3192 3476 qua
3217 3405 3322 3459 fide
3350 3404 3481 3473 bap-

1874 3498 2069 3555 tizatus
2098 3499 2219 3553 est?
2246 3498 2447 3569 Nempe
2472 3499 2527 3555 in
2553 3515 2615 3554 ea
2644 3515 2806 3569 quam
2832 3498 3108 3555 habebant
3137 3497 3345 3554 Ariani.
3375 3496 3482 3552 Aut

1872 3589 1916 3645 si
1955 3590 2068 3660 jam
2103 3592 2217 3660 ipse
2247 3592 2386 3649 bene
2415 3592 2718 3656 credebat,
2757 3604 2813 3646 et
2862 3594 3044 3647 scions
3094 3590 3162 3645 ab
3209 3589 3485 3645 haereticis

1870 3684 2177 3755 baptizatus
2190 3695 2298 3752 est,
2315 3686 2517 3742 erroris
2532 3687 2746 3743 veniam
2764 3703 2868 3743 non
2889 3696 3149 3743 meretur.
3162 3683 3364 3740 Verum
3381 3683 3484 3740 hoc

1873 3779 2403 3849 peuitusabsnrdnm
2422 3792 2527 3846 cst,
2556 3790 2614 3838 ut
2642 3782 2943 3852 discipulus
2964 3781 3029 3834 ad
3056 3780 3373 3849 magistrum
3395 3796 3483 3834 va-

1875 3874 2007 3928 dens
2022 3885 2151 3929 ante
2173 3874 2244 3930 sit
2261 3874 2456 3932 artil‘ex
2480 3891 2645 3947 quam
2673 3876 2970 3942 doceatur;
3001 3885 3057 3931 ut
3081 3877 3243 3932 modo
3272 3877 3342 3931 ab
3370 3874 3487 3933 idib

1875 3969 2048 4024 lorum
2073 3972 2429 4028 veneratione
2446 3986 2779 4031 conversus.
2814 3974 3022 4029 noverit
3050 3970 3329 4025 Christum
3373 3985 3481 4024 tue-

1875 4063 1976 4121 lius
1997 4080 2160 4134 quam
2180 4066 2273 4121 ille
2286 4066 2600 4135 quidoceat.
2626 4071 2692 4121 At
2709 4068 2845 4122 dicis
2863 4084 2877 4121 :
2893 4066 3227 4136 Simpliciter
3247 4065 3299 4117 in
3322 4062 3484 4119 Patre

1875 4168 1930 4214 et
1960 4158 2098 4217 Filio
2123 4171 2179 4214 et
2202 4159 2411 4229 Spiritu
2452 4172 2645 4217 sancto
2690 4162 2946 4223 credidit,
2978 4170 3033 4213 et
3060 4160 3184 4213 ideo
3213 4156 3483 4227 baptisma

1876 4260 2204 4309 conscequ
2250 4262 2353 4308 est.
2407 4252 2539 4319 Quae
2584 4265 2669 4309 est
2712 4255 2849 4317 ista,
2881 4266 3102 4322 rptarso,
3133 4250 3485 4320 simplicitas,

1879 4344 2090 4401 nescire
2117 4344 2261 4416 quod
2287 4345 2516 4402 credas?
2547 4345 2881 4417 Simpliciter
2906 4343 3158 4399 credidit.
3190 4342 3332 4411 Quid
3362 4357 3482 4398 cre-

1880 4439 2047 4495 didit?
2080 4451 2230 4495 certe
2259 4450 2352 4497 aut
2383 4422 2482 4497 tria
2515 4442 2739 4496 nomina
2764 4438 2994 4495 audiens
3013 4481 3028 4505 ,
3058 4448 3169 4494 tres
3201 4440 3341 4495 Deos
3366 4454 3485 4495 cre-

154 4520 371 4576 Laicns
402 4522 544 4591 apud
570 4538 669 4577 eos
695 4537 800 4577 non
830 4533 933 4587 est,
964 4535 1017 4579 et
1050 4523 1324 4594 quomodo
1346 4523 1632 4593 episcopus
1655 4540 1776 4582 esse
1802 4510 1854 4569 Ῑ)
1881 4529 2035 4597 didit,
2070 4542 2124 4586 et
2151 4532 2434 4588 idololatra
2467 4532 2697 4588 effectus
2736 4542 2850 4596 est;
2885 4542 2977 4585 aut
3016 4533 3066 4584 in
3113 4532 3284 4587 tribus
3325 4546 3487 4587 voca-

152 4614 398 4686 potest?
422 4615 549 4669 Mihi
579 4616 821 4684 recipere
849 4618 1154 4673 mendicum
1185 4633 1290 4671 non
1322 4618 1467 4684 licet,
1495 4628 1549 4672 tu
1578 4620 1775 4689 recipis

153 4706 407 4781 regem?
434 4706 545 4762 Vos
574 4707 713 4763 hosti
741 4719 917 4764 castra
948 4711 1197 4777 traditis;
1228 4720 1283 4768 et
1310 4724 1341 4765 a
1370 4708 1528 4765 nobis
1555 4709 1775 4781 perfuga

152 4800 276 4874 [AL
310 4798 568 4876 profuga]
600 4799 929 4872 rejicicndus
959 4803 1081 4863 est?

232 4898 329 4953 11.
362 4894 432 4955 ο.
485 4895 545 4954 Si
586 4896 831 4964 priorum
883 4898 1270 4965 meminisses,
1300 4898 1411 4969 iam
1460 4898 1632 4954 scires
1681 4898 1775 4952 tibi

152 4988 337 5047 fuisse
372 5002 734 5062 responsum;
774 4990 871 5046 sed
912 4991 1041 5046 dum
1084 5006 1324 5047 amorem
1366 4992 1781 5048 contradicendi

152 5122 317 5165 nere.
355 5106 712 5169 innocentius
761 5117 942 5163 tamen
990 5108 1197 5167 celebri
1238 5108 1329 5164 illa
1360 5109 1427 5165 ad
1458 5109 1775 5167 Decentium

148 5179 398 5247 epistola
426 5196 441 5254 :_
475 5177 553 5254 De
583 5179 957 5254 consignandis
986 5195 1104 5254 vero
1132 5180 1418 5254 infantibus
1440 5186 1774 5254 manifestum

145 5261 229 5307 εει
386 5252 454 5309 σὺ
475 5250 602 5312 alio.
625 5250 785 5330 quatit
805 5251 1182 5330 episcoeoﬁeri
1202 5251 1376 5330 licere.
1402 5253 1542 5330 tVaiu
1566 5250 1776 5330 presby-

144 5323 257 5377 teri
286 5325 412 5381 licet
454 5320 675 5396 «eundi
713 5320 844 5396 sicut
879 5321 1192 5387 sacerdotes,
1233 5320 1575 5396 pontiﬁcatus
1604 5320 1775 5385 tanton

142 5396 360 5465 apicem
384 5411 489 5453 non
513 5395 723 5453 habet“.
754 5388 873 5446 Hoc
901 5406 1074 5451 autem
1099 5388 1422 5464 pontiﬁcium
1441 5400 1570 5452 solis
1598 5402 1774 5457 deberi

142 5466 433 5539 episcopis,
476 5476 532 5525 ut
572 5466 651 5520 vel
688 5465 1012 5535 consignant,
1054 5467 1134 5519 vel
1162 5469 1480 5535 paradarum
1516 5470 1775 5542 Spiritum

140 5537 394 5601 tradant.
428 5554 535 5595 non
575 5537 753 5595 solum
796 5536 1111 5593 consuetudo
1162 5537 1525 5597 Ecclesiastioa
1565 5543 1775 5601 densan-

139 5620 305 5680 strat.
346 5627 529 5672 mum
568 5619 620 5669 et
647 5605 937 5680 illarglcctio
976 5608 1202 5671 Actuutn
1242 5610 1629 5680 Apostolorum.
1662 5626 1771 5673 etc.

138 5679 355 5752 gout...-
377 5685 438 5745 8,
468 5681 707 5752 αιαςηιο,
740 5678 881 5750 Mag.
914 5682 951 5735 Ι.
980 5695 1052 5746 tv,
1078 5696 1166 5752 cp.
1216 5678 1562 5749 adiuuent;
1595 5687 1771 5745 Telet.

138 5748 429 5823 Coneil.“
463 5748 715 5817 canISO;
753 5748 1077 5813 Arausican.
1106 5751 1293 5815 itidem
1326 5770 1363 5821 t,
1393 5771 1518 5814 ean.
1545 5748 1632 5825 tl,
1663 5771 1769 5817 etc.

1883 4623 2025 4677 bulis
2055 4625 2399 4680 trinomiuem
2433 4624 2667 4681 credens
2692 4626 2882 4691 Deum,
2909 4624 2967 4677 in
2989 4623 3213 4679 Sebellii
3235 4625 3487 4681 haeresim

1884 4714 2135 4768 incurrit.
2170 4718 2275 4769 Au:
2302 4716 2529 4771 edoctus
2560 4718 2627 4772 ab
2658 4716 2904 4781 Arianis,
2947 4732 3111 4771 unum
3143 4734 3265 4777 esse
3293 4733 3485 4774 verum

1889 4806 2057 4863 Deum
2087 4806 2328 4875 Patrem,
2359 4807 2559 4863 Filium
2598 4821 2651 4864 et
2695 4810 2953 4880 Spiritum
2981 4823 3227 4867 sanetum
3258 4812 3491 4869 credidit

1884 4909 2186 4955 creaturas.
2232 4900 2343 4955 Aut
2385 4906 2541 4953 extra
2588 4900 2704 4954 haec
2749 4900 2879 4971 quid
2928 4902 3159 4957 credere
3208 4904 3489 4974 potuerit,

1887 4993 2073 5049 nescio
2097 5010 2109 5045 :
2137 4992 2237 5048 nisi
2263 4990 2403 5048 forte
2432 4990 2596 5049 homo
2619 4992 2731 5063 jam
2756 4992 2982 5051 edoctus
3010 4995 3060 5049 in
3086 4994 3368 5065 capitolia,
3397 4993 3490 5053 lto-

1919 5112 2181 5239 f‘lf‘also
2222 5111 2589 5181 Martisnaens,
2632 5114 2686 5168 in
2725 5113 2928 5169 lectulis
2978 5131 3079 5187 pro
3130 5116 3348 5183 villulis,
3395 5125 3491 5172 aut

1919 5201 1994 5239 ica
2021 5204 2086 5239 ιδ.

1882 5200 2086 5240 υκυιιις.

1953 5256 1979 5294 δ
2007 5256 2263 5327 ltupressi
2280 5255 2491 5327 aliquot
2508 5258 2762 5324 dignitate
2782 5277 2842 5314 ec
2872 5263 3200 5316 veneratione
3227 5262 3483 5313 consistit.

1956 5340 1977 5369 ε
2017 5326 2117 5384 Cui
2146 5330 2192 5383 si
2217 5345 2318 5384 non
2340 5326 2535 5385 em".
2565 5331 2690 5387 lss.
2720 5333 2943 5387 codices
2972 5333 3046 5385 ita
3077 5335 3261 5396 legunt
3292 5332 3422 5383 :Cui
3443 5332 3487 5384 si

1882 5418 1981 5455 non
2012 5403 2119 5456 lucc
2150 5420 2261 5456 sors
2294 5405 2529 5468 quaedam
2560 5413 2607 5455 et
2638 5404 2700 5459 ab
2737 5404 3031 5458 hominibus
3073 5404 3300 5456 eminens
3338 5404 3487 5455 detur

1879 5484 2118 5545 potestas,
2139 5485 2249 5529 etc.
2274 5475 2380 5530 Sed
2406 5475 2544 5528 videt
2559 5492 2622 5527 nr
2641 5474 2751 5529 Itth
2771 5494 2883 5530 sors
2907 5476 3140 5544 positum
3163 5490 3260 5541 pro
3286 5490 3489 5540 exsors,

1881 5548 2026 5619 quod
2046 5549 2179 5603 satis
2210 5562 2317 5602 nou
2349 5546 2748 5616 intelligebant.
2796 5616 2807 5619 _
2866 5616 2876 5619 _
2974 5615 2980 5619 Δ
3098 5545 3372 5619 Maurus.

1950 5617 1977 5656 ά
2014 5620 2307 5675 Contraria
2346 5634 2512 5675 sensu
2546 5615 2722 5688 Vetus,
2744 5616 2917 5671 editio
2950 5615 3210 5670 Accedens
3242 5617 3490 5688 Aritmtts,

1879 5690 1933 5747 id
1953 5703 2038 5750 est
2062 5694 2132 5749 ab
2163 5691 2386 5748 Arianis
2410 5690 2640 5748 veniens
2661 5687 2731 5742 ad
2758 5688 3131 5742 Ortnodoaos.
