4074 6352
545 295 654 353 ’167

1803 287 1864 345 S.
1905 287 2177 349 EUSEBH
2217 289 2603 352 HIERONYMI

3759 296 3872 355 168

545 406 798 463 mousiou
822 399 2149 468 didiceratTrinitatem.SciebatPatrem,Filium
2180 419 2237 475 Α
2265 424 2432 478 quare
2478 424 2506 463 a
2552 407 2708 465 nobis
2745 406 3045 479 parietibus
3076 406 3384 478 separaris,
3426 422 3546 464 cum
3578 409 3634 464 in
3674 408 3783 465 tlde
3811 417 3873 466 et

546 509 602 556 et
632 499 889 568 Spiritum
919 507 1165 552 sanctum
1188 538 1201 562 ,
1231 512 1336 549 non
1368 503 1556 549 natura
1579 537 1593 562 ,
1628 494 1723 549 sed
1755 497 2001 563 personis
2031 511 2153 553 esse

541 590 766 646 divisos.
815 589 1035 644 Sciebat
1064 598 1088 625 α
1120 598 1174 641 et
1205 587 1323 642 Filii
1358 602 1553 642 nomen
1584 587 1637 641 in
1672 588 1861 654 Patre,
1892 598 1946 644 et
1977 588 2154 643 Patris

545 698 746 739 nomen
793 683 845 737 iu
893 681 1055 736 Filio.
1096 681 1349 736 Ridicula
1383 680 1596 750 penitus
1628 681 1894 747 assertio,
1929 694 2054 737 ante
2086 681 2155 736 de

542 776 652 831 ﬁde
678 775 988 847 quempiam
1012 774 1312 843 disputare,
1336 789 1497 844 quam
1525 774 1770 837 credere;
1793 785 1918 829 ante
1952 784 2157 847 myste-

545 874 686 930 riutn
718 872 883 936 scire,
917 886 1080 941 quam
1112 870 1353 924 initiatus
1384 870 1488 932 sit;
1519 869 1680 923 aliter
1708 868 1775 923 de
1808 869 1920 924 Deo
1949 871 2155 926 sentire

546 967 912 1034 baptizantem
945 1006 959 1031 ,
991 973 1045 1020 et
1093 963 1251 1019 aliter
1300 964 1653 1034 baptizatum.
1709 963 1983 1018 Praeterea
2033 978 2154 1018 cum

547 1060 797 1115 solemne
836 1059 906 1113 sit
944 1058 997 1112 in
1028 1058 1245 1111 lavacro
1276 1067 1398 1127 post
1438 1057 1725 1112 Trinitatis
1754 1057 2153 1112 confessionem

547 1153 921 1222 interrogare,
946 1148 973 1188 ι’
1006 1149 1199 1205 Credis
1225 1159 1468 1205 sanctam
1503 1150 1837 1204 Ecclesiam?
1864 1149 2043 1204 credis
2075 1164 2158 1204 re-

552 1244 867 1303 missionem
901 1243 1285 1314 peccatorum?
1315 1243 1488 1310 Quam
1528 1243 1828 1298 Ecclesium
1861 1242 2160 1298 credidisse

548 1354 674 1396 eum
722 1337 899 1392 dicis?
927 1336 1291 1391 Arianorum?
1322 1335 1417 1391 sed
1453 1350 1557 1391 non
1610 1335 1832 1390 habent.
1865 1335 2159 1390 Nostram?

549 1432 647 1488 sed
677 1441 829 1487 extra
878 1432 1021 1486 hanc
1067 1431 1371 1502 baptizatus
1399 1445 1504 1487 non
1552 1429 1724 1503 potuit
1755 1446 1874 1487 eam
1909 1430 2152 1497 credere,

551 1540 716 1597 quam
745 1524 999 1581 nescivit.

628 1620 716 1674 1'5.
759 1618 822 1671 L.
866 1618 1132 1687 Quoniam
1162 1618 1226 1673 ad
1252 1620 1430 1673 omnia
1476 1619 1781 1690 argutaris,
1816 1629 1870 1675 et
1897 1620 2094 1674 emissa
2127 1634 2156 1673 a

552 1712 713 1769 nobis
764 1713 973 1782 spicula
1022 1722 1178 1766 scuto
1223 1712 1485 1767 orationis
1516 1712 1721 1776 cludis,
1752 1728 1914 1766 unam
1948 1710 2155 1765 hastam

548 1805 773 1877 jaciam,
798 1820 918 1874 qure
961 1803 1251 1859 umbonem
1284 1804 1536 1874 tegminis
1565 1804 1671 1870 tui,
1700 1813 1756 1857 et
1784 1804 1951 1858 verba
1981 1803 2161 1870 crepi-

552 1903 743 1959 tantia.
778 1902 825 1953 vi
854 1913 951 1954 sua
981 1908 1263 1968 penetret.
1298 1912 1399 1953 nec
1429 1897 1632 1952 diutius
1663 1898 1857 1967 patiar,
1892 1895 2165 1951 fortitudi-'

551 2009 677 2050 nem
709 2004 826 2048 arte
856 1992 1128 2062 superari.
1184 1990 1340 2063 185
1387 1990 1582 2047 Laicus
1623 1992 1786 2045 etiam
1818 1999 1972 2046 extra
2006 2002 2026 2027 ε
2060 1989 2164 2044 Ec—

553 2089 775 2143 clesiam
800 2086 903 2140 lide
923 2085 1248 2155 baptizatus,
1268 2086 1540 2155 paenitens
1564 2084 1825 2155 recipitur
1848 2084 2164 2155 :episcopus

554 2193 685 2235 vero
716 2187 808 2234 aut
846 2177 1222 2248 ptenitentiam
1255 2192 1361 2232 non
1395 2178 1537 2248 agit,
1567 2187 1620 2232 et
1649 2177 1903 2232 sacerdos
1934 2184 2042 2243 est,
2072 2187 2167 2231 aut

557 2273 600 2327 si
634 2271 1009 2342 paenitentiam
1037 2270 1228 2340 egerit,
1253 2285 1376 2325 esse
1403 2272 1693 2339 episcopus
1716 2269 1938 2325 desinit.
1964 2269 2166 2337 Quam-

559 2363 751 2419 obrem
789 2371 937 2418 recte
967 2377 1067 2417 nos
1099 2362 1294 2417 laicum
1316 2372 1371 2417 et
1408 2363 1737 2431 suscipimus
1775 2363 2160 2433 ptenitentem;

560 2465 615 2511 et
640 2455 958 2527 episcOpum
985 2496 999 2522 ,
1030 2456 1075 2510 si
1103 2457 1156 2511 in
1184 2455 1492 2511 sacerdotio
1521 2470 1873 2525 perseverare
1904 2455 2043 2520 vult,
2073 2471 2159 2510 re-

560 2548 867 2620 pudiamus.
904 2549 970 2604 0.
1006 2550 1212 2621 Sagitta
1240 2567 1362 2621 qua:
1394 2559 1656 2606 contento
1687 2565 1857 2605 nervo
1885 2549 2163 2620 dirigitur,

556 2642 780 2697 difﬁcile
818 2647 1041 2697 vitatur.
1069 2647 1211 2697 Ante
1240 2643 1385 2698 enim
1433 2642 1498 2698 ad
1550 2658 1673 2697 eum
1693 2684 1706 2707 ,
1732 2643 1799 2697 ad
1831 2658 1992 2711 quem
2016 2642 2166 2711 jacta

556 2746 639 2790 e5t
668 2735 952 2805 pervenit,
987 2750 1146 2806 quam
1198 2735 1355 2790 obice
1391 2734 1571 2806 clypei
1616 2734 1933 2790 frustretur.
1963 2734 2004 2787 E
2036 2749 2167 2788 con-

558 2824 729 2879 trario
775 2836 877 2879 tua:
933 2825 1371 2893 propositiones,
1400 2825 1525 2893 quia
1574 2824 1694 2878 sine
1744 2823 1871 2878 ferri
1919 2826 2165 2881 acumine

562 2914 872 2979 mittuntur,
906 2915 1117 2967 hostem
1146 2930 1253 2968 non
1285 2915 1467 2969 valent
1498 2915 1799 2985 perforare.
1827 2916 1978 2971 Hauc
2005 2918 2166 2988 igitur

560 3004 774 3059 hastam
810 3020 968 3075 quam
1003 3007 1135 3060 totis
1164 3006 1375 3061 viribus
1403 3008 1624 3072 misisti,
1648 3007 1714 3062 de
1742 3023 1843 3079 qua
1875 3008 2032 3065 nobis
2061 3012 2165 3066 mi-

558 3097 775 3162 nitaris,
809 3112 937 3164 uno,
963 3104 1022 3152 ut
1045 3098 1217 3166 aiunt,
1249 3098 1477 3169 digitulo
1505 3100 1784 3170 repellam.
1813 3100 1999 3171 Neque
2019 3106 2162 3157 enim

559 3192 664 3248 hoc
697 3191 856 3247 modo
883 3192 1164 3262 quaeritur,
1197 3208 1262 3247 an
1286 3192 1575 3262 episcopus
1607 3194 1874 3264 ptenitens
1903 3209 2025 3251 esse
2056 3213 2162 3251 non

558 3283 756 3356 possit,
788 3292 843 3339 et
874 3282 1043 3337 laicus
1074 3283 1287 3353 possit?
1318 3283 1412 3340 sed
1456 3300 1524 3339 an
1557 3284 1847 3342 haereticus
1894 3286 2160 3357 baptisnta

559 3378 794 3433 habeat?
819 3377 909 3448 qui
941 3381 1012 3443 si,
1044 3386 1102 3431 ut
1127 3387 1367 3445 constat,
1388 3379 1651 3449 baptisma
1679 3397 1788 3436 non
1815 3381 1996 3450 habet,
2029 3398 2164 3454 quo-

561 3472 722 3529 modo
756 3480 931 3542 potest
959 3486 1080 3527 esse
1128 3473 1416 3542 pmnitens,
1454 3482 1743 3543 antequam
1774 3473 2160 3533 Christianus?

557 3566 732 3622 Proba
789 3564 923 3620 mihi
970 3565 1038 3621 ab
1079 3566 1295 3621 Arianis
1340 3567 1654 3622 venientem
1708 3567 1905 3623 laicum
1958 3569 2161 3626 habere

558 3658 908 3729 baptismum,
941 3670 997 3716 et
1029 3670 1154 3716 tunc
1181 3660 1233 3715 ei
1263 3659 1637 3731 paenitentiam
1685 3678 1790 3715 non
1842 3663 2073 3733 negabo.
2103 3664 2158 3719 Si

558 3766 689 3808 vero
717 3755 1064 3809 Christianus
1096 3770 1204 3808 non
1250 3763 1328 3810 est
1353 3796 1369 3822 ,
1397 3755 1442 3810 si
1475 3770 1582 3810 non
1615 3755 1869 3812 habuerit
1909 3758 2160 3814 sacerdo-

553 3854 663 3902 tem
710 3848 800 3916 qui
847 3862 970 3904 eum
1013 3846 1216 3902 faceret
1260 3846 1670 3915 Christianum,
1715 3849 1991 3919 quomodo
2036 3861 2159 3921 aget

550 3940 930 4012 paenitentiam
965 3941 1150 4007 homo,
1181 3941 1272 4011 qui
1306 3941 1533 3997 necdum
1559 3942 1773 3999 credit?

627 4036 712 4091 il.
757 4033 823 4091 L.
863 4036 974 4090 Oro
1005 4046 1056 4091 te
1087 4044 1163 4100 ut,
1199 4034 1646 4106 philosOphorum
1688 4038 2157 4108 argumentatione

546 4127 819 4199 deposita,
844 4126 1155 4182 Christiana
1197 4142 1406 4181 mecum
1433 4127 1787 4198 simplicitate
1817 4130 2079 4200 loquaris,
2109 4132 2153 4186 si

541 4229 723 4277 tamen
776 4236 885 4275 non
935 4220 1253 4276 dialecticos
1281 4221 1525 4291 sequaris
1564 4220 1671 4294 [ΑΙ.
1714 4224 2009 4295 sequeris],
2057 4224 2153 4279 sed

545 4313 868 4384 piscatores.
908 4311 1219 4383 :Equumne
1251 4313 1345 4368 tibi
1398 4313 1634 4380 videtur,
1669 4323 1728 4369 ut
1770 4315 2005 4370 Arianus
2035 4318 2153 4386 epi-

540 4419 740 4476 sc0pus
767 4406 833 4461 sit
857 4405 881 4445 ν
913 4404 977 4458 0.
1021 4404 1101 4460 Tu
1132 4421 1256 4460 eum
1297 4405 1615 4477 episcopum
1658 4406 1883 4476 probas,
1929 4407 2051 4478 quia
2085 4410 2153 4463 ab

543 4511 611 4554 eo
637 4498 837 4567 recipis
862 4497 1223 4568 baptizatum,
1255 4508 1310 4555 et
1338 4499 1391 4553 in
1429 4499 1533 4556 hoc
1560 4499 2042 4570 reprehendendus
2068 4518 2147 4568 es,

2260 504 2313 558 in
2353 503 2675 559 Arianorum
2721 504 3003 559 nobiscum
3049 505 3362 573 receptione
3400 506 3763 561 consentias?
3796 505 3866 560 L.

2256 596 2374 652 Jam
2424 609 2478 652 et
2528 598 2777 667 superius
2806 598 3017 667 rogavi,
3049 607 3107 652 ιιι
3158 613 3264 653 non
3313 597 3712 669 philosophice,
3766 597 3871 654 sed

2258 690 2565 746 Christiane
2592 705 2802 746 mecum
2843 689 3104 761 loquaris.
3152 689 3217 744 Ο.
3255 690 3477 745 Discere
3498 689 3601 753 vis,
3632 705 3698 745 an
3727 705 3873 746 con-

2260 782 2479 838 tendis?
2500 782 2562 836 L.
2595 781 2789 853 Utique
2806 783 3103 851 contendo,
3129 782 3251 853 quia
3286 781 3410 837 facti
3438 783 3514 837 tui
3541 797 3572 837 a
3599 790 3650 835 te
3678 796 3870 851 quaero

2256 879 2547 932 rationem.
2586 874 2652 929 0.
2682 874 2738 932 Si
2766 875 3076 941 contendis,
3121 876 3230 946 jam
3265 876 3360 930 tibi
3402 891 3728 944 responsum
3756 888 3867 934 est.

2260 967 2462 1023 Eadem
2494 968 2637 1023 enim
2679 968 2891 1023 ratione
2921 968 3236 1038 episc0pum
3278 968 3346 1021 ab
3374 967 3595 1023 Arianis
3634 968 3870 1039 recipio,

2259 1076 2362 1131 qua
2392 1068 2447 1115 tu
2473 1060 2671 1129 recipis
2692 1060 3045 1131 baptizatum.
3072 1060 3131 1115 Si
3158 1060 3375 1115 discere
3404 1060 3578 1129 cupis,
3604 1061 3657 1112 in
3689 1074 3868 1114 meam

2260 1152 2432 1209 aciem
2466 1151 2865 1220 transgredere.
2887 1152 3245 1207 Adversarius
3266 1152 3409 1206 enim
3428 1151 3682 1214 vincitur,
3700 1150 3872 1206 disci-

2260 1245 2422 1316 pulus
2442 1246 2690 1301 docetur.
2720 1245 2880 1317 186
2909 1245 2965 1297 L.
2994 1244 3110 1300 Non
3144 1260 3361 1314 possunt
3392 1255 3520 1301 ante
3548 1260 3670 1301 esse
3698 1244 3870 1301 disci-

2262 1339 2436 1407 pulus,
2486 1354 2648 1409 quam
2702 1338 3019 1408 magistrum
3069 1337 3286 1394 audiam
3329 1340 3736 1409 praedicantem.
3793 1338 3861 1394 Ο.

2260 1428 2527 1497 Quoniam
2561 1430 2957 1499 tergiversaris,
2993 1438 3049 1484 et
3070 1430 3147 1485 sic
3168 1431 3249 1485 vis
3276 1446 3303 1485 a
3333 1446 3417 1486 me
3441 1431 3647 1500 doceri,
3682 1442 3739 1486 ut
3766 1432 3864 1487 ad-

2261 1525 2562 1578 versarium
2595 1524 2646 1578 in
2670 1521 2696 1560 ά
2725 1526 2933 1593 integro
2960 1524 3185 1591 habeas,
3217 1536 3309 1579 tuo
3336 1526 3519 1580 animo
3548 1537 3598 1581 te
3626 1526 3856 1582 docebo.

2261 1616 2643 1672 Consentimus
2683 1616 2734 1670 in
2766 1616 2890 1681 fide,
2924 1618 3297 1673 consentimus
3338 1619 3390 1672 in
3432 1619 3703 1675 haereticis
3730 1621 3871 1676 reci-

2261 1711 2497 1782 piendis,
2546 1711 2956 1766 consentiamus
3003 1713 3167 1767 etiam
3211 1713 3263 1766 in
3318 1722 3608 1768 conventu.
3642 1712 3706 1768 L.
3754 1713 3869 1770 Hoc

2190 1789 2238 1850 B
2266 1820 2372 1859 non
2401 1813 2484 1859 est
2509 1804 2730 1867 docere,
2755 1803 2851 1859 sed
2897 1802 3285 1874 argumentari.
3319 1803 3383 1858 0.
3417 1804 3549 1872 Quia
3590 1813 3644 1858 ttt
3677 1821 3864 1874 pacem

2267 1911 2389 1950 cum
2422 1904 2577 1950 scuto
2617 1894 2776 1964 petis,
2807 1903 2861 1948 et
2890 1908 2988 1948 nos
3019 1894 3178 1948 oliva:
3208 1908 3417 1947 ramum
3455 1894 3634 1964 gladio
3664 1895 3864 1951 inseri-

2268 2004 2407 2045 mus.
2441 1988 2504 2043 L.
2540 1990 2618 2043 En
2653 1988 2782 2043 tollo
2814 2004 3026 2055 manus,
3059 1988 3193 2043 cedo
3218 2030 3231 2053 ,
3266 1987 3468 2043 vicisti.
3500 1987 3698 2043 Verum
3742 2004 3867 2044 cum

2268 2097 2415 2137 arma
2462 2081 2766 2151 deponam,
2831 2081 3191 2144 sacramenti,
3254 2081 3307 2135 in
3358 2081 3501 2152 quod
3559 2096 3645 2136 me
3680 2081 3870 2150 jurare

2270 2174 2572 2246 contpellis,
2605 2190 2790 2244 autem
2814 2175 3101 2229 rationem.
3130 2173 3195 2229 0.
3226 2173 3481 2229 Gratulor
3507 2175 3720 2229 interim
3750 2175 3868 2240 tibi,

2269 2276 2323 2322 et
2359 2267 2579 2322 Christo
2611 2267 2721 2322 Deo
2764 2282 2885 2322 meo
2917 2268 3116 2337 gratias
3145 2281 3281 2337 ago,
3326 2268 3451 2338 quia
3499 2268 3681 2322 animo
3730 2269 3872 2324 bono

2272 2370 2294 2395 ο
2318 2375 2346 2413 a
2372 2360 2605 2415 falsitate
2625 2360 2919 2415 Sardorum
2943 2360 3007 2414 ad
3030 2360 3195 2415 totius
3213 2359 3363 2415 orbis
3385 2371 3434 2414 te
3457 2376 3708 2427 saporem
3742 2376 3874 2416 con-

2270 2452 2459 2520 tulisti,
2509 2468 2609 2508 nec
2632 2452 2770 2507 dicis
2814 2468 2964 2508 more
2992 2452 3383 2522 quorumdam:
3418 2452 3638 2508 Salvum
3660 2469 3740 2508 me
3768 2457 3871 2524 fac,

2269 2544 2509 2610 Domine,
2537 2547 2780 2616 quoniam
2823 2545 3008 2617 defecit
3037 2557 3247 2600 sanctus
3276 2543 3450 2614 (Psal.
3492 2561 3568 2609 ιι,
3604 2547 3660 2614 1)
3688 2564 3701 2598 :
3736 2562 3873 2612 quo—

2269 2653 2388 2692 rum
2418 2652 2520 2692 vox
2554 2637 2740 2707 impia,
2776 2652 2991 2692 crucem
3021 2637 3225 2693 Christi
3256 2648 3503 2705 evacuat,
3549 2638 3643 2693 Dei
3677 2638 3872 2694 Filium

2267 2731 2518 2801 subjugat
2556 2729 2797 2796 diabolo,
2840 2740 2893 2784 et
2932 2730 3079 2785 illam
3111 2732 3631 2799 complorationem,
3672 2748 3798 2803 quae
3844 2748 3873 2788 a

2272 2825 2500 2881 Domino
2527 2825 2597 2881 de
2639 2826 3015 2893 peccatoribus
3068 2826 3274 2896 prolata
3305 2834 3409 2893 est,
3455 2842 3598 2881 nunc
3630 2826 3698 2881 de
3747 2827 3875 2882 uni-

2268 2918 2439 2972 versis
2465 2916 2776 2972 hominibus
2818 2917 3016 2971 dictam
3054 2918 3349 2989 intelligit:
3401 2917 3530 2983 Qua:
3576 2917 3773 2974 utilitas
3821 2921 3875 2975 in

2269 3012 2522 3084 sanguine
2556 3028 2689 3075 utea,
2732 3011 2856 3064 dum
2891 3012 3145 3066 descendo
3185 3014 3239 3065 in
3268 3014 3658 3082 corruptionem
3683 3011 3869 3081 (Psal.

2270 3122 2423 3171 χχιιι,
2457 3105 2592 3177 10)?
2640 3105 2747 3161 Sed
2775 3105 2936 3173 absit,
2978 3116 3038 3160 ut
3077 3106 3276 3161 frustra
3320 3108 3459 3161 Deus
3500 3115 3748 3161 mortuus
3778 3106 3869 3161 sit.

2193 3178 2238 3242 (ἶ
2271 3199 2535 3270 Alligatus
2563 3208 2646 3254 est
2672 3200 2848 3263 fortis,
2881 3208 2934 3254 et
2964 3214 3089 3254 vasa
3128 3200 3243 3271 ejus
3269 3199 3477 3269 direpta
3516 3210 3640 3253 sunt
3671 3198 3868 3272 (Marc.

2268 3309 2346 3356 Ill,
2376 3293 2493 3365 '27).
2522 3292 2792 3349 Allocntio
2824 3292 3000 3347 Patris
3024 3293 3243 3360 impleta
3266 3301 3348 3347 est
3374 3307 3392 3345 :
3416 3289 3633 3345 Postula
3654 3309 3685 3344 a
3703 3307 3800 3357 me,
3826 3302 3871 3347 et

2266 3384 2401 3439 dabo
2433 3384 2525 3439 tibi
2574 3396 2747 3456 gentes
2784 3385 3133 3439 Ittereditatem
3186 3396 3346 3448 luant,
3402 3394 3447 3437 et
3499 3384 3870 3450 possessionem

2267 3487 2411 3532 luant
2439 3477 2684 3531 terminos
2715 3488 2865 3530 terra:
2892 3475 3064 3547 (Psal.
3095 3493 3152 3543 tt,
3186 3477 3267 3547 8).
3301 3478 3673 3548 Apparueruut
3699 3478 3869 3544 [antes

2264 3586 2539 3640 aquarum,
2571 3579 2616 3623 et
2646 3567 2871 3623 revelata
2900 3579 3017 3623 sunt
3044 3570 3388 3636 fundamenta
3428 3569 3569 3623 orbis
3608 3584 3868 3628 terrarum

2266 3661 2437 3734 (Psal.
2474 3678 2606 3729 xvu,
2658 3663 2766 3732 16).
2805 3660 2870 3716 1η
2901 3662 3009 3717 sole
3039 3664 3209 3731 posuit
3254 3664 3646 3718 tabernaculum
3691 3681 3863 3734 suum,

2264 3771 2354 3809 nec
2384 3764 2456 3809 est
2482 3755 2573 3826 qui
2604 3771 2655 3809 se
2685 3754 2966 3809 abscondat
2994 3772 3025 3807 a
3051 3755 3222 3809 calore
3261 3756 3371 3825 ejus
3400 3754 3572 3821 (Psal.
3606 3772 3757 3823 xvut,
3780 3757 3862 3830 6).

2264 3849 2376 3903 Dco
2427 3849 2619 3918 plenus
2645 3847 2932 3903 Psztlmista
2973 3849 3155 3902 canit:
3189 3847 3398 3903 Inimici
3438 3849 3733 3921 defecerunt
3759 3851 3868 3919 fra-

2263 3960 2387 3997 mea:
2411 3943 2462 3996 in
2488 3943 2659 4012 (mem,
2682 3952 2727 3995 et
2746 3942 2972 3995 civitates
2995 3958 3173 3995 eorum
3202 3942 3501 3996 destruxiin
3545 3940 3749 4013 (Ps.lx,
3779 3941 3860 4014 7).

2337 4036 2423 4089 15.
2451 4035 2520 4089 Et
2538 4034 2649 4098 ubi,
2670 4049 2876 4104 quaeso,
2900 4034 2986 4088 isti
3014 4045 3137 4089 sunt
3161 4035 3385 4089 nimium
3408 4036 3672 4105 religiosi,
3698 4036 3864 4093 immo

2262 4128 2483 4183 uintium
2519 4125 2754 4197 profani,
2780 4128 2868 4197 qui
2901 4129 3084 4197 plures
3110 4142 3413 4199 synagogas
3442 4139 3693 4183 asserunt
3715 4145 3860 4196 esse,

2260 4241 2419 4295 quam
2465 4222 2783 4278 Ecclesias?
2837 4222 3123 4289 Quomodo
3162 4222 3454 4277 destructa:
3505 4233 3628 4276 sunt
3661 4222 3863 4279 diaboli

2259 4318 2537 4380 civitates;
2576 4324 2631 4368 et
2661 4315 2712 4369 in
2763 4315 2890 4378 line,
2916 4313 3019 4369 hoc
3044 4325 3126 4369 est
3171 4314 3224 4368 in
3254 4314 3574 4368 szcculorum
3608 4328 3863 4368 consum-

2259 4409 2518 4470 matiutte,
2550 4405 2687 4460 idola
2714 4406 3081 4460 corruerunt?
3114 4405 3168 4460 Si
3214 4405 3511 4460 Ecclesiam
3558 4405 3577 4442 ί
3614 4420 3720 4459 non
3757 4404 3858 4459 ha-

2258 4502 2351 4556 bet
2374 4499 2644 4565 Christus,
2663 4509 2753 4553 aut
2780 4498 2827 4554 si
2850 4498 2903 4552 in
2926 4496 3180 4552 Sardinia
3197 4506 3405 4553 tantum
3422 4495 3602 4563 habet,
3628 4497 3858 4554 nimium

618 4686 644 4714 α
683 4676 839 4743 Quod
874 4677 1128 4732 nimirum
1160 4678 1323 4734 Pater
1360 4678 1553 4748 nequit
1582 4678 1833 4746 cogitari.
1861 4679 1990 4748 quin
2023 4679 2147 4735 Filii
2176 4684 2230 4745 D
2258 4678 2650 4735 inliciarentur.

544 4749 803 4820 cogitatio
833 4760 1103 4820 occurrat.
1141 4749 1381 4804 Hilarius
1407 4751 1514 4820 lib.
1555 4766 1626 4803 vn
1658 4752 1724 4805 de
1756 4750 1979 4819 Triuit,
2014 4750 2149 4818 Quia

545 4830 594 4876 et
622 4818 804 4874 nomen
839 4818 1013 4874 Patris
1045 4820 1197 4875 habet
1226 4822 1277 4875 in
1303 4839 1357 4875 se
1387 4819 1516 4874 Filii
1545 4838 1749 4875 nomen.

619 4892 647 4932 δ
688 4891 869 4947 Credis
895 4903 1146 4955 sanctam,
1173 4902 1280 4948 etc.
1315 4892 1379 4947 In
1408 4895 1728 4963 przrpnsitio
1754 4893 1840 4949 hic
1870 4894 2147 4964 superflua

545 4964 726 5022 delata
768 4975 848 5020 est
905 4967 955 5018 in
1006 4964 1193 5019 codice
1241 4965 1633 5020 Cltmiacensi:
1668 4966 2001 5021 Sorbonicus
2027 4982 2146 5020 eam

545 5053 656 5091 non
706 5036 837 5106 legit
879 5037 932 5089 in
978 5038 1443 5101 consequentibus
1486 5047 1611 5104 post
1638 5038 1804 5090 credis
1834 5038 1887 5091 in
1918 5048 2148 5091 sanctam

548 5106 859 5161 Ecclesium.
890 5106 996 5178 Sed
1027 5108 1141 5159 sive
1171 5106 1404 5178 legatur,
1443 5108 1558 5162 sive
1596 5124 1702 5162 non
1738 5109 1969 5178 legatur,
2004 5108 2146 5163 idem

547 5187 633 5233 est
660 5190 874 5231 sensus.
900 5176 1175 5231 Maurum.
1200 5177 1462 5231 —Monct
1490 5179 1764 5233 Victorius
1796 5176 1859 5233 in
1902 5181 2146 5235 voculam

542 5248 753 5322 pluries
813 5246 904 5322 hic
950 5248 1251 5322 repetitam»
1287 5260 1577 5317 propterea
1639 5252 1952 5322 amovisse,
2001 5253 2146 5322 quod

549 5317 926 5377 emendatiora
958 5320 1289 5386 exetnplaria
1331 5335 1450 5374 eam
1486 5338 1589 5374 non
1636 5321 1927 5386 haberent,
1954 5317 2151 5378 et'rec-

546 5393 765 5463 tius,ut
791 5400 876 5445 est
920 5391 971 5463 in
1013 5387 1299 5463 Sytnbolo,
1343 5391 1433 5445 uni
1465 5400 1670 5448 tantum
1705 5395 1816 5447 Deo
1848 5393 1916 5447 ad
1957 5395 2144 5463 expri‘

548 5462 804 5520 tuendam
828 5461 1091 5529 majorem
1125 5462 1284 5515 fidem
1313 5478 1639 5531 appotiatttr.

620 5546 643 5575 ε
688 5536 851 5590 Vetus
873 5533 1006 5589 edit.
1035 5545 1180 5587 extra
1208 5531 1453 5589 Ecclesia?
1475 5536 1630 5602 fidem
1664 5535 1977 5602 baptizatus.
2008 5534 2145 5590 Puta

539 5606 596 5662 in
632 5608 893 5678 impressa
934 5605 1312 5678 lectionedici
1361 5605 1609 5675 ﬁdeliter,
1646 5606 1763 5659 sive
1794 5610 2002 5670 integra
2036 5608 2143 5660 lor-

540 5676 733 5743 mula;
767 5694 891 5732 nam
944 5676 1079 5731 infra
1112 5677 1216 5730 sub
1254 5676 1558 5732 Orthnduxi
1608 5691 1846 5745 persona
1890 5685 2142 5731 coastare

541 5748 766 5811 dicitur,
786 5749 1076 5804 haereticos
1101 5748 1427 5814 baptismum
1455 5764 1560 5800 non
1587 5746 1809 5809 habere,
1834 5761 1929 5800 eos
1949 5762 2144 5813 nempe

536 5833 604 5874 ex
635 5817 849 5871 Arianis
876 5824 966 5887 qut
997 5817 1117 5872 Filii
1148 5818 1487 5874 divinitatem
1523 5818 1577 5874 in
1605 5817 1934 5873 sacramenti
1963 5818 2146 5874 verbis

2326 4749 2350 4788 ά
2397 4751 2600 4805 Eadem
2632 4748 2983 4803 adversarium
3011 4748 3064 4803 in
3090 4757 3233 4819 tergo
3254 4750 3489 4817 habeam,
3524 4758 3631 4806 etc.

2330 4832 2351 4859 υ
2392 4821 2436 4875 Α
2466 4824 2691 4893 falsitate
2721 4820 3032 4893 Sardorum.
3061 4823 3364 4889 Corruptus
3395 4830 3478 4875 est
3512 4822 3737 4876 multum
3768 4822 3856 4880 hic

2253 4896 2409 4949 locus
2437 4892 2490 4947 itt
2525 4904 2683 4947 antea
2707 4892 2868 4947 editis
2895 4892 3075 4955 lthris,
3104 4893 3193 4963 qui
3226 4893 3411 4958 legunt
3440 4910 3469 4943 tt
3497 4893 3743 4961 falsitatis
3764 4913 3855 4948 ar-

2254 4966 2404 5030 dore,
2431 4966 2515 5018 vel
2550 4982 2580 5018 a
2612 4963 2859 5035 falsitatis
2896 4964 3073 5030 odore,
3109 4976 3221 5035 etc.
3263 4964 3647 5035 Clttuiaceusis
3679 4967 3856 5024 codex

2254 5052 2442 5106 puram
2493 5032 2693 5089 retinet
2740 5036 3054 5095 lectionem,
3085 5052 3115 5088 a
3146 5032 3377 5106 falsitate
3418 5034 3750 5102 Sardorum;
3798 5041 3852 5093 in

2253 5123 2354 5176 qua
2391 5121 2586 5175 nempe
2634 5106 2916 5160 tenebatur
2958 5106 3611 5161 Luciferianus.—0ltm
3661 5118 3779 5162 erat
3824 5128 3857 5164 a

2254 5178 2502 5249 falsitatis
2528 5177 2737 5249 ardore,
2768 5178 2853 5231 vel
2886 5177 3063 5231 odore.
3093 5179 3199 5249 Sed
3234 5192 3411 5247 neque
3441 5179 3583 5232 istud
3625 5194 3657 5230 a
3702 5180 3857 5247 falsi-

2254 5247 2356 5302 tate
2399 5247 2708 5309 Sardorum,
2739 5249 2883 5317 quod
2913 5264 2943 5304 e
2973 5247 3322 5303 Cluniacensi
3366 5264 3467 5302 ms.
3501 5249 3854 5306 Marttaua-us

2253 5320 2687 5390 reposuit,satis
2712 5332 2844 5390 puto
2870 5322 3253 5387 emendatum;
3288 5337 3411 5373 nam
3458 5331 3515 5374 ut
3555 5319 3852 5377 Sardorum

2251 5406 2453 5446 nomen
2508 5389 2633 5445 Orbi
2679 5389 3088 5461 elegantissime
3127 5401 3468 5458 apponatur,
3510 5390 3584 5445 ita
3629 5394 3852 5461 falsitati

2250 5462 2439 5532 inepte
2474 5466 2805 5529 respondeat
2833 5480 3008 5533 sapor.
3047 5461 3209 5517 Forte
3237 5464 3533 5516 iusulsitate
3562 5464 3854 5529 scripserit

2254 5535 2399 5587 llier.
2435 5551 2532 5603 pro
2562 5533 2812 5601 falsitate,
2845 5549 2930 5589 aut
2962 5537 3005 5589 si
3032 5534 3222 5588 Latine
3251 5534 3553 5596 diceretur,
3587 5537 3846 5592 satsitate.

2250 5606 2556 5661 Sardiniam
2610 5605 2845 5660 ittsulattt
2888 5606 3192 5674 pestilentis
3232 5606 3379 5659 aeris
3426 5606 3556 5658 vitio
3594 5606 3850 5665 laborare

2252 5693 2443 5735 omnes
2465 5677 2689 5741 dicunt;
2714 5680 2809 5733 sed
2837 5685 2893 5732 et
2918 5676 3117 5731 Sardos
3147 5678 3395 5731 homines
3425 5677 3717 5731 mendaces
3746 5696 3848 5735 au-

2253 5750 2394 5817 dire,
2426 5762 2636 5802 nutum.
3462 5748 3737 5805 Maurum.

2333 5820 2349 5857 τ
2395 5820 2666 5876 Victorius
2707 5834 2771 5874 ex
2825 5834 2955 5875 mss.
2998 5818 3281 5877 addiderat
3329 5836 3420 5891 per
3461 5830 3624 5877 totum
3672 5823 3847 5879 orbem
