4074 6376
200 248 322 309 169

1223 259 1567 323 DIALOGUS
1606 260 1974 323 ADVERSUS
2012 262 2539 325 LUCIFERIANOS.

3428 283 3530 341 1Ἱο

202 378 422 436 pauper
450 366 627 425 iactus
653 378 760 427 est.
794 372 862 430 Et
905 374 950 431 si
989 376 1320 447 Britannias,
1366 383 1586 452 Gallias,
1620 386 1808 444 Orien-

1920 378 2124 449 pedes,
2185 395 2387 452 eosque
2421 382 2551 438 ﬂetu
2588 382 2995 453 perfunderent,
3039 389 3191 446 crine
3231 402 3524 466 tergerem,

203 465 349 526 tem,
378 460 637 518 Indorum
667 466 921 535 populos,
960 468 1221 528 barbaras
1245 473 1522 544 Nationes,
1555 488 1609 534 et
1640 489 1812 536 totum

202 552 388 609 semel
412 562 438 592 ι
466 556 731 612 mundum
763 561 1000 630 possidet
1021 562 1252 621 Satanas
1276 585 1288 621 :
1321 571 1594 638 quomodo
1622 572 1689 626 ad
1715 588 1817 629 an-

199 648 402 716 gulum
455 651 727 709 universm
760 662 918 711 terra:
955 655 1147 714 Crucis
1193 663 1349 733 187
1384 674 1583 735 tropaea
1622 665 1817 721 collata

198 740 384 793 sunt?
402 739 671 800 Nimirum
712 746 1054 808 adversarius
1078 764 1273 822 potens
1298 759 1573 813 οοηεοεδὶι
1601 759 1817 816 Christo

202 828 467 889 blberam
491 848 801 897 excetram:
834 842 1042 902 luridos
1073 847 1341 919 homines,
1367 861 1423 907 et
1451 853 1662 924 in0pem
1695 871 1819 927 pro-

198 922 447 983 vinciam
471 928 791 1004 dedignatus
809 946 895 993 est
916 940 1215 1008 possidere.
1245 944 1399 1017 Quod
1425 946 1472 1001 si
1495 922 1562 1002 de
1584 947 1675 1003 illa
1695 922 1819 1021 quae

198 1017 261 1075 in
312 1019 609 1095 Evangelio
631 1028 827 1099 scripta
854 1042 959 1099 est,
994 1035 1102 1090 sibi
1130 1042 1399 1094 sententia
1426 1017 1814 1101 blandiuntur:

199 1106 448 1170 Putasne
466 1132 584 1171 cum
603 1122 793 1176 venerit
809 1123 953 1193 ﬁlius
975 1125 1221 1198 hominis,
1242 1132 1463 1190 inveniet
1483 1136 1640 1205 [idem
1666 1156 1819 1211 super

202 1214 406 1263 terram
432 1209 755 1281 (Luc.xvnt,
792 1216 846 1287 8)
866 1218 891 1271 ‘!
914 1221 1089 1277 sciant
1109 1223 1255 1279 illam
1288 1238 1309 1266 ο
1336 1226 1496 1284 ﬁdem
1522 1232 1813 1295 nominari.

200 1298 279 1354 de
309 1317 416 1372 qua
448 1305 563 1374 ipse
587 1307 872 1377 Dominus,
902 1314 1081 1371 aiebat
1109 1332 1123 1369 :
1154 1317 1314 1375 Fides
1343 1332 1430 1377 tua
1457 1334 1504 1380 te
1525 1327 1721 1380 salvam
1742 1332 1820 1401 fe-

199 1392 280 1446 cit
314 1393 532 1463 (Matth.
567 1416 644 1464 ix,
672 1401 791 1473 22).
825 1403 1041 1464 Etalibi
1070 1409 1139 1467 de
1168 1412 1502 1473 Centurione
1535 1438 1548 1474 :
1581 1419 1705 1475 Non
1736 1392 1819 1476 in-

199 1487 328 1541 veni
349 1498 546 1546 tantam
570 1491 597 1529 ά
622 1494 779 1564 ﬁdem
807 1498 859 1552 in
888 1498 1061 1557 Israel
1084 1503 1299 1575 (Matth.
1331 1525 1447 1576 VIII,
1471 1512 1583 1584 16).
1613 1515 1676 1570 Ει
1701 1531 1820 1570 rur-

196 1590 309 1634 sus
352 1579 421 1636 ad
463 1584 803 1653 ApOstolos:
836 1590 976 1656 Quid
1014 1594 1182 1650 timidi
1219 1601 1363 1668 estis,
1420 1579 1640 1660 modica:
1691 1609 1818 1678 ﬁdei

198 1669 372 1742 (Luc.
417 1689 511 1745 vn,
540 1678 624 1751 9)?
662 1680 881 1739 Necnon
912 1696 966 1741 et
1005 1688 1058 1742 in
1086 1690 1195 1746 alio
1225 1692 1348 1749 loco
1381 1713 1393 1748 :
1425 1696 1489 1752 Si
1531 1669 1817 1756 habueritis

1923 472 2187 529 litererem
2215 484 2365 531 certe
2408 485 2602 531 trunco
2646 480 2845 546 crucis,
2878 496 2981 536 nec
3013 482 3168 551 prius
3195 488 3522 555 amitterem,

1920 578 2083 631 quam
2110 564 2540 621 misericordiam
2572 568 2942 640 impetrarem.
2972 572 3127 631 Nunc
3154 591 3286 632 vero
3314 580 3529 635 creber-

1922 654 2062 709 rime
2109 655 2161 710 in
2210 657 2462 714 oratione
2504 675 2646 726 mea,
2684 672 2775 716 aut
2818 679 2917 734 per
2944 667 3185 736 porticus
3215 669 3526 741 deambulo,

1920 760 2013 802 aut
2053 748 2123 805 de
2172 750 2359 808 fenore
2401 765 2681 824 computo,
2710 766 2805 810 aut
2849 758 3114 818 abductus
3147 766 3290 836 turpi
3330 776 3530 839 cogita-

1922 841 2089 908 tione,
2120 844 2285 899 etiam
2318 861 2437 915 qua:
2476 847 2625 901 dictu
2656 849 3029 907 erubescenda
3054 866 3205 925 sunt,
3236 876 3392 929 gero.
3427 860 3529 918 Ubi

1921 946 2005 991 est
2046 936 2218 995 ﬁdes?
2254 940 2459 996 siccine
2500 951 2753 1012 putamus
2795 959 2982 1001 orasse
3028 947 3268 1005 Jonam?
3307 955 3387 1011 sic
3418 964 3528 1012 tres

1920 1032 2160 1099 pueros?
2202 1033 2283 1089 sic
2315 1035 2594 1091 Danielem
2626 1037 2766 1092 inter
2807 1040 3030 1096 leones?
3060 1043 3139 1099 sic
3168 1056 3317 1103 certe
3360 1049 3527 1107 latro-

1921 1136 2045 1177 nem
2074 1123 2127 1178 in
2150 1128 2351 1182 cruce?
2392 1127 2462 1183 Et
2500 1128 2617 1184 litec
2638 1145 2739 1200 ego
2779 1136 3012 1203 exempli
3059 1152 3222 1193 causa
3269 1140 3333 1195 ad
3366 1141 3531 1200 intel-

1920 1215 2194 1286 ligentiam
2237 1233 2434 1275 sensus
2472 1223 2694 1292 protuli.
2737 1223 3004 1282 Caeterum
3047 1233 3339 1288 conveniat
3371 1252 3535 1293 unus-

1920 1313 2150 1383 quisque
2162 1328 2256 1369 cor
2271 1331 2448 1376 suum.
2468 1318 2591 1372 etin
2606 1319 2752 1373 omni
2768 1320 2875 1375 vita
2896 1321 3160 1391 invemet,
3176 1342 3334 1394 quam
3350 1344 3532 1384 rarum

1919 1406 1993 1461 sit
2024 1407 2237 1463 ﬁdelem
2268 1410 2504 1465 animam
2536 1413 2795 1478 inveniri,
2816 1422 2875 1469 ut
2905 1416 3040 1471 nihil
3068 1419 3137 1473 ob
3161 1421 3349 1490 gloria}
3384 1426 3534 1494 cupi-

1920 1499 2171 1569 ditatem,
2195 1503 2330 1557 ntbil
2353 1506 2423 1560 ob
2467 1509 2809 1563 rumusculos
2832 1508 3116 1568 hominum
3140 1513 3321 1569 faciat.
3346 1515 3534 1590 Neque

1920 1595 2065 1651 enim
2098 1596 2279 1652 statim
2312 1599 2402 1669 qui
2431 1599 2664 1670 jejunat,
2704 1602 2818 1658 Deo
2841 1604 3070 1674 jejunat,
3101 1617 3197 1664 aut
3225 1613 3530 1671 extendens

1920 1689 2143 1757 pauperi
2173 1705 2413 1757 manum,
2436 1691 2549 1747 Deo
2571 1692 2800 1750 fenerat.
2829 1696 3015 1753 Vicina
3032 1714 3158 1756 sunt
3185 1704 3311 1761 vitia
3359 1708 3529 1763 virtu-

197 1762 374 1832 ﬁdem
399 1770 527 1825 sicut
550 1790 773 1845 granum
801 1779 1024 1847 δεηαρξδ,
1056 1783 1239 1840 dicens
1271 1788 1392 1842 huic
1422 1794 1606 1859 manu,
1644 1804 1815 1850 τναηε-
1844 1795 1893 1854 Β
1922 1781 2086 1836 tibus.
2111 1781 2340 1839 Dilﬁcile
2361 1796 2447 1839 est
2472 1786 2586 1842 Deo
2617 1798 2822 1842 tantum
2844 1789 3027 1859 judice
3045 1809 3167 1850 esse
3186 1810 3523 1858 contentum.

196 1861 412 1931 migra,
452 1876 502 1920 et
541 1872 935 1942 transmigrabit
961 1873 1140 1945 (Matt.
1174 1894 1281 1947 xlv,
1314 1881 1431 1949 5|).
1463 1882 1647 1952 Neque
1672 1888 1818 1943 enim

193 1948 471 2013 Centurio
501 1971 595 2016 aut
630 1963 717 2017 illa
746 1967 1087 2035 muliercula,
1121 1986 1242 2041 quae
1269 1987 1367 2041 per
1404 1974 1692 2032 duodecim
1723 1995 1820 2034 an-

187 2060 307 2103 nos
334 2048 483 2106 ﬁuxu
520 2057 800 2123 sanguinis
835 2059 1167 2129 tabescebat,
1216 2064 1271 2118 in
1312 2066 1595 2124 Trinitatis
1632 2088 1817 2129 sacra-

185 2153 390 2198 menta
418 2146 788 2217 crediderant,
825 2167 945 2220 quae
971 2164 1093 2223 post
1127 2160 1587 2217 resurrectionem
1614 2166 1818 2222 Christi

179 2235 495 2307 Apostolis
532 2242 875 2301 manifestata
926 2262 1085 2316 sunt;
1132 2260 1189 2306 ut
1218 2255 1414 2309 merito
1439 2257 1570 2312 ﬁdes
1624 2259 1817 2318 horum

178 2342 333 2399 quae
381 2331 434 2384 in
477 2334 739 2403 mysterio
776 2347 883 2403 est,
926 2339 1243 2398 laudaretur
1290 2362 1304 2399 :
1364 2347 1459 2403 sed
1500 2351 1818 2420 simplicitas

181 2424 408 2478 mentis
441 2433 497 2479 et
527 2425 719 2483 devota
751 2428 863 2486 Deo
890 2447 991 2488 suo
1020 2436 1203 2491 anima
1228 2443 1524 2510 approbata
1556 2455 1642 2500 est
1670 2466 1682 2500 :
1716 2446 1817 2502 Di-

185 2517 347 2571 cebat
374 2519 513 2572 enim
540 2519 593 2575 in
634 2523 790 2579 corde
828 2541 945 2592 suo,
986 2528 1033 2582 si
1070 2532 1281 2604 tetigero
1322 2537 1675 2593 vestimentum
1704 2543 1818 2609 ejus

186 2619 429 2677 tantum,
460 2612 607 2667 salva
644 2616 770 2683 [iam
816 2617 1036 2689 (Matth.
1091 2638 1167 2687 rx,
1203 2624 1315 2695 21).
1353 2626 1483 2683 Haec
1527 2640 1613 2686 est
1655 2632 1811 2703 ﬁdes,

185 2714 364 2770 quam
415 2718 543 2760 raro
588 2706 842 2778 inveniri,
899 2711 1046 2768 Deus
1089 2720 1490 2785 pronunciavit.
1550 2722 1676 2779 llaec
1728 2735 1814 2782 est

186 2790 356 2861 ﬁdes,
403 2812 524 2865 quas
575 2800 738 2855 etiam
794 2804 936 2871 apud
968 2821 1061 2861 eos
1114 2809 1205 2878 qui
1252 2810 1399 2868 bene
1427 2815 1679 2884 credunt,
1709 2819 1811 2873 dif-

186 2884 346 2943 ﬁcile
369 2892 916 2958 periectainvenitur.
938 2895 1063 2954 Fiat
1090 2902 1200 2967 tibi,
1235 2904 1412 2974 inquit
1439 2907 1597 2977 Deus,
1629 2927 1809 2967 secun-

185 2980 323 3033 dum
348 2983 507 3053 [item
535 2994 695 3041 tuam.
725 2988 872 3045 lianc
906 3006 1008 3062 ego
1039 3004 1061 3031 θ
1090 3010 1283 3050 vocem
1316 2998 1507 3055 audire
1552 3004 1700 3058 nolo.
1748 3003 1808 3059 Si

186 3072 343 3129 enim
386 3078 685 3134 secundum
718 3079 876 3138 ﬁdem
912 3099 1088 3141 meam
1139 3088 1233 3142 ﬁat
1268 3090 1422 3159 mihi,
1473 3094 1684 3162 peribo.
1736 3095 1804 3150 Et

1997 1874 2089 1929 ‘16.
2131 1874 2197 1933 L.
2228 1876 2549 1933 Praavenisti
2604 1880 3086 1953 interrogationem
3138 1905 3354 1946 meam:
3391 1894 3532 1953 hanc

1922 1973 2067 2027 enim
2089 1974 2427 2043 Scripturam
2454 1975 2587 2031 mihi
2614 1978 2667 2031 in
2694 1978 2883 2033 ultimo
2900 1986 3269 2042 reservabam.
3296 1988 3364 2044 Et
3385 1990 3534 2048 ferre

1922 2083 2116 2124 omnes
2130 2071 2324 2133 nostri,
2357 2072 2651 2141 immojam
2681 2089 2785 2127 non
2818 2078 2946 2135 mei.
2977 2076 3080 2132 hoc
3096 2082 3251 2149 quasi
3279 2084 3453 2140 ariete
3477 2086 3531 2140 in

1922 2160 2406 2228 disceptationibus
2441 2172 2685 2231 utuntur,
2721 2180 2881 2233 quem
2912 2170 3254 2227 confractum
3287 2190 3347 2229 ac
3378 2191 3532 2231 com-

1923 2253 2189 2308 minutum
2212 2254 2564 2311 vehementer
2590 2258 2823 2327 gaudeo.
2850 2260 2955 2314 Sed
2979 2276 3165 2331 quaeso
3205 2274 3280 2331 te,
3310 2276 3368 2321 ut
3398 2269 3531 2323 mihi

1921 2360 2140 2403 omnem
2163 2364 2404 2419 causam,
2438 2369 2607 2421 quare
2633 2356 2701 2409 ab
2737 2355 2951 2411 Arianis
2975 2360 3255 2416 venientes
3280 2362 3528 2420 Ecclesia

1920 2442 2167 2511 recipiat,
2224 2459 2331 2498 non
2383 2447 2538 2516 quasi
2578 2446 2916 2515 adversario,
2958 2452 3051 2505 sed
3077 2454 3229 2521 quasi
3261 2454 3529 2525 discipulo

1919 2536 2181 2604 explices.
2214 2536 2349 2592 Nam
2380 2554 2545 2609 quum
2580 2540 2673 2595 tibi
2700 2540 2872 2596 verbo
2904 2546 3234 2613 respondere
3267 2563 3374 2603 non
3404 2565 3528 2619 pos-

1919 2628 2053 2693 sim,
2083 2630 2268 2686 anitno
2301 2641 2481 2687 tamen
2510 2635 2739 2690 necdum
2768 2637 3062 2691 assentior.

1990 2722 2075 2775 17.
2110 2721 2175 2776 Ο.
2208 2733 2233 2769 6
2263 2724 2375 2780 Sub
2406 2742 2533 2796 rege
2571 2725 2910 2795 Constantio,
2949 2732 3189 2788 Eusebio
3210 2745 3265 2789 et
3290 2735 3524 2807 Hypatio

1912 2814 2249 2881 consulibus,
2280 2816 2498 2872 nomine
2521 2821 2742 2875 unitatis
2761 2832 2817 2875 et
2849 2822 2971 2878 ﬁdei
2996 2822 3022 2859 ¹ι
3057 2825 3354 2883 inﬁdelitas
3389 2833 3521 2886 scri-

1912 2915 2001 2976 pta
2024 2918 2125 2975 est,
2159 2917 2217 2964 ut
2238 2925 2383 2966 nunc
2412 2915 2744 2981 agnoscitur.
2769 2913 2903 2970 Nam
2953 2917 3047 2973 illo
3085 2930 3354 2989 tempore,
3385 2924 3521 2980 nihil

1913 3009 2021 3055 tam
2048 3005 2221 3072 pium,
2254 3005 2388 3059 nihil
2419 3016 2525 3061 tam
2567 3010 2903 3064 conveniens
2941 3009 2957 3047 ί
2991 3028 3152 3066 servo
3182 3014 3273 3069 Dei
3296 3016 3519 3073 videba-

1914 3103 2022 3161 tur,
2047 3112 2209 3165 quam
2239 3099 2500 3154 unitatem
2526 3099 2701 3171 sequi,
2734 3114 2789 3157 et
2810 3118 2838 3154 a
2872 3103 3037 3159 totius
3059 3106 3241 3161 mundi
3273 3123 3520 3165 commu—

184 3177 351 3223 certe
377 3170 541 3226 credo
565 3172 615 3226 in
659 3173 825 3229 Deum
859 3174 1097 3245 Patrem,
1130 3182 1294 3237 credo
1318 3185 1372 3237 in
1396 3185 1559 3240 Deum
1587 3186 1803 3255 Filium,
1833 3191 1877 3255 ρ
1911 3188 2074 3243 nioue
2097 3206 2201 3245 non
2235 3191 2430 3246 scindi.
2464 3192 2775 3248 Prtesertim
2809 3211 2972 3264 quum
3002 3198 3323 3265 superﬁcies
3345 3218 3516 3272 espo-

186 3266 248 3314 et
268 3261 439 3317 credo
470 3263 723 3326 inDeum
756 3265 1020 3335 Spiritum
1052 3282 1320 3329 sanctum.
1350 3275 1525 3333 Credo
1552 3280 1603 3334 in
1636 3296 1801 3338 unum

186 3350 479 3413 Denm.et
506 3366 682 3415 tamen
720 3362 1018 3417 secundum
1069 3380 1242 3420 meam
1291 3368 1449 3423 ﬁdem
1498 3370 1623 3426 nolo
1670 3374 1803 3429 mihi

189 3442 338 3499 ﬁeri.
373 3445 532 3518 Saepe
556 3451 755 3521 quippe
775 3453 926 3507 venit
954 3453 1207 3512 inimicus
1233 3458 1416 3529 homo,
1450 3471 1506 3516 et
1532 3462 1672 3519 inter
1699 3465 1806 3521 Do-

188 3537 459 3595 minicam
500 3557 732 3600 messem
770 3544 976 3601 zizania
1000 3547 1298 3607 interserit.
1331 3552 1517 3625 Neque
1541 3554 1799 3625 hocdico,

189 3633 341 3702 quod
386 3634 561 3706 majus
599 3638 894 3709 quidquam
943 3643 1034 3709 sit,
1081 3660 1240 3716 quam
1291 3652 1615 3708 sacramenti
1646 3653 1800 3723 ﬁdes,

190 3741 358 3797 quam
392 3732 598 3801 puritas
629 3734 824 3791 animae
851 3754 864 3790 :
898 3737 994 3791 sed
1020 3739 1316 3796 indubitata
1344 3744 1411 3798 ad
1442 3744 1613 3801 Deum
1642 3747 1797 3817 ﬁdes,

189 3822 367 3880 ardue
418 3827 710 3896 reperitur.
745 3827 907 3885 Verbi
941 3833 1112 3901 gratia
1162 3833 1368 3890 dictum
1414 3839 1501 3905 sit,
1556 3848 1614 3895 ut
1655 3841 1802 3912 quod

190 3919 450 3976 volumus
485 3922 826 3991 perspicuum
852 3923 980 3979 ﬁat:
1016 3926 1081 3980 ad
1112 3930 1412 3985 orationem
1432 3933 1661 4001 assisto;
1692 3951 1799 3990 non

190 4026 439 4081 orarem,
464 4014 510 4070 si
535 4030 641 4071 non
664 4017 972 4073 crederem:
998 4019 1093 4075 sed
1120 4021 1167 4075 si
1187 4038 1317 4079 verc
1337 4025 1640 4093 crederem,
1670 4027 1799 4083 illud

192 4123 290 4165 cor
315 4127 427 4181 quo
451 4110 595 4167 Deus
614 4112 848 4180 videtur,
874 4114 1212 4182 mundarem,
1238 4119 1486 4176 manibus
1514 4122 1799 4178 tunderem

193 4214 413 4273 pectus,
437 4221 606 4276 genas
636 4206 891 4278 lacrymis
916 4209 1171 4278 rigarem,
1210 4210 1229 4249 τ
1261 4226 1494 4283 corpore
1526 4215 1805 4271 inhorres-

193 4313 401 4366 cerem,
447 4314 544 4355 ore
574 4300 854 4369 pallerem,
891 4301 1050 4372 188
1070 4301 1313 4370 jacerem
1339 4305 1405 4360 ad
1442 4305 1655 4363 Domini
1696 4308 1802 4364 mei

1910 3282 2149 3351 sitionis,
2193 3283 2327 3338 nihil
2366 3284 2479 3354 jam
2502 3286 2824 3355 sacrilegum
2859 3288 3139 3356 praeferret
3174 3308 3189 3346 :
3222 3291 3515 3361 Credimus,

1907 3371 2126 3428 aiebant
2161 3415 2175 3439 ,
2204 3373 2218 3424 ἱ
2252 3377 2305 3428 in
2348 3392 2507 3428 unum
2532 3393 2708 3431 verum
2737 3375 2925 3442 Deum,
2956 3378 3164 3435 Patrem
3193 3384 3516 3452 omnipoten-

1908 3476 2029 3524 tem.
2060 3468 2177 3524 Hoc
2221 3470 2386 3525 etiam
2430 3486 2527 3527 nos
2557 3472 2903 3527 conﬁtemur.
2936 3473 3208 3531 Credimus
3240 3479 3290 3530 in
3323 3476 3518 3551 Unige-

1912 3561 2079 3614 nilum
2132 3559 2235 3615 Dei
2273 3561 2494 3627 Filium,
2537 3564 2626 3634 qui
2664 3575 2784 3618 ante
2822 3567 2993 3620 omnia
3039 3571 3255 3631 swcula,
3298 3578 3347 3621 et
3392 3582 3514 3627 ante

1912 3670 2061 3707 omne
2086 3654 2400 3725 principium
2446 3668 2599 3709 natus
2631 3666 2702 3710 est
2739 3657 2898 3728 189
2927 3675 2990 3713 ea:
3016 3657 3149 3713 Deo.
3187 3658 3387 3714 Natum
3418 3680 3512 3718 att-

1907 3753 2005 3800 tem
2038 3744 2374 3817 Unigenitum
2419 3748 2583 3801 solum
2615 3766 2682 3803 ea:
2710 3750 2819 3803 solo
2859 3748 3044 3818 Patre,
3075 3751 3243 3808 Deum
3281 3770 3344 3808 ea:
3374 3754 3506 3827 Deo,

1907 3838 2131 3894 similem
2158 3840 2383 3912 genitori
2427 3857 2523 3895 suo
2550 3840 2703 3896 Patri
2728 3844 3011 3897 secundum
3040 3844 3349 3915 Scripturas
3374 3864 3392 3913 ,'
3420 3868 3511 3905 cu-

1896 3935 1988 4005 jus
2013 3935 2330 3989 nativitatem
2362 3936 2543 3989 nullus
2572 3938 2733 4003 novit,
2764 3938 2865 3991 nisi
2884 3940 2974 4008 qui
3004 3939 3143 3995 solus
3170 3957 3286 3993 cum
3308 3948 3508 4013 genuit,

1911 4026 2088 4084 Pater.
2145 4029 2417 4100 Numquid
2466 4030 2555 4085 hic
2608 4032 2870 4087 insertum
2920 4042 3044 4088 est:
3101 4032 3234 4086 Erat
3286 4043 3507 4105 tempus,

1906 4120 2117 4190 quando
2140 4138 2244 4175 non
2270 4121 2428 4175 erat?
2456 4121 2562 4187 vel,
2588 4125 2651 4176 de
2674 4123 2832 4177 nullis
2854 4124 3197 4189 exstantibus,
3223 4121 3249 4162 ¹ί
3271 4135 3510 4183 creatura

1910 4225 1986 4269 est
2012 4212 2188 4268 Filius
2216 4212 2363 4269 Dei?
2391 4214 2638 4272 Perfecta
2670 4217 2804 4271 ﬁdes
2826 4226 2931 4285 est,
2957 4217 3123 4271 Deum
3156 4216 3223 4271 de
3252 4218 3363 4274 Deo
3391 4236 3513 4277 crc-

1910 4307 2059 4364 dere.
2093 4307 2163 4362 Et
2195 4317 2381 4363 natum
2413 4307 2629 4363 aiebant
2674 4308 3017 4379 Unigenitum
3055 4307 3257 4375 solum,
3290 4325 3355 4365 ex
3394 4313 3513 4367 solo

198 4412 449 4479 diffusam
470 4432 489 4469 :
510 4421 672 4469 vetus
703 4414 836 4470 edit.
872 4431 961 4488 per
988 4425 1153 4471 totum
1183 4418 1357 4473 orbem
1393 4429 1625 4477 tantum.
1659 4423 1799 4479 Mar-
1822 4440 1879 4500 D
1974 4422 2014 4500 d_
2044 4422 2232 4479 Fidem
2261 4424 2317 4478 in
2360 4422 2556 4500 Israel.
2589 4422 2755 4477 Addit
2785 4422 2931 4500 idem
2960 4423 3140 4500 Codex
3179 4426 3515 4500 sorhonicus

199 4484 332 4540 tian.
365 4495 492 4555 post
514 4486 797 4541 Erasmum
830 4484 1115 4553 espunxit.

268 4568 295 4632 ξι
340 4560 493 4632 l_dem
526 4557 731 4611 Victor.
765 4558 929 4632 simul
954 4564 1199 4629 reposuit
1226 4577 1325 4632 pro
1355 4564 1530 4616 semel.

266 4629 295 4669 δ
340 4629 557 4684 Iberum
585 4638 860 4682 excetram.
896 4631 1009 4687 lloc
1041 4633 1163 4689 loco
1192 4629 1374 4689 autem
1399 4634 1572 4689 codex
1600 4635 1800 4692 Sorbo-

197 4703 357 4758 uicus
390 4708 618 4789 praistat
646 4700 1013 4789 Clullizitjensi,
1039 4713 1096 4759 et
1137 4722 1323 4762 veram
1366 4720 1799 4789 germanamque

198 4774 429 4831 exhibet
463 4771 775 4837 lectiOnem,
808 4773 1057 4828 Hiberam
1090 4771 1605 4843 excetramfluridos
1633 4771 1801 4831 homi-

200 4863 287 4902 nes
307 4856 357 4901 et
382 4847 589 4916 inopem
617 4846 956 4915 provinciam,
986 4857 1093 4901 etc.
1137 4850 1213 4904 De
1244 4849 1472 4914 Hibera,
1504 4849 1620 4903 sive
1646 4851 1802 4904 lbera

201 4930 421 4973 excetra
450 4918 690 4991 loquitur
714 4932 930 4991 quoque
955 4918 1321 4991 Hieronymus
1350 4922 1402 4975 in
1430 4921 1592 4991 epist.
1617 4920 1684 4974 ad
1706 4920 1801 4975 Ju-

202 4990 404 5044 liannm
431 4989 747 5042 diaconum.
775 4987 1045 5045 Maurum.
1059 5020 1132 5030 —-
1152 4987 1256 5046 Per
1271 4987 1575 5048 cenvicium
1594 4992 1801 5046 lberam

203 5071 459 5114 metrum
476 5059 628 5127 dicit,
648 5070 949 5131 monstrum
967 5078 1162 5131 nempe
1174 5065 1417 5119 omnium
1438 5069 1799 5126 teterrimum,

204 5134 315 5187 sive
355 5132 424 5187 de
466 5131 690 5219 homine
737 5130 839 5213 huc.
883 5130 1169 5219 usurpet,
1196 5145 1262 5219 ut_
1298 5137 1355 5219 in
1401 5138 1562 5218 epist.
1597 5134 1681 5219 ¹6,
1731 5136 1800 5219 ad

208 5202 428 5265 Julian..
462 5203 575 5258 sive
611 5202 680 5258 de
726 5200 974 5270 regione,
1016 5200 1074 5258 ut
1120 5206 1206 5260 hic
1252 5207 1397 5273 loci,
1432 5200 1549 5262 sive
1577 5208 1645 5261 de
1694 5209 1802 5264 alio

210 5277 453 5345 quopiam
500 5274 773 5345 subjecto.
825 5273 961 5329 Puta
1015 5277 1121 5331 dici
1174 5279 1480 5335 Sardiniam
1530 5280 1797 5334 malorum

212 5349 443 5416 quotidie
468 5345 907 5417 excrescentinm
942 5348 1193 5417 hydram.
1228 5352 1369 5404 Olim
1399 5359 1538 5414 erat,
1570 5350 1803 5405 Iberiam

214 5415 254 5471 et
289 5418 588 5486 Celtiberos,
619 5415 826 5471 luridas
864 5415 1115 5486 homines,
1146 5418 1557 5493 zEtIuopumque
1587 5423 1801 5491 provin-

214 5490 348 5546 ciam.
381 5501 487 5546 etc.

280 5574 299 5600 ε
336 5560 1050 5647 Monet_Victoriusnlidem
1090 5579 1187 5630 pro
1218 5564 1413 5619 ﬁducia
1440 5564 1554 5647 hic
1592 5563 1799 5647 accipi,

216 5633 313 5691 sive
334 5635 644 5693 ardentiori
675 5634 1024 5717 credulitate,
1050 5653 1171 5717 qua:
1194 5653 1381 5717 spem,
1394 5646 1453 5717 et
1478 5638 1801 5717 charitatem

216 5704 259 5763 in
285 5724 335 5766 se
374 5709 700 5773 contineat,
737 5720 765 5758 a
798 5720 903 5775 qua
946 5704 1238 5763 hominem
1247 5708 1541 5779 justiﬁcari
1573 5708 1805 5765 manife-

214 5789 355 5840 stum.

649 5874 934 5936 ΡΑΤιιοι..
982 5874 1222 5937 XXIII.

1901 4496 2153 4561 verbum,
2187 4512 2370 4563 neque,
2405 4496 2459 4550 id
2492 4503 2598 4558 est,
2633 4511 2793 4557 neque
2814 4494 2869 4547 in
2892 4492 3081 4548 Israel.
3231 4497 3507 4556 Manum.

1977 4576 2000 4603 ο
2047 4566 2213 4622 Vetus
2261 4566 2423 4631 edit.,
2470 4564 2627 4619 Hanc
2670 4581 2765 4636 ego
2816 4565 2974 4633 ﬁdem
3018 4566 3201 4622 audire
3250 4574 3389 4628 volo.
3448 4574 3509 4630 Si

1902 4637 2060 4699 enim,
2088 4649 2195 4692 etc.

1979 4707 1998 4747 ί
2044 4708 2246 4763 Eadem
2276 4707 2454 4771 addit,
2488 4705 2658 4761 Corde
2686 4706 3059 4763 mollescerem.

1976 4789 2000 4825 ε
2045 4778 2152 4833 Sub
2181 4778 2320 4848 Rege
2344 4777 2669 4848 Constantio,
2703 4777 2947 4848 Eusebio,
2986 4788 3094 4835 etc.
3139 4784 3414 4841 Eusebius
3454 4797 3511 4844 et

1904 4850 2174 4922 Hypatius
2222 4847 3028 4922 fratres_l‘uerurit__Faustinar
3052 4857 3237 4910 uxoris
3279 4857 3506 4912 Juliani.

1904 4916 2040 4975 Vide
2086 4920 2209 4973 Am.
2260 4916 2637 4971 Marcellinum
2682 4918 2778 4972 lib.
2833 4933 2944 4971 χχι.
2996 4921 3266 4981 Consules
3318 4940 3504 4982 autem

1904 5006 2048 5047 anno
2074 4989 2275 5044 Christi
2301 4987 2429 5053 557,
2463 4986 2513 5040 id
2537 4997 2643 5054 est,
2666 4988 2978 5045 Constantii
3014 4996 3101 5047 l2.
3233 4996 3503 5054 Maurum.

1976 5063 2005 5100 ιι
2042 5061 2199 5131 Quod
2226 5060 2353 5113 hinc
2378 5060 2631 5141 sequitur
2659 5060 2727 5115 de
2741 5061 2978 5143 “Syntpdo
2999 5064 3337 5143 Ariminenst
3366 5072 3509 5143 l‘rag-

1904 5148 2145 5189 mentum
2195 5146 2320 5186 cum
2365 5131 2539 5210 veteri
2582 5147 2681 5187 ms.
2738 5131 3105 5210 S.’_.Germani
3156 5131 3503 5210 l’arisiettsis,

1903 5205 2137 5275 aliisque
2184 5201 2596 5279 exemplaribus
2638 5204 2964 5279 contulitrv.
3013 5211 3084 5264 cl.
3131 5212 3419 5279 Balusius,
3449 5201 3506 5269 ct

1902 5274 2271 5353 Conciliorum
2309 5274 2542 5331 editioni
2582 5276 2835 5353 inseruit.
2865 5278 2946 5353 lbi
2975 5296 3075 5350 pro
3104 5283 3389 5353 inﬁdelitas
3408 5274 3504 5341 est

1903 5346 2275 5412 incredulitas;
2301 5358 2357 5403 et
2384 5364 2499 5418 qua:
2528 5350 2736 5418 quidem
2765 5367 2902 5404 nunc
2931 5346 3217 5420 inﬁdelitas
3247 5357 3502 5410 noscitur.

1984 5419 1999 5457 ί
2045 5420 2102 5475 In
2134 5436 2236 5475 ins.
2273 5419 2441 5487 penes
2466 5422 2716 5476 eumdem
2748 5419 3021 5476 Balnsiutn
3050 5424 3210 5476 servis
3244 5424 3360 5488 Dei,
3388 5438 3501 5483 tum

1905 5502 1953 5548 et
1980 5493 2136 5547 totius
2165 5494 2345 5546 mundi
2390 5496 2750 5549 communione
2784 5494 2990 5560 absque
3028 5510 3059 5546 a
3087 5499 3501 5562 prmpositione.

1980 5566 1994 5616 l
2042 5565 2188 5620 Idem
2211 5564 2267 5617 in
2296 5581 2457 5619 unum
2478 5564 2650 5643 solum
2676 5580 2852 5643 virum
2880 5562 3078 5643 Deum,
3098 5574 3237 5631 etc.;
3263 5579 3316 5619 et
3339 5570 3503 5636 paulo

1903 5636 2040 5717 infra
2070 5636 2295 5717 similem
2320 5637 2541 5717 genitori
2566 5654 2660 5717 suo
2693 5634 2896 5717 ilium
2929 5632 3098 5687 Patri.
3212 5707 3222 5717 .

1976 5706 2003 5746 ιι
2042 5708 2252 5763 Rursus
2286 5706 2453 5791 idem,
2489 5709 2590 5763 nisi
2614 5709 2767 5791 solus
2808 5706 2894 5791 qui
2925 5720 3038 5786 eum
3068 5707 3268 5791 genuit...
3290 5717 3346 5764 et
3375 5728 3505 5791 nlo;

1905 5781 2109 5838 rectius
2130 5781 2191 5835 de
2214 5778 2372 5839 nullis
2401 5781 2719 5837 exstantibus
2750 5776 2996 5833 creaturis
3024 5792 3133 5832 esse
3161 5776 3359 5837 Filium
3380 5781 3482 5843 Dei
3490 5832 3505 5850 ,
