4074 6352
529 264 632 346 ﬁt

1797 255 1858 314 Β.
1901 253 2178 320 Ευεεθιι
2215 249 2601 317 HIERONVMI

3742 241 3858 310 ι’ἓῆ

529 386 712 450 Patre.
746 378 884 460 Quid
915 384 999 433 est
1048 382 1232 432 natum
1252 375 1274 430 ‘2
1297 372 1458 431 Certe
1486 385 1592 429 non
1622 370 1843 430 factum.
1870 371 2133 428 Nativitzts
2161 374 2210 440 Α
2239 371 2303 425 de
2331 371 2444 425 Deo
2470 370 2650 440 Patre,
2684 370 2961 428 anathema
2993 367 3081 428 sit.
3112 367 3313 426 Omnes
3336 361 3849 425 conclamaverunt,-

529 474 895 545 suspicionem
920 467 1200 526 auferebat
1223 475 1510 523 creaturae.
1530 463 1820 522 Addebant
1847 473 2130 537 praeterea,

535 569 635 636 Qui
651 567 712 621 de
729 564 854 621 caelo
885 562 1172 630 descendit,
1193 572 1473 632 conceptus
1499 571 1574 615 est
1596 560 1660 615 de
1691 561 1893 628 Spiritu
1909 558 2133 627 Sancta,

529 671 683 718 natus
710 676 776 716 ea:
817 657 997 714 Maria
1046 654 1276 730 Virgine,
1316 656 1595 726 cruciﬁxus
1642 671 1674 709 a
1716 654 1907 710 Pontio
1940 652 2135 720 Pilato,

528 754 680 810 tertia
719 752 803 809 die
839 751 1124 807 resurrexit
1168 759 1248 804 λα
1285 751 1524 818 mortuis,
1565 748 1801 812 ascendit
1837 747 1891 801 in
1930 747 2135 814 caelum,

528 847 672 904 sedet
694 843 762 899 ad
791 843 1055 898 dexteram
1087 836 1187 896 Dei
1209 839 1416 908 Patris,
1445 850 1689 906 venturus
1707 840 1954 914 judicare
1999 838 2138 894 vivos

530 950 580 998 et
604 949 858 996 mortuos.
894 935 1174 993 Sonabant
1202 933 1366 990 verba
1390 932 1676 1005 pietatem,
1724 940 1782 988 et
1831 931 1972 990 inter
2001 930 2138 986 tanti

529 1033 691 1091 mella
721 1029 996 1103 pra-conii,
1031 1043 1191 1086 nemo
1215 1042 1486 1084 venenum
1524 1028 1788 1084 insertum
1819 1024 2064 1097 putabat.

604 1125 694 1183 18.
743 1121 883 1180 Usia:
913 1138 1098 1178 nomen
1128 1136 1288 1192 quare
1317 1117 1567 1174 ablatura.
1604 1117 1798 1174 Valens
1856 1117 2143 1174 Mursensis

527 1209 849 1292 Episcopus.
891 1215 1104 1272 Scrinia
1157 1211 1364 1285 publica
1415 1211 1788 1270 Ecclesiarum.
1835 1213 1965 1266 Acta
2021 1210 2142 1268 Ari-

529 1311 778 1366 minensis
805 1308 1092 1382 synodi.~
1114 1305 1192 1362 De
1215 1305 1362 1362 Usiu:
1390 1321 1522 1362 vero
1555 1304 1775 1362 nomine
1805 1303 2139 1373 abjiciendo,

526 1403 908 1464 verisimilisb
940 1399 1083 1458 ratio
1129 1399 1502 1472 praebebatur.
1547 1398 1684 1466 Quia
1728 1399 1782 1451 in
1827 1396 2139 1467 Scripturis,

525 1497 771 1565 aiebant,
805 1513 910 1551 non
943 1494 1228 1564 invenitur,
1263 1503 1310 1548 et
1331 1490 1524 1547 multos
1557 1491 1904 1563 simpliciores
1925 1493 2144 1544 novitate

530 1606 630 1646 sua
655 1588 995 1654 scandalizat,
1029 1584 1225 1660 placuit
1255 1584 1476 1657 auferri.
1507 1583 1624 1641 Non
1671 1594 1788 1640 erat
1819 1599 1965 1640 cura;
2012 1580 2142 1653 Epi-

529 1686 716 1764 scopis
738 1685 808 1742 de
837 1682 1130 1748 vocabulo,
1162 1696 1330 1754 quum
1364 1695 1565 1736 sensus
1595 1687 1742 1740 esset
1782 1679 1836 1735 in
1867 1687 2008 1733 tuto.
2044 1677 2147 1733 Dc-

2244 463 2525 518 anathema
2553 464 2639 518 sit.
2668 462 2730 520 Si
2756 465 2870 534 quis
2892 461 3106 528 dixerit,
3128 468 3237 516 erat
3262 467 3480 530 tempus,
3508 453 3721 525 quando
3744 468 3850 508 non

2239 566 2351 609 erat
2382 551 2579 622 Filius,
2605 556 2881 610 anathema
2902 555 2988 609 sit.
3023 564 3048 601 ε
3081 552 3140 610 In
3185 551 3288 606 hoc
3329 565 3460 606 vero
3501 547 3680 602 cuncti
3735 545 3852 614 cpi-

2243 651 2418 720 scnpi,
2445 660 2499 705 et
2533 660 2642 704 tota
2675 651 2836 706 simul
2873 648 3114 706 Ecclesia
3165 646 3359 716 lenlausn
3401 641 3634 712 quodam
3664 646 3721 696 et
3753 638 3854 694 tri-

2246 742 2411 812 pudio
2443 741 2689 799 Valentis
2733 753 2925 798 Vocem
2979 750 3340 810 exceperunt.
3372 735 3524 806 Quod
3573 733 3620 789 si
3653 733 3778 800 quis
3821 746 3854 788 a

2242 837 2402 891 nobis
2431 836 2614 892 ﬁctum
2647 847 2821 910 putat,
2855 836 3052 896 scrinia
3085 833 3300 906 publica
3333 838 3636 889 scrutetur.
3663 826 3855 883 Plena

2240 937 2374 984 sunt
2400 927 2428 965 δ
2459 940 2610 987 certe
2637 930 3007 987 Ecclesiarum
3031 944 3196 995 arcm,
3230 935 3289 984 et
3318 939 3510 982 reCeus
3549 921 3729 982 adhuc
3773 919 3854 980 rei.

2243 1027 2508 1081 memoria
2537 1035 2643 1082 est.
2674 1026 2986 1096 Supersunt
3012 1024 3292 1090 homines,
3314 1022 3406 1094 qui
3430 1018 3511 1079 illi
3533 1015 3750 1090 synodo
3772 1015 3858 1070 in-

2244 1119 2592 1186 terfuerunt;
2626 1129 2680 1174 et
2708 1120 2850 1197 quod
2880 1119 3171 1178 veritatem
3218 1116 3398 1175 iirtnet
3429 1158 3448 1186 ,
3501 1111 3605 1184 ipsi
3663 1109 3857 1166 Ariani

2245 1211 2362 1270 haec
2389 1213 2485 1279 ita,
2520 1222 2580 1267 ut
2610 1213 2872 1278 diximus,
2897 1219 3046 1283 gesta
3073 1227 3181 1270 non
3200 1209 3500 1278 denegant.
3524 1205 3700 1274 Quum
3725 1217 3858 1274 ergo

2245 1309 2429 1366 cuncti
2459 1307 2747 1364 Valentem
2798 1307 2865 1366 ad
2913 1308 3111 1364 coelum
3155 1304 3412 1361 laudibus
3459 1301 3743 1363 tollerent,
3803 1307 3859 1353 et

2246 1417 2399 1459 suam
2431 1401 2484 1458 in
2521 1418 2642 1458 eum
2677 1401 3047 1472 su_5picioncm
3102 1416 3227 1456 cunt
3278 1396 3600 1468 ptenitentia
3629 1393 3855 1448 damna-

2247 1507 2409 1563 rent;
2443 1493 2588 1553 idem
2611 1496 2870 1558 Claudius
2907 1495 2996 1566 qui
3029 1509 3192 1565 supra
3223 1494 3408 1564 legere
3441 1499 3704 1563 coeperat,
3733 1490 3811 1544 ait
3843 1508 3856 1544 :

2248 1587 2434 1646 Adhuc
2462 1598 2578 1642 sunt
2601 1588 2799 1656 aliqua,
2855 1603 2970 1658 quis
3017 1587 3440 1658 subterfugerant
3493 1583 3763 1640 dominum
3811 1589 3859 1636 et

2253 1685 2465 1752 fratrem
2495 1697 2664 1736 meum
2696 1679 2991 1747 Valentem,
3016 1697 3131 1751 qua:
3153 1681 3197 1734 si
3225 1678 3364 1733 vobis
3391 1676 3620 1741 videtur,
3650 1691 3714 1729 ne
3744 1676 3859 1745 quis

528 1781 702 1852 nique
729 1780 847 1850 ipso
879 1777 933 1833 itt
959 1787 1229 1848 tempore,
1264 1790 1432 1847 quum
1463 1770 1704 1832 fraudem
1735 1772 1902 1830 fuisse
1952 1772 2004 1826 in
2047 1785 2141 1828 ΟΧ·
2171 1779 2220 1840 Β
2245 1776 2528 1847 scrupulus
2552 1787 2839 1842 remaneat,
2873 1778 2926 1831 in
2953 1792 3223 1835 commune
3255 1776 3580 1833 daumemus.
3629 1770 3693 1828 Si
3746 1770 3859 1839 quis

529 1875 813 1946 positione
833 1887 1022 1928 rumor
1045 1867 1233 1943 populi
1265 1867 1561 1924 vcntilaret
1581 1909 1596 1936 ,
1643 1863 1848 1930 Valens
1897 1865 2143 1924 Mursen-

531 1945 610 2024 sis
668 1967 968 2042 Episcopus
999 2003 1016 2031 ,
1072 1963 1164 2036 qui
1207 1976 1326 2018 eam
1384 1958 1830 2032 conscripserat,
1875 1966 2143 2028 prmsente

533 2057 719 2117 Tauro
750 2059 991 2132 prseterii
1022 2057 1300 2130 praefecto,
1328 2057 1419 2129 qui
1448 2073 1513 2112 ex
1537 2056 1696 2127 jussu
1743 2055 1887 2128 regis
1934 2050 2146 2126 synodo

533 2153 748 2221 aderat,
782 2152 1064 2225 proferens
1085 2159 1172 2207 est
1210 2166 1269 2206 se
1301 2150 1565 2205 Arianum
1598 2164 1706 2204 non
1753 2161 1878 2203 esse
1904 2188 1917 2214 ,
1963 2154 2018 2200 et
2049 2160 2146 2218 pe-

533 2249 683 2304 nitus
707 2247 778 2304 ab
804 2242 1384 2314 eorumblaspbemiis
1409 2256 1427 2280 ι·
1451 2241 1774 2298 abhorrere.
1798 2237 1908 2296 Res
1936 2245 2151 2294 secrete

535 2351 710 2414 gesta,
746 2341 1062 2411 opinionem
1086 2336 1233 2408 vulgi
1278 2353 1384 2392 non
1418 2337 1776 2392 exstinxerat.
1821 2333 2007 2405 itaque
2046 2332 2150 2386 alia

537 2435 626 2490 die
655 2433 708 2489 in
733 2433 1004 2501 Ecclesia,
1035 2448 1158 2503 qua:
1190 2438 1275 2487 est
1305 2429 1450 2502 apud
1479 2430 1815 2502 Ariminum,
1852 2435 1909 2483 et
1943 2427 2152 2498 episco—

537 2541 734 2600 porum
764 2525 924 2582 simul
953 2532 1008 2582 et
1035 2523 1298 2580 laicorum
1331 2522 1503 2578 turbis
1523 2519 2004 2586 concurrentibus,
2040 2517 2154 2573 Mu-

538 2624 734 2680 sonius
755 2623 1045 2694 episcOpus
1068 2619 1366 2690 provincia:
1395 2614 1422 2653 ά
1455 2617 1778 2689 Byzacenm,
1810 2614 1897 2670 cui
1930 2620 2155 2686 propter

542 2725 760 2773 aetatem
787 2718 978 2786 prima:
1016 2713 1085 2770 ab
1125 2713 1382 2769 omnibus
1404 2711 1818 2776 del'erebantur,
1844 2711 1916 2765 ita
1941 2709 2154 2776 locutus

542 2818 668 2864 est:
703 2808 784 2860 Ea
811 2824 924 2877 quw
946 2816 1062 2860 sunt
1086 2809 1291 2878 jactata
1315 2816 1337 2842 θ
1361 2806 1416 2858 in
1449 2804 1728 2872 publicum,
1762 2812 1807 2856 et
1833 2801 1901 2854 ad
1932 2819 2023 2856 nos
2071 2815 2157 2852 us-

543 2917 644 2971 que
687 2898 909 2968 perlata,
939 2898 1166 2968 aliquem
1212 2914 1239 2950 e
1285 2896 1436 2950 nobis
1465 2895 1729 2949 sanctitati
1762 2902 1946 2948 vestrw
1991 2892 2156 2964 legere

545 2993 905 3065 praecipimus,
937 3000 994 3045 ut
1017 3007 1130 3061 qum
1150 3000 1268 3044 sunt
1295 2987 1455 3055 mala,
1481 2999 1531 3044 et
1552 2988 1614 3042 ab
1637 2986 1852 3042 auribus
1880 2996 1925 3040 et
1943 3003 1974 3040 a
2003 2985 2157 3040 corde

544 3095 723 3141 nostro
754 3084 1036 3139 abhorrere
1251 3081 1456 3148 debent,
1481 3083 1709 3136 omnium
1729 3097 1834 3135 una
1861 3096 1980 3134 vcce
2008 3079 2159 3133 dam-

2245 1873 2435 1927 rlixerit
2467 1870 2515 1924 F
2519 1873 2665 1927 ilium
2694 1872 2793 1928 Dei
2815 1888 2925 1928 esse
2945 1870 3151 1941 quidem
3172 1878 3291 1925 ante
3307 1868 3483 1926 omnia
3506 1865 3693 1921 stecula
3715 1880 3734 1929 ;
3769 1862 3861 1920 sed

2248 1983 2350 2021 non
2373 1976 2494 2024 ante
2522 1983 2671 2026 omne
2693 1970 2904 2020 omnino
2933 1975 3156 2037 tempus,
3186 1973 3241 2018 ut
3271 1963 3318 2017 ei
3346 1959 3545 2031 aliquid
3579 1957 3860 2027 anteferat,

2248 2060 2526 2113 anathema
2573 2062 2660 2114 sit.
2701 2058 2969 2114 Dixerunt
2989 2054 3223 2122 cuncti}
3249 2053 3524 2109 anathema
3547 2052 3635 2105 sit.
3666 2051 3864 2108 Multa-

2249 2167 2357 2223 que
2383 2152 2487 2210 alia
2505 2167 2628 2224 qua:
2651 2151 2956 2222 suspiciosa
2973 2149 3330 2214 videbantur,
3347 2147 3416 2202 ad
3445 2145 3599 2222 ιοι
3618 2159 3864 2215 prorum-

2253 2244 2549 2301 ciationem
2574 2243 2813 2313 Claudii,
2846 2243 3048 2298 Valens
3073 2239 3481 2300 condemnavit.
3501 2239 3633 2307 Quae
3658 2237 3706 2293 si
3739 2237 3862 2308 quis

2254 2337 2471 2409 plenius
2515 2337 2732 2394 discere
2753 2337 2928 2407 cupit,
2970 2336 3024 2394 in
3075 2333 3446 2394 Ariminensis
3496 2331 3694 2404 synodi
3725 2331 3862 2388 actis

2254 2432 2518 2503 reperiet,
2557 2431 2702 2487 unde
2744 2441 2796 2486 et
2829 2445 2928 2485 nos
2962 2431 3062 2487 ieta
3092 2429 3402 2486 libavimus.

2328 2525 2415 2580 li).
2468 2523 2664 2589 Valens
2683 2534 2730 2578 et
2761 2522 3036 2580 Ursacius.
3056 2523 3250 2594 Corpus
3282 2519 3499 2581 Domini
3523 2521 3579 2574 in
3603 2519 3859 2576 Ecclesia.

2258 2613 2484 2682 Νἱείωιαι
2500 2619 2732 2690 synodus
2763 2627 2972 2687 propter
2999 2617 3123 2687 quid
3147 2626 3476 2692 congregata.
3520 2645 3589 2663 -.-
3617 2614 3750 2672 llisi
3791 2616 3866 2670 ita

2256 2712 2447 2783 gestis,
2477 2711 2765 2773 concilium
2795 2711 3047 2772 solvitur.
3074 2711 3207 2770 Laeti
3235 2725 3430 2767 omnes
3461 2710 3526 2764 ad
3559 2710 3868 2780 provincias

2257 2814 2630 2864 revertuntur.
2664 2803 2814 2860 Idem
2838 2804 2983 2859 enim
3008 2803 3151 2875 Regi:
3169 2814 3224 2862 et
3251 2804 3412 2859 bonis
3437 2803 3693 2859 omnibus
3720 2818 3868 2860 cura

2256 2897 2454 2962 fuerat,
2489 2910 2544 2952 ut
2572 2897 2768 2954 Oriens
2793 2907 2960 2968 atque
2979 2896 3250 2954 Occidens
3299 2897 3707 2953 communionis
3763 2895 3870 2953 sibi

2257 2991 2476 3046 vinculo
2506 2999 2879 3052 neaterentur.
2908 2991 3015 3046 Sen
3044 3005 3131 3050 tuo
3164 3005 3402 3046 scaenas
3446 3005 3553 3046 non
3581 2989 3784 3055 latent,
3815 2999 3869 3043 et

2259 3084 2486 3142 cicatrix
2542 3084 2682 3148 male
2724 3083 2982 3146 obducta,
3041 3085 3264 3147 incocto
3312 3098 3477 3156 pure.
3512 3080 3864 3151 dirumpitur.

545 3189 758 3235 nentur.
790 3178 1134 3249 Responsum
1164 3189 1248 3233 cst
1274 3177 1344 3231 ab
1375 3176 1652 3234 universis
1693 3173 1990 3246 episcopis.
2041 3173 2158 3244 pla-
2186 3167 2240 3240 Ο,
2263 3179 2569 3250 Coeperunt
2589 3187 2773 3250 postea
2807 3178 3007 3240 Valens
3033 3188 3090 3238 et
3120 3179 3406 3247 Ursacius,
3431 3178 3726 3248 caeteriqne
3779 3191 3870 3232 ne—

545 3284 656 3332 cet.
687 3275 879 3354 Itaque
900 3289 1022 3330 cum
1047 3272 1306 3330 Claudius
1331 3273 1625 3343 episcopus
1649 3268 1944 3346 provinciae
1973 3268 2159 3324 Piceni

547 3383 615 3426 ex
648 3375 925 3439 praecepto
944 3366 1212 3433 omnium,
1241 3364 1634 3434 blasphemias,
1667 3378 1788 3434 qua:
1814 3359 2060 3417 Valentis
2085 3357 2163 3416 le-

545 3461 838 3533 rebantur,
856 3459 1038 3531 legere
1066 3458 1324 3527 coepisset
1354 3455 1591 3512 :Valens
1616 3469 1744 3510 suas
1779 3469 1902 3511 esse
1931 3468 2161 3525 negans,

550 3553 905 3619 exclamavit,
931 3561 988 3607 et
1017 3550 1154 3606 dixit
1189 3568 1201 3604 :
1241 3547 1259 3587 ί
1295 3549 1356 3604 Si
1405 3549 1520 3618 quis
1553 3557 1704 3623 negat
1736 3546 1997 3616 Christum
2053 3543 2163 3600 Do-

549 3649 769 3711 minum,
807 3643 905 3700 Dei
934 3641 1158 3710 Filium,
1217 3651 1336 3704 ante
1382 3637 1579 3695 stecula
1606 3629 1672 3694 ea:
1715 3637 1875 3694 Patre
1909 3641 2160 3712 genitum,

549 3739 825 3792 anathema
853 3739 936 3792 sit.
973 3734 1058 3791 Ab
1081 3735 1356 3798 universis
1374 3744 1735 3787 consonatum
1753 3741 1859 3799 est,
1884 3731 2164 3796 anathema

550 3831 637 3884 sit.
661 3830 719 3886 Si
744 3830 858 3902 quis
875 3837 1024 3900 negat
1046 3824 1095 3878 F
1100 3827 1245 3881 ilium
1273 3824 1497 3879 similent
1512 3821 1661 3878 Patri
1685 3825 1968 3890 secundum
1985 3826 2166 3896 Scrip-

553 3933 721 3988 turas,
754 3924 1024 3978 anathema
1051 3922 1139 3976 sit.
1180 3921 1382 3975 Omnes
1414 3918 1846 3996 responderunt,
1885 3922 2164 3976 anathema

551 4017 640 4072 sit.
665 4016 726 4071 Si
746 4016 860 4088 quis
882 4011 932 4066 F
937 4013 1085 4070 ilium
1110 4011 1206 4067 Dei
1231 4029 1332 4066 non
1355 4011 1546 4067 dixerit
1565 4022 1816 4068 wternum
1840 4030 1953 4068 cum
1979 4011 2163 4080 Patre,

553 4110 830 4166 anathema
844 4107 932 4163 sit.
957 4107 1038 4162 Ab
1054 4105 1330 4164 universis
1343 4105 1746 4160 conclamatum
1761 4115 1865 4174 est,
1885 4107 2165 4161 anathema

553 4207 643 4259 sit.
671 4203 732 4260 Si
753 4203 867 4273 quis
889 4196 1442 4267 dixeritcreaturamF
1449 4197 1601 4252 ilium
1625 4196 1742 4266 Dei,
1766 4209 1821 4252 ut
1838 4207 1952 4253 sunt
1967 4208 2166 4256 creterra

556 4307 828 4362 creaturte,
845 4295 1120 4350 anathema
1147 4294 1234 4348 sit.
1255 4292 1522 4348 Similiter
1536 4292 1735 4347 dictum
1759 4301 1865 4358 est,
1889 4293 2164 4356 anathema

555 4392 643 4447 sit.
663 4391 726 4447 Si
747 4391 864 4461 quis
893 4388 1082 4443 dixerit
1112 4387 1174 4443 de
1204 4385 1364 4441 nullis
1386 4386 1706 4441 exstantibus
1738 4384 1959 4454 Filium,
1985 4398 2032 4441 et
2062 4405 2162 4442 non

637 4541 665 4571 ι
701 4529 900 4588 lstlunc
924 4545 957 4582 a
985 4528 1226 4591 mortuis,
1259 4525 1500 4585 ascendit.
1525 4526 1586 4580 in
1607 4527 1814 4591 castum,
1841 4541 1905 4581 ex
1938 4527 2166 4584 Victorii

561 4602 846 4660 codicibus
889 4611 945 4656 et
991 4600 1282 4653 Batusinuo
1322 4599 1621 4666 exemplari
1656 4597 1989 4653 suﬂocimus.
2024 4601 2160 4655 Tum

562 4691 631 4730 εκ
657 4675 850 4728 εοίῖθιιι
880 4679 936 4726 et
964 4673 1132 4744 νεμῚὶ
1163 4671 1406 4744 editione
1427 4670 1556 4723 tanti
1578 4667 1733 4723 mella
1759 4672 2004 4744 primoqui.“
2031 4673 2167 4744 ξοδδ..

561 4763 684 4801 mus
715 4759 812 4812 pro
843 4752 983 4796 tanta
1015 4741 1108 4796 illa
1133 4742 1408 4805 armenia,
1439 4753 1498 4794 ut
1525 4753 1684 4796 antea
1715 4743 2018 4812 obtinebat.

636 4814 664 4855 ι)
707 4811 840 4870 Rem
873 4822 1060 4868 narrat
1086 4813 1354 4882 Sulpttius
1383 4813 1479 4868 lib.
1509 4828 1565 4870 tt.
1598 4828 1718 4882 cap.
1745 4811 1817 4867 43
1843 4830 1856 4866 :
1887 4814 2028 4869 Heia:
2054 4832 2165 4871 ver-

563 4890 688 4945 bum
715 4897 982 4956 tamquam
1016 4886 1312 4958 ambiguous
1357 4893 1403 4938 et
1437 4895 1634 4958 temere
1660 4902 1690 4938 a
1718 4884 1964 4940 Putribus
2013 4904 2167 4942 usur—

567 4972 769 5029 patum,
810 4975 967 5028 neque
992 4973 1056 5011 ea:
1085 4956 1388 5010 auctoritate
1423 4956 1817 5029 Scripturar-um
1851 4962 2163 5028 profectum,

564 5027 662 5088 sub
704 5027 1054 5099 specie’fnlste
1095 5031 1313 5099 rationis
1331 5027 1866 5099 Ariani'obolebant,
1909 5027 1972 5084 ne
2013 5033 2166 5086 unius

567 5119 683 5158 cum
719 5102 878 5154 Patre
907 5097 1212 5167 substantia:
1253 5098 1295 5151 F
1299 5097 1422 5153 ilius
1449 5099 1761 5154 crederetur.
1796 5100 1994 5155 Eadem
2039 5103 2167 5167 ﬁdes

565 5173 788 5227 similem
833 5169 979 5223 Patri
1024 5165 1228 5222 Filium
1267 5169 1540 5236 (nubatur.
1591 5172 1696 5226 Sed
1737 5173 1954 5228 interius
1989 5165 2172 5228 aderat

569 5249 818 5316 fraus_,_ut
847 5250 975 5294 esset
995 5239 1338 5316 _similis,_nau
1365 5254 1496 5294 esset
1521 5244 1756 5307 aqualis.

648 5327 669 5354 ε
715 5312 885 5368 Vetus
911 5311 1055 5369 emit.
1089 5319 1137 5364 et
1175 5313 1238 5364 ab
1276 5325 1458 5365 errore
1489 5329 1554 5366 se.
1582 5315 1870 5368 recessisse.
1923 5315 2033 5370 Sed
2074 5315 2176 5370 hoe

570 5387 868 5457 opinionem
891 5381 1037 5453 vulgi
1059 5399 1159 5440 non
1189 5384 1529 5450 exstinxerat;
1559 5387 1719 5454 paulo
1745 5394 1889 5455 post,
1911 5395 1964 5439 et
1986 5386 2172 5443 [inice-

572 5476 690 5514 rum
713 5457 863 5513 turba
889 5471 1220 5511 antecurrens.

644 5529 671 5568 ἀ
712 5530 881 5599 Turpi
907 5543 1094 5581 errore
1122 5527 1321 5582 lectum
1343 5535 1430 5581 est
1453 5526 1718 5581 hactenus
1744 5523 2050 5596 Byzantium
2077 5545 2180 5596 pro

574 5602 877 5672 Hymettus.
912 5599 1166 5672 Betucius
1187 5599 1676 5672 prastere‘a‘reponi
1707 5599 1824 5651 vult
1852 5614 1916 5651 ex
1950 5599 2173 5672 antiquo

575 5667 679 5742 nis.
711 5674 962 5742 primatus
1001 5670 1072 5742 ab
1113 5667 1347 5742 cornibus
1390 5667 1717 5742 deferebatur
1763 5682 1858 5736 pro
1894 5667 2175 5739 primw’et

578 5738 960 5807 deferebantur.
994 5740 1242 5812 Denique
1271 5751 1426 5796 vet-us
1457 5738 1591 5794 edit.
1621 5753 1782 5794 voces
1810 5738 2022 5810 promer
2046 5752 2172 5794 teta-

578 5823 682 5865 tem
707 5827 816 5866 non
836 5813 1098 5880 agnoscit.

2260 3273 2445 3346 quitiae
2473 3288 2668 3338 eorum
2692 3274 2850 3340 socii,
2879 3272 3092 3346 egregii.
3123 3274 3380 3330 videlicet
3421 3270 3626 3328 Christi
3685 3286 3866 3328 sacer-

2264 3369 2442 3434 dotes,
2478 3369 2688 3442 palmas
2721 3383 2847 3425 suas
2869 3367 3142 3440 iactitare,
3169 3369 3426 3425 dicentes
3441 3383 3504 3424 se
3527 3367 3738 3426 Filium.
3766 3382 3876 3422 non.

2265 3471 2574 3524 creaturam
2600 3476 2853 3532 negasse,
2889 3461 2990 3518 sed
3016 3461 3254 3518 similem
3311 3460 3528 3516 caeteris
3584 3461 3869 3516 creaturis.

2268 3553 2422 3610 Tunc
2453 3554 2583 3608 usia:
2605 3569 2804 3618 non-ten
2839 3553 3100 3608 abolitum
3131 3562 3220 3610 est
3249 3571 3271 3604 ε-
3292 3561 3421 3611 tunc
3467 3551 3706 3608 Nicaeus:
3747 3551 3870 3608 ﬁdei

2269 3648 2550 3712 damnatio
2584 3649 2936 3704 conclamata.
2957 3655 3060 3706 est.
3092 3647 3365 3718 ingemuit:
3403 3655 3549 3706 totus
3581 3645 3734 3704 orbis
3761 3687 3782 3712 ,.
3821 3654 3877 3701 et

2266 3740 2528 3796 Ariannm
2562 3755 2630 3799 se
2647 3757 2771 3798 esse
2791 3740 2817 3779 ιι
2851 3741 3083 3798 miratus
3106 3750 3212 3799 est.
3241 3741 3409 3813 Igitur
3438 3742 3529 3798 alii
3551 3740 3694 3800 intra
3718 3754 3871 3798 suam

2268 3835 2713 3898 communionem
2770 3849 3086 3902 remanere,
3138 3833 3236 3890 alii.
3279 3834 3345 3892 ad
3397 3847 3497 3890 eos
3531 3832 3878 3890 confessores

2266 3929 2358 4000 qui
2382 3929 2484 3986 sub
2511 3928 2730 3988 nomine
2758 3927 3038 3985 Athanasii
3055 3927 3396 3992 exsulabant.
3420 3935 3710 3997 coeperunt
3734 3926 3876 3981 litte-

2269 4037 2364 4076 ras.
2398 4021 2663 4080 mittere:
2713 4022 2962 4080 nonnulli
2988 4022 3178 4080 initam
3224 4020 3546 4078 societatem
3588 4019 3874 4076 meliorem

2273 4113 2662 4185 desperatione
2699 4116 3052 4186 planxerunt.
3095 4114 3270 4170 Pauci.
3303 4128 3447 4172 vero.
3478 4114 3567 4186 (ω.
3591 4129 3650 4170 se
3682 4122 3876 4174 natura

2274 4208 2558 4272 hominum
2590 4207 2774 4282 habet)
2804 4225 3050 4268 errorem
3081 4223 3179 4280 pro
3227 4209 3458 4272 consilio
3490 4207 3875 4268 defensavere.

2273 4303 2690 4364 Perirlitabalur
2711 4305 2958 4360 navicula
2981 4303 3396 4377 Apostolorum,
3415 4302 3686 4372 urgebant
3706 4301 3878 4368 venti,

2271 4394 2526 4451 ﬂuetibus
2559 4398 2726 4452 latera
2785 4396 3193 4453 tundebantur:
3245 4394 3378 4450 nihil
3422 4394 3532 4466 jam
3587 4400 3880 4462 supererat

2349 4544 2370 4570 ο
2408 4533 2582 4607 Antea
2606 4538 2808 4607 jactata
2835 4551 2924 4606 per
2952 4533 3241 4607 publicum.
3275 4535 3412 4590 'l’um
3443 4530 3754 4607 vetuscod.
3778 4548 3880 4607 pe-

2277 4619 2372 4660 nes
2393 4603 2674 4678 Balnsititn
2705 4603 2930 4678 aliquem
2953 4603 2982 4660 e
3006 4608 3144 4660 vobis
3174 4623 3270 4676 pro
3294 4607 3461 4671 nobis,
3493 4614 3543 4660 et
3574 4603 3640 4658 ab
3666 4605 3879 4666 auribus

2273 4677 2508 4731 sordium
2537 4677 2831 4733 nostrorum
2863 4693 2960 4747 pro
2988 4689 3037 4732 et
3063 4696 3094 4730 a
3121 4678 3278 4732 corde
3307 4691 3502 4735 nostro.
3533 4686 3640 4731 etc.

2355 4747 2373 4786 ί
2418 4750 2496 4804 Ita
2526 4765 2558 4804 e
2599 4764 2702 4805 nos.
2736 4750 3008 4804 Bnlusius.
3043 4749 3328 4805 Editiones
3359 4752 3480 4803 alia:
3511 4750 3695 4803 lerunt-
3729 4747 3880 4803 Chri-

2275 4829 2424 4945 ᾕκηῖ
2464 4821 2648 4876 Deum.
2677 4821 2798 4876 Mox
2844 4837 2909 4875 ex
2955 4822 3149 4878 eodem
3198 4823 3350 4887 cod.,
3399 4832 3447 4875 et
3492 4820 3698 4874 addidit
3745 4835 3877 4890 sup-

2335 4909 2402 4945 en
2433 4909 2515 4945 nr.

2335 4902 2515 4947 0111111³.

2320 4907 2515 4947 tentur.

2275 4907 2312 4963 Ρ
2352 4974 2375 5010 8
2416 4963 2562 5018 Idem
2613 4980 2680 5019 ex
2727 4963 2822 5037 illo
2865 4965 3037 5037 veteri
3073 4965 3373 5037 exemplari
3418 4963 3641 5030 sufﬁcit,
3691 4963 3882 5018 Omnes

2279 5037 2653 5105 responderunt
2677 5052 2696 5088 :
2722 5035 3009 5093 Anathema
3033 5039 3120 5093 sit.

2305 5173 2325 5188 Ἰ
2348 5103 2675 5188 διΜςξιιάιθεθ
2721 5117 2840 5162 erat
2865 5109 3198 5188 cet°tr_e._Cod.
3231 5109 3441 5188 Balns._,
3483 5107 3882 5188 Scripturarum

2275 5174 2762 5231 Ecclesiasticarum
2793 5197 2949 5234 arcte.
2979 5181 3120 5235 infra
3165 5193 3320 5236 vetus
3360 5179 3522 5245 edit.,
3554 5189 3600 5232 et
3630 5179 3880 5248 qui-veri-

2278 5257 2436 5323 tatent
2469 5252 2695 5315 ﬁnirent.
2728 5255 2835 5319 qui,
2869 5266 2974 5307 etc.

2357 5320 2374 5354 ί
2424 5320 2479 5399 |_n
2511 5338 2618 5372 uno
2650 5337 2779 5399 ms.,
2808 5323 3079 5399 Dixerunt
3106 5325 3299 5399 cuncti,
3329 5334 3378 5379 et
3415 5325 3526 5396 ipse
3578 5321 3802 5399 Valens:
3830 5331 3885 5377 θῑ

2281 5393 2449 5472 cuncti
2480 5393 2855 5472 responderunt
2881 5411 2898 5448 :
2921 5395 3208 5472 Anathema
3235 5398 3318 5451 sit.
3345 5393 3476 5472 Mox
3509 5409 3607 5465 pro
3637 5394 3884 5450 condem-

2279 5463 2443 5529 navit,
2472 5463 2756 5525 scribi-tur.
2790 5463 2934 5520 clara
2965 5483 3083 5521 voce
3111 5467 3400 5521 damnavit.

2355 5533 2369 5611 ξ
2421 5536 2766 5611 ilartianaeus
2789 5547 2914 5606 post
2943 5540 3177 5611 Erasm,
3210 5539 3309 5594 His
3332 5540 3505 5608 itaque
3535 5537 3714 5611 gestis.

2352 5602 2378 5641 “
2419 5605 2603 5677 Neque
2632 5602 2869 5662 enirn—ex
2894 5609 3076 5664 animo
3103 5611 3336 5665 Arianus
3358 5602 3495 5674 erat,
3533 5602 3708 5663 imum
3736 5615 3884 5662 recte

2280 5680 2546 5757 sentiens,
2600 5677 2815 5757 sed
2864 5695 2973 5757 quo
3023 5681 3504 5757 nolebat,‘mndo_
3539 5679 3882 5743 intellectus,

2280 5748 2540 5804 Arianum
2570 5764 2630 5805 se
2658 5747 2925 5818 publicari
2953 5760 3008 5806 et
3036 5752 3228 5810 audire
3254 5752 3554 5823 obstupuit.
