4056 6304
220 197 298 255 175

1152 192 1500 255 DIALOGUS
1534 193 1910 256 ADVERSUS
1947 193 2482 257 LUCIFERIANOS.

3381 205 3484 266 ιη

215 309 299 378 Spei
327 324 338 361 :
367 307 640 366 Dominus
663 308 950 378 excitatur,
971 309 1207 384 imperat
1237 310 1569 381 tempeSIati,
1598 311 1773 368 bestia
1804 320 1857 388 Α
1881 309 2084 364 mundo
2115 311 2298 368 nullus
2330 313 2424 380 sit,
2457 313 2560 371 nisi
2588 327 2728 384 quos
2758 316 3003 390 synodus
3035 316 3138 374 illa
3163 317 3434 380 ordinavit
3465 340 3480 378 :

216 398 332 471 [St-il.
359 399 741 475 Constantius]
771 402 1022 467 moritur,
1052 405 1421 474 tranquillitas
1446 402 1629 459 rediit.
1666 403 1773 456 ala-

213 493 424 550 nilestius
451 495 657 551 dicant.
702 497 906 553 Omnes
953 497 1220 568 episcopi,
1278 499 1374 567 qui
1422 497 1492 553 de
1537 497 1774 570 propriis

211 587 397 644 sedibus
419 588 636 645 fuerant
666 592 1041 657 externtinati,
1078 608 1177 662 per
1203 593 1595 664 indulgentiam
1650 593 1776 648 novi

211 683 441 756 principis
465 683 620 757 [SciL
649 684 873 760 Juliani]
900 686 965 740 ad
1007 686 1279 743 Ecclesias
1326 687 1584 744 redeunt.
1624 686 1777 742 Tunc

208 774 632 846 triumphatorem
656 791 811 832 suum
839 777 1200 832 Athanasium
1224 775 1493 850 Egyptus
1521 778 1777 847 excepit;

209 877 317 924 tunc
363 870 626 926 Hilarium
677 872 743 928 de
786 871 977 943 przelio
1023 882 1431 938 revertentem,
1481 870 1777 928 Galliarum

209 961 426 1019 Ecclesia
481 965 765 1034 complexa
817 973 942 1030 est;
995 975 1125 1021 tunc
1172 965 1237 1020 ad
1292 965 1528 1022 reditum
1559 964 1781 1020 Eusebii

209 1052 340 1127 [SciL
372 1055 762 1130 Vercellensis]
803 1058 1066 1128 lugubres
1112 1067 1292 1114 vestes
1335 1057 1487 1113 italia
1534 1060 1778 1113 mutavit.

207 1147 595 1208 Concurrebant
624 1153 902 1224 episcopi,
936 1153 1027 1224 qui
1056 1152 1496 1209 Ariminensibus
1527 1153 1669 1208 dolis
1708 1153 1784 1208 ir-

207 1244 368 1311 retiti,
413 1245 534 1300 sine
577 1245 913 1301 conscientia
956 1245 1198 1301 ltmretiei
1247 1245 1600 1312 ferebantur,
1653 1261 1785 1302 cono

208 1348 444 1394 testantes
486 1339 702 1410 Corpus
753 1340 992 1407 Domini,
1049 1349 1103 1396 ct
1153 1341 1418 1414 quidquid
1453 1342 1504 1396 in
1538 1340 1783 1397 Ecclesia

206 1443 428 1488 sanctum
451 1443 556 1500 est,
581 1449 642 1489 se
665 1434 797 1489 nihil
824 1434 949 1490 mali
978 1435 1032 1490 in
1071 1435 1229 1510 193
1256 1452 1352 1490 sua
1396 1436 1502 1492 ﬁde
1541 1436 1785 1505 suspica—

203 1535 295 1582 tos.
350 1527 684 1596 Putavimus,
725 1529 974 1596 aiebant,
1023 1543 1243 1584 sensum
1300 1545 1603 1602 congruere
1659 1547 1781 1585 cum

203 1621 395 1688 verbis;
422 1638 520 1678 nec
548 1624 600 1678 in
634 1622 879 1679 Ecclesia
908 1621 1027 1691 Dei,
1053 1625 1139 1678 ubi
1160 1623 1508 1694 simplicitas,
1538 1625 1624 1679 ubi
1650 1639 1782 1696 pura

1876 406 2152 476 quomodo
2176 418 2472 478 potuerunt
2493 408 2780 467 adversum
2818 421 2840 448 ι
2874 428 2996 470 eam
3027 413 3234 482 facere,
3265 431 3483 492 propter

1877 515 2038 570 quant
2073 502 2323 558 exsilium
2347 504 2768 562 sustinuerunt?

1949 597 2040 651 20.
2081 597 2332 655 Auctores
2362 600 2614 655 hereseos
2642 601 2872 656 Ariauar.
2901 601 3234 667 Supererant
3255 605 3482 663 homines

1877 689 1966 758 qui
1990 690 2190 759 synodo
2223 688 2456 746 Nica’me
2488 691 2852 764 interfuerant.
2885 693 3024 762 Quid
3051 696 3388 752 constitutum
3432 701 3484 754 in

1878 783 2077 853 synodo
2124 782 2500 839 Alexandrina.
2557 783 2769 856 Lucifer
2795 786 2917 860 quid
2969 789 3168 858 fecerit.
3201 819 3269 834 -
3294 790 3359 846 ι.
3401 793 3483 850 An

1882 876 2102 932 tandem
2130 887 2184 934 et
2217 889 2344 936 tunc
2365 880 2577 954 recepti
2610 891 2735 938 sunt
2763 879 2992 938 Ariani?
3019 883 3239 958 quinam
3263 890 3491 958 quaeso?

1887 968 1951 1024 0.
2004 971 2266 1030 Eusebius
2324 974 2618 1046 episc0pus
2664 974 3126 1050 Nicomediensis,
3178 979 3490 1058 Theognius

1884 1059 1992 1135 [ΑΙ.
2040 1064 2412 1142 Theogonius]
2461 1070 2755 1142 episcopus
2805 1070 3082 1132 Nicaeum.
3138 1074 3305 1136 Saras
3360 1087 3491 1136 tunc

1885 1159 2170 1231 presbyter
2194 1159 2397 1234 Libyae.
2431 1163 2701 1220 Eusebius
2733 1164 3028 1238 epi~copus
3080 1164 3344 1226 Ctesareze
3390 1170 3493 1228 Pa-

1886 1248 2135 1319 testium,
2157 1262 2212 1308 et
2241 1254 2456 1326 reliqui,
2483 1272 2619 1330 quos
2646 1274 2972 1316 enumerare
2997 1260 3217 1334 longum
3236 1272 3339 1322 est.
3375 1263 3495 1338 ipse

1885 1357 2102 1413 quoque
2153 1356 2318 1417 caput
2398 1349 2592 1408 horum
2642 1362 2699 1408 et
2747 1369 2910 1411 causa
2967 1355 3282 1430 malorunt,
3330 1361 3498 1422 Arius

1889 1435 2204 1512 Presbyter,
2228 1453 2282 1497 et
2309 1441 2507 1504 Ezoius
2533 1445 2819 1514 diaconus,
2849 1449 2942 1521 qui
2972 1459 3099 1524 post
3119 1449 3146 1490 δ
3176 1451 3487 1512 Eudoxium

1883 1530 2259 1590 Antiochenus
2287 1536 2444 1610 193
2474 1539 2767 1616 cpiscopus
2792 1540 2924 1614 fuit;
2949 1553 3000 1599 et
3031 1546 3273 1604 Achillas
3300 1547 3492 1605 lector.

1889 1620 1952 1678 lli
1979 1625 2178 1696 quippe
2209 1635 2322 1682 tres
2351 1629 2736 1690 Alexandrinae
2767 1633 3031 1692 Ecclesic
3061 1636 3271 1706 clerici,
3302 1651 3494 1700 aucto-

201 1715 458 1770 conlessio
484 1725 587 1781 est,
621 1716 767 1770 aliud
802 1716 855 1770 in
879 1717 1040 1772 corde
1067 1716 1308 1772 clausum
1342 1733 1490 1783 esse,
1535 1716 1680 1770 aliud
1729 1717 1780 1770 in
1815 1739 1860 1800 Β
1889 1731 1977 1773 res
2008 1717 2170 1789 hujus
2203 1720 2477 1780 ltmreseos
2507 1727 2866 1792 exstiterunt.
2901 1727 2960 1788 ι.
2993 1728 3049 1788 Si
3076 1732 3350 1806 quispiam
3399 1748 3496 1794 eos

199 1808 341 1864 labiis
367 1810 596 1881 proferri
631 1811 940 1865 timuimus.
988 1812 1209 1883 Deccpit
1235 1828 1338 1869 nos
1364 1813 1506 1868 bona
1537 1812 1602 1868 de
1628 1812 1786 1868 malis

196 1899 534 1955 existimatio.
570 1901 688 1956 Non
717 1918 907 1958 sumus
931 1902 1182 1958 arbitrati
1217 1903 1537 1958 sacerdotes
1586 1902 1787 1959 Christi

194 1991 446 2048 adversus
492 1992 774 2048 Christum
833 2009 1090 2066 pugnare.
1144 1995 1422 2066 Multaque
1463 1995 1568 2049 alia
1600 2035 1617 2063 ,
1670 2011 1789 2065 quas

188 2081 469 2137 brevitatis
510 2083 694 2137 studio
724 2092 1020 2152 praetereo,
1051 2083 1241 2140 ﬁentes
1275 2085 1599 2140 asserebant
1632 2103 1644 2137 :
1699 2099 1790 2154 pa-

183 2175 290 2230 rati
319 2186 375 2229 et
407 2174 876 2244 subscriptionem
908 2174 1220 2244 pristinam,
1250 2183 1306 2230 et
1335 2189 1530 2230 omnes
1556 2175 1793 2232 Ariano-

184 2283 310 2322 rum
336 2265 714 2336 blaspltentias
759 2265 1149 2322 condemnare.
1206 2267 1316 2322 lloc
1355 2267 1476 2323 loco
1519 2267 1796 2341 interrogo

185 2363 320 2419 istos
353 2362 588 2416 nimiuut
613 2362 927 2433 religiosos,
951 2361 1077 2434 quid
1098 2362 1164 2418 de
1187 2363 1600 2419 conlessoribus
1629 2379 1796 2436 agen-

189 2455 311 2512 dum
384 2455 742 2526 putaverint?
797 2455 1113 2525 Depositis,
1171 2457 1465 2526 inquieut,
1519 2458 1799 2514 veteribus

192 2548 497 2619 episcopis,
534 2562 706 2602 novos
736 2547 1087 2604 ordinassent
1133 2548 1242 2620 [AL
1293 2548 1598 2621 ordinare].
1657 2549 1800 2606 Ten-

195 2653 359 2700 tatum
393 2652 501 2699 est.
529 2643 634 2698 Sed
685 2653 888 2714 quotus
919 2644 1147 2714 quisque
1200 2643 1344 2699 bene
1387 2643 1493 2698 sibi
1543 2644 1799 2700 conscius

194 2740 394 2810 patitur
430 2752 492 2794 se
527 2735 771 2806 deponi?
814 2736 1125 2792 Prasertim
1159 2753 1284 2793 cum
1337 2751 1534 2792 omnes
1583 2739 1796 2809 pepuli,

195 2829 510 2886 sacerdotes
541 2844 674 2886 suos
701 2829 1015 2902 diligentes,
1051 2845 1191 2902 pene
1213 2830 1280 2884 ad
1313 2829 1525 2901 lapides
1547 2840 1598 2884 et
1616 2829 1684 2884 ad
1711 2829 1795 2884 in-

195 2926 611 2997 teremptioncm
644 2924 1034 2996 deponentium
1058 2940 1154 2980 eos
1175 2923 1625 2981 convolavcrint?
1645 2923 1794 2979 Man-

191 3018 416 3088 sissent,
451 3019 626 3086 aiunt,
659 3019 805 3074 intra
838 3033 991 3074 suam
1018 3019 1489 3076 communionem.
1543 3017 1659 3074 Hoc
1710 3026 1795 3075 est

1893 1819 2052 1879 neget
2077 1809 2246 1867 fuisse
2274 1827 2581 1888 susceptos,
2613 1819 2893 1894 quomodo
2921 1821 3264 1880 revincetur?
3295 1823 3361 1880 0.
3390 1826 3495 1890 Su-

1889 1913 2116 1974 persunt
2142 1905 2324 1968 adhuc
2352 1907 2602 1970 homines
2625 1911 2717 1982 qui
2749 1911 2827 1968 illi
2867 1912 3082 1984 synodo
3104 1916 3497 1976 interfuerunt.

1893 1995 1959 2050 Et
1988 1996 2036 2052 si
2063 1997 2166 2054 hoc
2195 2015 2383 2070 parum
2416 2011 2521 2069 est,
2551 2004 2677 2076 quia
2709 2015 2934 2076 prepter
2968 2009 3228 2081 temporis
3258 2011 3499 2080 antiqui-

1897 2093 2061 2141 tatem
2109 2089 2216 2144 rari
2245 2092 2540 2150 admodum
2586 2105 2745 2161 sunt,
2778 2097 2917 2154 etin
2965 2099 3115 2154 omni
3161 2099 3286 2158 loco
3334 2111 3501 2160 testes

1897 2175 2093 2232 adesse
2122 2194 2226 2234 non
2259 2195 2514 2251 possunt,
2541 2184 2786 2258 legamus
2814 2195 2935 2244 acta
2966 2198 3019 2244 et
3045 2191 3264 2246 nomina
3293 2193 3506 2264 episco-

1902 2286 2095 2364 porum
2126 2274 2318 2345 synodi
2365 2274 2632 2344 Nicmnaa;
2665 2288 2721 2336 et
2752 2278 2854 2338 hos
2883 2297 3019 2350 quos
3069 2298 3232 2364 supra
3264 2285 3503 2346 diximus

1901 2360 2073 2417 fuisse
2103 2374 2410 2437 susceptos,
2441 2368 2835 2441 subscripsisse
2856 2360 3153 2444 ltotttusion,
3179 2377 3320 2433 inter
3346 2388 3506 2440 crete-

1902 2470 1996 2511 ros
2022 2458 2379 2528 reperiemus.
2410 2458 2474 2513 L.
2507 2460 2562 2516 Si
2599 2473 2758 2533 potes
2781 2467 3058 2536 ,.ostcnde
3090 2480 3211 2540 post
3241 2470 3508 2540 synodum

1903 2547 2179 2605 Nicmnam
2230 2552 2351 2608 illos
2395 2554 2449 2608 in
2497 2555 2783 2628 perﬁdiam
2837 2558 3166 2616 declinasse.
3216 2561 3282 2618 0.
3337 2563 3510 2623 ltecle

1902 2642 2266 2712 proposuisti.
2317 2645 2514 2702 Solent
2556 2648 2702 2703 enim
2755 2649 2929 2706 oculis
2973 2651 3172 2710 clausis
3217 2655 3511 2728 denegare,

1900 2736 1991 2807 qui
2020 2751 2130 2792 non
2160 2738 2391 2796 credunt
2419 2738 2622 2796 factum
2653 2758 2776 2800 esse
2815 2746 2961 2816 quod
2994 2746 3208 2808 nolunt.
3236 2748 3342 2804 Sed
3371 2766 3511 2824 quo-

1899 2829 2064 2884 modo
2087 2837 2276 2898 postea
2309 2846 2417 2886 non
2450 2831 2818 2904 declinarunt,
2850 2846 3080 2908 propter
3099 2854 3237 2910 quos
3263 2844 3507 2916 synodus

1897 2931 2233 2993 congregata
2259 2922 2380 2979 est?
2425 2923 2491 2979 Et
2521 2940 2754 2997 quorum
2801 2927 3054 2998 epistolae
3081 2939 3137 2987 et
3167 2931 3286 2990 libri
3315 2933 3512 3004 impie-

1899 3016 2030 3073 tatis
2059 3027 2186 3073 ante
2215 3017 2482 3090 synodum
2534 3020 2692 3088 editi,
2717 3037 2890 3092 usque
2917 3022 2984 3078 ad
3015 3033 3338 3094 praesentem
3363 3026 3508 3085 diem

195 3110 378 3168 dicere
401 3152 416 3176 ,
455 3110 821 3167 irrationabili
849 3110 1182 3167 crudelitate
1222 3110 1413 3168 orbem
1469 3121 1643 3167 tomm
1672 3109 1792 3166 dia-
1821 3131 1868 3196 ε
1899 3108 2140 3166 durant?
2168 3111 2338 3181 Igitur
2376 3127 2499 3169 cum
2533 3113 2626 3170 illo
2655 3123 2902 3188 tempore
2929 3118 3159 3174 trecenti
3201 3127 3258 3175 et
3295 3136 3362 3175 eo
3388 3136 3507 3175 am-

192 3204 320 3261 bolo
346 3205 752 3262 eondonassent
798 3204 908 3278 [ΑΙ.
957 3204 1468 3278 condemnassent].
1509 3203 1619 3260 Cur
1643 3204 1798 3260 dam-

192 3308 418 3354 nassent
446 3313 540 3354 eos
567 3299 660 3371 qui
699 3297 891 3354 Ariani
937 3314 1049 3354 non
1092 3299 1294 3354 erant?
1331 3296 1442 3356 Cur
1493 3298 1792 3356 Ecclesium

192 3391 512 3447 seinderent
563 3391 618 3446 in
671 3391 970 3468 concordia
1006 3391 1130 3446 ﬁdei
1181 3390 1643 3462 permanentem?
1683 3389 1797 3447 Cur

195 3483 433 3556 denique
457 3484 750 3542 credentes
771 3485 934 3554 bene,
983 3483 1355 3541 obstinatione
1405 3499 1502 3540 sua
1553 3483 1800 3539 facerent

194 3576 473 3633 Arianos?
498 3576 634 3634 Nam
667 3594 793 3634 cum
825 3580 877 3634 in
909 3577 1119 3651 synodo
1143 3577 1384 3644 Niczena,
1429 3593 1550 3648 qua:
1574 3585 1796 3650 propter

191 3672 458 3727 Arianam
489 3672 776 3743 perﬁdiam
809 3680 1140 3744 congregata
1183 3681 1301 3738 est,
1342 3678 1468 3727 octo
1506 3669 1796 3743 episcopos

191 3767 433 3823 Arianos
470 3778 760 3839 susceptos
819 3768 1092 3834 sciamus;
1139 3775 1193 3822 et
1244 3767 1533 3838 episcopus
1577 3766 1690 3838 jam
1740 3766 1794 3822 in

265 3917 293 3945 ε
335 3907 480 3964 Sunt
519 3907 609 3978 qui
642 3908 921 3964 memorize
961 3906 1095 3962 vitio
1124 3907 1213 3962 hic
1257 3907 1364 3962 labi
1401 3905 1793 3978 Hieronymum

189 3979 390 4046 velint,
422 3996 548 4035 cum
580 3982 769 4034 Arium
803 3980 978 4050 ipsum
1014 3981 1066 4034 in
1097 3979 1321 4035 Nicatno
1351 3979 1584 4034 concilio
1613 3993 1806 4033 susce-

193 4060 352 4123 ptum
407 4052 593 4107 tradit.
646 4051 860 4107 Niczeua
904 4052 1050 4106 enim
1101 4050 1372 4123 Synodica
1421 4051 1650 4122 epistola
1683 4058 1809 4119 post

192 4123 490 4180 anathema
538 4124 757 4178 Arianae
802 4125 1091 4178 sententia:
1130 4124 1292 4176 sociis
1330 4123 1596 4177 inﬁictum
1621 4163 1634 4188 ,
1673 4136 1805 4176 con-

188 4195 344 4250 sulto
382 4196 603 4249 reticeri
645 4195 796 4253 dicit.
831 4210 988 4265 quem
1027 4195 1227 4249 exitum
1262 4196 1423 4248 Arius
1457 4195 1680 4248 sortitus
1705 4194 1801 4265 sit,

185 4281 261 4322 ne
307 4267 553 4322 hominis
605 4264 904 4324 calamitati
953 4265 1210 4324 rideatur
1241 4266 1544 4330 insultare;
1601 4264 1804 4334 quibus

194 4338 392 4394 verbis
421 4337 604 4393 exsilii
636 4353 854 4406 poenam
903 4338 980 4393 illi
1021 4339 1090 4394 ab
1137 4339 1472 4408 Imperatore
1511 4337 1804 4405 irrogatam

1905 3205 2048 3275 plius
2071 3205 2339 3280 episcopi,
2367 3222 2571 3278 paucos
2596 3207 2864 3280 homines,
2892 3227 3026 3283 quos
3051 3213 3169 3268 sine
3195 3213 3396 3268 damno
3415 3214 3509 3270 Ec-

1901 3297 2330 3370 clesizeabjicere
2347 3307 2618 3369 poterant,
2635 3305 3010 3373 susceperint:
3030 3305 3200 3362 miror
3213 3304 3502 3374 quosdam,

1895 3400 1950 3448 et
1963 3402 2110 3448 certe
2123 3391 2355 3450 Nictenat
2367 3392 2490 3448 ﬁdei
2504 3404 2997 3462 sectatores,tant:e
3013 3397 3225 3454 duritiae
3241 3398 3502 3467 existere,

1903 3495 1960 3540 ut
1978 3495 2086 3541 tres
2106 3498 2127 3523 ι’
2143 3485 2488 3542 confessores
2503 3485 2570 3543 de
2583 3487 2778 3544 exsilio
2797 3498 3154 3560 revertentes,
3169 3505 3277 3548 non
3295 3499 3508 3560 putent,

1903 3578 1955 3636 id
1977 3578 2046 3636 ob
2070 3578 2234 3636 totius
2257 3579 2404 3636 orbis
2423 3581 2654 3638 salutem
2681 3583 3007 3640 necessitate
3027 3583 3207 3641 facere
3225 3583 3504 3655 debuisse,

1902 3672 2044 3744 quod
2080 3680 2158 3728 tot
2200 3681 2257 3728 et
2302 3671 2442 3728 tales
2491 3673 2592 3728 viri
2640 3674 2919 3732 voluntate
2962 3675 3232 3734 fecerunt.
3282 3675 3414 3744 Sed,
3447 3689 3507 3736 ut

1903 3766 2087 3824 dicere
2118 3779 2496 3836 coeperamus,
2543 3776 2668 3837 post
2711 3768 2944 3826 reditum
2994 3768 3409 3840 contessorum,
3453 3774 3507 3830 itt

1904 3921 2018 3958 cum
2047 3905 2172 3959 Ario
2203 3902 2328 3957 olim
2351 3904 2615 3971 depositus
2646 3907 2837 3976 fuerat,
2871 3905 3228 3962 Antiochensis
3253 3908 3505 3966 Ecclesia:

1902 3978 2186 4051 gitistitem
2215 3977 2337 4051 fecit
2367 3977 2676 4051 promoveri.
2697 3978 2810 4051 llae
2833 3981 3046 4051 scilicet
3084 3979 3168 4051 de
3195 3994 3360 4051 eausa
3389 3994 3504 4051 post

1908 4044 2206 4122 Eudoxium
2228 4048 2366 4122 dixit
2384 4048 2765 4120 Hieronymus.
2783 4049 2888 4106 Sed
2913 4051 3090 4120 ipsum
3119 4049 3300 4122 placet
3318 4044 3500 4109 Victo.

1909 4119 2048 4172 rium
2080 4119 2420 4173 describere.

1977 4189 2243 4244 Euzoinm
2276 4189 2607 4262 Eudoxioin
2652 4190 3001 4246 Antioclteno
3027 4191 3344 4262 episcOpatu
3372 4208 3500 4252 suc-

1903 4264 2132 4325 cessise,
2155 4271 2372 4316 constat
2397 4277 2464 4317 ex
2492 4261 2718 4317 historia
2751 4261 3073 4328 tripartita,’
3097 4263 3329 4320 Socrate
3360 4267 3507 4323 scili-

1907 4344 1994 4390 cet
2048 4334 2143 4388 lib.
2198 4349 2256 4399 ll,
2316 4349 2366 4388 c.
2417 4333 2510 4400 45,
2541 4332 2631 4400 44,
2671 4347 2727 4388 et
2757 4333 3065 4390 Sozotncno
3096 4335 3194 4389 lib.
3225 4351 3301 4402 tv,
3333 4351 3380 4390 c.
3415 4337 3504 4394 η.

191 4409 432 4486 indicari
466 4403 659 4486 liquet.
698 4407 895 4486 Verum
928 4403 1248 4486 d_i_.~ei_nttts_a
1275 4407 1581 4486 quouteno
1622 4403 1800 4486 iib.tt,
1831 4427 1881 4486 D
1907 4405 2039 4486 Qua:
2099 4407 2282 4486 omnia
2327 4404 2494 4486 latius
2546 4404 2803 4486 explicat.
2837 4403 3190 4486 βὴςοωιοιύξ
3241 4406 3504 4486 Callistus

190 4494 321 4558 cap.
352 4480 443 4542 16.
489 4481 680 4536 Arium
714 4483 796 4558 ἐπὶ
828 4482 1137 4558 τήιέ-ᾆξορίαγ
1181 4480 1505 4558 ἀπαγόμενοῗ
1535 4519 1551 4558 ,_
1598 4480 1717 4532 sive
1745 4494 1804 4530 eo

183 4552 314 4620 ipso
345 4561 582 4614 tempore
610 4568 709 4622 quo
733 4553 786 4605 in
813 4551 1052 4606 exsiliunt
1081 4551 1451 4618 deportabmur
1475 4551 1633 4622 fuisse
1663 4565 1802 4622 revo-

183 4619 408 4681 catum.
436 4622 579 4688 Quid
611 4619 774 4680 etiam
803 4623 1059 4679 Socrates
1093 4624 1243 4678 illum
1283 4623 1466 4676 statim
1502 4621 1568 4673 ah
1610 4619 1808 4675 exsilio

187 4703 534 4764 revocatum
566 4693 749 4756 tradit,
774 4705 1068 4764 antequam
1106 4692 1376 4748 Eusebius
1406 4707 1469 4746 ac
1497 4690 1810 4764 Theognius

182 4763 458 4822 libellum
514 4767 844 4834 pcenitcntite
907 4761 1210 4821 mitterent.
1263 4765 1380 4819 Jaut
1439 4761 1605 4832 igitur
1657 4761 1810 4816 vides

191 4850 312 4906 quo
341 4849 508 4907 pacto
537 4837 766 4901 intelligi
804 4845 860 4892 et
885 4839 1171 4892 conciliari
1210 4834 1810 4907 Hieronymuspossit.

265 4907 299 4947 ³³
339 4904 666 4964 Lectionem
705 4909 928 4964 Victorii
955 4924 1174 4973 revoco,
1219 4908 1373 4975 cujus
1424 4904 1544 4961 loco
1594 4904 1812 4958 Martia-

187 4995 355 5036 meus
387 4997 510 5036 euut
537 4981 768 5036 Erasnto
800 4981 985 5046 habet,
1019 4982 1109 5052 qui
1147 4990 1327 5052 postea
1374 4977 1470 5052 sub
1520 4975 1810 5030 Theodosio

187 5052 576 5123 Antioclmms,
631 5063 767 5117 etc.,
820 5062 878 5108 et
925 5050 1072 5123 quod
1130 5050 1351 5123 minime
1381 5050 1663 5123 fert-nilum
1703 5056 1808 5110 est,

188 5122 446 5200 Victorii
468 5126 793 5200 industriam
826 5121 992 5195 plane
1021 5122 1352 5200 dissimulat.
1385 5121 1605 5200 Certum
1631 5131 1810 5200 tamen

189 5205 283 5250 est
331 5197 449 5252 lalli
500 5194 840 5273 Erasntunt,
877 5212 1056 5265 neque
1105 5209 1224 5249 eam
1277 5195 1441 5273 fuisse
1493 5194 1811 5273 Hieronymi

188 5278 465 5331 mentem,
512 5268 886 5324 Theodosium
937 5267 1450 5332 eommetttorandi;
1503 5279 1678 5332 neque
1737 5267 1810 5318 ita

185 5340 515 5408 scripsisse.
542 5341 599 5395 In
625 5340 769 5395 hanc
795 5355 912 5408 rem
945 5340 1200 5393 Socrates
1224 5339 1318 5396 lib.
1351 5354 1407 5403 tt,
1431 5352 1553 5408 cap.
1576 5334 1647 5389 44
1673 5334 1814 5388 :An-

196 5407 454 5481 tiochem’,
489 5413 686 5478 inquit,
714 5427 834 5464 cum
865 5407 1170 5481 Eudoxium
1213 5411 1619 5481 comperissent,
1639 5417 1813 5478 spreta

192 5479 435 5560 ipsorum
469 5483 728 5560 Ecclesia,
785 5482 882 5560 ad-
898 5479 1483 5560 Constantinopolitanae
1510 5479 1647 5560 sedis
1685 5494 1816 5560 apti-

193 5547 420 5609 Ieutiam
450 5547 784 5620 transiliisSe,
821 5551 1092 5608 Meletium
1121 5547 1290 5609 Berea
1327 5552 1549 5620 accitum
1596 5549 1649 5602 in
1695 5547 1814 5602 sede

195 5624 525 5682 Antiochena
565 5619 853 5682 collocant.
891 5623 1086 5680 Ilia...
1145 5619 1594 5678 consubstantialis
1625 5620 1814 5675 doctri-

198 5710 324 5750 nam
369 5716 595 5756 asserere
647 5699 825 5771 erepit.
890 5697 1022 5771 Qua;
1057 5713 1171 5771 eum
1198 5696 1475 5771 accepisset
1502 5690 1808 5771 Imperator,

199 5780 322 5820 eum
351 5773 560 5841 quidam
589 5765 826 5843 releéari
873 5769 1074 5838 jussit;
1124 5765 1377 5823 Eusoitint
1427 5780 1570 5834 vero,
1599 5768 1687 5835 qut
1714 5778 1816 5816 una

1911 4477 2004 4531 lib.
2031 4491 2106 4540 tx,
2130 4492 2182 4531 c.
2207 4475 2689 4547 48.,Ilieronyutns
2714 4475 2805 4545 qui
2837 4475 3125 4547 haereticos
3163 4477 3396 4533 Ariauos
3420 4479 3510 4537 hic

1910 4557 2181 4610 recenset,
2211 4546 2414 4601 omittit
2445 4546 2743 4611 Meletintn,
2776 4546 2866 4614 qui
2897 4547 3040 4600 illam
3079 4551 3264 4606 sedem
3294 4550 3509 4609 medius

1911 4617 2054 4691 inter
2086 4628 2378 4691 utrumque
2402 4619 2576 4672 tenuit
2605 4636 2629 4691 :_
2649 4617 2956 4691 catholicus
2979 4621 3130 4691 enim
3175 4633 3316 4691 erat,
3352 4635 3410 4678 et
3437 4625 3507 4680 ab

1914 4689 2246 4755 lmperatorc
2282 4689 2504 4743 Valente
2545 4689 2670 4744 inde
2699 4689 2907 4756 cjecws
2929 4729 2942 4754 ,
2976 4687 3029 4744 iit
3063 4687 3317 4748 exsiliunt
3348 4706 3508 4751 aetus

1914 4771 2019 4812 est.
2054 4757 2182 4812 Fuit
2220 4768 2399 4812 autem
2457 4769 2686 4826 uterque
2738 4761 2929 4811 horum
2987 4763 3246 4826 Arianus,
3271 4764 3367 4818 sed
3401 4765 3508 4819 Ett-

1915 4829 2112 4884 doxius
2140 4828 2383 4882 Aeliana.-
2409 4829 2572 4881 etiam
2608 4827 2884 4882 factionis.
2921 4829 3022 4884 llic
3056 4833 3207 4886 locus
3233 4843 3396 4886 antea
3439 4837 3508 4890 ab

1921 4903 2147 4955 lirasnto
2193 4906 2485 4964 correptus
2531 4899 2652 4952 fuit.
2703 4897 2946 4962 Legebat
2981 4902 3127 4955 enim
3163 4901 3508 4961 :etEuzoius

1915 4973 2205 5050 diacontts,_
2228 4970 2317 5041 qui
2352 4978 2529 5050 postea
2548 4969 2648 5050 sub
2701 4967 2992 5050 Theodosio
3022 4973 3372 5050 Antiati/tenus
3401 4977 3512 5050 epi-

1917 5060 2102 5115 scopus
2128 5041 2440 5115 fuit,_q_uasi_
2467 5042 2580 5098 Arii
2616 5051 2881 5115 tempore,
2909 5049 3064 5114 cujus
3101 5045 3386 5105 familiaris
3411 5041 3512 5104 fuit

1917 5111 2153 5188 Ettittius
2179 5155 2194 5178 ,
2240 5111 2595 5188 Theodosius
2632 5111 2948 5188 imperator
2974 5111 3212 5172 'vixcrit.
3287 5120 3514 5188 Decepit

1917 5203 2040 5261 eum
2071 5186 2208 5261 alter
2238 5183 2384 5261 illius
2416 5185 2678 5261 temporis
2721 5186 2983 5261 Euzoius,
3030 5190 3098 5245 de
3128 5206 3238 5261 quo
3266 5195 3316 5246 in
3347 5183 3510 5244 Caia-

1915 5259 2040 5328 logo
2074 5259 2131 5313 lit
2158 5260 2361 5312 mentio
2391 5274 2404 5311 :
2438 5258 2528 5328 qui
2559 5259 2864 5314 catholicus
2901 5261 3021 5328 fuit,
3048 5272 3105 5317 et
3136 5258 3510 5326 Nazianzenus

1917 5331 1982 5385 ad
2006 5346 2128 5386 eum
2157 5329 2380 5400 scribit.
2420 5328 2549 5395 Nos,
2597 5329 3028 5400 suifragantibus
3069 5348 3192 5386 cum
3240 5333 3509 5398 historiis,

1920 5412 2030 5458 tum
2062 5399 2492 5472 exemplaribus,
2516 5405 2586 5456 ita
2608 5399 3042 5458 cmendavimus.
3085 5402 3342 5459 Libenter
3361 5406 3509 5459 enim

1915 5476 2177 5540 solemus,
2210 5488 2333 5530 cum
2388 5472 2606 5545 quidem
2657 5473 2787 5531 licet
2824 5473 3208 5532 auctoritatem
3255 5474 3512 5544 antiquo-

1916 5562 2035 5603 rum
2064 5546 2325 5608 lihrortnn
2359 5545 2672 5601 testimonio
2696 5545 3049 5599 historiarum
3085 5545 3434 5608 conﬁrmare.

1992 5632 2013 5658 ο
2055 5619 2286 5676 Sanctus
2316 5617 2705 5683 Athanasium,
2723 5615 3007 5679 llilariunt,
3025 5623 3078 5668 et
3102 5615 3510 5677 Vercellettsetn

1917 5691 2233 5754 Eusebitmt.
