4062 6406
511 338 618 395 175

1757 330 1815 383 s.
1858 316 2133 386 EUSEBll
2174 325 2553 383 manuum“

3713 326 3817 385 176

507 455 868 513 Alexandrina
900 460 1084 522 postea
1116 449 1330 524 synodo
1357 450 1716 507 constitutum
1743 459 1856 516 est,
1887 460 1967 517 ut,
2000 466 2095 506 ex-
2124 454 2177 514 Α
2204 465 2300 505 ero
2330 449 2384 504 in
2427 446 2737 504 enarrando
2763 460 2776 501 :
2810 459 2998 502 verum
3040 446 3174 500 tanti
3216 455 3301 501 est
3348 445 3557 502 lucrum
3607 446 3814 503 verita-

501 551 676 620 ceptis
725 546 1038 602 auctoribus
1084 545 1395 609 haereseos,
1448 559 1583 614 quos
1630 560 1789 599 error
1837 559 2103 599 excusare

498 657 608 695 non
642 648 858 710 poterat
884 681 900 705 ,
931 639 1264 709 pteuitentes
1292 638 1552 693 Ecclesim
1586 638 1927 693 sociarentur
1956 654 1967 691 :
1994 652 2101 693 non

495 732 642 803 quod
671 732 918 803 episcopi
947 731 1159 802 possint
1178 745 1301 787 esse
1323 730 1416 800 qui
1449 730 1692 785 haeretici
1720 729 1971 795 fuerant;
2005 729 2099 785 sed

494 825 643 896 quod
670 834 949 879 constaret
978 839 1074 879 eos
1102 824 1195 894 qui
1247 823 1643 893 reciperentur,
1678 822 1962 878 hwreticos
1991 840 2099 879 non

494 918 692 975 fuisse.
728 919 1001 974 Asseusus
1047 928 1131 973 est
1163 917 1289 972 huic
1337 919 1631 972 sententia:
1674 916 1948 972 Occidens
1990 933 2002 969 :
2047 925 2102 971 et

494 1030 598 1084 per
642 1024 750 1069 tam
797 1013 1168 1069 necessarium
1214 1014 1511 1068 concilium
1541 1010 1716 1085 [Fort.
1748 1012 2097 1085 consilium],

492 1108 716 1163 Satanae
744 1106 987 1162 faucibus
1015 1106 1248 1161 mundus
1276 1116 1501 1177 ereptus
1525 1117 1627 1163 est.
1663 1107 1893 1162 Ventum
1922 1116 2006 1163 est
2031 1108 2099 1162 ad

491 1202 862 1272 asperrimum
904 1190 1106 1269 locum,
1142 1205 1193 1255 in
1224 1217 1333 1272 quo
1361 1202 1652 1257 adversum
1684 1202 2016 1257 voluntatem
2046 1210 2101 1256 et

488 1296 836 1366 propositum
871 1310 1075 1360 meum,
1107 1304 1132 1331 ἰ
1161 1309 1326 1365 cogor
1358 1295 1427 1350 de
1454 1295 1612 1350 beato
1637 1294 1915 1359 Lucifero,
1939 1309 2099 1349 secus

489 1388 788 1458 quidquam
823 1404 983 1459 quam
1013 1397 1070 1443 et
1101 1389 1249 1444 illius
1278 1389 1534 1444 meritum
1555 1431 1569 1454 ,
1601 1398 1655 1443 et
1681 1404 1802 1445 mea
1848 1388 2100 1443 humaui-

488 1486 576 1533 tas
619 1480 818 1549 poscit,
853 1481 1197 1536 existimare.
1241 1481 1349 1537 Sed
1381 1481 1513 1552 quid
1548 1480 1779 1537 faciam?
1808 1483 2010 1536 veritas
2038 1498 2099 1537 os

488 1582 739 1639 reserat,
769 1582 826 1629 et
854 1572 1083 1629 invitam
1116 1573 1355 1644 linguam
1390 1572 1549 1645 194,
1568 1575 1851 1628 conscium
1881 1573 1949 1627 ad
1979 1573 2098 1629 elo-

480 1665 760 1735 quendum
788 1677 978 1735 pectus
1004 1667 1262 1736 impellit.
1282 1665 1338 1721 ln
1363 1668 1453 1719 tali
1478 1667 1709 1721 articulo
1731 1668 2013 1729 Ecclesiae,
2042 1667 2095 1722 in

487 1765 641 1812 tanta
670 1758 822 1814 rabie
855 1759 1133 1827 luporum,
1169 1759 1476 1830 segregatis
1502 1760 1691 1830 paucis
1720 1760 1933 1827 ovibus,
1967 1760 2094 1815 reli-

2209 544 2297 598 tis.
2354 552 2377 579 θ

2273 634 2365 688 22.
2409 634 2542 689 Area
2565 634 2682 689 Noe
2708 644 2862 706 typus
2897 632 3165 689 Ecclesiw.
3201 632 3431 689 Octavus
3468 650 3718 689 numeras
3755 635 3813 689 in

2204 728 2434 784 Psalmis
2461 739 2509 782 et
2536 730 2589 782 in
2621 727 2927 799 Evangelia.
2968 728 3177 783 Gradus
3219 728 3485 784 Ecclesite.
3522 726 3690 783 Nemo
3718 745 3815 799 po-

2203 830 2298 875 test
2321 831 2440 874 ante
2460 821 2647 886 iudicii
2685 822 2819 874 diem
2844 821 2908 874 de
2945 820 3241 875 hominibus
3263 822 3526 892 judicare.
3556 851 3629 862 —
3666 822 3813 877 Area

2202 910 2317 967 Noe
2348 913 2605 967 Ecclesia:
2632 922 2790 984 typus
2818 913 2938 980 fuit,
2968 914 3187 969 dicente
3216 913 3380 968 Petro
3403 914 3667 984 Apostolo
3694 929 3709 969 :
3734 912 3809 968 In

2203 1004 2339 1059 Arca
2371 1004 2487 1059 Noe
2515 1007 2689 1074 pauci,
2739 1006 2792 1060 id
2825 1015 2920 1073 est,
2952 1018 3065 1061 octo
3104 1007 3289 1062 anima:
3316 1008 3473 1061 salvat
3511 1011 3662 1079 facta:
3686 1016 3812 1061 sunt

2201 1116 2293 1170 per
2318 1116 2530 1169 aquam,
2559 1100 2699 1171 quod
2719 1110 2766 1155 et
2788 1118 2881 1155 nos
2900 1118 3038 1155 nunc
3067 1101 3254 1155 similis
3285 1100 3373 1173 [Al
3402 1100 3663 1174 similiter]
3693 1104 3812 1172 [or-

2203 1208 2300 1247 mte
2338 1194 2591 1265 baptisma
2624 1193 2794 1248 salvos
2825 1195 2949 1263 facit
2978 1193 3082 1266 [AL
3114 1193 3293 1266 faciat]
3316 1195 3363 1263 (Ι
3392 1193 3510 1249 Pet.
3546 1210 3635 1261 III,
3685 1194 3807 1263 ‘20).

2200 1284 2272 1343 Ut
2299 1287 2351 1340 in
2379 1285 2469 1341 illa
2494 1287 2742 1342 omnium
2772 1286 3092 1342 animalium
3130 1303 3336 1359 genera
3371 1306 3384 1343 :
3420 1288 3495 1343 ita
3523 1297 3579 1344 et
3608 1287 3663 1342 iu
3704 1290 3810 1343 hac

2201 1382 2579 1437 universarum
2612 1392 2665 1438 et
2691 1383 2935 1453 gentium
2960 1392 3014 1439 et
3037 1398 3249 1438 morum
3280 1383 3530 1439 [nomines
3556 1391 3705 1437 sunt.
3737 1381 3812 1439 Ut

2213 1472 2287 1527 ibi
2320 1473 2521 1543 pardus
2547 1483 2601 1529 et
2630 1473 2792 1542 haedi,
2820 1474 2978 1544 lupus
3006 1482 3062 1530 et
3090 1476 3213 1545 agni
3242 1493 3255 1528 :
3291 1476 3363 1530 ita
3391 1484 3447 1531 et
3472 1476 3558 1531 hic
3594 1482 3648 1530 et
3670 1475 3810 1546 juSIi

2202 1575 2257 1623 et
2286 1580 2630 1638 peccatores,
2660 1568 2712 1623 id
2744 1578 2852 1632 est,
2896 1583 3025 1622 vasa
3063 1584 3230 1624 aurea
3268 1579 3323 1624 et
3359 1577 3637 1639 argentea,
3679 1582 3808 1624 eum

2203 1664 2399 1734 ligneis
2430 1672 2484 1719 et
2514 1663 2767 1719 ﬁctilibus
2794 1673 3222 1719 commorantur.
3259 1663 3454 1719 Habuit
3490 1678 3615 1719 arca
3648 1662 3809 1719 nidos

2202 1772 2332 1812 suos
2362 1778 2374 1813 :
2402 1758 2564 1814 habet
2585 1758 2828 1814 Ecclesia
2868 1758 3127 1828 plurimas
3159 1759 3492 1815 mansiones.
3523 1759 3658 1815 Octo
3682 1756 3807 1812 aui-

485 1866 653 1920 quum
684 1866 907 1921 gregem
938 1851 1201 1907 deseruit.
1238 1852 1423 1905 Bonus
1470 1851 1691 1921 quidem
1735 1854 1852 1921 ipse
1882 1861 2088 1921 pastor,
2121 1844 2167 1904 B
2196 1866 2299 1905 ma:
2343 1851 2623 1905 hominum
2664 1852 2717 1906 in
2759 1866 2885 1905 arca
2924 1852 3038 1907 Noe
3076 1860 3310 1908 servata:
3349 1861 3495 1907 sunt.
3541 1852 3609 1907 Et
3647 1852 3807 1910 nobis

480 1942 579 1999 sed
632 1944 857 1998 multum
903 1942 1145 2013 praedam
1193 1943 1384 1998 bestiis
1428 1943 1765 2013 relinquens.
1814 1943 2090 1999 Prcctereo

476 2035 610 2103 illa,
641 2052 766 2107 quae
813 2037 1033 2107 quidam
1084 2051 1153 2091 ex
1196 2036 1477 2091 maledicis
1506 2078 1519 2101 ,
1551 2035 1709 2106 quasi
1759 2036 1892 2089 satis
1936 2036 2089 2091 ﬁrma

481 2128 815 2195 defendunt;
852 2130 956 2185 hoc
996 2130 1153 2185 illum
1180 2128 1205 2167 δ
1228 2144 1417 2184 amore
1447 2128 1657 2200 gloriaa,
1689 2136 1743 2182 et
1768 2130 2005 2184 nominis
2034 2130 2086 2183 iu

474 2229 733 2293 posteros
759 2223 1167 2278 transmitteudi
1198 2223 1395 2277 fecisse
1425 2241 1437 2277 :
1466 2238 1676 2278 necnon
1703 2231 1759 2277 et
1784 2223 2087 2292 prosimul-

473 2323 610 2381 tate,
635 2333 796 2387 quam
834 2317 1099 2373 adversus
1141 2316 1439 2372 Eusebium
1469 2317 1622 2389 [SciL
1662 2317 2087 2390 Vercellensem]

474 2419 703 2481 propter
745 2421 767 2449 ο
809 2411 1209 2467 Antiochenam
1275 2411 1679 2467 dissensionem
1745 2422 2083 2483 susceperat.

476 2502 625 2557 Nihil
669 2503 903 2559 istorum
946 2505 1015 2560 de
1057 2505 1149 2559 tali
1196 2505 1311 2560 viro
1342 2505 1508 2561 credo
1552 2523 1566 2559 :
1612 2522 1780 2561 unum
1823 2517 1907 2562 est
1942 2506 2086 2578 quod

475 2598 643 2654 etiam
673 2599 727 2653 iu
758 2600 1019 2669 przesenti
1045 2596 1072 2637 ἀ
1101 2609 1425 2656 constanter
1458 2600 1684 2671 loquar,
1721 2600 1908 2655 verbis
1959 2616 2085 2655 eum

474 2705 505 2744 a
534 2691 693 2745 nobis
723 2691 1019 2746 dissentire
1045 2735 1059 2759 ,
1094 2707 1203 2747 non
1236 2693 1399 2749 rebus
1428 2711 1441 2747 :
1470 2694 1515 2747 si
1562 2693 1783 2762 quidem
1832 2694 2083 2763 recipiat,

474 2784 566 2854 qui
593 2784 662 2837 ab
690 2783 913 2840 Ariauis
942 2785 1211 2852 baptisma
1243 2786 1524 2839 consecuti
1555 2796 1701 2839 sunt.

552 2876 646 2930 21.
691 2876 931 2931 Hilarius
972 2877 1220 2931 Romana:
1248 2876 1499 2931 Ecclesia:
1538 2877 1808 2931 diaconus.
1852 2877 2087 2931 Ecclesia

476 2984 581 3023 non
605 2976 682 3022 est
708 2983 823 3038 qua:
844 2984 947 3021 non
981 2967 1131 3021 habet
1161 2968 1498 3022 sacerdotem.
1525 2997 1594 3008 —
1624 2966 1686 3020 L.
1720 2968 1892 3035 Quam
1925 2968 2088 3037 longe

472 3063 578 3117 alia
604 3105 617 3128 ,
654 3074 708 3117 et
740 3072 799 3117 ut
829 3076 974 3117 nunc
1020 3061 1273 3133 intelligo
1295 3103 1312 3129 ,
1358 3062 1539 3117 errori
1578 3062 1752 3132 magis
1781 3076 1940 3131 quam
1972 3060 2088 3130 Spei

468 3155 843 3225 proﬁcientia,
874 3154 1008 3208 mihi
1031 3165 1189 3208 antea
1212 3153 1619 3209 afferebantur!
1650 3153 1848 3208 Verum
1879 3153 2085 3225 gratias

2194 1942 2554 1999 Ecclesiastes
2585 1942 2736 2015 (Cap.
2768 1943 2850 2013 xi)
2874 1943 3027 2013 jubet
3047 1943 3179 1999 dare
3208 1952 3387 2013 partes
3407 1954 3642 2013 septem,
3667 1944 3803 2000 dare

2194 2044 2376 2103 partes
2421 2044 2564 2099 octo,
2628 2035 2680 2089 id
2721 2047 2837 2102 est,
2888 2035 3117 2091 credere
3162 2036 3380 2106 utrique
3428 2036 3805 2092 Testamento.

2191 2126 2318 2181 Ideo
2357 2127 2578 2197 quidam
2610 2127 2805 2197 psalmi
2845 2146 2938 2200 pro
2970 2139 3149 2183 octava
3192 2130 3584 2196 inscribuntur,
3625 2139 3683 2185 et
3708 2147 3809 2202 per

2190 2230 2420 2274 octonos
2452 2236 2662 2287 versus,
2696 2221 2789 2290 qui
2820 2221 3054 2291 singulis
3084 2222 3283 2277 litteris
3304 2223 3534 2293 subjecti
3568 2234 3717 2289 sunt,
3747 2224 3805 2280 in

2191 2314 2492 2368 centesimo
2552 2314 2766 2369 decimo
2814 2323 3006 2371 octavo
3059 2314 3267 2384 psalmo
3311 2316 3493 2385 justus
3532 2317 3802 2374 eruditur.

2190 2404 2569 2461 Beatitudines
2595 2422 2815 2477 quoque
2862 2421 3001 2477 quas
3068 2406 3331 2462 Dominus
3393 2408 3684 2477 discipulis
3748 2411 3803 2466 in

2192 2508 2377 2552 monte
2410 2499 2799 2567 prouunciaus,
2825 2498 3127 2555 Ecclesiam
3153 2499 3469 2568 delineavit,
3500 2510 3625 2557 octo
3647 2510 3798 2557 sunt.

2194 2590 2259 2645 Et
2302 2590 2553 2645 Ezechiel
2606 2592 2660 2646 in
2707 2592 3126 2648 aediﬁcationem
3178 2591 3407 2663 Templi,
3461 2594 3802 2651 octonarium

2191 2701 2474 2739 numertmi
2491 2687 2739 2740 assumit.
2766 2685 3039 2757 Multaque
3065 2687 3177 2742 alia
3204 2687 3256 2742 in
3284 2690 3429 2743 hunc
3451 2688 3673 2745 modum
3696 2705 3797 2761 per

2192 2778 2500 2848 Scripturas
2528 2778 2829 2849 signiﬁcata
2876 2781 3139 2850 reperies.
3183 2782 3459 2837 Emittitur
3505 2783 3685 2855 itaque
3728 2785 3801 2843 de

2189 2885 2314 2925 arca
2342 2886 2556 2937 corvus,
2598 2870 2617 2907 τ
2660 2882 2712 2926 et
2744 2888 2852 2927 non
2885 2874 3065 2938 redit,
3099 2883 3154 2929 et
3187 2885 3372 2945 postea
3418 2891 3605 2946 pacem
3638 2886 3799 2933 terra:

2190 2964 2442 3019 columba
2476 2963 2709 3019 nuntiat.
2754 2964 2829 3020 Ita
2872 2974 2927 3020 et
2959 2966 3012 3020 in
3053 2966 3379 3037 baptismate
3406 2967 3684 3037 Ecclesiae,
3719 2979 3801 3025 ter

2191 3054 2416 3108 terriino
2442 3054 2572 3110 alite
2602 3056 2852 3125 expulso,
2886 3056 2939 3112 id
2984 3066 3088 3124 est,
3129 3058 3371 3125 diabolo,
3414 3074 3602 3131 pacem
3636 3069 3800 3117 terra:

2190 3155 2393 3200 nostra:
2434 3147 2685 3203 columba
2725 3149 2961 3218 Spiritus
3000 3151 3174 3206 sancti
3214 3152 3446 3207 nuntiat.
3487 3152 3535 3208 A
3577 3153 3800 3224 triginta

471 3262 577 3319 ago
595 3246 820 3304 Christo
852 3247 986 3312 Deo,
1020 3247 1113 3318 qui
1155 3248 1209 3300 in
1252 3256 1442 3317 pectus
1478 3263 1655 3301 meum
1696 3248 1947 3302 veritatis
1999 3246 2082 3301 lu-
2113 3234 2158 3297 C
2191 3238 2390 3293 cubitis
2418 3240 2701 3311 incipiens,
2727 3253 2781 3297 et
2811 3258 2982 3314 usque
3020 3244 3087 3298 ad
3116 3261 3282 3301 unum
3313 3245 3557 3301 cubitum
3601 3248 3796 3319 paula-

472 3356 599 3395 men
630 3338 861 3406 infudit;
894 3356 963 3395 ne
990 3340 1167 3394 adhuc
1197 3355 1292 3394 ore
1334 3340 1625 3408 sacrilego,
1660 3339 1926 3409 virginem
1960 3338 2080 3408 ejus

470 3442 714 3489 scortum
744 3432 947 3488 diaboli
976 3433 1296 3488 clamarem.
1330 3432 1527 3487 Restat
1551 3448 1741 3497 unum,
1764 3433 1909 3503 quod
1936 3448 2082 3504 quae-

472 3543 536 3582 so
569 3539 620 3583 te
660 3536 720 3581 ut
750 3525 1050 3593 edisseras,
1084 3526 1212 3596 quid
1258 3525 1549 3580 adversum
1594 3525 1853 3581 Hilarium
1897 3526 2083 3582 dicen-

471 3621 600 3673 dum
628 3618 718 3683 sit,
751 3621 842 3689 qui
879 3633 948 3674 ne
980 3618 1285 3685 baptizatos
1309 3616 1527 3687 quidem
1563 3617 1792 3686 recipiat
1824 3617 1894 3671 ab
1921 3617 2081 3672 Aria-

473 3713 581 3767 uis.
618 3710 683 3766 Ο.
728 3712 972 3767 Hilarius
1016 3725 1141 3766 cum
1191 3711 1463 3766 Diaconus
1490 3709 1559 3765 de
1610 3709 1854 3765 Ecclesia
1898 3724 2081 3764 reces-

474 3807 639 3871 serit,
689 3807 952 3877 solusque
998 3814 1058 3859 ut
1105 3814 1278 3875 putat,
1330 3804 1488 3859 turba
1534 3804 1606 3859 sit
1650 3804 1871 3871 mundi,
1907 3818 2080 3875 neque

470 3897 864 3955 eucharistiam
892 3898 1170 3953 conﬁcere
1211 3905 1415 3967 potest,
1445 3894 1731 3966 episcopos
1761 3905 1816 3951 et
1858 3895 2085 3968 presby-

482 4004 629 4047 teros
652 4005 757 4046 non
787 3990 995 4046 habens
1024 4008 1035 4042 :
1068 4005 1246 4060 neque
1277 3988 1547 4059 baptisma
1582 3990 1704 4044 sine
1746 3986 2078 4044 eucharistia

473 4079 716 4140 tradere.
751 4084 817 4139 Et
847 4099 970 4138 cum
995 4083 1106 4151 jam
1139 4081 1303 4137 homo
1348 4088 1601 4135 mortuus
1628 4080 1721 4145 sit,
1751 4096 1874 4135 cum
1904 4079 2081 4134 homi-

470 4198 538 4236 ne
568 4182 776 4252 pariter
807 4178 1015 4234 interiit
1036 4187 1092 4234 et
1116 4188 1289 4242 secta,
1323 4176 1448 4247 quia
1479 4185 1600 4246 post
1621 4191 1679 4231 se
1707 4176 1917 4231 nullum
1950 4172 2077 4230 Cle-

466 4275 639 4331 ricum
670 4274 931 4329 diaconus
962 4272 1138 4345 potuit
1160 4270 1441 4327 ordinare.
1471 4271 1711 4325 Ecclesia
1740 4279 1921 4326 autem
1967 4284 2074 4325 non

466 4376 571 4432 est,
603 4382 723 4437 qua:
749 4382 856 4422 non
896 4366 1060 4421 habet
1087 4364 1426 4421 sacerdotes.
1463 4364 1572 4419 Sed
1613 4365 1835 4419 omissis
1884 4363 2072 4434 paucis

468 4460 814 4516 homunculis
835 4503 849 4527 ,
882 4461 972 4531 qui
1017 4459 1121 4531 ipsi
1152 4470 1205 4515 et
1233 4459 1357 4514 laici
1387 4470 1515 4513 sunt
1544 4467 1597 4513 et
1638 4458 1910 4527 episcopi,
1943 4473 2071 4512 aus-

465 4553 612 4607 culta
640 4552 769 4621 quid
796 4551 867 4608 de
892 4554 1040 4607 omni
1065 4552 1310 4608 Ecclesia
1344 4550 1689 4606 sentiendum
1728 4551 1817 4604 sit.
1859 4549 1923 4604 L.
1948 4549 2065 4604 Tri-

2189 3332 2284 3386 tim
2314 3331 2661 3401 decrescens,
2691 3350 2813 3390 arca
2846 3336 3203 3393 construitur.
3231 3338 3496 3394 Similiter
3519 3349 3574 3394 et
3602 3338 3799 3396 Eccle-

2184 3426 2265 3481 sia
2298 3426 2480 3482 multis
2505 3428 2762 3499 gradibus
2799 3429 3129 3498 consistens,
3170 3431 3237 3486 ad
3278 3442 3582 3489 extremum
3611 3433 3798 3491 diaco-

2187 3522 2292 3587 nis,
2335 3522 2690 3593 presbyteris,
2726 3524 3110 3596 episcOpisque
3142 3525 3344 3582 ﬁnitur.
3374 3527 3680 3584 Periclitata
3710 3540 3798 3585 est

2185 3627 2310 3667 arca
2373 3614 2426 3668 in
2469 3614 2695 3683 diluvio,
2732 3615 3071 3685 periclitatur
3129 3616 3377 3674 Ecclesia
3444 3619 3496 3674 iu
3562 3620 3791 3677 mundo.

2186 3707 2452 3780 Egressus
2512 3710 2624 3767 Noe
2664 3712 2878 3768 vineam
2939 3714 3226 3784 plantavit,
3266 3724 3321 3771 et
3348 3716 3539 3772 bibens
3600 3718 3669 3774 de
3701 3734 3793 3788 ea,

2185 3803 2486 3860 inebriatus
2506 3815 2589 3860 est
2614 3823 2626 3859 :
2658 3814 2819 3862 natus
2852 3823 3068 3878 quoque
3097 3809 3150 3863 in
3190 3824 3356 3865 carne
3383 3809 3656 3877 Christus,
3683 3812 3793 3868 Ec-

2184 3894 2407 3950 clesiam
2450 3897 2741 3967 plantavit,
2769 3907 2824 3954 et
2855 3914 3047 3969 passus
3094 3911 3199 3956 est.
3259 3901 3533 3958 Nudatum
3579 3914 3791 3975 patrem

2184 3988 2353 4046 irrisit
2395 3991 2569 4061 major
2612 3992 2776 4059 ﬁlius,
2806 4002 2861 4048 et
2889 3993 3071 4049 minor
3102 3995 3258 4062 texit,
3290 4004 3347 4051 et
3378 3995 3550 4053 Deum
3578 3998 3793 4057 cruciﬁ-

2184 4098 2308 4137 xum
2332 4083 2619 4139 illuserunt
2637 4083 2833 4150 Judaei,
2861 4093 2917 4140 et
2939 4091 3349 4144 lionoraverunt
3369 4088 3636 4146 Gentiles.
3663 4089 3791 4147 Dies

2181 4191 2267 4230 me
2293 4175 2533 4244 deficiet,
2564 4177 2611 4231 si
2641 4178 2819 4233 omnia
2848 4193 2989 4233 arca:
3020 4190 3361 4236 sacramenta
3386 4195 3510 4236 cum
3542 4182 3789 4239 Ecclesia

2178 4284 2535 4340 componens,
2583 4270 2903 4327 edisseram.
2963 4273 3066 4341 Qui
3095 4275 3204 4329 sint
3242 4274 3387 4332 inter
3425 4292 3524 4332 nos
3566 4278 3785 4348 aquila,

2177 4362 2269 4433 qui
2286 4364 2579 4429 columbas,
2597 4367 2688 4435 qui
2708 4364 2916 4429 leones,
2942 4365 3103 4438 196
3128 4367 3219 4437 qui
3240 4377 3264 4415 ε
3288 4367 3565 4440 cervi,qui
3582 4372 3789 4425 vermi-

2175 4455 2309 4522 culi,
2332 4456 2422 4527 qui
2451 4469 2756 4528 serpentes,
2780 4458 2926 4530 quod
2948 4460 3016 4515 ad
3042 4476 3285 4531 prmsens
3311 4464 3586 4533 negotium
3610 4466 3787 4535 perti-

2178 4557 2289 4615 net,
2324 4550 2563 4606 breviter
2593 4551 2902 4623 cxpediam.
2935 4552 3051 4608 Non
3085 4558 3261 4617 solum
3297 4556 3351 4611 in
3383 4556 3626 4612 Ecclesia
3658 4574 3784 4615 mo-

466 4644 594 4709 bus,
628 4653 685 4696 ut
714 4643 882 4709 aiunt,
912 4644 1096 4700 verbis
1125 4653 1233 4698 tam
1262 4644 1527 4714 grandem
1574 4643 1936 4713 quaestionem
1963 4642 2074 4697 dis-
2098 4617 2151 4678 Ῑ)
2176 4650 2364 4697 rantur
2394 4658 2542 4711 oves,
2576 4658 2678 4700 nec
2710 4645 2925 4700 munda:
2965 4654 3177 4702 tantum
3215 4662 3346 4703 aves
3384 4648 3640 4715 volitant;
3682 4652 3780 4707 sed

461 4734 696 4800 solvisti,
725 4745 782 4791 et
807 4735 1026 4805 quidem
1056 4736 1184 4791 dum
1218 4736 1485 4806 loqueris,
1512 4736 1705 4791 videor
1728 4734 1858 4789 mihi
1890 4745 2067 4791 tecum

462 4828 666 4883 facere.
732 4828 787 4884 Si
836 4843 969 4884 vero
1029 4828 1367 4893 obticueris,
1421 4830 1607 4884 nescio
1661 4830 1787 4900 quid
1854 4846 2069 4886 rursum

459 4922 703 4991 scrupuli
730 4924 1005 4994 nascitur;
1036 4938 1203 4994 quare
1222 4924 1291 4978 ab
1320 4924 1592 4979 haereticis
1615 4924 1870 4995 baptizati
1899 4925 2068 4981 susci-

460 5015 710 5082 piuutur.
753 5015 818 5070 0.
852 5016 963 5071 Hoc
1004 5024 1091 5071 est
1116 5016 1259 5086 quod
1288 5025 1465 5086 etego
1495 5016 1635 5081 dixi,
1665 5018 1911 5072 ausculta
1937 5018 2068 5089 quid

461 5106 529 5159 de
553 5107 702 5159 omni
736 5106 981 5161 Ecclesia
1011 5109 1357 5163 sentiendum
1400 5107 1493 5162 sit.
1527 5108 1632 5163 Iste
1656 5109 1803 5164 enim
1824 5152 1837 5175 ,
1871 5119 1933 5166 ut
1960 5112 2063 5177 ais,

461 5199 755 5268 scrupulus
790 5200 948 5271 195
1000 5201 1203 5256 multos
1226 5202 1437 5256 titillat.
1475 5202 1541 5257 Et
1588 5203 1781 5275 longus
1831 5204 2065 5261 fortasse

456 5378 481 5414 ’
529 5389 557 5416 ἰ
584 5378 751 5435 Addit
776 5388 932 5435 vetus
961 5378 1123 5447 edit.,
1147 5398 1250 5451 quo
1276 5382 1431 5436 corde
1462 5384 1592 5438 bono
1616 5401 1737 5459 erga
1766 5384 2061 5457 Luciferum

458 5468 595 5505 sum.

526 5521 554 5560 δ
589 5522 799 5597 Eadem
824 5523 922 5597 hoc
943 5523 1092 5597 illurn
1118 5541 1216 5579 non
1247 5524 1489 5579 Ecclesitv
1522 5543 1729 5589 (tutore,
1756 5526 1845 5579 sed
1868 5526 2056 5597 gloria,

456 5603 558 5668 etc.
588 5594 861 5660 Martian.,
886 5595 984 5649 hoc
1012 5594 1163 5649 illuni
1185 5613 1285 5651 non
1311 5614 1483 5649 amore
1504 5596 1705 5668 gloria.
1735 5597 1826 5649 sed
1860 5594 2059 5666 negau-

551 5668 869 5788 ptlirticulam
898 5668 1241 5737 postmodum
1293 5664 1520 5722 sustulit
1552 5669 1603 5721 in
1636 5664 2054 5724 erratorum’in-

500 5750 582 5788 icu
609 5752 664 5788 ο.

534 5776 791 5860 ἓ..ἰδίξιιιιιη
849 5808 1135 5864 dissidium
1184 5825 1249 5865 ex
1283 5806 1495 5862 Paulini
1544 5806 1847 5874 electione,
1889 5823 2049 5874 quam

458 5883 645 5929 contra
674 5876 1009 5948 condictum,
1041 5878 1258 5937 tametsi
1278 5879 1426 5936 bono
1448 5877 1652 5945 animo,
1671 5876 1887 5934 Lucifer
1900 5876 2049 5951 fecit,

2161 5743 2252 5814 φιν
2262 5785 2273 5797 .

2180 4736 2510 4793 frumentum
2542 4740 2595 4793 iu
2652 4755 2783 4809 agro
2826 4741 3027 4797 seritur
3052 4782 3068 4809 ,
3111 4744 3346 4810 interque
3386 4745 3605 4800 nitentia
3635 4748 3779 4804 culta

2174 4830 2466 4905 Lapparque
2513 4843 2561 4888 et
2610 4834 2836 4903 tribuli,
2889 4846 2938 4889 et
2990 4836 3187 4893 steriles
3226 4839 3558 4893 dominantur
3606 4856 3780 4896 avena:

2175 4923 2293 4994 (Ea:
2352 4924 2494 4996 Virg.
2543 4942 2559 4979 ι
2619 4925 2807 4997 Georg.
2865 4928 2965 4983 iSl
3008 4927 3050 4999 ).
3091 4928 3231 4996 Quid
3282 4930 3445 4985 faciat
3501 4931 3777 5002 agricola?

2173 5020 2379 5075 Evellat
2423 5020 2656 5074 lolium?
2696 5020 2805 5076 Sed
2845 5030 2957 5076 tota
2997 5024 3203 5092 pariter
3259 5026 3453 5080 messis
3490 5026 3772 5081 evertitur.

2169 5112 2423 5181 Quotidie
2476 5110 2747 5168 industria
2811 5114 3085 5169 rusticana
3137 5131 3267 5173 aves
3317 5117 3498 5173 sonitu
3558 5120 3772 5191 abigit,

2171 5204 2501 5273 imaginibus
2541 5214 2785 5261 exterret
2827 5224 2839 5258 :
2888 5206 3015 5263 hinc
3056 5208 3275 5279 ﬂagello
3312 5210 3591 5281 crepitat,
3649 5213 3775 5268 hinc

2175 5384 2441 5455 Eusebius
2468 5384 2819 5455 improbavit.

2198 5528 2216 5581 Ι
2244 5454 2270 5493 ἀ
2313 5456 2478 5511 Vetus
2502 5454 2659 5526 edit.,
2689 5477 2847 5516 unum
2874 5465 3013 5533 quod
3034 5465 3189 5521 etiam
3214 5470 3266 5523 in
3297 5470 3540 5540 prtescnti
3566 5480 3768 5527 constat

2220 5544 2402 5581 oauar.

2168 5544 2402 5601 eloquar.

2241 5600 2269 5638 ε
2309 5600 2511 5654 Eadem
2538 5600 2711 5666 addit,
2737 5616 2791 5658 ut
2822 5623 2925 5661 non
2947 5606 3148 5662 sileam.

2240 5670 2261 5709 ί
2306 5672 2385 5726 Ex
2419 5672 2766 5744 Septuaginta
2800 5678 3158 5748 interpretum
3196 5684 3488 5749 sensu,ot‘m
3520 5684 3765 5764 ἀνέστρε-

2234 5824 2256 5861 5
2299 5815 2448 5887 Erat,
2474 5815 2614 5873 forte
2646 5818 3041 5887 typothetarum
3071 5823 3291 5890 mendo,
3318 5824 3469 5878 scrri.
