4062 6370
227 419 305 479 tn
1176 418 1523 505 DlALOGUS
1563 418 1772 476 sum

1880 419 1937 477 lS
1976 416 2506 477 LUCIFERIANOS.

3392 417 3497 476 178

231 537 502 596 formidines
563 538 758 595 tendit.
826 540 1080 595 Attamen
1126 547 1220 593 aut
1270 540 1488 596 veloces
1538 554 1789 610 capreae,
1819 539 2000 609 Αἱρεῖ
2029 538 2301 609 episcopi,
2343 539 2434 608 qui
2465 536 2885 607 rebaptizandos
2927 537 3222 594 hzereticos
3269 552 3389 594 cum
3432 555 3500 595 eo

229 640 298 686 aut
319 630 540 687 lascivus
568 646 773 703 onager
816 633 1045 687 incurrit
1088 650 1103 686 :
1157 632 1283 687 hinc
1326 634 1380 687 in
1418 631 1614 687 effossa
1656 633 1781 687 hor-

226 740 294 781 rea
330 740 502 781 mures
548 727 816 782 frumenta
858 734 1248 796 comportant,
1300 725 1428 781 hinc
1463 734 1489 761 δ
1546 725 1782 781 ferventi

223 822 395 891 agmine
420 833 663 892 segetem
691 821 912 877 formica
942 822 1252 891 populatur.
1288 820 1365 875 lta
1389 836 1478 876 res
1509 836 1567 876 se
1595 821 1778 877 habet.

220 915 353 971 Nemo
370 931 596 970 securus
622 930 808 986 agrum
838 914 1102 985 possidet.
1131 914 1450 969 Dormiente
1471 914 1781 984 patrefami-

221 1008 327 1076 lias,
385 1010 642 1065 inimicus
682 1008 844 1065 homo
883 1008 1147 1064 zizaniam
1188 1010 1674 1077 superseminavit,
1714 1008 1781 1063 ad

219 1119 345 1174 quam
370 1104 749 1159 eradicandam
790 1119 912 1159 cum
942 1103 1094 1157 servi
1122 1103 1203 1157 ire
1242 1112 1632 1171 pr0ponerent,
1676 1102 1783 1158 Do-

212 1195 356 1252 minus
385 1196 682 1266 prohibuit,
709 1196 812 1251 sibi
840 1210 1069 1250 servans
1108 1196 1387 1264 palearum
1430 1203 1485 1249 et
1524 1193 1780 1249 frumenti

212 1288 571 1344 discretionem
604 1286 825 1360 (Matth.
856 1286 998 1357 xm).
1034 1287 1160 1342 Hac
1180 1296 1306 1341 sunt
1329 1301 1454 1341 vasa
1485 1286 1579 1340 ira:
1600 1295 1655 1341 et
1682 1290 1781 1340 mi-

208 1382 506 1447 sericordiae,
531 1397 652 1452 qua:
684 1382 738 1437 in
765 1382 929 1437 domo
959 1381 1053 1436 Dei
1080 1381 1148 1435 ab
1183 1380 1447 1449 Apostolo
1480 1380 1779 1449 praedican-

206 1483 278 1531 tur
308 1474 475 1545 (Rom.
506 1490 558 1529 ιι
581 1484 630 1529 et
654 1473 697 1529 ll
728 1473 867 1528 Tim.
898 1473 980 1545 ιι).
1010 1472 1205 1529 Veniet
1228 1487 1359 1544 ergo
1384 1473 1505 1528 dies
1534 1474 1771 1543 quando,

204 1566 435 1623 thesauro
463 1569 717 1624 Ecclesia;
748 1577 963 1639 aperto,
989 1566 1231 1637 proferet
1251 1567 1512 1622 Dominus
1530 1582 1659 1621 vasa
1681 1569 1777 1623 irae

197 1679 316 1730 sure,
343 1662 526 1735 quibus
548 1661 874 1719 exeuntibus
902 1663 1073 1717 sancti
1100 1662 1285 1717 dicent
1314 1681 1325 1716 :
1362 1660 1445 1715 Ea:
1467 1662 1611 1715 nobis
1638 1663 1776 1716 exie-

194 1764 339 1818 runt;
359 1754 444 1807 sed
465 1771 563 1809 non
583 1763 817 1810 erantex
840 1753 1005 1808 nobis.
1031 1754 1090 1809 Si
1113 1756 1247 1808 enim
1266 1754 1488 1825 fuissent
1518 1770 1581 1807 ea:
1605 1754 1774 1818 nobis,

192 1845 474 1899 mansissent
503 1848 681 1917 utique
718 1845 988 1899 nobiscum
1039 1844 1081 1915 (l
1117 1843 1278 1900 Joan.
1323 1861 1392 1912 ιι,
1446 1844 1557 1916 19).
1604 1845 1776 1901 Nemo

1886 638 2212 693 statuerant,
2267 628 2334 683 ad
2394 629 2670 700 antiquam
2726 630 3181 685 consuetudinem
3237 632 3497 697 revoluti,

1891 734 1912 761 ε
1945 737 2144 776 novum
2175 721 2409 776 emisere
2435 720 2746 775 Decretum.
2768 718 2909 787 Quid
2939 718 3171 774 facimus
3197 719 3305 791 [ΑΙ.
3336 721 3500 777 facia-

1887 815 2076 887 mus]?
2104 816 2176 870 ita
2199 824 2254 870 et
2284 815 2441 869 nobis
2482 816 2718 884 majores
2745 814 2953 879 nostri,
2987 823 3045 869 et
3081 814 3189 869 illis
3217 817 3299 871 sui
3330 818 3499 872 tradi-

1885 909 2017 965 dere
2072 911 2328 977 majores.
2371 908 2478 963 Sed
2539 908 2665 979 quid
2708 908 2777 963 de
2830 909 3220 980 posterioribus
3259 911 3497 979 loquar?

1885 1001 2160 1071 Apostolis
2206 1001 2359 1072 197
2390 1000 2569 1054 adhuc
2600 1000 2740 1070 apud
2768 1000 3012 1055 Iudaeam
3045 999 3246 1056 Christi
3275 1004 3496 1075 sangui-

1885 1110 1954 1149 ne
1980 1096 2222 1160 recenti,
2266 1097 2589 1165 phantasma
2637 1094 2855 1149 Domini
2885 1110 3083 1165 corpus
3114 1098 3495 1162 asserebatur;

1883 1188 2105 1241 Galatas
2131 1187 2196 1241 ad
2239 1188 2682 1242 observationem
2716 1186 2875 1257 Legis
2903 1187 3214 1257 traductos,
3253 1190 3494 1260 Aposto-

1882 1284 1965 1338 lus
1997 1284 2190 1337 iterum
2222 1284 2481 1352 parturit;
2514 1282 2832 1338 Corinthios
2858 1284 3325 1339 resurrectionem
3366 1299 3490 1339 caro

1885 1379 1969 1433 nis
2012 1394 2117 1432 non
2159 1378 2485 1441 credentes,
2527 1378 2780 1448 pluribus
2815 1378 3150 1449 argumentis
3189 1376 3259 1431 ad
3303 1391 3490 1433 verum

1883 1470 1991 1525 iter
2020 1470 2239 1525 trahere
2267 1479 2518 1525 conatur.
2551 1469 2701 1525 Tunc
2724 1470 2915 1526 Simon
2947 1470 3157 1541 Magus,
3192 1478 3247 1524 et
3275 1468 3495 1524 Menan-

1880 1562 1979 1617 der
2007 1562 2306 1632 discipulus
2334 1562 2475 1631 ejus,
2511 1563 2603 1617 Dei
2636 1578 2694 1617 se
2722 1578 3012 1618 asseruere
3040 1562 3273 1615 virtutes
3305 1578 3317 1615 :
3366 1569 3495 1615 tunc

1880 1655 1904 1689 ά
1942 1655 2209 1710 Basilides
2244 1671 2517 1710 summum
2560 1657 2727 1711 Deum
2775 1657 3032 1722 Abraxas,
3072 1671 3195 1711 cum
3232 1657 3495 1712 trecentis

1877 1748 2160 1820 sexaginta
2208 1751 2447 1819 quinque
2494 1760 2516 1786 ο
2556 1750 2891 1805 editiouihus
2933 1759 3339 1805 commentatus
3379 1758 3492 1805 est:

1879 1846 2003 1897 tunc
2040 1841 2313 1905 Nicolaus,
2338 1844 2429 1913 qui
2456 1859 2595 1897 unus
2630 1844 2700 1899 de
2728 1854 2940 1914 septem
2972 1844 3219 1899 diaconis
3251 1844 3372 1909 fuit,
3403 1845 3494 1900 die

187 1946 348 2007 potest
398 1937 600 1994 Christi
632 1939 867 2008 palmam
934 1938 1034 1992 sibi
1088 1952 1389 2004 assumere,
1432 1953 1596 1994 nemo
1642 1948 1771 1994 ante
1801 1968 1847 2027 Β
1879 1946 2148 2004 noctuque
2175 1937 2395 2004 nuptias
2419 1936 2643 2000 faciens,
2669 1938 2963 1993 ohscteuos
2984 1946 3039 1992 et
3069 1939 3491 2009 auditnqnoque

183 2028 314 2082 diem
342 2029 528 2097 judicii
557 2030 626 2085 de
658 2029 1250 2099 hominibusjudicare.
1288 2029 1345 2085 Si
1370 2032 1481 2099 jam
1514 2038 1769 2085 mundata

179 2127 256 2174 est
279 2118 546 2187 Ecclesia,
576 2120 705 2189 quid
734 2120 967 2173 Domino
999 2118 1381 2174 reservamus?
1419 2120 1515 2172 Est
1548 2121 1627 2173 via
1656 2139 1772 2190 quae

176 2214 370 2267 videtur
391 2229 501 2266 esse
528 2214 673 2281 apud
698 2213 930 2266 homines
952 2224 1110 2279 recta,
1147 2214 1426 2267 novissima
1456 2224 1629 2267 autem
1664 2216 1775 2283 ejus

168 2306 381 2361 veniunt
410 2306 464 2360 in
490 2306 813 2377 profundunt
838 2307 1029 2376 inferni
1077 2305 1262 2378 (Prov.
1295 2322 1407 2373 xw,
1452 2306 1564 2378 12).
1594 2306 1648 2362 In
1675 2322 1776 2364 noc

168 2414 379 2456 ειιιιοιιε
402 2399 625 2467 judicii,
659 2415 781 2469 qua:
815 2410 997 2468 potest
1034 2415 1155 2454 esse
1183 2408 1334 2455 certa
1363 2400 1672 2455 sententia?

236 2494 331 2550 25.
370 2492 616 2548 Traditio
641 2493 1035 2547 Ecclesiastica.
1086 2492 1338 2548 eretici
1368 2496 1646 2564 primitivaz
1688 2494 1782 2548 Ec-

171 2588 355 2643 clesiae.
402 2587 652 2642 Haeretici
698 2586 1023 2643 Iudaeorum.
1084 2588 1337 2643 [heretici
1380 2591 1431 2643 in
1468 2590 1774 2661 Evangelia.

170 2708 236 2720 ——
260 2678 501 2734 Conatus
524 2688 609 2734 est
639 2679 829 2734 beatus
860 2677 1166 2750 Cyprianus
1205 2680 1472 2735 contritos
1509 2682 1661 2736 lacus
1692 2682 1776 2737 fu-

170 2788 316 2843 gere,
351 2787 452 2827 nec
481 2772 669 2827 bibere
696 2773 765 2827 de
803 2788 943 2841 aqua
974 2773 1147 2828 aliena
1184 2792 1197 2829 :
1234 2782 1289 2828 et
1320 2774 1522 2829 idcirco
1552 2773 1772 2829 haereti-

172 2878 355 2919 corum
386 2863 652 2930 baptisma
686 2864 1005 2933 reprobans,
1040 2863 1105 2918 ad
1132 2864 1470 2935 Stephanum
1502 2875 1629 2919 tunc
1662 2864 1771 2919 Ro-

172 2974 342 3013 mana:
370 2958 524 3011 urbis
548 2958 889 3028 episcOpum,
936 2960 1025 3029 qui
1066 2974 1095 3013 a
1135 2959 1296 3015 beato
1324 2960 1485 3015 Petro
1515 2958 1542 2997 δ
1572 2962 1768 3015 vicesi-

171 3067 289 3107 mus
318 3051 588 3107 secundus
612 3050 731 3116 fuit,
758 3066 924 3121 super
946 3052 1046 3105 hac
1075 3067 1133 3107 re
1164 3050 1473 3107 Africanam
1497 3051 1765 3123 synodum

170 3144 391 3209 direxit,
434 3142 529 3198 sed
556 3152 787 3197 conatus
819 3141 939 3212 ejus
986 3142 1190 3198 frustra
1238 3144 1359 3199 fuit.
1403 3145 1651 3215 Denique
1690 3145 1765 3200 illi

239 3340 266 3411 ξι
312 3331 571 3411 l_t_t_vet_eri
604 3332 844 3411 editione
884 3344 969 3411 est
996 3340 1253 3408 frequenti
1291 3340 1513 3411 agmine.

238 3401 265 3439 δ
317 3401 605 3475 Vicesimus
635 3405 914 3459 secundus.
951 3401 1006 3460 lu
1035 3401 1346 3475 posteriori"
1370 3410 1769 3466 Chronicorum

164 3473 307 3551 libro
321 3474 569 3551 legimus
598 3493 613 3528 :
644 3475 903 3551 Romanis
932 3473 1195 3535 Ecclesia:
1234 3481 1605 3551 cpismpatnm
1630 3492 1773 3536 tenet

165 3545 465 3622 vicesimus
492 3546 696 3622 primus
728 3547 926 3622 Lucius
957 3566 1174 3606 menses
1202 3545 1409 3622 8,'post
1428 3545 1594 3621 quem
1626 3556 1774 3607 vire-

164 3616 337 3671 simus
354 3617 628 3689 seettndus
641 3618 950 3687 Stephanus
964 3637 1135 3676 annos
1152 3625 1174 3677 1
1190 3616 1466 3689 ite-stant
1482 3628 1547 3679 atl
1566 3636 1773 3679 utrum-

164 3703 268 3756 que
311 3688 573 3760 Cypriani
612 3690 881 3757 epismlae.
938 3688 1263 3749 Vicesimum
1322 3696 1538 3751 tertium
1572 3697 1662 3750 alii
1695 3698 1775 3750 l'a-

163 3761 337 3833 ciunt.
363 3761 1061 3833 Mantum—Compertum
1077 3770 1297 3821 omnino
1311 3774 1393 3823 est
1412 3768 1541 3821 inita
1560 3770 1773 3822 ratione

160 3828 509 3908 Stephanum
523 3828 1169 3901 vigesimnm'secundtnn
1192 3838 1368 3892 locum
1386 3840 1634 3893 obtinere
1652 3849 1775 3908 post

162 3900 387 3978 Petrum
423 3900 628 3971 :qnari-
654 3908 755 3978 qui
783 3908 1045 3978 haetcnns
1067 3910 1301 3963 obtinuit
1322 3952 1335 3971 ,
1364 3924 1629 3966 errorem.
1655 3900 1772 3978 ’ψιο

158 3974 464 4042 vigesimus
490 3986 679 4029 sextus
705 3976 1005 4038 dicebatur,
1036 3981 1327 4035 emendare
1358 3997 1465 4035 non
1496 3974 1772 4035 dubitavi-

160 4060 309 4100 mus.
343 4045 510 4099 Forte
541 4045 801 4100 Romanis
839 4052 982 4102 notis
1008 4053 1268 4116 scriptum
1298 4054 1425 4106 olim
1480 4052 1580 4107 fuit
1630 4068 1771 4117 xx",

153 4119 302 4183 quod
339 4117 621 4172 scribendi
673 4119 997 4187 autlegendi
1035 4121 1379 4176 fesrinatioue
1404 4124 1656 4177 librarius
1683 4139 1772 4177 ac-

154 4193 297 4311 cepit
320 4204 433 4271 pro
457 4204 613 4243 xxvi.
644 4189 765 4243 Mox
801 4206 898 4259 pro
923 4192 1110 4246 direxit
1139 4194 1367 4249 fortasse
1398 4197 1580 4249 verius
1602 4197 1772 4250 editio

156 4276 203 4309 tn
248 4271 375 4311 tItt.

156 4271 375 4314 mdtl'il.

226 4343 248 4365 ο
274 4331 456 4406 istud
488 4331 555 4384 ab
588 4348 708 4406 _uno
758 4332 1089 4406 Hieronymo
1127 4336 1423 4401 discimus;
1468 4338 1592 4391 alihi
1626 4340 1769 4394 enim

160 4404 286 4456 novi
324 4403 560 4471 hujusce
586 4404 796 4459 Decreti
830 4403 1161 4460 meuiiouem
1204 4409 1317 4462 ﬁeri
1358 4409 1560 4461 nullam
1618 4412 1769 4465 iuve-

147 4475 313 4536 nias;
345 4478 481 4543 quin
526 4486 575 4527 et
612 4476 726 4541 ipsa
758 4476 1048 4543 disputatio
1100 4485 1239 4533 inter
1276 4479 1587 4532 Donatistas
1630 4490 1684 4534 et
1711 4484 1769 4535 S.

151 4544 529 4617 Augustinum
584 4549 690 4601 tale
749 4548 883 4600 nihil
938 4550 1153 4617 penitus
1204 4550 1372 4603 novit.
1407 4550 1682 4604 Pamelius
1711 4552 1769 4607 S.

150 4614 484 4688 Dionysium
510 4614 952 4672 Alexandrinum
978 4630 1172 4676 testem
1206 4620 1370 4688 hujus
1400 4620 1478 4672 rei
1508 4620 1769 4687 adducit;

144 4696 199 4739 at
222 4702 365 4739 cum
399 4686 629 4743 Barouio
660 4688 1044 4746 halluciuatur.

219 4755 251 4793 ά
298 4756 363 4812 S.
398 4756 631 4815 Joannes
664 4760 1034 4815 Damascenus
1060 4778 1098 4823 ι,
1129 4761 1363 4816 Paralel.
1392 4761 1459 4815 12
1485 4759 1643 4814 :Cum
1676 4764 1774 4816 im-

146 4830 295 4903 pius,
316 4828 521 4898 inquit,
538 4830 799 4885 Basilides
817 4830 1199 4901 Et'angelislam
1217 4833 1247 4885 ,Ι
1258 4850 1475 4886 oamtem
1488 4832 1770 4903 aliquando

145 4900 463 4958 salutasset.
494 4919 555 4955 ac
576 4903 792 4986 dixisset
815 4919 833 4957 :
856 4900 1103 4987 Agnoscis
1132 4920 1258 4968 nos;
1288 4900 1773 4987 nullajnterposita

142 4987 299 5047 mora
326 4989 345 5025 :
380 4978 635 5047 Agnosco?
667 4985 734 5042 te,
770 4976 937 5045 inquit
984 4977 1059 5027 vir
1098 4986 1328 5035 sanctus,
1371 4976 1770 5047 primogenitum

143 5042 397 5097 Saturne.
431 5042 569 5112 ’Qua
625 5046 680 5099 in
729 5042 1048 5100 narratione
1091 5049 1304 5100 tametsi
1357 5042 1655 5108 erraverit,
1703 5051 1771 5103 de

140 5112 369 5189 {patrne
394 5126 454 5170 et
496 5116 740 5189 Basilide
773 5117 1050 5181 scribens,
1097 5119 1241 5187 quod
1273 5117 1340 5172 de
1384 5118 1689 5189 Polycarpo
1717 5130 1772 5175 et

142 5184 448 5242 Marcione
493 5186 667 5242 refert
706 5188 947 5243 Irenteus
975 5231 990 5255 ,
1038 5184 1210 5243 sensit
1257 5198 1437 5245 tamen
1472 5184 1586 5254 ille,
1620 5184 1771 5247 Basi-

145 5255 326 5311 lidem
373 5259 831 5327 Apustolicomm
882 5272 1195 5327 temporum
1239 5260 1556 5316 hazreticum
1605 5264 1773 5317 exsti-

146 5328 306 5395 tisse,
352 5331 509 5403 qnod
538 5330 631 5403 hic
674 5332 778 5387 loci
805 5345 928 5385 cum
958 5347 985 5383 a
1012 5331 1348 5403 Hieronymo
1381 5348 1601 5402 quoque
1624 5334 1772 5390 affir-

144 5410 359 5474 metur,
396 5401 560 5456 multi
609 5402 723 5457 falli
768 5418 892 5456 eum
935 5411 1151 5474 putant.
1209 5401 1371 5456 Certe
1407 5403 1773 5474 iFirmiliauus

140 5472 291 5545 apud
324 5473 388 5528 S.
424 5474 780 5545 Cyprianum
806 5472 969 5543 epist.
1001 5474 1073 5528 ’15
1104 5492 1116 5527 :
1153 5474 1260 5528 Sed
1286 5484 1334 5528 et
1375 5473 1659 5543 Valentini,
1689 5480 1771 5532 in-

138 5542 286 5608 quit,
320 5557 374 5619 et
408 5542 666 5619 Basilidis
688 5542 887 5619 tempus
918 5546 1249 5616 manifestum
1277 5555 1373 5609 est,
1418 5548 1555 5615 quod
1594 5542 1771 5619 etipsi

139 5624 260 5690 post
289 5615 603 5690 Apostolus,
636 5627 683 5670 et
707 5615 822 5690 post
847 5615 1071 5689 longam
1094 5626 1301 5690 (etatem
1318 5620 1563 5690 adversus
1592 5615 1770 5675 Eccle-

139 5684 275 5737 siam
311 5684 415 5743 Dei
438 5684 716 5742 sceleratis
739 5684 1026 5743 mendaciis
1055 5689 1161 5742 suis
1199 5686 1575 5743 rebellaverint.

216 5766 241 5791 ⁸
289 5758 593 5815 Editiones
638 5773 767 5815 sunt
802 5760 1069 5820 Virtutes,
1106 5760 1409 5829 Principes.
1452 5770 1505 5813 et
1543 5764 1759 5831 Angeli,

135 5840 283 5905 quos
313 5832 375 5901 in
410 5834 524 5905 3h5
554 5834 766 5887 classes
816 5831 972 5905 juxta
1005 5833 1268 5905 caelorum
1299 5846 1583 5905 numerum
1606 5834 1762 5889 Basi~

140 5896 287 5954 lides
322 5898 707 5974 distiihuehat
739 5896 941 6028 ςοὰειοε
964 5905 1111 5957 enim
1154 5903 1259 5958 565
1306 5901 1542 5972 ﬁngebat
1591 5908 1760 5976 esse),

141 5967 349 6028 ‘it'utte
370 5973 659 6028 nuneltttre
685 5972 741 6028 lll
793 5969 1005 6028 ulutult
1029 5972 1211 6028 orbem
1232 5983 1367 6028 auos
1390 5982 1539 6028 motu
1570 5972 1760 6028 «iiut-ua

141 5967 349 6038 eirque
370 5967 659 6045 appelittrn
685 5967 762 6029 illi
793 5969 1005 6042 planult
1029 5972 1211 6039 orbes;
1232 5983 1367 6042 quos
1383 5967 1539 6029 inottt
1570 5967 1767 6033 diui-ua

1877 2027 2285 2083 erubescendos
2326 2029 2505 2083 coitus
2537 2030 2859 2083 somniavit.
2902 2030 3082 2085 Taceo
3118 2031 3188 2085 de
3218 2030 3468 2085 Judaism

1880 2119 2173 2184 hmreticis,
2206 2122 2296 2189 qui
2328 2129 2454 2173 ante
2484 2120 2780 2175 adventum
2809 2121 3053 2188 Christi,
3100 2122 3278 2191 legem
3314 2122 3489 2177 tradi-

1881 2218 1993 2263 tam
2040 2210 2418 2279 dissiparunt:
2462 2213 2605 2280 quod
2654 2213 2962 2266 Dosithteus
3019 2213 3491 2269 Samaritanorum

1883 2303 2139 2373 princeps
2165 2304 2465 2372 Pr0phetas
2495 2304 2799 2373 repudiavit
2830 2323 2842 2356 :
2872 2305 3016 2374 quod
3051 2303 3069 2341 ί
3096 2304 3384 2361 Sadducxi
3418 2323 3488 2363 ex

1885 2397 2033 2451 illius
2062 2396 2247 2452 radice
2286 2409 2597 2463 nascentes,
2628 2399 2793 2453 etiam
2822 2400 3280 2457 resurrectionem
3312 2402 3493 2458 carnis

1880 2499 2221 2561 negaverunt
2255 2509 2268 2545 :
2299 2494 2440 2560 quod
2466 2492 2727 2546 Pharisaei
2765 2508 2792 2545 a
2822 2492 3027 2548 Judaeis
3053 2495 3239 2559 divisi,
3270 2506 3494 2565 propter

1878 2585 2143 2655 quasdam
2176 2586 2589 2641 observationes
2625 2587 2956 2655 superﬂuas,
2989 2602 3186 2642 nomen
3214 2602 3430 2658 quoque
3462 2605 3489 2643 ιι

1876 2680 2105 2735 dissidio
2146 2690 2554 2750 susceperunt:
2606 2690 2631 2727 ις
2674 2681 2818 2751 quod
2870 2681 3163 2736 Herodiani
3220 2682 3489 2739 Herodem

1875 2788 2058 2841 regem
2096 2788 2391 2844 suscepere
2420 2789 2519 2843 pro
2547 2774 2791 2829 Christo.
2826 2776 2909 2829 Ad
2941 2790 3037 2829 eos
3080 2778 3239 2830 venio
3272 2776 3492 2831 haereti-

1872 2882 1987 2933 cos,
2021 2870 2111 2939 qui
2160 2869 2457 2938 Evangelia
2493 2869 2855 2923 laniaverant.
2897 2868 3249 2925 Saturninum
3296 2886 3487 2941 quem-

1870 2963 2019 3029 dam,
2050 2972 2105 3019 et
2136 2961 2161 3000 ¹ι
2189 2964 2439 3033 Ophitas,
2468 2973 2524 3019 et
2544 2963 2812 3030 Caitueos,
2836 2974 2892 3019 et
2921 2962 3246 3031 Setthoitas,
3270 2973 3325 3019 et
3352 2962 3486 3021 Car-

1870 3069 2190 3129 pocratern,
2242 3067 2293 3112 et
2352 3055 2706 3121 Cerinthum,
2764 3067 2817 3113 et
2879 3056 3041 3127 hujus
3099 3072 3476 3116 successorem

1882 3149 1893 3186 ί
1946 3150 2235 3219 Ebionem,
2270 3159 2326 3205 et
2362 3160 2589 3205 caeteras
2619 3161 2830 3221 pe5tes,
2878 3164 3108 3220 quorum
3152 3150 3372 3221 plurimi
3404 3152 3488 3208 vi-

1800 3343 1844 3405 C
1877 3344 1967 3399 Sol
2001 3348 2295 3413 percurrit.
2330 3346 2591 3403 Summus
2617 3348 2810 3403 horum
2826 3348 2972 3403 Dens
2998 3359 3047 3403 et
3072 3350 3332 3413 Princeps
3360 3362 3484 3407 erat

1878 3416 2137 3482 Abraxas,
2161 3419 2309 3483 quod
2337 3434 2533 3473 nomen
2554 3420 2807 3474 eumdem
2838 3437 3123 3475 numerum
3150 3425 3264 3474 suis
3286 3422 3484 3478 litteris

1878 3487 2121 3542 exhibet.
2171 3490 2276 3544 Sed
2308 3491 2489 3555 legunt
2524 3490 2613 3544 alii
2644 3492 2871 3545 aonibus
2905 3509 3004 3558 pro
3041 3494 3353 3546 editionibus
3395 3493 3491 3548 Ni-

1876 3560 2089 3613 Colaum
2124 3577 2287 3628 porro
2333 3564 2481 3615 multi
2517 3563 2587 3614 ab
2633 3564 2829 3617 lucri-si
2862 3564 3202 3625 deferulnut,
3236 3580 3357 3616 «σιιιιι
3401 3574 3484 3619 ta-

1877 3646 2000 3684 men
2035 3646 2223 3686 ansam
2275 3633 2353 3687 illi
2400 3633 2884 3689 comminiscendaa
2929 3636 3155 3690 dedisse
3197 3634 3482 3693 NiCOlaitis

1878 3716 1984 3756 non
2015 3702 2371 3759 dilliteantnr.

1955 3772 1974 3809 ί
2017 3774 2285 3844 Origenes
2348 3776 2399 3829 in
2462 3776 2774 3830 Mauhmum
2829 3794 2954 3833 cum
3011 3777 3345 3834 Satldncrros
3395 3796 3486 3837 re-

1877 3848 2279 3899 surrecnouem
2309 3863 2528 3917 negare,
2565 3850 2847 3918 ipsamque
2876 3852 3072 3902 animm
3092 3851 3481 3905 immertalita-

1879 3924 1986 3969 tem
2019 3932 2286 3984 respuere
2309 3919 2561 3975 dixisset.
2594 3921 2802 3981 subdit,
2832 3923 2888 3976 τὸ
2909 3921 2962 3976 δὲ
2984 3922 3106 3975 αὐτὸ
3126 3930 3237 3983 τοῖς
3259 3921 3483 3979 Σαδδου-

1879 3990 2043 4069 κοιίοις·Δ
2073 3988 2396 4069 δόγμᾳανπερί
2424 4000 2516 4051 τῆς
2547 4000 2647 4046 τῶν
2682 3992 3196 4069 ἀνθριξγπωνέπιιυχῆς,
3243 4004 3483 4069 operatio:

1878 4064 2043 4131 μεχρὶ
2074 4059 2630 4138 ’τοῦδεῦρο’Σιιιμαχοεῖς·Γ
2665 4059 2782 4138 t-_I_c.'
2811 4059 3155 4138 Etvmdertt'iie
3183 4059 3484 4138 aniittaittt-

1878 4147 2032 4203 manu
2062 4133 2557 4202 sententiamqua'm
2590 4134 2896 4194 Sadrlncwi,
2919 4137 2988 4185 ad
3010 4133 3145 4187 hanc
3166 4150 3327 4203 usque
3344 4134 3481 4187 diem

1880 4199 2202 4254 Samaritani
2246 4199 2468 4255 tuentur.
2525 4204 2600 4257 De
2632 4204 2948 4264 Pharisn-is,
2976 4220 3113 4269 quos
3146 4199 3268 4257 mox
3304 4218 3333 4256 a
3366 4204 3483 4259 tiis-

1876 4272 2021 4324 sidio
2069 4288 2266 4325 nomen
2318 4274 2626 4340 suscepis~e
2657 4276 2825 4339 dicit,
2872 4285 3061 4328 notum
3111 4292 3177 4329 ex
3212 4275 3481 4331 Hebraico

1876 4346 2010 4425 n13,
2036 4344 2179 4425 quod
2207 4344 2533 4400 divisionem
2562 4347 2859 4415 signiﬁcat,
2892 4360 3015 4425 esse
3043 4346 3374 4415 appellatos.

1950 4431 1974 4467 κ
1994 4420 2048 4475 lu
2074 4421 2499 4479 Commentariis
2522 4426 2573 4477 in
2603 4425 2913 4477 lllattha-um
2941 4423 3043 4478 hoc
3064 4426 3129 4479 de
3156 4426 3481 4483 llvrodianis

1878 4492 2113 4549 ridicule
2139 4498 2511 4550 existimatum
2546 4495 2681 4549 dicit
2714 4512 2741 4548 a
2785 4496 3107 4563 quibusdam
3134 4496 3477 4563 Latinorum,

1878 4572 2003 4630 puta
2032 4564 2394 4629 Tertulliano,
2446 4566 2762 4625 Pliilastrio,
2794 4566 3047 4632 aliisque.
3094 4567 3187 4623 Ille
3224 4570 3291 4621 de
3333 4567 3478 4624 Prte-

1878 4634 2269 4706 scriptionibus
2296 4638 2591 4692 adversum
2626 4638 2896 4699 bmretim,
2927 4650 3050 4705 Cap.
3079 4639 3150 4694 45
3176 4658 3187 4692 :
3214 4639 3343 4694 Cum
3368 4640 3474 4706 his,

1881 4704 2078 4777 inquit.
2108 4709 2263 4759 etiam
2294 4708 2651 4770 Herodianus,
2676 4709 2763 4777 qui
2788 4704 3051 4761 Christum
3075 4709 3335 4765 Herodem
3365 4704 3475 4767 esse

1877 4775 2141 4829 dixerunt.
2174 4778 2271 4830 ilic
2295 4778 2498 4831 Hmresi
2524 4776 2595 4831 28
2630 4796 2642 4832 :
2679 4775 2781 4829 Alii
2809 4778 3100 4833 Herodiani
3131 4794 3249 4835 sunt
3276 4783 3338 4834 ab
3366 4782 3477 4837 He-

1874 4846 2002 4918 rode
2031 4862 2146 4918 rege
2170 4848 2475 4918 Juda’orrtm
2504 4847 2573 4897 ita
2600 4846 2969 4918 oppellati....,
2998 4866 3145 4918 quem
3171 4868 3475 4910 percussum

1876 4916 1939 4987 ab
1967 4916 2182 4985 Angela.
2210 4927 2265 4969 ut
2290 4916 2549 4968 (.‘Itristum
2569 4916 2830 4985 sperantes
2860 4916 3173 4987 exspectant.
3193 4922 3351 4972 Paria
3381 4921 3477 4973 ha-

1877 4985 2009 5038 bent
2054 4987 2395 5055 Epiphanius
2425 4988 2620 5057 haeresi
2648 4987 2739 5052 ‘20,
2790 4985 2993 5057 alitque
3038 4989 3234 5045 Gratt‘i.
3292 4990 3476 5048 Facile

1875 5068 2058 5132 autem
2087 5058 2368 5132 colligitur
2405 5056 2848 5132 _l_lerodi_anorum
2903 5056 3125 5116 nomine
3170 5062 3477 5132 appellatos

1876 5136 2008 5181 tunc
2038 5130 2206 5198 ipsius
2240 5128 2473 5183 Herodis
2500 5129 2731 5194 milites,
2763 5141 2817 5183 et
2846 5146 2967 5184 eum
3004 5128 3479 5192 trihutis-Ca’sari

1874 5200 2187 5274 pendendis
2213 5200 2457 5274 Herodes
2481 5203 2713 5269 Antipas
2739 5211 3021 5271 praeesset.
3057 5204 3207 5274 ipsos
3226 5206 3345 5274 ejus
3377 5224 3477 5263 no-

1873 5270 2026 5349 mine
2047 5272 2397 5349 vectigalium
2440 5270 2782 5328 coactores:
2811 5274 2957 5345 quod
2992 5270 3331 5349 Hieronymo
3365 5279 3475 5347 ipsi

1873 5341 1927 5395 in
1948 5343 2274 5414 ΔΜειιιΙιιιξιιιιι
2307 5346 2511 5414 placet.

1946 5411 1973 5449 ιι
2016 5413 2255 5486 Ophitas,
2285 5411 2331 5468 et
2361 5413 2615 5470 Caina'os.
2641 5414 2700 5470 In
2739 5432 2875 5472 mss.
2917 5417 3203 5473 codicibus
3231 5417 3471 5473 Caldam

1872 5499 1973 5556 pro
2002 5485 2253 5541 Cainteos.
2286 5486 2419 5542 Vide
2442 5487 2557 5541 inec
2584 5488 2727 5551 apud
2771 5488 3165 5556 Epiphanium,
3205 5500 3262 5542 et
3309 5489 3471 5546 alios.

1872 5555 2216 5613 ΜΑιιτιΑΝ.-
2248 5557 2519 5613 Victorius
2545 5568 2595 5613 et
2624 5555 3263 5623 Gnoitam’Carpocratem
3292 5560 3466 5626 legit:

1870 5641 1968 5753 [iro
2000 5626 2217 5753 lquneos
2264 5645 2398 5685 vero
2427 5672 2443 5697 ,
2494 5646 2640 5700 saepe
2686 5629 2961 5685 Chaldaeos
3000 5627 3247 5683 invenire
3288 5639 3373 5685 est
3407 5631 3463 5687 in

1870 5714 1884 5751 1
1916 5714 1981 5753 ns
2029 5717 2041 5753 1
2069 5718 2182 5753 ιιΊς.

1858 5700 1981 5753 aliis
2009 5701 2182 5755 libris.

1944 5770 1959 5809 ί
1986 5770 2205 5826 Nullum
2231 5787 2486 5842 umquam
2510 5771 2773 5842 Ehiooem
2800 5770 2969 5842 fuisse
2992 5771 3192 5827 eruditi
3214 5773 3465 5830 nonnulli

1866 5851 2171 5914 autumant,
2201 5841 2398 5912 quibus
2442 5843 2643 5914 placft,
2676 5841 2952 5896 haereticis
2980 5841 3090 5897 illis
3117 5859 3182 5898 ex
3223 5859 3463 5914 paupere

1868 5911 1936 5973 de
1966 5909 2527 5978 Cbristojsententia,
2555 5909 2934 5968 Ehionitarum
2960 5930 3161 5970 nomen
3190 5909 3358 5973 fuisse
3379 5919 3462 5970 in~

1870 5982 2065 6035 illium.
2102 5982 2208 6037 Sed
2238 5995 2303 6035 ex
2337 5983 2614 6036 veteribus
2642 5994 2806 6041 nemo
2831 5991 2935 6040 est;
2968 5986 3058 6047 nul
3091 5993 3271 6055 neget,
3302 5983 3461 6039 multi
