4074 6380
496 450 603 510 179

1734 449 1795 508 s.
1836 448 2118 510 unseen
2152 438 2537 512 lliERONYMi

3697 455 3805 511 180

495 572 659 620 vente
694 559 853 637 198
874 556 1057 617 adhuc
1082 560 1293 618 Joanne
1318 559 1568 633 apostolo
1594 572 1914 634 eruperunt,
1938 572 1995 621 et
2018 574 2099 620 ta-
2124 564 2175 630 Α
2200 568 2287 623 sui
2317 567 2550 623 Domino
2592 567 2922 623 redditurus.
2965 587 2983 621 ι
3020 568 3098 623 Ad
3129 567 3454 623 .lubaianum
3485 584 3705 641 quoque
3737 571 3810 625 de

493 671 621 712 mea
642 654 853 712 nullum
880 670 1075 712 eorum
1102 652 1335 725 legimus
1353 655 1771 725 rebaptizatum.

568 748 664 804 24.
696 744 969 804 Hareticis
996 745 1325 803 concedenda
1356 748 1658 818 paenitentia
1686 750 1797 805 sine
1824 748 2095 819 baptismo.

498 872 569 884 —-
600 840 881 908 Quoniam
912 849 1095 894 autem
1124 838 1249 894 talis
1268 840 1372 895 viri
1398 838 1628 896 fecimus
1648 842 2007 908 mentionem,
2031 842 2101 896 de

497 932 831 1009 Apocalypsi
874 949 1091 1006 quoque
1123 935 1242 1005 ejus
1264 936 1655 1006 approbemus,
1678 936 1955 991 haereticis
1984 936 2103 992 sine

497 1032 831 1103 baptismate
878 1031 1083 1087 debere
1138 1032 1513 1102 pcenitentiam
1566 1031 1817 1088 concedi.
1890 1032 2101 1103 Angelo

499 1126 711 1196 Ephesi
741 1124 958 1182 deserta
986 1124 1228 1181 cbaritas
1256 1125 1577 1193 imputatur.
1596 1124 1651 1179 lu
1673 1123 1883 1195 Angelo
1909 1125 2103 1195 Perga-

500 1237 679 1277 menae
737 1218 1028 1285 Ecclesize,
1072 1219 1500 1289 idolothytorum
1533 1236 1681 1287 esus,
1717 1231 1771 1275 et
1814 1218 2107 1275 Nicolaita-

500 1332 621 1371 rum
668 1312 914 1370 doctrina
964 1313 1412 1384 reprehenditur.
1464 1313 1597 1368 Item
1651 1314 1793 1384 apud
1838 1312 2104 1384 Angelum

497 1409 909 1484 Thiatyrorum,
938 1400 1161 1465 Iezabel
1212 1408 1586 1479 prepbetissa,
1610 1416 1663 1464 et
1684 1409 2103 1464 simulacrorum

497 1520 661 1571 escae,
694 1513 751 1560 et
775 1502 1172 1559 fornicationes
1197 1502 1569 1569 increpantur.
1596 1501 1667 1558 Et
1699 1511 1880 1558 tamen
1912 1516 2107 1558 omnes

496 1602 600 1657 hos
632 1600 698 1655 ad
720 1599 1101 1672 paenitentiam
1128 1597 1394 1653 Dominus
1431 1598 1681 1653 hortatur
1713 1616 1725 1647 :
1757 1594 1857 1652 sub
1880 1596 2108 1653 commi-

502 1697 728 1750 natione
753 1708 969 1765 quoque
984 1691 1184 1747 futurae
1207 1705 1406 1762 mente,
1433 1691 1537 1745 nisi
1554 1698 1968 1746 convertantur.
1988 1688 2107 1745 Non

501 1799 684 1844 autem
712 1793 936 1858 cogeret
964 1783 1258 1857 pcenitere,
1290 1783 1334 1838 si
1398 1798 1506 1837 non
1541 1792 1687 1837 esset
1718 1781 2108 1852 pcenitentibus

501 1884 721 1937 veniam
764 1893 1155 1933 concessurus.
1184 1874 1460 1946 Numquid
1510 1875 1664 1938 dixit,
1699 1873 2109 1945 rebaptizentur

2202 660 2479 716 hmretieis
2506 661 2906 731 rebaptizandis
2952 660 3221 728 scribens,
3257 663 3308 715 in
3361 662 3469 716 fine
3518 662 3689 717 libelli
3723 664 3808 719 sic

2201 754 2417 809 loeutus
2443 765 2524 809 est
2555 772 2568 808 :
2608 755 2767 809 cli-.ec
2791 754 2886 809 tibi
2912 752 3156 810 breviter
3183 770 3282 824 pro
3306 767 3491 810 nostra
3518 754 3812 810 mediocri-

2204 855 2317 902 tate
2346 847 2685 916 scripsimus,
2713 846 2880 901 frater
2924 847 3269 912 charissimc,
3315 846 3514 902 nemini
3550 846 3811 915 prmscri-

2201 938 2419 1004 bcntcs,
2451 948 2545 993 aut
2591 938 3035 1010 prmjudicantes,
3083 940 3376 1011 quominus
3430 940 3813 1011 unusquisque

2205 1034 2586 1103 episcoporum
2617 1030 2761 1102 quod
2794 1040 2971 1101 putat,
2999 1031 3182 1098 faciat,
3227 1029 3436 1087 habens
3480 1031 3691 1086 arbitrii
3725 1031 3813 1089 sui

2202 1126 2442 1199 liberam.
2458 1133 2806 1195 potestatem.
2834 1123 2965 1191 Nos,
2991 1134 3253 1194 quantum
3282 1125 3336 1178 in
3360 1121 3517 1179 nobis
3540 1134 3642 1187 est,
3678 1138 3816 1192 pro-

2210 1229 2329 1291 pter
2357 1218 2647 1274 hmretieos
2689 1234 2809 1273 cum
2842 1218 3069 1289 collegis
3124 1228 3179 1273 et
3209 1218 3554 1289 coepiscopis
3607 1218 3815 1275 nostris

2209 1328 2316 1369 non
2350 1312 2757 1380 contendimus,
2788 1328 2909 1368 cum
2942 1313 3139 1384 quibus
3186 1313 3425 1368 divinam
3455 1312 3813 1372 concordiam

2209 1417 2263 1462 et
2291 1405 2631 1463 Dominieam
2673 1421 2862 1475 pacem
2895 1415 3168 1472 tenemus,
3217 1404 3457 1461 maxime
3498 1422 3625 1461 cum
3666 1406 3815 1477 Apo-

2211 1502 2388 1558 stolus
2418 1501 2565 1557 dicat
2593 1518 2605 1556 :
2642 1501 2703 1557 Si
2731 1503 2846 1572 quis
2871 1512 3043 1556 autem
3072 1500 3329 1571 putaverit
3356 1514 3410 1554 se
3438 1502 3818 1556 contentiasum

2213 1614 2343 1664 esse,
2374 1614 2466 1652 nos
2512 1598 2665 1651 talem
2696 1598 3120 1653 consuetudinem
3149 1614 3252 1652 non
3291 1597 3559 1665 habemus,
3587 1612 3679 1651 nec
3711 1595 3818 1652 Ec-

2212 1690 2369 1745 clesia
2394 1688 2511 1746 Dei.
2539 1689 2803 1746 Servatur
2830 1707 2856 1743 a
2892 1691 3047 1745 nobis
3081 1691 3352 1762 patienter
3382 1700 3437 1746 et
3463 1688 3661 1746 leniter
3688 1690 3818 1748 cha-

2212 1785 2346 1839 ritas
2369 1785 2555 1852 animi,
2588 1783 2803 1855 collegii
2836 1783 3033 1850 honor,
3064 1784 3339 1841 vinculum
3386 1782 3535 1852 fidei,
3577 1800 3810 1841 concor-

2213 1875 2299 1931 dia
2324 1876 2634 1931 sacerdotii.
2652 1894 2669 1929 ›

500 1972 594 2045 qui
623 1974 675 2028 in
704 1964 1095 2027 Nicolaitarum
1130 1967 1235 2025 fide
1283 1968 1542 2039 baptizati
1596 1978 1725 2023 sunt
1756 1970 1779 2022 ἲ
1821 1970 1905 2024 vel
1936 1969 2109 2038 impo-
2138 1972 2186 2032 B
2283 1968 2377 2023 26.
2412 1968 2606 2024 Contra
2625 1966 2893 2024 Hilarium
2924 1968 2990 2023 E.
3023 1970 3092 2025 Β.
3123 1968 3439 2026 Diaconum.
3460 2002 3529 2014 -—
3552 1972 3650 2028 Est
3679 1988 3820 2045 prte—

502 2075 703 2121 nantur
735 2066 815 2120 eis
844 2078 1054 2129 manus,
1080 2062 1172 2134 qui
1193 2077 1259 2118 eo
1288 2071 1539 2134 tempore
1566 2062 1706 2133 apud
1740 2063 2111 2134 Pergamenos

502 2158 903 2221 crediderunt,
956 2156 1049 2226 qui
1126 2155 1468 2226 disciplinam
1529 2155 1785 2211 tenebant
1843 2153 2109 2210 Balaam?

506 2255 647 2322 Quin
705 2254 903 2324 potius,
939 2251 1065 2323 Age,
1099 2250 1300 2320 inquit,
1362 2250 1715 2321 pmnitentiam
1743 2266 1762 2305 :
1787 2248 1867 2303 sin
1910 2259 2105 2315 autem,

506 2366 603 2420 ego
634 2349 831 2401 veniam
860 2346 951 2400 tibi
978 2350 1102 2411 cito,
1129 2354 1175 2400 et
1197 2343 1436 2416 pugnabo
1461 2354 1627 2399 tecum
1649 2345 1703 2399 in
1718 2342 1984 2414 romphwa
2006 2342 2112 2398 oris

504 2441 604 2495 mei
634 2441 821 2512 (Apoc.
852 2455 911 2507 tt,
940 2438 1023 2509 2).

574 2533 665 2586 25.
695 2532 754 2587 8.
790 2530 1039 2604 Cypriani
1066 2530 1217 2604 epist.
1250 2531 1318 2585 ad
1348 2531 1691 2602 Stephanum.
1745 2528 1997 2602 Ejusdem
2025 2547 2109 2601 ep.

505 2628 573 2682 ad
604 2627 862 2681 Jubaian.
895 2624 1173 2683 —Verum
1205 2625 1250 2681 si
1284 2624 1568 2681 voluerint
1600 2624 1652 2679 hi
1686 2624 1778 2694 qui
1809 2624 1876 2679 ab
1907 2621 2115 2678 Hilario

506 2722 742 2776 instituti
772 2731 919 2787 sunt,
949 2728 1005 2776 et
1056 2735 1189 2775 oves
1217 2721 1336 2774 sine
1369 2728 1589 2790 pastore
1637 2732 1761 2775 esse
1807 2726 2113 2787 cteperunt,

510 2816 579 2869 de
604 2815 906 2882 Scripturis
935 2828 997 2866 ca
1028 2812 1299 2880 proferre,
1328 2826 1448 2881 qua:
1486 2811 1681 2865 beatus
1711 2809 2016 2880 Cyprianus
2047 2807 2117 2862 ob

510 2904 815 2959 llaereticos
842 2900 1267 2971 rebaptizaudos
1317 2902 1370 2955 in
1404 2900 1817 2971 epistolissuis
1868 2898 2116 2970 reliquit,

510 2998 693 3054 sciant
721 3005 748 3034 ⁸
776 2995 929 3051 illum
962 2996 1080 3050 hzce
1110 3010 1215 3049 non
1238 3009 1359 3049 cum
1377 2992 1725 3050 anathemate
1748 2992 1907 3066 199
1927 3007 2119 3049 eorum

510 3092 604 3161 qui
636 3104 696 3145 se
723 3089 881 3159 sequi
916 3088 1231 3152 noluerant,
1281 3084 1547 3142 edidisse.
1577 3085 1855 3157 Siquidem
1886 3084 1940 3141 in
1974 3100 2123 3140 com-

518 3183 781 3238 munione
821 3197 1013 3238 eorum
1064 3182 1386 3251 permansit,
1416 3180 1505 3252 qui
1539 3181 1826 3236 scntentire
1856 3193 1970 3234 suze
1991 3194 2123 3235 con—

513 3278 776 3333 traierant
809 3294 820 3330 :
847 3278 946 3332 sed
974 3276 1247 3333 hortatum
1283 3275 1460 3346 potius
1496 3274 1661 3329 fuisse
1692 3286 1911 3344 prepter
1939 3274 2120 3328 Nova-

2215 2070 2361 2117 terea
2390 2061 2535 2116 aliud
2563 2062 2705 2133 quod
2730 2060 3055 2131 inferemus,
3076 2064 3363 2119 adversum
3414 2065 3557 2136 quod
3599 2083 3667 2121 ne
3702 2084 3821 2123 mu-

2216 2155 2319 2210 tire
2362 2153 2579 2225 quidem
2633 2155 2834 2211 audeat
2888 2154 3147 2220 llilarius,
3203 2156 3502 2214 Deucalion
3555 2156 3725 2214 orbis.
3760 2158 3820 2217 Si

2214 2249 2359 2305 enim
2385 2247 2625 2304 haeretici
2650 2250 2918 2318 baptisma
2950 2265 3056 2305 non
3089 2249 3315 2315 habent,
3339 2260 3393 2305 et
3423 2251 3549 2305 ideo
3581 2250 3823 2323 rebapti-

2214 2334 2373 2396 zandi
2404 2342 2472 2395 ab
2500 2342 2747 2397 Ecclesia
2777 2352 2925 2408 sunt,
2945 2344 3069 2413 quia
3096 2344 3148 2398 in
3179 2343 3423 2399 lfcclesia
3454 2359 3558 2398 non
3580 2345 3820 2414 fuerunt,

2216 2439 2330 2509 ipse
2377 2452 2594 2510 quoque
2647 2436 2887 2493 Hilarius
2942 2454 3049 2492 non
3102 2446 3186 2492 est
3224 2434 3587 2494 Christianus.
3637 2437 3696 2494 in
3759 2456 3822 2495 ea

2217 2533 2419 2603 quippe
2452 2532 2614 2604 200
2636 2531 2877 2587 Ecclesia
2899 2530 3211 2602 baptizatus
3238 2541 3344 2597 est,
3367 2547 3489 2601 qua:
3508 2547 3730 2600 semper
3757 2531 3827 2588 ab

2219 2622 2493 2679 haereticis
2524 2625 2852 2694 baptismum
2906 2624 3129 2694 recepit.
3161 2625 3462 2694 Antequam
3509 2624 3830 2679 Ariminen-

2219 2719 2296 2774 sis
2318 2718 2562 2791 synodus
2579 2718 2750 2783 fieret,
2777 2727 3066 2790 antequam
3094 2717 3320 2773 Lucifer
3346 2717 3654 2783 exsularet,
3685 2718 3830 2774 llila-

2221 2813 2338 2869 rius
2362 2815 2621 2868 Romamn
2641 2812 2904 2869 Ecclesiae
2926 2814 3192 2869 diaetinus
3215 2815 3281 2867 ab
3302 2812 3577 2869 haereticis
3602 2814 3831 2869 venien-

2224 2915 2325 2970 tes,
2356 2907 2407 2960 in
2461 2920 2527 2960 eo
2569 2906 2710 2975 quod
2742 2906 2894 2975 prius
2933 2918 3255 2977 acceperant
3292 2902 3625 2976 baptismate
3657 2906 3831 2962 susci-

2224 2996 2424 3067 piebat.
2454 2997 2567 3052 Nisi
2600 2996 2738 3053 forte
2785 3006 2991 3053 tantum
3022 3000 3207 3054 Ariani
3234 2997 3474 3055 luerctici
3500 3009 3647 3061 sunt.
3677 3012 3732 3055 et
3762 3000 3831 3057 ab

2223 3087 2310 3144 his
2339 3089 2471 3145 solis
2493 3088 2819 3160 baptizatum
2856 3092 3101 3159 recipere
3125 3108 3230 3146 non
3258 3093 3407 3159 licet,
3439 3090 3503 3146 ab
3527 3090 3648 3146 aliis
3679 3092 3827 3151 licet.

2228 3183 2495 3238 Diaeonus
2513 3198 2656 3248 eras,
2691 3198 2723 3236 ο
2754 3183 2942 3244 Hilari,
2974 3183 3001 3221 ι)
3032 3194 3089 3239 et
3114 3200 3141 3237 a
3168 3182 3483 3240 Manichaeis
3524 3183 3832 3254 baptizatos

2226 3277 2550 3348 recipiebas.
2588 3276 2863 3331 Diaconus
2887 3293 3032 3343 cras,
3062 3288 3119 3333 et
3140 3279 3363 3333 Ebionis
3390 3279 3654 3349 baptisma
3684 3294 3834 3334 eom-

512 3378 648 3435 ttnu,
682 3376 739 3423 et
793 3370 929 3424 alias
960 3378 1090 3424 tunc
1120 3360 1366 3425 haereses
1423 3368 1624 3422 multas
1675 3374 2026 3430 enascentes,
2051 3381 2119 3422 ne
2147 3358 2191 3423 C
2227 3371 2513 3442 probabas.
2539 3367 2786 3439 Repente
2814 3380 3100 3441 postquam
3117 3384 3339 3428 exortus
3368 3370 3659 3437 estArius,
3684 3383 3833 3430 totus

519 3463 805 3535 quisquam
840 3464 908 3519 ab
937 3479 1004 3518 eo
1027 3464 1145 3521 sine
1176 3462 1528 3517 damnatione
1557 3461 1763 3517 erroris
1792 3461 1877 3517 sui
1909 3462 2124 3531 recipe-

515 3566 689 3613 retur.
725 3557 1048 3613 Sermonem
1080 3555 1316 3625 denique
1338 3570 1522 3620 suum,
1549 3570 1709 3624 quem
1742 3569 1908 3623 super
1937 3553 2037 3607 hac
2066 3568 2123 3608 re

523 3653 589 3705 ad
620 3651 959 3721 Stephanum
992 3648 1299 3702 Romanum
1331 3648 1640 3717 pontlflcem
1667 3646 1875 3710 habuit,
1905 3647 1995 3699 tali
2019 3645 2123 3701 fine

522 3744 821 3816 complevit
856 3760 886 3813 ,ε
924 3760 942 3793 (
985 3741 1112 3794 Haec
1139 3740 1204 3793 ad
1260 3740 1652 3795 conscientiam
1707 3749 1852 3792 tuam
1886 3779 1900 3805 ,
1955 3736 2124 3793 frater

523 3836 871 3897 charissima,
909 3842 963 3888 et
992 3848 1090 3902 pro
1126 3831 1335 3887 lmuore
1363 3831 1662 3898 Communi,
1692 3840 1747 3885 et
1775 3830 2012 3900 simplici
2040 3830 2124 3885 di-

525 3928 763 3981 lectione
790 3925 1143 3993 protulimus,
1177 3925 1467 3980 credentes
1509 3925 1673 3979 etiam
1704 3924 1800 3978 tibi
1852 3939 1949 3993 pro
1998 3924 2126 3980 reli-

521 4019 703 4091 gionis
735 4025 841 4073 tute
873 4025 927 4071 et
958 4016 1081 4072 tide‘t
1112 4017 1344 4074 veritate
1369 4016 1600 4087 placere,
1637 4031 1759 4087 qua:
1789 4022 1845 4070 et
1874 4015 2126 4087 religiosa

524 4114 737 4188 pariter
758 4120 812 4166 et
833 4126 963 4167 vera
987 4119 1129 4165 sunt.
1158 4110 1428 4169 Caeterum
1457 4108 1661 4165 scimus
1684 4107 2127 4182 quosdam,quod

522 4206 697 4262 semel
724 4204 1081 4269 imbiberunt,
1137 4202 1286 4257 nolle
1314 4202 1612 4271 deponere,
1656 4217 1755 4256 nec
1788 4202 2126 4271 propositum

527 4310 690 4354 suum
755 4290 912 4353 facile
942 4308 1193 4362 mutare;
1221 4296 1316 4351 sed
1359 4297 1514 4351 salvo
1546 4297 1688 4351 inter
1718 4296 1955 4367 collegas
1984 4295 2129 4365 pacis

524 4403 582 4449 et
611 4386 926 4447 concordia:
952 4390 1191 4458 vinculo,
1216 4389 1465 4460 quaedam
1496 4391 1734 4463 propria,
1761 4407 1881 4462 quae
1904 4391 2043 4460 apud
2071 4405 2131 4446 se

526 4486 702 4543 semel
752 4486 864 4542 sint
910 4496 1192 4556 usurpata,
1227 4484 1493 4540 retinere.
1522 4484 1637 4553 Qua
1692 4487 1746 4540 in
1797 4501 1857 4542 re
1887 4502 1993 4540 non
2022 4487 2130 4542 vim

527 4580 779 4647 cuiquam
811 4577 1064 4645 facimus,
1096 4586 1192 4633 aut
1217 4577 1392 4648 legem
1416 4577 1629 4644 damus,
1656 4579 1783 4648 quin
1835 4577 2027 4632 habeat
2077 4578 2130 4633 in

532 4668 794 4725 Ecclesiae
839 4668 1316 4737 administratione
1349 4671 1652 4727 voluntatis
1677 4688 1789 4727 sure.
1845 4672 2130 4728 arbitrium

2227 3463 2322 3518 tibi
2349 3462 2644 3532 displicere
2674 3461 2911 3530 cmpisti.
2963 3463 3232 3534 Segregas
3261 3474 3314 3520 te
3337 3478 3463 3519 cum
3496 3464 3602 3519 tuis
3626 3478 3833 3521 vernu-

2226 3555 2314 3619 lis,
2338 3565 2390 3609 et
2416 3570 2613 3609 novum
2642 3555 2896 3609 balneum
2921 3558 3123 3626 aperis.
3152 3556 3209 3611 Si
3255 3565 3307 3611 te
3338 3556 3563 3627 angelus
3609 3556 3832 3628 aliquis,

2226 3654 2319 3701 aut
2347 3646 2628 3716 apostolus
2653 3647 3027 3719 rebaptizavit,
3059 3664 3164 3702 non
3197 3646 3434 3720 infringo
3464 3644 3610 3721 quod
3634 3664 3833 3722 seque-

2228 3739 2323 3795 ris.
2349 3738 2407 3795 Si
2437 3754 2570 3795 vero
2594 3739 2646 3794 in
2676 3742 2798 3795 sinu
2838 3756 2960 3795 meo
3002 3750 3182 3808 natus,
3216 3741 3264 3795 si
3307 3742 3536 3798 uberum
3586 3758 3833 3799 meorum

2230 3832 2371 3887 lacte
2423 3832 2678 3897 nutritus,
2710 3832 3001 3887 adversum
3035 3849 3122 3888 me
3170 3833 3410 3903 gladium
3462 3834 3636 3901 levas,
3667 3835 3834 3892 reddo

2229 3924 2373 3995 quod
2396 3924 2545 3991 dedi,
2574 3934 2629 3979 et
2655 3937 2796 3992 eSlo,
2838 3926 2881 3979 si
2912 3936 3093 3995 potes;
3141 3926 3299 3981 aliter
3337 3926 3687 3983 Christianus.
3721 3928 3837 3986 Me-

2231 4017 2399 4071 retrix
2444 4031 2587 4083 sum,
2642 4015 2737 4071 scd
2791 4028 2973 4073 tamen
3005 4027 3181 4074 mater
3229 4028 3318 4073 tua
3353 4035 3496 4075 sum.
3528 4018 3643 4077 Non
3674 4035 3838 4079 servo

2234 4110 2393 4165 unius
2421 4111 2527 4165 tori
2560 4110 2893 4176 castitatem,
2949 4111 3074 4166 talis
3119 4128 3267 4167 eram
3295 4112 3513 4183 quando
3538 4126 3835 4184 conceptus

2233 4219 2330 4261 es:
2362 4219 2485 4259 cum
2518 4205 2649 4259 Ario
2678 4204 2947 4260 adulteria
2978 4210 3286 4274 committo,
3320 4206 3498 4262 feciet
3527 4216 3688 4262 antea
3714 4216 3837 4263 cum

2236 4298 2466 4362 Praxea,
2507 4312 2632 4351 cum
2662 4297 2895 4365 Ebione,
2955 4313 3077 4354 cum
3127 4299 3414 4366 Cerintho,
3445 4299 3656 4355 Novato
3692 4300 3839 4363 :Zhos

2234 4390 2562 4460 amplexeris
2593 4430 2609 4455 ,
2661 4390 2759 4445 hos
2808 4390 2860 4445 iu
2894 4393 3086 4447 matris
3130 4400 3237 4447 tuae
3269 4392 3487 4448 domum
3538 4392 3648 4460 jam
3681 4394 3841 4449 adul-

2238 4491 2386 4538 teros
2439 4482 2659 4552 recipis.
2705 4481 2903 4538 Nescio
2953 4484 3080 4553 quid
3132 4494 3185 4538 te
3230 4500 3371 4539 unus
3402 4483 3615 4538 adulter
3662 4484 3840 4541 oll‘cn-

2236 4576 2349 4632 dat.

2308 4670 2399 4725 27.
2433 4670 2720 4727 Hazreticos
2742 4689 2943 4743 semper
2971 4685 3262 4744 susceptos.
3280 4652 3349 4716 -ἶ
3373 4675 3525 4744 Quod
3550 4675 3593 4730 si
3624 4691 3833 4746 negan-

529 4762 793 4820 liherum:
818 4762 1191 4837 unusquisque
1219 4763 1292 4822 sit
1316 4765 1667 4837 praepositus,
1687 4766 2123 4822 rationemaetus
2149 4756 2203 4816 D
2230 4764 2640 4836 dutnquispiam
2658 4767 2949 4836 putaverit,
2967 4766 3302 4823 bmreticosa
3319 4768 3836 4839 majoribusnostris

529 4932 623 5007 qui
649 4947 771 5007 eum
795 4928 1755 5007 afﬁrmentexstitisse.Tertullianus
1782 4926 1856 5007 de
1868 4926 2128 5007 Praescri-

574 5005 810 5060 tionibus
856 5012 978 5072 cap.
1009 5004 1111 5068 '53,
1161 5002 1429 5056 Pacianus
1469 5005 1634 5070 epist.
1684 5003 1746 5064 l,
1799 4998 2126 5054 Philastrius

576 5078 728 5129 ωτθεὶ
755 5076 845 5138 57,
883 5074 1116 5126 Hilarius
1145 5073 1214 5127 de
1246 5074 1534 5137 Trinitate,
1566 5072 1955 5132 Theodoritus,
2016 5071 2126 5124 llu-

535 5148 696 5203 ﬁnus,
726 5143 1086 5214 Epiphanius,
1118 5144 1212 5214 qui
1242 5143 1464 5210 insuper
1485 5143 1536 5197 in
1561 5158 1700 5214 pago
1728 5143 1980 5197 Cocliabe
2003 5143 2126 5197 Bas-

535 5212 791 5272 sanitidis
843 5212 1081 5278 regionis
1129 5212 1405 5267 habitasse
1425 5212 1747 5268 eum—tradit
1776 5215 1982 5269 lltcrtBSI
2033 5214 2124 5279 ⁸52,

536 5303 647 5344 non
699 5282 1033 5337 dissimulata
1071 5281 1517 5357 adnominatione
1554 5286 1909 5355 paupertatis,
1963 5299 2125 5357 quam

535 5357 806 5416 Hebraice
834 5367 1030 5408 nomen
1058 5352 1178 5419 ejus
1204 5352 1445 5419 prtefert.

612 5432 641 5473 ι
677 5423 877 5481 Confer
907 5423 1201 5495 Eusebium
1237 5424 1332 5478 lib.
1362 5438 1539 5495 vnto.
1572 5422 1626 5484 ὖ.
1668 5433 1730 5495 et
1765 5425 2125 5495 Augustinqu

537 5502 636 5555 lib.
666 5515 700 5554 v
729 5506 921 5553 contra
952 5494 1279 5559 Donastitas,
1305 5510 1423 5564 cap.
1450 5494 1544 5557 25,
1568 5494 1763 5563 quibus
1792 5494 1992 5549 dicitur
2013 5500 2131 5553 Ste-

536 5572 757 5641 phanus
806 5568 1151 5641 praecepisse,
1184 5566 1447 5641 quidem,
1470 5575 1540 5641 Aut
1578 5565 1711 5618 nihil
1751 5565 2126 5636 innovarotur,

538 5638 703 5711 atque
748 5650 1036 5695 anathema
1066 5638 1343 5693 minitatus
1370 5638 1784 5711 {minime-vero
1805 5651 1989 5711 pacein
2012 5654 2128 5693 rea~

546 5706 641 5784 pse
659 5728 780 5784 cum
830 5712 1103 5784 Cypriane
1128 5720 1291 5784 atque
1322 5709 1597 5784 _Alricau_is
1638 5706 1884 5784 fregisse.
1928 5706 2130 5765 Contra

544 5778 846 5836 Firmiliani
876 5778 1104 5851 epistola
1132 5802 1145 5836 ε
1178 5781 1331 5847 Quod
1361 5796 1495 5834 nunc
1540 5778 1578 5834 S
1605 5778 1835 5849 epltauus
1870 5794 2028 5831 ausus
2058 5789 2133 5834 est

549 5852 738 5920 facere.
764 5867 1005 5925 rumpens
1031 5854 1274 5907 adversus
1301 5870 1392 5907 nos
1421 5867 1619 5925 pacem,
1642 5865 1795 5921 quant
1819 5866 2021 5919 semper
2037 5866 2132 5906 au-

551 5932 827 5992 tecessores
856 5922 968 5992 ejus
994 5925 1249 5992 uobiscum
1278 5922 1452 5978 amore
1488 5933 1534 5977 et
1571 5922 1765 5978 honore
1809 5936 1989 5977 mutuo
2035 5940 2131 5978 cu-

544 5991 855 6049 stodierunt.
881 5991 1042 6051 'Sunt
1067 5991 1203 6061 adeo
1233 5997 1324 6067 qui
1370 5995 1761 6069 Hieronymum
1813 5996 2018 6054 erroris
2050 6011 2132 6053 ar-

2232 4932 2419 4999 guant.
2449 4922 2565 4999 Ego
2588 4922 2843 4977 libentius
2868 4922 2985 4999 f‘alsi
3017 4924 3393 4999 Firmilianum
3424 4927 3599 4990 ipsum
3646 4936 3836 4999 postu-

2236 4995 2428 5051 larem.
2466 4996 2629 5049 Certe
2657 4995 2987 5063 Angustinus
3012 4996 3105 5049 lib.
3137 5012 3171 5050 v
3223 4999 3292 5052 de
3318 4998 3594 5067 Baptismo
3645 4995 3835 5055 contra

2237 5068 2570 5142 Donastitas,
2600 5081 2718 5142 cap.
2752 5066 2846 5130 ‘25,
2879 5067 2947 5121 de
2978 5067 3255 5142 Stephano
3286 5066 3422 5123 dixit
3448 5087 3459 5122 :
3495 5067 3579 5123 Ita
3604 5072 3838 5142 quamvis

2233 5139 2558 5209 commotius.
2584 5140 2810 5207 fraterne
2862 5144 3030 5193 tamen
3059 5141 3472 5209 indignarentur,
3512 5139 3629 5194 ricii
3662 5150 3833 5196 tamen

2233 5226 2335 5281 pax
2356 5207 2548 5263 Cluisti
2570 5209 2623 5260 in
2650 5209 2887 5260 cordibus
2914 5225 3110 5281 eorum,
3128 5207 3182 5264 ut
3200 5210 3400 5265 nullum
3417 5214 3551 5265 inter
3573 5229 3658 5265 cos
3675 5213 3842 5267 schis-

2234 5280 2387 5333 mam
2431 5280 2624 5332 malunt
2647 5281 2886 5333 oriretur.
2916 5280 3115 5334 Notum
3144 5294 3426 5350 pravterea,
3462 5286 3613 5337 hisce
3659 5286 3839 5338 moni-

2236 5351 2437 5406 mentis
2474 5359 2671 5417 quanta
2721 5351 2789 5404 sit
2839 5351 2972 5404 iides
2998 5353 3328 5411 adhibenda,
3361 5368 3423 5408 ex
3453 5354 3546 5406 illo
3588 5354 3838 5421 ejusdem

2234 5422 2522 5491 Augustini
2548 5422 2855 5475 testimonio
2886 5422 3060 5490 Epist.
3093 5423 3163 5477 9‘2
3195 5442 3205 5474 :
3240 5425 3360 5477 Non
3388 5424 3594 5486 desunt,
3625 5428 3716 5493 qui
3743 5425 3840 5481 hoc

2237 5492 2559 5564 Cyprianum
2602 5507 2813 5561 prorsus
2866 5510 2965 5546 non
3011 5500 3231 5548 sensisse
3260 5495 3593 5559 contendunt,
3621 5492 3715 5549 sed
3746 5498 3840 5551 sub

2236 5570 2349 5637 ejus
2380 5566 2631 5637 nontiriea
2646 5564 3124 5637 prwsumptoribus,
3150 5578 3303 5637 atque
3328 5565 3661 5621 mendacibus
3675 5569 3839 5635 fuisse

2238 5632 2531 5711 conﬁctam.
2562 5632 2730 5711 _Vetns
2753 5636 2942 5695 editio.
2993 5640 3157 5711 sciant
3187 5632 3359 5711 illum,
3388 5653 3489 5691 non
3517 5632 3719 5703 eorum,
3753 5641 3839 5711 qui

2238 5723 2293 5761 se
2318 5708 2460 5771 sequi
2485 5706 2776 5771 noluerant,
2810 5708 3115 5759 sententiam
3138 5708 3325 5759 odisse.

2311 5776 2340 5815 b
2384 5774 2547 5831 Vetus
2575 5776 2767 5839 editio,
2791 5790 2837 5831 et
2862 5774 3178 5831 Manichaeos
3196 5776 3498 5847 rrcipiebas.
3522 5774 3678 5846 Quod
3700 5779 3838 5836 infra

2241 5864 2425 5972 uomitus
2452 5846 2689 5975 l‘ralueum
2714 5849 3039 5929 appellatur,
3061 5846 3328 5904 Victorius
3346 5866 3544 5906 novatn
3569 5852 3839 5924 baptisma

2241 5934 2341 5975 exn
2372 5934 2447 5973 ica
2482 5957 2496 5972 .
2794 5934 2797 5937 '
3646 5944 3649 5951 τ

2238 5934 2496 5991 explicat.
2794 5934 2797 5937 ·
3358 5984 3361 5985 ν
3646 5944 3649 5951 ε
