4068 6340
468 383 574 441 18⁵
1719 371 1775 429 S.
1820 369 2089 428 EUSEBII

2211 367 2512 426 ERONYMI
3665 365 3770 424 184

459 503 636 557 tiones
665 510 734 552 ex
757 494 956 552 ordine
986 495 1292 566 impugnat,
1315 493 1615 562 Scriptura;
1644 492 1802 558 locis,
1830 499 1994 563 atque
2027 490 2125 546 illo
2153 489 2424 560 imprimis
2452 487 2643 543 Matth.
2679 504 2718 555 ι,
2745 488 2832 554 is,
2862 501 2972 559 quo
2993 487 3234 543 maxime
3259 483 3608 542 adversarius
3638 483 3775 539 abu-

456 591 709 654 tebatur,
747 585 1015 657 expositis
1061 585 1166 640 rite
1207 584 1261 638 in
1303 599 1428 640 eum
1470 598 1719 651 sensum,
1747 590 1808 638 ut
1852 582 2141 653 Deiparam
2179 583 2408 637 Mariam
2437 581 2702 636 continuo
2739 581 3004 650 virginem
3037 578 3382 651 perstitisse,
3414 593 3593 649 neque
3628 576 3778 633 edito

458 683 764 745 Salvatore,
791 679 968 733 virum
1001 691 1258 747 umquam
1288 676 1638 748 cognovisse,
1657 689 1781 745 qua:
1805 674 2088 730 catholica:
2127 673 2389 731 Ecclesiae
2418 673 2553 728 fides
2594 680 2700 741 est,
2729 672 3179 728 manifestissime
3210 672 3448 728 evincat.
3476 671 3782 742 Eapropter

459 776 679 832 titulum
706 774 849 829 libro
881 771 1030 838 fecit,
1062 770 1140 824 De
1186 770 1362 825 Beaue
1406 769 1592 825 Maria:
1636 768 1950 842 Virginitate
1989 779 2282 838 perpetua:
2313 769 2405 837 qui
2452 782 2670 822 rursum
2717 781 2748 822 a
2794 766 3083 822 Gennadio
3131 766 3330 821 dicitur
3363 767 3414 820 in
3458 765 3782 821 Corbeiensi

460 869 678 936 codice,
713 867 972 940 egregius,
1005 874 1053 919 et
1073 873 1255 936 gratus
1276 864 1504 929 libellus,
1529 864 1585 918 in
1615 879 1718 934 quo
1743 863 2031 918 ostenditur
2058 861 2416 916 Beatissimam
2443 859 2671 916 Mariam
2699 859 2999 932 genitricem
3025 859 3233 913 Domini
3256 858 3418 912 nostri
3437 855 3568 912 Jesu
3589 855 3785 912 Christi

462 966 598 1020 sicut
627 963 876 1037 virginem
905 969 1022 1014 ante
1069 967 1276 1029 partum
1300 1000 1315 1025 ,
1340 958 1414 1012 ita
1439 958 1689 1031 virginem
1719 957 2065 1028 permansisse
2094 965 2210 1028 post
2233 966 2466 1024 partum.
2492 953 2652 1021 Quod
2680 953 2940 1009 Veterum
2973 961 3190 1022 Spectat
3219 953 3623 1014 auctoritatem,
3649 949 3786 1006 satis

461 1058 629 1114 habet
657 1055 725 1110 de
750 1054 1097 1110 Tertulliano
1124 1053 1330 1119 dicere,
1359 1067 1481 1107 eum
1511 1050 1776 1106 Ecclesiae
1801 1049 2081 1105 hominem
2111 1065 2218 1104 non
2243 1047 2452 1114 fuisse;
2485 1047 2578 1103 sed
2604 1047 2944 1102 Victorinum
2969 1046 3424 1102 Petabionensem
3455 1046 3699 1116 ejusdem
3722 1059 3790 1101 ac

461 1152 812 1208 adversarius
836 1149 1128 1206 sententia:
1153 1162 1298 1216 esse,
1318 1154 1580 1217 pernegat
1605 1164 1617 1200 :
1645 1154 1756 1201 tum
1773 1145 1969 1201 seriem
1986 1145 2063 1200 ait
2089 1145 2426 1214 Scriptorum
2455 1142 2730 1198 infinitam
2759 1156 3111 1197 commovere
3140 1157 3200 1196 se
3221 1155 3411 1212 posse,
3429 1149 3593 1212 atque
3613 1153 3791 1210 oppo-

462 1264 616 1304 nere.
651 1246 894 1317 Denique
925 1245 1092 1299 multa
1123 1241 1192 1297 de
1223 1241 1382 1296 laude
1413 1239 1746 1310 virginitatis
1775 1238 2064 1304 edisserit,
2095 1238 2250 1307 cujus
2278 1235 2650 1307 prazstantiam
2677 1245 2800 1306 post
2827 1233 3271 1290 lueulentissime
3298 1236 3604 1304 expositum
3628 1233 3788 1298 Pauli

457 1343 528 1397 ad
553 1340 873 1397 Corinthios
899 1337 1297 1403 testimonium,
1331 1351 1396 1392 ex
1422 1335 1736 1405 nuptiarum
1764 1348 2005 1404 quoque,
2025 1347 2145 1401 qua:
2165 1330 2238 1388 ob
2259 1330 2450 1386 oculos
2476 1330 2655 1400 ponit,
2675 1327 3042 1384 incommodis
3073 1327 3308 1382 extollit.
3331 1327 3448 1393 Qua
3479 1325 3551 1382 de
3579 1341 3641 1382 re
3659 1341 3785 1382 cum

459 1436 527 1491 ad
556 1432 966 1488 Pammachium
999 1439 1125 1502 post
1154 1444 1329 1484 annos
1354 1427 1543 1483 decem
1588 1427 1859 1483 scriberet
1896 1425 2076 1497 Epist.
2105 1424 2199 1491 48,
2226 1440 2375 1479 num.
2410 1424 2499 1489 17,
2544 1421 2685 1476 Dum
2728 1423 3007 1486 adviveret,
3040 1421 3244 1492 inquit,
3291 1430 3486 1476 sancta:
3523 1424 3785 1477 memoria:

466 1527 746 1593 Damasus,
791 1525 982 1579 librum
1012 1533 1194 1578 contra
1224 1521 1530 1577 Helvidium
1558 1523 1622 1575 de
1662 1520 1839 1575 Beatte
1867 1519 2052 1575 Maria:
2082 1518 2374 1591 virginitate
2398 1527 2647 1590 perpetua
2681 1517 3017 1588 scripsimus,
3049 1518 3104 1570 in
3143 1532 3247 1586 quo
3277 1533 3482 1571 necesse
3506 1517 3611 1586 fuit
3638 1518 3785 1574 nobis

461 1623 530 1675 ad
550 1620 870 1690 virginitatis
893 1618 1258 1674 beatitudinem
1288 1615 1693 1686 prwdicandam,
1727 1614 1891 1668 ntulta
1911 1613 1974 1668 de
1996 1611 2239 1667 molesliis
2265 1612 2436 1667 dicere
2461 1612 2780 1680 nuptiarum.
2822 1610 2966 1664 Num
2997 1610 3074 1664 vir
3101 1610 3359 1683 egregius,
3385 1619 3433 1665 et
3456 1611 3690 1667 eruditus
3729 1613 3788 1668 in

467 1715 779 1784 Scripturis,
809 1723 856 1768 et
879 1713 1021 1784 virgo
1055 1710 1308 1765 Ecclesia:
1335 1711 1549 1784 virginis
1581 1709 1792 1776 Doctor,
1809 1708 2006 1779 aliquid
2035 1709 2091 1762 in
2116 1708 2210 1764 illo
2238 1723 2472 1762 sermone
2492 1706 2862 1777 reprehendit?

539 1807 618 1861 Ex
645 1807 748 1862 hoc
773 1804 1091 1861 testimonio
1112 1802 1272 1858 facile
1293 1804 1456 1858 etiam
1489 1801 1790 1873 colligitur,
1823 1815 1931 1872 quo
1963 1809 2214 1872 tempore
2241 1800 2590 1871 conscriptus
2618 1799 2692 1854 sit
2717 1798 2876 1854 liber.
2917 1797 3124 1865 Nempe
3146 1807 3383 1854 exeunte
3408 1813 3556 1855 anno
3585 1800 3692 1857 584
3722 1816 3796 1860 ex

464 1913 712 1959 veterum
741 1901 1256 1973 martyrologiorum
1285 1899 1390 1955 fide
1420 1900 1686 1954 Damasus
1712 1898 1848 1952 obiit
1883 1915 1895 1952 :
1928 1896 2296 1968 Hieronymus
2324 1895 2470 1966 apud
2503 1895 2801 1951 Damasum
2825 1911 2932 1950 non
2965 1905 3091 1950 ante
3116 1896 3278 1951 linem
3309 1898 3439 1950 anni
3467 1895 3574 1952 582
3602 1897 3797 1954 Roma

467 2008 550 2055 est
579 1998 911 2062 diversatus,
946 1994 1405 2064 quemadmodum
1437 1996 1491 2050 in
1519 1993 1874 2064 epistolarum
1900 1993 1968 2048 19
2004 2001 2059 2047 et
2083 1993 2154 2048 20
2176 1991 2584 2060 chronologicis
2614 1990 2951 2061 argumentis
2981 1990 3269 2059 probatum
3303 1999 3409 2046 est.
3446 1990 3660 2047 Biennii
3693 2008 3801 2049 au-

470 2090 770 2162 tem,quod
817 2088 1132 2156 intercedit,
1161 2088 1399 2159 priorem
1441 2103 1647 2143 annum
1688 2086 1802 2142 sive
1842 2087 1949 2143 385
1991 2086 2072 2142 illi
2123 2085 2518 2157 assignandum
2568 2085 2768 2140 evincit
2814 2085 3188 2141 testimonium
3240 2083 3414 2140 hocce
3454 2086 3686 2141 alterum
3725 2102 3802 2144 ex

467 2185 631 2254 epist.
662 2183 735 2237 22
761 2200 774 2236 :
810 2182 1046 2250 Quantas
1072 2182 1334 2237 molestias
1362 2181 1582 2236 habeant
1606 2183 1823 2252 nuptiae,
1848 2190 1895 2237 et
1922 2191 2042 2252 quot
2068 2179 2508 2236 sollicitudinibus
2533 2179 2852 2247 vinciantur,
2879 2181 2936 2233 in
2965 2197 3026 2233 eo
3055 2179 3186 2234 libro
3211 2195 3362 2248 quem
3389 2180 3633 2234 adversus
3661 2179 3801 2236 Hel-

471 2277 668 2333 vidium
693 2277 758 2332 de
780 2276 845 2330 B.
877 2276 1065 2331 Maria:
1091 2285 1340 2349 perpetua
1364 2276 1658 2349 virginitate
1694 2275 1974 2344 edidimus,
2003 2284 2126 2345 puto
2151 2275 2366 2329 breviter
2403 2290 2721 2346 expressum.
2749 2274 2998 2330 Pertinet
3022 2275 3167 2329 enim
3199 2275 3291 2330 illa
3313 2275 3581 2345 Epistola,
3607 2285 3665 2331 ut
3693 2290 3803 2333 suo

471 2369 594 2425 loco
620 2370 987 2440 ostendimus,
1015 2371 1084 2425 ad
1115 2373 1243 2426 anni
1269 2370 1376 2427 584
1398 2373 1637 2441 priorem
1661 2381 1906 2442 partem;
1928 2371 2182 2441 huncque
2206 2369 2552 2440 adeo,quem
2580 2368 2764 2425 laudat
2781 2377 2973 2425 contra
3001 2368 3306 2426 Helvidium
3331 2370 3550 2439 librum,
3570 2369 3804 2443 jamque

471 2463 541 2519 ad
573 2464 720 2535 vulgi
752 2479 942 2522 manus
973 2465 1142 2521 fuisse
1169 2463 1402 2532 indicat,
1425 2463 1697 2537 superiori
1721 2465 1828 2520 585
1853 2471 2109 2536 oporteat
2130 2461 2356 2518 ascribi.

1083 2736 1233 2850 S.
1315 2736 2046 2849 EUSEBII
2120 2735 3195 2850 EIEBONYMI

1589 2929 2162 2994 STRIDONENSIS
2203 2931 2700 2994 PRESBYTER]

845 3103 1057 3274 ’ΒΕ
1167 3117 1776 3274 PERPETUA
1883 3113 2649 3272 VIRGINI’I‘A’I‘E
2758 3113 2865 3266 B.
2987 3111 3425 3296 MARIIE,

1426 3375 2044 3463 ADVERSUS
2121 3373 2844 3469 HELVIDIUM,

1771 3576 2114 3648 LIBER
2193 3573 2344 3645 UN
2353 3571 2510 3645 US.

565 3897 727 3968 205
748 3898 802 3950 1.
824 3894 1005 3966 Nuper
1034 3901 1259 3963 rogatus
1287 3907 1316 3946 a
1338 3890 1626 3956 fratribus,
1655 3897 1714 3944 ut
1739 3888 2006 3944 adversus
2034 3887 2099 3943 li-
2126 3891 2181 3956 Α
2205 3890 2364 3945 bona:
2393 3889 2746 3946 conscientiae
2773 3892 2986 3961 signum
3019 3892 3338 3965 arbitratur)
3364 3901 3584 3963 accepta
3625 3902 3808 3949 mate~

493 3993 696 4048 bellum
724 3988 1006 4059 cujusdam
1037 3986 1272 4042 Helvidii
1297 3983 1906 4057 reSponderem,facere
1927 3983 2102 4038 distu-

489 4085 526 4140 li
554 4101 567 4139 :
593 4100 700 4140 non
727 4081 869 4153 quod
891 4079 1114 4136 difficile
1139 4079 1324 4145 fuerit,
1351 4077 1626 4133 hominem
1655 4077 2018 4144 rusticanum,
2047 4086 2103 4132 et

495 4180 583 4234 vix
611 4177 804 4250 primis
821 4190 1037 4247 quoque
1061 4174 1324 4230 imbutum
1344 4173 1561 4238 litteris,
1595 4187 1762 4242 super
1781 4173 1897 4227 veri
1922 4187 2103 4228 asser-

493 4273 643 4327 tione
683 4269 1052 4334 convincere;
1085 4267 1181 4323 scd
1226 4283 1293 4322 ne
1333 4265 1719 4336 respondendo
1758 4265 1956 4336 dignus
2006 4265 2100 4319 tie-

496 4373 600 4432 ret,
633 4363 724 4432 qui
755 4363 1085 4417 vinceretur.
1120 4359 1144 4397 δ
1168 4359 1286 4414 Huc
1308 4357 1602 4414 accedebat
1625 4357 1772 4428 quod
1792 4357 1957 4412 homo
1980 4365 2095 4412 tur-

491 4456 770 4521 bulentus,
801 4465 856 4510 et
878 4454 1026 4510 solus
1050 4453 1104 4508 in
1133 4453 1389 4508 universo
1416 4451 1618 4505 mundo
1644 4449 1749 4505 sibi
1776 4460 1830 4506 et
1853 4450 2025 4505 laicus
2042 4458 2098 4506 et

495 4550 756 4606 sacerdos
784 4549 924 4622 (qui,
964 4559 1025 4604 ut
1058 4548 1134 4602 ait
1167 4559 1188 4586 ο
1216 4547 1331 4616 ille,
1362 4546 1751 4617 loquacitatem
1788 4545 2095 4600 facundiam

496 4644 778 4700 existimat
816 4641 925 4716 [AL
966 4639 1293 4713 existimet],
1340 4648 1395 4696 et
1441 4639 1774 4695 maledicere
1821 4638 2093 4703 omnibus,

572 4817 599 4844 λ
640 4805 781 4860 Edd.
822 4802 1069 4858 Martian.
1104 4811 1160 4858 et
1194 4800 1424 4855 Vallars.
1461 4798 1680 4854 Habent
1711 4798 1927 4852 titulum
1963 4813 1975 4850 :
2013 4795 2105 4850 1η-

495 4879 622 4944 cipit
649 4876 777 4932 liber
803 4876 864 4931 S.
895 4873 1202 4944 Hieronymi
1230 4874 1475 4944 adversus
1507 4869 1805 4944 Helvidium
1836 4869 1900 4922 de
1934 4867 2104 4941 Virgi-

495 4940 654 5006 nitate
672 4947 736 5002 B.
764 4946 968 5001 Mariae.
995 4940 1421 5014 [Setia—Incipit
1440 4942 1615 5006 Liber,
1636 4956 1743 4997 etc.
1761 4940 2099 5014 linquantur,

494 5033 588 5076 aut
606 5021 852 5090 quinque
882 5018 1298 5090 Exemplaribus
1328 5010 1807 5090 tiiss._iuscribit_ur
1827 5011 1916 5065 hic
1941 5010 2097 5090 li_l_iet_',

495 5081 830 5159 Epistolas.
858 5081 1186 5159 _Hieronymi
1212 5086 1385 5159 :__ltoc
1431 5086 1578 5159 ideo,
1609 5084 1752 5159 quod
1796 5081 2101 5159 inter‘Epi-

493 5152 686 5222 stolas,
715 5159 833 5210 sive
857 5157 910 5208 in
941 5152 1224 5208 codicibus
1246 5152 1906 5222 Epistolarum’scriptum
1936 5152 2102 5206 fuerit

494 5225 908 5297 semperjstud
960 5224 1591 5297 opusculum._llieminit
1625 5225 1783 5292 hujus
1801 5224 1949 5297 libri
1996 5239 2098 5297 sne-

498 5292 695 5374 piits'in
718 5292 1146 5374 Commentariis
1176 5294 1289 5348 suis
1318 5293 1773 5374 Hieronymus,_et
1798 5295 2095 5360 iuepistola

499 5365 565 5429 ad
595 5366 978 5427 Eustochium,
1009 5375 1121 5419 etc.
1680 5365 1950 5419 Maurus.

566 5444 594 5483 ι)
633 5441 753 5496 Huc
770 5437 1061 5500 accedebat,
1081 5437 1220 5507 quod
1240 5435 1413 5496 homo,
1443 5444 1549 5507 etc.
1571 5431 1717 5507 Editi
1749 5437 1890 5488 hunc
1917 5437 2093 5507 locum

501 5519 577 5570 ita
614 5517 798 5582 legunt
831 5527 845 5562 :
882 5508 1003 5564 Huc
1034 5504 1348 5582 accedebat,
1393 5504 1531 5577 quod
1576 5505 1804 5582 verebar,
1854 5521 1917 5582 ne
1940 5504 2095 5582 homo

503 5574 850 5649 turbulentus,
887 5590 934 5634 et
963 5579 1105 5633 solus
1155 5579 1208 5631 in
1238 5574 1476 5649 universo
1500 5575 1694 5649 mundo
1733 5574 1888 5628 simul
1933 5575 2096 5649 laicus

503 5671 550 5709 et
578 5645 864 5709 sacerdos:
903 5653 992 5724 qui
1023 5650 1101 5723 (ut
1137 5651 1208 5704 ait
1249 5649 1386 5720 ipse)
1435 5645 1821 5724 loquacitatem,
1859 5645 2098 5724 etc._Co—

503 5727 653 5779 dices
700 5740 831 5779 mss.
884 5717 1060 5778 secuti
1103 5717 1330 5785 sumus,
1360 5719 1453 5790 qui
1502 5717 1610 5773 non
1661 5717 2096 5790 leguntverbum

504 5795 735 5854 verebar,
780 5794 1030 5851 additum,
1057 5795 1120 5850 in,
1146 5785 1424 5857 ‘etlitis,ét
1455 5790 1549 5861 qui
1589 5785 2098 5861 prosimulomnes

503 5848 746 5916 retinent
798 5848 918 5926 sibi,
967 5848 1207 5920 cenarum
1257 5848 1418 5918 sensu
1469 5848 1487 5918 ἔ
1529 5848 1652 5916 nam
1687 5848 1967 5915 Helvidius
1995 5849 2095 5912 sibi

2205 3982 2284 4036 ria
2325 3981 2659 4051 disputandi,
2709 3984 2942 4054 amplius
2990 3985 3258 4055 inciperet
3307 3985 3710 4056 blasphemare,
3751 3995 3813 4042 et

2203 4074 2356 4145 quasi
2386 4072 2455 4129 de
2480 4073 2701 4128 sublimi
2739 4074 2858 4130 loco
2896 4076 2950 4130 in
2984 4083 3153 4130 totum
3191 4075 3381 4132 orbem
3411 4076 3552 4130 ferre
3581 4087 3813 4132 senten-

2208 4165 2370 4219 tiam:
2394 4179 2588 4234 meque
2616 4164 2739 4235 quia
2767 4166 2998 4222 veritate
3023 4182 3132 4221 non
3155 4177 3363 4238 posset,
3393 4166 3662 4223 laceraret
3692 4166 3808 4242 [ΑΙ.

2205 4256 2468 4328 lacerare]
2504 4257 2784 4313 conviciis.
2819 4257 3016 4314 Verum
3042 4261 3165 4330 quia
3191 4259 3274 4314 lue
3295 4275 3486 4316 omnes
3516 4270 3622 4315 tam
3639 4261 3814 4330 jusue

2205 4353 2411 4408 silentii
2452 4352 2560 4407 mei
2595 4367 2800 4419 causre,
2842 4353 2912 4409 ob
2948 4354 3264 4409 scandalum
3299 4354 3549 4419 fratrum,
3598 4355 3689 4424 qui
3736 4357 3814 4412 ad

2205 4447 2323 4518 ejus
2352 4447 2557 4502 rabiem
2587 4448 2962 4512 movebantur,
2981 4446 3201 4518 justiori
3236 4449 3341 4505 [lue
3369 4455 3673 4512 cessarunt,
3691 4447 3812 4518 jam

2207 4542 2272 4597 ad
2299 4542 2511 4598 radices
2541 4542 2893 4598 infructuosze
2929 4543 3144 4598 arboris
3175 4541 3460 4615 Evangelii
3489 4542 3696 4598 securis
3723 4554 3818 4602 est

2184 4631 2548 4710 admovenda
2600 4634 2813 4707 (Matth.
2851 4635 2906 4702 3,
2947 4633 3060 4705 10),
3097 4633 3203 4692 det
3245 4651 3368 4692 cum
3420 4637 3818 4694 infecunditate

2207 4805 2326 4851 erat
2358 4795 2526 4850 laicus
2547 4803 2602 4850 et
2637 4794 2932 4866 sacerdos,
2963 4809 3070 4849 non
3104 4795 3368 4850 Ecclesiae
3397 4794 3625 4862 Christi,
3661 4797 3812 4866 apud

2207 4883 2366 4936 quam
2384 4875 2687 4920 monstrum
2705 4865 3028 4928 liahebatur,
3045 4881 3153 4921 non
3169 4865 3814 4923 sacerdos.MAn'rtAtt.——

2207 4939 2548 4992 Vetustiores
2566 4937 2696 4990 eiliti
2715 4937 2852 5006 quod
2875 4937 3085 4992 verebar
3105 4955 3168 4991 ne
3191 4937 3364 4992 homo.
3382 4938 3502 4993 Mox
3537 4939 3814 4995 Victorius

2204 5009 2361 5063 simul
2385 5011 2514 5081 legit
2543 5021 2642 5075 pro
2662 5008 2783 5081 sibi,
2803 5007 2946 5077 quod
2977 5018 3290 5081 tamennon
3323 5009 3612 5079 improbat,
3645 5021 3815 5081 atque

2207 5082 2272 5152 in
2301 5095 2433 5134 mss.
2489 5079 2722 5152 inveniri
2753 5088 2925 5132 notat.
2981 5079 3092 5134 Nos
3142 5080 3482 5152 Veronensis
3524 5079 3808 5152 prateip'ne

2207 5151 2367 5225 fidem
2399 5149 2702 5225 sequimur,
2741 5152 2831 5218 qui
2867 5163 3059 5225 omnes
3085 5151 3157 5225 ad
3202 5151 3344 5207 hanc
3384 5151 3531 5209 diem
3558 5149 3816 5225 cognitos

2205 5223 2618 5294 antiquitatem
2650 5221 2963 5285 praestantia
2994 5221 3156 5277 facile
3179 5232 3501 5294 exsuperat.

2279 5304 2299 5330 (τ
2345 5291 2757 5368 Tertulliaan
2790 5306 3090 5360 suppresso
3142 5291 3687 5368 nomin'e_designat,
3716 5300 3815 5368 qui

2206 5364 2346 5438 libro
2403 5361 2667 5438 adversus
2715 5361 3114 5438 Hermogenem
3149 5381 3199 5420 e.
3238 5367 3264 5420 1
3302 5386 3315 5420 :
3369 5361 3564 5430 Homo,
3610 5361 3814 5438 inqu-it,

2203 5437 2257 5506 in
2278 5431 2495 5498 steculo,
2528 5443 2575 5506 et
2608 5443 2798 5487 natura
2843 5431 3044 5506 quoque
3077 5435 3375 5496 luereticus.
3421 5439 3580 5492 etiam
3627 5431 3817 5496 tui-bu;

2203 5505 2395 5580 lentus,
2423 5506 2510 5576 qui
2537 5503 2901 5580 loquacitatem
2931 5503 3231 5576 facundiam
3255 5508 3534 5580 existimet,
3555 5519 3605 5566 et
3632 5513 3815 5580 impn-

2204 5575 2442 5656 (tentiam
2463 5575 2808 5656 constantiam
2854 5575 3108 5656 deputet,_
3133 5589 3182 5634 et
3224 5575 3536 5636 maledicere
3587 5575 3814 5656 singulis

2204 5648 2428 5721 ofﬁcium
2461 5649 2962 5721 bonazgconscientiw
2985 5651 3214 5721 judicet.

2275 5717 2302 5754 ιι
2342 5719 2556 5772 Etcum
2609 5717 3024 5790 infecunditate,
3079 5729 3188 5774 etc.
3237 5720 3492 5790 Disputat
3527 5722 3818 5787 Marianas

2206 5788 2310 5858 Itoe
2339 5791 2460 5868 loco
2489 5798 2680 5868 contra
2714 5788 3030 5868 Erasmum;
3065 5799 3122 5855 at
3150 5806 3309 5868 ξετερι·
3338 5788 3513 5868 estin
3545 5798 3813 5868 utroque,

2206 5854 2313 5915 non
2363 5859 2507 5913 enim
2567 5854 2727 5913 ticum
2775 5850 3165 5916 infructuosam
3221 5851 3608 5928 Et‘atitielitfam
3644 5850 3820 5930 Titii
