4068 6366
275 327 382 384 185

1102 326 1191 384 DB
1227 325 1599 387 PERPETUA
1645 329 2094 390 VIRGINITATE
2135 334 2195 390 Β.
2243 332 2489 391 MARI/E
2525 334 2752 395 LIBER.

3481 342 3585 399 186

270 442 540 500 foliorum
560 443 824 502 tradenda
847 443 1105 512 ﬂammis,
1129 452 1189 499 ut
1210 444 1382 501 discat
1402 445 1699 518 aliquando
1723 448 1887 523 206
1911 463 1961 524 Α
1989 460 2184 519 satam,
2216 450 2321 506 nisi
2356 451 2682 523 quandoque
2711 460 3027 525 nupturam.
3059 452 3128 509 Et
3157 466 3229 509 ne
3270 467 3461 525 parum
3490 457 3593 517 hoc

274 537 548 600 reticere.
578 540 667 609 qui
696 554 987 607 numquam
1018 536 1203 593 didicit
1230 538 1398 608 loqui.

353 632 412 687 2.
442 632 610 704 Igitur
651 644 869 689 sanctus
906 631 1040 687 mihi
1063 631 1397 687 invocandus
1424 643 1508 689 est
1535 633 1795 704 Spiritus,
1825 644 1885 689 ut

274 725 463 781 beatae
500 727 681 781 Maria:
716 726 1079 796 virginitatem
1121 741 1221 780 suo
1267 742 1456 792 sensu,
1499 743 1593 783 ore
1631 743 1752 783 meo
1789 728 1884 784 de-

277 818 492 876 fendat.
526 821 856 877 lnvocandus
880 831 962 877 est
992 821 1254 876 Dominus
1283 821 1463 889 Jesus,
1496 830 1554 877 ut
1579 822 1722 878 sacri
1755 838 1884 878 ven-

276 916 384 970 tris
426 917 743 988 hospitium,
776 917 929 988 cujus
961 926 985 954 δ
1009 916 1199 973 decem
1235 917 1514 973 mensibus
1550 917 1883 973 inhabitator

278 1005 403 1074 fuit,
429 1008 500 1063 ab
540 1011 686 1064 omni
747 1010 1069 1066 c0ncubitns
1118 1008 1432 1079 suspicione
1485 1018 1721 1065 tueatur.
1766 1010 1884 1081 Ipse

278 1114 498 1171 quoque
524 1100 669 1158 Deus
697 1103 855 1160 Pater
881 1115 965 1159 εει
1003 1101 1411 1173 imprecandus,
1443 1113 1503 1158 ut
1530 1115 1759 1160 matrem
1795 1103 1883 1159 Fi-

278 1190 339 1246 lii
376 1193 481 1259 sui,
525 1194 790 1264 virginem
823 1194 1086 1251 ostendat
1118 1194 1285 1251 fuisse
1324 1205 1448 1265 post
1487 1206 1721 1267 partum,
1761 1212 1882 1267 qua:

280 1282 381 1339 fuit
406 1295 581 1343 mater
608 1287 634 1326 δ
656 1297 949 1359 antequam
974 1298 1161 1357 nupta.
1188 1288 1303 1343 Non
1330 1303 1581 1359 campum
1625 1289 1881 1345 rhetorici

279 1378 651 1439 desideramus
683 1384 907 1455 eloquii,
954 1400 1061 1438 non
1098 1383 1513 1440 DialeCIicorum
1558 1384 1879 1450 tendiculas,

278 1490 382 1530 nec
412 1475 720 1534 Aristotelis
742 1480 955 1549 Spineta
983 1479 1358 1550 conquirimus
1383 1496 1396 1532 :
1429 1480 1542 1549 ipsa
1573 1478 1881 1548 Scriptura-

277 1581 399 1622 rum
422 1570 584 1625 verba
614 1572 863 1642 ponenda
888 1580 1016 1627 sunt.
1043 1589 1056 1627 :
1088 1572 1222 1643 ipsis
1241 1573 1438 1643 quibus
1461 1572 1749 1627 adversum
1782 1588 1880 1627 nos

277 1674 414 1715 usus
460 1673 542 1717 est
593 1665 945 1733 testimoniis,
996 1666 1331 1734 revincatur,
1380 1674 1437 1719 nt
1486 1665 1771 1735 intelligat,
1822 1681 1880 1721 se

277 1763 336 1811 et
372 1766 394 1794 ο
416 1755 591 1823 legere
613 1760 858 1830 potuisse
883 1774 1003 1829 qua!
1030 1760 1229 1830 scripta
1253 1767 1400 1825 sunt,
1427 1768 1479 1814 et
1503 1774 1609 1814 non
1641 1758 1880 1829 potuisse

276 1863 399 1920 qua:
426 1850 624 1919 pietate
655 1854 912 1908 roborata
944 1862 1093 1919 sunt,
1122 1867 1479 1924 cognoscere.

348 1942 399 1997 ὅ.
432 1942 731 1999 Helvidius.
752 1976 823 1984 —
855 1944 1034 1999 Prima
1067 1944 1185 2015 ejus
1214 1946 1513 2016 prepositio
1540 1944 1644 1999 fuit
1670 1961 1684 1999 :
1708 1963 1726 1997 ί
1749 1944 1883 1999 Mat-

272 2033 450 2092 thaeus
472 2037 713 2106 loquitur
740 2054 753 2088 :
776 2035 971 2090 Christi
997 2046 1168 2092 autem
1188 2037 1451 2107 generatio
1478 2038 1551 2090 sic
1576 2046 1687 2091 erat
1710 2053 1727 2090 :
1754 2036 1880 2091 Cum

266 2140 402 2184 esset
425 2131 743 2198 desponsata
770 2138 934 2183 mater
960 2133 1071 2201 ejus
1102 2128 1278 2183 Maria
1318 2128 1538 2198 Ioseph,
1586 2130 1884 2200 priusquam

266 2223 632 2287 convenirent,
686 2223 892 2276 inventa
934 2232 1008 2277 est
1046 2223 1236 2278 habens
1286 2225 1340 2277 in
1390 2233 1533 2277 utero
1576 2224 1640 2277 de
1681 2224 1885 2296 Spiritu

265 2324 476 2368 sancto.
512 2313 673 2385 207
702 2313 900 2383 Joseph
929 2325 1099 2369 autem
1124 2317 1203 2370 vir
1237 2320 1353 2389 ejus
1390 2333 1506 2370 cum
1534 2326 1661 2371 esset
1680 2321 1881 2390 justus,

269 2419 320 2465 et
351 2408 515 2464 nollet
544 2426 657 2463 eam
685 2409 981 2476 traducere,
1016 2412 1175 2466 voluit
1202 2412 1399 2466 occulte
1429 2411 1687 2466 dimittere
1709 2410 1880 2467 “eam.

270 2500 400 2555 Hazr
453 2513 627 2555 autem
677 2518 737 2556 eo
794 2502 1073 2572 cogitante,
1125 2520 1243 2559 ecce
1296 2504 1529 2576 Angelus
1570 2504 1785 2559 Domini
1828 2507 1881 2559 in

268 2596 466 2649 somnis
495 2596 743 2665 apparuit
773 2598 843 2663 ei,
891 2598 1068 2651 dicens
1094 2615 1113 2652 ,θ
1140 2598 1360 2669 Joseph,
1387 2600 1471 2668 ﬁli
1497 2597 1694 2665 David,
1726 2617 1790 2654 ne
1818 2602 1882 2654 ti-

266 2704 409 2743 meas
454 2690 688 2757 accipere
714 2687 964 2760 ‘_Mariam
1006 2694 1281 2763 conjugem
1331 2702 1493 2745 tuam.
1545 2692 1702 2758 Quod
1740 2694 1877 2747 enim

270 2791 449 2835 natum
485 2792 559 2836 est
589 2784 644 2837 in
684 2800 766 2850 ea,
809 2790 872 2838 de
911 2784 1118 2856 Spiritu
1164 2796 1343 2840 sancto
1379 2795 1457 2840 est
1489 2784 1705 2856 (Matth.
1736 2804 1774 2854 ι,
1810 2789 1875 2843 18

272 2872 460 2945 seqq.).
511 2874 674 2943 Ecce,
706 2875 901 2945 inquit,
952 2878 1118 2933 habes
1148 2880 1536 2950 desponsatam,
1586 2894 1693 2935 non
1739 2896 1875 2934 com-

272 2968 589 3034 mendatam,
613 2978 672 3024 ut
698 2969 855 3034 dicis,
890 2981 946 3027 et
991 2973 1177 3043 utique
1210 2990 1316 3028 non
1350 2974 1420 3029 ob
1462 2974 1603 3029 aliud
1636 2974 1872 3045 despon-

272 3068 469 3129 satam,
501 3061 603 3117 nisi
656 3064 985 3135 quandoque
1017 3077 1329 3136 nupturam.
1379 3066 1564 3139 Nequc
1610 3069 1755 3123 enim
1805 3068 1874 3124 de

274 3170 377 3211 non
437 3158 789 3213 conventuris
837 3160 1186 3229 Evangelista
1230 3161 1508 3217 dixisset:
1562 3162 1871 3234 Priusquam

1986 546 2358 602 arbitremur:
2395 566 2415 599 ι
2454 546 2652 611 Habes,
2701 547 2894 619 inquit,
2946 550 3339 622 desponsatam,
3382 558 3436 605 et
3482 566 3589 610 non

1987 642 2419 706 commendatam,
2451 640 2505 695 id
2536 650 2642 707 est,
2674 641 2907 698 necdum
2933 657 3184 711 uxorem,
3210 642 3444 698 necdum
3476 658 3591 699 ma-

1986 734 2133 790 ritali
2165 735 2381 791 vinculo
2411 736 2737 802 conulatam.
2768 736 2822 790 ln
2850 750 2916 790 eo
2945 750 3073 791 vero
3092 736 3243 807 quod
3275 736 3373 800 ait,
3405 734 3593 808 Neque

1985 829 2132 883 enim
2154 827 2222 882 de
2247 844 2353 883 non
2377 827 2731 883 conventuris
2765 827 3105 898 Evangelista
3133 827 3361 885 dixisset
3384 825 3596 885 :Prius-

1985 938 2139 992 quam
2166 922 2531 976 convenirent:
2562 921 2683 989 quia
2715 936 2879 977 nemo
2903 920 2971 977 de
3004 936 3109 976 non
3144 936 3413 992 pransuro
3433 922 3587 993 dicit,

1986 1025 2272 1084 antequam
2299 1013 2610 1084 pranderet,
2640 1014 2951 1083 doleamne,
2987 1029 3054 1070 an
3078 1014 3309 1082 rideam,
3338 1015 3579 1072 nescio.»

1986 1106 2275 1177 Imperitite
2306 1122 2552 1179 arguam,
2584 1124 2653 1163 an
2694 1107 3021 1164 temeritatis
3067 1111 3368 1166 accusem?
3415 1111 3583 1178 Quasi

1986 1202 2032 1258 si
2062 1203 2182 1272 quis
2211 1203 2410 1258 dixerit
2440 1221 2454 1256 :
2481 1206 2788 1273 Antequam
2823 1203 2876 1258 in
2929 1211 3088 1274 portu
3135 1203 3489 1275 pranderem,
3518 1205 3587 1260 ad

1985 1296 2227 1355 Africam
2268 1296 2287 1335 ί
2323 1298 2589 1367 navigavi,
2625 1312 2731 1353 non
2767 1298 2936 1368 possit
2969 1307 3115 1355 stare
3155 1299 3453 1364 sententia,
3488 1300 3589 1355 nisi

1985 1390 2034 1445 ei
2062 1391 2113 1444 in
2142 1398 2299 1460 portu
2333 1390 2703 1461 prandendum
2727 1389 3051 1460 quandoque
3068 1390 3162 1445 sit.
3180 1390 3342 1444 Autsi
3360 1389 3592 1446 velimus

1985 1484 2171 1541 dicere
2196 1503 2210 1540 :
2240 1484 2437 1540 Paulus
2456 1485 2732 1555 apostolus
2751 1496 3040 1554 antequam
3062 1482 3130 1538 ad
3156 1481 3444 1553 Hispanias
3469 1496 3593 1553 per-

1984 1586 2156 1648 geret,
2181 1576 2370 1631 Roma:
2393 1576 2445 1631 in
2464 1575 2677 1631 vincula
2700 1576 2983 1645 conjectus
2996 1584 3100 1630 est.
3120 1574 3224 1630 Aut
3254 1584 3404 1630 certe
3426 1573 3592 1630 illud:

1984 1669 2265 1725 Helvidius
2297 1679 2589 1739 antequam
2620 1669 2999 1739 pmnitentiam
3019 1676 3226 1739 ageret,
3250 1676 3428 1723 morte
3448 1683 3590 1738 pra:-

1984 1772 2181 1819 ventus
2212 1771 2332 1818 est:
2362 1763 2543 1817 Statim
2572 1771 2665 1816 aut
2701 1760 2872 1816 Paulo
2905 1768 3030 1829 post
3059 1758 3271 1815 vincula
3297 1758 3364 1815 ad
3395 1758 3588 1830 Hispa-

1909 1877 1955 1937 Β
1985 1856 2100 1911 nias
2142 1856 2215 1911 sit
2243 1855 2481 1911 eundum
2531 1862 2663 1908 :ant
2713 1852 2966 1908 Helvidio
3020 1852 3335 1923 pmnitentia
3375 1852 3586 1923 agenda

1988 1959 2108 2019 post
2138 1958 2400 2013 mortem;
2449 1963 2569 2003 cum
2602 1946 2880 2016 Scriptura
2914 1946 3059 2001 dicat
3090 1964 3104 2001 :
3143 1945 3210 2001 In
3259 1946 3465 2018 inferno
3492 1963 3588 2000 au—

1987 2052 2082 2095 tem
2110 2042 2221 2113 quis
2249 2041 2572 2111 conﬁtebitur
2597 2041 2688 2095 tibi
2721 2038 2894 2109 (Psal.
2924 2055 3000 2105 γι,
3028 2040 3122 2113 6)?
3148 2040 3226 2095 Ac
3264 2055 3374 2095 non
3407 2040 3590 2110 potius

1985 2134 2055 2189 sit
2096 2144 2120 2179 κ
2170 2134 2601 2202 intelligendum,
2656 2131 2823 2204 quod,
2868 2142 3007 2201 ante,
3063 2134 3404 2204 prmpositio,
3460 2132 3591 2188 licet

1986 2241 2133 2296 saepe
2163 2226 2611 2295 consequentiam
2642 2226 2868 2290 indicet,
2897 2233 3078 2281 tamen
3122 2226 3287 2297 208
3322 2239 3590 2281 nonnum-

1984 2336 2146 2391 quam
2177 2335 2239 2375 ea
2287 2328 2491 2374 tantum
2534 2333 2652 2389 qute
2698 2318 2847 2389 prius
2878 2317 3279 2387 eogitabantur,
3308 2316 3585 2372 ostendat.

1986 2412 2140 2469 llnde
2186 2426 2287 2467 nec
2336 2426 2560 2466 necesse
2590 2412 2662 2465 sit
2707 2419 2766 2465 ut
2805 2411 3036 2480 cogitata
3063 2410 3214 2475 ﬁant,
3264 2425 3391 2465 cum
3439 2408 3590 2465 aliud

1986 2504 2109 2559 ideo
2136 2503 2516 2569 intervenerit,
2552 2518 2619 2559 ne
2653 2518 2715 2559 ea
2758 2519 2879 2573 quae
2908 2503 3143 2573 cogitata
3173 2511 3319 2568 sunt,
3369 2501 3587 2559 ﬂerent.

1982 2599 2150 2669 lgitttr
2174 2614 2297 2653 cum
2332 2599 2672 2669 Evangelista
2708 2597 2889 2658 dicat:
2918 2599 3220 2669 priusquam
3234 2600 3583 2667 convenirent,

1985 2693 2293 2763 proximum
2320 2693 2629 2762 nuptiarum
2672 2700 2889 2762 tempus
2919 2691 3183 2756 aSIendit,
3213 2700 3268 2747 et
3295 2694 3347 2747 in
3378 2706 3445 2748 eo
3469 2690 3581 2761 jam

1981 2800 2095 2841 rem
2145 2785 2316 2840 fuisse
2361 2794 2439 2851 ut,
2492 2800 2613 2855 quae
2662 2784 2815 2854 prius
2842 2798 3041 2855 sponsa
3072 2783 3269 2848 fuerat,
3301 2798 3424 2839 esse
3455 2797 3591 2838 uxor

1980 2879 2267 2948 inciperet.
2293 2876 2456 2944 Quasi
2486 2876 3043 2945 dixerit:Antequam
3064 2874 3249 2930 oscula
3276 2876 3589 2946 amplexus-

1978 2986 2081 3042 que
2122 2970 2453 3035 miscerent;
2495 2978 2785 3040 antequam
2835 2983 2951 3023 rem
2980 2977 3206 3038 agerent
3237 2968 3581 3039 nuptiarum,

1978 3064 2194 3119 inventa
2225 3073 2308 3119 est
2344 3062 2551 3118 habens
2604 3063 2655 3117 in
2700 3071 2881 3117 utero.
2932 3061 3156 3117 Iuventa
3207 3070 3289 3117 est
3340 3072 3523 3118 autem
3554 3078 3587 3118 a

1977 3159 2130 3214 nullo
2164 3159 2294 3223 alio,
2324 3157 2429 3213 nisi
2480 3173 2509 3211 a
2555 3156 2783 3226 Joseph,
2815 3156 2906 3227 qui
2956 3153 3221 3227 sponsa:h
3252 3166 3469 3212 uterum
3503 3164 3589 3210 tu-

275 3251 605 3305 convenirent
633 3266 651 3305 :
681 3251 809 3322 quia
855 3268 1016 3308 nemo
1045 3253 1111 3309 de
1149 3269 1256 3309 non
1294 3269 1560 3326 pransuro
1593 3256 1747 3322 dicit,
1776 3272 1871 3311 an-
1903 3256 1948 3318 C
1982 3261 2220 3309 mentem
2251 3268 2389 3323 pene
2415 3251 2526 3322 jam
2554 3251 2771 3307 licentia
2821 3249 3080 3317 maritali,
3113 3258 3169 3305 ct
3197 3250 3433 3305 curiosis
3458 3262 3592 3301 ocu-

276 3352 493 3414 lequam
541 3344 850 3413 pranderet.
893 3346 1100 3403 Deinde
1136 3358 1159 3385 ο
1195 3348 1264 3403 ab
1302 3348 1512 3419 Angelo
1542 3365 1750 3405 uxorem
1781 3365 1876 3420 ap-

276 3438 527 3510 pellatam
566 3447 620 3493 et
652 3440 1007 3510 conjunctam.
1042 3442 1341 3498 Audiamus
1373 3458 1517 3498 nunc
1560 3444 1686 3514 quid
1732 3443 1878 3500 Scri-

276 3540 428 3599 ptura
452 3532 771 3601 pronuntiet
802 3549 814 3585 :
842 3531 1165 3606 Exsurgens.
1188 3535 1383 3604 inquit,
1400 3533 1593 3606 Ioseph
1620 3553 1653 3591 a
1673 3554 1871 3605 somno,

279 3624 397 3693 fecit
436 3624 571 3679 sicut
614 3635 932 3696 praeceperat
973 3628 1019 3680 ei
1057 3626 1291 3698 Angelus
1319 3625 1575 3683 Domini:
1604 3638 1654 3682 et
1683 3632 1879 3701 accepit

280 3732 487 3772 uxorem
516 3736 686 3785 suam,
732 3731 779 3774 et
807 3736 907 3774 non
938 3723 1177 3791 cognovit
1219 3738 1353 3789 eam,
1392 3721 1555 3776 donec
1584 3724 1782 3794 peperit
1809 3725 1877 3793 ﬁ-

280 3808 403 3865 lium
434 3828 585 3865 suum
611 3809 826 3880 (Matth.
858 3828 897 3877 t,
926 3811 1022 3878 24,
1053 3813 1171 3880 25).

348 3904 401 3958 4.
438 3902 811 3976 Hieronymus.
839 3904 1152 3977 Pratpositio
1180 3916 1304 3962 ante
1336 3908 1461 3978 quid
1490 3909 1734 3962 ostendit.
1762 3906 1879 3963 Μα-

284 3997 360 4052 ria
384 4015 545 4069 quare
574 3999 716 4071 virgo
742 4009 989 4069 sponsnta
1018 4003 1325 4070 conceperit.
1356 4034 1425 4043 ——
1452 4003 1749 4058 Curramns
1782 4018 1878 4073 per

287 4090 511 4161 singula,
543 4104 597 4147 et
631 4093 968 4162 impietatem
1002 4094 1212 4159 iisdem,
1253 4096 1449 4165 quibus
1495 4096 1735 4167 ingressa
1767 4105 1871 4163 est,

286 4186 524 4255 vestigiis
564 4195 985 4256 persequentes,
1038 4186 1328 4256 pugnantia
1377 4186 1522 4243 inter
1566 4202 1626 4241 se
1676 4187 1881 4242 dixisse

285 4275 597 4333 doceamus.
624 4274 1003 4345 Desponsatam
1032 4278 1320 4334 coulitetur
1346 4298 1358 4333 :
1387 4290 1435 4334 et
1462 4279 1643 4334 statim
1667 4296 1879 4334 uxorem

284 4371 394 4425 vult
441 4385 567 4426 esse
618 4386 780 4441 quam
835 4372 1119 4428 confessus
1168 4384 1255 4428 est
1308 4388 1584 4444 Sponsam.
1644 4374 1875 4428 Rursum

287 4476 444 4532 quam
491 4478 717 4519 uxorem
769 4466 1034 4533 nominat,
1062 4466 1195 4521 dicit
1223 4480 1329 4521 non
1361 4466 1431 4520 ob
1459 4465 1602 4520 aliud
1647 4465 1880 4536 deSpon-

1976 3346 2046 3401 lis
2086 3344 2467 3415 deprehendit.
2507 3343 2626 3399 Non
2678 3353 2856 3397 tamen
2899 3343 3169 3411 sequitur,
3214 3351 3275 3397 ut
3316 3338 3590 3412 prioribus

1979 3441 2263 3496 docuimus
2288 3438 2574 3509 exemplis,
2606 3453 2730 3493 eum
2761 3452 2881 3493 cum
2914 3437 3082 3491 Maria
3113 3434 3441 3491 convenisse
3464 3442 3590 3502 post

1981 3544 2217 3605 partum,
2264 3532 2420 3602 cujus
2458 3528 2819 3587 conveniendi
2868 3528 3223 3593 desiderium,
3275 3526 3414 3582 uteri
3461 3539 3593 3580 con-

1979 3627 2229 3697 ceptione
2267 3624 2537 3681 sublatum
2574 3631 2676 3679 est.
2706 3621 2860 3691 Quod
2901 3632 3082 3676 autem
3116 3621 3166 3675 in
3214 3617 3421 3673 somnis
3445 3616 3583 3672 dici-

1984 3728 2073 3776 tur
2101 3720 2166 3775 ad
2193 3718 2439 3788 Joseph:
2477 3717 2555 3772 Ne
2602 3718 2781 3771 timeas
2822 3716 3056 3788 accipere
3106 3712 3335 3767 Mariam
3373 3726 3583 3767 uxorem

1987 3824 2150 3868 tuam.
2192 3812 2263 3867 Et
2290 3826 2505 3867 rursum
2540 3829 2553 3863 :
2578 3808 2878 3879 Exsurgens
2900 3818 3075 3863 autem
3101 3803 3300 3873 Joseph
3329 3820 3361 3857 a
3385 3820 3586 3872 somno,

1984 3907 2106 3977 fecit
2133 3905 2268 3959 sicut
2294 3904 2538 3977 prmcepit
2563 3903 2609 3956 ei
2636 3901 2864 3974 Angelus
2898 3900 3129 3964 Domini,
3161 3907 3210 3951 et
3237 3899 3430 3971 accepit
3456 3914 3588 3953 uxo-

1984 4018 2089 4056 rem
2121 4017 2289 4066 suam,
2322 3999 2532 4054 nullum
2564 4010 2787 4052 movere
2817 3995 3001 4058 debet,
3031 3991 3188 4064 quasi
3238 4004 3303 4045 ex
3346 4006 3413 4044 eo
3442 3990 3587 4060 quod

1987 4109 2117 4147 uxor
2144 4100 2228 4146 est
2270 4090 2560 4159 appellata,
2589 4104 2779 4161 sponsa
2809 4101 2933 4140 esse
2978 4084 3198 4139 desierit
3234 4096 3247 4133 :
3283 4093 3407 4134 cum
3450 4080 3591 4135 hanc

1983 4200 2105 4241 esse
2128 4184 2428 4253 Scriptura:
2454 4183 2653 4237 divinae
2679 4178 3130 4236 consuetudinem
3171 4175 3506 4234 noverimus.
3534 4183 3592 4229 ut

1978 4295 2195 4349 sponsas
2226 4276 2465 4347 appellet
2485 4291 2689 4329 uxores.
2721 4273 2876 4329 Sicut
2906 4272 2957 4324 in
3003 4265 3359 4336 sequentibus
3389 4266 3589 4322 Deute-

1983 4371 2214 4427 ronomii
2250 4368 2574 4425 testimoniis
2603 4367 2972 4437 approbatur:
3016 4360 3076 4413 Si
3109 4360 3245 4430 quis,
3279 4357 3473 4427 inquit,
3508 4358 3590 4409 in-

1982 4466 2172 4521 venerit
2211 4466 2460 4539 virginem
2492 4463 2857 4534 desponsatam
2904 4456 3013 4509 viro
3050 4454 3104 4508 in
3150 4468 3354 4523 campo,
3388 4461 3437 4506 et
3487 4451 3589 4505 vim

288 4668 693 4745 virnmjustum
719 4669 1092 4745 primiPsalmi
1116 4667 1874 4745 respic_it_Hiero_nymns:sed
1907 4687 1956 4745 ι)
1984 4668 2133 4745 tione
2158 4665 2404 4745 Domitii,
2434 4679 2484 4719 c.
2515 4662 2587 4745 ἓξ
2627 4679 2639 4715 :
2678 4659 2850 4745 Natus
2869 4666 2946 4745 est
2973 4657 3111 4745 enim
3156 4673 3221 4712 ea:
3254 4656 3591 4745 iVirginenet

287 4740 412 4794 folia
431 4737 729 4812 verborum
747 4742 1028 4805 orationis,
1046 4737 1274 4812 quorum
1293 4737 1674 4812 infecunditas
1692 4747 1809 4812 erat
1825 4739 1877 4794 in

292 4812 537 4867 lleividio
560 4811 858 4875 rusticano,
880 4829 982 4868 nec
1006 4808 1259 4868 facundo.
1287 4812 1633 4867 Maurum—
1649 4808 1880 4872 Alludit,

291 4885 430 4952 quod
462 4885 870 4952 apertissimum
894 4896 975 4939 est
1000 4884 1240 4939 Mattha'i
1274 4899 1308 4938 χ
1346 4901 1357 4935 :
1388 4882 1510 4935 Jnm
1537 4881 1672 4934 enim
1693 4883 1885 4934 securis

290 4955 353 5006 ad
378 4958 602 5009 radicem
631 4955 871 5010 arborum
898 4959 1065 5023 posita
1088 4967 1183 5009 est.
1217 4955 1395 5008 Omnis
1427 4969 1548 5021 ergo
1567 4953 1737 5014 arbor,
1772 4969 1887 5022 qua:

290 5043 386 5079 non
417 5028 542 5097 facit
574 5029 801 5095 fructum
846 5031 1057 5088 bonum,
1089 5028 1377 5089 excidetur,
1412 5035 1457 5097 et
1484 5026 1536 5097 in
1563 5024 1731 5095 ignem
1769 5024 1888 5075 mit-

290 5107 440 5151 tetur.
473 5099 925 5153 lnlccunditatem
962 5099 1214 5153 foliorum
1244 5107 1403 5152 voeat
1428 5096 1681 5150 foliorum
1715 5098 1885 5163 ipsam

290 5170 500 5231 t‘Opinm
551 5184 618 5224 ac
658 5169 1111 5238 superlinitatem,
1148 5184 1268 5238 qum
1309 5180 1478 5223 totum
1518 5168 1804 5221 humorem
1835 5169 1886 5220 iu

292 5240 413 5294 folia
443 5241 941 5307 convertitabsque
975 5242 1169 5295 fructu.
1205 5239 1530 5306 Huiusmodi
1562 5250 1681 5293 erat
1730 5238 1889 5305 licus,

289 5314 370 5365 cui
404 5313 667 5367 Dominus
696 5314 1000 5367 maledixit.
1046 5312 1329 5367 Libentius
1358 5312 1523 5381 igitur
1554 5309 1889 5364 Erasmianm

292 5383 733 5453 interpretationi
787 5384 1081 5449 assentior,
1136 5384 1349 5438 tametsi
1396 5386 1566 5437 ferme
1611 5382 1679 5437 de
1722 5381 1890 5437 nihilo

328 5458 519 5510 "restio
550 5455 642 5509 sit.

291 5467 519 5525 qttmstio
550 5467 642 5509 sit.

360 5538 386 5564 η
430 5528 565 5582 Vide
587 5527 653 5581 Α.
671 5527 932 5593 Gellium,
956 5536 1012 5584 et
1035 5543 1156 5599 qure
1190 5527 1241 5581 in
1267 5523 1700 5596 EpiSIolam127
1727 5532 1889 5594 atque

292 5599 417 5653 alibi
449 5608 707 5654 annotata
739 5608 888 5653 sunt.

360 5670 387 5707 ιι
428 5671 700 5725 Nimirum
733 5671 857 5738 quia
891 5687 958 5725 ex
985 5670 1191 5738 Spiritu
1214 5678 1403 5724 sancto
1431 5675 1757 5735 conceperat
1788 5681 1885 5721 an-

294 5750 504 5807 tequam
536 5758 603 5797 ex
636 5757 835 5811 sponsa
879 5743 1033 5797 ﬁeret
1063 5758 1203 5797 uxor
1238 5740 1483 5809 Josephi.
1525 5740 1661 5811 Sunt
1705 5748 1884 5811 autem

294 5812 383 5887 qui
418 5815 631 5877 nubere,
660 5809 711 5868 et
740 5823 956 5923 nuptam
991 5824 1088 5883 pro
1126 5814 1495 5869 curnalicum
1545 5809 1663 5923 vlrp
1692 5810 1886 5885 copula

297 5880 599 5923 bnrlnlgnt.
637 5883 781 5923 nmln
836 5895 866 5923 ti
898 5879 1138 5923 ﬁnlmlili
1191 5882 1227 5923 Ἀ
1291 5879 1482 5923 ηννξιη
1516 5879 1581 5923 ili!
1654 5888 1885 5923 hf‘ni‘hﬂh

297 5832 383 5887 ψιι
418 5832 631 5877 nubere,
660 5832 711 5868 αι
740 5832 809 5881 πυ
852 5832 956 5867 tam
991 5832 1088 5883 ρτο
1126 5832 1495 5869 Cill'l'tllll‘tum
1546 5832 1663 5923 VII}!
1692 5832 1885 5885 cultum

297 5880 600 5947 arripiant;
637 5883 781 5940 ttttdh
816 5832 866 5941 lii
898 5879 1139 5939 animus
1191 5882 1245 5929 κ.
1291 5879 1483 5949 Cyri!"
1516 5879 1582 5936 ite
1630 5888 1885 5938 uentita-

1984 4739 2127 4792 solus
2150 4738 2296 4790 habet
2318 4736 2539 4789 Matrem
2566 4735 2860 4802 innuptam.
2890 4729 2941 4783 id
2966 4737 3068 4789 est,
3094 4730 3588 4802 qittecum_marito

1985 4822 2281 4875 congressa
2324 4820 2618 4870 numquam
2668 4800 3134 4875 fuittllocsensu
3164 4800 3327 4875 etiam
3361 4800 3585 4875 Tertul-

1984 4869 2161 4933 lianlts
2206 4878 2257 4930 in
2291 4869 2671 4943 Apologctico,
2703 4870 2904 4924 nullam
2924 4869 2995 4943 Ade
3016 4870 3345 4943 impudicitia
3371 4870 3593 4943 Matrem

1987 4950 2171 5003 [rabere
2206 4947 2297 5000 Dei
2333 4940 2530 4998 Filium
2558 4957 2832 5001 asserens.
2870 4941 3045 5003 etiam,
3079 4940 3278 5011 inquit,
3330 4956 3489 5011 quam
3513 4941 3589 4994 vi-

1990 5023 2205 5074 debatur
2231 5017 2439 5077 habere,
2471 5031 2575 5069 non
2608 5023 2871 5081 nupserat.
3370 5028 3377 5035 ’

2063 5099 2083 5124 ε
2126 5090 2464 5146 Veronensis
2488 5087 2647 5148 liber,
2680 5095 2726 5140 et
2758 5102 2859 5139 non
2882 5082 3174 5157 intelligere
3205 5084 3454 5154 potuisse,
3486 5100 3588 5156 qua

1993 5165 2187 5233 scripta
2217 5170 2357 5215 sunt.
2400 5160 2577 5233 Prima
2600 5160 2730 5223 eius,
2763 5168 2870 5213 etc.

2067 5227 2110 5272 δ’
2140 5232 2473 5288 Veronensis
2500 5233 2726 5285 voculas
2758 5247 2891 5297 eam,
2933 5238 2989 5286 et
3019 5240 3189 5285 autem
3219 5245 3328 5284 non
3362 5227 3550 5282 habet.

2070 5317 2091 5345 ο
2134 5305 2276 5379 [dem
2300 5322 2331 5358 a
2354 5302 2578 5358 Domino
2600 5318 2703 5379 pro
2721 5303 2793 5379 ab
2825 5303 3043 5379 Angela.
3532 5366 3543 5379 .

2070 5379 2087 5415 τ
2132 5377 2263 5432 Erat
2298 5387 2458 5431 antea
2476 5375 2775 5448 navigavit,
2799 5384 2855 5428 et
2880 5370 2978 5448 nisi
3001 5376 3055 5428 in
3080 5389 3139 5427 eo
3173 5380 3328 5448 portu
3359 5382 3459 5438 pro
3489 5370 3591 5422 nisi

1993 5451 2039 5503 ei
2060 5451 2111 5505 in
2138 5447 2489 5522 portu,_qnod
2516 5442 2910 5522 ex_Verouensi
2937 5461 3039 5522 ms.
3078 5442 3308 5522 recipio.

2066 5532 2089 5569 Β
2128 5508 2275 5577 idem
2296 5508 2632 5575 Véronensis
2657 5534 2717 5571 ac
2748 5534 2849 5571 non
2878 5517 3049 5586 potius
3070 5515 3144 5567 sic
3171 5508 3588 5586 intelligendum,

1993 5604 2045 5647 et
2080 5609 2205 5649 mox
2232 5609 2371 5661 sirpe
2412 5602 2461 5644 et
2507 5582 2887 5661 consequentia
2914 5586 3106 5640 indicet
3130 5600 3147 5650 ;
3175 5593 3228 5637 et
3271 5582 3436 5651 paulo
3466 5596 3601 5654 post

1990 5668 2127 5721 unde
2155 5660 2481 5721 vocabulum
2515 5676 2621 5716 non
2658 5660 2843 5714 habet.

2065 5737 2091 5773 ιι
2137 5736 2351 5792 Uterum
2380 5743 2657 5789 tumentem
2692 5746 2844 5803 pene.
2872 5726 3103 5803 etcaSic
3144 5725 3195 5781 in
3219 5734 3381 5803 caput
3411 5740 3429 5779 ι
3458 5727 3603 5789 Mat-

1997 5808 2147 5873 tlitei,
2186 5806 2275 5877 qui
2308 5819 2437 5876 pene
2467 5797 2946 5858 licentia'maritali
2978 5801 3170 5871 futurae
3196 5797 3377 5877 lucaris
3422 5806 3601 5866 omnin

1997 5864 2221 5933 ueremi.
2310 5864 2320 5876 '
2978 5864 2987 5871 '
3196 5864 3467 5925 illatua.
