4062 6402
513 393 613 450 187

1756 387 1814 445 s.
1860 375 2132 446 sessim
2173 373 2559 447 uiscum"

3724 393 3854 448 138

503 513 692 581 rae'ens'
729 507 995 562 dorntierit
1021 515 1138 562 cunt
1165 513 1246 573 e'a,
1280 513 1441 560 inerte
1469 505 1741 570 moriatur,
1778 503 1900 576 quia
1928 500 2102 558 humi-
2135 507 2183 570 Α
2211 507 2460 560 remansit
2491 521 2617 578 puer
2647 507 2801 562 Iesus
2834 506 2886 560 in
2915 501 3230 573 Jerusalem,
3265 515 3312 560 et
3343 523 3446 560 non
3474 518 3853 580 coynoverunt

500 605 642 659 licvit
671 608 884 656 uxorem
908 601 1245 674 proximisni
1272 598 1452 673 (Deut.
1478 609 1613 662 XXII,
1655 598 1771 670 25).
1807 596 1874 652 Et
1905 597 1958 652 in
2001 597 2110 652 alio

504 698 658 752 loco:
702 696 762 751 Si
793 706 970 748 autem
1015 695 1168 764 fuerit
1217 690 1604 747 adolescentulo
1635 691 1948 763 desponsata
1976 691 2106 756 uiro,

504 801 554 849 et
573 792 822 848 invenerit
844 789 998 844 homo
1021 799 1130 843 eam
1157 790 1206 844 in
1235 789 1456 852 civitate,
1485 795 1533 840 et
1563 787 1831 841 dormierit
1867 801 1984 840 cum
2026 801 2108 850 ea,

503 885 733 941 educetis
764 891 1034 954 utrumque
1065 881 1132 935 ad
1157 891 1333 954 portas
1361 880 1583 935 civitatis
1615 877 1782 943 illius,
1824 887 1874 932 et
1905 877 2112 950 lapida-

505 977 698 1032 buntur
726 973 1009 1045 lapidibus,
1035 981 1083 1028 et
1109 975 1416 1029 morientur.
1452 969 1846 1028 Adolescentula
1877 971 2108 1043 quidem,

509 1071 632 1145 quia
656 1086 758 1123 non
788 1069 1150 1139 praclamm‘it,
1197 1085 1312 1122 cum
1349 1077 1477 1122 esset
1523 1067 1578 1121 in
1619 1066 1824 1120 civitate
1853 1083 1873 1120 :
1900 1066 1976 1118 vir
2019 1071 2114 1119 att-'-

511 1171 632 1227 tent,
657 1161 782 1232 quia
811 1157 1103 1213 humilior-it
1127 1169 1339 1214 uxorem
1378 1158 1602 1232 proximi
1622 1157 1702 1211 sui
1726 1171 1744 1211 :
1765 1165 1812 1209 et
1828 1154 2116 1210 eradicttbi-

511 1256 575 1309 tis
606 1253 801 1306 malum
826 1250 932 1322 [ΑΙ.
971 1250 1285 1322 malignum]
1307 1263 1373 1305 ex
1400 1249 1778 1318 nobismetipsis
1803 1244 1994 1318 (Ibid.,
2017 1245 2110 1315 25,

509 1345 624 1415 Et).
657 1335 962 1399 Necnouet
994 1343 1124 1397 alibi
1155 1351 1168 1396 ἑ
1203 1341 1270 1396 Et
1301 1343 1417 1415 quis
1443 1342 1531 1397 ille
1555 1340 1730 1405 homo,
1764 1339 1848 1392 cui
1896 1337 2115 1410 despon-

510 1450 623 1494 sata
654 1448 727 1491 est
755 1451 911 1502 uxor,
944 1445 992 1490 et
1018 1452 1119 1490 non
1143 1437 1339 1508 accepit
1360 1434 1468 1508 [AL
1493 1429 1734 1506 accipiet]
1765 1431 1913 1486 eant?
1951 1428 2117 1484 Vada!

511 1540 559 1586 et
579 1539 864 1586 revertatur
885 1530 937 1584 in
962 1532 1173 1583 domum
1198 1544 1366 1591 suam.
1386 1543 1447 1582 ne
1463 1527 1593 1597 forte
1613 1525 1863 1580 moriatur
1884 1526 1940 1579 in
1960 1524 2115 1591 bello,

512 1633 562 1679 et
587 1623 740 1677 homo
761 1623 894 1678 alius
922 1624 1142 1695 accipiat
1169 1637 1280 1676 eam
1308 1620 1490 1694 (Deut.
1524 1633 1616 1688 xx,
1641 1619 1721 1694 7).
1747 1620 1802 1676 Si
1827 1615 1911 1676 cui
1937 1626 2114 1673 autem

517 1719 808 1788 scrupulus
857 1724 1260 1781 commovetur,
1303 1725 1472 1787 quare
1515 1715 1866 1786 desponsata,
1914 1719 1970 1768 et
2010 1727 2114 1766 non

518 1814 699 1884 pullus
725 1814 842 1868 sine
873 1823 1096 1883 sponso,
1129 1813 1245 1866 sive
1277 1811 1362 1883 (ut
1403 1810 1679 1880 Scriptura
1718 1805 1978 1878 appellat)
2006 1817 2117 1861 ma-

2215 611 2452 672 parentes
2485 603 2596 672 ejus
2626 599 2822 669 (Ibid.,
2855 593 2972 674 43).
3006 599 3127 671 Ipsa
3157 617 3370 673 queque
3401 601 3567 656 Maria
3603 619 3728 672 quae
3767 602 3854 658 ad

2215 691 2522 748 Gabrielem
2565 693 2944 764 responderat,
2997 693 3211 759 dicens,
3265 694 3537 758 Quomodo
3569 696 3665 750 erit
3706 693 3852 764 hoc,

2214 790 2334 858 quia
2366 789 2530 842 uirum
2568 805 2671 842 non
2719 789 2953 860 cognovi,
3005 787 3134 860 quid
3189 789 3257 844 de
3310 789 3511 858 Ioseph
3562 789 3849 862 loquitur,

2215 879 2456 934 ausculta
2483 894 2496 934 :
2531 873 2664 948 Fili,
2688 881 2816 951 quid
2849 882 3019 953 fecisti
3043 883 3186 935 nobis
3212 881 3327 935 sic?
3362 879 3495 936 Ecce
3537 892 3682 956 pater
3711 893 3854 937 tuus

2215 981 2263 1026 et
2287 989 2404 1046 ego,
2429 971 2660 1028 dolentes
2705 973 3057 1045 quaerebamus
3087 984 3133 1028 te
3165 969 3357 1042 (Ibid,
3384 973 3500 1044 ΑΒ).
3537 985 3559 1011 ο
3587 975 3708 1030 Non
3749 973 3856 1031 hic

2215 1064 2550 1132 Judmorum,
2577 1075 2636 1120 ut
2672 1057 2915 1137 plerique
2947 1077 3417 1138 argumentantur,
3453 1084 3558 1124 non
3588 1068 3852 1124 illuden-

2219 1161 2349 1216 Iium
2385 1177 2489 1216 vox
2533 1167 2638 1217 cst.
2690 1155 3049 1232 iivangeliStw
3082 1170 3288 1232 patrem
3336 1162 3537 1234 Josepb
3592 1163 3849 1220 dicunt:

2219 1263 2428 1326 patrem
2466 1243 2631 1310 Maria
2662 1255 2976 1310 conﬁtetur.
3019 1254 3135 1310 Non
3166 1253 3309 1327 quod
3341 1257 3422 1331 (ut
3451 1258 3710 1329 superius
3756 1260 3856 1315 in-

2219 1347 2416 1421 dicavi)
2443 1363 2570 1404 vere
2598 1357 2749 1418 pater
2774 1345 2974 1418 Ioseph
3005 1345 3173 1402 fuerit
3200 1347 3534 1412 Salvatoris;
3563 1349 3656 1405 sed
3686 1349 3852 1421 quod

2219 1437 2284 1494 ad
2313 1435 2513 1494 famam
2545 1438 2728 1494 Marim
2750 1437 3205 1503 conservandam,
3233 1447 3388 1508 pater
3415 1439 3485 1494 sit
3512 1441 3581 1494 ab
3608 1437 3626 1477 τ
3653 1439 3853 1495 omni-

2219 1533 2320 1589 bus
2350 1529 2668 1599 mstitnatns,
2702 1531 2791 1602 qui
2822 1541 3110 1602 antequam
3144 1541 3458 1586 moneretur
3483 1532 3549 1586 ab
3575 1529 3796 1602 Angelo
3831 1548 3850 1586 :

2219 1623 2435 1698 Ioseph,
2467 1625 2545 1696 ﬁli
2571 1620 2762 1692 David,
2796 1640 2858 1678 ne
2884 1625 3119 1680 timueris
3140 1625 3376 1693 accipere
3399 1621 3622 1679 Mariam
3649 1628 3853 1698 conju-

2221 1735 2332 1792 gem
2361 1727 2501 1771 tuam
2525 1735 2545 1784 ;
2565 1717 2700 1789 quod
2724 1717 2858 1770 enim
2883 1716 2936 1770 in
2957 1732 3017 1771 ea
3040 1725 3218 1771 uatum
3241 1725 3332 1782 est,
3352 1717 3414 1770 de
3434 1714 3637 1789 Spiritu
3654 1727 3849 1772 sancto

2221 1820 2294 1864 est
2324 1807 2541 1879 (Matth.
2572 1825 2623 1878 ιφ
2652 1808 2770 1880 20),
2813 1807 3089 1880 cogitabat
3118 1809 3331 1864 occulte
3373 1807 3652 1864 dimittere
3688 1825 3844 1865 eam.

517 1907 644 1971 rito,
681 1907 830 1978 virgo
861 1906 1195 1975 conceperit,
1241 1904 1380 1960 sciat
1423 1903 1692 1973 triplicem
1740 1900 1907 1955 fuisse
1955 1900 2118 1953 ratius
2148 1914 2194 1975 Β
2223 1901 2658 1975 Ἇιοιηιεηιιιηι
2687 1915 2845 1957 suum
2876 1915 2984 1955 non
3013 1915 3158 1969 esse,
3186 1900 3278 1972 qui
3307 1911 3602 1972 conceptus
3630 1899 3846 1966 fuerat,

519 2013 664 2056 nem.
697 1999 906 2066 Primo,
931 2008 990 2055 ut
1017 2013 1112 2070 per
1135 1997 1508 2070 genealogiam
1534 1994 1756 2065 Josepb,
1781 1993 1936 2064 cujus
1958 1993 2125 2048 Maria

518 2099 748 2164 cognata
793 2102 932 2159 erat,
962 2103 982 2127 η
1009 2093 1162 2162 origo
1203 2099 1420 2162 quoque
1474 2086 1661 2144 Mariae
1706 2092 2124 2143 monstraretur.

519 2187 683 2259 209
724 2186 996 2253 Secundo,
1047 2201 1114 2240 ne
1153 2185 1308 2255 juxta
1339 2184 1511 2254 legem
1559 2180 1730 2252 Moysi
1780 2187 1838 2236 ut
1879 2177 2125 2235 adultera

519 2279 855 2350 lapidaretnr
874 2292 904 2333 ο
929 2278 1148 2349 pepulo.
1179 2274 1388 2342 Tertio,
1420 2286 1478 2330 ut
1505 2274 1570 2330 ad
1600 2273 1891 2346 Egyptum
1921 2273 2130 2345 fugiens

522 2371 1049 2437 baberetsolatium',
1075 2370 1316 2426 custodis
1341 2369 1523 2439 petius
1559 2376 1719 2438 quam
1766 2367 1966 2423 mariti.
1998 2366 2132 2435 Quis

518 2465 666 2522 enim
701 2465 753 2520 in
787 2468 1034 2536 tempore
1081 2463 1176 2519 illo
1224 2461 1550 2519 credidisset
1582 2461 1784 2532 Virgini
1829 2461 1899 2517 de
1939 2469 2130 2517 saneto

520 2573 639 2614 eam
671 2557 875 2628 Spiritu
905 2558 1262 2630 concepisse;
1294 2555 1323 2596 υ
1352 2558 1570 2612 venisse
1597 2555 1847 2626 angelum
1885 2553 2128 2618 Gabriel,

521 2650 617 2707 Dei
645 2651 908 2708 detulisse
940 2651 1291 2719 mandatum;
1316 2665 1377 2706 ae
1407 2665 1515 2706 non
1541 2649 1715 2720 magis
1741 2647 1894 2720 quasi
1917 2646 2131 2704 adulte-

519 2757 660 2811 ram,
698 2744 855 2814 juxta
884 2747 1198 2815 exemplum
1243 2743 1535 2808 Snsannm,
1564 2742 1851 2798 sententia:
1889 2740 2132 2795 omnium

521 2836 1012 2902 condemnassent,
1044 2849 1170 2891 cum
1200 2835 1384 2902 Iiodie,
1407 2843 1530 2902 toto
1555 2834 1662 2904 iam
1694 2834 1954 2889 credente
1978 2847 2135 2888 mun—

526 2927 618 2994 do,
649 2938 1105 3000 argumentemur
1134 2929 1328 2996 Jndtei,
1365 2931 1388 2960 °
1420 2925 1556 2983 lsain‘
1580 2928 1816 2994 dicente,
1839 2925 1971 2981 Ecce
1992 2928 2135 3000 uirgo

524 3022 580 3077 in
607 3029 750 3076 utero
781 3023 1057 3096 concipiet,
1085 3034 1133 3078 et
1177 3041 1262 3096 pm
1278 3025 1343 3078 iet
1377 3022 1547 3092 ﬁlium
1576 3020 1733 3096 (Isai.
1777 3027 1872 3087 "ut,
1920 3020 2036 3093 14).
2083 3022 2133 3076 in

521 3116 753 3173 Hebrtco
787 3117 1122 3192 juvencnlam
1167 3118 1433 3188 scriptum
1461 3133 1607 3182 esse,
1640 3129 1746 3172 non
1777 3117 2049 3189 virginem,
2080 3103 2133 3169 id

527 3215 630 3272 est,
660 3217 860 3269 ΑΑιιιΑ.
893 3224 997 3263 non
1025 3210 1311 3266 BETilULA?
1350 3209 1622 3266 Adversus
1643 3217 1781 3280 quos
1809 3210 1860 3264 in
1883 3208 1990 3264 alio
2014 3195 2134 3262 loco

2231 1997 2558 2054 conﬁdebat.
2584 1993 2691 2053 Sed
2719 1997 2830 2067 jam
2863 1997 2997 2052 satis
3026 1995 3258 2052 docendi
3290 1995 3484 2064 magis,
3516 2009 3675 2066 quam
3724 2009 3852 2051 res-

2231 2085 2502 2162 pondendi
2533 2091 2713 2146 studio
2741 2087 3072 2161 diSputatum
3091 2095 3193 2151 est.
3219 2103 3316 2144 cur
3333 2085 3528 2159 Joseph
3549 2096 3702 2158 pater
3731 2081 3853 2143 Do-

2229 2184 2384 2250 mini,
2409 2189 2509 2240 cu'r
2549 2181 2714 2237 Maria
2756 2179 3026 2254 appellata
3057 2182 3129 2236 sit
3157 2181 3354 2252 conjux
3383 2197 3395 2233 :
3430 2181 3482 2235 in
3515 2193 3623 2251 quo
3651 2191 3708 2236 et
3737 2178 3850 2237 hoc

2231 2277 2470 2335 breviter
2514 2278 2848 2345 continetur,
2890 2293 2986 2335 cur
3035 2275 3232 2332 fratres
3279 2271 3398 2345 ejus
3448 2269 3667 2346 quidam
3718 2287 3847 2330 esse

2232 2369 2504 2427 dicantur.

2304 2465 2356 2520 5.
2404 2461 2698 2518 Helvidius.
2743 2493 2814 2502 —
2856 2460 3058 2518 Verum
3087 2460 3232 2532 {quia
3275 2477 3433 2518 suum
3489 2455 3662 2516 locum
3713 2457 3848 2515 huic

2233 2555 2648 2627 quiestinnculm
2677 2561 3047 2619 reservamus,
3072 2562 3127 2610 et
3149 2552 3213 2608 ad
3243 2554 3449 2625 reliqua
3474 2551 3697 2609 festinat
3720 2567 3850 2606 ora-

2236 2653 2346 2706 tio:
2379 2663 2521 2705 nunc
2551 2648 2684 2703 illud
2713 2657 2797 2703 est
2823 2645 3224 2713 disserendum,
3252 2643 3529 2718 quomodo
3558 2643 3850 2714 Scriptura

2236 2743 2418 2799 dicat:
2454 2741 2753 2813 Exsurgens
2793 2749 2963 2796 autem
2992 2739 3193 2813 Ioseph
3224 2758 3255 2796 a
3286 2756 3466 2794 somno
3487 2781 3502 2807 ,
3545 2733 3666 2810 fecit
3707 2738 3847 2795 sicut

2238 2837 2484 2910 pracepit
2510 2837 2555 2890 ei
2585 2836 2812 2907 Angelus
2844 2833 3092 2900 Domini,
3127 2845 3174 2890 et
3201 2836 3401 2904 accepit
3432 2849 3642 2889 uxorem
3669 2847 3846 2901 suam,

2239 2939 2284 2984 et
2313 2945 2413 2984 non
2443 2928 2777 3001 cognoscebat
2809 2945 2952 2996 eam,
2987 2929 3150 2983 donec
3181 2928 3378 2998 peperit
3433 2920 3642 2997 ﬁlium,
3673 2935 3720 2981 et
3749 2941 3845 2982 vo-

2241 3027 2375 3079 cavit
2416 3041 2599 3079 nomen
2637 3025 2753 3095 ejus
2787 3023 2970 3078 Iesum
3014 3019 3229 3095 (Matth.
3261 3038 3309 3087 ι,
3342 3017 3434 3090 24,
3472 3021 3591 3093 25).
3638 3019 3693 3076 in
3735 3033 3846 3092 quo

2239 3120 2470 3188 primum
2504 3115 2854 3172 adversarius
2895 3115 3175 3186 superﬂuo
3225 3114 3415 3171 labore
3445 3114 3714 3182 desudat,
3746 3129 3846 3172 co-

2238 3205 2539 3280 gnoscendi
2570 3207 2792 3264 verbum
2819 3208 2884 3261 ad
2910 3208 3112 3262 coitum
3147 3209 3342 3277 magis,
3376 3221 3536 3278 quam
3569 3201 3634 3261 ad
3661 3207 3843 3262 scien-

527 3302 928 3370 competentius
970 3303 1324 3358 disseremus.
1358 3302 1599 3375 Denique
1639 3307 1866 3373 excepto
1904 3299 2131 3371 Ioseph,
2162 3313 2208 3375 ρ
2241 3302 2367 3358 tiam
2403 3302 2747 3358 referendum
2777 3317 2789 3356 :
2825 3301 2978 3372 quasi
3012 3300 3115 3356 hoc
3137 3301 3421 3372 quisquam
3456 3301 3755 3371 negaverit,
3789 3311 3844 3358 et

528 3399 584 3450 et
617 3395 915 3460 Eiisabetlt,
946 3399 1002 3450 et
1030 3395 1144 3467 ipsa
1199 3396 1388 3464 Maria,
1421 3396 1712 3466 paucisque
1742 3393 2057 3460 admodum,
2089 3385 2134 3448 si

529 3497 667 3558 qttus
688 3489 757 3543 ait
799 3488 882 3542 bis
912 3488 1131 3544 audisse
1176 3501 1466 3559 possumus
1495 3490 1790 3554 aestimare,
1824 3495 2017 3542 omnes
2039 3485 2132 3541 Ie-

528 3593 649 3635 sum
677 3579 843 3634 illium
874 3580 1216 3635 aestimabant
1253 3571 1490 3651 Ioseph:
1525 3581 1813 3647 intantuni,
1860 3589 1918 3636 ut
1970 3580 2131 3634 etiam

533 3673 890 3745 Evangeiistae
945 3675 1259 3745 opinionem
1308 3663 1454 3743 vulgi
1501 3674 1892 3744 exprimentes,
1940 3669 1966 3710 ιι
2012 3679 2134 3742 qum

531 3779 658 3819 vera
693 3766 936 3821 historia:
964 3765 1055 3821 lex
1089 3773 1193 3834 est,
1225 3772 1432 3834 patrem
1463 3771 1584 3820 cum
1612 3765 1851 3820 dixerint.
1885 3763 2135 3822 Salvato-

533 3856 631 3918 ris,
663 3863 724 3911 ut
761 3857 855 3922 ibi,
890 3855 957 3910 Et
985 3859 1120 3913 venit
1156 3859 1209 3912 in
1237 3858 1422 3930 spiritu
1451 3858 1505 3912 in
1535 3855 1806 3931 Templum
1835 3854 2007 3928 (haud
2035 3859 2134 3916 dit-

539 3947 686 4003 bium
726 3952 850 4020 quin
877 3949 1123 4021 Simeon)
1153 3959 1204 4006 et
1239 3969 1355 4006 enm
1400 3950 1702 4008 inducerent
1742 3958 1980 4024 parentes
2023 3955 2134 4026 ejus

533 4057 748 4115 puerum
771 4042 975 4112 Iesum,
1024 4055 1080 4100 ut
1122 4046 1352 4117 facerent
1381 4045 1446 4100 tle
1473 4045 1567 4100 illo
1593 4046 1880 4100 secundum
1920 4055 2135 4103 consue-

532 4137 760 4190 tudinem
801 4138 928 4210 Iegis
959 4136 1113 4211 (Luc.
1145 4153 1205 4204 ιι,
1237 4139 1355 4207 9.7).
1387 4138 1454 4192 Et
1484 4139 1611 4194 alibi
1639 4155 1652 4192 :
1683 4136 1753 4193 Et
1796 4148 1943 4194 erant
1992 4149 2137 4212 pater

529 4227 674 4281 illius
701 4237 748 4282 et
776 4240 938 4284 mater
965 4231 1284 4287 admirantes
1311 4248 1463 4304 super
1489 4231 1569 4286 his
1597 4247 1712 4304 qua:
1747 4233 2050 4289 dicebantur
2070 4235 2134 4290 de

533 4338 592 4376 eo
622 4321 815 4398 (Ibid,
847 4325 961 4398 53).
991 4326 1057 4382 Et
1082 4343 1296 4382 rursum
1326 4345 1339 4381 :
1374 4325 1442 4381 Et
1473 4329 1612 4382 ibant
1642 4339 1877 4400 parentes
1899 4333 2012 4402 ejus
2046 4345 2134 4399 per

531 4433 726 4473 annum
752 4420 804 4474 in
827 4418 1116 4476 Ierusalem
1138 4425 1189 4477 in
1211 4422 1433 4478 solemni
1457 4423 1540 4476 die
1561 4421 1779 4477 Paschtc
1807 4421 1996 4493 (Ibid.,
2017 4422 2132 4495 41).

533 4511 612 4567 Ac
648 4507 846 4569 deinde
880 4531 893 4569 :
943 4512 1011 4569 Et
1051 4516 1318 4588 completis
1363 4515 1543 4571 diebus
1585 4523 1700 4570 cunt
1739 4519 2130 4585 reverterentur,

609 4748 634 4776 ¹¹
677 4737 731 4796 Id
762 4755 830 4796 co
875 4741 982 4799 fine
1034 4743 1338 4814 prmstitum
1378 4751 1531 4800 notat
1559 4742 1855 4807 Victorius,
1888 4743 2120 4814 utejus-

536 4812 658 4868 dem
674 4814 853 4868 tribus
876 4807 1048 4869 fuisse
1070 4816 1240 4871 Maria
1266 4823 1686 4880 monstraretur,
1716 4807 1947 4883 nequod
1972 4807 2122 4886 Lege

535 4887 877 5012 prohibitum
909 4897 1028 4941 erat
1056 4886 1216 4943 Num.
1263 4904 1432 4945 mm
1462 4887 1692 4942 alterius
1723 4889 1896 4944 tribus
1933 4883 2000 4944 ab
2033 4883 2126 4944 illa

572 4959 758 5012 υειιυῑιὶ
785 4961 988 5012 assumi
1015 4959 1066 5012 in
1094 4975 1324 5012 uxorem
1350 4961 1654 5012 videretur.

572 4959 758 5024 USt-plti
785 4961 988 5013 assumi
1015 4959 1066 5013 in
1094 4975 1324 5016 uxorem
1350 4961 1654 5014 videretur.

610 5030 634 5068 ιι
673 5027 840 5084 Vetus
867 5029 1066 5094 editio,
1089 5035 1284 5086 t'enisse
1310 5033 1379 5086 ad
1401 5049 1513 5086 eam
1555 5031 1832 5100 tingi-lum,
1862 5041 1995 5098 etc.;
2018 5041 2128 5087 tum

547 5099 878 5172 Veronensis
911 5101 1069 5166 iiber,
1107 5101 1200 5156 Dei
1231 5105 1389 5172 fuisse
1418 5099 1740 5160 mandatum.

610 5183 632 5208 α
674 5165 822 5244 lsaia
845 5171 1065 5244 dicente.
1099 5165 1296 5244 Addita
1323 5179 1460 5228 bene
1489 5174 1659 5228 multa
1706 5177 1889 5244 reperi
1922 5189 1985 5230 ac
2017 5191 2128 5229 tnu-

540 5252 645 5297 tata
671 5241 993 5314 itrattiiquis
1013 5243 1352 5314 editioutbus
1371 5245 1530 5313 hujus
1555 5241 1801 5314 opusculi
1826 5265 1840 5313 ;
1869 5246 2004 5302 sicut
2027 5245 2131 5301 hoc

540 5316 680 5392 loco,
713 5312 857 5392 Isaia
889 5313 1101 5368 docente
1129 5315 1194 5369 tle
1225 5312 1472 5392 Maria‘et
1512 5312 1804 5387 virginitate
1825 5312 1959 5392 ejus.
1998 5318 2131 5386 Qum

538 5389 591 5441 in
637 5388 786 5459 nullo
821 5387 1080 5459 leguntur
1114 5387 1411 5454 exetnplari
1450 5387 1860 5459 manu~criptoi
1902 5405 2132 5459 qua-que

535 5457 808 5527 superﬂua
868 5457 1204 5512 videbuntur
1244 5459 1460 5513 erudito
1505 5457 1819 5526 lectm-i,‘si
1867 5457 2133 5528 tantisper

535 5528 1063 5603 anitnosattenderit
1079 5530 1145 5584 ad
1163 5541 1481 5603 contentum
1495 5530 1542 5603 _il
1555 5529 2131 5603 ieronymiJianrun.

607 5633 675 5643 -
723 5601 1259 5656 Anteillartiann-um
1282 5599 1416 5655 editi
1441 5601 1672 5661 addunt,
1697 5599 1794 5656 s'ed
1819 5614 2136 5668 perperam,

534 5671 747 5746 docente
778 5674 841 5725 de
875 5671 1048 5746 Maria
1089 5683 1134 5726 et
1167 5673 1462 5746 virginitate
1484 5674 1762 5746 ejus._M_ox
1797 5670 2140 5746 Veronensis

540 5745 745 5804 aspirat
783 5757 970 5796 vocem
1009 5740 1261 5807 litium,
1301 5760 1461 5812 quam
1502 5740 1638 5799 alibi
1687 5743 2055 5812 Hieronymus
2088 5740 2139 5794 in

545 5815 951 5876 Οιιωειιοηῖὺιιε
976 5815 1262 5872 Hetnaicis
1287 5809 1338 5872 in
1371 5818 1652 5884 Geuesim,
1687 5827 1741 5872 ct
1772 5818 1822 5872 in
1847 5809 2143 5867 Commen-

551 5885 707 5961 tariis
733 5884 785 5961 in
815 5884 1011 5939 Isaiam
1039 5886 1474 5961 luculentissitne
1506 5892 1751 5961 exponit.

621 5950 646 5990 ἀ
689 5952 913 6034 ιειιιωο,
952 5971 1066 6024 quae
1103 5974 1217 6011 ττι-α
1245 5958 1494 6018 Historia:
1521 5950 1604 6016 tei-
1628 5973 1728 6034 cst,
1754 5961 1809 6020 in
1839 5956 2144 6018 Vcronensi

2244 3410 2339 3452 eas
2390 3396 2622 3467 ineptias
2680 3405 2817 3464 quas
2871 3393 3185 3464 redarguit,
3242 3393 3538 3462 aliquando
3599 3395 3837 3465 prudens

2242 3489 2512 3559 anSpiam
2569 3489 2806 3558 potuerit
2853 3487 3143 3558 suspicari.
3195 3485 3402 3544 Deinde
3443 3486 3558 3542 vult
3606 3487 3830 3554 docere,

2241 3578 2384 3651 quod
2412 3579 2602 3643 donec,
2637 3579 2753 3634 sive
2782 3593 2973 3648 usque,
3009 3587 3034 3625 Β
3065 3577 3384 3635 adverbium
3405 3622 3418 3645 ,
3453 3589 3660 3635 certum
3693 3591 3834 3635 tem-

2242 3685 2344 3744 pus
2373 3671 2678 3744 signiticet:
2709 3681 2816 3744 quo
2840 3672 3115 3742 completo
3148 3674 3238 3726 iiat
3267 3672 3318 3727 id
3344 3715 3356 3737 ,
3393 3672 3535 3744 quod
3571 3683 3740 3743 usque
3766 3671 3832 3728 ad

2242 3759 2373 3822 illud
2425 3766 2682 3837 temporis
2730 3765 2870 3837 quod
2925 3765 3302 3837 pratscriptum
3336 3775 3453 3832 est,
3505 3783 3614 3822 non
3645 3765 3834 3835 iiebat,

2238 3859 2386 3914 velut
2435 3859 2488 3913 in
2523 3856 2778 3926 prtesenti
2816 3875 2829 3912 :
2864 3857 2933 3911 lat
2968 3875 3070 3912 non
3111 3858 3450 3929 cognoscebat
3488 3868 3638 3925 eam,
3679 3857 3838 3913 donec

2237 3954 2431 4024 peperit
2465 3953 2655 4021 ﬁlium.
2687 3954 2952 4023 Apparet,
2985 3953 3192 4024 inquit,
3230 3952 3505 4024 cognitam
3549 3967 3672 4009 esse
3715 3961 3836 4024 post

2237 4056 2486 4119 partum,
2534 4045 2689 4114 cujus
2733 4046 3103 4117 cognitionem
3145 4044 3241 4102 ﬁlii
3291 4054 3498 4102 tantum
3542 4043 3836 4102 diiferebat

2237 4139 2538 4212 generatio.
2590 4138 2656 4194 Et
2720 4138 2788 4194 ad
2844 4138 2948 4195 hoc
3000 4137 3412 4211 approbantium
3469 4139 3716 4210 congerit
3766 4137 3832 4194 de

2238 4232 2537 4303 Scripturis
2566 4231 2812 4302 exempla
2837 4232 3255 4302 quamplurima,
3290 4229 3316 4268 ¹ι
3347 4245 3498 4286 more
3529 4229 3834 4287 Andabata-

2243 4341 2362 4382 rum
2388 4325 2620 4397 gladium
2647 4327 2699 4380 in
2725 4327 2967 4382 tenebris
2992 4326 3284 4390 ventilans,
3318 4332 3374 4380 et
3405 4323 3604 4394 lingua:
3636 4333 3826 4379 sonum

2242 4420 2307 4476 ad
2352 4419 2711 4476 confodienda
2756 4419 2840 4475 sui
2880 4427 3090 4476 tantum
3131 4418 3381 4491 corporis
3419 4416 3662 4473 Membra
3702 4429 3831 4471 con-

2243 4516 2478 4571 cutiens.

2143 4782 2198 4842 Β
2226 4760 2328 4842 (ns:
2375 4761 2480 4842 non
2522 4733 2838 4842 ξιιιὶιεξιιικιιιοζ
2873 4746 3018 4842 upde
3064 4745 3379 4812 subdubito,
3409 4759 3476 4800 ex
3515 4743 3623 4800 alio
3663 4758 3816 4813 quam

2227 4817 2543 4886 Hieronymi
2571 4817 2781 4873 calamo
2810 4817 3129 4886 proiecisse.

2304 4901 2326 4927 θ
2398 4885 2520 4945 Non
2567 4887 2651 4943 hic
2689 4886 3016 4943 Iuda'orum.
3061 4889 3166 4945 Pro
3207 4889 3307 4944 hac
3354 4888 3560 4957 optima
3597 4885 3821 4943 lectione

2227 4977 2349 5032 qua:
2398 4973 2481 5018 est
2524 4962 2763 5032 omnium
2808 4961 3256 5032 mssiieodienm,
3305 4962 3583 5032 Erasmus,
3639 4968 3692 5014 et
3724 4957 3824 5012 Ma-

2232 5029 2418 5088 rintns
2439 5036 2596 5088 istam
2629 5031 2890 5090 retinent.
2922 5029 3043 5086 Non
3068 5035 3203 5087 enim
3229 5029 3338 5086 ltatc
3359 5031 3692 5093 Indteorum,
3719 5038 3820 5084 etc.

2237 5104 2512 5159 ΜΑιιτιΑκ.
2571 5133 2640 5146 —-
2682 5102 2826 5158 Idem
2875 5103 3213 5160 Veronensis
3259 5105 3345 5159 Itic
3392 5101 3588 5174 Ioseph
3634 5117 3822 5156 nomen

2232 5192 2339 5231 non
2375 5177 2559 5238 habet,
2601 5176 2774 5228 ferme
2807 5175 3141 5245 elegantius.

2316 5245 2333 5285 ί
2378 5246 2522 5301 idem
2549 5245 2612 5300 ab
2642 5242 2930 5302 hominibus
2959 5264 3054 5312 pro
3081 5243 3358 5312 omnibus;
3387 5243 3587 5300 deinde
3614 5242 3824 5298 Mariam

2233 5335 2456 5391 uxorem
2480 5333 2574 5383 pro
2602 5321 2893 5390 conjugem,
2921 5317 3159 5391 denique
3192 5318 3328 5374 inira
3364 5315 3705 5386 conﬁtebatur
3735 5330 3822 5386 pro

2235 5389 2543 5460 conﬁdebat.

2311 5458 2342 5508 εξ
2378 5461 2506 5516 Erat
2533 5470 2691 5516 antea
2715 5460 2980 5529 adverbia,
3015 5461 3249 5532 pluriutn
3278 5475 3531 5528 numero,
3582 5467 3637 5515 ct
3666 5458 3820 5531 signi-

2281 5543 2412 5587 cent.

2237 5535 2534 5680 [scintillare
2566 5605 2960 5680 Andabatarunt
2993 5603 3246 5680 gladium.
3293 5603 3405 5680 Mos
3427 5611 3552 5680 erat
3579 5600 3819 5680 Auduba-

2241 5685 2444 5738 ῑίδΓιιηιι
2492 5677 2607 5730 sive
2639 5671 3025 5735 Gladiatorutu
3059 5676 3394 5745 ltujuunodi,
3428 5675 3630 5728 clausis
3663 5671 3824 5745 Oculis

2243 5762 2504 5817 pugnare.
2535 5746 2689 5804 Unde
2733 5751 2851 5816 ipse
2887 5741 3253 5814 ilieronyinus
3283 5748 3417 5801 inira
3444 5745 3588 5817 lib._t
3633 5745 3707 5817 __in_
3733 5741 3817 5797 Jo-

2245 5814 2527 5876 vinianum
2553 5864 2568 5884 ,
2606 5814 2795 5874 Melius
2846 5833 3014 5876 tamen
3062 5829 3136 5873 est
3163 5818 3357 5888 clausis
3377 5859 3390 5876 ,
3421 5814 3820 5888 quodAdicitur,

2247 5892 2435 5959 oculis,
2455 5891 2839 5946 Andabatarum
2861 5908 3020 5955 more,
3038 5904 3285 5961 pugnare.
3307 5884 3544 5961 Conattle
3558 5884 3816 5940 Cbiliades

2247 5955 2579 6035 Adagiorum
2603 5963 2837 6026 Erasmi.
3038 5955 3048 5961 ’
3109 5955 3130 5960 ’
3377 5955 3642 6040 Minuta.
