4062 6386
241 428 311 487 no
914 428 1002 484 ne
1041 407 1416 482 cenceros
1459 409 1909 483 vittuuttra’re
1951 420 2012 480 Β.
2059 424 2298 480 uanum
2341 424 2566 481 usus.

3308 418 3409 480 tuo

286 550 321 604 6.
349 545 635 619 Hieronymus.
671 578 741 588 —
769 545 846 601 Ad
880 545 1021 618 quod
1062 560 1161 601 nos
1197 543 1441 601 breviter
1470 554 1699 615 reSpou-
1730 544 1779 610 Α
1810 554 1856 598 et
1906 545 2116 598 inaures
2145 558 2261 614 quc:
2290 552 2434 597 erant
2461 543 2513 596 in
2544 541 2797 598 auriculis
2822 560 3024 598 eorum.
3058 540 3123 596 Et
3152 540 3411 596 abscondit

234 643 396 708 demus,
437 651 468 696 et
502 638 848 713 cognoscebat,
903 648 949 693 et
996 652 1193 709 usque,
1245 646 1588 703 sermonem,
1642 637 1696 691 iu

232 735 451 807 Scripturis
480 732 672 798 sanctis,
706 732 991 803 dupliciter
1017 731 1265 802 intelligi.
1298 731 1361 786 Et
1390 728 1457 786 de
1480 745 1546 786 eo
1575 731 1695 802 qui-

226 832 320 887 dem
341 830 451 903 quod
472 831 696 901 scriptum
724 836 828 893 est,
853 828 1192 900 cognoscebat
1214 871 1228 893 ,
1258 822 1325 883 ad
1350 827 1552 883 coitum
1578 842 1700 883 esse

222 922 501 989 referendum,
525 924 622 995 ipse
645 920 900 979 disseruit
925 940 938 977 :
965 922 1117 978 nullo
1141 922 1449 988 dubitante,
1482 922 1612 993 quin
1634 918 1700 978 ad

217 1021 435 1075 scientiam
458 1034 570 1089 saepe
598 1019 891 1083 referatur,
926 1025 985 1071 ut
1018 1015 1090 1071 ibi
1116 1031 1131 1070 :
1166 1016 1432 1071 Remansit
1461 1032 1585 1086 puer
1614 1012 1703 1070 Je-

215 1114 346 1168 sasln
368 1110 634 1177 Ierusalem,
681 1120 728 1166 et
770 1128 874 1166 non
914 1119 1261 1185 cognoverunt
1299 1120 1533 1182 parentes
1563 1111 1698 1180 ejus.

212 1206 329 1264 Nunc
354 1204 456 1262 illud
480 1216 546 1263 est
584 1205 982 1261 ostendendum
1009 1246 1024 1273 ,
1059 1214 1118 1260 ut
1146 1204 1419 1276 quomodo
1462 1204 1532 1259 ibi
1565 1219 1696 1259 con-

204 1301 473 1355 suetudinem
498 1299 776 1368 Scriptura:
818 1307 1041 1354 secutus
1090 1308 1205 1363 est,
1240 1298 1319 1353 sic
1347 1297 1507 1352 etiam
1533 1297 1585 1351 in
1610 1296 1703 1351 do-

201 1415 300 1461 nec,
334 1396 529 1467 ejusdem
565 1395 860 1466 Scriptura:
888 1397 1213 1449 auctoritate
1246 1394 1544 1463 frangatur,
1578 1408 1699 1462 quae

193 1507 310 1563 sape
336 1500 502 1548 certum
530 1500 730 1561 tempus
764 1492 858 1561 (ut
896 1489 1014 1560 ipse
1054 1486 1345 1559 disseruit)
1373 1488 1425 1542 in
1464 1486 1582 1556 ejus
1608 1502 1697 1541 as-

190 1584 447 1655 sumptione
472 1582 748 1654 signiﬁcat,
783 1597 928 1651 sape
971 1579 1273 1646 infinitum,
1318 1591 1372 1633 ut
1402 1586 1485 1633 est
1532 1575 1696 1643 illud,

186 1674 309 1745 quod
337 1676 449 1731 Deus
468 1674 522 1730 ad
547 1674 808 1746 quosdam
836 1666 997 1746 211
1030 1671 1271 1742 loquitur
1300 1670 1352 1725 in
1384 1668 1657 1740 Propheta
1683 1687 1695 1723 :

181 1768 279 1841 Ego
300 1782 422 1835 sam,
450 1784 525 1839 ego
550 1782 684 1834 sum,
710 1775 756 1820 et
788 1766 949 1820 donec
972 1766 1249 1819 senescatis
1276 1779 1369 1836 ego
1397 1779 1507 1816 sum
1538 1760 1694 1834 (lsai.

175 1876 314 1925 mn;
346 1856 640 1928 lenaeum).
672 1857 943 1928 Numquid
972 1854 1352 1928 postquautiili
1384 1855 1697 1921 senueriut,

1810 652 1831 679 ε
1862 658 1922 694 ea
1948 638 2113 694 Jacob
2140 639 2314 694 subter
2338 639 2703 701 terebinthum,
2732 655 2848 709 qut:
2876 647 2952 693 est
2980 639 3034 692 in
3064 638 3335 701 Sic/rimis,
3367 648 3412 692 ct

1803 736 2031 809 perdidit
2062 752 2123 789 ea
2170 751 2333 805 usque
2363 735 2416 788 in
2447 730 2760 788 hodiernum
2800 732 2936 786 diem
2976 728 3131 804 (Gen.
3171 747 3337 796 xxxv,
3377 729 3411 787 4

1803 828 1955 901 seq.)
2170 826 2304 884 ltcm
2341 828 2392 882 in
2426 824 2532 883 line
2559 825 3003 881 Denterouomii:
3037 823 3105 878 Et
3131 824 3412 895 defunctus

1802 934 1877 979 est
1924 923 2129 995 Moyses
2166 940 2339 977 servus
2374 918 2585 975 Domini
2626 924 2679 975 in
2708 932 2846 975 terra
2881 918 3035 974 Moab
3066 936 3156 991 per
3197 918 3409 973 certum

1807 1016 2034 1079 Domini,
2063 1027 2109 1069 et
2128 1016 2439 1086 sepelierunt
2462 1032 2577 1068 eum
2600 1016 2651 1068 in
2675 1010 2829 1075 Geth,
2854 1029 3013 1085 prapc
3033 1013 3242 1066 domum
3270 1009 3410 1064 Phe-

1803 1129 1918 1184 gor,
1952 1122 1997 1165 et
2029 1127 2175 1163 nemo
2215 1110 2310 1163 scit
2342 1110 2634 1179 sepulcrum
2664 1112 2778 1181 ejus
2811 1124 2967 1177 usque
2994 1108 3045 1159 in
3093 1106 3228 1160 diem
3260 1107 3411 1160 istum

1806 1203 1985 1279 (Deut.
2020 1220 2205 1267 xxxiv,
2238 1202 2291 1269 6,
2324 1220 2424 1257 sec.
2457 1200 2649 1273 LXX).
2676 1200 2837 1257 Certe
2868 1200 3171 1255 hodiernus
3202 1198 3321 1254 dies
3348 1198 3413 1253 il-

1804 1299 1910 1355 lius
1935 1297 2196 1365 temporis
2220 1294 2578 1352 mstimandus
2604 1306 2709 1363 est,
2738 1312 2845 1368 quo
2874 1295 3103 1351 historia
3130 1294 3246 1366 ipsa
3274 1310 3402 1349 con-

1808 1400 1951 1447 texta
1999 1401 2116 1455 est,
2151 1386 2175 1427 ιι
2206 1391 2327 1445 sive
2360 1388 2581 1462 Moysen
2623 1389 2806 1445 dicere
2841 1389 3086 1444 volueris
3129 1397 3410 1443 auctorem

1807 1482 2209 1547 Pentateuchi,
2262 1482 2378 1536 sive
2436 1483 2628 1536 Ezram
2680 1482 2925 1552 ejusdem
2981 1482 3409 1537 instauratorcm

1803 1579 2016 1646 cperis,
2050 1592 2154 1632 non
2187 1592 2402 1633 recuso.
2438 1575 2591 1632 Nunc
2622 1577 2724 1631 hoc
2752 1578 3046 1648 qumritur,
3081 1593 3149 1631 an
3178 1575 3230 1630 id
3261 1572 3408 1647 quod

1802 1670 2009 1727 dictum
2041 1681 2159 1739 est,
2190 1686 2347 1741 usque
2385 1673 2439 1725 in
2470 1672 2607 1726 diem
2633 1672 2789 1726 istum
2811 1714 2827 1738 ,
2857 1671 2922 1725 ad
2953 1670 3105 1726 illaut
3135 1668 3411 1727 referatur

1803 1775 2049 1831 aetatem,
2080 1782 2183 1837 qua
2210 1766 2331 1820 libri
2366 1764 2495 1821 editi
2524 1766 2638 1821 sive
2676 1765 2976 1835 conscripti
3012 1773 3162 1819 sunt.
3194 1764 3402 1820 Doceat

1805 1858 1967 1929 igitur
2002 1866 2125 1926 post
2164 1858 2310 1914 illam
2341 1859 2486 1913 diem
2533 1867 2613 1913 tot
2657 1859 2769 1929 jam
2813 1873 3083 1912 annorum
3126 1874 3296 1927 usque
3338 1852 3407 1912 ad

170 1954 292 2007 Deus
329 1968 434 2009 esse
474 1952 725 2008 desistetl
778 1952 842 2005 Et
881 1949 1133 2005 Salvator
1183 1953 1238 2003 ιιι
1293 1948 1589 2018 Evangelio
1635 1946 1702 2002 ad
1734 1951 1781 2011 B
1810 1967 1906 2007 nos
1938 1948 2303 2007 voluminibus
2336 1955 2544 2008 exactis
2568 1996 2582 2017 ,
2616 1963 2707 2007 aut
2750 1952 2893 2007 idola
2918 1995 2931 2013 ,
2963 1970 3084 2021 qua:
3131 1952 3231 2007 sub
3263 1962 3406 2007 tere-

160 2043 450 2113 Apostolos,
483 2043 603 2096 Ecce
634 2059 727 2113 ego
750 2083 765 2106 ,
798 2041 1001 2111 inquit,
1030 2042 1291 2095 vobiscum
1318 2056 1428 2093 sum
1471 2039 1705 2094 omnibus

159 2136 324 2191 diebus
347 2150 490 2203 usque
510 2134 571 2187 ad
592 2134 1083 2187 consummationem
1110 2130 1284 2186 sa'culi
1308 2130 1487 2202 (.llatt.
1518 2134 1706 2197 xxviii,

150 2228 261 2297 20).
295 2224 427 2297 Ergo
456 2234 567 2296 post
597 2222 1119 2279 consummationem
1153 2222 1337 2277 szeculi
1368 2238 1397 2277 a
1429 2220 1711 2292 discipulis

148 2325 248 2378 suis
269 2320 516 2376 Dominus
542 2317 826 2386 abscedet,
850 2330 905 2375 et
938 2330 1063 2375 tunc
1093 2317 1312 2391 quando
1336 2318 1390 2373 in
1422 2306 1708 2373 duodecim

148 2417 284 2473 soliis
306 2412 586 2485 judiCaturi
618 2424 744 2471 sunt
777 2414 1061 2471 duodecim
1095 2415 1268 2470 tribus
1295 2412 1460 2469 lsrael
1493 2404 1706 2486 (Matth.

148 2525 249 2575 xix,
294 2502 408 2579 38),
450 2504 657 2562 Domini
711 2508 986 2563 consortio
1033 2506 1467 2562 fraudabuutur?
1513 2506 1713 2563 Paulus

152 2614 336 2672 pioque
357 2598 627 2669 apostolus
652 2598 949 2655 Corinthiis
978 2600 1229 2656 setibeus
1254 2618 1266 2653 :
1304 2590 1582 2665 Primititt,
1612 2599 1708 2668 ait,

146 2696 357 2749 Christus
374 2712 392 2748 .'
406 2696 585 2749 deinde
608 2696 661 2748 hi
684 2697 771 2765 qui
792 2708 909 2750 sunt
933 2692 1150 2763 Christi,
1168 2696 1255 2766 qui
1278 2696 1329 2750 in
1349 2697 1573 2750 adventu
1596 2697 1709 2765 ejus

146 2778 443 2839 "rediderunt
462 2792 479 2840 ἑ
496 2784 683 2841 deinde
706 2774 848 2857 ﬁnis,
870 2804 985 2841 cum
1007 2788 1285 2842 tradiderit
1303 2804 1515 2859 regnum
1534 2786 1643 2842 Deo
1661 2796 1707 2841 et

146 2878 269 2931 Datri
288 2920 302 2944 ,
336 2892 450 2932 cum
478 2878 789 2933 destruxerit
818 2896 1017 2933 onmem
1043 2881 1393 2953 principatu»:
1416 2890 1459 2935 et
1502 2896 1707 2934 omnem

146 2980 412 3026 v‘testatem
430 2984 477 3027 et
495 2975 751 3028 virtutem.
773 2974 987 3045 Oportet
1012 2977 1148 3029 enim
1166 2976 1314 3029 illum
1345 2992 1585 3045 regnare,
1606 2978 1703 3031 clo-

150 3080 205 3117 ec
221 3076 374 3135 ponat
390 3067 811 3122 omnesiaimicos
825 3066 917 3120 sub
940 3070 1157 3136 pedibus
1180 3071 1349 3140 ejus,"
1373 3070 1543 3121 omnia
1564 3070 1705 3123 enim

144 3160 202 3212 ub
229 3159 443 3229 pedibus
462 3162 572 3234 ejus
599 3160 816 3231 subjecit
838 3158 879 3235 (I
910 3158 1030 3215 Cor.
1073 3176 1163 3227 xv,
1196 3160 1269 3215 2'5
1288 3203 1300 3225 ,
1324 3158 1441 3231 ‘26).
1469 3162 1619 3224 Esto,
1642 3161 1708 3216 de

144 3256 325 3308 omine
354 3253 563 3307 dictum
594 3254 696 3321 sit,
727 3262 836 3309 non
879 3268 1139 3324 negamus
1167 3252 1235 3308 de
1266 3268 1331 3308 co
1376 3256 1466 3324 qui
1517 3269 1707 3324 pas‘sns

1808 2044 1998 2099 biutho
2024 2044 2239 2100 condita
2272 2047 2508 2113 fuerant,
2543 2056 2782 2116 reperta,
2814 2056 2906 2099 aut
2940 2045 3111 2117 Moysi
3139 2045 3409 2100 tumulum

1811 2136 2224 2207 investigatum,
2260 2140 2384 2205 quia
2412 2139 2613 2192 obnixe
2640 2138 2868 2201 aSSerit,
2897 2148 3015 2205 post
3048 2137 3208 2189 donec
3235 2146 3289 2190 et
3319 2154 3409 2189 us-

1812 2246 1930 2296 que,
1961 2244 2086 2283 esse
2131 2229 2404 2298 incipere,
2436 2228 2580 2297 quod
2629 2228 2832 2282 tamdiu
2862 2243 2968 2281 non
3016 2227 3115 2281 fuit
3157 2226 3413 2295 quamdiu

1813 2336 1974 2391 usque
2004 2318 2372 2390 compleretnr
2399 2330 2451 2375 et
2474 2320 2656 2374 donec.
2686 2320 2825 2388 Quin
2854 2320 3036 2389 potius
3065 2318 3409 2374 animadver-

1818 2424 1895 2469 tat
1926 2414 2225 2485 Scripturte
2271 2424 2474 2469 sancta:
2505 2413 2704 2467 idionia
2728 2458 2742 2479 ,
2775 2424 2825 2467 et
2860 2412 3143 2467 nobiscum
3167 2455 3180 2477 ,
3229 2413 3280 2466 in
3308 2427 3417 2482 quo

1816 2507 2137 2573 haesitabat,
2171 2508 2439 2579 intelligat
2468 2518 2490 2543 ο
2519 2522 2580 2562 ea
2604 2547 2618 2572 ,
2650 2507 2717 2561 de
2742 2507 2939 2576 quibus
2969 2514 3156 2575 posset
3182 2504 3416 2575 ambigi,

1814 2601 1859 2654 si
1895 2616 2003 2653 non
2037 2600 2268 2654 fuissent
2297 2600 2520 2669 scripta,
2555 2599 2798 2672 signari,
2825 2610 3022 2653 caetera
3056 2614 3190 2653 vero
3218 2610 3420 2654 nostra:

1813 2692 2187 2764 intelligentiae
2212 2690 2541 2763 derelinqui.
2576 2691 2631 2747 Si
2657 2692 2800 2747 enim
2836 2691 3011 2746 adhuc
3036 2690 3247 2745 recenti
3280 2699 3417 2745 tem-

1812 2801 1966 2857 pore,
1993 2784 2303 2840 viventibus
2330 2784 2414 2839 his
2439 2785 2527 2855 qui
2552 2784 2806 2839 viderant
2829 2782 3077 2855 Moysen,
3107 2781 3417 2850 sepulcrum

1809 2880 1927 2947 ejus
1956 2878 2127 2949 potuit
2155 2879 2418 2947 ignorari,
2437 2878 2607 2933 multo
2634 2879 2805 2947 magis
2833 2888 2911 2931 tot
2938 2874 3153 2931 smcniis
3184 2887 3414 2946 prseter-

1808 2974 2087 3029 euutibus.
2130 2972 2295 3028 Juxta
2321 2972 2464 3043 quod
2493 2984 2546 3027 et
2575 2971 2707 3026 illud
2756 2972 3081 3042 intelligitur
3105 2970 3169 3023 de
3189 2970 3413 3041 Jo~epb,

1811 3067 2210 3136 Evaugeiistant
2246 3067 2295 3121 id
2332 3067 2603 3121 iudicasse
2626 3108 2639 3131 ,
2673 3066 2741 3121 dc
2767 3082 2872 3137 quo
2906 3062 3224 3120 seandalum
3260 3074 3415 3134 pote-

1810 3171 1893 3215 rat
1918 3161 2147 3226 moveri,
2182 3177 2286 3215 uou
2316 3177 2434 3215 eam
2467 3162 2741 3232 cognitam
2774 3175 2896 3214 esse
2922 3174 2949 3212 a
2977 3159 3091 3213 vito
3122 3175 3221 3213 suo
3247 3174 3418 3229 usque

1812 3255 1875 3308 ad
1908 3264 2155 3325 partum,
2189 3265 2245 3309 ut
2277 3256 2447 3335 multo
2480 3255 2649 3325 magis
2685 3254 3118 3325 intelligeretnus
3140 3256 3416 3323 cognitam

144 3352 182 3397 δι
229 3354 487 3411 crucem,
538 3348 632 3416 qui
682 3344 869 3417 postea
918 3345 1110 3401 sedere
1145 3342 1369 3415 jubetnr
1411 3358 1438 3397 a
1487 3344 1712 3401 dextris.
1743 3342 1785 3403 C
1824 3363 1928 3402 non
1971 3345 2141 3402 fuisse
2185 3358 2308 3419 post
2355 3358 2600 3417 partum,
2651 3364 2679 3401 a
2730 3364 2832 3418 qua
2866 3358 2993 3402 tunc
3025 3361 3085 3401 se
3115 3345 3417 3411 abstinuit,

144 3439 242 3492 ‘uid
288 3439 398 3494 sibi
436 3440 555 3493 vult
585 3439 686 3495 huc
718 3435 860 3511 quod
892 3441 989 3507 ait,
1027 3440 1241 3510 Oportet
1270 3439 1401 3493 enim
1433 3436 1583 3493 illum
1624 3456 1707 3493 res

144 3548 277 3599 mre,
308 3532 481 3587 donec
512 3542 673 3605 ponat
710 3550 887 3588 omnes
920 3534 1154 3589 inimicos
1184 3534 1279 3589 sub
1313 3528 1525 3601 pedibus
1557 3522 1710 3604 cjus.’

144 3627 370 3695 .imquid
430 3626 643 3681 tamdiu
692 3637 1019 3698 regnaturus
1070 3638 1151 3683 est
1196 3622 1489 3689 Dominus,
1532 3626 1706 3682 donec

144 3718 350 3785 eipiant
377 3733 509 3774 esse
537 3720 740 3774 inimici
770 3722 874 3775 sub
898 3716 1125 3791 pedibus
1148 3721 1299 3791 ejus;
1332 3728 1386 3775 et
1417 3734 1703 3792 postquam

144 3817 151 3867 i
186 3815 292 3870 sub
330 3813 579 3886 pedibus
612 3814 806 3871 iuerint
829 3858 841 3881 ,
873 3832 1103 3888 regnare
1136 3817 1362 3872 desistet
1395 3837 1407 3871 :
1442 3833 1562 3872 eum
1598 3819 1706 3871 uti-

144 3927 188 3962 ie
225 3916 365 3965 tunc
401 3912 587 3981 magis
619 3925 844 3980 regnare
877 3911 1117 3980 incipiet,
1148 3926 1269 3965 cum
1300 3911 1499 3965 inimici
1531 3926 1710 3981 cmpe-

144 4014 180 4055 tt
224 4017 361 4057 esse
391 4002 506 4059 sub
548 3998 815 4073 pedibus?
845 3998 1017 4056 David
1046 4018 1261 4073 quoque
1285 4003 1335 4055 in
1363 4014 1557 4071 quarto
1589 4020 1710 4073 gra-

144 4110 236 4149 um
276 4095 521 4165 psalmo
554 4113 567 4149 :
601 4094 753 4149 Sicut
783 4097 922 4149 oculi
952 4095 1156 4150 ancilla'
1184 4098 1234 4149 in
1268 4094 1504 4151 manibus
1540 4096 1710 4151 domi-

163 4204 309 4255 suw,
344 4190 426 4242 ita
458 4188 613 4242 oculi
643 4190 807 4242 nostri
838 4188 907 4241 ad
941 4187 1218 4243 Dominam
1249 4185 1416 4243 Deum
1445 4201 1706 4257 nostrum,

143 4298 225 4337 tec
255 4284 607 4336 misereatur
632 4282 792 4336 nostri
821 4279 996 4355 (Psal.
1022 4296 1190 4347 cxxtt,
1218 4282 1294 4353 5).
1334 4283 1475 4353 Ergo
1505 4282 1708 4338 tamdiu

146 4373 356 4443 )plteta
413 4372 625 4429 oculos
684 4370 909 4429 habebit
966 4368 1034 4428 ad
1084 4373 1403 4440 Dominum,
1454 4376 1709 4445 quamdiu

144 4466 540 4523 iericordiam
576 4467 858 4538 impetret,
891 4476 945 4523 et
974 4475 1095 4539 post
1122 4468 1466 4536 impetratam
1494 4470 1709 4525 miseri-

144 4560 359 4625 diam,
409 4561 626 4615 oculos
656 4561 934 4632 torquebit
981 4562 1034 4616 iu
1086 4559 1330 4614 terram?
1361 4560 1460 4626 Qui
1502 4562 1557 4615 in
1608 4563 1714 4617 alio

144 4669 172 4703 ι)
230 4651 390 4706 dicit
426 4669 443 4706 ε
491 4650 654 4706 Oculi
681 4656 775 4708 mei
804 4653 1101 4726 defecerunt
1129 4655 1179 4705 in
1213 4650 1441 4705 salutare
1473 4663 1635 4719 tuum,
1666 4660 1713 4707 et

1814 3458 1934 3497 cum
1962 3444 2145 3500 adhuc
2172 3446 2239 3499 de
2273 3446 2482 3500 visione
2516 3454 2729 3512 poterat
2759 3445 3045 3501 fluctuare.

1885 3540 1937 3594 8.
1975 3541 2055 3596 Ad
2088 3555 2378 3602 summam,
2411 3536 2546 3594 illud
2578 3540 2821 3606 requiro,
2850 3554 3021 3611 quare
3050 3553 3109 3592 se
3138 3536 3418 3591 abstinue-

1814 3637 1881 3692 rit
1928 3634 2132 3706 Josepb
2166 3649 2335 3704 usque
2369 3632 2433 3686 ad
2481 3642 2667 3700 partus
2710 3632 2874 3689 diem.
2910 3630 3280 3701 Respondebit
3313 3632 3417 3685 titi-

1811 3748 1947 3803 que,
1998 3730 2121 3800 quia
2153 3726 2420 3800 Angelqu
2456 3727 2689 3783 audierit
2732 3727 3004 3782 dicentem
3038 3745 3048 3778 :
3085 3727 3236 3793 Quod
3281 3726 3414 3781 enim

1813 3828 1862 3881 in
1894 3846 1952 3882 ea
1985 3836 2161 3879 natum
2206 3833 2312 3889 est,
2344 3824 2406 3876 de
2435 3822 2639 3893 Spiritu
2672 3833 2849 3877 sancto
2881 3832 2953 3875 est
2986 3817 3203 3891 (Matth.
3232 3836 3267 3881 ι,
3294 3818 3411 3890 9.0).

1817 3918 1894 3973 Ad
1925 3917 2068 3988 quod
2113 3931 2212 3971 uos
2247 3914 2564 3979 inferimus,
2597 3928 2645 3968 et
2690 3928 2837 3968 certe
2868 3912 3147 3980 audierat,
3180 3909 3377 3984 Ioseph
3401 3953 3415 3979 ,

1813 4013 1891 4082 ﬁli
1941 4012 2135 4078 Datid,
2180 4028 2243 4065 ne
2285 4012 2471 4066 timeas
2514 4013 2749 4080 accipere
2772 4006 2995 4064 Mariam
3034 4024 3243 4061 uxorem
3275 4018 3415 4060 tuam

1815 4104 2008 4177 (lbid.,
2035 4103 2150 4175 ‘20).
2180 4103 2517 4157 Proltibitnm
2550 4105 2598 4157 ei
2632 4106 2829 4163 fuerat,
2864 4119 2932 4157 ne
2962 4102 3315 4169 relinqueret,
3351 4115 3420 4155 ue

1814 4197 2119 4252 adulteram
2165 4197 2503 4253 existimaret
2542 4212 2793 4252 uxorem.
2829 4192 3100 4264 Numquid
3133 4203 3188 4247 et
3226 4208 3253 4246 a
3288 4207 3416 4248 cou-

1814 4306 2008 4361 grcssu
2056 4289 2309 4360 conjugis
2358 4302 2643 4359 separatus
2683 4290 2895 4356 fuerat,
2936 4303 3057 4342 cum
3103 4288 3291 4357 utique
3352 4303 3419 4343 ne

1816 4395 2162 4455 separaretnr
2209 4386 2382 4455 magis
2430 4382 2630 4439 luisset
2674 4381 3026 4437 admonitus?
3055 4380 3119 4435 Et
3150 4380 3419 4449 audebat,

1817 4479 2021 4549 inquit,
2068 4480 2153 4532 vir
2182 4478 2393 4549 justus,
2425 4472 2518 4531 Dei
2554 4476 2605 4529 iu
2656 4484 2814 4529 utero
2857 4473 3086 4529 audiens
3114 4472 3284 4527 ﬁlium
3310 4514 3323 4537 ,
3356 4473 3424 4529 de

1818 4570 2005 4623 uxoris
2056 4570 2203 4624 coitu
2253 4566 2531 4639 cogitare?
2581 4566 2834 4620 Pulchre.
2888 4566 2991 4632 Qui
3033 4582 3165 4636 ergo
3212 4564 3426 4619 somnio

1822 4672 2026 4717 tantum
2055 4661 2309 4730 credidit,
2342 4671 2398 4715 ut
2425 4674 2648 4713 uxorem
2676 4675 2781 4712 non
2806 4659 2967 4731 213
2990 4658 3217 4715 auderet
3251 4657 3423 4712 attin-

144 4744 375 4799 'erbum
399 4745 650 4819 justitlw
674 4754 771 4802 tua:
793 4744 970 4819 (Psal.
999 4750 1191 4806 cxvitt,
1226 4742 1382 4814 125).
1409 4740 1436 4780 ι’
1458 4740 1710 4799 Poteram

1820 4769 1948 4825 gere
1975 4772 1986 4807 :
2019 4755 2063 4809 is
2097 4764 2381 4823 postquam
2418 4762 2701 4820 pastorum
2732 4766 2867 4805 voce
2900 4760 3265 4821 cognoverat,
3313 4750 3424 4804 An-

144 4855 206 4893 er
235 4838 365 4894 hoc
396 4839 848 4895 innumerabilia
873 4836 1125 4911 exempla
1152 4851 1451 4907 congerere
1472 4879 1485 4902 ,
1514 4847 1571 4891 et
1598 4852 1711 4891 oui-

143 4950 153 4985 t
194 4932 590 4989 lacessentis
634 4935 1020 5003 procacitatem
1046 4974 1059 4996 ,
1090 4924 1532 4986 testimoniorum
1568 4931 1714 4985 nube

148 5043 265 5093 re;
302 5042 543 5082 verum
570 5027 753 5082 adhuc
780 5040 954 5099 pauca
984 5025 1373 5100 subjiciam,nt
1404 5022 1488 5080 bis
1516 5020 1714 5079 similia

168 5119 303 5175 sibi
346 5119 567 5174 lector
598 5119 871 5175 inveniat.

184 5215 533 5287 Loquitur
565 5215 622 5269 in
652 5214 854 5271 Genesi
881 5230 1066 5269 sermo
1093 5214 1309 5271 divinus
1336 5233 1349 5269 :
1386 5214 1453 5269 Et
1483 5214 1717 5270 tradide-

155 5310 377 5363 Jacob
406 5309 565 5364 deas
598 5308 828 5379 alienos,
858 5309 950 5380 qui
976 5318 1123 5364 erant
1153 5309 1204 5363 in
1234 5309 1472 5364 manibus
1503 5326 1709 5378 eorum,

145 5475 448 5541 lstltzrc,
482 5474 675 5529 omnia
703 5474 838 5528 enim
857 5474 950 5527 sub
970 5470 1184 5546 pedibus
1206 5475 1315 5543 ejus
1343 5470 1583 5543 subjecit,
1616 5466 1719 5528 Ve-

144 5548 298 5602 nsis
334 5562 480 5603 non
524 5546 721 5602 habet.

146 5620 592 5675 Veronensis
640 5618 813 5673 multo
848 5616 1028 5679 aliter,
1078 5614 1385 5684 Priusquam
1422 5613 1717 5684 innumera-

148 5709 368 5760 super
410 5690 542 5745 hoc
574 5688 817 5761 exempla
846 5704 1158 5760 congeram,
1217 5680 1263 5761 et
1319 5700 1520 5761 omnem
1550 5680 1715 5761 laces-

144 5784 147 5809 :
193 5754 690 5834 procacitatem,
730 5754 1150 5818 testimoniorum
1174 5757 1304 5813 nube
1334 5754 1513 5822 celem,
1545 5756 1716 5814 adhuc

144 5854 159 5885 ι
201 5836 605 5906 subjiciam.

144 5894 356 5962 lderri'
383 5906 799 5977 Veronensis,
829 5908 1099 5964 abscondit
1112 5920 1216 5961 eas.
1243 5894 1517 5977 Erasmus
1535 5918 1618 5959 eos
1644 5903 1721 5959 leo

150 6022 166 6047 ,
206 5979 593 6045 Victorius
618 5998 680 6039 ea
702 5990 939 6054 utroque
959 5980 1012 6039 in
1038 5981 1162 6037 loco
1189 6000 1203 6035 :
1228 5976 1419 6035 Graece
1450 5976 1616 6035 etiam
1636 5984 1723 6033 est

1822 4849 2005 4919 gelum
2058 4848 2271 4901 Domini
2301 4847 2517 4899 venisse
2548 4844 2615 4897 de
2643 4845 2830 4903 oculis.
2860 4854 2914 4899 et
2943 4845 3154 4899 dixisse
3192 4843 3256 4898 ad
3287 4858 3422 4898 ens:

1825 4938 2004 4993 Nolite
2024 4940 2239 5003 timere;
2270 4952 2382 4990 ecce
2405 4936 2695 5007 evangelizo
2718 4937 2857 4988 vobis
2881 4936 3126 5008 gaudium
3157 4950 3422 5005 magnum,

1820 5032 1959 5103 quod
1985 5032 2079 5087 erit
2104 5032 2245 5085 omni
2272 5029 2489 5103 populo,
2513 5030 2634 5095 quia
2664 5041 2819 5083 natus
2850 5041 2921 5084 est
2954 5030 3094 5083 nobis
3121 5028 3275 5083 hodie
3300 5028 3423 5083 Sal-

1819 5134 1984 5191 vator,
2012 5125 2195 5195 quiest
2219 5122 2456 5179 Christus
2481 5121 2733 5178 Dominus
2765 5126 2816 5177 in
2840 5126 3044 5179 civitate
3075 5121 3245 5177 David
3269 5121 3426 5192 (Luc.

1819 5238 1879 5286 tt,
1904 5222 1987 5283 l0,
2010 5232 2061 5275 et
2092 5222 2260 5293 seq);
2284 5231 2337 5275 et
2366 5235 2487 5275 cum
2520 5235 2589 5274 eo
2616 5218 2805 5274 laudes
2836 5221 3047 5275 militiae
3080 5216 3427 5273 concinuisse

1821 5314 2092 5370 ccelcstis:
2122 5312 2304 5369 Gloria
2336 5313 2387 5367 in
2417 5312 2629 5367 excelsis
2664 5310 2799 5380 Deo,
2836 5325 2880 5367 et
2905 5329 3063 5382 super
3102 5322 3291 5365 terram
3325 5322 3427 5375 pax

1829 5497 1977 5531 αντα.

1900 5546 1925 5583 ἀ
1968 5546 2337 5602 Tertulliauns
2384 5544 2522 5598 libro
2562 5542 2629 5597 de
2677 5542 2837 5597 Cultu
2879 5539 3227 5593 feminarum.
3265 5552 3313 5590 c.
3345 5535 3422 5590 εἷς

1831 5614 1996 5672 Omne
2030 5620 2424 5673 instrumentum
2453 5613 2696 5669 Judaicw
2739 5612 3045 5666 litteratum
3080 5625 3169 5678 per
3202 5605 3426 5661 Esilram

1826 5701 2027 5745 constat
2067 5700 2435 5743 restauratum.
2479 5684 2535 5739 lu
2580 5701 2739 5753 quam
2793 5692 3129 5737 sententiam
3180 5680 3365 5749 plures
3394 5697 3424 5736 e

1825 5762 2033 5817 Graecis
2061 5762 2377 5830 Latinisque
2422 5758 2682 5830 Patri-bus
2710 5755 2990 5830 abierunt:

1902 5843 1924 5869 ο
1952 5831 2119 5889 Vetus
2147 5821 2339 5897 editio,
2366 5831 2418 5883 in
2440 5845 2541 5900 quo
2556 5827 2826 5887 ha’sitabat
2856 5823 3133 5901 intelligat.
3162 5821 3425 5899 Iittclliget

1829 5921 1889 5960 ea
1916 5905 1980 5960 de
2010 5906 2214 5975 quibus,
2244 5913 2352 5959 etc.
