4068 6346
480 42 863 61 σ-ἇ--ι-ι--ο

473 408 577 465 191

1738 400 1798 459 8.
1839 397 2119 460 EUSEBll
2155 398 2544 458 HIEBONYMI

3686 394 3797 454 192

475 523 769 579 hominibus
814 521 962 577 bona:
1005 520 1289 577 voluntatis
1317 536 1337 575 :
1376 519 1468 592 qui
1514 519 1832 577 Simeonem
1874 519 2080 590 justum
2106 522 2161 581 Α
2186 519 2319 575 titus
2340 519 2433 574 sit.
2461 516 2571 574 Sed
2591 518 2753 585 absit,
2795 527 2855 574 ut
2884 518 2989 575 hoc
3009 518 3077 575 de
3097 526 3272 574 matre
3301 514 3601 574 Salvatoris
3622 524 3679 573 et
3704 517 3792 573 vi-

477 618 623 673 inter
651 616 938 688 amplexus
970 616 1179 688 parvuli
1206 615 1418 671 viderat
1458 615 1880 687 praedicantem,
1915 614 2079 669 Nunc

477 708 699 764 dimittis
753 725 956 764 servum
1000 722 1174 772 tuum,
1218 705 1475 773 Domine,
1533 708 1816 762 secundum
1868 708 2080 762 verbum

476 810 629 855 tuum
657 802 711 855 in
755 818 884 871 pace
904 818 925 856 :
951 801 1075 873 quia
1102 800 1343 857 viderunt
1372 800 1509 854 oculi
1537 801 1641 854 mei
1668 801 1897 856 salutare
1939 810 2083 854 tuum

474 892 672 967 (Ibid.,
702 894 796 965 ’27)
826 912 839 946 :
869 894 963 963 qui
994 895 1205 949 Annam
1239 894 1672 963 prOphetissam,
1698 893 1914 963 Magos,
1943 894 2081 949 stel-

474 987 583 1042 lam
605 1028 620 1053 ,
656 986 955 1053 Herodem,
989 986 1229 1057 Angelos
1252 986 1621 1056 viderat;qui,
1652 986 1893 1057 inquam,
1918 986 2085 1041 mira-

476 1084 599 1137 cula
634 1091 780 1137 tanta
808 1087 1169 1152 Cognoverat,
1200 1080 1299 1134 Dei
1331 1081 1617 1149 templum,
1643 1080 1887 1150 Spiritus
1908 1079 2084 1135 Sancti

484 1176 709 1242 sedem,
746 1175 958 1229 Domini
1000 1176 1083 1229 sui
1127 1181 1359 1229 matrem
1401 1174 1636 1229 audebat
1673 1173 1980 1244 attingere?
2020 1173 2087 1227 Et

478 1280 632 1325 certe
674 1268 847 1324 Maria
876 1268 1213 1324 conservabat
1244 1268 1418 1320 onmia
1458 1266 1611 1321 verba
1638 1266 1781 1333 lucc,
1811 1269 2086 1337 conferens

476 1363 532 1418 in
558 1364 716 1418 corde
751 1380 848 1418 suo
882 1361 1074 1434 (Ibid.,
1104 1362 1221 1433 51).
1266 1365 1342 1416 Ac
1373 1376 1441 1417 ne
1469 1360 1816 1432 impudenter
1839 1359 1947 1431 [AL
1981 1360 2086 1414 im-

478 1456 803 1530 prudenter]
834 1472 1003 1527 neges
1026 1498 1041 1522 ,
1078 1457 1182 1511 ista
1221 1456 1508 1526 ignorasse
1534 1454 1739 1526 Josepb
1762 1472 1775 1509 :
1801 1452 1870 1508 Et
1902 1458 2085 1521 erant),

478 1556 654 1625 inquit
686 1555 894 1617 Lucas,
927 1562 1074 1624 pater
1096 1552 1272 1620 illius,
1305 1564 1352 1607 et
1375 1561 1542 1605 mater
1574 1552 1893 1606 admirantes
1930 1567 2087 1619 super

478 1650 561 1703 his
583 1690 599 1716 ,
628 1662 744 1719 qua:
774 1646 1079 1701 dicebantur
1108 1646 1174 1701 de
1198 1661 1278 1699 eo.
1311 1645 1463 1700 Licet
1496 1655 1553 1699 tu
1580 1644 1717 1699 mira
1748 1642 2087 1714 impudentia

480 1741 600 1796 haec
650 1742 703 1795 in
751 1738 1315 1795 Grmcisﬂcodicibus
1364 1737 1559 1793 lalsata
1600 1736 1935 1803 contendas,
1967 1752 2088 1805 qum.

483 1853 591 1893 non
624 1837 801 1891 solum
849 1850 1042 1891 omnes
1086 1849 1224 1905 pene
1250 1832 1479 1890 Griecize
1509 1833 1859 1888 Tractatores
1891 1832 1943 1886 in
1974 1832 2088 1887 suis

2184 612 2415 684 rojusto
2462 613 2535 668 sit
2563 613 2964 668 aestimandum.
3007 610 3162 667 Nulla
3195 610 3268 666 ibi
3295 611 3557 667 obstetrix
3592 626 3606 666 :
3640 610 3794 667 nulla

2184 706 2631 762 muliercularum
2663 707 2928 761 sedulitas
2971 705 3303 760 intercessit.
3336 704 3456 774 Ipsa
3479 705 3675 775 pannis
3706 705 3795 760 in-

2190 802 2358 855 volvit
2382 800 2669 867 infantem,
2695 802 2810 871 ipsa
2843 808 2899 855 et
2931 811 3106 855 mater
3130 808 3185 855 et
3214 800 3479 855 obstetrix
3534 798 3660 855 fuit.
3719 797 3789 855 Et

2186 894 2457 949 collocarit
2486 910 2623 959 eum,
2677 894 2876 962 inquit,
2910 893 2963 947 in
2986 893 3261 965 prtesepio,
3292 894 3416 962 quia
3448 908 3552 947 non
3589 901 3703 948 erat
3742 893 3792 946 ei

2186 988 2329 1043 locus
2372 989 2428 1041 in
2482 989 2767 1042 diversorio
2795 987 2951 1059 (Luc.
3011 1003 3067 1055 tt,
3125 988 3203 1057 7).
3237 987 3369 1056 Quae
3414 988 3686 1042 sententia
3734 995 3795 1043 et

2186 1079 2213 1119 ἀ
2237 1081 2675 1153 apocrypborum
2708 1081 3067 1137 deliramenta
3104 1080 3400 1145 convincit,
3447 1079 3576 1135 dum
3616 1078 3793 1136 Maria

2186 1174 2300 1245 ipsa
2324 1176 2520 1244 pannis
2544 1174 2775 1229 involvit
2805 1174 3097 1240 infantem;
3122 1173 3419 1229 etllelvidii
3442 1172 3651 1243 expleri
3679 1188 3793 1230 non

2186 1268 2389 1338 patitur
2418 1267 2775 1338 voluptatem,
2800 1267 2927 1323 dum
2961 1268 3013 1323 in
3046 1267 3351 1323 diversorio
3381 1267 3535 1323 locus
3566 1281 3673 1324 non
3689 1266 3795 1324 fuit

2188 1362 2523 1431 nuptiarum.

2259 1455 2314 1510 9.
2359 1452 2655 1511 Helvidius.
2684 1487 2755 1496 —
2786 1456 2988 1513 Verum
3013 1458 3138 1528 quia
3167 1458 3279 1526 jam
3310 1458 3445 1513 satis
3468 1457 3794 1530 abundeque

2188 1550 2570 1620 respondimus
2601 1552 2667 1606 ad
2699 1551 2750 1606 id
2776 1552 2920 1622 quod
2951 1560 3333 1623 proposuerat,
3359 1553 3645 1623 Antequam
3671 1571 3795 1609 con—

2188 1644 2438 1709 venirent,
2464 1654 2517 1698 ct
2538 1641 2660 1699 Non
2688 1645 2925 1717 cognovit
2944 1662 3079 1712 eam,
3105 1644 3269 1700 donec
3291 1648 3488 1718 peperit
3512 1646 3703 1716 lilium,
3726 1647 3796 1703 ad

2188 1736 2406 1790 tertiam
2438 1736 2761 1791 veniendum
2780 1746 2863 1793 est
2889 1739 3274 1808 quaestionem,
3300 1738 3523 1808 utjuxta
3551 1738 3801 1810 disputa-

2191 1830 2355 1885 tionis
2379 1830 2498 1900 ejus
2518 1830 2794 1896 ordinem,
2829 1833 2995 1886 etiam
3022 1842 3223 1886 nostra:
3249 1832 3624 1902 responsionis
3655 1833 3797 1889 ordo

484 1932 854 1987 voluminibus
874 1931 1248 2002 reliquerunt;
1273 1929 1371 1983 sed
1401 1928 1651 1984 nonnulli
1678 1943 1899 2000 quoque
1925 1944 1956 1984 e
1980 1928 2084 1983 La-
2117 1917 2165 1976 B
2194 1924 2473 1993 procedat.
2500 1923 2630 1980 Vult
2656 1925 2801 1979 enim
2825 1924 2962 1979 alios
2988 1940 3206 1995 quoque
3229 1923 3373 1979 ﬁlios
3400 1924 3623 1981 Mariam
3673 1941 3805 1998 pro—

481 2023 630 2089 tinis,
660 2023 733 2077 ita
766 2030 822 2077 ut
874 2022 925 2077 in
954 2020 1165 2077 Graecis
1187 2019 1215 2058 δ
1238 2021 1487 2085 habetur,
1520 2020 1943 2089 assumpserint.
1975 2019 2086 2075 Nec

482 2130 709 2172 necesse
751 2123 836 2171 est
865 2130 1010 2170 nunc
1050 2114 1119 2169 de
1151 2114 1618 2185 exemplariorum
1647 2113 1918 2170 varietate
1946 2122 2087 2170 trac-

480 2218 601 2264 tare
622 2251 637 2275 ,
670 2223 793 2263 eum
825 2223 989 2263 omne
1020 2215 1076 2261 et
1115 2206 1319 2261 veteris
1360 2214 1416 2260 et
1466 2219 1622 2259 novae
1654 2204 1957 2275 Scriptura:
2001 2206 2086 2260 in-

483 2312 847 2359 strumentum
890 2303 943 2359 in
992 2301 1247 2357 Latinum
1279 2314 1591 2356 sermonem
1624 2299 1822 2355 exinde
1851 2300 2089 2356 transla-

488 2408 601 2454 tum
635 2398 727 2465 sit,
760 2407 815 2453 et
847 2398 1019 2452 multo
1049 2398 1235 2467 purior
1262 2408 1486 2451 manare
1514 2393 1788 2452 credenda
1818 2393 1890 2449 sit
1916 2392 2088 2451 fontis

488 2490 654 2553 unda,
690 2505 850 2559 quam
880 2489 1005 2545 rivi.

556 2582 610 2636 7.
648 2580 948 2636 Helvidius.
981 2611 1052 2623 —
1078 2600 1097 2634 ι
1134 2579 1286 2648 Haec,
1320 2581 1421 2643 ais,
1454 2579 1597 2650 apud
1628 2596 1715 2637 me
1736 2597 1893 2652 nugas
1938 2588 2086 2636 sunt.

485 2687 543 2733 et
570 2675 1075 2748 argumentationes
1129 2674 1542 2743 superfluae,et
1567 2674 1866 2745 disputatio
1916 2673 2089 2743 magis

487 2770 728 2835 curiosa,
759 2786 921 2840 quam
954 2784 1106 2825 vera.
1134 2766 1409 2839 Numquid
1454 2782 1559 2820 non
1602 2768 1779 2837 potuit
1808 2766 2087 2837 Scriptura

495 2862 679 2915 dicere
713 2879 725 2914 :
750 2859 819 2914 Et
847 2862 1043 2930 accepit
1066 2876 1280 2914 uxorem.
1301 2876 1470 2919 suam.
1520 2868 1567 2911 et
1606 2874 1709 2912 non
1735 2858 1833 2929 fuit
1862 2859 2090 2928 amplius

493 2969 656 3007 ausus
702 2954 998 3025 contingere
1032 2970 1147 3007 eam
1195 2952 1351 3023 (Gen.
1398 2968 1624 3018 xxxvm,
1672 2951 1773 3023 26)
1805 2968 1818 3005 :
1850 2952 1993 3007 sicut
2022 2952 2091 3008 de

490 3044 733 3099 Thamar
761 3044 896 3099 dixit
918 3055 972 3099 et
998 3043 1171 3099 Juda?
1201 3049 1309 3100 Aut
1338 3042 1898 3100 defuernntMattlueo
1927 3045 2091 3098 verba

491 3138 692 3211 quibus
718 3137 769 3192 id
796 3139 939 3209 quod
969 3140 1198 3211 intelligi
1241 3139 1480 3205 volebat,
1511 3147 1694 3208 posset
1735 3136 1922 3193 effari?
1970 3135 2091 3191 Non

491 3232 750 3302 cognovit,
785 3230 981 3299 inquit,
1032 3249 1144 3285 eam
1197 3232 1359 3287 donec
1389 3232 1587 3303 peperit
1613 3230 1783 3301 ﬁlium
1808 3229 2021 3302 (Matth.
2052 3246 2090 3297 ι,

2190 2030 2448 2082 creasse;
2480 2027 2536 2073 et
2558 2032 2623 2073 ex
2652 2033 2719 2073 eo
2740 2018 2885 2089 quod
2908 2017 3172 2088 scriptum
3208 2026 3292 2073 est
3322 2036 3336 2072 :
3363 2019 3607 2075 Ascendit
3632 2031 3805 2077 autem

2189 2109 2388 2180 Joseph
2429 2111 2480 2164 in
2511 2111 2767 2164 civitatem
2791 2109 2984 2176 David,
3010 2111 3421 2182 utproﬁteretur
3461 2128 3577 2166 cum
3625 2111 3807 2168 Maria

2192 2220 2356 2259 uxore
2385 2221 2479 2258 sua
2510 2213 2831 2276 pra'gnante.
2866 2202 3093 2258 Factum
3140 2215 3215 2257 est
3255 2214 3429 2259 autem
3475 2221 3591 2259 cum
3621 2205 3694 2260 ibi
3726 2224 3807 2261 es-

2189 2308 2321 2364 sent,
2372 2296 2568 2369 impleii
2620 2307 2739 2352 sunt
2793 2299 2922 2363 dies,
2970 2307 3025 2350 ut
3054 2306 3279 2369 pareret,
3312 2306 3360 2351 et
3406 2299 3601 2369 peperit
3630 2296 3805 2364 ﬁlium

2192 2410 2341 2448 suum
2363 2394 2759 2465 primogenitum
2785 2391 2939 2464 (Luc.
2964 2407 3025 2459 tt,
3058 2392 3091 2445 4
3124 2402 3170 2445 ει
3192 2407 3332 2459 seqq.
3362 2389 3383 2462 )
3419 2409 3431 2444 :
3464 2391 3659 2446 nititur
3708 2406 3808 2462 ap-

2194 2486 2425 2555 probare
2445 2485 2843 2556 primogenitum
2873 2498 2980 2538 non
3015 2498 3176 2554 posse
3199 2481 3337 2548 dici,
3367 2482 3471 2537 nisi
3526 2496 3648 2537 eum
3703 2482 3803 2547 qui

2195 2578 2393 2633 habeat
2418 2585 2476 2633 et
2499 2577 2701 2632 fratres
2734 2594 2747 2631 :
2781 2578 2923 2631 sicut
2971 2575 3287 2646 unigenitus
3320 2574 3414 2630 ille
3443 2582 3687 2642 vocatur,
3707 2576 3805 2647 qui

2194 2671 2513 2743 parentibus
2536 2672 2688 2726 solus
2716 2670 2788 2725 sit
2810 2671 2969 2725 illius.

2270 2766 2359 2819 lo.
2402 2763 2771 2834 Hieronymus.
2793 2762 2989 2818 —Nos
3018 2771 3197 2818 autem
3221 2762 3293 2817 ita
3316 2761 3605 2817 deﬁnimus
3631 2779 3644 2815 :
3671 2760 3803 2818 0m-

2197 2861 2282 2915 nis
2316 2858 2627 2929 unigenitus
2656 2866 2739 2913 est
2764 2857 3162 2928 primogenitus
3193 2875 3207 2911 :
3233 2870 3340 2911 non
3386 2856 3565 2911 omnis
3592 2854 3801 2926 primo-

2195 2956 2414 3024 genitus
2446 2960 2528 3007 est
2557 2951 2885 3022 unigenitus.
2904 2950 3305 3021 Primogenilus
3329 2959 3437 3014 est,
3458 2965 3567 3005 non
3590 2958 3801 3005 tantum

2196 3057 2321 3118 post
2346 3064 2507 3118 quem
2531 3058 2585 3102 et
2613 3048 2703 3101 alii
2732 3048 2857 3103 :sed
2884 3058 3012 3103 ante
3027 3063 3187 3119 quem
3206 3048 3407 3103 nullus.
3435 3046 3801 3120 0mne,215

2199 3143 2377 3214 inquit
2449 3143 2717 3198 Dominus
2771 3143 2839 3199 ad
2897 3146 3103 3210 Aaron,
3161 3143 3298 3215 quod
3352 3145 3523 3214 aperit
3571 3142 3798 3211 vulvam,

2198 3234 2260 3288 ab
2288 3235 2431 3288 omni
2456 3251 2611 3289 carne
2638 3252 2753 3307 qua:
2786 3236 3009 3307 offertur
3034 3234 3284 3301 Domino,
3308 3236 3373 3290 ab
3402 3236 3608 3290 homine
3641 3252 3804 3307 usque

492 3325 614 3395 25).
647 3324 775 3380 Post
818 3333 1030 3395 partum
1065 3340 1196 3395 ergo
1241 3324 1516 3396 cognovit,
1543 3325 1697 3396 cujus
1721 3323 2095 3394 cognitionem
2125 3314 2170 3379 C
2204 3330 2273 3383 ad
2327 3346 2506 3401 pecus,
2542 3330 2632 3383 tibi
2678 3339 2874 3384 erunt:
2906 3331 3262 3385 tantummodo
3315 3331 3495 3401 pretiis
3546 3330 3805 3384 redimat

493 3419 559 3473 ad
588 3428 799 3489 partum
828 3431 996 3487 usque
1016 3416 1322 3472 distulerat.
1352 3437 1370 3469 ι

563 3512 615 3567 8.
661 3509 1213 3580 Hieronymus.-——Si
1268 3519 1375 3563 tam
1423 3510 1798 3565 contentiosus
1852 3524 1934 3572 es.
1981 3509 2093 3577 jam

497 3622 641 3661 nunc
671 3616 760 3660 tua
784 3614 967 3660 mente
997 3604 1371 3675 superaberis.
1405 3602 1543 3658 Nolo
1569 3603 1702 3659 mihi
1726 3602 2097 3674 aliquodinlcr

494 3711 706 3773 partum
733 3712 789 3757 et
818 3703 1020 3757 coitum
1051 3712 1264 3772 tempus
1298 3702 1621 3757 interseras.
1656 3700 1822 3773 214,
1847 3700 1986 3756 Nolo
2014 3701 2097 3754 di-

495 3810 588 3850 cas
614 3813 626 3849 :
655 3795 844 3851 Mulier
866 3812 1199 3867 quaecumque
1227 3796 1458 3867 concepit
1486 3803 1534 3848 et
1559 3796 1757 3867 peperit
1781 3792 2091 3858 masculum,

494 3888 764 3941 immunda
793 3890 888 3942 erit
919 3898 1109 3961 septem
1132 3888 1332 3954 diebus,
1361 3889 1641 3943 secundum
1670 3888 1778 3942 dies
1795 3889 2097 3943 secessionis

490 3989 538 4034 et
568 3982 890 4051 purgationis
919 3998 1027 4036 sua?
1052 3982 1375 4037 immundata
1402 3983 1495 4037 erit
1524 3998 1542 4036 :
1568 3983 1619 4035 et
1663 3991 1843 4037 octavo
1873 3981 1957 4035 die
1997 3982 2096 4035 cir-

492 4075 749 4128 cumcidet
779 4092 985 4129 carnem
1013 4076 1255 4147 pra’putii
1278 4079 1413 4144 eius,
1441 4085 1488 4127 et
1503 4075 1714 4147 triginta
1734 4074 1896 4129 tribus
1919 4073 2097 4127 diebus

492 4166 689 4222 sedebit
710 4168 763 4222 in
789 4170 1044 4241 sanguine
1061 4186 1213 4241 puro,
1234 4179 1283 4221 et
1304 4186 1455 4222 omne
1481 4178 1715 4222 sanctum
1759 4185 1860 4222 non
1892 4177 2092 4239 tanget,

490 4271 545 4314 et
567 4261 773 4331 reliqua
807 4261 995 4330 (Levit.
1032 4276 1129 4323 xu,
1162 4259 1216 4328 2,
1248 4260 1328 4332 5).
1365 4260 1565 4316 Statim
1589 4276 1708 4316 eam
1746 4260 1969 4315 invadat
1997 4260 2096 4315 Jo-

492 4352 629 4422 seph
660 4371 675 4409 :
706 4354 888 4409 statim
923 4354 1105 4410 audiat
1132 4370 1226 4425 per
1246 4353 1542 4409 Jeremiam
1576 4371 1588 4408 :
1618 4353 1757 4424 Equi
1784 4356 2099 4409 insanientes

489 4448 543 4501 in
590 4450 809 4508 feminas
867 4447 996 4518 [acti
1045 4459 1165 4502 sunt
1192 4448 1361 4514 mihi,
1405 4450 1754 4519 unusquisque
1794 4449 1863 4502 ad
1887 4464 2099 4501 uxorem

490 4542 713 4612 proximi
736 4544 819 4595 sui
848 4542 1112 4597 hinniebat
1135 4541 1352 4612 (Jerem.
1392 4557 1443 4607 v,
1469 4541 1549 4612 8).
1583 4540 1799 4611 Alioqui
1826 4539 2100 4612 quomodo

490 4644 638 4688 stare
669 4634 889 4703 poterit,
920 4635 1043 4690 Non
1074 4637 1308 4707 cognovit
1336 4635 1647 4700 eam,donec
1679 4636 1876 4707 peperit
1902 4633 2097 4704 ﬁlium:

2202 3424 2545 3495 primogenita
2566 3422 2854 3490 hominum,
2898 3434 2945 3476 et
2985 3423 3327 3495 primogenita
3359 3432 3381 3459 θ
3414 3439 3655 3494 pecorum
3703 3425 3805 3476 im-

2199 3515 2515 3569 mundorum
2540 3515 2739 3589 (Exod.
2776 3532 2958 3578 xxxxv.
2993 3518 3084 3583 19,
3114 3517 3206 3582 9.0,
3236 3527 3283 3571 et
3312 3515 3478 3570 Num.
3499 3532 3653 3576 xvttt.
3681 3517 3802 3588 15).

2201 3611 2457 3667 Delinivit
2482 3627 2664 3667 sermo
2694 3612 2815 3677 Dei,
2847 3610 2977 3682 quid
3009 3613 3080 3667 sit
3109 3611 3550 3682 primogenitum,
3614 3610 3802 3678 Omne,

2204 3710 2399 3780 inquit,
2422 3708 2559 3778 quod
2588 3709 2754 3780 aperit
2780 3708 3009 3762 vulvam.
3045 3707 3266 3779 Alioqui
3297 3706 3344 3762 si
3370 3717 3574 3763 nonest
3600 3708 3805 3777 primo-

2202 3803 2421 3873 genitus
2448 3843 2463 3867 ,
2525 3801 2629 3856 nisi
2658 3801 2704 3856 is
2738 3810 2967 3867 tantum,
3024 3816 3184 3870 quem
3238 3810 3541 3871 sequuntur
3580 3800 3805 3866 fratres,

2203 3895 2407 3949 tamdiu
2426 3892 2803 3949 sacerdotibus
2822 3892 3187 3964 primogenita
3212 3909 3319 3947 non
3334 3892 3602 3948 debentur
3620 3909 3807 3965 quam-

2200 3986 2293 4041 diu
2322 3996 2374 4040 et
2395 3986 2496 4040 alia
2532 3985 2736 4040 fuerint
2790 3996 3111 4055 procreata;
3146 4002 3213 4041 ne
3238 3985 3377 4040 forte
3410 3996 3567 4055 partu
3611 3994 3805 4058 postea

2203 4094 2309 4133 non
2340 4089 2627 4149 sequente,
2660 4079 2974 4150 unigenitus
3006 4078 3101 4144 sit,
3149 4088 3204 4134 et
3236 4095 3342 4135 non
3387 4081 3803 4151 primogenitus.

2203 4172 2532 4244 Redemptio.
2570 4172 2766 4242 inquit,
2809 4176 2923 4244 ejus
2944 4174 3043 4227 erit
3070 4173 3133 4226 ab
3162 4190 3265 4227 uno
3305 4190 3497 4238 mense,
3528 4176 3805 4228 wstimatio

2198 4264 2423 4333 quinque
2451 4260 2750 4316 fsiclorum.
2770 4262 2966 4327 Siclus,
2984 4266 3263 4319 secundum
3284 4264 3470 4319 siclum
3492 4268 3799 4337 sanctuarii,

2203 4355 2383 4427 viginti
2405 4354 2541 4407 oboli
2570 4365 2709 4409 sunt.
2738 4354 3118 4411 Tantummodo
3133 4358 3478 4429 primogenita
3499 4358 3802 4427 vitulorum,

2204 4456 2253 4502 et
2293 4446 2637 4518 primOgenita
2666 4448 2859 4512 ovium,
2892 4457 2942 4501 et
2973 4449 3318 4520 primogenita
3366 4462 3643 4516 caprarum
3696 4464 3805 4504 non

2202 4541 2443 4607 redimes,
2471 4542 2592 4606 quia
2613 4550 2791 4596 sancta
2819 4551 2936 4595 sunt
2961 4539 3153 4610 (Num.
3184 4558 3340 4607 xvm,
3388 4541 3475 4604 16.
3500 4539 3613 4613 17).
3648 4539 3808 4611 Cogit

2206 4649 2293 4689 me
2336 4649 2518 4691 sermo
2562 4635 2676 4699 Dei,
2730 4646 2786 4690 ut
2816 4649 2978 4689 omne
3005 4635 3147 4704 quod
3188 4636 3365 4705 aperit
3390 4636 3627 4701 vulvam,
3659 4636 3702 4690 si
3735 4634 3806 4692 de

491 4725 538 4779 si
568 4733 691 4795 post
722 4727 1063 4795 purgationis
1092 4738 1308 4798 tempus
1330 4736 1621 4798 exspectat
1652 4746 1665 4781 :
1693 4729 1738 4781 si
1764 4726 2096 4798 quadragin-
2125 4716 2179 4778 D
2202 4728 2422 4785 mundis
2440 4729 2764 4786 animalibus
2793 4730 2880 4794 sit,
2907 4729 3015 4784 Deo
3041 4744 3289 4795 voveam;
3312 4731 3356 4785 si
3384 4730 3452 4785 de
3484 4729 3804 4797 immundis,

493 4831 542 4873 ta
570 4836 783 4874 rursum
813 4821 1007 4877 diebus
1030 4832 1182 4879 tanto
1211 4832 1454 4895 tempore
1494 4821 1659 4878 dilata
1695 4822 1864 4877 libido
1908 4821 2093 4877 dider-

489 4913 622 4969 tur?
648 4912 931 4970 Polluatur
980 4931 1178 4971 cruore
1211 4928 1232 4955 ο
1263 4931 1532 4987 puerpera
1564 4933 1578 4970 :
1609 4916 1937 4971 obstetrices
1974 4929 2097 4969 sus-

499 5007 703 5079 cipiant
726 5011 1008 5079 parvulum
1048 5009 1356 5080 vagientem
1393 5029 1404 5064 :
1436 5011 1665 5065 maritus
1695 5010 1894 5066 lassam
1917 5017 2102 5064 teneat

493 5115 744 5156 uxorem.
775 5104 865 5156 Sic
895 5102 1161 5173 incipiant
1206 5106 1432 5174 nuptim,
1463 5120 1531 5159 ne
1564 5105 1919 5176 Evangelista
1956 5120 2103 5162 men-

566 5323 589 5351 α
634 5310 844 5369 Saltem
874 5308 1031 5375 illud,
1056 5318 1199 5380 pater
1222 5308 1388 5371 illius,
1415 5308 1468 5380 in
1493 5308 1700 5380 Griecis
1727 5311 1925 5366 mss.si
1951 5312 2089 5367 Can-

492 5386 888 5450 tabrigensem,
920 5378 1084 5451 atque
1114 5395 1282 5434 unum
1318 5396 1387 5453 ex
1414 5378 1768 5453 S_t_ephanicis
1799 5384 2045 5450 excipias
2071 5429 2087 5453 ,

491 5475 599 5512 non
643 5457 904 5519 habetur;
968 5449 1056 5509 est
1114 5462 1297 5506 autem
1341 5451 1394 5506 in
1445 5449 1673 5521 Vulgata
1729 5449 1987 5507 versione
2036 5449 2091 5508 et

491 5529 737 5584 Contica.

564 5545 765 5655 ita;
807 5597 1074 5654 mendose
1113 5595 1352 5667 plurium
1388 5607 1616 5647 numero
1666 5592 1938 5667 habentur.
1972 5592 2095 5648 Mox

493 5669 832 5725 Veronensis
860 5671 1005 5725 liber
1035 5669 1100 5724 de
1116 5665 1567 5734 exemplariorum
1598 5666 1843 5718 varietate
1888 5673 2098 5717 conten-

498 5741 643 5800 dere.
678 5756 778 5808 pro
810 5752 1057 5796 tractare.

574 5821 596 5849 ε
625 5806 786 5883 idem
821 5812 1175 5877 Veronensis,
1200 5810 1448 5867 obstetrix.
1482 5806 1758 5883 parvulum
1790 5806 2094 5879 vagientem,

502 5876 719 5947 {naritus
750 5876 1367 5947 laxamtmeatuxorema
1468 5876 1496 5947 ᾖ
1548 5943 1554 5947 ,
1852 5876 1877 5947 ί
2058 5942 2063 5947 .

575 5944 597 5987 ’λ
644 5945 720 6004 lle
747 5954 931 6003 autem
961 5960 1091 6003 Vera
1120 5946 1170 6004 lu
1200 5951 1429 6005 Decreto
1460 5937 1665 6007 ficibsil
1692 5942 1831 6006 lnior
1852 5940 2092 6015 Aponi:

2202 4821 2469 4876 redimam
2503 4821 2676 4877 :dans
2708 4822 2942 4892 pretium
2976 4822 3270 4878 sacerdoti.
3302 4823 3529 4879 Possum
3574 4838 3808 4894 respon-

2201 4915 2357 4980 dere,
2389 4927 2445 4971 et
2472 4917 2681 4976 dicere.
2704 4915 2840 4985 Quid
2862 4918 3018 4972 mein
3050 4917 3212 4973 unius
3239 4919 3444 4974 mensis
3472 4919 3697 4988 stringis
3714 4934 3802 4972 aro

2203 5007 2410 5063 ticulo?
2451 5008 2589 5077 Quid
2644 5009 3068 5080 primogenitum
3092 5025 3281 5075 vocas,
3312 5026 3471 5081 quem
3499 5026 3568 5065 an
3600 5011 3802 5068 fratres

2201 5112 2519 5174 sequantur,
2547 5102 2774 5174 ignoro?
2798 5102 3066 5173 Exspecta
3106 5103 3281 5160 donec
3311 5112 3571 5161 nascatur
3604 5119 3802 5161 secun-

2197 5310 2302 5378 pha
2352 5309 2600 5379 rejicitur
2651 5308 2948 5379 singularis
2994 5310 3123 5365 liber
3161 5310 3225 5365 de
3251 5311 3313 5366 S.
3346 5310 3523 5367 Maria
3554 5320 3600 5365 et
3626 5313 3805 5367 obste-

2198 5384 2343 5445 trice,
2378 5381 2538 5452 cujus
2579 5383 2742 5436 etiam
2783 5382 2990 5437 mentio
3036 5391 3120 5436 est
3169 5383 3220 5436 in
3282 5383 3449 5437 Proto
3505 5382 3809 5451 Evangelia

2196 5454 2385 5510 Jacobi
2410 5470 2461 5507 c.
2490 5454 2577 5509 l9.
2625 5453 2743 5508 Mox
2775 5468 2871 5522 pro
2912 5456 3227 5524 voluptatem
3266 5454 3605 5509 Veronensis
3640 5456 3803 5520 liber,

2198 5535 2254 5580 et
2312 5527 2567 5579 Erasmus
2609 5541 2827 5596 quoque
2882 5526 3231 5589 voluntatem;
3272 5525 3371 5580 sed
3416 5524 3676 5596 impressi
3708 5527 3810 5583 alii

2202 5596 2328 5651 libri
2361 5596 2677 5667 voluptatem
2711 5598 2935 5652 habent.

2276 5677 2300 5703 ε
2345 5667 2678 5723 Veronensis
2724 5670 2857 5735 lib.,
2909 5679 2958 5723 et
3012 5668 3355 5742 primoqenila
3395 5669 3806 5727 immundorum.

2213 5738 2434 5806 Absque
2462 5755 2722 5806 pecorum.

2283 5754 2325 5791 is
2367 5754 2434 5792 ue
2462 5755 2722 5806 pecorum.

2283 5754 2525 5874 f(idem,
2573 5812 2799 5881 quinque
2826 5807 2977 5874 sicli,
3018 5821 3073 5866 et
3113 5807 3395 5881 secundum
3424 5806 3612 5881 sidunt
3654 5826 3810 5881 sane:

2207 5888 2335 5997 fugi.
2364 5868 2552 5997 J’aulo
2586 5868 2762 5941 intra.
2804 5890 2860 5932 ut
2893 5868 3041 5935 omne
3082 5874 3428 5935 masculinum
3468 5870 3610 5947 quod
3638 5868 3809 5951 aperit

2228 5961 2255 5996 ’τ
2300 5956 2356 5997 t'll
2398 5960 2427 5995 t.‘

2228 5956 2427 5997 ‘tlft'llm;
