4062 6374
230 307 299 363 193
905 309 995 368 DE
1036 311 1404 371 PEBPETUA
1453 312 1897 373 VlRGlNl'I‘ATE
1928 315 1987 371 Β.
2034 316 2279 375 MARIE
2320 318 2546 377 LIBER.

3260 321 3363 381 196

128 414 129 427 ¹
223 422 304 477 dos.
325 421 429 479 Nihil
445 422 575 481 debeo
589 425 869 492 sacerdoti,
903 428 1002 484 nisi
1025 438 1078 484 et
1106 430 1198 487 ille
1222 431 1383 487 fuerit
1411 447 1665 501 procrea-
1690 440 1743 498 Α
1769 444 1869 488 tres
1896 439 2011 506 ejus
2032 436 2215 504 (Ioun.
2244 454 2314 503 ll,
2362 437 2475 508 12).
2509 438 2571 492 Et
2606 436 2677 492 ibi
2704 458 2719 492 ι
2744 436 3007 493 Dixerunt
3034 456 3154 512 ergo
3183 444 3367 512 fratres

221 527 293 581 tus,
335 534 405 587 per
446 535 563 590 quem
582 520 617 574 is
640 522 729 591 qui
760 530 886 577 ante
932 531 1090 578 natus
1111 531 1220 589 est,
1255 525 1479 594 incipiat
1533 542 1660 583 esse

216 612 513 684 primogenitos.
547 614 717 671 Nonne
767 615 899 671 mihi
944 616 1047 687 ipsi
1090 618 1272 689 apices
1327 622 1657 692 loquentur,

211 713 249 760 et
268 722 332 762 me
348 706 528 762 stultitia:
543 710 871 780 redarguerit,
897 726 1022 765 eum
1067 726 1192 767 esse
1223 713 1427 769 dictum
1455 716 1659 785 primo-

202 800 401 869 genitum,
425 800 494 871 qui
512 802 685 871 aperiat
710 802 945 867 vulvam,
980 819 1089 859 non
1118 805 1209 875 qui
1242 806 1437 863 habeat
1484 817 1541 863 et
1561 807 1663 862 fra-

199 894 320 949 tres?
360 894 543 966 Denique
562 896 817 968 interrogo
865 898 936 954 de
964 897 1197 965 Joanne,
1223 917 1386 971 quem
1442 912 1661 959 constat

193 1002 288 1043 esse
306 988 584 1060 unigenitum,
609 1007 669 1047 an
689 1000 741 1047 et
768 993 1167 1064 primogenitus
1191 993 1360 1050 fuerit
1380 995 1404 1048 ἲ
1431 994 1657 1051 Utrum—

188 1097 239 1137 ne
263 1091 304 1139 et
328 1083 420 1153 ipse
439 1085 687 1141 secundum
736 1086 961 1157 Legem,
993 1103 1091 1158 pro
1139 1097 1251 1144 toto
1276 1089 1325 1144 ei
1354 1088 1457 1160 legi
1500 1089 1662 1145 fuerit

182 1175 420 1230 obnoxius?
457 1177 630 1249 Ambigi
682 1194 789 1234 non
840 1188 1039 1249 potest.
1077 1182 1237 1236 Certe
1283 1181 1354 1236 de
1376 1181 1660 1239 Salvatore

179 1270 401 1342 Scriptura
419 1274 482 1328 sic
498 1274 709 1344 loquitur
734 1293 748 1329 :
775 1273 905 1330 Cum
926 1275 1115 1347 expleti
1142 1286 1308 1331 essent
1334 1277 1443 1331 dies
1466 1294 1657 1351 purga-

168 1366 293 1420 tionis
313 1382 473 1433 eorum,
493 1368 750 1421 secundum
772 1368 962 1440 Legem
985 1369 1179 1442 Moysi,
1232 1371 1493 1425 duxerunt
1541 1388 1655 1426 eum

161 1456 205 1509 in
240 1455 500 1523 Jerusalem,
520 1469 565 1511 ut
589 1458 831 1526 offerrent
882 1478 999 1514 eum
1053 1460 1279 1516 Domino
1308 1479 1326 1516 :
1355 1463 1485 1517 sicut
1515 1464 1650 1517 scri-

152 1560 273 1617 ptum
317 1560 376 1605 est
406 1552 449 1604 in
482 1551 596 1624 Lege
654 1552 866 1606 Domini
898 1570 917 1608 :
948 1554 1085 1621 Quia
1125 1571 1276 1609 onme
1312 1556 1655 1609 masculinum

144 1644 609 1716 adaperiensrulvam,
651 1658 887 1701 sanctum
937 1647 1159 1703 Domino
1188 1649 1470 1717 vocabitur,
1517 1661 1565 1706 et
1600 1661 1657 1706 ut

137 1738 299 1790 durent
322 1736 481 1792 hostias
501 1740 767 1795 secundum
785 1740 923 1811 quod
954 1742 1146 1795 dictum
1172 1752 1246 1795 est
1268 1744 1321 1795 in
1350 1740 1487 1815 Lege
1540 1744 1649 1799 Do—

1764 529 1876 596 ejus
1900 527 1969 578 ad
1996 543 2111 581 eum
2135 546 2154 581 .‘
2186 528 2369 583 Transi
2387 529 2540 593 hinc,
2573 539 2621 583 et
2649 529 2781 583 vade
2826 531 2881 583 in
2921 528 3185 595 Iudaeam,
3222 542 3277 585 ut
3318 541 3368 585 et

1763 620 2007 692 discipuli
2028 623 2105 675 tui
2131 622 2337 677 rideant
2363 640 2518 695 Opera
2546 634 2633 678 tua
2659 640 2775 695 quee
2804 625 2956 694 facis.
3010 624 3185 679 Nemo
3234 626 3366 680 enim

1762 713 1966 784 aliquid
1998 716 2050 767 in
2098 715 2300 770 occulto
2351 718 2569 787 faciem,
2604 719 2791 788 quierit
2815 718 2999 788 ipsein
3031 718 3207 790 palam
3238 736 3367 777 esse.

1763 808 1825 863 Si
1849 807 1956 863 lucc
1973 810 2123 879 facis,
2142 810 2416 880 manifesta
2432 813 2654 883 teipsum
2675 815 2867 867 mundo
2884 812 3066 885 (Ioan.
3095 829 3191 879 vit,
3221 814 3365 886 3,”.

1760 898 1973 955 Joanne
2003 901 2240 971 desuper
2266 902 2576 959 inferente:
2612 904 2796 975 Neque
2848 907 2984 959 enim
3038 910 3225 975 fratres
3252 910 3368 980 ejus

1761 1002 1883 1047 tunc
1906 992 2182 1047 credebant
2206 995 2260 1049 in
2287 1010 2403 1049 eum
2432 995 2596 1069 (Ibid.
2632 998 2710 1065 5).
2747 997 2877 1053 Item
2910 998 3120 1053 Marcus
3141 1008 3196 1053 et
3223 999 3364 1054 Mat-

1762 1084 1939 1139 thmus
1972 1103 1986 1139 :
2020 1084 2091 1139 Et
2115 1087 2324 1141 docebat
2350 1104 2437 1143 eos
2460 1091 2515 1143 in
2537 1107 2803 1164 synagoga
2862 1108 3039 1145 eorum
3085 1093 3138 1146 in
3181 1094 3353 1166 patria

1760 1194 1873 1245 sua,
1902 1180 1971 1232 ita
2000 1190 2055 1233 ut
2069 1191 2357 1250 stuperent,
2379 1193 2428 1236 et
2458 1183 2684 1237 dicereut
2710 1200 2728 1237 :
2763 1182 2911 1238 Unde
2926 1183 3047 1237 huic
3062 1186 3225 1239 omnis
3254 1183 3366 1241 hera

1760 1272 2016 1341 sapientia
2039 1283 2087 1327 et
2118 1274 2366 1329 rirtutes.’
2406 1276 2596 1330 Nonne
2624 1275 2707 1329 Itic
2724 1286 2796 1330 est
2817 1276 2949 1347 fabri
2978 1276 3162 1344 filius?
3189 1293 3357 1333 nonne

1760 1375 1926 1419 mater
1955 1369 2068 1437 ejus
2088 1367 2276 1419 dicitur
2309 1366 2568 1435 Maria,et
2594 1371 2782 1438 fratres
2798 1371 2910 1440 ejus
2938 1366 3167 1422 Iacobus
3196 1379 3244 1422 et
3269 1372 3365 1423 lo-

1760 1455 1908 1527 sepli,
1940 1466 1988 1509 et
2008 1457 2195 1511 Simon
2219 1468 2267 1512 et
2300 1455 2501 1526 Iudas,
2531 1471 2579 1514 et
2620 1476 2822 1517 sorores
2850 1466 2963 1533 ejus
3013 1478 3187 1516 omnes
3224 1463 3364 1533 apud

1759 1569 1851 1605 nos
1878 1561 1999 1605 sunt
2025 1551 2226 1623 (Marc.
2261 1569 2376 1617 sui,
2398 1552 2452 1617 5;
2479 1571 2531 1622 v,
2561 1554 2693 1625 24)?
2714 1554 2893 1611 Lucas
2924 1572 3141 1627 quoque
3168 1557 3219 1611 in
3258 1556 3365 1613 Ac-

1756 1645 1903 1701 tibus
1924 1646 2313 1716 Apostolorum
2346 1649 2419 1703 ita
2445 1648 2618 1704 refert
2648 1666 2659 1701 :
2694 1648 2767 1702 Hi
2788 1666 2961 1703 omnes
2982 1660 3129 1705 erant
3164 1650 3364 1705 instano

1758 1748 1831 1793 tes
1854 1739 1880 1777 ι)
1912 1741 2181 1795 unanimes
2223 1742 2276 1795 in
2319 1742 2554 1796 oratione
2580 1758 2697 1795 cum
2750 1742 3053 1797 mulieribus
3088 1754 3136 1796 et
3188 1741 3364 1798 Maria

133 1830 261 1891 mini,
286 1847 372 1902 par
392 1842 639 1897 turturum,
666 1843 757 1886 aut
784 1835 912 1887 duos
936 1833 1105 1904 pullos
1128 1836 1480 1889 columbarum
1498 1836 1653 1907 (Luc.
1684 1829 1732 1890 Β
1762 1841 1921 1885 matre
1944 1830 2094 1899 Iesu,
2126 1842 2173 1886 et
2195 1834 2441 1902 fratribus
2466 1836 2629 1904 ipsius
2654 1836 2792 1908 (Act.
2831 1854 2867 1902 t,
2900 1837 3009 1908 η).
3056 1836 3277 1893 Necnon
3308 1846 3367 1894 et

126 1937 174 1983 ll,
223 1922 285 1976 22
331 1923 521 1996 seqq.).
545 1926 597 1981 Si
627 1926 746 1980 hmo
787 1927 877 1981 lex
928 1936 1132 1981 tantum
1165 1928 1229 1981 ad
1260 1928 1654 1999 primogenitos

125 2015 361 2083 pertinet,
401 2018 799 2087 primogenitum
840 2028 1023 2073 autem
1070 2031 1367 2088 sequentes
1423 2022 1651 2086 faciunt,

126 2123 201 2161 lOtl
226 2109 404 2165 debuit
430 2112 540 2180 lege
566 2111 915 2181 primogeniti
936 2112 1129 2179 teneri,
1163 2114 1252 2181 qui
1280 2114 1349 2168 de
1379 2116 1657 2184 sequenti-

126 2221 189 2259 ius
213 2204 504 2275 ignorabat.
554 2204 653 2259 Sed
684 2204 812 2273 quia
864 2214 1076 2259 tenetur
1128 2206 1246 2277 lege
1286 2208 1658 2277 primogeniti,

126 2299 247 2351 tiam
276 2296 365 2350 ille
391 2311 539 2365 quem
565 2297 726 2369 216
756 2296 956 2351 fratres
982 2299 1165 2353 caueri
1191 2315 1297 2353 non
1332 2310 1657 2371 sequuntur:

126 2386 357 2455 Jlligitur
408 2402 522 2442 eum
574 2389 997 2459 primogenitum
1053 2391 1255 2456 vocari,
1307 2392 1398 2460 qui
1446 2392 1660 2448 vulvam

126 2484 281 2551 perint
322 2490 376 2538 et
424 2491 544 2537 ante
588 2498 751 2553 quem
801 2483 987 2537 nullus
1030 2484 1121 2547 sit,
1173 2500 1279 2539 non
1323 2501 1446 2541 eum
1498 2503 1659 2557 quem

128 2586 238 2630 ater
259 2584 377 2644 post
393 2575 988 2645 genitussubsequatur.
1007 2575 1219 2647 Moyses
1240 2578 1429 2632 scribit
1450 2580 1501 2632 in
1522 2578 1663 2633 Exo-

128 2683 168 2719 l:
186 2664 401 2721 Factum
422 2677 492 2719 est
511 2677 679 2720 autem
695 2667 833 2719 circa
856 2668 1075 2720 mediam
1099 2680 1297 2721 noctem
1310 2679 1377 2729 et,
1400 2668 1659 2726 Dominus

130 2760 312 2814 rcussit
335 2776 479 2813 omne
493 2758 884 2831 primogenitum
910 2759 962 2811 in
986 2768 1122 2813 terra
1148 2758 1388 2832 .Eggpti,
1408 2780 1439 2815 a
1459 2764 1654 2833 primo-

128 2855 227 2907 nito
258 2852 673 2920 Pharaonis,qui
689 2850 1063 2922 sedebatsuper
1078 2851 1318 2905 thronum
1341 2856 1471 2926 ejus,
1500 2871 1660 2924 usque

157 2946 553 3019 primogenitum
574 2944 809 3012 captivae,
830 2958 945 3013 qua:
960 2953 1033 2997 est
1044 2942 1111 2996 ad
1124 2942 1313 3009 lacum,
1329 2955 1374 2999 et
1388 2962 1536 2999 omne
1552 2948 1659 3017 pri-

134 3041 361 3113 genitum
396 3040 594 3111 pecoris
616 3036 811 3106 (Exod.
848 3053 943 3099 ait.
966 3038 1372 3108 29).Responde
1389 3041 1660 3108 mihi,Qui

133 3150 174 3187 uc
193 3134 261 3188 ab
278 3132 580 3189 exterminia
591 3139 709 3186 tore
726 3130 939 3185 fuerant
962 3130 1296 3203 interempti,
1317 3133 1658 3203 primogeniti

1762 1925 1962 1981 Paulus
1993 1926 2289 1995 Apostolus
2312 1930 2364 1983 in
2387 1929 2581 1985 eadem
2608 1929 2855 1985 historia:
2880 1932 3115 1987 veritate
3139 1934 3254 2002 pari
3276 1948 3366 1988 voc

1764 2029 1826 2069 ce
1866 2017 2435 2072 concordatzxtscendi
2468 2029 2640 2073 autem
2663 2022 2945 2075 secundum
2968 2024 3361 2090 reuelationem,

1762 2116 1809 2159 et
1832 2108 2086 2161 neminem
2113 2110 2239 2175 nidi,
2259 2112 2358 2163 nisi
2378 2110 2595 2164 Petrum
2622 2122 2668 2165 et
2689 2110 2939 2166 Iacobum
2956 2118 3166 2182 fratrem
3185 2113 3365 2167 Domi-

1764 2198 1819 2251 ni
1836 2197 2033 2268 (Galat.
2058 2216 2119 2266 ll,
2143 2200 2226 2270 2).
2267 2200 2335 2254 Et
2363 2218 2583 2256 rursum
2609 2204 2661 2256 in
2688 2203 2794 2257 alio
2816 2204 2937 2258 loco
2959 2220 2972 2255 :
2998 2206 3155 2276 217
3191 2202 3365 2257 Num-

1764 2292 1890 2359 quid
1915 2309 2016 2346 non
2041 2292 2287 2347 habemus
2318 2304 2621 2364 potestatem
2668 2294 3021 2349 nianducandi
3043 2308 3088 2350 et
3120 2296 3371 2353 bibendi.’

1768 2384 2038 2456 Numquid
2066 2404 2167 2441 non
2190 2387 2434 2443 habemus
2473 2397 2778 2460 potestatem
2804 2401 2826 2428 ε
2864 2406 3047 2446 uxores
3074 2392 3369 2446 circumdu-

1766 2478 1937 2541 cendi,
1967 2479 2097 2533 sicut
2118 2489 2164 2533 et
2186 2481 2356 2534 creteri
2382 2479 2641 2549 Apostoli,
2671 2491 2718 2535 et
2740 2482 2928 2550 fratres
2951 2481 3181 2548 Domini,
3205 2493 3251 2537 et
3272 2483 3366 2539 Ce-

1770 2572 1901 2641 pltas
1924 2570 1944 2642 (
1970 2572 1990 2625 l
2015 2572 2137 2626 Cor.
2169 2588 2245 2637 ix,
2281 2572 2338 2640 4,
2362 2573 2454 2644 5)?
2487 2572 2557 2627 Et
2590 2588 2657 2627 ne
2682 2574 2822 2628 forte
2846 2574 3374 2643 aliquisludtcorum

1766 2667 2137 2721 testimonium
2157 2682 2263 2722 non
2279 2666 2709 2738 admitteret,qui
2729 2668 2889 2723 etiam
2910 2666 3129 2723 nomina
3143 2668 3370 2724 fratrum

1765 2760 1915 2816 illius
1936 2762 2248 2827 ediderunt,
2270 2762 2436 2817 simili
2474 2777 2573 2819 eos
2594 2777 2852 2819 asserens
2900 2761 3025 2834 [ΑΙ.
3047 2762 3250 2818 asseris
3272 2761 3290 2835 ]
3315 2764 3369 2821 in

1764 2854 2025 2910 fratribus
2056 2872 2250 2913 errore
2278 2857 2564 2927 deceptos,
2587 2872 2698 2928 quo
2732 2859 2771 2909 t‘
2791 2858 2844 2912 in
2877 2866 3028 2927 patre
3044 2856 3371 2915 aestimando

1762 2956 1889 3002 sunt
1918 2948 2077 3018 lapsi,
2102 2960 2291 3019 argute
2310 2949 2590 3019 praecavit,
2618 2959 2673 3004 et
2692 2948 2768 3004 ait
2796 2966 2809 3004 :
2837 2947 2963 3003 Htec
2984 2948 3174 3004 eadem
3205 2964 3367 3003 voca-

1763 3038 1886 3094 bula
1918 3040 1987 3093 ab
2012 3040 2373 3112 Evangelistis
2390 3042 2444 3096 in
2473 3041 2582 3095 alio
2612 3042 2732 3097 loco
2749 3042 3041 3108 nominari,
3064 3051 3119 3097 et
3142 3041 3363 3099 eosdem

1765 3147 1887 3189 esse
1904 3133 2106 3189 fratres
2136 3134 2375 3201 Domini,
2408 3134 2549 3191 filios
2579 3134 2780 3191 Mariee.
2823 3154 2841 3187 ι
2875 3132 3160 3190 Mattbazus
3192 3136 3368 3207 loqui-

134 3238 263 3281 runt
290 3242 357 3281 an
407 3234 465 3281 et
488 3224 865 3295 unigeniti?Si
887 3224 1453 3295 primogeniiitantum
1478 3228 1551 3281 illi
1576 3218 1741 3283 vo-C
1776 3236 1905 3281 tur:
1951 3226 2117 3280 Erant
2166 3238 2339 3280 autem
2380 3226 2450 3279 ibi
2481 3224 2505 3263 ιι
2537 3228 2555 3297 (
2590 3226 2730 3281 haud
2775 3224 2998 3282 dubium
3057 3228 3188 3298 quin
3237 3237 3367 3284 ante

142 3330 251 3384 tur,
272 3320 367 3389 qui
391 3317 598 3373 fratres
620 3317 840 3384 habent,
860 3332 991 3386 ergo
1011 3317 1082 3371 ab
1105 3326 1131 3353 ³
1152 3318 1521 3374 internecione
1542 3318 1661 3374 uni-

138 3412 199 3466 iii
247 3412 472 3467 liberati
502 3410 730 3466 sunt.Si
759 3419 941 3465 autem
974 3420 1030 3465 ut
1058 3410 1321 3481 unigeniti
1352 3412 1477 3467 caesi
1507 3420 1657 3479 sunt,

138 3515 221 3559 tra
240 3505 591 3561 sententiam
610 3504 810 3559 factum
835 3514 941 3569 est,
960 3512 1015 3558 et
1031 3503 1177 3559 inter
1193 3505 1588 3575 primogenitos
1606 3514 1662 3561 ct

134 3601 245 3665 geni
257 3599 298 3654 ti
311 3608 703 3654 morerentur.
720 3596 829 3651 Aut
843 3597 1148 3667 unigenitos
1163 3597 1419 3653 liberabis
1436 3615 1462 3653 a
1480 3614 1658 3669 poena,

135 3694 363 3750 diculus
382 3694 503 3750 eris
532 3709 550 3747 :
576 3692 729 3747 autsi
750 3691 1446 3758 confiteberisinterfectos,
1479 3693 1659 3764 ingra-

144 3789 535 3853 btinebimus,
568 3798 625 3842 et
650 3786 955 3856 unigenitos
970 3786 1357 3857 primogenitos
1373 3787 1652 3858 appellari.

1763 3336 1983 3377 crucem
2016 3320 2256 3391 Domini)
2279 3330 2323 3374 et
2343 3320 2581 3375 mulieres
2602 3321 2779 3374 multm
2814 3318 3015 3393 alonge
3041 3330 3352 3391 spectantes,

1765 3430 1879 3486 qua:
1934 3422 2123 3468 secuta:
2146 3413 2352 3481 fuerant
2374 3410 2603 3465 Iesumu
2630 3410 3245 3477 Galiltea,ministrantes
3262 3409 3366 3465 illi.

1768 3504 1917 3561 Inter
1939 3523 2067 3577 quas
2092 3517 2239 3561 erant
2270 3505 2442 3559 Maria
2469 3503 2799 3577 Magdalene,
2818 3515 2863 3558 et
2894 3504 3067 3558 Maria
3083 3502 3292 3567 Jacobi,
3312 3513 3361 3556 et

1766 3597 1961 3671 Ioseph
1979 3609 2162 3666 mater,
2191 3607 2238 3652 et
2260 3608 2422 3652 mater
2441 3597 2669 3666 filiorum
2690 3595 2924 3651 Ζώιᾱωὶ
2949 3593 3166 3666 (Matth.
3193 3608 3360 3662 xxvii,

1766 3692 1858 3761 55,
1890 3693 2007 3765 56).
2029 3694 2162 3748 ltem
2190 3691 2401 3747 Marcus
2428 3707 2440 3743 :
2472 3690 2639 3744 Erant
2665 3700 2837 3745 autem
2867 3698 2913 3743 et
2936 3686 3178 3741 mulieres
3200 3703 3232 3739 a
3258 3684 3367 3741 lon-

1765 3804 1826 3859 ge
1870 3788 2197 3859 aspicientes,
2228 3786 2361 3841 inter
2388 3802 2517 3855 quas
2560 3793 2704 3837 erant
2736 3782 2907 3836 Maria
2939 3780 3269 3853 Magdalene,
3316 3788 3369 3834 et

150 3925 164 3937 .
212 3882 479 3938 Helvidii
503 3881 702 3936 ultima
734 3881 1039 3954 propositio.
1074 3880 1423 3937 —Extrema
1456 3895 1655 3952 propo-
1770 3878 1943 3935 Maria
1992 3880 2178 3935 Iacobi
2228 3880 2462 3946 minoris,
2486 3889 2533 3933 et
2572 3876 2767 3951 Ioseph
2829 3885 3013 3939 mater,
3058 3884 3105 3929 et
3150 3873 3363 3931 Salome

142 3978 263 4032 fuit
292 3978 472 4050 (licet
501 3976 563 4031 id
597 3977 780 4047 ipsum
815 3976 869 4030 in
902 3974 1267 4046 primogenito
1310 3975 1540 4030 voluerit
1569 3989 1658 4029 os-
1760 3975 1956 4045 (Jlarc.
1980 3991 2074 4042 xv,
2103 3973 2199 4044 40)
2225 3992 2238 4029 :
2263 3974 2446 4044 ibique
2469 3982 2589 4044 post
2605 3972 2877 4028 modicum
2910 3987 2923 4025 :
2956 3968 3019 4024 Et
3041 3968 3161 4022 alia:
3190 3970 3365 4024 multa:

140 4073 290 4144 are),
330 4070 569 4127 fratres
602 4071 831 4126 Domini
859 4071 912 4124 in
938 4071 1247 4142 Evangeliis
1279 4071 1569 4137 nominari,
1604 4078 1663 4124 ut
1761 4085 1875 4137 quia
1900 4068 2241 4123 ascenderant
2268 4083 2384 4120 cum
2411 4083 2471 4119 eo
2498 4066 2551 4118 in
2570 4063 2884 4120 Ierusalem.
2904 4062 3129 4119 Necnon
3158 4068 3213 4115 et
3257 4060 3363 4114 Lu-

142 4165 296 4220 Ecce
326 4174 518 4219 mater
550 4168 674 4235 ejus
700 4174 749 4219 et
777 4166 963 4231 fratres
986 4169 1097 4238 ejus
1128 4166 1327 4220 stabant
1346 4166 1493 4233 foris,
1518 4179 1663 4235 quas-
1762 4177 1854 4217 cas
1885 4178 1900 4218 :
1949 4160 2118 4213 Erant
2163 4167 2331 4213 autem
2378 4157 2551 4211 Maria
2600 4156 2909 4230 Magdalene
2952 4165 2998 4209 et
3041 4153 3273 4220 Ioanna,
3307 4163 3360 4211 et

138 4277 144 4301 ξ
212 4256 382 4327 loqui
436 4274 577 4311 cum
606 4274 670 4311 eo
701 4256 868 4329 (Luc.
910 4275 1026 4325 vm,
1058 4257 1188 4331 ΞΟ).
1224 4258 1291 4314 Et
1318 4260 1446 4315 alibi
1483 4276 1495 4312 :
1533 4258 1659 4312 Post

141 4349 420 4404 escendit
453 4346 868 4421 Capharnaum,
893 4351 999 4423 ipse
1025 4362 1072 4407 et
1102 4362 1263 4406 mater
1302 4356 1437 4424 ejus,
1471 4362 1520 4405 et
1541 4355 1652 4422 fra-

1768 4253 1940 4309 Μανία
1961 4251 2165 4318 Iacobi,
2189 4262 2236 4306 et
2260 4260 2459 4306 actem
2479 4267 2594 4304 cum
2625 4252 2699 4305 eis
2726 4248 2881 4319 (Luc.
2906 4247 3001 4301 ult.
3029 4245 3144 4317 l0).

1837 4348 1923 4405 12.
1969 4344 2581 4418 Hieronymum—llaec
2611 4344 2820 4399 idcirco
2851 4338 3266 4412 replicavimus,
3300 4356 3367 4397 ue

142 4488 441 4543 'ictorius
476 4485 915 4557 interemptione,
940 4501 1063 4541 cum
1097 4496 1280 4557 tamen
1311 4485 1658 4557 internecione
1686 4494 1739 4555 ι)
1763 4480 2241 4557 ευηξᾱηεςηάὶγεπ
2255 4498 2357 4557 quo
2378 4487 2595 4552 apparet
2613 4478 2801 4557 cupide
2816 4475 2935 4557 aliis
2962 4476 3157 4557 sanctis
3175 4476 3367 4557 diaisse

140 4576 173 4613 s
213 4554 1075 4627 exemplaribusinvenisset.
1120 4555 1265 4611 Olim
1299 4554 1501 4611 vitiose
1545 4566 1664 4611 erat

141 4630 487 4685 relatione.

141 4701 321 4755 odex
360 4699 770 4767 Veronensis,
795 4702 1066 4755 unanimes
1088 4699 1313 4755 orationi
1337 4715 1452 4753 cum
1482 4698 1666 4753 mulie-

144 4785 216 4830 et
252 4787 408 4844 qua
437 4772 567 4841 fuit
601 4771 778 4844 ﬂater
812 4771 964 4840 Iesu,
993 4783 1104 4828 etc.

140 4841 432 4901 icto—rius
471 4843 749 4899 mulieres
783 4844 914 4911 legit
943 4861 1042 4912 pro
1088 4860 1299 4907 uxores,
1338 4842 1431 4912 qui
1455 4850 1511 4897 et
1537 4841 1662 4896 falsi

140 4933 304 4971 sam
338 4917 705 4973 lectionem
739 4915 988 4983 pluribus
1010 4924 1256 4981 accusat,
1282 4923 1445 4984 atque
1488 4928 1554 4968 ex
1595 4930 1662 4969 eo

145 5006 266 5052 ue,
307 4988 502 5060 quod
556 4998 622 5043 et
660 4988 707 5060 si
738 5002 805 5042 ex
839 4988 959 5057 ipso
1000 4986 1318 5060 Hieronymi
1357 5000 1521 5060 sensu
1555 5000 1662 5060 vox

146 5056 743 5138 Wﬁ'comrnunis
781 5056 1145 5138 sitluxoriet
1180 5056 1401 5138 mulieri
1446 5056 1659 5138 signifi-

158 5127 455 5191 ces-tum
499 5130 593 5185 sit
622 5143 839 5195 tamen,
863 5131 1189 5200 Apostolum
1224 5132 1326 5184 hoc
1354 5131 1475 5183 loco
1499 5127 1661 5183 intelc

147 5208 207 5261 le
250 5202 707 5269 mulieribus,
758 5218 886 5269 qua:
924 5202 1203 5273 Apostulis
1250 5202 1658 5273 ministrabant.

148 5294 161 5329 ι
204 5277 313 5332 rei
359 5274 827 5331 testimonium
863 5270 1029 5329 aftert
1059 5273 1118 5330 S.
1161 5274 1411 5329 Doctoris
1442 5270 1661 5341 exposi-

151 5366 241 5405 cx
295 5348 549 5418 primo
610 5357 814 5403 contra
860 5345 1140 5418 Iovinian.
1188 5345 1281 5418 lib.
1335 5363 1353 5418 εΔ
1384 5346 1445 5401 Si
1466 5354 1655 5418 autem,

154 5414 362 5475 nobis
426 5417 618 5472 illud
656 5416 1063 5491 opposueritiad
1120 5416 1464 5491 probandum,
1520 5414 1660 5491 quod

146 5492 414 5551 ooslole'
455 5484 730 5566 uxorem
770 5489 1080 5566 habuerint,
1119 5484 1390 5566 Numquid
1424 5484 1540 5566 non
1566 5484 1662 5566 Ita-

145 5576 527 5619 otestatene
571 5560 859 5624 nsulieres,
889 5560 967 5614 vel
997 5577 1181 5615 uxores
1212 5557 1658 5622 circumducendi,

148 5644 170 5697 ἦ
214 5636 425 5700 apud
467 5633 737 5691 Gnaeos
768 5646 1041 5704 utrumque
1060 5632 1364 5705 significat,-
1398 5630 1530 5705 sicut
1556 5642 1659 5681 ca!-

150 5709 321 5786 stoli
351 5752 407 5786 ,_
459 5717 569 5786 ειη
596 5705 841 5786 (Sep/ias,
880 5717 926 5786 et
955 5701 1156 5786 fratres
1184 5701 1430 5786 Domini.
1470 5703 1662 5786 jungat

160 5781 210 5832 (ι
254 5793 323 5835 et
354 5772 462 5833 Vin
504 5772 754 5833 Graecis
805 5772 1071 5853 codicibus
1118 5784 1223 5841 est,
1260 5772 1532 5853 Numquid
1560 5787 1662 5853 non

168 5861 617 5925 potestatem
675 5865 882 5907 sorores
930 5847 1193 5917 mulieres,
1237 5842 1312 5901 vel
1351 5842 1537 5901 uxores
1558 5844 1661 5899 cir-

1769 4555 2096 4619 mulieribus,
2126 4570 2243 4624 quia
2258 4547 2425 4625 juxta
2448 4547 2645 4625 morem
2666 4547 2975 4625 Iudaicum,
3010 4548 3271 4625 magistris
3303 4551 3367 4603 de

1768 4644 1861 4680 sua
1888 4621 2177 4680 substantia
2216 4621 2602 4685 ministrabant,
2630 4621 2765 4674 sicut
2788 4621 3005 4691 legimus
3034 4621 3134 4691 ipsi
3164 4637 3367 4692 quoque

1767 4696 1993 4749 Domino
2037 4697 2355 4766 factitatum,
2391 4704 2499 4749 etc.
2534 4694 2616 4747 Ex
2659 4692 2865 4766 quibus
2911 4700 3090 4766 tamen
3140 4693 3366 4766 minime

1766 4762 2301 4822 evincitur—mulieres
2328 4780 2429 4832 pro
2452 4778 2639 4817 uxores
2659 4762 2894 4830 legisse;
2926 4764 3213 4818 bene-vero
3238 4764 3367 4831 quid

1765 4854 1832 4895 eo
1862 4838 2130 4893 vocabulo
2156 4845 2306 4892 esset
2332 4832 2772 4900 intelligendum.
2808 4833 3134 4899 Huiusmodi
3179 4845 3363 4889 autem

1766 4925 1854 4964 res
1888 4918 1993 4971 est,
2031 4922 2139 4963 non
2182 4920 2368 4959 uxores
2395 4911 2632 4969 tantum,
2663 4912 2757 4958 aut
2802 4905 3042 4958 mulieres
3087 4904 3229 4971 legi;
3266 4904 3365 4957 sed

1759 4980 1993 5051 junctim
2022 4980 2109 5034 vel
2139 4975 2408 5031 mulierem
2429 4989 2680 5051 sororem,
2731 4984 2789 5030 ut
2842 4976 2895 5051 i_n
2959 4974 3158 5051 [:atino
3198 4973 3370 5027 inter-

1766 5044 1957 5119 prete;
1991 5050 2079 5107 vel
2133 5063 2360 5119 sororem
2413 5044 2701 5112 mulierem,
2755 5056 2815 5102 ut
2854 5048 2909 5102 in
2953 5045 3363 5119 Grzecogtextu,

1764 5117 1975 5197 ἀδελφήν
2022 5129 2263 5198 rapacium.
2298 5117 2500 5198 _Plures
2527 5126 2806 5198 a_utem__ex
2849 5118 3091 5198 antiitth
3125 5117 3363 5198 plurium

1764 5188 1995 5251 tium'ero
2025 5188 2266 5249 mulieres
2298 5190 2503 5261 legunt.
2530 5188 2906 5246 Tertullianus
2931 5190 2999 5246 de
3022 5190 3364 5261 Munugamia

1762 5283 1884 5340 cap.
1936 5267 1970 5323 8
2024 5276 2080 5323 et
2124 5264 2193 5320 de
2242 5261 2510 5340 Pudicitia
2711 5261 3084 5340 [ﬁertitiyintis
3126 5262 3179 5340 in
3228 5261 3366 5340 blat-

1763 5332 1965 5395 tliiuum
1998 5353 2163 5405 xxv",
2185 5347 2238 5392 et
2264 5334 2331 5389 ad
2361 5334 2713 5390 Eustochium
2733 5332 2978 5405 Epistula
3005 5332 3365 5397 2£;Amliro-

1759 5413 1981 5477 siaster,
2015 5404 2289 5483 Sedulius,
2322 5406 2552 5483 aliique,
2581 5421 2783 5483 sorores
2818 5404 3082 5459 mulieres.
3102 5404 3363 5483 Qurvero

1764 5499 1951 5537 uxores
1996 5480 2320 5553 simpliciter
2372 5478 2665 5548 legerent,
2725 5478 2993 5532 hactenus
3045 5487 3155 5527 non
3214 5478 3365 5529 inve-

1764 5570 2161 5682 mltimbiendosa
2205 5621 2531 5693 trajectiﬂne
2560 5619 2793 5693 erati“
2833 5626 2882 5674 “
2922 5615 3163 5693 malim”
3185 5614 3360 5693 gum“

1764 5700 1976 5755 dubium
2003 5699 2130 5770 quin
2150 5706 2267 5751 ante
2288 5686 2514 5770 crucem
2553 5690 2790 5759 Domini)
2835 5686 3022 5755 multa,
3051 5697 3161 5744 etc.
3185 5686 3361 5748 Vero-

1766 5770 1952 5830 nensis
1985 5765 2127 5827 liber
2150 5765 2491 5825 emendavit.
