4062 6348
593 298 697 356 195

1864 280 1921 338 s.
1965 254 2238 338 nossent
2277 279 2665 340 HIERONYMI

3786 283 3892 344 196

577 409 940 476 calumnietur
957 405 1368 466 etclamitet.ea
1389 418 1509 476 quae
1532 416 1627 474 pro
1648 416 1708 459 se
1730 401 1954 469 faciant,
1975 417 2006 458 a
2029 402 2185 458 nobis
2212 411 2266 473 Α
2291 405 2419 461 mini
2453 403 2746 474 putandus,
2770 410 2827 459 et
2854 400 3131 473 quomodo
3162 401 3355 459 tertius
3384 402 3452 459 ad
3481 402 3889 462 distinctionem

575 524 698 567 esse
727 506 1023 570 subtracta,
1055 513 1110 560 et
1139 502 1462 559 sententiam
1496 515 1682 567 suam,
1713 513 1821 553 non
1854 496 2183 554 testimoniis

577 599 1013 669 Scripturarum,
1047 595 1141 652 sed
1190 595 1396 651 lubrica
1438 593 1806 664 disputatione
1842 590 2181 646 convulsam.

582 712 600 748 ι
632 692 794 760 Ecce,
819 690 1018 762 inquit,
1047 687 1284 744 Jacobus
1313 697 1369 743 et
1395 685 1599 754 Joseph
1622 685 1717 740 filii
1741 683 1944 748 Marize,
1969 681 2130 737 iidem
2157 690 2183 719 α

573 802 713 858 quos
736 786 905 841 Judaei
940 784 1136 840 fratres
1164 781 1599 854 appellaverunt.
1633 779 1778 835 Ecce
1806 776 1971 833 Maria
1996 775 2184 832 Jacobi

576 885 807 942 minoris
836 880 1112 940 etJosetis
1152 890 1344 936 mater.
1386 879 1608 935 Minoris
1649 886 1829 933 autem
1866 874 2078 940 Jacobi,
2116 871 2182 928 ad

575 975 985 1032 distinctionem
1015 972 1266 1042 majoris,
1295 973 1460 1044 218
1481 971 1569 1041 qui
1599 967 1887 1025 eratﬁlius
1908 964 2183 1031 Zebedtei,

577 1071 788 1127 sicutet
806 1069 860 1126 in
879 1070 988 1124 alio
1007 1068 1125 1124 loco
1141 1067 1354 1123 Marcus
1373 1066 1553 1135 ponit:
1575 1063 1633 1117 Μ
1636 1064 1751 1118 aria
1771 1071 1944 1116 autem
1959 1059 2016 1114 Μ
2019 1059 2183 1130 agda-

576 1160 714 1227 fene,
750 1170 796 1216 et
822 1159 996 1214 Maria
1012 1156 1217 1221 Jacobi,
1246 1167 1291 1211 et
1321 1155 1534 1222 Josetis,
1580 1153 1814 1208 viderunt
1856 1151 1942 1206 ubi
1972 1165 2184 1221 ponere-

578 1263 662 1312 tur
693 1273 712 1310 :
743 1264 793 1310 et
823 1261 1085 1308 transacto
1109 1250 1355 1319 sabbato,
1390 1258 1619 1304 emerunt
1647 1255 1904 1312 aromata,
1935 1254 1983 1300 et
2035 1260 2185 1300 uene-

578 1357 700 1402 runt
725 1346 794 1400 ad
817 1353 1233 1400 monumentum.
1265 1343 1332 1398 Et
1361 1341 1548 1413 utique
1579 1341 1656 1396 ait
1681 1357 1694 1395 :
1723 1339 1896 1408 Quam
1924 1337 2182 1392 miserum

578 1437 686 1497 erit
725 1449 782 1496 et
816 1439 1045 1509 impium
1078 1437 1145 1493 de
1174 1436 1340 1492 Maria
1388 1435 1493 1490 hoc
1535 1434 1762 1499 sentire,
1808 1439 1867 1486 ut
1895 1444 2018 1485 cum
2062 1428 2186 1484 aliae

577 1530 797 1588 femina:
844 1545 1029 1587 curam
1081 1529 1384 1599 sepulturae
1432 1527 1560 1583 Jesu
1605 1526 1926 1592 habuerint,
1956 1531 2185 1578 tnatrem

579 1624 702 1694 ejus
746 1623 991 1678 dicamus
1037 1621 1360 1678 absentem:
1387 1629 1480 1676 aut
1507 1620 1732 1675 alteram
1761 1634 1883 1674 esse
1925 1616 2186 1685 Mariam,

575 1720 766 1776 nescio
815 1732 1003 1788 quam,
1046 1715 1465 1786 confingamus:
1497 1713 1804 1785 praesertim
1847 1727 1974 1768 cum
2001 1712 2185 1766 Evan-

2290 499 2513 569 majoris
2541 497 2910 569 appellabitur
2955 499 3156 562 minor,
3211 511 3335 554 cum
3377 496 3551 567 major
3594 505 3653 554 et
3689 497 3892 565 minor,

2286 609 2393 649 non
2423 595 2567 649 inter
2596 602 2735 661 tres,
2765 593 2860 650 sed
2890 593 3034 648 inter
3075 593 3212 648 duos
3263 593 3472 649 soleant
3520 593 3764 664 prabere
3802 593 3892 650 di-

2286 686 2578 752 stantiam;
2607 693 2662 741 et
2689 684 2860 740 frater
2891 684 3106 740 Domini
3139 683 3440 755 Apostolus
3472 686 3576 750 sit,
3601 684 3773 739 Paulo
3810 683 3895 740 di-

2285 789 2483 837 conte:
2513 777 2714 834 Deinde
2757 787 2872 851 post
2917 777 3197 832 triennium
3239 778 3352 834 veni
3391 777 3683 834 Jerusalem
3726 778 3897 836 videre

2289 873 2524 938 Petrum,
2552 883 2600 927 et
2628 873 2799 928 mansi
2823 872 2964 946 apud
2995 873 3146 928 illum
3176 873 3355 928 diebus
3379 873 3692 942 quindecim.
3716 873 3898 928 Alium

2284 976 2456 1024 autem
2468 967 2831 1039 Apostolorum
2862 966 2968 1021 vidi
2995 968 3268 1034 neminem,
3286 965 3652 1022 nisilacobum
3680 970 3898 1038 fratrem

2285 1058 2713 1133 Domini(Gufat.
2735 1076 2787 1129 ι,
2820 1061 2924 1125 18.
2959 1060 3087 1134 19)⁶ἲ
3125 1062 3190 1116 Et
3210 1062 3266 1117 in
3306 1062 3498 1118 eadem
3530 1062 3771 1131 Epistula
3793 1081 3806 1117 :
3831 1060 3900 1117 Et

2285 1156 2492 1227 cognita
2515 1157 2710 1229 gratia,
2726 1171 2844 1227 quae
2875 1155 2998 1210 data
3034 1164 3108 1211 est
3136 1157 3284 1223 milii,
3309 1154 3497 1211 Petrus
3517 1164 3565 1210 et
3594 1152 3822 1210 lacubus
3848 1162 3899 1210 et

2284 1247 2538 1315 Joannes,
2558 1249 2648 1317 qui
2667 1247 2967 1303 videbantur
2989 1249 3244 1304 columna:
3270 1266 3379 1304 esse
3409 1247 3554 1316 (Gal.
3585 1265 3658 1318 tt,
3689 1249 3772 1317 9).
3819 1247 3900 1307 Ne

2287 1348 2469 1396 autem
2497 1340 2640 1395 hunc
2669 1350 2826 1411 putes
2851 1339 3110 1396 Jacobum
3145 1340 3314 1396 filium
3341 1340 3612 1406 Zebedaei,
3645 1341 3764 1414 lege
3792 1341 3900 1400 Ac-

2291 1443 2378 1489 tus
2399 1433 2802 1505 Apostolorum.
2837 1429 2956 1490 Jam
2977 1434 3046 1490 ab
3072 1434 3285 1491 Herode
3310 1433 3483 1491 fuerat
3510 1434 3900 1508 interemptus.

2289 1527 2476 1582 Restat
2492 1527 2790 1594 conclusio,
2805 1538 2860 1582 ut
2876 1527 3038 1583 Maria
3057 1528 3157 1583 ista
3175 1542 3295 1597 qua:
3315 1527 3502 1584 Jacobi
3528 1527 3751 1584 minoris
3763 1528 3902 1586 seri-

2290 1619 2438 1676 bitur
2455 1632 2652 1687 mater,
2667 1619 2830 1676 fuerit
2853 1636 2990 1676 uxor
3006 1620 3241 1692 Alpbaei,
3259 1631 3316 1677 et
3339 1636 3496 1678 soror
3511 1624 3694 1680 Maria:
3711 1625 3902 1680 matris

2295 1715 2536 1781 Domini,
2564 1729 2723 1785 quam
2753 1715 2975 1770 Mariam
3006 1713 3262 1787 Cleoplne
3287 1715 3526 1774 Joannes
3554 1717 3902 1789 Evangelista

578 1811 786 1884 gelium
815 1810 1045 1867 Joannis
1076 1819 1308 1866 testetur
1338 1818 1662 1881 praesentem
1693 1823 1813 1864 eam
1844 1806 1959 1862 illic
2000 1805 2190 1872 fuisse,
2226 1807 2271 1868 B
2297 1806 2667 1878 cognominat.
2686 1807 2802 1863 sive
2827 1823 2856 1861 a
2892 1809 3202 1877 patre,sive
3228 1808 3536 1879 gentilitate
3565 1809 3786 1865 familiar-
3808 1820 3905 1868 aut

578 1905 802 1977 quando
840 1906 989 1961 illam
1029 1904 1098 1960 de
1137 1919 1300 1960 cruce
1345 1903 1623 1960 Dominus
1638 1902 1753 1973 jam
1781 1899 1807 1939 ι’
1841 1899 2093 1966 viduam,
2137 1908 2192 1952 ut

581 2010 814 2057 matrem
846 2000 1043 2056 Joanni
1071 1997 1514 2056 commendabat.
1555 1996 1666 2052 Aut
1707 1994 1970 2066 numquid
2013 1992 2192 2047 Evan-

581 2095 798 2165 gelistae
844 2105 899 2148 et
947 2093 1214 2148 falluntur
1264 2101 1321 2147 et
1369 2091 1600 2157 fallunt,
1650 2098 1708 2144 ut
1737 2102 1927 2144 eorum
1973 2084 2194 2140 Mariam

581 2197 815 2244 matrem
845 2187 1112 2252 dicerent,
1137 2199 1278 2257 quos
1307 2183 1483 2240 Judaei
1510 2183 1710 2238 fratres
1739 2180 1870 2237 Jesu
1894 2191 2018 2235 esse
2044 2176 2197 2234 dise-

580 2280 750 2337 l'unl?
782 2298 805 2334 ι

660 2374 750 2430 15.
791 2373 838 2428 0
867 2372 1019 2428 furor
1045 2386 1250 2438 cacus,
1278 2379 1334 2428 et
1359 2371 1414 2426 in
1457 2367 1738 2440 proprium
1770 2365 2000 2422 exitium
2038 2377 2194 2419 mens

582 2467 814 2523 vesana!
847 2467 992 2523 Dicis
1020 2466 1090 2521 ad
1126 2479 1348 2522 crucem
1381 2463 1599 2519 Domini
1627 2469 1853 2516 matrem
1879 2458 1999 2529 ejus
2021 2456 2196 2513 fuisse

581 2570 933 2632 praesentem,
966 2559 1104 2615 dicis
1132 2557 1329 2614 Joanni
1361 2554 1632 2626 discipulo
1672 2554 1745 2609 ob
1785 2551 2110 2608 viduitatem
2139 2558 2196 2606 et

582 2655 942 2712 solitudinem
985 2652 1426 2708 commendatam
1453 2668 1468 2703 :
1496 2648 1650 2720 quasi
1689 2647 1846 2718 juxta
1873 2655 1927 2702 te
1953 2660 2066 2701 non
2097 2643 2195 2697 ba-

582 2749 742 2807 beret
773 2761 796 2788 ο
830 2758 1066 2819 quatuor
1099 2747 1274 2812 filios,
1307 2754 1363 2802 et
1393 2745 1712 2801 innumeras
1743 2740 1917 2806 filias,
1965 2753 2194 2810 quarum

577 2843 865 2900 consortio
904 2841 1214 2896 frueretur?
1236 2837 1472 2895 Viduam
1507 2850 1728 2907 quoque
1756 2832 2028 2897 nominas,
2053 2827 2197 2900 quod

583 2933 878 3004 Scriptura
932 2950 1040 2988 non
1097 2933 1360 3001 loquitur.
1408 2929 1477 2986 Et
1522 2943 1648 2985 cum
1691 2925 1872 2983 omnia
1905 2923 2199 2994 Evangeli-

587 3037 803 3085 starum
829 3025 1081 3097 exempla
1117 3038 1414 3095 proponas,
1447 3023 1619 3079 solius
1654 3019 1754 3076 tibi
1779 3018 2005 3076 Joannis
2034 3017 2197 3072 verba

585 3141 697 3183 non
748 3125 985 3194 placent.
1039 3121 1182 3176 Dicis
1236 3119 1576 3183 transitorie,
1611 3114 1679 3171 ad
1711 3128 1929 3169 crucem
1975 3109 2193 3166 Domini

2299 1917 2648 1974 quacumque
2677 1902 2783 1957 alia
2839 1917 3000 1958 causa
3029 1903 3079 1958 ei
3110 1919 3307 1962 nomen
3340 1903 3654 1974 imponens.
3702 1903 3758 1961 Si
3791 1904 3904 1976 [ΑΙ.

2299 1995 2420 2069 Sin]
2451 2005 2633 2054 autem
2685 1997 2813 2053 inde
2860 1996 2957 2052 tibi
3004 1997 3112 2053 alia
3159 2007 3323 2068 atque
3351 1998 3456 2056 alia
3489 1999 3727 2065 videtur,
3758 1999 3906 2069 quod

2299 2090 2429 2144 alibi
2474 2090 2726 2145 dicatur:
2757 2088 2934 2144 Maria
2972 2088 3157 2146 Jacobi
3200 2092 3413 2146 minoris
3459 2100 3624 2148 mater
3657 2107 3676 2148 .'
3713 2102 3767 2148 ct
3815 2092 3906 2150 bit:

2301 2180 2477 2236 Maria
2505 2180 2748 2254 Chap/ta:
2775 2181 2883 2254 [AL
2918 2182 3220 2256 Cleoplie]:
3253 2183 3406 2238 disco
3446 2183 3748 2255 Scriptura!
3773 2199 3909 2241 con-

2297 2273 2672 2342 suetudinem,
2700 2275 2954 2331 eumdem
3001 2275 3280 2330 hominem
3321 2275 3554 2332 diversis
3590 2275 3911 2336 nominibus

2299 2368 2628 2438 nuncupari.
2672 2365 2876 2440 Ruguet
2925 2383 3084 2424 socer
3131 2369 3344 2440 Moysi,
3394 2379 3450 2424 ct
3476 2367 3658 2424 Jethro
3683 2370 3910 2427 dicitur.

2299 2460 2530 2528 Gedeon,
2565 2471 2588 2498 θ
2623 2462 2787 2517 nullis
2813 2461 2996 2517 causis
3035 2461 3305 2516 immutati
3336 2462 3572 2516 nominis
3612 2471 3737 2518 ante
3768 2477 3916 2533 prte-

2300 2555 2506 2621 missis,
2546 2554 2731 2610 subito
2757 2553 3003 2610 Jerobaat
3029 2555 3253 2626 legitur.
3293 2555 3450 2610 Ozias
3492 2572 3590 2611 rex
3619 2554 3788 2624 Juda,
3829 2557 3914 2617 vi-

2300 2651 2485 2708 cissim
2515 2649 2733 2704 Azarias
2761 2659 3011 2706 vocatur.
3044 2649 3199 2706 Mons
3236 2648 3464 2718 Thabor,
3508 2647 3798 2720 Itabyrium
3826 2651 3914 2707 di-

2301 2748 2464 2802 citur.
2481 2745 2717 2802 Rursum
2730 2745 2964 2802 Harmon
2981 2745 3272 2802 Plimnices
3284 2745 3674 2817 cognominant
3691 2745 3908 2813 Sanior,

2300 2850 2357 2896 et
2380 2839 2698 2897 Amorraeus
2734 2839 3086 2910 cognominat
3124 2853 3251 2896 eam
3297 2839 3480 2896 Sanir.
3531 2839 3738 2898 Eadem
3782 2839 3911 2896 creti

2302 2933 2458 3004 plaga
2494 2932 2666 2989 tribus
2693 2933 3012 2988 nominibus
3039 2932 3372 3004 appellatur,
3400 2931 3605 3004 Nageb,
3641 2931 3870 2988 Theman
3891 2974 3908 3001 ,

2305 3023 2497 3079 Dnrom
2519 3066 2535 3090 ,
2584 3024 2708 3096 lege
2747 3024 3016 3080 Ezechiel.
3053 3023 3264 3091 Petrus,
3293 3033 3348 3080 et
3382 3023 3566 3082 Simon
3595 3023 3820 3090 dicitur,
3852 3031 3916 3083 et

2304 3115 2524 3189 Cepltas.
2553 3115 2721 3172 Judas
2744 3115 2957 3184 aelates,
2988 3115 3041 3172 in
3074 3117 3183 3172 alio
3211 3116 3514 3187 Evangelio
3541 3117 3707 3190 220
3727 3115 3913 3172 Thad-

581 3233 706 3276 eam
738 3217 909 3272 fuisse
935 3223 1261 3286 prmaentem
1283 3255 1298 3280 ,
1351 3228 1420 3268 ne
1468 3210 1724 3267 consulto
1774 3207 2090 3278 praeterisse
2119 3203 2195 3259 vi-
2223 3202 2269 3266 C
2301 3208 2447 3263 da'us
2488 3208 2731 3267 dicitur:
2764 3209 3045 3281 multaque
3070 3210 3176 3266 alia
3208 3225 3329 3281 quas
3355 3211 3422 3265 ad
3453 3211 3768 3282 exemplum
3805 3212 3912 3268 l:o-

584 3312 769 3370 deeris
793 3330 809 3364 :
835 3319 894 3367 et
923 3319 1100 3364 tamen
1129 3323 1251 3379 qua;
1280 3321 1404 3361 cum
1442 3306 1532 3360 illa
1564 3304 1825 3360 mulieres
1857 3301 2092 3366 fuerint,
2125 3298 2201 3353 si-
2305 3318 2425 3358 rum
2460 3303 2734 3372 pertinent
2764 3303 2881 3374 ipse
2907 3303 3011 3359 sibi
3041 3302 3111 3360 de
3133 3302 3391 3362 omnibus
3412 3303 3710 3374 Scripturis
3733 3303 3913 3361 lector

587 3406 688 3462 les.
734 3404 1082 3474 Ignoscerem
1135 3399 1438 3464 nescienti,
1497 3400 1603 3454 nisi
1656 3396 1898 3452 viderem
1945 3392 2201 3450 consulto
2307 3398 2508 3469 poterit
2537 3412 2894 3470 congregare.

585 3499 934 3555 retieentem.
968 3494 1131 3558 Audi,
1164 3492 1379 3562 itaque,
1425 3490 1665 3546 Joannes
1700 3488 1829 3561 quid
1865 3488 2049 3544 dicat:
2075 3485 2201 3542 Sta—
2385 3492 2471 3548 14.
2493 3490 2642 3548 Nunc
2666 3492 2794 3548 illud
2809 3502 2894 3548 est
2917 3492 3062 3564 quod
3088 3508 3351 3550 conamur
3378 3491 3691 3560 ostendere,
3721 3509 3914 3564 quem-

589 3591 711 3645 bant
739 3598 913 3644 autem
934 3590 1092 3659 juxta
1136 3600 1338 3639 erui-ein
1380 3581 1508 3638 Jestt
1560 3592 1722 3638 mater
1766 3585 1911 3654 ejus.
1958 3589 2006 3634 et
2051 3594 2198 3634 soror
2305 3584 2597 3642 admodum
2655 3585 2854 3643 fratres
2907 3587 3121 3643 Domini
3177 3587 3532 3658 appellentur
3567 3586 3664 3646 filii
3707 3595 3914 3647 mater-

587 3685 766 3737 matris
787 3686 902 3756 ejus
927 3679 1097 3734 Maria
1120 3676 1379 3749 Cleophw,
1409 3686 1458 3731 et
1490 3675 1664 3730 Maria
1687 3673 1994 3746 Magdalene
2014 3671 2196 3744 (Joan.
2303 3686 2437 3734 tera:
2467 3677 2609 3749 ejus,
2641 3676 2846 3746 Marize,
2880 3679 2971 3749 qui
3004 3687 3165 3735 antea
3209 3694 3317 3736 non
3363 3679 3676 3746 credentes,
3719 3691 3909 3751 posma

587 3793 700 3840 xix,
731 3777 848 3848 25).
883 3773 1028 3831 Nulli
1057 3772 1281 3827 dubium
1311 3780 1430 3836 est,
1459 3770 1624 3842 319
1665 3769 1804 3824 duos
1831 3767 2004 3823 fuisse
2047 3769 2193 3835 Apo-
2294 3769 2668 3827 crediderunt.
2701 3770 2858 3828 Licet
2883 3771 3000 3828 fieri
3029 3773 3292 3844 potuerit,
3334 3781 3395 3828 ut
3423 3788 3534 3830 uno
3569 3774 3755 3832 statim
3789 3788 3912 3830 cre-

589 3870 764 3925 stolos
787 3868 977 3925 Jacobi
1010 3865 1282 3923 vocabulo
1312 3875 1687 3934 nuncupatos,
1731 3861 1995 3918 Jacobum
2024 3860 2192 3917 Zebe-

588 3963 732 4029 dzei,
765 3971 822 4018 et
861 3962 1124 4018 Jacobum
1154 3959 1387 4030 Alphei.
1431 3957 1622 4018 Istum.
1656 3956 1841 4012 nescio
1883 3970 2046 4026 quem
2087 3955 2191 4010 mi-

587 4071 782 4111 norem
825 4055 1112 4118 Jacobnm,
1168 4067 1333 4124 quem
1384 4050 1568 4106 Maria:
1616 4049 1810 4116 filium,
1862 4062 1963 4104 nec
2015 4057 2194 4112 tamen

588 4149 784 4202 matris
817 4146 1030 4201 Domini
1073 4145 1354 4216 Scriptura
1397 4149 1826 4208 commemorat,
1873 4139 2194 4210 Apostolum

589 4241 672 4296 vis
699 4255 843 4307 esse,
885 4255 958 4295 an
1005 4239 1151 4294 non?
1197 4237 1252 4294 Si
1300 4237 1595 4308 Apostolus
1640 4244 1747 4300 est,
1791 4233 2002 4304 Alpbzi
2052 4231 2199 4288 illius

587 4332 722 4398 erit;
755 4342 812 4388 et
835 4331 1028 4388 credet
1057 4331 1109 4386 in
1140 4329 1360 4394 Jesum;
1405 4337 1461 4384 et
1503 4345 1610 4384 non
1642 4329 1750 4385 erit
1778 4327 1848 4384 de
1880 4328 1984 4384 illis
2015 4325 2202 4384 fratri-

585 4426 711 4492 bus,
742 4425 811 4483 de
838 4425 1061 4498 quibus,
1090 4425 1509 4495 scriptumest:
1544 4421 1725 4493 Neque
1757 4423 1894 4476 enim
1936 4432 2055 4475 tunc
2087 4421 2199 4491 fra-

587 4530 690 4574 tres
714 4523 827 4591 ejus
849 4518 1122 4575 credebant
1147 4519 1198 4572 in
1223 4534 1365 4573 cuin.
1392 4515 1451 4571 Si
1475 4530 1584 4570 non
1610 4519 1696 4570 est
1739 4514 2056 4586 Apostolus,
2098 4514 2196 4570 sed

2297 3864 2486 3933 dente,
2515 3863 2607 3919 alii
2635 3865 2726 3922 diu
2758 3865 3019 3922 increduli
3049 3866 3274 3934 fuerint,
3301 3875 3356 3924 et
3397 3867 3540 3923 banc
3573 3867 3746 3930 fuisse
3786 3882 3906 3926 ma-

2300 3967 2438 4013 trem
2465 3956 2654 4014 Jacobi
2678 3966 2735 4014 et
2761 3957 2988 4027 Josetis,
3017 3959 3069 4016 id
3095 3971 3202 4028 est,
3228 3959 3454 4018 Mariam
3487 3959 3747 4031 Cleopba:
3773 3975 3908 4018 uso.

2301 4065 2416 4105 rem
2449 4048 2683 4120 Alpbaci,
2709 4058 2766 4106 et
2787 4049 2926 4106 lianc
2952 4051 3154 4107 dictam
3182 4051 3409 4109 Mariam
3434 4051 3625 4108 Jacobi
3656 4051 3906 4110 minoris.

2300 4144 2432 4213 Qua:
2460 4145 2506 4200 si
2537 4154 2685 4201 esset
2712 4156 2898 4202 mater
2932 4146 3166 4213 Domini,
3191 4147 3364 4218 magis
3389 4162 3536 4215 eam,
3565 4156 3624 4202 ut
3651 4147 3706 4206 in
3734 4147 3913 4202 omni-

2301 4238 2404 4294 bus
2429 4237 2591 4306 locis,
2624 4246 2856 4295 matrem
2888 4238 3035 4294 illius
3061 4239 3411 4310 appellasset,
3443 4251 3499 4297 et
3529 4255 3640 4296 non
3670 4239 3912 4298 aliorum

2303 4331 2542 4388 dicendo
2565 4340 2819 4400 matrem,
2853 4332 3082 4389 alterius
3111 4333 3373 4394 voluisset
3401 4333 3654 4404 intelligi.
3703 4331 3912 4392 Verum

2305 4426 2358 4480 in
2390 4425 2493 4480 hac
2526 4437 2679 4496 parte
2707 4427 3114 4482 contentiosum
3169 4427 3348 4482 funem
3395 4442 3505 4481 non
3555 4424 3749 4492 traho,
3800 4427 3909 4482 alia

2305 4518 2470 4575 fuerit
2498 4517 2664 4575 Maria
2697 4519 2975 4592 Cleopltat,
3010 4519 3115 4576 alia
3142 4518 3306 4577 Maria
3347 4517 3534 4576 Jacobi
3580 4526 3636 4574 ct
3671 4516 3909 4588 Jusctis,

589 4612 824 4670 “tertius
850 4615 1034 4670 nescio
1062 4613 1190 4686 quis
1213 4608 1759 4680 Jacobus,quomodo
1785 4618 1871 4666 est
1895 4607 2065 4666 frater
2092 4608 2199 4664 Do—
2225 4603 2279 4664 D
2305 4612 2600 4667 dunnnodo
2625 4621 2863 4681 constet,
2883 4628 2989 4668 non
3009 4612 3256 4669 eamdem
3288 4611 3511 4669 Mariam
3526 4609 3719 4670 Jacobi
3743 4622 3799 4670 et
3816 4599 3911 4668 Jo-

664 4791 688 4817 ει
717 4778 916 4835 Vocem
943 4779 1099 4833 iidem
1125 4789 1194 4833 ex
1214 4776 1524 4833 Veronensi
1557 4773 1907 4845 sumimus,
1939 4775 2029 4846 qui
2053 4789 2186 4831 con-

589 4861 800 4910 stanter
831 4849 969 4905 infra
997 4849 1260 4924 Josephtis
1282 4846 1610 4924 prtrlosetis
1641 4848 1786 4917 legit.

662 4924 691 4964 ι)
719 4925 853 4978 llinc
880 4919 1322 4992 consrat,'niqnit
1353 4919 1649 4985 Victorius,
1696 4933 1762 4992 eo
1801 4930 2048 4988 tempore
2075 4933 2184 4989 quo

588 4997 840 5053 Christus
872 5009 1065 5064 passus
1109 5003 1192 5047 est
1217 4991 1233 5056 ζ
1261 4992 1467 5062 Ioseph
1497 4992 1679 5046 virum
1713 4991 1902 5046 Maria!
1932 4992 2046 5062 jam
2076 5006 2182 5046 ex-

592 5079 824 5122 tremum
857 5067 998 5118 diem
1025 5065 1248 5117 abiisse.

669 5149 690 5173 ε
747 5138 968 5189 Scilicet
1034 5136 1314 5189 asserebat
1370 5133 1653 5189 Helvidius
1703 5134 1949 5202 Josepltn
2005 5133 2180 5188 fuisse

591 5215 827 5278 quatuor
851 5206 1014 5278 illios
1037 5248 1057 5278 _,
1090 5215 1143 5259 et
1195 5205 1336 5278 ﬁlias
1373 5206 1715 5278 innumeras.
1751 5205 1840 5278 Ε(
1876 5207 2180 5278 innumeras

588 5276 811 5351 quidem
832 5276 941 5332 dici
964 5276 1213 5347 opinatur
1233 5276 1570 5351 Cotelerius,
1585 5277 1799 5351 quodin
1825 5277 2180 5351 noroﬂ'f‘esta-

589 5348 779 5406 mento
828 5364 932 5402 non
991 5358 1365 5410 ιιιιτιιοτοηῐιπ,
1399 5361 1499 5404 nec
1553 5348 1745 5404 Matth.
1804 5364 1930 5409 aut.
1961 5349 2052 5416 56,
2086 5364 2186 5405 nec

590 5421 760 5476 Marc.
794 5437 867 5483 vr,
899 5419 953 5476 3.
995 5418 1104 5476 Sed
1139 5421 1348 5476 variant
1396 5422 1579 5490 reipsa
1608 5419 1841 5474 Veteres
1891 5427 2005 5473 tum
2039 5421 2188 5474 circa

593 5508 905 5554 numerum,
939 5501 1049 5545 tum
1097 5494 1239 5547 eirea
1285 5493 1507 5546 nomina
1541 5491 1779 5545 ﬁliarum
1827 5490 2077 5555 Joseplti.
2129 5491 2187 5546 in

588 5564 864 5638 Chronico
893 5561 1441 5638 lli_:tpolyt_i_'l‘bebani
1464 5579 1498 5638 a
1514 5561 1738 5638 (inlusio
1759 5561 1913 5638 editi,
1937 5561 2192 5638 τέσσαρας

593 5638 693 5725 γὰρ
734 5637 882 5696 υἱοὺς
931 5631 1155 5707 ἔσχετίὸ
1178 5634 1383 5709 Ἰωσήφ,
1415 5636 1500 5689 καί
1531 5631 1626 5687 δύο
1667 5633 1979 5708 θυγατέρας.
2014 5631 2112 5693 Τήῦ
2141 5655 2194 5690 τε

617 5708 782 5766 Εσθήρ
833 5710 915 5760 καὶ
983 5713 1073 5765 τήν
1123 5707 1330 5766 Μάρθαν
1378 5708 1433 5760 ἐκ
1479 5712 1573 5763 τῆς·
1624 5703 1868 5766 γυναικός
1919 5702 2075 5758 αὐτ·υῦ
2106 5713 2198 5766 τῆς

640 5728 782 5763 ισυηρ
833 5729 915 5760 και
983 5729 1073 5763 την
1124 5728 1330 5763 Μαρσαν
1378 5728 1433 5760 εκ

619 5723 782 5778 rio-Ur}?
833 5723 915 5760 καὶ
983 5723 1073 5765 τήν
1123 5723 1330 5782 alapam
1378 5723 1433 5760 εκ
1479 5723 1573 5763 της·
1624 5723 1868 5826 ’ς-ηαικος
1919 5723 2075 5758 “Vm
2106 5723 2198 5766 τῆς

605 5776 859 5848 $90M“-
891 5775 1139 5848 O'a'rmrir
1166 5774 1515 5848 ’ᾼγκαὲον,τοῡ
1547 5772 1636 5848 ᾇόί
1659 5778 1765 5848 φοῦ
1794 5778 2198 5848 “arbusta.

607 5797 859 5844 ιωωμης,
891 5797 1050 5846 υνοιατ
1087 5797 1139 5836 ος
1182 5797 1396 5848 Δγ-αιον
1426 5797 1515 5831 TOU
1547 5797 1761 5846 aosupou
1795 5797 2198 5846 MXGP‘OU,CIC.

606 5844 840 5905 Quatuor
859 5846 994 5898 enim
1021 5797 1156 5912 βίοι
1189 5800 1363 5900 habuit
1387 5843 1607 5916 Ioseph,
1639 5856 1687 5901 et
1730 5843 1859 5898 duas
1887 5842 2049 5912 ﬁlias,
2103 5845 2202 5901 Es-

2291 4777 2404 4852 ther
2430 4787 2477 4852 et
2509 4776 2772 4852 Mart/tant
2803 4794 2865 4852 ea“.
2891 4793 3055 4852 araora
3095 4795 3196 4852 sua
3226 4777 3466 4852 Salone,
3499 4791 3616 4852 ante
3653 4778 3759 4852 fuit
3795 4775 3907 4846 ﬁlia

2290 4849 2470 4922 Aggrei
2497 4851 2680 4920 fratris
2707 4849 3004 4913 Zachariae,
3036 4860 3143 4906 etc.
3176 4851 3326 4906 Bina;
3368 4849 3533 4922 etiam
3562 4850 3631 4902 ab
3663 4849 3900 4922 Epipha-

2291 4919 2389 4974 nio
2400 4919 2780 4988 recensentur,
2800 4923 2896 4976 sed
2917 4923 3040 4976 aliis
3065 4923 3384 4978 nominibus
3401 4921 3456 4976 Μ
3461 4921 3574 4975 aria
3593 4930 3644 4975 et
3667 4919 3899 4975 Saturne.

2289 4994 2361 5047 At
2404 4992 2464 5048 S.
2499 4992 2739 5046 Hilarius
2769 4994 2822 5046 in
2852 4992 3092 5048 Mattlttei
3125 5011 3246 5063 cap.
3277 5010 3295 5049 ι
3330 5011 3344 5046 :
3392 4991 3666 5056 Homines,
3701 4991 3898 5063 inquit,

2288 5064 2581 5136 ρναυῦσςῇηὲ
2604 5069 2916 5133 ρνωευηωηι
2939 5061 3204 5136 opinionis
3221 5081 3331 5120 sure
3353 5066 3737 5123 auctoritatem.
3764 5061 3903 5134 quod

2288 5131 2468 5207 pfures
2490 5131 3031 5207 Dontinuntnourum
3055 5140 3248 5206 fratres
3269 5135 3514 5190 habuisse
3536 5131 3897 5207 sit‘traditum.

2290 5204 2394 5278 Qui
2425 5205 2470 5258 si
2505 5204 2691 5278 Marica
2717 5204 2830 5278 Aﬁfii
2874 5204 3117 5277 fuissent,
3159 5218 3208 5261 et
3253 5224 3357 5262 non
3395 5208 3568 5278 potius
3595 5204 3794 5277 lost-ph
3839 5222 3903 5259 ex

2287 5277 2461 5357 priore
2504 5276 2762 5357 .conj-ugio
2811 5276 3056 5357 suscepti,
3099 5276 3474 5357 numq-nantia
3513 5276 3740 5357 tempore
3784 5293 3905 5346 pas-

2290 5345 2451 5403 sionis
2488 5345 2691 5401 loanni
2731 5345 2978 5418 Apostofo
3035 5345 3351 5422 transcripta
3399 5357 3531 5403 esset
3568 5345 3624 5403 ia
3663 5345 3900 5414 matrem,

2292 5428 2405 5477 etc.

2366 5488 2393 5530 ιι
2437 5489 2576 5547 Vide
2626 5489 2804 5561 ipsum
2859 5489 3254 5562 Hieronymum
3310 5492 3364 5546 in
3409 5489 3792 5562 commentor.
3851 5491 3904 5545 in

2294 5563 2494 5618 Isaiam
2511 5577 2642 5632 cap.
2667 5578 2796 5618 xvn.
2823 5562 2993 5618 Vetus
3020 5561 3170 5620 enim
3200 5579 3266 5620 ae
3304 5561 3529 5618 rancida
3559 5564 3799 5633 quaestio
3821 5569 3909 5618 est

2299 5635 2368 5690 de
2399 5635 2576 5690 tribus
2601 5633 2844 5699 Jacobis,
2875 5635 3062 5695 multis
3094 5643 3211 5690 tum
3242 5643 3516 5697 veterum,
3559 5643 3678 5688 sum
3707 5649 3906 5691 recen-

2301 5705 2503 5762 tiorum
2531 5705 3254 5777 disputationibusuagitm.

2374 5785 2401 5816 ⁸
2432 5774 2786 5846 Veronensis,
2815 5774 3084 5832 nonnemo
3107 5779 3282 5834 causis
3312 5776 3621 5833 immittendi
3657 5777 3908 5844 anubis,
