4068 6358
191 347 303 408 197

1038 346 1124 402 ne
1165 343 1537 403 pauperes
1580 321 2025 404 VIRGlNiTATE
2065 343 2128 400 Β.
2169 342 2416 402 manus
2456 344 2684 402 LIBER.

3420 348 3520 407 198

195 461 344 518 setis
371 475 515 527 esse,
533 475 694 534 quant
715 467 941 517 matrem
961 459 1275 516 Domini.Et
1297 458 1462 522 unde,
1491 458 1594 526 ais,
1618 456 1815 512 fratres
1842 460 1896 522 Α
1921 453 2083 528 (Ibid.
2106 453 2218 530 l6).
2241 455 2601 515 Sufﬁciebant
2644 455 2760 510 btec
2793 451 2861 509 ad
2894 466 2959 508 ea
2989 467 3112 524 quae
3145 453 3390 510 diximus
3431 472 3525 527 ap-

199 549 436 607 Domini
466 553 596 608 dicti
628 564 774 620 sunt,
806 551 896 625 qui
928 567 1032 608 non
1058 561 1214 610 erant
1240 550 1474 607 fratres?
1509 549 1627 606 iam
1675 563 1820 625 mine

199 641 526 712 doceberis,
563 656 797 718 quatuor
850 645 1022 700 modis
1059 646 1110 699 in
1139 643 1441 718 Scripturis
1476 625 1680 698 divinis
1705 623 1816 697 ait”.

197 744 326 794 tres
355 737 487 808 dici,
512 750 727 805 natura,
758 748 937 812 gente,
966 740 1315 811 cognatione,
1340 737 1560 794 affectu.
1589 736 1816 802 Natura,

197 830 380 898 Esm,
417 833 606 905 Jacob,
664 845 688 872 ³
730 835 1017 892 duodecim
1068 834 1430 902 Patriarclue,
1474 833 1721 888 Andreas
1771 839 1825 887 ct

195 919 432 993 Petrus,
462 927 698 983 Iacobus
724 935 778 983 et
805 925 1068 982 Joannes.
1100 926 1302 994 Geute,
1348 940 1462 997 qua
1501 941 1692 981 omnes
1729 924 1825 981 Ju-

205 1016 317 1073 dzt'i
349 1020 492 1076 inter
522 1036 582 1077 se
613 1021 811 1077 fratres
848 1031 1142 1086 vocantur,
1169 1029 1229 1076 ut
1269 1020 1324 1076 in
1361 1019 1822 1075 Deuterouomio:

206 1108 274 1165 Si
305 1121 474 1166 autem
507 1114 688 1168 emeris
715 1115 930 1184 fratrem
963 1124 1131 1178 tuum,
1176 1113 1267 1184 qui
1314 1123 1388 1166 est
1442 1110 1717 1178 Hebrwus,
1746 1109 1824 1164 vel

202 1219 326 1274 qua:
370 1214 444 1259 est
495 1203 738 1274 Hebra’a,
788 1207 972 1263 serviet
1020 1205 1111 1259 tibi
1155 1221 1244 1260 sea:
1288 1205 1436 1259 annis
1467 1220 1485 1262 .'
1518 1212 1566 1258 et
1608 1203 1822 1276 septimo

205 1311 352 1350 anno
381 1298 602 1354 dimittes
629 1313 744 1354 eum
775 1299 995 1354 liberum
1028 1297 1118 1352 abs
1150 1308 1196 1352 te
1237 1297 1417 1371 (Deut.
1457 1311 1549 1363 XV,
1590 1295 1700 1368 12).
1757 1294 1825 1351 Ει

204 1388 268 1443 ἱη
296 1390 487 1446 eodem
515 1410 528 1445 :
555 1385 932 1448 Constituendo
957 1393 1234 1446 constitues
1259 1407 1415 1464 super
1441 1399 1487 1445 te
1516 1389 1824 1466 principem,

203 1497 362 1551 quem
396 1485 604 1558 elegerit
640 1484 892 1539 Dominus
924 1483 1060 1540 Deus
1088 1495 1232 1551 tuus,
1281 1501 1397 1538 eum
1441 1483 1529 1555 qui
1555 1498 1619 1538 ea:
1649 1481 1826 1553 fratri-

210 1573 317 1629 bus
365 1579 462 1632 tuis
506 1579 594 1634 sit.
630 1577 753 1634 Non
807 1581 942 1633 enim
993 1579 1182 1652 poteris
1224 1580 1536 1633 constituere
1579 1593 1733 1649 super
1781 1584 1828 1630 te

207 1667 481 1724 hominem
512 1672 872 1750 alienigenam,
898 1673 1019 1742 quia
1047 1670 1223 1744 [Fort.
1252 1671 1369 1744 qui]
1406 1688 1508 1725 non
1553 1681 1625 1725 est
1667 1671 1829 1743 frater

209 1769 346 1816 tuus
376 1761 553 1836 (Deut.
583 1783 720 1832 χχιι,
751 1767 806 1832 1,
829 1765 912 1838 Ξ).
971 1767 1036 1820 Et
1083 1780 1300 1820 rursum
1330 1782 1342 1818 :
1380 1763 1462 1818 Ne
1511 1765 1618 1819 viso
1667 1761 1827 1818 vitulo

1925 545 2220 616 probanda.
2250 547 2357 603 Sed
2394 563 2461 602 ne
2508 546 2562 600 in
2605 544 2784 616 aliquo
2827 543 3123 607 cavilleris,
3173 553 3229 599 et
3276 555 3327 597 te
3373 548 3526 613 qttasi

1923 638 2159 696 lubricus
2185 640 2378 712 anguis
2417 639 2666 702 evolvas,
2695 637 3132 693 testimoniorum
3172 635 3530 706 stringendus

1925 746 1983 787 es
2011 733 2262 800 vinculis,
2311 748 2380 788 ne
2420 731 2682 805 querulus
2725 730 2933 796 sibiles,
2961 739 3017 786 et
3051 731 3223 797 dicas,
3267 741 3322 786 tc
3361 729 3533 799 magis

1924 828 2487 898 argumentationibus
2545 826 2846 894 tortuosis,
2896 841 3057 896 quam
3119 824 3530 893 Scripturarum

1925 922 2154 977 veritate
2183 931 2524 994 superatum.
2557 919 2750 985 Jacob,
2778 918 2928 974 Isaac
2957 919 3104 973 filius
3142 933 3206 974 ac
3239 919 3530 989 Rebeccae,

1925 1029 2048 1070 cum
2094 1015 2274 1072 fratris
2311 1015 2541 1073 insidias
2581 1023 2873 1080 metuens,
2916 1012 3367 1085 Mesopotamiam
3413 1029 3534 1084 per-

1926 1109 2181 1180 rexisset,
2209 1112 2443 1168 accessit
2469 1119 2526 1168 et
2550 1109 2786 1166 devolvit
2837 1107 3071 1178 lapidem
3113 1107 3184 1166 ab
3224 1124 3321 1166 ore
3363 1107 3536 1179 putei,

1927 1210 1981 1256 et
2005 1201 2450 1274 adaquavitovcs
2485 1202 2669 1260 Laban
2697 1201 2887 1258 fratris
2932 1202 3127 1259 matris
3165 1217 3278 1256 suae
3323 1201 3534 1274 (Cenes.

1929 1309 2102 1348 xxvtn
2119 1304 2165 1350 et
2184 1294 2361 1370 xxxx).
2385 1294 2455 1349 Et
2483 1293 2747 1350 osculatus
2773 1304 2844 1348 est
2870 1291 3034 1349 Iacob
3055 1292 3272 1357 Rachel,
3300 1305 3345 1348 et
3366 1293 3538 1349 excla-

1930 1404 2078 1442 mans
2108 1404 2226 1442 voce
2254 1405 2368 1448 sua.
2400 1387 2642 1462 ploravit,
2671 1398 2717 1442 et
2746 1387 2995 1441 indicavit
3026 1385 3247 1452 Rachel,
3278 1385 3399 1456 quia
3429 1389 3538 1454 fra-

1932 1491 2006 1536 ter
2026 1491 2101 1537 est
2118 1482 2280 1554 patris
2300 1487 2430 1556 ejus.
2457 1493 2506 1537 et
2525 1482 2650 1554 quia
2673 1483 2813 1551 ﬁlius
2835 1480 3080 1536 Rebeccw
3108 1488 3183 1534 est
3204 1478 3358 1550 (Ceu.
3387 1495 3535 1548 χιιι,

1931 1573 2042 1647 Η).
2075 1574 2217 1631 Ecce
2247 1584 2300 1630 et
2330 1575 2422 1630 bie
2449 1574 2639 1630 eadem
2670 1575 2788 1645 lege
2834 1589 2943 1646 qua
2987 1587 3184 1642 supra,
3221 1572 3412 1637 frater,
3445 1588 3535 1626 so-

1932 1667 2073 1724 roris
2100 1667 2244 1723 tilius
2271 1667 2603 1739 appellatur.
2631 1668 2698 1725 Et
2732 1669 2928 1724 iterum
2959 1665 3145 1722 :Dixit
3169 1676 3334 1721 autem
3358 1665 3538 1722 Latum

1933 1762 2000 1816 ad
2028 1760 2190 1817 Iacob
2216 1779 2234 1817 :
2261 1761 2520 1831 Quoniam
2555 1763 2716 1835 frater
2744 1778 2886 1815 naeus
2917 1778 2992 1826 es,
3043 1777 3145 1815 non
3186 1762 3373 1815 servies
3413 1759 3540 1814 mihi

207 1856 399 1924 fratris
425 1861 518 1925 tui,
551 1863 629 1916 vel
658 1879 749 1916 ove
778 1864 891 1934 ejus
936 1863 1232 1916 errantibus
1274 1877 1363 1933 per
1410 1861 1565 1924 viam,
1598 1860 1831 1934 negligas
1863 1865 1908 1926 Β
1936 1857 2098 1930 gratis
2128 1855 2285 1922 (Gen.
2314 1871 2468 1920 xxrx,
2497 1855 2609 1924 '19).
2639 1854 2730 1910 Dic
2759 1854 2914 1918 mihi,
2945 1869 3066 1923 quae
3092 1853 3166 1908 sit
3192 1869 3402 1910 merces
3427 1862 3533 1908 tua.

207 1965 280 2003 ea
305 1966 324 2004 :
355 1950 661 2008 Rottersione
692 1955 904 2008 reduces
955 1971 1017 2008 ea
1061 1955 1213 2026 fratri
1254 1965 1360 2008 tuo.
1395 1952 1422 1991 ιδ
1451 1951 1602 2022 Quod
1639 1952 1686 2006 si
1731 1968 1833 2005 non

207 2046 602 2118 appropinquat
638 2045 728 2099 tibi
760 2046 920 2115 frater
947 2056 1086 2109 tuus,
1112 2063 1271 2116 neque
1314 2048 1512 2102 noveris
1551 2062 1697 2114 eum,
1725 2044 1837 2100 col-

207 2129 348 2206 liges
404 2155 465 2190 ea
511 2139 656 2190 intra
707 2137 916 2190 domum
966 2146 1107 2190 tuam
1137 2154 1155 2190 :
1181 2149 1228 2190 et
1269 2148 1421 2192 erunt
1465 2147 1631 2192 tecum
1675 2137 1838 2191 donec

207 2241 428 2300 quwrat
460 2247 523 2284 ea
570 2235 729 2302 frater
771 2241 908 2297 tuus,
941 2241 990 2285 et
1029 2233 1214 2286 reddes
1241 2233 1288 2287 ei
1335 2231 1514 2304 (Deut.
1546 2247 1690 2297 xv",
1725 2230 1836 2303 il).

207 2321 292 2377 Et
328 2321 634 2388 Apostolus
663 2321 882 2388 Paulus,
920 2323 1198 2395 Optabam,
1232 2325 1426 2395 inquit,
1459 2341 1554 2398 ego
1581 2326 1688 2397 ipse
1711 2340 1842 2380 ana-

208 2413 400 2469 thema
429 2430 540 2467 esse
569 2431 601 2467 a
633 2411 837 2471 Christo
880 2433 974 2489 pro
1013 2415 1265 2485 fratribus
1297 2419 1438 2482 meis,
1489 2418 1723 2490 cognatis
1763 2434 1843 2473 se-

213 2505 456 2560 cundum
486 2522 715 2570 carnem,
763 2508 849 2578 qui
893 2520 1016 2561 sunt
1061 2505 1319 2564 Israelitte
1365 2509 1542 2582 (Rom.
1570 2525 1646 2576 lx,
1675 2510 1728 2576 ὃ,
1759 2508 1838 2582 4).

219 2597 402 2654 Porro
430 2600 761 2670 cognatione
791 2600 988 2656 fratres
1021 2610 1310 2668 vocantur,
1344 2604 1434 2674 qui
1481 2611 1610 2657 sunt
1647 2601 1714 2658 de
1739 2617 1845 2658 una

222 2692 462 2760 familia,
506 2692 559 2750 id
588 2704 692 2762 est,
723 2706 744 2734 ο
772 2697 943 2768 patria
967 2713 986 2750 :
1025 2711 1164 2768 quas
1212 2695 1389 2754 Latini
1424 2699 1588 2774 παι
1613 2697 1845 2772 paterni-

223 2794 360 2842 tates
405 2787 876 2858 interpretantur;
926 2805 1050 2845 cum
1080 2805 1148 2845 ex
1178 2806 1282 2846 una
1317 2791 1502 2848 radice
1542 2793 1711 2848 multa
1751 2808 1844 2863 ge-

224 2883 380 2939 neris
430 2882 589 2937 turba
640 2883 982 2950 diffunditur,
1032 2894 1090 2940 ιιι
1132 2887 1184 2940 in
1226 2885 1448 2943 Genesi.
1501 2885 1650 2942 Dixit
1674 2898 1845 2942 autem

231 2974 500 3032 Abraham
525 2978 592 3034 ad
620 2975 719 3032 Lot
746 2995 764 3033 :
790 2981 910 3034 Non
934 2981 998 3034 sit
1024 2981 1142 3034 rixa
1165 2981 1297 3035 inter
1327 2996 1405 3035 me
1429 2990 1475 3036 et
1503 2991 1572 3048 te,
1617 2991 1663 3036 et
1713 2982 1847 3035 inter

228 3080 471 3142 pastores
500 3088 636 3125 meos
659 3083 708 3125 et
749 3081 979 3144 pastores
1010 3082 1146 3139 tuos,
1183 3074 1306 3143 quia
1333 3071 1358 3110 ἀ
1385 3075 1615 3129 homines
1658 3079 1846 3146 fratres

231 3177 333 3215 nos
355 3179 552 3217 sumus.
585 3161 794 3233 Ibique,
825 3174 872 3218 et
899 3163 1052 3238 elegit
1080 3165 1178 3218 sibi
1210 3164 1306 3219 Lot
1347 3168 1609 3237 regionem
1646 3164 1843 3222 Iorda-

235 3253 342 3317 nis,
371 3264 420 3308 et
452 3253 664 3309 elevavit
697 3255 793 3310 Lot
839 3256 902 3309 ab
937 3255 1167 3326 Oriente,
1213 3267 1259 3312 et
1302 3257 1646 3315 discesserunt
1690 3276 1852 3314 unus-
1881 3257 1926 3322 C

234 3347 458 3418 quisque
483 3365 514 3401 a
538 3349 702 3419 fratre
723 3365 818 3402 suo
850 3347 1002 3421 (Gen.
1027 3366 1142 3413 xm,
1170 3353 1249 3422 8).
1293 3351 1364 3406 Ει
1411 3361 1560 3409 certe
1604 3352 1710 3408 Lot
1744 3369 1851 3408 non

235 3451 328 3496 est
384 3441 554 3498 frater
603 3443 873 3510 Abrahae,
923 3444 1021 3500 sed
1073 3445 1216 3501 ﬁlius
1263 3446 1450 3504 fratris
1495 3453 1616 3518 eius
1663 3447 1850 3502 Aram.

237 3533 426 3591 Thara
458 3534 660 3607 quippe
695 3537 885 3608 genuit
913 3538 1188 3594 Abraham
1222 3551 1278 3594 et
1303 3539 1519 3596 Naclior
1558 3549 1615 3596 et
1650 3542 1854 3598 Aram:

242 3638 301 3685 et
325 3628 501 3685 Aratn-
520 3633 708 3702 genuit
733 3631 854 3688 Lot.
890 3634 958 3692 Et
984 3650 1204 3691 rursum
1231 3652 1244 3689 :
1269 3633 1530 3692 Abraham
1551 3645 1723 3690 autent
1745 3644 1856 3690 erat

243 3740 508 3779 annorum
533 3727 858 3799 septuaginta
891 3729 1143 3799 quinque,
1174 3747 1291 3784 cum
1329 3733 1491 3785 exiret
1531 3731 1594 3784 de
1625 3728 1854 3785 Charon.

244 3815 316 3872 Et
341 3821 562 3892 sumpsit
585 3821 849 3875 Abraham
884 3822 1074 3876 Sarant
1105 3840 1319 3879 uxorem
1355 3841 1540 3891 suam,
1579 3834 1628 3882 et
1669 3823 1768 3879 Lat
1795 3825 1860 3894 ﬁ-

244 3911 374 3967 lium
402 3915 586 3986 fratris
615 3915 694 3967 sui
724 3913 881 3986 (Gen.
907 3932 1012 3983 xu,
1051 3915 1132 3985 4).
1177 3917 1334 3986 Quod
1366 3919 1410 3974 si
1443 3919 1616 3974 adhuc
1643 3918 1860 3974 dubitas

245 4004 499 4071 fratrem,
533 4007 721 4064 fratris
748 4008 922 4064 filium
949 4011 1250 4081 nuncupari
1268 4053 1284 4077 ,
1315 4013 1502 4086 accipe
1531 4013 1860 4084 exentplum.

251 4098 384 4156 Cum
426 4111 601 4157 autem
638 4104 868 4159 audisset
911 4104 1194 4173 Abraham,
1235 4107 1358 4178 quia
1409 4108 1639 4180 captivus
1680 4108 1865 4162 ductus

251 4205 327 4248 est
353 4195 448 4249 Lat
483 4195 650 4265 frater
669 4213 814 4262 suns,
849 4200 1132 4254 numeravit
1158 4200 1459 4256 vernaculos
1503 4217 1626 4256 suos
1673 4213 1870 4256 trecew—

257 4297 332 4342 tos
362 4290 545 4344 decem
573 4297 624 4344 et
649 4297 760 4345 octo
791 4289 947 4365 (Gen.
973 4308 1086 4361 xxv,
1117 4291 1228 4365 ts).
1256 4293 1326 4350 Et
1351 4311 1472 4352 cum
1492 4296 1696 4354 cuzdem
1734 4309 1868 4353 loc-

1940 1948 2191 2019 Erpletis
2221 1949 2408 2020 itaque
2432 1947 2626 2018 viginti
2651 1947 2830 2010 anuis,
2865 1963 2990 2003 cum
3018 1947 3305 2018 ignorante
3325 1960 3542 2010 socero,

1938 2041 2200 2097 uxoribus
2223 2041 2456 2113 ﬁliisque
2483 2041 2775 2096 comitatus
2799 2048 3168 2098 reverteretur
3191 2041 3258 2096 ad
3288 2041 3544 2112 patriam,

1939 2145 2270 2192 consecutus
2294 2145 2379 2190 est
2404 2137 2568 2208 232
2592 2149 2718 2191 eum
2755 2133 2942 2191 Laban
2990 2136 3045 2190 in
3086 2143 3275 2190 monte
3317 2133 3545 2190 Galaad.

1942 2229 2157 2287 Etcum
2189 2231 2333 2287 idola
2355 2247 2478 2302 quae
2508 2228 2712 2286 Rachel
2743 2228 3057 2284 occultabat
3082 2229 3312 2299 quassita
3334 2241 3442 2282 non
3467 2227 3546 2282 in-

1944 2322 2191 2381 venisset
2214 2325 2266 2377 in
2299 2322 2552 2387 sarcinis,
2589 2320 2875 2392 respondit
2902 2319 3096 2386 Iacob,
3125 2331 3180 2374 et
3200 2319 3341 2376 dixit
3360 2319 3427 2374 ad
3449 2319 3550 2374 La-

1944 2416 2090 2473 bau:
2135 2416 2266 2482 Quae
2305 2417 2466 2489 culpa
2509 2432 2626 2473 mea
2666 2424 2764 2483 est,
2809 2424 2859 2472 et
2905 2415 3042 2485 quod
3071 2416 3312 2470 delictum
3355 2431 3548 2480 meum,

1945 2509 2084 2581 quod
2107 2519 2403 2583 persecutus
2441 2526 2493 2563 es
2524 2508 2647 2562 me?
2678 2518 2726 2564 et
2768 2523 2935 2578 quare
2977 2515 3243 2562 scrutatus
3285 2523 3337 2561 es
3380 2505 3553 2559 omnia

1948 2619 2069 2658 vasa
2098 2601 2253 2658 mea?
2281 2602 2422 2670 Quid
2448 2602 2686 2656 invenisti
2715 2601 2778 2654 de
2806 2600 3038 2654 omnibus
3071 2610 3092 2637 ο
3126 2599 3266 2653 luis?
3304 2597 3448 2652 Pone
3474 2597 3558 2653 hic

1945 2694 2001 2750 in
2030 2704 2310 2767 conspectu
2335 2697 2563 2766 fratrum
2593 2702 2803 2747 tuorum
2848 2700 2896 2746 et
2942 2694 3168 2764 fratrum
3215 2706 3440 2744 meorum
3465 2706 3482 2745 :
3513 2699 3559 2744 et

1946 2788 2259 2862 redargueut
2307 2789 2440 2844 inter
2486 2804 2580 2844 nos
2629 2786 2758 2840 duos
2805 2783 2962 2857 (Gen.
3009 2801 3161 2850 χχιι,
3187 2785 3279 2851 56,
3304 2783 3417 2856 57).
3454 2784 3560 2840 Re-

1946 2882 2178 2956 sponde,
2203 2881 2296 2955 qui
2319 2883 2429 2939 sint
2460 2881 2547 2938 isti
2575 2880 2782 2937 fratres
2801 2879 2972 2936 laenb
2997 2887 3055 2933 et
3074 2878 3278 2943 Laban,
3304 2879 3394 2950 qui
3434 2887 3558 2933 tunc

1945 2975 2162 3032 fuerant
2187 2976 2240 3030 iu
2276 2974 2557 3043 praesenti.
2588 2972 2737 3028 Esau
2756 2979 2907 3029 certe
2950 2970 3118 3026 frater
3161 2969 3335 3027 Jacob
3358 2971 3558 3027 absens

1948 3079 2092 3138 erat,
2113 3079 2168 3126 et
2189 3069 2374 3124 Laban
2401 3067 2548 3125 (ilius
2571 3065 2802 3124 Balbuel
2833 3065 3061 3134 fratres,
3097 3074 3330 3136 excepta
3367 3080 3558 3121 sorore

1951 3164 2223 3228 Rebecca,
2252 3179 2368 3220 non
2388 3161 2604 3220 habuit.

2033 3260 2119 3315 l5.
2162 3257 2588 3317 Innumerabilia
2615 3266 2744 3314 sunt
2775 3255 3117 3323 istiusmodi,
3146 3255 3299 3313 libris
3339 3255 3544 3340 inserta

1955 3351 2183 3409 divinis.
2210 3349 2324 3410 Sed
2351 3365 2418 3407 ne
2451 3351 2670 3420 longum
2699 3349 2934 3417 faciam,
2985 3349 3053 3408 ad
3086 3358 3389 3406 extremm
3419 3347 3564 3402 divi-

1959 3446 2138 3503 sionis
2169 3454 2378 3515 partem
2409 3450 2686 3511 revertar,
2731 3442 2788 3499 id
2831 3451 2950 3510 est,
3012 3452 3070 3498 et
3114 3443 3318 3499 affectu
3366 3441 3563 3498 fratres

1959 3537 2100 3605 dici,
2133 3537 2224 3608 qui
2258 3536 2309 3591 in
2341 3535 2448 3594 duo
2474 3535 2774 3600 scinditur,
2812 3534 2830 3572 ί
2885 3534 2938 3591 in
2968 3534 3217 3605 Spiritale
3245 3543 3302 3591 et
3333 3534 3383 3587 in
3416 3547 3568 3589 com-

1962 3645 2146 3688 mune.
2170 3629 2506 3699 ln‘spiritale
2524 3671 2542 3695 ,
2566 3627 2695 3700 quia
2719 3643 2909 3685 omnes
2931 3627 3230 3685 Christiani
3257 3629 3454 3684 fratres
3473 3645 3569 3686 vo-

1965 3739 2183 3792 camur,
2209 3731 2269 3777 ttt
2298 3721 2374 3778 ibi
2401 3739 2414 3776 :
2439 3719 2576 3777 Ecce
2596 3737 2753 3792 quam
2779 3721 2970 3774 bonum
3015 3730 3062 3775 et
3092 3737 3248 3790 quam
3266 3719 3565 3793 jucundum

1962 3817 2198 3872 habitare
2236 3820 2424 3885 fratres
2475 3815 2530 3869 in
2565 3830 2724 3868 unum
2761 3813 2885 3885 (Ps.
2917 3829 3144 3877 cxxrut,
3172 3813 3254 3884 1).
3285 3811 3352 3867 Et
3373 3812 3565 3872 inalio

1965 3911 2179 3984 psalmo
2207 3908 2462 3965 Salvator
2487 3925 2500 3962 :
2530 3905 2804 3974 Narrabo,
2838 3907 3044 3979 inquit,
3076 3922 3259 3960 nomen
3290 3916 3432 3962 tuum
3458 3912 3568 3982 fra-

1968 4003 2133 4058 tribus
2158 4003 2284 4058 mcis
2315 3998 2435 4073 (Ps.
2469 4014 2560 4068 ιι,
2581 3998 2654 4054 25
2675 4001 2718 4070 ).
2745 3999 2814 4053 Et
2840 3999 2972 4054 alibi
2997 4017 3009 4053 :
3033 3997 3178 4054 Vade
3205 3998 3291 4052 dic
3319 3997 3567 4069 fratribus

1967 4097 2094 4152 meis
2125 4093 2304 4166 (Joan.
2335 4108 2426 4155 xx,
2461 4093 2526 4146 t7
2551 4090 2593 4163 )i.
2629 4092 2798 4147 Porro
2824 4091 2878 4145 ia
2905 4105 3236 4156 earn-mune,
3285 4089 3413 4158 quia
3451 4105 3570 4145 om-

1975 4204 2072 4247 nes
2091 4203 2158 4244 ex
2181 4195 2291 4242 uno
2320 4194 2474 4257 pom
2504 4184 2643 4253 nati,
2699 4186 2818 4256 pari
2863 4186 3010 4240 inter
3058 4195 3166 4240 nos
3207 4183 3576 4254 germanitate

1976 4278 2377 4353 coniungimus.
2403 4268 2608 4346 Dicite,
2631 4278 2746 4347 ait,
2774 4279 2852 4334 his
2881 4277 2970 4348 qui
2997 4277 3215 4334 oderant
3245 4293 3363 4345 vos,
3380 4279 3570 4349 fratres

259 4385 399 4440 turni
432 4385 642 4454 impetu
667 4383 1288 4458 deseripsisset,-,adjecit
1311 4388 1414 4458 :th
1437 4391 1644 4446 reduxit
1667 4406 1871 4444 omnem
1979 4378 2146 4436 nostri
2173 4378 2298 4433 estis
2310 4375 2452 4448 (tau.
2477 4374 2572 4430 ult.
2602 4389 2720 4446 cap.
2751 4389 2856 4427 sec.
2886 4370 3036 4442 axx).
3074 4372 3144 4426 Et
3163 4372 3465 4443 Apostolus
3505 4374 3573 4430 ad

255 4478 549 4546 equitatum
575 4477 946 4547 Sodomorum,
977 4488 1025 4534 et
1055 4478 1158 4532 Lot
1186 4481 1400 4550 fratrem
1437 4496 1590 4535 suum
1615 4481 1871 4536 revocavit

1979 4472 2338 4532 Corinthios:
2394 4469 2462 4526 Si
2509 4479 2534 4517 ε
2591 4469 2709 4539 quis
2739 4469 2900 4536 frater
2939 4466 3238 4520 nominatur
3265 4466 3577 4536 fornicator,

336 4621 360 4684 ἒ
401 4613 608 4668 Locum
659 4613 803 4667 hunc
849 4629 917 4668 ex
965 4613 1304 4684 Hieron-ymo
1349 4613 1600 4669 recitatis
1625 4615 1865 4669 Isidorus
1896 4614 1942 4673 D
1971 4621 2072 4683 quo
2101 4609 2275 4684 atmiis
2293 4608 2578 4677 patemitas
2602 4601 2818 4684 inertiis
2847 4611 2898 4655 et
2926 4603 2986 4656 in
3006 4611 3148 4659 terra
3169 4607 3576 4684 omniaomnia

262 4682 546 4754 Qrigiuum
579 4685 676 4739 lib.
709 4700 912 4751 tx,cap.
943 4689 994 4749 (ἱ,
1020 4685 1128 4739 duo
1152 4682 1344 4739 ismare
1375 4687 1559 4750 verba,
1593 4685 1868 4740 duodecim

267 4753 614 4820 Patriarehc,
637 4756 1208 4822 onuttit.,\ioraneusis
1235 4771 1368 4812 vero
1388 4757 1551 4825 liber,
1579 4756 1785 4814 Natura
1817 4768 1870 4811 ut

270 4825 412 4880 Esau
441 4869 456 4891 ,
476 4841 522 4880 et
547 4825 735 4894 λιιι-οὺ,
756 4837 803 4882 et
833 4827 1128 4895 duodecim,
1162 4838 1268 4884 etc.

339 4897 364 4935 ι’
398 4900 562 4952 Addit
600 4898 933 4953 Veronensis
963 4898 1122 4964 liber,
1164 4911 1212 4953 et
1242 4901 1427 4955 reddes
1448 4917 1512 4956 ea
1539 4901 1693 4972 fratri
1723 4909 1832 4952 tuo.

343 4980 363 5006 ε
394 4967 462 5023 Id
487 4980 579 5023 est.
612 4971 804 5023 nat-ria.
827 4969 1073 5023 Genuina
1106 4970 1221 5023 haec
1251 4981 1332 5023 est
1357 4971 1514 5023 lectio
1545 4987 1677 5023 mss.
1724 4971 1822 5023 cod

343 4980 363 5006 ε
394 4980 462 5023 ια
487 4980 579 5027 est.

267 5054 414 5106 cum,
447 5040 733 5117 facilisque
757 5040 1010 5117 lectori-si
1036 5042 1418 5117 sultintolligat
1446 5045 1663 5117 patrias,
1690 5043 1741 5117 id
1767 5053 1868 5106 est,

269 5127 405 5180 quas
437 5114 640 5181 patrias
681 5115 796 5167 sive
839 5111 1072 5167 familias
1104 5115 1276 5167 Latini
1309 5111 1668 5182 [internitales
1702 5116 1872 5168 inter-

275 5192 581 5256 pretantur.
607 5182 744 5238 Vide
768 5201 934 5251 supra
954 5185 1261 5256 Comment.
1295 5187 1346 5239 in
1379 5187 1551 5249 Epist.
1577 5187 1642 5242 ad
1669 5186 1868 5256 Epltes.

273 5267 391 5322 cap.
422 5253 793 5332 5._Msn_trtsn.
835 5255 1118 5332 -:_l\tulim
1150 5272 1260 5332 ego
1281 5257 1385 5327 legi
1416 5258 1608 5316 Graece
1636 5253 1830 5332 irai-pia}
1853 5301 1866 5320 .

275 5325 738 5395 quemadmodum
769 5337 826 5381 et
862 5326 1141 5381 Victorius
1174 5325 1360 5393 habet,
1392 5345 1515 5384 etnn
1555 5342 1720 5385 antea
1743 5325 1870 5397 'pe'r-

277 5410 470 5466 peratn-
494 5398 882 5470 essetputrite:
907 5400 1120 5454 tametsi
1150 5400 1340 5455 Latine
1376 5404 1546 5470 patria
1570 5418 1698 5456 mss.
1735 5401 1868 5456 effe-

277 5476 418 5544 rjtnt,
450 5479 616 5544 atque
640 5468 898 5524 Isidorus.
927 5474 1104 5544 Atque
1132 5487 1194 5526 ea
1223 5468 1444 5544 quidem
1476 5489 1580 5526 vox
1605 5473 1794 5544 patria,
1841 5487 1867 5524 a

277 5537 616 5594 Tertulliano
662 5551 879 5594 servata
908 5552 989 5598 est
1021 5537 1208 5598 Poeni.
1243 5537 1295 5597 iv
1342 5537 1614 5599 adversus
1646 5545 1875 5598 Marcio-

280 5624 428 5678 nem,
461 5612 552 5665 ubi
585 5610 661 5667 de
680 5610 911 5668 Cinnam
937 5631 948 5666 :

612 4971 804 5041 put-ria.
827 4969 1073 5026 Genuina
1106 4970 1221 5026 haec
1251 4981 1332 5026 est
1357 4971 1514 5027 lectio
1539 4969 1677 5026 mss.
1724 4971 1874 5025 codi-

1977 4675 2140 4751 quem
2172 4675 2351 4733 locum
2400 4687 2586 4751 noster
2629 4675 3434 4751 llioronymuslinter-nitatem,
3491 4682 3578 4734 in-

1978 4746 2116 4823 quit,
2145 4765 2262 4821 quas
2303 4751 2360 4823 in
2407 4747 2590 4823 Grer
2620 4749 2846 4823 irai-pici,
2894 4748 2946 4800 in
3001 4746 3226 4823 Hebr-tea
3258 4749 3580 4823 _Mesphath,

1979 4815 2034 4876 id
2053 4833 2126 4876 est
2154 4815 2393 4890 cognatio
2416 4818 2492 4872 vel
2515 4815 2955 4890 familia'diritur,
2983 4830 3086 4872 etc.
3115 4815 3462 4876 Murtiante'ns
3488 4815 3581 4885 qui

1981 4895 2069 4949 bic
2093 4892 2196 4946 loci
2219 4887 2556 4959 subintel-ligi
2573 4887 2948 4959 jubetpatrias
2968 4929 2983 4954 ,
3014 4889 3079 4941 Μ’
3104 4901 3336 4959 estque:
3356 4893 3576 4958 patrias,

1979 4966 2086 5020 sive
2102 4959 2329 5033 familias
2346 4958 2534 5033 Latini
2549 4957 2884 5033 paternirates
2904 4957 3327 5032 interpretantur,
3355 4957 3579 5017 Sensum

1982 5029 2238 5090 Auctoris
2267 5031 2436 5086 nostri
2466 5029 2690 5083 minime
2721 5029 2940 5084 videtur
2965 5029 3275 5088 aséeeutns.

2050 5106 2078 5144 ά
2120 5105 2284 5160 Falso
2314 5115 2470 5156 amen
2505 5100 2791 5156 obtinebat
2813 5118 3008 5173 omnes,
3036 5119 3162 5160 eum
3184 5103 3378 5163 Grmce
3413 5107 3578 5165 etiam

1977 5179 2052 5235 sit
2081 5176 2340 5254 ἅγβρωποι
2365 5173 2588 5254 ἀδελφῷ.

2053 5260 2077 5288 ο
2116 5244 2450 5304 Vérouensis
2479 5244 2616 5301 liber
2640 5244 2706 5299 de
2727 5247 2963 5303 omnibus
2984 5251 3136 5306 rebus
3165 5253 3286 5307 hiis.
3505 5301 3516 5316 κ

2052 5320 2072 5359 ί
2115 5320 2356 5392 Isidorus
2409 5320 2462 5374 in
2504 5316 2738 5392 spiritale
2766 5328 3134 5392 elicomntnne.
3173 5323 3430 5392 Spiritale
3479 5337 3583 5392 qua

1975 5409 2150 5448 omnes
2176 5391 2478 5457 Christiani,
2502 5390 2609 5446 etc.
2639 5390 2704 5445 Et
2750 5391 2912 5459 infra,
2965 5390 3235 5448 commune
3263 5411 3383 5448 cum
3406 5390 3584 5446 omnes

1975 5464 2209 5519 homines
2256 5481 2322 5519 ea:
2363 5480 2467 5518 uno
2494 5474 2643 5536 patre
2691 5463 2843 5529 nati,
2897 5467 3035 5535 patri
3088 5467 3222 5537 (l'eg.
3279 5465 3418 5535 pari)
3449 5466 3583 5518 inter

1985 5553 2098 5600 nos,
2125 5547 2230 5592 etc.

2062 5619 2085 5656 Β
2128 5608 2388 5680 Vulgatus
2420 5608 2690 5675 interpres
2721 5605 2886 5662 habet
2911 5605 3058 5674 ﬁliis,
3105 5605 3587 5680 qnifrater-nomi-

1989 5689 2166 5746 natur,
2196 5677 2277 5734 est
2294 5679 2598 5750 fornicator,
2628 5689 2728 5750 aur
2742 5693 2948 5750 avarus,
2979 5687 3085 5730 ere.
3141 5677 3589 5750 Bibrottytniautn

377 5726 452 5801 Ad
477 5739 628 5790 quem
652 5739 708 5780 se
719 5741 937 5800 curvare
961 5741 1094 5801 genu
1121 5727 1265 5801 plane
1286 5740 1442 5782 omne
1459 5725 1662 5801 ι’θωιιιιτ,

375 5789 450 5840 Ex
477 5789 578 5853 quo
601 5790 758 5840 omnis
783 5789 1181 5846 mrnmincmlo
1201 5799 1438 5856 terraque
1457 5789 1676 5841 vocatur.

285 5888 643 5965 Desumptum
670 5909 742 5953 ex
769 5895 1015 5967 Epistula
1038 5892 1402 5969 ad-Epltosias
1424 5907 1545 5966 cep.
1567 5910 1650 5968 ut,
1676 5896 1776 5954 θῦε
1804 5891 1888 5950 Ex

1992 5753 2245 5807 lectionis
2268 5749 2556 5806 diversitas
2583 5765 2648 5805 ex
2677 5749 2850 5804 Graeci
2886 5755 3069 5803 test-us
3096 5749 3130 5808 it
3151 5749 3588 5806 rueuia'derim-

1994 5831 2084 5907 fur
2107 5840 2122 5907 ξ
2153 5822 2375 5907 sicui?)
2396 5821 2440 5880 tt
2457 5816 2995 5907 legatur,‘signii'icat
3021 5829 3132 5907 diu;
3162 5817 3396 5907 ﬂantem
3422 5823 3595 5907 signi:

2000 5894 2125 5950 ﬁent
2177 5894 2262 5948 sit.
2312 5890 2436 5947 Ἐαν
2477 5888 2554 5953 τίς
2611 5888 2823 5966 ἀδελφός
2877 5888 3240 5966 ὄνομαζὸμεῦος
3290 5895 3324 5957 ἥ
3371 5888 3603 5969 ἦ)

3299 6321 3534 6336 μ--μ--ε-α-
3543 6323 3592 6328 —-—-
3601 6325 3668 6332 ——....

2247 6326 2446 6353 ,__'
3527 6326 3534 6328 .
3571 6326 3668 6332 -ἠ,
