4062 6370
539 347 646 409 599

1794 350 1854 405 S.
1898 346 2176 405 EUSEBII
2214 344 2603 403 HIERONYMI

3740 340 3855 400 200

530 478 619 524 aut
648 482 869 531 avarus,
901 475 993 520 aut
1024 464 1183 520 idolis
1235 465 1491 530 serviens,
1534 474 1625 519 aut
1681 464 2002 530 maledicus,
2044 473 2133 518 aut
2160 468 2216 528 Α
2238 478 2404 533 quem
2434 462 2630 517 fabulae
2682 460 2907 529 ferunt,
2953 475 3076 517 cum
3128 458 3293 531 vulgo
3323 466 3471 514 esset
3507 457 3727 529 ignotus
3749 500 3765 524 ,
3794 466 3855 513 et

531 559 765 614 ebriosus
787 599 801 625 ,
835 566 925 611 aut
954 574 1122 630 rapax
1141 600 1157 626 ,
1184 574 1301 612 cum
1327 556 1585 630 ejusmodi
1606 572 1696 610 nec
1719 557 1889 610 cibum
1940 571 2142 610 sumere

536 648 746 723 (lCor.
800 666 855 720 v,
892 649 1041 723 ll),
1095 660 1152 707 et
1181 659 1386 706 caetera
1431 649 1516 704 bis
1566 649 1788 704 similia.
1848 647 2135 718 Interrogo

533 758 703 811 nunc,
733 742 895 813 juxta
946 757 1109 814 quem
1136 741 1356 798 modum
1390 740 1589 797 fratres
1614 739 1837 795 Domini
1875 740 1928 795 in
1962 741 2145 795 Evan-

536 836 685 908 gelio
707 837 979 906 intelligas
1006 834 1294 906 appellari.
1326 834 1488 889 Juxta
1522 835 1817 889 naturam?
1861 832 1969 889 Sed
1996 832 2143 889 Scri-

535 938 697 1003 ptura
724 945 833 986 non
864 928 1031 995 dicit,
1067 943 1169 983 nec
1196 928 1379 983 Mariae
1406 943 1505 984 eos
1542 942 1752 983 vocans
1808 925 1950 982 filios
1976 968 1991 994 ,
2043 940 2145 981 nec

538 1021 768 1094 Joseph.
801 1020 963 1078 Juxta
989 1021 1249 1092 gentem?
1274 1018 1383 1077 Sed
1406 1018 1704 1075 absurdum
1734 1029 1849 1085 est,
1898 1027 1956 1073 ut
1986 1019 2144 1088 pauci

542 1133 612 1175 ex
641 1117 846 1174 Judaeis
887 1114 1065 1179 vocati
1110 1113 1220 1169 sint
1259 1113 1492 1180 fratres,
1519 1130 1686 1183 quum
1730 1128 1921 1168 omnes
1947 1112 2039 1183 qui
2069 1111 2146 1167 ibi

541 1220 709 1269 erant
749 1210 852 1266 hac
904 1209 1024 1280 lege
1051 1206 1265 1273 Judaei,
1307 1206 1507 1264 fratres
1547 1207 1824 1278 potuerint
1854 1205 2144 1276 appellari.

539 1305 710 1363 Juxta
737 1303 993 1360 alfectum
1024 1298 1250 1356 humani
1275 1299 1416 1369 juris
1468 1315 1535 1357 ac
1557 1300 1827 1372 spiritus?
1860 1298 2058 1353 Verum
2102 1299 2146 1353 si

543 1401 659 1467 sic,
691 1399 782 1470 qui
817 1397 991 1468 magis
1019 1397 1213 1452 fratres
1236 1410 1399 1465 quam
1424 1396 1678 1466 Apostoli
1699 1437 1713 1462 ,
1753 1408 1891 1464 quos
1911 1393 2149 1450 docebat

540 1494 879 1551 intrinsecus
903 1530 919 1557 ,
949 1503 1088 1560 quos
1119 1496 1322 1544 matres
1345 1490 1582 1544 vocabat
1604 1496 1660 1543 et
1682 1488 1921 1542 fratres?
1966 1496 1991 1523 ει
2040 1489 2151 1542 Aut

539 1587 588 1644 si
618 1601 810 1642 omnes
836 1584 966 1654 quia
996 1581 1254 1642 homines
1277 1624 1292 1648 ,
1319 1580 1524 1636 fratres
1545 1621 1559 1645 ,
1593 1579 1754 1651 223
1783 1579 2014 1635 stultum
2047 1577 2152 1634 fuit

543 1680 792 1738 nuntiari
817 1678 974 1750 quasi
1005 1678 1294 1750 proprium
1326 1676 1462 1730 Ecce
1513 1677 1700 1746 fratres
1746 1674 1819 1727 tui
1865 1686 2149 1745 qurerentes

480 1794 489 1803 ί
544 1776 654 1849 [ΑΙ.
699 1772 975 1847 quaerunt]
1010 1784 1092 1839 te;
1138 1787 1262 1827 cum
1303 1768 1635 1842 generaliter
1665 1783 1856 1823 omnes
1901 1767 2150 1823 homines

2246 556 2382 610 nihil
2412 555 2541 611 boni
2570 564 2759 627 posset
2791 555 3052 611 facinoris
3096 555 3409 624 excogitare
3430 594 3443 619 ,
3494 568 3602 623 quo
3648 552 3854 608 nobilis

2245 648 2419 713 ﬁeret,
2448 647 2633 703 Diana:
2654 648 2970 704 incendisse
3000 648 3290 719 templum;
3323 656 3379 703 et
3398 647 3546 701 nullo
3577 645 3856 717 prodente

2246 740 2596 812 sacrilegium
2622 783 2638 809 ,
2682 742 2852 797 fertur
2903 741 3022 813 ipse
3065 742 3118 796 in
3164 740 3405 796 medium
3469 739 3809 810 processisse
3836 782 3852 807 ,

2246 836 2532 891 clamitans
2559 849 2684 889 sese
2710 834 3027 890 incendium
3068 834 3406 904 subjecisse:
3442 833 3857 889 sciscitantibus

2246 928 2452 999 Ephesi
2482 927 2850 998 principibus,
2882 944 3047 998 quam
3075 928 3146 982 ob
3187 928 3537 983 causamhoc
3554 927 3736 984 facere
3758 944 3855 983 vo-

2246 1020 2473 1087 luisset,
2528 1021 2917 1089 reSpoudisse:
2956 1020 3024 1078 Ut
3071 1022 3196 1093 quia
3231 1022 3371 1078 bene
3405 1037 3513 1078 non
3553 1034 3801 1094 p0teram
3832 1064 3849 1092 ,

2246 1115 2390 1171 male
2416 1115 2671 1170 omnibus
2700 1118 3128 1173 innotescerem.
3192 1117 3259 1171 Et
3290 1115 3393 1171 hoc
3424 1117 3641 1183 quidem
3693 1115 3853 1173 Cra:-

2248 1224 2310 1264 ca
2333 1206 2359 1246 ἀ
2386 1208 2839 1266 narratbistoria.
2856 1210 2937 1265 Tu
2956 1227 3088 1266 vero
3112 1211 3372 1280 templum
3390 1211 3553 1284 22$
3582 1213 3857 1271 Dominici

2248 1303 2496 1374 corporis
2538 1302 2892 1369 succendisti,
2924 1314 2946 1341 ο
2978 1312 3033 1359 ιιι
3062 1305 3445 1360 contaminasti
3475 1306 3857 1364 sanctuarium

2249 1396 2483 1467 Spiritus
2495 1397 2705 1465 Sancti,
2726 1414 2792 1454 ex
2810 1414 2916 1469 quo
2936 1399 3018 1453 vis
3031 1399 3351 1470 quadrigam
3370 1400 3685 1467 fratrum,et
3701 1418 3862 1459 soro-

2248 1505 2369 1543 rum
2389 1490 2729 1560 processisse
2744 1492 3078 1562 congeriem.
3091 1491 3344 1562 Denique
3359 1508 3480 1548 cum
3496 1493 3698 1549 Judaeis
3722 1509 3863 1552 voce

2250 1582 2476 1647 sociata,
2510 1582 2651 1639 dicis
2674 1601 2686 1636 :
2713 1582 2900 1638 Nonne
2915 1584 3001 1638 hic
3020 1594 3093 1638 est
3117 1585 3254 1655 fabri
3281 1585 3459 1654 ﬁlius?
3477 1585 3668 1642 Nonne
3691 1597 3862 1643 mater

2248 1679 2363 1749 ejus
2384 1676 2579 1731 dicitur
2603 1677 2775 1732 Maria
2792 1719 2805 1741 ,
2837 1687 2884 1733 et
2911 1679 3100 1749 fratres
3125 1682 3242 1753 ejus
3268 1679 3521 1747 Iacobus,
3549 1692 3598 1736 et
3619 1680 3771 1737 Joses
3788 1691 3860 1747 ,et

2254 1770 2437 1825 Simon
2454 1812 2471 1838 ,
2483 1781 2531 1826 et
2550 1772 2580 1826 J
2591 1772 2741 1837 udas,
2758 1780 3015 1827 etsorores
3033 1790 3209 1827 omnes
3226 1775 3369 1845 apud
3384 1792 3479 1830 nos
3494 1787 3613 1830 sunt
3634 1775 3860 1848 (Matth.

542 1868 797 1938 hocjure
816 1867 928 1921 sint
959 1865 1181 1921 fratres.
1201 1862 1396 1918 Restat
1417 1861 1602 1932 igitur,
1630 1869 1690 1915 ut
1716 1860 1867 1930 juxta
1899 1861 2149 1929 superio-
2182 1878 2231 1937 Β
2260 1882 2378 1934 xm,
2410 1866 2499 1932 55,
2530 1878 2575 1921 et
2609 1867 2781 1921 Marc.
2810 1869 2935 1933 τιμῦ
2956 1866 3019 1940 )?
3050 1868 3273 1934 Omnes,
3296 1871 3405 1925 nisi
3427 1870 3496 1926 de
3528 1869 3707 1937 turba,
3747 1885 3859 1926 non

543 1976 663 2019 rem
697 1959 1102 2031 expositionem
1130 1957 1326 2011 fratres
1366 1970 1464 2011 eos
1508 1954 1780 2025 intelligas
1808 1954 2114 2025 appellatos
2136 1995 2151 2020 ,

546 2053 913 2124 cognatione,
970 2064 1080 2105 non
1125 2047 1364 2113 affectu;
1389 2044 1418 2084 ι»
1450 2061 1559 2102 non
1609 2048 1788 2117 gentis
1817 2045 2111 2116 privilegio
2136 2085 2151 2112 ,

547 2164 656 2206 non
687 2159 906 2203 natura.
929 2142 1217 2215 Quomodo
1244 2141 1345 2197 Lot
1369 2141 1602 2196 Abrahae
1631 2180 1647 2206 ,
1678 2138 1955 2210 quomodo
1977 2137 2154 2195 Jacob

545 2243 737 2300 Laban
768 2250 855 2298 est
883 2239 1191 2312 appellatus
1220 2237 1411 2305 frater,
1468 2235 1741 2302 quomodo
1771 2245 1826 2290 et
1870 2234 1997 2290 lilia:
2027 2234 2153 2290 Sal-

543 2334 725 2407 pbaad
752 2335 1029 2404 accipiunt
1052 2331 1273 2389 Clerum
1300 2330 1446 2386 inter
1468 2329 1668 2385 fratres
1689 2343 1820 2385 suos
1841 2370 1854 2391 ,
1879 2328 2154 2399 quomodo

548 2438 606 2486 et
632 2428 908 2485 Abraham
942 2426 1061 2495 ipse
1085 2428 1277 2483 Saram
1304 2441 1561 2481 sororem
1591 2440 1744 2480 suam
1780 2424 1970 2479 habuit
2021 2439 2155 2479 uxo-

546 2537 687 2578 rem.
723 2520 945 2577 Etenim
971 2521 1091 2587 ait,
1149 2519 1281 2574 Vere
1332 2536 1481 2574 soror
1518 2536 1631 2574 mea
1657 2528 1731 2573 est
1759 2517 1823 2571 de
1851 2529 2032 2588 patre,
2064 2518 2154 2573 sed

548 2632 653 2672 non
677 2615 740 2670 de
766 2624 929 2670 matre
976 2612 1189 2685 (Cenes.
1244 2628 1313 2667 xx
1339 2654 1353 2679 ,
1381 2612 1485 2683 ll)
1513 2653 1527 2677 ,
1581 2612 1635 2667 id
1674 2620 1792 2678 est,
1843 2612 2028 2666 fratris
2060 2616 2159 2668 'est

547 2710 695 2776 lilia,
726 2725 835 2764 non
860 2709 1091 2762 sororis.
1117 2704 1334 2775 Alioqui
1354 2705 1515 2774 quale
1548 2712 1664 2769 est,
1686 2714 1744 2758 ut
1768 2702 2044 2758 Abraham
2073 2703 2158 2757 vir

542 2804 761 2874 justus,
792 2801 962 2871 patris
986 2800 1068 2853 sui
1101 2799 1268 2852 filiam
1300 2808 1321 2836 ε
1348 2796 1635 2866 conjugem
1663 2794 1997 2864 sumpserit,
2028 2810 2155 2849 cum

553 2897 611 2951 in
644 2894 839 2965 primis
870 2892 1183 2948 hominibus
1206 2898 1432 2961 promer
1452 2888 1666 2943 aurium
1695 2889 2046 2944 sanctitatem
2074 2888 2158 2943 id-

549 2986 730 3058 ipsum
759 2984 1045 3054 Scriptura
1072 2998 1179 3037 non
1200 2982 1467 3049 nominet,
1487 2980 1699 3037 malens
1720 2980 1973 3051 intelligi,
1994 2996 2153 3051 quam

548 3080 823 3153 proferri;
867 3090 923 3135 et
957 3078 1101 3133 Deus
1130 3077 1249 3147 lege
1281 3087 1469 3147 poStea
1503 3076 1748 3142 sanciat,
1784 3090 1848 3130 ac
1877 3076 2151 3131 minetur:

550 3175 657 3242 Qui
683 3173 934 3245 acceperit
960 3186 1189 3227 sororem
1216 3186 1363 3223 suam
1391 3168 1456 3223 de
1482 3180 1631 3240 patre
1658 3185 1777 3237 suo,
1798 3168 1878 3223 vel
1898 3168 1961 3223 de
1992 3181 2157 3223 matre

2258 1959 2477 2016 dicitur.
2494 1962 2650 2030 Quis,
2673 1972 2724 2018 te
2740 1977 2863 2030 oro,
2892 1972 3019 2018 ante
3034 1963 3178 2019 hanc
3194 1963 3587 2034 blasphemiam
3604 1974 3859 2032 noverat,

2256 2057 2380 2124 quis
2427 2055 2689 2126 dupondii
2721 2057 3097 2128 snpputahat?
3124 2058 3469 2114 Consecutus
3497 2074 3557 2113 es
3587 2059 3732 2129 quod
3765 2074 3866 2114 vo-

2258 2146 2440 2213 lebas,
2465 2146 2668 2203 nobilis
2698 2164 2757 2204 es
2786 2148 2960 2203 factus
3001 2148 3053 2203 in
3084 2148 3313 2205 scelere.
3345 2148 3592 2220 Egoipse
3619 2150 3707 2219 qui
3730 2164 3864 2206 con-

2258 2247 2338 2294 Ira
2380 2248 2433 2296 te
2460 2241 2678 2307 scribo,
2704 2256 2825 2296 cum
2857 2242 2911 2296 in
2944 2240 3137 2296 eadem
3167 2252 3344 2297 tecum
3372 2242 3514 2297 Urbe
3562 2243 3861 2297 consistam

2262 2329 2280 2367 ¹’
2308 2332 2463 2387 albus
2485 2374 2499 2399 ,
2525 2342 2587 2389 ut
2610 2334 2766 2389 aiunt
2787 2376 2800 2401 ,
2832 2343 3021 2390 aterve
3076 2334 3155 2390 sis
3176 2376 3193 2402 ,
3238 2335 3446 2391 nescio.
3490 2334 3864 2392 Praetermitto

2256 2423 2384 2479 vitia
2410 2426 2707 2491 sermonis,
2728 2426 2924 2495 quibus
2948 2426 3130 2482 omnis
3154 2426 3291 2482 liber
3318 2436 3441 2481 tuus
3465 2434 3659 2483 scatet.
3681 2426 3864 2485 Taceo

2256 2517 2547 2573 ridiculum
2599 2518 2909 2574 exordium.
2966 2518 3010 2575 Ο
3057 2520 3333 2589 tempora!
3390 2535 3423 2573 ο
3486 2520 3709 2574 mores!
3742 2518 3865 2575 Non

2256 2628 2444 2683 quaero
2471 2613 2843 2684 eloquentiam
2870 2631 2883 2679 ;
2918 2630 3080 2684 quam
3107 2614 3225 2685 ipse
3256 2628 3362 2669 non
3392 2613 3598 2669 habens
3618 2654 3634 2681 ,
3667 2613 3721 2668 in
3753 2615 3866 2670 fra-

2259 2716 2340 2763 tre
2372 2718 2396 2756 8
2422 2708 2673 2764 Craterio
2696 2709 2995 2779 requisisti.
3027 2708 3179 2776 Non,
3230 2710 3450 2778 inquam
3473 2748 3489 2774 ,
3540 2706 3727 2777 flagito
3756 2707 3865 2764 lin-

2256 2815 2376 2869 gute
2401 2800 2654 2866 nitorem,
2686 2799 2928 2856 anima:h
2957 2816 3145 2871 quaero
3174 2801 3490 2871 puritatem.
3517 2799 3675 2870 Apud
3704 2800 3865 2855 Chri-

2259 2892 2464 2948 stianos
2524 2893 2666 2947 enim
2706 2890 2721 2929 ί
2758 2892 3106 2949 solmcismus
3145 2903 3231 2948 cst
3276 2908 3506 2965 magnus
3537 2902 3593 2949 et
3622 2892 3811 2947 vitium
3842 2934 3858 2961 ,

2260 2968 2573 3057 turpe'quid
2601 2985 2684 3040 vel
2716 3001 2963 3052 narrare,
2984 2986 3069 3041 vel
3104 2986 3301 3042 facere.
3328 2986 3410 3041 Ad
3440 2987 3647 3041 calcem
3673 2989 3857 3053 venio,

2258 3088 2312 3133 et
2342 3087 2395 3133 te
2418 3087 2650 3134 cornuta
2674 3078 3104 3150 interrogatione
3132 3079 3400 3134 concludo
3419 3121 3434 3146 ,
3462 3079 3650 3149 sicque
3679 3088 3861 3135 tecuut

2257 3186 2447 3242 agam,
2492 3171 2647 3242 quasi
2691 3171 2944 3241 superius
2991 3171 3127 3226 nihil
3176 3172 3418 3242 egerim:
3450 3170 3657 3226 Eodem
3690 3170 3860 3228 modo

545 3282 645 3324 sua
667 3309 682 3331 ,
715 3278 764 3321 et
792 3265 978 3321 viderit
1008 3263 1387 3336 turpitudinem
1407 3265 1517 3335 ejus
1540 3304 1555 3329 ,
1585 3271 1633 3316 et
1659 3262 1773 3334 ipsa
1813 3262 1994 3317 viderit
2044 3272 2156 3316 tur-
2182 3260 2226 3323 C
2260 3263 2436 3320 dictos
2466 3280 2587 3320 esse
2619 3265 2818 3321 fratres
2850 3265 3096 3329 Domini,
3155 3280 3264 3336 quo
3294 3264 3497 3333 Joseph
3550 3263 3728 3319 dictus
3772 3273 3861 3320 est

545 3362 835 3435 pitudinem
862 3360 1038 3424 illius,
1086 3357 1423 3429 opprobrium
1449 3364 1525 3409 est
1549 3369 1569 3408 .'
1597 3364 1643 3409 et
1675 3355 2153 3410 exterminabuntur

544 3472 721 3512 coram
743 3453 868 3525 ﬁliis
886 3451 1087 3524 generis
1116 3454 1221 3505 sui.
1278 3447 1675 3520 Turpitudinem
1705 3449 1900 3503 sororis
1929 3465 2037 3503 sua:
2062 3448 2152 3503 de-

544 3552 697 3615 texit,
728 3557 991 3618 peccatum
1022 3559 1174 3598 suum
1191 3542 1400 3613 recipiet
1424 3541 1610 3612 (Leuit.
1638 3557 1766 3595 xvut
1790 3583 1806 3609 ,
1839 3542 1933 3612 9).

619 3638 706 3695 16.
752 3635 1168 3706 lmperitissime
1195 3632 1486 3687 hominum
1514 3673 1529 3697 ,
1556 3632 1660 3686 ista
1687 3648 1794 3687 non
1825 3632 2060 3704 legeras,
2097 3644 2152 3690 ct

547 3744 663 3790 toto
701 3732 1112 3802 Scripturarum
1154 3725 1347 3795 pelago
1401 3723 1700 3789 derelicto,
1758 3724 1826 3778 ad
1896 3725 2147 3795 injuriatu

551 3826 791 3899 Virginis
822 3834 969 3881 tuam
997 3818 1206 3877 rabiem
1228 3816 1554 3883 contulisti,
1593 3817 1645 3871 itt
1672 3816 1983 3886 exemplum
2036 3818 2151 3888 ejus

550 3943 760 4021 πόρνος.
793 3937 1059 4021 Apposite
1081 3947 1215 3988 vero
1242 3930 1533 4021 lectionem
1554 3930 1777 4021 exjpo‘nit
1802 3928 2144 4021 l‘iicephorus

552 4000 1195 4080 Ctinstatttinopttlitattus
1216 4002 1464 4080 cap._37_,
1496 4000 2025 4080 a_pud_C0teleriumh.
2054 4017 2148 4057 vo-

546 4087 679 4144 lum.
710 4086 744 4141 5
795 4073 1270 4137 Moniuneutorutn
1324 4074 1585 4130 Ecclesiae
1629 4073 1834 4144 Graeca:
1885 4091 1898 4127 :
1954 4073 2016 4129 Εἴ
2063 4096 2142 4144 τις

547 4142 761 4233 saepe;
813 4151 1179 4233 ὀεωμᾳζόμεξος
1220 4147 1262 4233 ᾖ
1308 4149 1510 4233 ,ξρρνοςε
1537 4163 1550 4175 '
1597 4148 1719 4233 ,οὐχ
1752 4142 1817 4233 iis
1860 4143 1996 4202 δεῖνα
2046 4143 2144 4233 εἶδε

550 4216 860 4304 nominest-at
896 4216 1062 4298 ’λὲοίείν
1103 4216 1259 4304 Sensi.
1294 4216 1423 4304 ᾲλξιᾶ
1463 4220 1546 4275 τὸν
1589 4216 1983 4304 ὀνομαζόμεγον,
2023 4216 2147 4273 siros

552 4290 683 4359 πᾶσι
715 4290 1107 4374 νινωσκὸμῖενον.
1135 4292 1195 4347 Si
1218 4290 1332 4372 quis
1352 4291 1517 4374 frater
1535 4290 1969 4357 norutnatur(2i\'e
1994 4299 2153 4374 Ito‘llls

548 4376 655 4443 est)
686 4362 972 4443 fornicator
999 4384 1017 4421 :
1046 4379 1149 4443 non
1180 4366 1385 4443 videtur
1412 4362 1583 4414 dicere
1602 4376 1755 4443 quem
1770 4375 2024 4443 nonnemo
2045 4362 2153 4430 for-

552 4431 812 4500 nicantem
852 4437 1011 4505 vidit;
1060 4433 1149 4491 sed
1192 4434 1537 4500 nominatum,
1575 4436 1681 4485 sive
1704 4431 1767 4484 ab
1801 4431 2035 4484 omnibus
2064 4447 2152 4484 co-

551 4528 887 4639 gntulgbasc
911 4582 1014 4636 Aut
1033 4579 1077 4633 si
1100 4592 1275 4633 omnes
1302 4576 1426 4647 quia
1449 4575 1702 4641 homines,
1727 4573 1933 4645 fratres,
1964 4572 2018 4628 in
2045 4572 2146 4628 Ve-

555 4658 776 4715 ronensi
810 4656 950 4710 libro
986 4651 1390 4708 desiderantur.

627 4729 656 4769 ι)
698 4728 753 4783 In
781 4726 978 4785 eodem
1013 4736 1120 4780 ms.
1172 4736 1276 4775 non
1310 4717 1453 4774 istud
1495 4715 1822 4789 expungitur
1847 4759 1862 4785 ,
1908 4716 2145 4773 fortasse

553 4817 875 4931 νθζωὲὲηιὶι
900 4865 1198 4925 Abrahami
1231 4871 1502 4933 tempore,
1537 4860 1692 4917 nefas
1733 4860 1904 4916 fuisse
1928 4875 2147 4933 sorores

554 4948 808 5005 exaltern
818 4958 986 5014 paren
996 4950 1049 4995 te
1060 4931 1415 5014 duceretqua:
1432 4935 1909 5014 aliorutnttuoque
1926 4931 2145 4989 Patrum

553 5005 835 5076 sententia
850 5022 955 5073 est.
978 5024 1034 5067 et
1052 5009 1359 5076 praesertim
1374 5006 1656 5075 Augustini
1675 5005 1768 5060 lib.
1792 5020 1907 5059 xxtt
1956 5016 2144 5059 contra

558 5088 848 5150 Faustum,
877 5098 1000 5150 cap.
1034 5076 1128 5135 '55.
1161 5079 1269 5135 Sed
1300 5081 1676 5150 retragrantur
1728 5076 1998 5150 plerique,
2030 5077 2143 5143 alii,

557 5160 651 5231 qui
676 5146 1192 5231 SaramAbrabauni
1233 5163 1478 5231 sororem
1518 5148 1685 5231 fuisse
1716 5163 1827 5231 non
1875 5146 2144 5231 dubitant,

558 5218 705 5300 quod
733 5224 1083 5300 Abrahamus
1110 5220 1228 5300 ipse
1246 5218 1385 5274 Gen.
1412 5234 1485 5284 xt,
1517 5219 1575 5300 Si,
1605 5218 1811 5300 diserte
1827 5224 2145 5300 proﬁtetur.

556 5290 700 5372 Qui"
738 5300 904 5372 etia_m
950 5291 1176 5372 Davidis
1221 5300 1472 5372 tempore
1502 5291 1743 5372 .licuisse
1789 5290 2144 5372 altivolunt;

556 5359 764 5446 alioqui
825 5367 1069 5446 Thamar
1104 5367 1330 5446 Antnon‘
1358 5360 1531 5446 fratri,
1570 5376 1669 5446 suo
1701 5376 1828 5446 lnon
1868 5359 2096 5446 dixisset
2131 5404 2145 5428 ,

556 5457 614 5502 ιιι
662 5432 724 5503 g'e
767 5440 1109 5511 conjugema
1144 5441 1371 5511 parente
1420 5433 1747 5501 postularet,
1781 5447 1818 5486 ιι
1868 5432 2001 5500 lieg.
2031 5448 2147 5499 xui,

554 5505 889 5590 quamquam
912 5505 1117 5590 scimus
1143 5505 1261 5561 bzec
1281 5506 1440 5560 aliter
1468 5518 1570 5574 pro
1599 5518 1696 5556 sua
1720 5516 1990 5572 quemque
2020 5516 2146 5558 sen-

556 5578 1123 5653 tentia'tnterpretari.
1541 5644 1572 5653 η
1620 5642 1651 5653 υ
1844 5640 1875 5653 μ

625 5641 830 5715 dibu—de
876 5641 1206 5712 Strabonem
1237 5647 1335 5703 lib.
1378 5661 1494 5710 xiv,
1540 5642 1790 5698 Solinum
1843 5641 1935 5695 lib.
1994 5657 2145 5711 xuu,

553 5730 675 5787 νει.
709 5732 853 5785 Max.
880 5725 976 5795 lib.
1011 5737 1128 5787 vui,
1154 5720 1327 5795 0.15,
1360 5729 1467 5772 etc.
1594 5784 1605 5795 ο
1717 5782 1744 5795 Α,
1951 5782 1961 5793 _

633 5811 658 5838 ο
694 5799 883 5853 Codex
909 5790 1267 5859 Veronensis,
1299 5799 1355 5844 tu
1381 5790 1746 5843 contaminasti
1771 5790 2051 5838 sacrarium
2086 5802 2149 5841 ea;

562 5885 686 5946 quo,
718 5878 827 5927 etc.

2242 5790 2506 5857 jucundus
2532 5830 2548 5854 ,
2582 5800 2627 5842 et
2649 5793 2854 5845 animus
2886 5794 2949 5859 (ιη

2259 3370 2435 3429 pater,
2468 3358 2610 3432 Ego,
2644 3358 2848 3429 inquit,
2880 3370 2928 3413 et
2969 3370 3115 3430 pater
3143 3369 3260 3413 tuus
3282 3402 3297 3426 ,
3326 3359 3557 3414 dolentes
3585 3359 3858 3429 quereba-

2258 3468 2369 3504 mus
2394 3461 2442 3505 te
2472 3450 2625 3522 (Luc.
2651 3468 2669 3506 ι
2692 3493 2708 3518 ,
2736 3452 2804 3507 48
2828 3451 2867 3524 ).
2895 3453 3066 3508 Mater
3092 3454 3209 3507 lucc
3241 3452 3504 3523 loquitur,
3533 3468 3639 3507 non
3657 3452 3856 3509 Judwi.

2257 3543 2327 3599 Et
2357 3545 2474 3614 ipse
2504 3544 2855 3614 Evangelista
2879 3543 3127 3600 referens
3152 3562 3163 3597 :
3191 3544 3257 3599 Et
3278 3554 3423 3599 erant
3462 3556 3606 3613 pater
3625 3555 3672 3599 et
3695 3555 3860 3600 mater

2255 3636 2399 3690 illius
2422 3636 2738 3691 admirantes
2751 3653 2903 3709 super
2934 3638 3014 3691 his
3052 3652 3166 3708 qua:
3178 3638 3478 3692 dicebantur
3498 3639 3561 3692 de
3575 3652 3635 3691 eo
3665 3634 3855 3709 (Ibid.,

2255 3730 2402 3801 35),
2452 3740 2507 3786 et
2538 3731 2623 3786 his
2652 3732 2884 3797 similia,
2931 3748 3054 3802 qua:
3111 3732 3225 3801 jam
3271 3732 3719 3788 ennmeravimus
3748 3774 3762 3797 ,
3801 3733 3856 3788 in

2256 3821 2453 3893 quibus
2481 3834 2734 3885 parentes
2762 3833 3047 3882 vocantur.
3096 3827 3172 3879 Ac
3214 3840 3282 3879 ne
3326 3824 3464 3881 forte
3489 3824 3559 3881 de
3575 3826 3856 3895 exempla-

2320 3934 2337 3972 ί
2371 3934 2556 4001 Albus,
2582 3948 2639 3991 ut
2668 3939 2836 3992 aiunt.
2866 3937 3059 3994 Cicero
3089 3937 3189 3993 hoc
3220 3938 3300 3992 ait
3320 3937 3552 4008 Philipp.
3585 3938 3655 4007 2;
3687 3938 3857 4007 Quiu-

2246 4006 2469 4079 tilianus
2510 4009 2605 4061 lib.
2642 4010 2732 4071 ll,
2766 4025 2889 4079 cap.
2920 4011 2976 4075 ‘2;
3006 4009 3141 4063 ltem
3174 4008 3427 4064 Horatius
3466 4006 3557 4065 lib.
3587 4012 3622 4064 2
3680 4006 3852 4079 Epist.

2247 4078 2313 4132 ad
2342 4078 2550 4133 .Inlium
2600 4078 2846 4146 Florum,
2870 4091 3063 4137 etc.—
3085 4080 3231 4135 Idem
3258 4086 3473 4136 curiose
3503 4083 3658 4147 satis,
3682 4078 3851 4151 alitus,

2251 4158 2303 4223 t_t_t
2330 4151 2496 4215 aiunt,
2532 4162 2704 4205 uterve
2731 4154 2823 4217 sis,
2853 4162 2987 4219 etc.,
3022 4154 3176 4221 quasi
3205 4154 3383 4207 alvum
3414 4154 3516 4207 utri
3545 4163 3852 4223 comparet.

2256 4219 2603 4296 YetusEdit.
2636 4223 2788 4296 addit
2828 4226 2990 4296 etiam
3018 4219 3289 4293 glossema
3337 4219 3855 4296 istiusntodifquare

2257 4292 2475 4348 balbutis
2500 4305 2545 4346 et
2571 4294 2863 4350 erubescis?
2894 4292 3252 4351 Proverbium
3283 4295 3413 4350 illud
3438 4305 3623 4351 noturn
3649 4292 3714 4351 ei
3754 4298 3853 4349 Ci-

2259 4377 2484 4431 cerone,
2518 4364 2875 4434 Quintiliano,
2900 4366 3149 4431 Horatio,
3178 4368 3427 4434 aliisque,
3463 4376 3683 4421 notante
3712 4366 3855 4422 Gra-

2260 4435 2367 4509 vio.
2405 4437 2571 4509 Paulo
2605 4451 2721 4509 post
2766 4454 2863 4506 pro
2892 4438 3173 4493 ridiculum
3197 4438 3464 4493 exordium
3485 4477 3497 4498 ,
3534 4436 3720 4509 ntaltm
3751 4454 3855 4509 rgo

2256 4506 2538 4580 ridiculum
2568 4508 2811 4580 exodium
2832 4511 2957 4580 legi.
2991 4510 3129 4567 Nota
3160 4509 3372 4565 scenica
3399 4508 3626 4564 exordia
3646 4519 3701 4565 et
3721 4506 3853 4567 ridi-

2252 4579 2393 4633 cula.
2421 4578 2665 4636 Catullus
2694 4578 2997 4637 Cartnfxm
3027 4598 3042 4636 :

2393 4722 2471 4772 Nil
2495 4724 2695 4773 nimium
2712 4724 2913 4783 studeo,
2940 4723 3122 4785 Cresar,
3146 4725 3232 4774 tibi
3257 4723 3391 4775 velle
3418 4723 3638 4786 placere,

2501 4786 2606 4838 Nec
2626 4788 2753 4838 scire
2780 4796 2939 4837 utram
2959 4789 3027 4837 sis
3049 4786 3189 4836 albus
3208 4788 3267 4836 ah
3279 4796 3388 4837 ater
3406 4786 3567 4836 homo.

2323 4944 2348 4981 ς
2387 4931 2443 4989 In
2471 4934 2591 4989 aliis
2614 4934 2767 4991 libris
2806 4935 3036 4993 habetur
3058 4936 3313 4991 Carterio.
3357 4937 3700 4993 Veronensis
3722 4956 3847 4995 cum

2250 5006 2588 5074 aspiratione
2614 5007 2902 5061 Cartherio.
2933 5008 3070 5063 Num
3098 5008 3389 5064 Canterius
3441 5009 3534 5064 ille
3577 5010 3851 5066 iudicatur

2250 5077 2320 5131 de
2358 5091 2467 5147 quo
2494 5079 2548 5153 in
2573 5078 2819 5153 epistolis
2845 5079 2911 5133 ad
2942 5079 3280 5153 Marcellam,
3314 5080 3465 5153 etad
3502 5081 3561 5136 S.
3590 5083 3850 5153 Augusti-

2252 5157 2490 5219 nu_m,_et
2522 5148 2573 5219 in
2605 5148 3028 5205 Commentariis
3053 5150 3105 5205 in
3148 5150 3343 5205 Jonam
3374 5151 3665 5219 loquitur?

2323 5216 2733 5293 “_.’llartiauteus
2786 5234 2905 5293 post
2962 5222 3251 5277 Erasmum
3303 5216 3541 5293 pietatem
3571 5225 3696 5293 legit
3748 5239 3848 5293 pro

2251 5290 2546 5355 puritatem.
2595 5290 2864 5347 Victorius
2897 5308 3028 5348 vero
3075 5309 3141 5348 ex
3192 5290 3663 5349 emendatioribtis
3707 5290 3843 5350 mss.

2252 5365 2324 5415 ita
2368 5361 2579 5437 restitui
2611 5363 2804 5437 voluit,
2852 5363 3174 5434 notavitque
3204 5366 3285 5419 sic
3336 5366 3507 5437 magis
3534 5380 3843 5435 congruere

2250 5448 2373 5488 cum
2399 5433 2661 5487 vocabulo
2689 5434 2927 5489 nitorem.

2328 5502 2344 5541 ε
2388 5502 2583 5558 Cicero
2613 5504 2949 5578 ad‘Atticum
2973 5505 3073 5561 lib.
3108 5521 3169 5571 ιι,
3203 5508 3366 5578 epist.
3402 5508 3488 5570 Η,
3520 5507 3670 5561 ludos
3702 5508 3847 5563 Antii

2250 5584 2477 5646 spectare
2506 5592 2607 5630 non
2651 5575 2837 5648 placet,
2870 5588 2948 5633 est
2990 5579 3125 5631 enim
3165 5575 3492 5636 ὑπὸσόλοικον
3540 5594 3657 5633 cum
3693 5579 3849 5633 velint

2250 5656 2409 5717 tutare
2440 5663 2641 5702 omnem
2667 5648 2973 5703 deliciarum
2999 5650 3361 5715 suspicionem.
3388 5651 3643 5707 Sidonius
3668 5651 3845 5717 Epist.

2249 5716 2314 5769 ad
2344 5716 2627 5783 Faustum,
2652 5720 2866 5789 quidam
2900 5719 3247 5774 barbarismus
3303 5732 3377 5775 est
3412 5738 3634 5783 morum,
3676 5716 3847 5777 mmo

2945 5791 3141 5859 ﬂictus,
3172 5799 3228 5844 et
3256 5791 3527 5846 Lucianus
3552 5790 3845 5853 Herculem

2253 5859 2307 5914 in
2334 5859 2511 5917 Scena
2532 5860 2797 5934 μονωδεῑν,
2829 5862 3085 5919 σολοικίαν
3114 5860 3191 5916 ait
3215 5862 3411 5930 videri,
3442 5871 3552 5919 etc.
