4068 6368
206 275 320 335 901

1063 279 1154 336 DE
1191 279 1556 339 PERPETUA
1596 280 2047 339 VlBGlNl’I'ATE
2094 282 2153 338 Β.
2200 280 2443 340 ΜΛΒΙΑΞ
2475 282 2703 339 LIBER.

3421 295 3529 350 202

216 393 433 450 riorum
464 403 490 432 δ
518 393 792 450 varietate
838 395 1111 459 causeris,
1164 399 1282 465 quia
1333 396 1434 451 tibi
1499 398 1827 452 stultissime
1854 411 1908 473 Α
1936 399 2344 470 quentesviros,
2371 398 2459 470 qui
2482 398 2750 453 adversus
2776 397 3064 467 Ebionem,
3087 411 3142 456 et
3165 401 3526 476 Theodotum,

220 485 555 554 persuasisti
579 484 805 542 Graecos
827 485 1042 541 codices
1072 502 1194 542 esse
1222 486 1468 553 falsatos,
1501 489 1570 542 ad
1599 488 1829 544 Joannis

221 574 594 650 Evangelium
649 581 849 648 venio,
905 581 958 635 in
1012 596 1122 651 quo
1173 581 1489 652 planissime
1522 584 1825 638 scribitur:

222 669 442 726 Invenit
474 670 757 744 Philippus
788 671 1107 738 Nathanael,
1132 684 1178 728 et
1207 677 1278 728 ait
1304 676 1414 729 illi:
1433 674 1597 740 Quem
1625 676 1831 748 scripsit

223 760 446 834 Moyses
474 765 527 818 in
553 764 720 838 Lege,
753 776 800 820 et
827 763 1137 835 Prophetar,
1161 767 1637 822 inveniinusJesum
1664 770 1834 838 filium

219 853 436 923 Ioseph
463 875 495 912 a
517 857 778 913 Nazareih
803 857 986 927 (Joan.
1012 875 1031 915 ι
1057 900 1071 925 ,
1100 859 1232 930 45).
1263 859 1423 916 Certe
1454 863 1617 934 225
1652 862 1754 916 hoc
1778 863 1831 916 in

221 955 327 1004 tuo
367 949 560 1008 codice
615 952 951 1009 continetur.
1003 952 1300 1021 Resyoude
1353 954 1526 1019 milii,
1559 953 1837 1024 quomodo

223 1040 390 1099 Jesus
447 1043 518 1099 sit
573 1043 715 1101 ﬁlius
749 1045 992 1116 Josepb,
1039 1061 1204 1116 quem
1251 1054 1468 1101 constat
1512 1045 1580 1101 de
1625 1045 1836 1116 Spiritu

223 1146 420 1192 sancto
469 1152 591 1194 esse
638 1139 1038 1210 procreatum?
1092 1137 1230 1194 Vere
1256 1138 1459 1212 Joseph
1491 1149 1644 1210 pater
1694 1139 1836 1194 fuit?

223 1229 488 1298 Quamvis
532 1232 608 1287 sis
655 1233 827 1290 hebes
851 1276 866 1298 ,
897 1233 1086 1289 dicere
1128 1249 1236 1289 non
1279 1233 1653 1289 audebis‘lAn
1681 1244 1838 1303 puta-

221 1319 435 1377 batur?
479 1322 682 1379 Eodein
717 1324 880 1380 modo
945 1325 1293 1380 aestimentur
1337 1335 1394 1382 et
1437 1327 1672 1392 fratres,
1727 1340 1837 1396 quo

223 1418 531 1474 aestimatus
555 1431 642 1475 est
668 1430 723 1476 et
755 1429 934 1490 pater.

307 1511 399 1566 i7.
440 1511 545 1568 Sed
586 1512 842 1583 quoniam
884 1513 1000 1584 jam
1043 1527 1074 1568 e
1114 1512 1364 1569 cautibus
1400 1522 1455 1569 et
1501 1512 1840 1583 confragosis

225 1603 376 1660 locis
421 1607 726 1678 enavigavit
765 1607 968 1674 oratio,
1000 1607 1292 1678 pandenda
1335 1616 1463 1662 sunt
1503 1608 1643 1675 vela,
1684 1617 1740 1663 et
1781 1607 1834 1661 in

222 1695 480 1768 epilogos
519 1698 659 1754 illius
699 1699 1041 1764 irruendnm,
1076 1700 1128 1753 in
1168 1699 1366 1769 quibus
1394 1700 1599 1755 sciolus
1627 1700 1730 1754 sibi
1756 1699 1836 1754 vi-

1936 501 1958 527 σε
1999 490 2342 563 Byzantium,
2393 490 2772 556 Valentinum,
2808 490 2927 546 haec
2973 492 3161 546 eadem
3205 494 3526 564 sentientes,

1936 584 2089 652 plena
2139 583 2423 656 Sapientia:
2464 582 2746 636 volumina
2790 585 3270 654 conscripserunt?
3314 590 3446 653 Qua;
3486 590 3531 643 si

1935 676 2163 747 legisses
2211 674 2531 747 aliquando,
2579 675 2702 745 plus
2747 690 2987 745 saperes.
3021 677 3128 735 Sed
3165 678 3364 733 melius
3406 689 3536 748 puto

1936 769 2174 826 breviter
2194 770 2262 825 ad
2294 768 2502 841 singula
2535 768 2890 838 respondere,
2923 784 3083 840 quam
3105 771 3307 828 diutius
3335 771 3532 830 inuno-

1933 864 2129 928 rando,
2159 864 2411 919 volumen
2441 862 2760 918 extendere.

2009 957 2278 1029 22618.
2313 957 2370 1011 In
2411 955 2542 1010 illud
2573 971 2716 1010 nunc
2766 955 3028 1026 impetum
3062 957 3220 1026 facio,
3254 959 3308 1014 in
3341 975 3448 1030 quo
3478 971 3535 1018 tu

1936 1049 2301 1121 virginitatem
2349 1061 2405 1106 et
2447 1050 2665 1120 nuptias
2695 1050 3086 1117 comparando,
3134 1051 3374 1108 disertus
3413 1070 3535 1111 esse

1937 1145 2179 1201 voluisti.
2217 1145 2452 1199 Risimus
2482 1144 2535 1198 in
2568 1152 2619 1198 te
2651 1145 3024 1214 proverbium,
3058 1143 3078 1182 ί
3113 1143 3380 1201 Camelum
3408 1149 3537 1203 vidi-

1937 1253 2050 1290 mus
2091 1235 2431 1289 saltitantem.
2487 1235 2635 1290 Dicis
2680 1251 2693 1287 :
2748 1251 2767 1284 ο
2807 1234 3079 1305 Numquid
3127 1237 3384 1293 meliores
3414 1252 3539 1295 sunt

1939 1326 2182 1396 virgines
2212 1327 2511 1392 Abraham,
2540 1326 2710 1393 Isaac,
2734 1333 2789 1380 et
2813 1325 3004 1391 Jacob,
3026 1327 3118 1396 qui
3147 1327 3386 1383 habuere
3409 1345 3537 1383 cou—

1932 1419 2117 1490 jugia?
2146 1417 2417 1488 Numquid
2447 1432 2555 1472 non
2599 1419 2846 1488 quotidie
2876 1419 2971 1474 Dei
3013 1419 3284 1486 manibus,
3333 1424 3541 1490 parvuli

1939 1512 2213 1582 tinguntur
2253 1510 2308 1564 in
2336 1509 2639 1574 ventribus,
2670 1519 2729 1564 ut
2757 1511 2956 1564 merito
2982 1509 3315 1566 erubescere
3345 1511 3543 1569 debea-

1938 1620 2080 1672 mus,
2104 1602 2328 1658 Mariam
2358 1604 2608 1672 nupsisse
2630 1613 2752 1673 post
2778 1602 3035 1673 partum?
3059 1601 3212 1671 Quod
3239 1603 3284 1659 si
3309 1608 3412 1662 hoc
3435 1606 3540 1663 illis

1939 1706 2095 1767 turpe
2125 1697 2358 1763 videtur,
2391 1703 2644 1764 superest
2673 1705 2729 1748 ut
2759 1711 2866 1749 non
2895 1694 3140 1762 credant,
3174 1697 3337 1752 etiam
3371 1699 3537 1756 Deum

220 1802 347 1855 sus,
381 1788 774 1848 Tertullianuni
807 1791 833 1830 δ
863 1793 918 1847 iii
952 1791 1322 1847 testimonium
1355 1802 1534 1858 vocat,
1569 1802 1624 1848 et
1656 1803 1676 1831 ε
1716 1791 1836 1846 Vic-
1864 1818 1911 1879 Β
1939 1804 2036 1859 per
2059 1789 2314 1860 genitalia
2344 1788 2573 1859 virginis
2603 1796 2811 1841 natum.
2843 1787 3077 1858 Turpius
3104 1797 3190 1844 est
3215 1792 3363 1846 enim
3385 1793 3539 1860 juxta

221 1883 397 1937 torini
424 1883 836 1940 Petabionensis
868 1887 1111 1954 episc0pi
1143 1884 1310 1940 verba
1343 1885 1617 1955 proponit.
1663 1885 1729 1939 Et
1768 1884 1836 1940 de

222 1971 572 2031 Tertulliano
599 1976 821 2047 quidem
851 1975 987 2030 nihil
1009 1977 1242 2046 amplius
1271 1977 1418 2040 dico,
1448 1993 1610 2046 quam
1645 1977 1836 2030 Eccle-

217 2063 324 2120 siae
350 2065 626 2123 hominem
653 2084 762 2122 non
785 2067 974 2122 fuisse.
1001 2068 1077 2122 De
1107 2068 1385 2123 Victorino
1408 2084 1539 2124 vero
1563 2069 1611 2123 id
1627 2084 1838 2138 assero,

215 2160 381 2230 quod
433 2167 490 2214 et
530 2159 596 2214 de
646 2160 1012 2231 Evangelisﬁs
1037 2202 1052 2226 ,
1095 2161 1290 2216 fratres
1330 2177 1452 2215 eum
1486 2161 1690 2217 dixisse
1733 2163 1840 2217 Do-

213 2251 396 2315 mini,
443 2264 551 2305 non
605 2251 747 2306 tilias
794 2251 1001 2307 Mariae.
1056 2252 1280 2308 Fratres
1318 2263 1503 2309 autem
1544 2271 1609 2310 eo
1654 2271 1838 2324 sensu,

219 2359 401 2416 quem
449 2344 703 2413 superius
743 2346 1124 2415 exposuimus,
1173 2348 1598 2418 propinquitate,
1651 2345 1677 2385 ά
1731 2366 1837 2405 non

221 2447 452 2496 natura.
507 2438 708 2493 Verum
765 2455 937 2510 nugas
985 2442 1234 2510 terimus,
1290 2449 1348 2497 et
1394 2442 1544 2498 fonte
1601 2444 1843 2499 veritatis

225 2531 464 2597 omisso,
510 2531 830 2601 opinionum
885 2533 1089 2588 rivulos
1137 2541 1540 2590 consectamur.
1571 2533 1838 2606 Numquid

230 2638 349 2680 non
381 2638 603 2693 possum
638 2623 734 2678 tibi
765 2633 934 2678 totam
981 2634 1228 2681 veterum
1260 2624 1598 2697 Scriptorum
1643 2629 1841 2683 seriem

234 2731 589 2773 commovere
616 2734 630 2769 :
664 2715 950 2788 lgnatinm,
980 2716 1364 2789 Polycarpum,
1399 2718 1687 2786 Irenieum,
1717 2719 1842 2774 Jus-

233 2810 413 2866 tinum
446 2809 761 2880 Martyrem,
786 2809 1096 2881 multosque
1116 2809 1255 2865 alios
1283 2809 1618 2880 apostolicos
1645 2818 1701 2866 et
1725 2811 1841 2867 olo—

317 2939 343 2966 ἰ
385 2927 642 2998 Legimus
686 2942 754 2982 ex
785 2925 1088 2981 Veranensi
1120 2924 1575 2998 varietatetquod
1598 2924 1828 2982 Gravius

235 2994 713 3073 quoqne'prohat,
756 3007 975 3073 et_miix
1015 3013 1085 3051 ex
1115 2997 1314 3073 eodem
1365 2994 1679 3068 plenissime.
1704 2998 1840 3053 Erat

235 3065 423 3128 a-uteiu
459 3065 515 3124 iii
533 3070 692 3140 editis
737 3069 968 3140 veritate,
989 3078 1044 3122 et
1065 3065 1370 3140 plenissime

315 3142 342 3181 ι)
385 3141 520 3197 Puto
541 3156 605 3194 ex
637 3139 772 3194 libro
794 3139 858 3194 de
886 3137 1118 3210 vetandis
1147 3137 1470 3210 Virginibus,
1498 3153 1551 3210 c.
1570 3139 1624 3200 6.
1650 3155 1708 3194 n.
1737 3139 1829 3206 48,

240 3225 336 3270 aut
363 3228 428 3269 ex
460 3212 575 3275 illo,
599 3210 664 3264 de
686 3210 855 3266 Carne
881 3209 1094 3271 Christi.
1125 3225 1177 3263 (ε.
1215 3209 1308 3272 25,
1358 3225 1412 3263 n.
1448 3209 1572 3265 164.
1620 3210 1836 3265 Tertul-

241 3287 373 3343 liani
405 3284 784 3338 auctoritatem
816 3281 1126 3348 proferebat
1153 3281 1454 3334 Helvidius.

321 3367 342 3395 α
380 3353 634 3409 Victorini
659 3351 1048 3406 Pctabionencis
1071 3353 1318 3423 episcopi.
1355 3350 1726 3423 lteditierrorg
1746 3367 1837 3407 ve-

245 3437 423 3483 terum
451 3425 775 3487 editionum,
802 3440 946 3492 qum,
976 3432 1034 3477 ut
1060 3421 1220 3492 supra
1251 3423 1390 3475 libro
1429 3423 1497 3476 de
1529 3422 1669 3477 Viris
1712 3421 1840 3478 Illu-

243 3499 450 3554 su-ilius
472 3537 486 3560 ,
517 3495 700 3565 legunt
733 3497 818 3547 hic
845 3493 1184 3565 Pictauiensis
1205 3493 1454 3562 episc0pi,
1486 3509 1583 3562 pro
1603 3509 1670 3548 eo
1695 3495 1838 3563 quod

245 3564 644 3624 Petobionensis
683 3567 954 3636 episcopis
982 3564 1115 3620 Vide
1157 3567 1839 3636 suprafannotatiuiiculas

248 3649 466 3696 nn~tras
505 3655 556 3692 in
588 3634 786 3692 librum
817 3634 883 3691 de
931 3634 1303 3707 Scriptoribus
1337 3635 1734 3707 Ecclesiasticis
1785 3637 1836 3690 in

245 3710 547 3767 Victorino.
1057 3705 1069 3707 ⁷
1391 3705 1657 3762 Murrum.

317 3780 344 3819 ά
382 3783 569 3838 Codex
604 3778 941 3835 Veronensis
972 3777 1376 3848 propinquitate,
1429 3795 1535 3848 non
1568 3786 1752 3837 matre.
1786 3785 1842 3831 ct

246 3853 451 3910 rectius
476 3852 638 3921 paulo
663 3850 800 3906 infra
820 3846 1044 3906 veterum
1069 3846 1399 3919 Scriptorum
1417 3846 1632 3904 Graecia:
1658 3850 1842 3904 seriem

245 3938 585 3980 commovere.

322 4007 346 4034 °
388 3997 533 4051 Idem
589 3991 924 4048 Veronensis
952 3989 1295 4062 Bysantinuni
1333 3989 1589 4062 legit,7et
1640 3988 1840 4044 Valen-

247 4068 411 4122 tinum
433 4081 541 4120 nou
562 4064 830 4131 agnoscit.
862 4059 1132 4117 Victorius
1161 4059 1747 4132 qtioque’Valeniinum
1788 4062 1840 4115 iu

245 4140 433 4194 multis
465 4133 750 4191 codicibus
773 4132 1072 4189 desiderari
1101 4131 1256 4186 testis
1281 4131 1386 4187 est.
1419 4131 1724 4187 Coteleiins
1751 4145 1844 4185 au-

249 4219 358 4265 tein
389 4205 819 4278 Bysantinumin
845 4207 1040 4278 codice
1059 4203 1293 4273 quodam
1319 4202 1496 4278 regio,
1519 4212 1684 4278 atque
1722 4202 1844 4256 aliis

250 4272 488 4343 invenit,
519 4278 616 4332 sed
653 4273 975 4329 Valentinum
1029 4272 1084 4328 in
1131 4278 1301 4342 regio,
1333 4274 1500 4328 veluti
1543 4272 1842 4328 variantem

250 4350 548 4406 lectionem
581 4347 755 4401 notari
783 4349 859 4401 ait
877 4348 942 4401 ad
976 4344 1405 4415 Bysantinumin
1436 4350 1698 4414 margine.

327 4420 344 4460 ί
391 4423 468 4476 De
519 4419 588 4472 iis
636 4429 720 4470 est
747 4413 1117 4487 proverbium,
1165 4414 1258 4483 qui
1289 4414 1492 4487 aliquid
1543 4413 1723 4484 inepte
1762 4413 1842 4468 fa-

252 4492 406 4547 ciunt
448 4489 538 4546 vel
571 4483 849 4544 indecore.
891 4487 1027 4543 Vide
1067 4494 1318 4540 nostrum
1361 4483 1746 4553 Hieronymum
1783 4487 1839 4539 in

253 4561 407 4618 Isaiae
436 4577 486 4616 c.
520 4575 709 4616 Litvm.

323 4643 348 4680 ιε
379 4633 670 4704 Suinptum
700 4646 765 4704 es
797 4625 1122 4704 Tertuhlib.
1150 4623 1406 4704 deﬂarne
1425 4622 1638 4704 Christi,
1671 4637 1720 4678 c.
1746 4624 1838 4692 59,

250 4704 344 4760 ubi
376 4696 566 4759 contra
593 4699 949 4764 Marcionem,
973 4699 1191 4757 Perora,
1213 4696 1407 4765 inquit,
1429 4711 1524 4767 age
1534 4697 1674 4767 jam,
1691 4711 1843 4767 spur-

251 4714 344 4760 um
376 4714 566 4759 eontra
593 4714 949 4764 Muretuuem,
973 4714 1191 4757 rerora,
1213 4714 1407 4765 inquit,
1429 4714 1674 4817 ageg'im,
1691 4714 1843 4765 spur-

251 4775 403 4830 citiae
445 4771 750 4845 genitalium
792 4773 845 4825 in
875 4783 1019 4845 utero
1049 4768 1410 4845 elementorum
1441 4775 1490 4820 et
1552 4766 1843 4845 tumoris-et

252 4833 543 4917 sanguinis,
572 4843 709 4914 [tedii
741 4841 962 4917 coagula
993 4841 1163 4917 carnis
1189 4853 1254 4892 ex
1281 4833 1844 4917 eodeniraenoalenda:

253 4908 554 4987 perviiocem
572 4908 775 4968 menses
807 4908 1081 4987 fdescribe
1109 4919 1309 4964 uteium
1333 4909 1396 4960 de
1424 4908 1506 4960 die
1531 4911 1582 4961 in
1606 4908 1742 4987 diem
1766 4909 1846 4958 in-

252 4977 608 5057 iolescentem,
637 5001 866 5057 gravem,
899 4984 1136 5057 orificium,
1167 4988 1569 5057 nexumtotum,
1589 4977 1844 5057 insertum

253 5056 558 5112 libidinibus
586 5049 784 5124 minuti
813 5069 856 5108 et
885 5052 1041 5125 gulae.
1076 5049 1328 5125 [avehere
1347 5053 1465 5125 jam
1508 5059 1556 5103 et
1583 5050 1638 5102 in
1671 5050 1845 5125 ipsum

254 5132 482 5183 mulieris
509 5119 746 5203 enitentis
772 5119 1141 5203 pudorem...”
1168 5119 1363 5203 H_orres
1388 5123 1559 5203 utique
1588 5129 1635 5174 et
1660 5119 1843 5203 ill/1.1)}.-

255 5209 354 5254 tem
379 5214 498 5252 cum
525 5200 637 5253 suis
668 5188 1050 5267 impedimentis
1096 5195 1365 5264 profusum
1406 5188 1579 5263 utique
1625 5200 1670 5246 et
1717 5188 1849 5244 obli-

257 5280 384 5326 tum.
417 5280 526 5326 etc.

327 5311 637 5410 δ’έέὶδιιὶι
679 5340 824 5412 hunc
842 5334 1161 5412 Hieronymi
1188 5332 1366 5412 locum
1406 5333 1464 5389 S.
1501 5332 1848 5412 _l_lidelplion_-:

255 5424 346 5468 sus
384 5402 692 5467 Toletanus
722 5402 1164 5478 θνὶειςοιηιε.“(ιιιί
1200 5406 1356 5478 κείςρει
1393 5405 1629 5478 mediani
1661 5402 1847 5478 sti-culi

253 5497 286 5537 a
314 5484 540 5539 Christo
565 5493 691 5535 nato
723 5471 942 5545 septimi
969 5471 1169 5540 lloriiit,
1198 5477 1248 5528 in
1273 5475 1538 5530 Sermone
1568 5473 1632 5526 de
1656 5471 1850 5524 Partu-

254 5552 444 5609 ritione
475 5565 524 5608 et
554 5551 934 5621 Puriﬁcatione
979 5547 1290 5621 Sigillariw,
1336 5559 1496 5621 cuius
1539 5545 1734 5621 verba:
1770 5555 1851 5596 ta-

255 5626 414 5682 Inetsi
465 5625 612 5680 forte
657 5613 808 5692 plura
855 5637 1017 5690 quam
1043 5619 1301 5674 Natarum
1333 5616 1576 5693 brevitas
1617 5613 1845 5693 patitur,

256 5696 579 5753 describere
630 5683 810 5747 tamen
855 5683 938 5746 est
982 5706 1162 5760 Opera:
1213 5687 1482 5760 pictiuiii:
1516 5683 1847 5760 Jureigitur,

255 5752 476 5841 inquit,
509 5763 751 5821 Christus
783 5752 1152 5831 primogenita:
1180 5752 1474 5829 appellatur
1500 5772 1563 5810 ea:
1599 5752 1804 5826 Virgine
1831 5795 1846 5824 ,

590 5858 870 5920 PATROL.
916 5855 1156 5918 XXIII.

1939 1899 2056 1949 eos,
2091 1885 2259 1940 Deum
2279 1898 2376 1954 per
2407 1882 2632 1951 virginis
2660 1880 2914 1948 pudenda
2943 1883 3208 1953 genitum,
3240 1900 3400 1955 quam
3433 1889 3541 1942 vir-

1938 1975 2123 2045 ginem
2150 1990 2250 2029 suo
2292 1974 2412 2028 viro
2454 1973 2706 2043 nupsisse
2749 1983 2869 2042 post
2898 1984 3134 2044 partum.
3176 1996 3196 2029 ι
3243 1987 3267 2024 8
3294 1979 3469 2049 Junge
3496 1983 3542 2037 si

1942 2065 2072 2121 libet
2100 2076 2156 2121 et
2183 2066 2318 2120 alias
2363 2075 2574 2119 natura:
2617 2066 3002 2130 contumelias,
3032 2084 3228 2124 novem
3264 2073 3543 2128 mensibus

1943 2173 2154 2216 uterum
2183 2160 2623 2222 insolescentem,
2657 2159 2896 2226 fastidia,
2924 2170 3164 2230 partum,
3196 2165 3541 2235 sanguinem,

1944 2266 2172 2320 pannos.
2207 2248 2325 2320 ipse
2366 2250 2464 2304 tibi
2493 2250 2837 2306 describatur
2877 2252 3078 2319 infans,
3115 2256 3352 2326 tegmine
3375 2274 3545 2315 mem-

1944 2343 2242 2399 branarum
2273 2343 2436 2398 solito
2464 2345 2809 2401 convolutus.
2841 2345 3164 2416 lngorantur
3189 2349 3322 2405 dura
3350 2367 3544 2422 praise-

1948 2435 2060 2507 pia,
2084 2437 2300 2507 vagitus
2322 2437 2551 2507 parvuli,
2578 2449 2791 2493 octavae
2818 2439 2927 2492 dici
2944 2442 3312 2509 circumcisio,
3334 2454 3548 2516 tempus

1949 2531 2315 2601 purgationis,
2362 2539 2420 2585 ut
2445 2531 2706 2602 probetur
2753 2532 3087 2588 immundus.
3121 2536 3236 2590 Non
3269 2539 3548 2596 erubesci-

1948 2639 2090 2689 mus,
2122 2639 2228 2680 non
2257 2624 2501 2679 sileiiius.
2537 2622 2564 2661 ¹¹
2589 2626 2806 2693 Quanto
2830 2637 2958 2681 sunt
2989 2630 3275 2686 humiliora
3306 2649 3425 2700 quae
3453 2651 3550 2705 pro

1947 2735 2036 2775 me
2067 2733 2256 2788 passus
2291 2727 2398 2785 est,
2427 2727 2576 2774 tanto
2617 2720 2736 2787 plus
2766 2720 2841 2774 illi
2888 2720 3082 2776 debeo.
3112 2723 3181 2778 Et
3219 2742 3342 2780 cuni
3370 2729 3548 2784 omnia

1946 2809 2326 2880 replicaveris,
2375 2823 2538 2864 cruce
2576 2809 2713 2864 nihil
2753 2813 3207 2869 contumeliosius
3255 2818 3501 2885 protei-cs
3534 2838 3544 2871 :

1936 2940 2039 2978 non
2059 2923 2197 2998 quod
2223 2921 2426 2998 vulvam
2471 2924 2723 2998 armaverit
2788 2923 3041 2998 Virginis,
3087 2937 3134 2980 et
3179 2928 3357 2983 aulam
3412 2951 3549 2989 rese--

1945 2993 2132 3078 ruperit
2163 2993 2400 3078 pudoris,
2437 2994 2534 3078 sed
2584 2997 2706 3078 quia
2736 2993 2979 3078 quierat
3019 2997 3082 3050 ab
3113 2999 3261 3078 initio
3284 3005 3544 3078 primoge-

1858 3069 1906 3132 Ο
1938 3066 2076 3139 nitus
2107 3069 2263 3118 totius
2307 3076 2580 3139 creaturae,
2605 3075 2756 3118 natus
2779 3077 2852 3120 est
2881 3083 2943 3121 ea:
2969 3085 3027 3120 ea
3053 3080 3100 3121 et
3121 3071 3250 3139 ipse.
3284 3066 3388 3126 iam
3428 3066 3544 3129 uiii-

1939 3137 2140 3209 genitus
2162 3177 2176 3200 ,
2213 3152 2382 3209 quam
2412 3147 2458 3190 et
2489 3137 2860 3209 primoyenitus
2879 3181 2893 3202 ,
2937 3155 2994 3192 eo
3042 3137 3149 3209 quo
3175 3141 3334 3197 voluit
3364 3146 3541 3208 modo,

1938 3206 2048 3282 sine
2090 3207 2279 3280 gemitu
2310 3248 2347 3282 ,ﬁ
2376 3217 2425 3282 et
2472 3209 2583 3282 sine
2639 3206 2818 3282 dolore
2883 3206 3310 3282 parturientis...
3342 3255 3355 3269 .
3415 3206 3546 3282 Qui;

1940 3279 2031 3332 bus
2056 3277 2286 3348 profecto
2303 3277 2590 3356 Catholica:
2610 3279 2838 3356 veritatis
2862 3277 3074 3356 regulis,
3097 3281 3218 3356 hinc
3264 3286 3385 3356 inde
3406 3277 3548 3356 putet

1939 3365 2120 3403 sensus
2165 3364 2183 3402 .°
2226 3350 2348 3416 quia
2394 3365 2574 3413 nemo,
2613 3349 2714 3403 nisi
2755 3347 3058 3414 hwreticus,
3100 3355 3223 3406 dicit
3276 3347 3546 3411 Christum

1941 3419 2346 3494 commimi'lege
2392 3431 2590 3494 natura:
2629 3429 2810 3494 natum
2848 3437 2866 3473 .'
2907 3439 3068 3494 neque
3106 3428 3258 3476 aliter
3296 3443 3450 3494 quam
3489 3438 3545 3481 ut

1942 3492 2111 3545 σωτενὶ
2133 3501 2418 3544 nascuntur
2437 3492 2682 3561 infantes.
2712 3491 2958 3555 Quamvis
2981 3498 3119 3547 enim
3142 3491 3320 3548 doctor
3350 3493 3402 3546 Η
3411 3498 3544 3550 iero-

1942 3579 2126 3638 nymus
2155 3562 2208 3614 in
2230 3577 2288 3638 eo
2311 3576 2484 3638 apere,
2509 3562 2645 3632 quod
2673 3572 2854 3638 contra
2877 3561 3179 3638 Helvidium
3203 3583 3265 3619 ex
3291 3565 3389 3638 hoc
3411 3568 3541 3638 egit,

1942 3633 2177 3708 videatur
2207 3634 2252 3686 ei
2285 3633 2494 3708 cessisse
2526 3649 2545 3686 .'
2583 3642 2632 3685 et
2664 3649 2724 3708 eo
2750 3635 2801 3686 in
2833 3635 2944 3708 loco
2972 3636 3058 3688 ubi
3090 3637 3180 3702 ait,
3224 3637 3287 3690 de
3317 3633 3544 3708 hosp'nio

1941 3705 2105 3776 uulua:
2126 3718 2303 3776 novem
2327 3704 2598 3776 mensium,
2622 3712 2670 3755 et
2690 3703 2755 3754 de
2777 3707 2988 3758 reritate
3006 3710 3271 3771 nascendi,
3295 3703 3431 3776 quod
3453 3710 3543 3766 ille

1940 3773 2213 3849 hazreticus
2242 3774 2540 3849 insultando
2581 3785 2959 3849 proposuerat,
2983 3776 3132 3849 quasi
3170 3773 3429 3849 majestai
3462 3783 3545 3835 di-

1941 3845 2073 3918 uina:
2099 3855 2233 3918 esset
2258 3844 2553 3918 indignum,
2580 3847 2648 3918 ad
2679 3855 2876 3898 tantam
2905 3844 3262 3918 dignationem
3288 3866 3341 3901 se
3370 3850 3544 3906 Immi-

1943 3912 2116 3990 liasse,
2141 3926 2196 3968 ut
2218 3915 2351 3990 inter
2373 3912 2569 3990 uiscera
2597 3914 2651 3967 in
2674 3926 2819 3970 utero
2841 3912 3128 3970 versiiretur
3147 3916 3384 3990 Virginis
3409 3938 3427 3974 :
3450 3937 3542 3977 iiut

1943 3985 2076 4039 inter
2098 3991 2297 4056 femora
2320 3987 2540 4056 feminea
2559 3997 2861 4040 nasceretur
2885 3997 2987 4039 tam
3010 3985 3274 4042 sordibus:
3296 3988 3386 4042 Sic
3407 3995 3542 4046 enim

1945 4057 2117 4109 omnia
2144 4059 2199 4110 in
2228 4057 2548 4128 contrarium
2577 4071 2838 4128 apponens
2864 4061 3010 4128 quasi
3034 4057 3336 4123 haereticus,
3369 4070 3424 4112 ut
3453 4062 3543 4115 dc-

1945 4136 2162 4201 strueret
2186 4127 2308 4201 ﬁdei
2326 4123 2619 4201 Catholica!
2635 4123 2916 4182 ueritatem.
2940 4126 3036 4201 Cui
3060 4144 3088 4181 e
3110 4129 3374 4201 contrario
3400 4146 3543 4201 egre-

1945 4200 2060 4270 gitis
2087 4195 2178 4270 ille
2205 4196 2432 4270 veritatis
2453 4207 2696 4270 assertor,
2725 4216 2828 4252 non
2858 4199 3108 4270 cedendo,
3153 4200 3319 4270 ut_isii
3342 4195 3539 4270 volunt,

1945 4265 2038 4322 sed
2065 4267 2414 4340 dignationem
2437 4266 2850 4340 gloriossissiniaa
2870 4267 3172 4340 humilitatis
3193 4267 3294 4322 Dei
3317 4265 3541 4339 amplius

1947 4337 2375 4401 commendando,
2398 4337 2489 4403 ait,
2515 4339 2728 4408 Quanto
2746 4340 2960 4405 viliora,
2979 4351 3026 4411 et
3056 4337 3427 4395 iiilioneStiora
3442 4358 3543 4411 pro

1949 4411 2106 4466 nobis
2151 4411 2241 4464 illa
2284 4411 2546 4478 inajestas
2592 4411 2774 4464 divina
2812 4408 3076 4479 suscepit,
3126 4420 3222 4464 aut
3262 4408 3542 4480 sustinuit,

1865 4459 1922 4519 1)
1948 4459 2016 4536 ia]
2025 4459 2105 4535 .1;
2122 4459 2738 4543 clis—riuadosi-edendi,
2749 4459 3093 4550 Vei‘piiipéiis'i
3104 4459 3350 4535 nisi).
3361 4459 3540 4541 Ξίἱᾶῖίέ

1943 4563 2044 4607 est.
2069 4551 2189 4605 Tali
2205 4567 2429 4622 namque
2448 4567 2622 4615 sensit,
2646 4555 2738 4622 etsi
2760 4566 2867 4622 non
2883 4551 3072 4622 eisdem
3095 4552 3275 4615 verbis,
3299 4555 3350 4607 in
3373 4571 3540 4622 quam

1944 4631 2047 4675 tum
2077 4620 2276 4686 recolo,
2309 4622 2472 4692 eidem
2509 4620 2819 4692 respondens
2846 4619 3116 4692 hieretico,
3152 4625 3344 4677 videtur
3381 4619 3542 4682 heatw

1951 4692 2151 4764 Virgini
2175 4707 2300 4764 non
2327 4689 2601 4764 infamiam
2624 4689 2798 4764 ullius
2834 4689 3170 4764 colluuiouis,
3215 4708 3303 4749 aut
3335 4715 3540 4760 menum

1945 4759 2138 4832 peccati
2167 4759 2404 4832 intulisse
2430 4777 2448 4813 :
2475 4762 2565 4813 sed
2598 4761 2951 4831 dignationem
2979 4762 3202 4832 divinam
3230 4778 3274 4817 et
3302 4759 3541 4822 exinani-

1947 4831 2136 4885 tionem
2169 4831 2501 4892 immensam,
2543 4843 2587 4882 et
2619 4847 2672 4880 in
2707 4832 2875 4894 [arma
2904 4831 3034 4885 servi
3054 4871 3068 4894 ,
3101 4847 3385 4887 reverenter
3418 4841 3544 4892 satis

1948 4899 2352 4956 commendasse.
2381 4897 2502 4952 Non
2532 4909 2590 4952 ut
2628 4897 2888 4969 Virginem
2910 4913 3142 4955 verutum
3167 4920 3199 4956 a
3226 4902 3471 4969 Domino,
3497 4918 3546 4962 et

1950 4972 2328 5045 eahonoratani
2351 4969 2680 5045 ostenderet;
2710 4969 2803 5045 sed
2832 4983 2884 5045 ut
2915 4970 3233 5025 clementiam
3262 4975 3335 5045 pii
3353 4979 3545 5045 condi-

1949 5053 2094 5104 toris,
2127 5043 2280 5096 etiam
2307 5041 2604 5111 huiusmodi
2631 5039 2884 5096 Iucrcticis
2911 5039 3306 5101 demonstraret.
3337 5044 3546 5104 Idcirco

1950 5114 2220 5192 non_cessit
2248 5113 2358 5164 istis
2373 5109 2579 5192 chm.H‘
2582 5111 2772 5165 elvidio
2788 5117 3112 5192 errantibus,
3135 5115 3238 5192 sed
3256 5122 3506 5192 corripui:
3527 5139 3544 5176 ;

1949 5195 2007 5239 ut
2035 5185 2341 5257 discereut,_
2362 5199 2464 5236 non
2495 5182 2749 5257 infamare.
2788 5183 3080 5257 Virginem,
3119 5199 3167 5241 et
3201 5182 3407 5244 Domini
3446 5209 3548 5244 non

1950 5257 2202 5330 derogare
2225 5255 2279 5307 in
2302 5255 2482 5330 farina
2509 5255 2641 5330 serui
2667 5254 3030 5313 humilitatem.
3067 5257 3186 5330 Non
3228 5263 3365 5313 enim
3398 5264 3550 5330 pudi-

1951 5325 2125 5411 gitiain
2157 5329 2270 5399 ejus
2295 5326 2349 5411 in
2387 5326 2564 5397 aliqua
2592 5325 2768 5411 la’sant
2798 5335 2961 5411 docet,
2992 5329 3082 5398 qui
3120 5339 3318 5411 tantum
3351 5325 3408 5383 in
3438 5334 3551 5411 «ius

1953 5397 2108 5453 laude
2139 5395 2418 5468 triumphat
2448 5395 2483 5451 ε’
2512 5415 2672 5470 neque
2700 5398 2768 5451 ad
2796 5395 3165 5470 horumr'cessit
3203 5395 3550 5468 adversariis,

1951 5475 2037 5542 qui
2059 5486 2153 5543 pro
2176 5486 2235 5523 ea
2262 5478 2483 5543 tantum,
2523 5479 2572 5522 et
2591 5469 2711 5543 tam
2748 5473 2834 5520 diu
2868 5469 3138 5543 dimicavit
3165 5470 3307 5543 verbi
3333 5472 3506 5541 gladio
3535 5490 3555 5528 :

1953 5538 2038 5596 cui
2059 5538 2210 5594 'Deus
2239 5551 2420 5593 contra
2450 5539 2621 5593 hostes
2647 5542 2780 5603 eius,
2811 5552 3006 5590 tantum
3037 5538 3308 5591 resistendi
3335 5538 3554 5598 contulit

1951 5615 2202 5686 gratiam,
2233 5611 2527 5686 revincendi
2557 5609 2774 5680 prabuit
2809 5609 3067 5674 virtutem,
3102 5617 3156 5660 ut
3197 5625 3346 5665 nemo
3373 5626 3558 5673 contra

1951 5682 2072 5740 cum
2099 5685 2289 5738 audeat
2309 5682 2596 5752 insurgere.

3084 5843 3122 5908 7
