4062 6380
510 324 621 386 I03

1763 306 1822 364 8.
1865 299 2134 360 EUSEBII
2169 289 2550 354 HIERONYMI

3705 283 3822 340 2οι

507 459 670 516 quam
699 437 1041 510 Ρνοίὶιθηιυνν
1066 440 1118 488 οι
1148 423 1445 494 “Edim”:
1470 430 1526 480 ei
1550 422 1611 478 ίη
1634 434 1740 493 qua
1769 417 1838 476 d0
1858 416 2107 478 hostibus
2135 416 2189 484 Α
2212 445 2336 488 esse
2362 440 2593 498 corpore
2613 431 2669 480 et
2696 423 2924 494 spiritu;
2951 421 3077 492 quia
3104 417 3236 474 nihil
3271 416 3445 488 prosit
3464 429 3686 472 carnem
3719 415 3820 471 ha-

512 532 932 598 triumphamus.

583 625 676 682 19.
709 622 819 680 Sed
865 630 924 676 ut
966 619 1081 674 inec
1110 631 1230 685 quite
1258 614 1462 684 scripta
1494 620 1643 673 sunt,
1678 624 1787 666 non
1820 619 2105 678 negamus,

509 719 585 775 ita
614 733 676 774 ea
699 729 820 786 qua:
849 728 959 768 non
983 719 1108 765 sunt
1135 712 1362 778 scripta,
1386 705 1690 762 reuuimus.
1717 701 1913 758 Natum
1939 699 2106 754 Deum

511 825 636 868 esse
661 809 731 865 de
765 807 986 876 Virgine
1016 805 1176 877 2³⁸1
1209 800 1507 865 credimus,
1539 797 1666 868 quia
1697 795 1947 866 legimus.
1997 792 2108 846 Ma-

509 905 650 961 riam
682 901 936 971 nupsisse
962 906 1088 969 post.
1116 905 1352 965 partum,
1381 909 1490 948 non
1521 890 1819 955 credimus,
1849 885 1977 957 quia
1999 899 2107 940 non

512 997 762 1069 legimus.
796 992 907 1048 Nec
929 991 1032 1046 hoc
1054 988 1176 1044 ideo
1196 985 1445 1051 dicimus,
1477 1000 1586 1055 quo
1618 981 1833 1050 nuptias
1850 977 2110 1040 condem-

515 1103 733 1154 nemus,
757 1088 871 1161 ipsa
893 1085 1098 1156 quippe
1122 1081 1402 1153 virginitas
1427 1078 1638 1138 fructus
1654 1085 1737 1130 est
1761 1072 2106 1144 nuptiarum:

512 1183 614 1239 sed
655 1179 802 1251 quod
846 1179 1005 1234 nobis
1043 1176 1114 1232 de
1155 1174 1362 1230 sanctis
1404 1171 1539 1227 viris
1581 1178 1790 1224 temere
1838 1164 2114 1219 a-stimare

514 1275 652 1333 nihil
685 1276 864 1329 liceat.
897 1271 1193 1326 Possumus
1221 1267 1366 1324 enim
1412 1268 1513 1321 hac
1537 1262 1901 1320 estimatione
1933 1257 2109 1327 possi-

512 1365 744 1426 bilitatis
770 1363 1127 1427 contendere,
1159 1362 1344 1433 plures
1370 1374 1586 1429 quoque
1616 1369 1818 1412 uxores
1853 1349 2113 1408 habuisse

515 1463 742 1534 Ioseph,
785 1462 912 1531 quia
955 1460 1141 1530 plures
1186 1456 1435 1512 habuerit
1472 1453 1770 1519 Abraham,
1804 1450 1986 1521 plures
2019 1446 2114 1501 ha-

515 1558 698 1614 buerit
739 1555 944 1621 Jaeoh;
985 1561 1043 1609 et
1078 1552 1147 1608 de
1177 1551 1262 1607 his
1307 1565 1432 1606 esse
1472 1546 1735 1603 uxoribus
1780 1544 1977 1598 fratres
2007 1539 2110 1594 Do-

515 1647 674 1718 mini,
704 1647 845 1718 quod
876 1647 1125 1717 plerique
1154 1659 1263 1700 non
1291 1650 1400 1697 tam
1423 1642 1506 1711 pia
1530 1654 1694 1712 quam
1723 1635 1913 1692 audaci
1945 1642 2116 1688 teme-

517 1744 680 1799 ritate
721 1741 1058 1812 contingunt.
1097 1738 1181 1794 Tu
1219 1737 1357 1793 dicis
1398 1734 1622 1790 Mariam
1691 1730 1957 1802 virginem
2006 1741 2113 1782 non

2210 529 2341 584 bere
2382 523 2670 594 virginem,
2711 521 2755 575 si
2803 526 2989 574 mente
3036 517 3155 586 quis
3201 513 3472 586 nupserit.
3526 513 3656 580 Qua!
3694 527 3814 566 vero

2211 629 2371 692 nupta
2398 628 2494 683 est,
2523 619 2712 690 cogitat
2762 629 2878 685 qua:
2920 621 3040 668 sunt
3077 611 3276 677 mundi,
3321 608 3580 680 quomodo
3609 609 3815 679 placeat

2208 716 2340 770 viro.
2372 714 2517 770 idem
2565 722 2622 768 tu
2652 720 2807 783 putas
2847 726 2970 767 esse
3001 708 3194 765 diebus
3239 716 3296 762 et
3336 705 3589 760 noctibus
3618 716 3817 759 vacare

2210 807 2466 871 orationi,
2493 821 2690 862 vacare
2715 804 2975 878 ieiuniis;
3007 811 3062 859 et
3098 801 3164 857 ad
3197 800 3488 856 adventum
3515 797 3695 853 mariti
3719 813 3818 852 ex-

2212 901 2385 972 polire
2417 901 2635 965 faelem,
2682 911 2931 970 gressum
2973 896 3247 968 frangere,
3291 894 3553 965 simulare
3602 889 3820 947 blandi-

2211 996 2351 1051 tias‘l
2395 994 2492 1050 illa
2527 993 2630 1049 hoc
2661 993 2794 1064 agit,
2834 999 2893 1047 ut
2921 990 3132 1060 turpior
3170 996 3452 1059 appareat,
3499 994 3553 1042 et
3598 993 3813 1040 natura!

2212 1087 2414 1144 bonum
2451 1085 2684 1142 infuscet
2716 1084 2934 1156 injuria.
2984 1082 3110 1138 Haec
3139 1081 3206 1136 ad
3240 1077 3520 1150 speculum
3551 1076 3819 1148 pingitur,

2213 1191 2268 1239 et
2309 1183 2363 1237 in
2401 1180 2791 1236 contumeliam
2833 1176 3060 1234 artilicis
3101 1185 3329 1232 conatur
3375 1172 3653 1244 pulchrior
3697 1185 3825 1227 esse

2212 1291 2374 1348 quam
2419 1283 2546 1329 nata
2587 1283 2689 1328 est.
2727 1271 2857 1327 inde
2888 1271 3125 1326 infantes
3150 1269 3419 1341 garriunt,
3462 1265 3664 1321 familia
3697 1280 3824 1336 per-

2215 1371 2430 1439 strepit,
2467 1378 2488 1407 ε
2519 1368 2674 1423 liberi
2701 1367 2769 1421 ab
2799 1365 3004 1420 osculis
3026 1375 3082 1421 et
3103 1365 3171 1418 ah
3195 1378 3291 1418 ore
3321 1360 3656 1432 dependent,
3681 1373 3826 1416 com-

2216 1473 2475 1536 putantur
2506 1472 2779 1531 sumptus,
2814 1459 3087 1531 impendia
3119 1466 3521 1530 prmparantur.
3557 1454 3696 1510 Hinc
3726 1469 3825 1510 co-

2215 1572 2402 1613 corum
2432 1556 2675 1612 accincta
2709 1567 2899 1608 manus
2939 1565 3136 1607 carnes
3166 1549 3315 1616 terit,
3365 1549 3492 1604 hinc
3528 1547 3821 1603 textricum

2217 1653 2373 1708 turba
2399 1657 2831 1707 commurmurat
2861 1665 2872 1702 :
2907 1646 3187 1702 nuntiatur
3221 1644 3440 1700 interim
3481 1643 3566 1697 vir
3604 1641 3826 1699 venisse

2216 1759 2340 1799 cum
2374 1744 2556 1799 sociis.
2607 1741 2701 1797 Illa
2742 1739 2809 1795 ad
2849 1738 3164 1794 hirundinis
3205 1736 3426 1793 modum
3475 1735 3669 1790 lustrat
3701 1734 3826 1790 unl-

516 1836 924 1908 permansisse:
958 1847 1059 1904 ego
1101 1831 1234 1887 mihi
1271 1831 1394 1902 plus
1423 1826 1674 1890 vindico,
1728 1827 1892 1882 etiam
1941 1825 2116 1892 ipsum

2227 1851 2379 1891 versa
2413 1834 2714 1907 penetralia
2735 1875 2749 1899 ,
2779 1833 2823 1886 si
2856 1843 3007 1886 torus
3034 1830 3236 1902 rigeat,
3269 1829 3313 1883 si
3347 1826 3656 1898 pavimenta
3701 1838 3826 1881 ver-

513 1928 717 2000 Ioseph
749 1929 1022 2000 virginem
1067 1925 1233 1981 fuisse
1271 1939 1369 1996 per
1396 1921 1644 1986 Mariam,
1677 1926 1737 1974 ut
1773 1933 1841 1972 ex
1870 1913 2120 1985 virginali

513 2023 770 2094 coniugio
800 2022 951 2091 virgo
989 2020 1133 2074 illius
1175 2026 1514 2072 nasceretur.
1555 2014 1613 2071 Si
1646 2014 1792 2068 enim
1844 2011 1895 2064 in
1942 2007 2119 2062 virum

515 2129 765 2175 sanctum
799 2112 1090 2172 fornicatio
1118 2127 1225 2166 non
1255 2110 1425 2175 cadit,
1457 2114 1512 2162 et
1538 2107 1698 2161 aliam
1741 2119 1863 2159 eum
1893 2115 2120 2158 uxorem

514 2211 771 2267 habuisse
796 2225 903 2264 non
935 2203 1193 2262 scribitur
1224 2221 1237 2256 :
1267 2201 1450 2258 Maria:
1475 2210 1681 2264 autem,
1706 2211 1867 2268 quam
1899 2202 2122 2265 putatus

517 2318 600 2363 est
630 2305 911 2368 habuisse,
949 2310 1136 2357 custos
1164 2297 1346 2369 potius
1387 2293 1511 2362 fuit,
1538 2308 1698 2364 quam
1732 2291 1961 2346 maritus
1987 2307 2000 2341 :
2032 2303 2123 2344 re-

518 2397 808 2468 linquitur,
849 2394 1117 2463 virginem
1157 2405 1283 2446 eum
1332 2389 1601 2444 mansisse
1637 2401 1760 2442 cum
1805 2383 1995 2452 Maria,
2029 2383 2120 2454 qui

517 2503 675 2564 pater
707 2487 921 2546 Domini
954 2487 1157 2543 meruit
1183 2480 1472 2554 appellari.

589 2583 681 2640 ΞΟ.
727 2583 791 2638 Et
823 2582 946 2652 quia
982 2579 1051 2636 de
1079 2576 1492 2648 enmparatione
1518 2574 1847 2645 virginitatis
1887 2582 1944 2628 ct
1979 2586 2120 2641 nup-

519 2677 716 2733 tiarum
746 2689 866 2730 sum
897 2671 1078 2740 aliqua
1109 2670 1382 2734 dicturus,
1411 2667 1646 2723 obsecro
1677 2666 1914 2720 lecturos
1937 2679 2006 2717 ne
2035 2678 2122 2716 me

521 2779 710 2841 putent
750 2767 954 2834 nuptiis
982 2765 1292 2820 detraxisse
1318 2762 1371 2815 in
1401 2760 1673 2830 virginum
1713 2757 1894 2823 laude,
1922 2765 1979 2810 et
2020 2755 2124 2809 aii-

521 2875 684 2932 quam
715 2859 910 2912 fecisse
951 2854 1260 2908 distantiam
1286 2853 1430 2907 inter
1454 2861 1678 2906 sanctos
1707 2853 1909 2904 veteris
1933 2849 2123 2902 Testao

523 2950 692 3008 tuenti
721 2956 777 3004 et
804 2948 952 3013 novi,
984 2945 1036 2999 id
1061 2954 1166 3009 est,
1188 2947 1330 2998 inter
1351 2957 1447 2998 eos
1472 2942 1563 3013 qui
1591 2941 1831 2996 habuero
1848 2939 2120 3010 conjugis,

524 3044 698 3101 ethos
717 3041 854 3112 quia
882 3038 1170 3105 complexu
1189 3036 1477 3091 mulierum
1506 3033 1723 3103 penitus
1752 3039 2122 3102 recesserunt,

529 3151 715 3193 verum
748 3147 846 3205 pro
875 3129 1190 3191 conditione
1213 3138 1518 3200 temporum
1548 3127 1638 3186 alii
1663 3140 1758 3182 eos
1785 3133 1911 3182 tunc
1943 3124 2126 3196 subia-

2227 1931 2418 1995 reriut,
2464 1929 2506 1983 si
2538 1934 2727 1983 ornata
2765 1926 2872 1981 sint
2901 1925 3116 1995 pocula,
3163 1923 3213 1977 si
3240 1921 3524 1993 prandium
3555 1931 3828 1990 praepara-

2225 2032 2337 2078 tum
2363 2017 2412 2075 ά.
2449 2019 2759 2088 Responde,
2790 2032 3002 2088 qumso,
3045 2015 3188 2070 inter
3213 2014 3312 2068 ista
3341 2012 3428 2067 ubi
3458 2013 3529 2066 sit
3552 2010 3645 2066 Dei
3675 2012 3825 2082 cogi-

2224 2114 2396 2170 tatio?
2428 2113 2494 2168 Et
2535 2111 2619 2166 ha:
2663 2110 2852 2166 felices
2883 2108 3116 2164 domus?
3145 2107 3417 2163 Cancrum
3447 2105 3540 2161 uhi
3569 2113 3827 2177 tympana

2225 2215 2442 2271 sonant,
2487 2205 2615 2260 tiliia
2659 2203 2923 2270 clamitat,
2967 2200 3077 2274 lyra
3111 2199 3303 2271 garrit,
3347 2198 3654 2270 cymbalum
3695 2213 3830 2254 con-

2225 2308 2434 2369 crepat,
2474 2298 2596 2368 quis
2628 2295 2702 2351 ibi
2746 2295 2842 2350 Dei
2875 2294 3072 2348 timor?
3093 2291 3371 2346 Parasitus
3399 2289 3451 2345 in
3481 2289 3831 2346 contumeliis

2225 2391 2527 2462 gloriatur:
2556 2389 2938 2461 ingrediuntur
2966 2387 3230 2458 exposita:
3253 2385 3536 2440 libidinum
3566 2384 3828 2452 victima},

2225 2495 2279 2543 et
2312 2486 2576 2542 tenuitate
2605 2485 2838 2541 vestium
2869 2483 3027 2537 nudae
3055 2480 3345 2552 impudicis
3367 2478 3540 2534 oculis
3568 2480 3829 2548 ingerun-

2227 2588 2334 2632 tur.
2373 2575 2466 2632 His
2499 2577 2683 2632 infelix
2713 2589 2872 2640 uxor,
2909 2583 3004 2628 aut
3035 2573 3269 2638 ltrtatur,
3296 2579 3350 2626 ct
3377 2571 3550 2650 prrit:
3580 2578 3673 2624 aut
3697 2577 3721 2608 ο
3752 2571 3836 2625 of-

2226 2667 2486 2735 fenditur,
2519 2677 2574 2722 ct
2604 2668 2834 2721 maritus
2865 2667 2920 2720 in
2951 2665 3123 2736 iurgia
3162 2664 3489 2719 Concitatur.
3535 2661 3670 2717 Hinc
3714 2662 3831 2717 dis-

2227 2762 2439 2828 cordia,
2470 2759 2824 2815 seminarium
2853 2755 3086 2828 repudii.
3133 2759 3240 2812 Aut
3269 2757 3313 2810 si
3343 2755 3524 2826 aliqua
3559 2753 3837 2811 invenitur

2226 2855 2442 2916 domus,
2485 2854 2539 2908 in
2573 2868 2675 2924 qua
2704 2852 2808 2908 ista
2840 2867 2948 2906 non
2981 2849 3134 2918 flant,
3168 2865 3288 2920 qua:
3317 2863 3440 2903 rara
3466 2849 3580 2902 avis
3606 2857 3719 2914 est;
3754 2858 3833 2903 tav

2228 2963 2352 3004 men
2404 2946 2518 3018 ipsa
2559 2943 2894 3020 dispensatio
2943 2943 3161 3009 domus,
3209 2942 3506 2998 liberorum
3551 2940 3829 3010 educatio,

2229 3042 2582 3097 necessitates
2624 3039 2825 3107 mariti,
2875 3038 3147 3104 correctio
3195 3036 3558 3102 servulorum,
3602 3051 3762 3108 quam
3797 3051 3830 3094 ι

2229 3135 2323 3198 Dei
2391 3137 2719 3207 cogitatque
2767 3151 2878 3196 nou
2927 3131 3199 3198 avocent?
3257 3126 3596 3202 Defecerunt,
3654 3133 3828 3203 inquit

522 3232 703 3290 cuisse
725 3227 1035 3289 sententiae,
1054 3233 1109 3281 et
1129 3225 1221 3282 alii
1249 3238 1367 3284 nos.
1396 3221 1449 3278 in
1475 3237 1610 3292 quos
1631 3221 1766 3278 lines
1795 3220 2119 3275 smculorum
2146 3211 2191 3274 C
2225 3227 2507 3297 scriptum
2526 3266 2540 3292 ,
2562 3224 3180 3298 Sat‘alnuliebria(a‘¢ll.
3206 3240 3358 3290 xwu,
3382 3224 3656 3297 li):post
3683 3227 3826 3296 quod

522 3327 908 3381 decurrerunt.
952 3316 1222 3386 Quamdiu
1254 3315 1340 3372 lex
1370 3314 1458 3368 illa
1492 3311 1790 3383 permansit
1832 3329 1846 3365 :
1877 3311 2120 3373 Crescite,

521 3429 568 3474 et
605 3412 1049 3483 multiplicamini,
1087 3418 1132 3468 et
1158 3409 1349 3479 replete
1374 3417 1563 3464 terram
1588 3404 1745 3479 (Gen.
1802 3417 1839 3473 ι,
1869 3404 2001 3473 28);
2047 3411 2122 3469 ei.

524 3508 816 3564 Maledicta
838 3503 1053 3567 sterilis,
1070 3511 1094 3540 ει
1109 3516 1336 3570 qutetton
1357 3500 1493 3570 parit
1513 3516 1682 3556 semen
1701 3499 1755 3554 in
1779 3495 1949 3557 Israel
1965 3496 2013 3565 (1
2022 3496 2122 3555 sui.

525 3604 708 3660 ultimo
728 3616 833 3654 uc.
860 3596 1050 3666 LXX),
1071 3596 1345 3650 uuhebaut
1365 3609 1582 3659 omnes,
1612 3593 2046 3658 elnubehautur,
2069 3600 2127 3648 et

526 3692 808 3748 derelictis
830 3687 1171 3763 parentibus.
1203 3689 1404 3744 tiehaut
1434 3702 1537 3744 una
1569 3699 1716 3746 caro.
1743 3686 1972 3754 Quando
1994 3697 2124 3747 vero

525 3800 628 3841 vox
663 3783 755 3843 illa
789 3779 1067 3853 pertonuit
1096 3797 1108 3832 :
1143 3777 1368 3846 Tempus
1396 3779 1778 3839 lu'eoiuttonest
1803 3794 1823 3838 .·
1869 3778 2127 3847 reliquum

527 3889 627 3944 ut,
654 3887 709 3932 ut
733 3887 782 3931 et
801 3876 1088 3946 quihulmit
1114 3873 1412 3939 uxores,sic
1433 3873 1558 3937 sint,
1584 3871 1734 3942 quasi
1755 3887 1857 3925 non
1880 3871 2125 3940 habeant;

527 3969 852 4025 adiacerent“
896 3965 1145 4032 Domino,
1191 3981 1325 4018 unus
1364 3978 1482 4018 cum
1525 3981 1584 4021 eo
1613 3965 1873 4036 efﬁcimur
1914 3966 2125 4040 spiritus

524 4062 569 4135 (1
597 4062 714 4118 Cor.
767 4075 864 4130 vn,
893 4059 1010 4128 9.9).
1049 4059 1115 4114 Et
1144 4057 1354 4130 quare?
1403 4059 1539 4132 Quia
1571 4059 1660 4128 qui
1695 4060 1806 4116 sine
1840 4074 2001 4114 uxore
2029 4068 2122 4126 est.

524 4156 714 4228 cogitat
745 4170 808 4209 ett
826 4169 940 4218 quat
963 4151 1060 4205 Dei
1084 4161 1227 4215 sunt,
1250 4151 1509 4221 quomodo
1537 4151 1738 4221 placeat
1761 4148 1890 4210 Deo.
1910 4150 2012 4222 Qui
2030 4167 2126 4204 att-

525 4256 624 4301 tem
647 4261 765 4298 cum
787 4261 946 4302 uxore
958 4253 1057 4312 est,
1083 4244 1336 4300 sollicitus
1357 4253 1456 4308 est,
1478 4253 1724 4316 quassant
1746 4243 1904 4320 hujus
1922 4245 2123 4313 mundi,

524 4336 781 4409 quomodo
829 4337 1028 4407 placeat
1068 4337 1240 4392 uxori.
1286 4335 1354 4390 Et
1396 4336 1563 4394 divisa
1615 4345 1691 4392 est
1745 4337 1954 4399 mulier,
2002 4331 2030 4374 ι)
2077 4345 2126 4394 et

523 4434 666 4505 virgo
699 4448 712 4485 :
746 4446 863 4501 quae
903 4447 1006 4485 non
1049 4439 1124 4488 est
1159 4441 1345 4499 nupta,
1387 4429 1579 4497 cogitat
1627 4443 1742 4496 qua:
1769 4439 1887 4482 sunt
1916 4426 2034 4494 Dei,
2070 4437 2126 4483 ut

527 4525 593 4578 sit
621 4534 797 4576 saneta
825 4537 1041 4590 corpore
1066 4531 1112 4575 et
1141 4522 1351 4591 spiritu.
1400 4519 1540 4572 Nam
1566 4535 1682 4595 qua:
1710 4530 1873 4588 nupta
1913 4529 2009 4582 est,
2041 4534 2127 4572 co—

2225 3320 2424 3375 dicilur
2469 3320 2534 3374 ad
2589 3319 2907 3380 Abraham:
2957 3317 3150 3375 Omnia
3190 3332 3525 3390 umerumque
3569 3317 3696 3378 dicit
3737 3319 3832 3372 tibi

2229 3414 2385 3474 Sara.
2432 3413 2558 3468 audi
2587 3430 2758 3470 vocent
2794 3415 2906 3485 ejus
2948 3410 3102 3486 (Gen.
3134 3428 3251 3478 XXI,
3287 3408 3400 3482 i2).
3435 3409 3564 3481 Quae
3609 3427 3713 3474 non
3747 3422 3834 3470 est

2227 3509 2281 3565 in
2314 3515 2498 3577 partes
2533 3506 2902 3564 anxietatibus
2945 3515 3001 3561 et
3040 3505 3257 3569 dolore,
3289 3519 3410 3573 qua:
3447 3502 3836 3566 deﬁcientibus

2229 3603 2491 3659 menstrui
2533 3603 2749 3658 cruoris
2797 3600 3018 3665 officiis,
3053 3599 3250 3660 mulier
3275 3614 3400 3653 esse
3430 3597 3610 3665 desiit,
3658 3613 3687 3653 a
3734 3598 3834 3655 Dei

2228 3695 2610 3756 maledictione
2656 3695 2712 3750 lit
2741 3693 2910 3748 libera
2943 3710 2957 3747 :
2985 3708 3086 3748 nec
3122 3700 3206 3745 est
3236 3688 3301 3743 ad
3337 3688 3508 3744 virum
3542 3690 3833 3756 conversio

2229 3787 2370 3855 citis.
2401 3785 2498 3844 sed
2537 3801 2569 3842 θ
2596 3784 2874 3844 contrario
2901 3785 2985 3842 vir
3019 3780 3305 3850 subjicitur-
3329 3781 3402 3848 αἱ,
3447 3792 3503 3836 et
3533 3783 3746 3844 Dtunini
3780 3785 3832 3838 ei

2228 3894 2362 3936 voce
2388 3881 2703 3951 precipitur
2740 3895 2754 3933 :
2785 3881 2952 3952 229
2999 3881 3189 3936 Omnia
3214 3894 3548 3951 (fumumque
3575 3879 3668 3934 tibi
3705 3878 3836 3934 dicit

2232 3974 2388 4044 Sara,
2419 3972 2545 4032 audi
2589 3989 2761 4031 vocem
2789 3973 2903 4044 ejus
2947 3971 3156 4040 (Gentis.
3191 3972 3310 4046 tu):
3341 3983 3398 4038 et
3435 3970 3513 4036 sic
3561 3971 3835 4040 incipiunt

2231 4078 2432 4124 vacare
2460 4061 2716 4122 orationi.
2745 4062 2881 4140 Quia
2913 4064 3170 4134 quamdiu
3207 4065 3262 4126 in
3293 4063 3549 4142 coningio
3583 4061 3832 4126 debitum

2228 4156 2478 4222 solvitur,
2508 4155 2698 4211 orandi
2742 4158 3052 4226 praeteritur
3079 4156 3365 4211 instantia.

2296 4248 2387 4303 2i.
2433 4248 2548 4302 Non
2586 4262 2842 4318 negamus
2874 4247 3097 4311 viduas,
3146 4263 3252 4306 non
3293 4261 3550 4319 negamus
3595 4245 3822 4300 marita-

2233 4348 2314 4395 tas
2365 4338 2474 4412 [ΑΙ.
2508 4339 2793 4413 maritas],
2837 4351 3056 4403 sanctas
3103 4343 3364 4404 mulieres
3416 4339 3676 4404 inveniri;
3728 4337 3832 4398 sed

2231 4449 2350 4504 quin
2379 4447 2580 4490 uxores
2607 4447 2728 4488 esse
2753 4432 3047 4501 desierint,
3077 4451 3196 4503 quia
3245 4435 3298 4487 iu
3342 4433 3455 4501 ipsa
3499 4431 3834 4488 necessitate

2231 4525 2466 4595 coniugii
2518 4526 2791 4593 virginqu
2835 4525 3115 4580 imitentur
3168 4523 3491 4579 castitatem.
3542 4521 3659 4577 Hoc
3705 4532 3830 4594 est,

528 4616 682 4683 gitat,
723 4627 838 4683 qua:
863 4624 980 4668 sunt
1009 4613 1210 4678 mundi,
1239 4613 1496 4684 quomodo
1540 4613 1743 4686 placeat
1786 4613 1897 4668 viro
1933 4609 2126 4685 (lbitl.,
2154 4597 2208 4658 D
2235 4619 2378 4690 qum]
2409 4619 2706 4690 Αροειοιιιδ
2749 4617 3015 4686 breviter,
3051 4619 3273 4676 ειη-ἰδίη
3329 4619 3381 4678 in
3429 4633 3489 4674 se
3532 4617 3790 4690 laqueum
3814 4658 3830 4685 ν

528 4707 618 4770 5i,
649 4705 720 4762 55
745 4716 792 4758 et
832 4707 1015 4776 ηιμ).
1046 4705 1190 4773 Quid
1217 4705 1458 4760 oblatras
1477 4705 1501 4758 ἲ
1521 4704 1650 4773 quid
1691 4705 1993 4773 repugnas?
2025 4703 2128 4763 Vas

527 4797 813 4853 electionis
839 4799 952 4850 haec
975 4799 1237 4864 loquitur,
1262 4797 1426 4870 228
1452 4794 1629 4849 Divisa
1656 4804 1751 4860 est,
1773 4795 1985 4855 dicens.
2015 4812 2130 4849 ntu-

529 4889 647 4955 lier,
676 4901 722 4945 et
753 4891 912 4968 virgo.
948 4889 1086 4946 Vide
1121 4873 1341 4962 quantm
1377 4889 1650 4945 teiicitatis
1676 4890 1770 4954 sit,
1799 4901 1921 4960 qua:
1947 4898 2000 4946 et
2033 4903 2129 4946 no-

531 5002 654 5041 mcn
683 4999 847 5042 sexus
871 4983 1142 5040 amiserit.
1182 4984 1341 5048 Virgo
1371 4984 1485 5054 jam
1517 4984 1714 5040 mulier
1745 4999 1852 5042 non
1885 4995 2126 5046 vocatur.

536 5077 664 5144 Quae
692 5093 795 5128 non
839 5088 913 5128 est
946 5083 1130 5143 nupta.
1173 5076 1364 5143 cogitat
1421 5091 1536 5143 quas
1566 5085 1682 5129 sunt
1713 5074 1943 5142 Domini,
1980 5087 2033 5131 ut
2061 5079 2128 5131 sit

531 5177 711 5223 sancta
739 5183 953 5239 corpore
987 5177 1033 5221 et
1073 5167 1281 5237 spiritu.
1316 5166 1550 5242 Virginis
1574 5167 1838 5238 deﬁnitio,
1882 5178 2126 5231 suntiam

605 5325 835 5403 {Aliter
857 5340 972 5398 qua:
993 5339 1094 5380 non
1117 5321 1243 5403 fuci!
1261 5339 1452 5403 return,
1478 5331 1580 5403 etc.
1603 5321 1659 5388 in
1679 5321 1907 5403 Vulgata
1933 5323 2127 5403 Latina

531 5397 767 5523 sditione
791 5393 906 5457 huic
937 5395 1208 5455 scutetttitt
1230 5411 1339 5458 non
1362 5393 1661 5464 invenitur,
1690 5393 1885 5470 qua'de
1908 5413 1970 5458 re
1994 5395 2123 5460 alibi

573 5486 793 5523 minus.

573 5487 620 5524 IX
635 5486 793 5530 ιιηυς.

602 5540 627 5577 δ
662 5539 866 5612 Berole
891 5554 1010 5612 quae
1035 5538 1087 5596 itt
1121 5537 1336 5612 epistol.
1366 5535 1457 5606 2%,
1493 5536 1559 5596 ad
1591 5537 1949 5612 higustoeliium
1977 5534 2124 5598 dixi.

535 5627 652 5668 mus
670 5613 748 5682 de
781 5607 938 5682 huius
969 5611 1199 5682 lectione
1228 5609 1326 5682 ioci
1348 5650 1363 5674 ,
1399 5626 1516 5682 pag.
1551 5607 1671 5682 illi.
1694 5621 1834 5682 Διιοιιιι
1864 5625 1911 5660 c.

609 5693 628 5718 ε
665 5675 992 5736 Vt'rOHéttsis
1025 5679 1170 5733 liberi
1211 5678 1273 5732 ab
1304 5675 1524 5746 osculis,
1555 5675 1705 5738 liberi
1731 5675 1793 5734 ult
1823 5692 1909 5734 ore
1938 5675 2129 5749 depettv

533 5751 688 5820 dent,
707 5760 1034 5820 computatur
1055 5761 1308 5818 sumptus.
1339 5762 1448 5803 etc.

607 5816 634 5856 ⁸
663 5813 832 5876 idem
848 5820 893 5875 si
919 5813 1208 5887 pavimento
1235 5819 1542 5890 caruerint,
1571 5816 1618 5875 si
1639 5813 1883 5874 ordinata
1909 5816 2012 5875 sint
2038 5834 2132 5890 po-

2238 4718 2468 4768 testatus
2495 4718 2609 4770 est;
2636 4707 2653 4748 ί
2691 4708 2916 4780 innupta
2943 4710 3129 4781 cogitat
3155 4726 3270 4777 quae
3290 4707 3386 4764 Dei
3405 4719 3556 4775 sunt,
3575 4709 3833 4778 quomodo

2237 4802 2431 4874 placeat
2459 4801 2562 4854 Deo
2583 4817 2600 4854 :
2620 4811 2779 4869 nupta
2803 4816 2920 4854 vero
2967 4802 3158 4870 cogitat
3180 4817 3296 4871 qute
3323 4811 3442 4856 sunt
3474 4800 3652 4855 mundi
3669 4840 3684 4863 ,
3702 4817 3834 4867 tnta-

2237 4896 2391 4952 ntotlo
2420 4893 2619 4966 placeat
2651 4894 2759 4950 viro
2786 4893 2826 4965 (l
2847 4891 2970 4950 Cor.
3009 4909 3110 4960 \‘II,
3152 4893 3244 4964 Si)
3277 4912 3290 4948 :
3325 4895 3482 4952 nobis
3513 4907 3678 4963 super
3725 4895 3834 4958 ilOG

2235 5002 2486 5057 campum
2539 4986 2910 5055 intelligentiae
2960 4985 3374 5056 derelinquens.
3421 4985 3604 5054 Neque
3651 4994 3830 5050 iumen

2235 5083 2395 5137 alicui
2451 5079 2829 5138 necessitatem
2873 5082 3109 5152 imponit
3141 5090 3236 5136 aut
3276 5080 3552 5150 laqueum,
3595 5089 3623 5125 ι
3651 5078 3748 5134 sed
3778 5077 3831 5133 id

2236 5172 2378 5242 quod
2408 5171 2699 5234 hoaestum
2727 5182 2833 5240 est,
2861 5173 3077 5242 suadet,
3111 5172 3303 5232 volens
3329 5183 3521 5237 omnes
3549 5179 3670 5234 esse
3695 5169 3836 5228 sicut

2239 5326 2464 5399 cula._e.l
2495 5326 2659 5399 paulo
2690 5337 2834 5394 post,
2861 5337 2910 5382 et
2936 5327 3046 5399 Itan:
3076 5328 3246 5399 felicis
3276 5330 3480 5386 domus.

2279 5408 2333 5480 _°
2378 5393 2543 5483 vetus
2571 5393 2754 5483 editio.
2779 5409 2868 5483 aut
2911 5393 3169 5467 tristat'ur,
3199 5399 3483 5468 oﬂ'entlitnr
3512 5399 3744 5470 maritus,
3778 5407 3828 5453 et

2235 5468 2354 5540 hinc
2373 5468 2563 5540 jurgt'tt
2589 5468 2935 5540 concitantur.

2313 5491 2354 5531 ιε
2407 5491 2563 5540 urgm
2589 5491 2935 5524 σοηειιωιιαῖ.

2313 5539 2331 5578 ι
2373 5491 2589 5613 lsth_.t-c.
2632 5539 2851 5608 innupta
2893 5540 3083 5613 cogitat
3122 5538 3364 5613 (ιηωῄοβὶ
3389 5548 3531 5608 sunt,
3556 5540 3828 5613 quomodo

2237 5609 2437 5693 placeat
2465 5606 2596 5674 Deo.
2627 5620 2739 5693 tutu
2759 5606 3001 5693 salutatis
3056 5606 3171 5666 vero
3203 5606 3524 5674 adverbium
3551 5606 3608 5673 tu
3648 5610 3834 5672 γετοη

2239 5685 2392 5742 nensi
2420 5694 2521 5742 ms,
2549 5696 2656 5742 non
2685 5681 2973 5746 habentur.

2239 5747 2690 5876 minii}.de
2733 5765 2918 5816 revera
2942 5751 3192 5818 videatur
3217 5751 3304 5808 sed
3332 5749 3401 5812 ad
3423 5750 3478 5812 id
3495 5749 3637 5823 quod
3664 5749 3830 5816 Itona-
