4068 6364
1105 372 1470 431 ADVERSUS
1510 370 1925 436 JOViNlANUM
1963 369 2147 434 LIBRI.
2188 371 2353 430 DUO.
2393 369 2793 428 ADMONITIO.

3490 375 3595 434 1.6

301 490 568 561 seipsum.
618 491 686 548 Et
725 504 1048 563 quamquam
1092 493 1159 546 de
1204 493 1516 562 virginitate
1563 500 1895 564 praceptum
1924 495 1978 556 Α
2000 487 2267 558 quasdam
2295 501 2418 543 esse
2446 486 2683 558 virgines
2715 484 3054 544 tsbernarias
3075 500 3090 548 ;
3115 498 3216 555 ego
3238 483 3336 539 tibi
3366 485 3489 555 plus
3513 487 3598 543 di-

307 581 521 636 Domini
555 598 661 638 non
689 582 883 639 habeat
905 602 918 637 :
941 584 1064 655 quia
1089 583 1225 638 ultra
1256 584 1507 639 homines
1533 595 1648 651 est;
1677 596 1731 640 et
1757 601 1894 657 quo-

301 671 597 738 dammodo
635 675 964 746 impudentis
989 686 1138 742 erat,
1183 677 1477 732 adversum
1524 690 1769 734 naturam
1803 695 1894 734 co-

300 780 452 837 gere,
477 767 696 839 alioque
723 769 885 826 modo
912 769 1095 826 dicere
1115 810 1129 835 ,
1153 769 1292 824 Volo
1316 786 1416 825 vos
1437 785 1592 836 esse,
1623 772 1767 842 quod
1785 770 1898 826 An-

301 860 408 930 geli
448 870 618 916 sunt:
654 861 797 918 unde
849 872 904 918 et
944 863 1096 932 virgo
1125 871 1150 900 η
1182 863 1404 932 majoris
1459 873 1543 919 est
1586 864 1896 932 mercedis.

302 949 434 1007 dum
466 952 518 1007 id
542 955 839 1010 contemnit
868 996 884 1021 ,
917 955 1062 1024 quod
1111 955 1155 1010 si
1193 954 1418 1021 iecerit,
1445 971 1552 1012 non
1591 957 1895 1028 delinquit;

303 1043 662 1104 nihilominus
685 1046 738 1102 in
762 1046 1172 1104 coltaarent'tbus
1199 1047 1366 1104 infert
1387 1067 1398 1101 :
1417 1047 1703 1106 Consilium
1731 1064 1903 1106 autent

303 1136 404 1203 de,
428 1146 689 1208 tamquam
718 1140 1132 1196 misericordiam
1172 1152 1471 1197 consecutus
1499 1160 1530 1196 a
1561 1143 1786 1200 Domine
1805 1188 1818 1212 ,
1849 1156 1904 1200 ut

304 1233 405 1290 sint
429 1231 619 1303 ﬁdelis.
651 1232 914 1292 Eatistimo
957 1251 1080 1307 ergo
1109 1236 1204 1290 hoc
1231 1237 1419 1290 bonum
1457 1255 1570 1292 esse
1596 1249 1803 1310 propter
1825 1242 1906 1295 itt-

302 1336 522 1388 uarietas
548 1329 946 1395 ttecessitatem;
977 1330 1099 1399 quia
1136 1329 1326 1383 bonum
1346 1338 1419 1384 cst
1450 1331 1644 1386 ltomini
1673 1333 1748 1387 sic
1775 1351 1900 1389 esse.

305 1419 436 1488 Qum
473 1431 559 1476 est
581 1421 680 1476 ista
703 1422 1042 1477 necessitas?
1081 1421 1168 1477 Va:
1193 1423 1578 1495 pragnantibus
1599 1435 1644 1479 et
1675 1427 1906 1481 nutrien-

303 1511 440 1570 tibus
470 1514 525 1568 in
553 1511 651 1568 illa
687 1513 770 1570 die
801 1512 986 1586 (Matt.
1019 1529 1168 1578 sxw,
1203 1513 1292 1580 l9,
1324 1524 1370 1569 et
1401 1515 1572 1570 Marc.
1624 1531 1748 1584 xm,
1790 1516 1901 1589 l7).

304 1603 435 1661 Ideo
455 1607 592 1670 silva
624 1607 958 1672 succrescit,
993 1615 1051 1662 ut
1080 1617 1267 1675 postea
1296 1606 1590 1662 recidatur.
1626 1608 1751 1664 Ideo
1776 1625 1907 1679 ager

307 1701 530 1763 seritur,
563 1708 619 1754 ut
641 1708 900 1755 metatur.
941 1699 1060 1754 .latn
1095 1699 1288 1769 plenus
1321 1707 1408 1755 est
1432 1700 1603 1766 orbis,
1633 1711 1778 1758 terra
1809 1718 1908 1758 nos

308 1804 422 1847 non
461 1791 624 1861 capit.
673 1791 932 1860 Quotidie
973 1791 1114 1846 bella
1147 1792 1314 1864 $30
1339 1808 1439 1848 nos
1469 1803 1687 1867 secant,
1733 1795 1908 1850 morbi

1998 595 2062 636 co
2082 623 2095 647 ,
2128 597 2251 637 esse
2281 581 2334 635 in
2367 579 2450 634 his
2477 589 2532 634 et
2560 578 2867 646 adulteras,
2897 588 2983 646 et,
3015 593 3126 649 quo
3158 578 3332 648 magis
3367 577 3597 646 mireris,

1997 674 2227 730 clericos
2264 688 2386 728 esse
2415 687 2710 742 caupones,
2746 681 2802 727 ct
2822 672 3122 728 monachos
3143 670 3470 741 impudicos.
3495 672 3602 728 Sed

1999 767 2119 838 quis
2160 782 2268 822 non
2314 770 2500 822 statim
2549 765 2851 836 intelligat,
2896 781 2999 822 nec
3048 766 3414 822 tabernariam
3445 767 3608 836 virgi-

2001 874 2124 915 nem
2143 901 2158 926 ,
2181 874 2283 914 nco
2305 858 2613 914 adulterum
2645 857 3002 926 monachum,
3028 873 3130 914 nec
3157 859 3422 914 clericum
3448 873 3610 928 posse

2004 967 2125 1008 esse
2148 952 2488 1021 cauponem?
2518 949 2790 1021 Numquid
2816 950 3141 1022 virginitatis
3162 950 3271 1024 [Αι.
3293 949 3609 1023 virginitas]

2004 1055 2089 1102 est
2106 1047 2264 1117 culpa
2281 1088 2295 1115 ,
2321 1044 2666 1101 sisimulator
2685 1043 3008 1115 virginitatis
3025 1044 3078 1098 itt
3104 1044 3331 1100 crimine
3349 1045 3470 1100 est?
3496 1044 3611 1116 Ego

2007 1153 2190 1207 certe,
2225 1150 2282 1195 ut
2325 1141 2448 1196 aliis
2502 1139 2756 1209 personis
2789 1138 3176 1209 praetermissis
3215 1138 3283 1193 ad
3327 1137 3610 1210 Virginem

2010 1236 2269 1289 veniam:
2319 1248 2442 1304 qoze
2483 1233 2787 1288 institerias
2834 1241 3054 1289 exercet
3099 1242 3282 1300 artes,
3317 1233 3508 1288 nescio
3543 1247 3614 1287 an

2009 1343 2240 1398 corpore
2261 1371 2276 1394 ,
2311 1327 2454 1396 quod
2497 1327 2613 1382 scio
2637 1368 2651 1390 ,
2682 1327 2878 1396 spiritu
2907 1326 3066 1397 virgo
3092 1342 3204 1382 non
3235 1334 3538 1397 permanet.

2083 1422 2174 1476 29..
2219 1421 2555 1477 Rhetnricati
2604 1437 2794 1477 sttmus
2815 1463 2829 1487 ,
2859 1430 2915 1476 et
2947 1421 3000 1475 in
3033 1435 3243 1476 morem
3276 1419 3614 1474 declamato-

2011 1532 2164 1583 rum,
2200 1515 2474 1586 paululum
2519 1515 2768 1569 lusimus.
2803 1512 2885 1570 Tu
2932 1528 3055 1579 nos,
3089 1511 3324 1579 llelvidl,
3354 1513 3614 1584 Coegisti,

2010 1610 2102 1681 qui
2127 1608 2238 1681 jam
2275 1607 2571 1679 Evangelio
2593 1616 2941 1666 cornscante.
2968 1605 3214 1677 ejusdem
3246 1607 3326 1660 vis
3356 1619 3482 1661 esse
3501 1605 3619 1676 glo-

2011 1705 2108 1759 ria:
2139 1701 2378 1774 virgines
2402 1712 2456 1758 et
2488 1701 2767 1756 maritatas
2789 1698 2910 1773 [AL
2938 1696 3209 1771 maritas].
3239 1699 3306 1754 Et
3327 1699 3452 1770 quia
3475 1698 3621 1753 arbi-

2016 1807 2134 1852 tror
2183 1807 2237 1852 te
2276 1796 2505 1850 veritate
2547 1801 2862 1866 superatum
2888 1835 2903 1861 ,
2952 1792 3020 1847 ad
3064 1792 3460 1848 detractionem
3489 1791 3618 1846 vitae

306 1883 677 1950 subtrahunt,
704 1884 981 1954 naufragia
1014 1885 1342 1952 absorbent,
1373 1893 1428 1940 et
1452 1885 1803 1942 nihilominus
1844 1887 1911 1943 de
1942 1905 1988 1964 Β
2016 1904 2153 1944 meae
2181 1897 2235 1942 et
2265 1887 2332 1942 ad
2359 1887 2650 1944 maledicta
2694 1887 2942 1943 converti
2993 1886 3200 1959 (solent
3225 1886 3370 1942 enim
3414 1885 3522 1940 hoc
3565 1891 3621 1939 et

308 1976 562 2032 terminis
611 1978 924 2046 litigamus?
959 1979 1032 2032 De
1076 1976 1181 2033 hoc
1229 1995 1464 2033 numero
1500 1989 1625 2034 sunt
1671 1981 1776 2045 illi,
1820 1983 1912 2051 qui
2015 1980 2354 2036 mulierculae
2405 1979 2625 2044 facere,
2673 1995 2796 2050 qua:
2841 1979 3140 2036 victoribus
3189 1976 3425 2033 dominis
3474 1977 3622 2033 male

306 2070 523 2139 Agnum
552 2083 853 2140 sequuntur
883 2071 1067 2142 (Apoc.
1092 2072 1176 2141 ιι),
1207 2073 1296 2142 qui
1327 2073 1650 2128 vestimenta
1675 2089 1772 2128 sua
1805 2090 1916 2129 non
2015 2080 2207 2142 optant
2231 2073 2282 2126 in
2302 2073 2561 2143 angulis),
2582 2073 2712 2126 illud
2736 2071 2864 2127 dico
2889 2073 3247 2141 prreveniens,
3271 2070 3462 2140 gloria:
3487 2067 3620 2122 mihi

305 2164 823 2228 ooimtuinaverunt,
844 2163 1079 2232 virgines
1095 2163 1240 2217 enim
1263 2178 1696 2233 permanserunt.
1719 2166 1918 2222 Obscr-
2018 2165 2135 2220 iure
2160 2176 2248 2220 tua
2274 2165 2551 2229 convicia,
2578 2181 2702 2220 cum
2743 2165 2936 2219 eodem
2965 2179 3071 2234 quo
3095 2163 3280 2219 Mariae
3313 2161 3621 2225 detraxisti,

310 2267 384 2310 va
413 2251 546 2321 quid
568 2251 867 2322 signiticet,
893 2252 920 2291 δ
948 2255 1424 2323 coinquinaverunt.
1458 2255 1572 2325 Ego
1603 2272 1711 2311 non
1744 2258 1918 2313 audeo
2019 2272 2118 2313 ore
2140 2272 2226 2312 me
2249 2257 2481 2324 laceres,
2499 2266 2555 2313 et
2574 2258 2826 2313 caninam
2853 2255 3161 2312 facundiam
3189 2268 3384 2311 servus
3407 2252 3624 2309 Domini

311 2357 595 2414 exponere
611 2385 625 2410 ,
653 2360 721 2400 ne
741 2345 1022 2401 Helvidius
1043 2346 1427 2403 calumnietur.
1453 2349 1607 2414 Quod
1631 2359 1809 2405 autem
1839 2350 1921 2405 ais
2023 2349 2228 2417 pariter
2249 2353 2564 2420 experiatur
2585 2359 2641 2405 et
2669 2361 2862 2405 mater.

385 2515 420 2580 a_
445 2504 672 2580 veteres
700 2505 828 2580 editi
861 2508 1076 2580 majoris
1100 2519 1174 2562 est
1195 2509 1383 2562 uteriti.
1414 2507 1746 2564 Veronensis
1778 2509 1916 2564 liber
2016 2505 2462 2577 mus.—-Majeria
2483 2516 2557 2562 est
2583 2507 2854 2580 mercedis.
2879 2504 3046 2569 Editi,
3076 2505 3292 2580 ntajorls
3320 2505 3620 2580 estuteriti;

311 2577 530 2648 majoris
559 2587 632 2631 est
656 2579 854 2632 mercis.
889 2576 1238 2634 M'artiatueus
1267 2579 1539 2644 mercedis,
1570 2582 1658 2648 qui
1683 2590 1737 2633 et
1765 2580 1916 2647 pretii
2019 2590 2075 2634 at
2104 2594 2234 2634 mss.
2265 2576 2504 2644 codices,
2538 2579 2751 2646 majoris
2796 2587 2869 2632 est
2900 2576 3168 2639 mercedis,
3195 2576 3281 2648 vel
3308 2576 3524 2642 majoris
3550 2587 3625 2634 cst

311 2649 366 2704 in
388 2647 594 2718 altquot
623 2665 754 2702 mss.
784 2652 1056 2704 invenisse
1082 2667 1140 2704 se
1169 2654 1318 2704 diett.
1350 2651 1454 2705 Sed
1489 2647 1619 2705 illud
1651 2651 1718 2721 ah
1744 2665 1810 2704 eo
1834 2661 1915 2702 at-
2021 2651 2211 2720 pretii;
2243 2649 2432 2721 nullus
2458 2649 2642 2709 habet,
2674 2649 2892 2721 majoris
2921 2656 2994 2702 est
3023 2648 3210 2721 meriti.
3243 2647 3518 2701 Maenas.

321 2735 424 2789 qtte
449 2716 569 2792 aliis
603 2730 881 2790 peccatum
915 2731 1017 2792 est,
1053 2721 1192 2790 quod
1227 2724 1609 2792 tuoslegerint
1641 2720 1914 2791 dereliquit
2021 2716 2030 2720 ⁷
2091 2721 2117 2758 ι’
2157 2720 2583 2792 Pro-ponebatur
2631 2716 2860 2791 negandi
2905 2717 3194 2789 particula,
3224 2735 3384 2789 quam
3415 2733 3480 2773 es
3521 2716 3624 2774 Ve-

316 2805 415 2863 pro
435 2789 714 2864 delinquit,
743 2789 1204 2862 quemadmodum
1225 2808 1292 2848 es
1323 2789 1626 2848 Verbuensi
1657 2789 1914 2849 emenda-
2018 2791 2242 2848 ronensi
2269 2789 2607 2847 sustulimus.

313 2965 2831 2994 Mm

437 3102 544 3179 IN
625 3108 860 3198 SEQ.
944 3110 1339 3188 LIBROS
1421 3109 1991 3188 ADVERSUS
2062 3109 2762 3190 JOVINIANUM
2835 3112 3495 3196 ADMONITIO.

388 3445 509 3508 Fuit
538 3448 865 3508 Joviniamts
895 3449 1235 3521 professione
1267 3449 1605 3518 monachus,
1639 3452 1834 3518 homo,
1867 3452 1915 3506 si
1942 3452 2071 3507 vitae
2097 3454 2546 3510 consuetudinem
2588 3454 2843 3526 inspicias
2867 3495 2883 3522 ,
2927 3455 3080 3512 lusui
3105 3457 3326 3514 deditus
3355 3470 3422 3510 ac
3441 3454 3622 3510 disso-«

320 3537 494 3609 latus,
525 3542 731 3600 divitiis
760 3545 990 3602 abutens
1022 3545 1164 3602 male
1195 3547 1384 3616 partis,
1417 3554 1473 3602 et
1523 3545 1617 3616 qui
1646 3561 1743 3615 per
1767 3544 2044 3600 infamiam
2078 3545 2310 3600 nominis
2345 3545 2599 3618 Epicurus
2625 3546 3039 3606 Christianorum
3080 3551 3346 3606 meruerit
3384 3547 3613 3604 audire:

317 3630 364 3688 si
392 3636 596 3692 cultum
628 3637 796 3694 animi
825 3651 892 3694 ac
920 3638 1230 3696 doctrinam
1264 3638 1549 3708 requiras,
1603 3637 1845 3708 volgaris
1881 3637 2063 3707 plane,
2093 3653 2195 3694 nec
2235 3639 2538 3710 eloquens,
2582 3655 2682 3696 nec
2729 3641 3017 3708 eruditus;
3059 3642 3192 3709 sed,
3237 3640 3380 3713 quod
3427 3641 3619 3713 hujus-

318 3731 460 3796 modi
509 3732 840 3796 nebulonum
891 3735 1168 3806 ingenium
1234 3744 1349 3800 est,
1397 3735 1729 3805 procacitate
1772 3749 1835 3790 ac
1874 3735 2130 3804 superbia
2180 3736 2383 3791 nemini
2409 3737 2846 3808 postponondus.
2899 3739 2978 3794 Ex
3005 3754 3110 3810 qua
3144 3738 3277 3794 urbe
3303 3737 3497 3805 luerit,
3526 3753 3622 3794 seu

318 3824 498 3895 potius
527 3840 595 3884 ex
625 3841 732 3896 quo
763 3826 1028 3900 prodierit
1073 3825 1440 3894 monasterio,
1471 3825 1633 3881 dubia
1681 3840 1772 3880 res
1799 3835 1922 3890 est;
1945 3825 2166 3896 jamque
2194 3826 2394 3882 exinde
2420 3842 2449 3880 a
2477 3827 2713 3884 Baronio
2746 3829 2990 3900 plerique
3019 3825 3626 3886 eunt-Iediolanensem

317 3922 600 3976 autumat
630 3917 904 3980 (institisse
932 3933 944 3971 :
982 3918 1226 3976 nonnulli
1248 3933 1371 3973 cum
1397 3916 1700 3973 Purricelio
1731 3916 2032 3971 liotnanutn
2066 3917 2292 3972 iaciunt.
2325 3921 2500 3988 Atque
2531 3920 2729 3973 horum
2754 3919 2977 3989 quidem
3002 3917 3186 3974 malim
3211 3934 3313 3992 ego
3334 3921 3624 3979 sententiae

319 4013 604 4078 accedere,
656 4028 780 4070 nam
827 4021 885 4070 et
911 4012 1097 4076 Romae
1129 4011 1382 4083 primitus
1416 4011 1562 4082 jacta
1599 4011 1824 4067 nelariat
1853 4011 2119 4066 det-trium
2142 4012 2374 4077 semina,
2405 4012 2590 4082 ibique
2616 4012 2858 4082 virgines
2885 4013 3097 4084 aliquot
3134 4027 3316 4069 sacras
3351 4025 3624 4084 provecta

313 4100 426 4174 iam
457 4104 634 4166 amatis
663 4104 924 4173 deceptas
948 4104 1017 4158 ab
1045 4119 1112 4159 eo
1133 4144 1148 4168 ,
1180 4115 1241 4159 ut
1273 4104 1541 4158 nuberent
1581 4101 1750 4166 viris,
1780 4101 1842 4156 S.
1869 4099 2205 4171 Augustinus
2234 4101 2378 4156 libro
2411 4101 2480 4157 de
2513 4102 2823 4158 llaeresibus
2862 4104 3045 4158 tradit.
3081 4103 3158 4158 Ex
3196 4103 3392 4173 Syricii
3412 4120 3629 4175 quoque

316 4195 555 4266 epistola
587 4195 880 4263 evincitur,
904 4195 1192 4250 damnatos
1224 4195 1276 4250 itt
1309 4194 1554 4250 Romana
1589 4193 1804 4265 synodo
1833 4193 1953 4262 ejus
2001 4192 2244 4246 asseclas
2271 4194 2622 4262 pustmodunt
2654 4194 3024 4251 Mediolanum
3049 4195 3427 4265 contendisse,
3459 4212 3627 4254 aucu-

319 4298 546 4362 Dtttttros
577 4289 684 4346 sibi
727 4290 968 4346 animum
1017 4291 1365 4360 imperatoris
1394 4309 1407 4346 :
1439 4304 1614 4347 novos
1635 4305 1766 4344 vero
1794 4298 1954 4358 atque
1984 4286 2228 4357 hostiites
2267 4289 2397 4343 illnc
2438 4287 2724 4345 advenisse
2743 4331 2759 4356 ,
2789 4290 3036 4346 declarat
3061 4290 3336 4346 Ambrosii
3366 4294 3624 4363 synodica

321 4382 552 4452 epistola
584 4380 652 4434 ad
690 4381 938 4436 eumdem
985 4383 1257 4453 Syricinm
1287 4384 1388 4436 sub
1417 4383 1578 4436 linem
1613 4399 1626 4434 :
1657 4381 1816 4445 Cum,
1867 4379 2078 4450 inquit,
2121 4380 2260 4452 apud
2294 4382 2598 4454 magistrum
2633 4393 2784 4453 atque
2811 4383 3072 4436 doctorem
3116 4382 3340 4452 (Roma:
3377 4384 3619 4453 scilicet,

319 4484 480 4548 atque
514 4473 656 4544 apud
686 4473 1036 4546 Pontiﬁcum)
1056 4475 1180 4546 jam
1199 4473 1414 4542 dignum
1441 4473 1708 4542 pueritiam
1748 4473 2016 4527 retulerim
2042 4470 2121 4526 illi
2153 4471 2578 4544 (.lovinianistte)
2613 4471 2848 4544 perﬁdia
2877 4487 3005 4538 sua,
3030 4472 3144 4526 ideo
3170 4489 3328 4544 usque
3353 4475 3454 4528 huc
3479 4491 3624 4531 rene-

321 4575 472 4632 ruat,
506 4584 570 4622 ne
597 4577 882 4639 superesset
907 4567 1049 4626 locus
1075 4605 1092 4634 ,
1115 4567 1170 4620 in
1194 4580 1295 4637 quo
1343 4579 1448 4618 non
1476 4563 1864 4620 damnarentur.
1895 4564 1964 4620 Et
2015 4565 2174 4635 paulo
2203 4573 2362 4635 post,
2417 4564 2608 4620 Omnes
2647 4565 2735 4635 qui
2761 4565 2878 4618 illos
2909 4564 3142 4621 viderunt
3165 4609 3180 4636 ,
3211 4569 3362 4638 quasi
3386 4571 3624 4644 quaedam

321 4661 559 4734 contagia
582 4662 906 4735 refugerunt.

390 4755 445 4815 2.
474 4753 612 4810 Cum
637 4769 931 4824 erumpere
955 4756 1007 4810 in
1035 4762 1280 4824 apertam
1311 4752 1564 4808 ha-resitn
1599 4750 1790 4817 voluit,
1821 4767 1932 4824 quo
1977 4759 2164 4820 posset
2194 4751 2421 4808 liberius
2451 4763 2768 4822 pervertere
2799 4763 3007 4810 mentes
3039 4746 3623 4828 hominum-,Imtntium

325 4849 641 4911 monasticae
675 4849 798 4906 vitro
828 4848 1140 4914 remisisse;
1166 4859 1222 4904 et
1265 4858 1394 4902 sunt
1433 4848 1522 4917 qni
1575 4855 1797 4916 putent,
1828 4856 1882 4899 et
1912 4844 2276 4914 Hieronymus
2303 4847 2513 4899 videtur
2544 4847 2818 4910 indicare,
2864 4863 2988 4900 cum
3035 4849 3110 4904 illi
3149 4855 3437 4921 exprobrat
3479 4855 3625 4910 lib.I

325 4955 472 4998 num.
502 4941 595 5008 40,
627 4941 770 5011 quod
799 4951 916 5013 post
943 4941 1212 4995 sordidam
1250 4939 1496 5002 tunicam,
1528 4948 1578 4993 et
1604 4937 1768 4990 nudos
1789 4937 1967 5009 pedes,
1995 4947 2043 4989 et
2072 4934 2321 4987 cibarium
2347 4951 2553 5006 panem,
2583 4945 2801 5005 eloquar
2837 4949 3036 5008 potant,
3064 4942 3133 4996 ad
3152 4943 3402 4998 candidas
3429 4959 3587 5002 restes
3606 4991 3622 5016 ,

323 5043 372 5090 ct
407 5034 626 5092 nitidam
654 5045 842 5101 cutem,
860 5036 928 5089 ad
954 5034 1180 5088 mulsum
1199 5043 1245 5088 et
1267 5033 1558 5086 elaboratas
1580 5047 1789 5096 carnes,
1818 5031 1886 5084 ad
1906 5032 2036 5101 jura
2064 5027 2226 5099 Apltii
2247 5039 2294 5081 et
2327 5027 2577 5095 Patruini,
2602 5031 2671 5082 ad
2697 5027 2903 5086 balneas
2947 5051 3146 5108 quoque
3173 5047 3220 5091 et
3247 5038 3549 5111 frictiwlas,
3582 5053 3634 5098 et

326 5130 539 5201 popinas
567 5143 692 5185 sese
720 5128 1033 5186 contulerit.
1065 5127 1201 5182 Tum
1235 5128 1374 5182 libro
1405 5126 1645 5181 secundo
1677 5126 1822 5180 circa
1872 5124 2111 5178 mediutn
2143 5139 2155 5175 :
2188 5121 2315 5175 Ante
2338 5165 2352 5189 ,
2392 5121 2583 5192 inquit,
2617 5125 2760 5176 nudo
2803 5141 2918 5180 eras
2947 5130 3076 5200 pede
3095 5145 3115 5196 ;
3151 5131 3304 5184 modo
3334 5151 3434 5189 non
3460 5135 3626 5192 solum

325 5217 571 5280 coloeato,
598 5218 688 5276 sed
710 5231 757 5276 et
784 5229 968 5278 ornato
985 5233 1002 5272 :
1019 5230 1139 5274 tunc
1165 5234 1294 5289 pexa
1321 5218 1494 5272 tunica
1513 5229 1559 5273 et
1584 5220 1738 5290 nigra
1763 5212 2018 5270 subucula
2041 5213 2362 5278 uestieburis;
2395 5229 2530 5267 nunc
2549 5214 2696 5268 lineis
2716 5225 2762 5268 et
2783 5219 2958 5273 sericis
2987 5223 3223 5292 restibus,
3253 5235 3304 5281 et
3325 5229 3627 5285 Atrebatum

324 5321 371 5372 et
386 5311 653 5374 Laodicea:
667 5311 982 5376 indumentis
1010 5321 1223 5368 ornatus
1254 5310 1467 5366 incedis.
1487 5311 1628 5377 Quin
1653 5310 1814 5365 etiam
1833 5309 1889 5363 S.
1909 5307 2234 5362 Ambrosius
2250 5306 2301 5360 in
2325 5305 2608 5377 Rescripto
2629 5308 2694 5362 ad
2717 5307 3014 5380 Syriciom:
3037 5313 3106 5370 Se
3119 5316 3314 5385 dolent,
3335 5323 3522 5388 inquit,
3544 5323 3630 5376 isti

330 5400 622 5474 (lovtniani
652 5403 896 5473 asas-ciae)
916 5402 1091 5475 aliqua
1107 5415 1328 5474 tempore
1349 5418 1458 5457 esse
1475 5411 1775 5459 amca-atas.
1799 5412 1844 5453 et
1860 5398 2124 5470 propriam
2141 5396 2454 5452 ulciscuntur
2472 5398 2723 5470 injuriant
2738 5402 3154 5474 quotidianisque
3171 5409 3416 5461 conuiuiis
3432 5425 3629 5480 usuque

326 5492 551 5558 luxuria:
574 5494 801 5552 laborent
828 5494 1145 5556 abstineatur
1169 5491 1474 5566 propulsare
1494 5491 1808 5547 desiderant.
1840 5482 1954 5559 Ego
1979 5488 2034 5545 in
2059 5502 2344 5561 utramque
2363 5504 2572 5561 partem
2597 5492 2770 5560 accipi
2800 5494 2987 5548 istltarc
3015 5506 3069 5550 et
3099 5497 3295 5552 disseri
3329 5514 3488 5568 posse
3515 5504 3628 5565 aio.

329 5581 500 5660 Siqui
532 5586 889 5646 monasticam
929 5587 1092 5646 vitam
1126 5585 1370 5640 moribus
1409 5581 1706 5646 ittliciatur,
1739 5582 1816 5636 illi
1839 5581 1956 5638 volt:
1983 5582 2190 5638 dixisse
2235 5583 2506 5651 putandus
2534 5593 2620 5639 est
2642 5624 2657 5650 ,
2691 5582 3012 5639 Jovinianus
3042 5589 3340 5644 monachus
3387 5607 3512 5650 esse
3533 5596 3633 5654 de-

330 5681 468 5746 stitit
497 5698 511 5732 :
545 5690 734 5736 contra
765 5679 812 5734 si
843 5679 1239 5752 professionem
1261 5679 1394 5736 vitia
1424 5690 1530 5732 non
1559 5675 1870 5740 destruunt,
1903 5677 2202 5735 monachus
2230 5679 2493 5732 continuo
2524 5677 2644 5731 fuit.
2678 5676 2742 5730 Et
2773 5677 3098 5732 monachum
3130 5696 3188 5735 se
3214 5683 3431 5752 quidem
3456 5689 3633 5761 impu-

333 5774 524 5840 denter
541 5774 786 5844 jac-tabat
810 5773 946 5846 ipse,
969 5775 1113 5847 quod
1141 5773 1500 5842 iliotonytnus
1529 5768 1695 5839 priori
1727 5771 1848 5824 loco
1874 5770 2130 5842 exagitat,
2159 5769 2311 5838 quini
2343 5771 2665 5825 ernentitum
2689 5769 2948 5837 operibus
2971 5785 3192 5827 nomen.
3222 5775 3476 5835 Mutatam
3501 5798 3634 5840 vero

346 5862 414 5932 ab
452 5878 521 5922 eo
574 5876 802 5930 vestem,
853 5876 976 5921 sunt
1025 5865 1114 5937 qui
1165 5866 1238 5922 ita
1279 5861 1485 5922 diottttn
1517 5855 1860 5930 intelligant,
1895 5868 1954 5916 ut
1997 5869 2124 5920 ante
2155 5874 2460 5929 perversam
2494 5858 2942 5928 medicationem
2971 5861 3238 5925 nfecta-tre
3275 5871 3466 5931 sordes
3511 5889 3636 5933 cum
