4062 6356
463 358 570 414 207
1717 347 1773 403 S.
1818 345 2092 404 EUSEBII
2136 344 2521 401 HIERONYAH
3607 336 3618 345 ’
3663 342 3770 404 209

470 470 747 533 assumpta
769 460 999 516 mollitie
1022 458 1203 515 acrius
1243 458 1660 532 exprobrentur.
1686 458 1958 514 Fortassis
1985 467 2165 514 autem
2198 459 2299 515 sub
2325 474 2432 529 quo
2461 458 2687 531 quisque
2717 458 2887 516 voluit
2912 459 3230 515 indumento
3252 458 3582 514 monachum
3616 464 3775 527 pote—

464 566 548 610 rat
581 553 841 624 profiteri.

531 648 586 700 5.
626 644 745 700 Jam
793 643 1017 699 hmresis
1062 643 1181 713 ejus
1230 642 1404 711 capita
1462 641 1577 695 haec
1614 651 1769 695 erant
1804 659 1816 693 :
1870 640 2133 708 Primum,
2169 640 2428 710 virgines,
2462 641 2689 709 viduas,
2739 650 2793 696 et
2824 641 3073 705 maritas,
3109 657 3231 712 qua:
3269 640 3442 697 semel
3474 639 3527 694 in
3553 638 3771 697 Christo

457 735 586 789 lota:
632 744 805 799 sunt,
854 733 1101 804 ejusdem
1132 748 1253 787 esse
1283 732 1485 796 meriti,
1532 732 1574 785 si
1602 732 1653 786 in
1689 732 1911 802 reliquis
1955 732 2080 787 vita:
2136 733 2393 803 operibus
2444 749 2553 788 non
2610 733 3010 804 discreparent.
3064 734 3346 800 Alterum,
3399 748 3495 790 eos
3522 733 3615 805 qui
3644 749 3773 791 vere

457 829 718 900 haptizati
753 838 899 895 sunt,
932 844 959 881 a
989 827 1205 882 diabolo
1237 826 1477 881 subverti
1511 824 1653 880 haud
1686 840 1867 896 posse.
1899 826 2166 894 Tertium,
2195 827 2331 881 nihil
2362 827 2568 883 distare
2603 829 2743 884 inter
2775 840 3088 885 vescentem
3116 829 3278 893 cibis,
3312 827 3723 899 etjejunanlem
3752 868 3767 894 ,

454 922 504 977 si
546 936 668 976 cum
699 922 996 991 gratiarum
1025 919 1239 975 actione
1270 917 1543 972 comedat.
1587 918 1930 971 Postremum
1954 959 1967 981 ,
2003 918 2054 972 in
2096 934 2265 989 regno
2293 920 2558 975 caalorum
2585 935 2682 990 par
2711 922 2954 976 omnium
2989 922 3106 978 fore
3136 922 3415 992 praemium
3439 961 3455 988 ,
3494 920 3587 987 qui
3615 935 3773 976 suum

454 1015 728 1083 baptisma
767 1009 1126 1066 servaverim.
1155 1008 1385 1066 Sanetus
1412 1006 1748 1076 Augustinus
1770 1007 1909 1062 duas
1935 1019 2230 1078 praeterea,
2264 1024 2467 1076 easque
2506 1009 2680 1065 ferme
2719 1012 3071 1067 exitiosiores
3100 1011 3468 1080 blasphemias
3494 1010 3573 1065 illi
3598 1011 3772 1067 ascri-

454 1108 537 1163 b.t
565 1151 581 1173 ,
628 1120 858 1177 quarum
914 1105 1087 1158 altera
1121 1110 1207 1157 est
1237 1120 1248 1154 :
1279 1100 1472 1155 Omnia
1523 1109 1739 1169 peccata
1770 1115 1893 1155 esse
1922 1102 2066 1168 paria
2103 1118 2116 1153 :
2147 1102 2341 1163 altera,
2373 1100 2661 1170 Deiparam
2694 1100 2971 1172 Virginem
3004 1100 3133 1157 Jesu
3167 1112 3397 1156 matrem
3429 1116 3536 1155 non
3567 1100 3618 1154 in
3642 1114 3779 1155 cou-

456 1195 713 1267 cipiendo
738 1193 984 1265 quidem,
1014 1193 1107 1249 sed
1134 1194 1184 1246 in
1218 1192 1477 1262 pariendo
1510 1191 1677 1246 fuisse
1706 1191 1981 1245 violatam.
2011 1192 2136 1247 Hzec
2162 1193 2270 1247 duo
2301 1192 2667 1265 Hieronymus
2695 1195 2810 1250 lere
2841 1194 3148 1250 dissimulat
3169 1235 3184 1259 ,
3209 1203 3301 1250 aut
3325 1204 3476 1251 certe
3510 1194 3769 1263 peculiari

456 1292 514 1345 in
544 1289 697 1343 hisee
727 1288 881 1341 libris
906 1288 1266 1356 responsione
1307 1299 1415 1339 non
1448 1285 1728 1352 impugnat
1752 1299 1764 1335 :
1791 1299 1911 1352 qua:
1945 1284 2153 1337 Erasmi
2184 1283 2526 1353 aliorumque
2558 1294 2681 1352 post
2711 1285 2860 1340 illum
2892 1285 3036 1340 ratio
3077 1294 3192 1349 est,
3226 1295 3285 1340 ut
3314 1286 3439 1341 inde
3461 1284 3775 1352 conﬁciant,

459 1379 827 1449 Augustinum
849 1375 1140 1432 Joviniano
1168 1374 1413 1444 quaedam
1441 1373 1719 1428 immerito
1752 1373 2092 1440 attribuisse,
2122 1391 2242 1444 qua:
2272 1391 2492 1430 rumore
2515 1385 2722 1431 tantum
2752 1379 2998 1447 populari
3024 1378 3221 1448 jactari
3242 1378 3309 1434 de
3338 1378 3432 1434 illo
3455 1388 3661 1434 temere
3689 1377 3775 1434 di-

462 1471 710 1527 diciSset.
751 1468 1012 1539 Equidem
1045 1484 1164 1539 qua:
1190 1468 1410 1538 scripsit
1436 1466 1537 1521 hac
1562 1465 1630 1519 de
1657 1464 1851 1520 haeresi
1888 1465 2178 1535 episcopus
2206 1467 2594 1537 Hipponensis,
2623 1468 2692 1522 ab
2719 1468 2839 1522 aliis
2866 1484 2927 1524 se
2951 1469 3241 1539 prolitetur
3260 1468 3571 1539 accepisse;
3601 1467 3779 1523 nihilo

456 1567 645 1621 secius
674 1563 797 1618 falsi
820 1562 1027 1633 aliquid
1057 1559 1262 1629 imponi
1298 1559 1399 1613 sibi
1434 1574 1673 1628 passum,
1703 1568 1758 1611 et
1779 1571 1944 1626 supra
1972 1558 2116 1627 quod
2146 1573 2332 1613 verum
2362 1566 2539 1622 esset,
2566 1557 2838 1613 Joviniani
2868 1575 3084 1615 errores
3113 1559 3451 1627 cumulasse,
3482 1575 3588 1613 non
3618 1566 3771 1630 puto.

453 1659 760 1716 Enimvero
786 1655 1074 1710 ridiculum
1108 1653 1179 1708 de
1210 1661 1558 1722 peccatorum
1600 1650 1911 1721 aequalitate
1937 1660 2305 1706 commentum
2337 1668 2401 1707 ex
2434 1651 2628 1707 iisdem
2659 1662 2842 1707 manat
2868 1652 3176 1709 Stoicorum
3203 1653 3463 1720 fontibus,
3490 1656 3634 1710 unde
3665 1655 3777 1709 ha:-

454 1753 664 1809 reticus
688 1751 979 1816 hauserat,
1011 1758 1175 1819 atque
1205 1763 1271 1802 ex
1293 1762 1356 1801 ea
1385 1762 1547 1815 quam
1576 1744 2049 1814 impudentissime
2076 1745 2384 1808 asserebat,
2412 1746 2731 1825 meritorum
2757 1746 3069 1816 aequalitate
3096 1748 3250 1817 quasi
3278 1749 3597 1803 necessario
3624 1747 3772 1804 lluit:

452 1849 598 1902 hanc
624 1860 785 1915 porro
809 1845 1176 1914 Hieronymus
1206 1844 1333 1897 totis
1365 1842 1520 1897 libris
1552 1842 1847 1911 redarguit.
1885 1840 2135 1895 Alteram
2164 1841 2232 1896 de
2270 1849 2526 1911 corrupta
2567 1840 2629 1894 B.
2666 1840 2851 1895 Mariae
2886 1840 3203 1911 virginitate
3226 1841 3277 1896 in
3310 1853 3487 1911 partu,
3517 1840 3777 1910 dignissi-

451 1953 598 1994 mam
631 1939 872 1992 omnium
901 1936 1287 1991 exsecratione
1314 1945 1478 2003 atque
1502 1933 1628 1986 odio
1655 1931 2078 2000 blasphemiam,
2104 1948 2169 1987 ex
2198 1932 2318 2000 ipso
2343 1932 2401 1987 S.
2426 1931 2699 1986 Ambrosii
2719 1930 3010 1999 Rescripto
3036 1931 3101 1985 ad
3125 1930 3392 2002 Syriciqu
3416 1930 3681 1987 evincitur
3702 1930 3773 1986 ab

452 2035 549 2090 illo
574 2033 796 2103 suisque
824 2030 1052 2086 asseclis
1082 2028 1246 2097 impie
1270 2028 1529 2098 iactatam
1565 2045 1578 2081 :
1613 2025 1740 2091 Sed,
1772 2026 1967 2095 inquit,
1998 2026 2145 2079 devia
2174 2025 2522 2095 perversitatis
2538 2023 2828 2096 produntur
2854 2024 3046 2090 dicere,
3088 2023 3247 2096 Virgo
3272 2025 3525 2096 concepit,
3556 2024 3645 2079 sed
3668 2041 3775 2079 non

455 2126 620 2197 Virgo
645 2122 1101 2195 generavit:quod
1133 2121 1261 2175 item
1294 2118 1578 2174 confutare
1609 2116 1952 2187 persequitur
1976 2125 2088 2171 toto
2111 2117 2205 2172 illo
2236 2125 2291 2170 et
2319 2117 2571 2187 sequenti
2599 2117 2797 2187 capite.
2830 2115 2912 2170 Ad
2944 2119 3059 2170 hate
3088 2116 3455 2188 Hieronymus
3482 2116 3600 2186 ipse
3628 2114 3773 2171 istud

444 2218 650 2292 passim
675 2228 865 2273 contra
894 2214 1215 2268 hmreticum
1248 2222 1401 2282 urget
1433 2226 1497 2267 ac
1528 2210 1794 2281 replicat,
1829 2210 2092 2263 illibatam
2126 2211 2498 2278 permansisse
2530 2221 2585 2265 et
2618 2211 2671 2264 in
2701 2221 2970 2281 conceptu
3001 2221 3053 2265 et
3087 2211 3137 2264 in
3166 2218 3320 2280 partu
3353 2211 3594 2281 Deipara:
3635 2210 3777 2269 inte-

448 2312 706 2382 gritatem
732 2351 748 2375 ,
779 2307 1090 2378 Christique
1120 2320 1317 2375 corpus
1345 2303 1550 2359 clausis
1596 2304 1733 2358 sacri
1769 2302 1909 2357 uteri
1939 2303 2212 2373 repagulis
2237 2303 2430 2359 eodem
2481 2304 2643 2358 modo
2675 2305 2821 2359 foras
2855 2303 3127 2374 prodiisse
3156 2344 3172 2372 ,
3221 2319 3329 2375 quo
3359 2305 3425 2359 ad
3476 2306 3775 2376 discipulos

447 2403 718 2460 obseratis
749 2400 959 2456 foribus
984 2401 1311 2469 penetravit.
1337 2398 1485 2452 Idem
1514 2405 1710 2451 contra
1743 2395 2046 2450 Helxidiunt
2068 2436 2083 2462 ,
2117 2405 2171 2450 et
2195 2396 2514 2451 Tertulliani
2549 2397 2884 2452 levissimum
2917 2399 3285 2453 testimonium
3331 2398 3473 2453 libro
3501 2400 3567 2453 de
3598 2401 3775 2458 Carne

450 2493 658 2551 Christi
679 2508 798 2561 cap.
820 2491 890 2545 52
912 2509 924 2544 :
955 2490 1081 2545 Cum
1109 2486 1388 2561 Apostolus
1419 2506 1519 2541 non
1546 2504 1609 2542 ea:
1632 2487 1848 2557 virgine,
1869 2486 1959 2540 sed
1983 2503 2045 2540 ex
2076 2486 2288 2541 muliere
2312 2488 2504 2542 editum
2536 2486 2738 2542 Filium
2765 2489 2862 2543 Dei
2884 2491 3250 2563 pronuntiavit,
3282 2492 3487 2563 agnovit
3512 2493 3772 2564 adaperta:

452 2592 620 2647 vulva:
650 2587 933 2660 nuptialem
958 2586 1280 2655 passionem,
1312 2583 1497 2637 multis
1524 2582 1931 2650 Scripturarum
1961 2580 2199 2635 oraculis
2227 2581 2678 2648 comprobaverat
2704 2601 2716 2636 :
2742 2582 2903 2653 idque
2936 2586 3168 2642 fortasse
3191 2587 3243 2643 in
3271 2602 3439 2643 causa
3479 2596 3593 2653 est,
3625 2592 3768 2661 quod

445 2683 581 2737 satis
611 2680 799 2735 habuit
825 2678 1088 2733 lectorem
1121 2674 1188 2728 ad
1215 2690 1338 2728 eum
1368 2673 1567 2727 librum
1597 2670 1914 2733 amandare,
1948 2687 2014 2726 ne
2039 2671 2282 2725 eamdem
2310 2671 2399 2726 hic
2427 2671 2589 2726 telam
2622 2683 2911 2729 retexeret.

521 2776 578 2829 ιι.
607 2774 735 2828 Haec
758 2771 921 2841 igitur
945 2768 1210 2822 Romanis
1235 2764 1460 2819 auribus
1513 2779 1684 2818 novus
1712 2762 2083 2818 Ecclesiarum
2116 2764 2376 2832 magister
2408 2779 2619 2818 venena
2653 2766 2995 2835 prOpinabat,
3017 2784 3140 2837 qua:
3168 2779 3226 2825 ut
3254 2770 3417 2827 latius
3455 2785 3766 2844 serperent,

447 2880 623 2925 ausus
667 2871 752 2917 est
779 2862 943 2915 etiam
994 2857 1157 2913 editis
1182 2855 1660 2911 Commentariolis
1705 2856 1944 2922 posteris
1980 2854 2391 2911 commendare.
2425 2857 2503 2911 Ex
2534 2855 2858 2928 fragmentis
2880 2871 3062 2915 autem
3089 2862 3196 2917 illis
3232 2878 3362 2919 sane
3387 2866 3616 2937 exiguis,
3647 2885 3773 2940 qua:

448 2963 822 3027 Hieronymus
844 2963 1032 3010 servat
1058 2952 1160 3005 sub
1189 2951 1405 3004 initium
1450 2948 1647 3018 prioris
1679 2948 1826 3013 libri,
1868 2947 2026 3004 facile
2069 2947 2330 3019 colligere
2358 2958 2465 3014 est,
2496 2965 2656 3020 quam
2690 2952 2956 3008 abnorme
2983 2966 3129 3011 esset
3156 2972 3293 3026 opus
3340 2958 3495 3027 illud,
3528 2960 3772 3020 inerudi-

451 3066 593 3119 tum,
626 3049 917 3112 iusulsum,
950 3046 1005 3100 in
1029 3060 1141 3115 quo
1165 3051 1221 3097 et
1249 3042 1429 3097 insani
1451 3041 1690 3096 hominis
1720 3042 2008 3097 sententia:
2039 3042 2485 3099 obscurrissimis
2504 3044 2689 3099 verbis
2720 3046 3162 3118 involvebantur,
3186 3062 3240 3105 et
3273 3051 3389 3123 ipsa
3426 3057 3766 3115 stomachum

452 3144 711 3201 movebat
739 3137 1049 3208 turpissima
1074 3135 1199 3207 styli
1225 3134 1525 3189 barbaries.
1556 3132 1945 3198 Nihilominus,
1977 3139 2034 3187 ut
2064 3136 2360 3191 usuvenire
2390 3138 2531 3192 solet
2565 3153 2692 3193 cum
2720 3140 2871 3196 vitiis
2900 3142 3053 3199 frena
3100 3145 3374 3216 laxantur,
3398 3159 3456 3204 ut
3477 3150 3769 3223 Augustini

449 3239 639 3298 verbis
671 3242 813 3299 utar,
836 3241 1036 3286 tantum
1063 3228 1226 3283 valuit
1258 3228 1310 3281 in
1334 3227 1458 3282 urbe
1486 3227 1677 3293 Roma,
1711 3236 1767 3280 ut
1794 3227 2075 3282 nonnullas
2101 3228 2257 3283 etiam
2287 3232 2720 3297 sanctimoniales,
2753 3234 2817 3288 de
2842 3254 3061 3307 quarunt
3091 3240 3344 3310 pudicitia
3365 3244 3591 3313 suspicio
3623 3248 3769 3303 nulla

459 3338 816 3403 prwcesserat,
846 3328 1097 3400 dejecisse
1118 3326 1172 3379 in
1194 3325 1403 3393 nuptias
1435 3324 1711 3377 diceretur.
1746 3322 1811 3376 Et
1847 3324 2074 3377 virorum
2127 3325 2284 3379 etiam
2329 3336 2624 3381 sanctorum
2672 3339 2910 3385 sanctum
2943 3333 3233 3390 cwlibatum
3285 3343 3769 3398 commemoratione

460 3427 684 3481 Patrum
714 3432 762 3477 et
788 3420 1171 3487 comparatione
1198 3419 1480 3490 frangeret.
1529 3416 1807 3471 Demirare
1839 3425 2021 3471 autem
2071 3415 2307 3473 hominis
2357 3419 2614 3476 malitiam
2663 3422 2881 3477 malam.
2922 3422 3066 3495 Ipse,
3095 3428 3187 3497 qui
3237 3429 3493 3503 virginum
3532 3436 3769 3490 meritum

461 3522 715 3594 ecquando
744 3516 1009 3589 pudicith
1037 3513 1329 3585 conjugnli,
1354 3511 1612 3566 omnibus
1634 3512 1821 3568 uxoris
1842 3511 2107 3567 ducendae
2136 3524 2327 3569 auctor
2355 3515 2554 3579 fuerat,
2588 3531 2813 3573 uxorem
2845 3519 3042 3575 adduci
3094 3538 3200 3578 non
3231 3527 3410 3595 potuit
3442 3538 3499 3583 ut
3542 3529 3648 3585 sibi
3674 3531 3772 3586 ad-

454 3615 729 3686 jungeret.
760 3611 998 3665 Causam
1046 3604 1379 3676 prattexebat
1425 3604 1587 3674 longe
1626 3604 2047 3673 iniquissimam,
2076 3620 2145 3660 ne
2183 3606 2395 3662 scilicet
2436 3608 2701 3665 molestiis
2730 3613 3044 3682 nuptiarum
3078 3615 3437 3687 impediretur
3486 3639 3499 3674 :
3547 3624 3771 3683 minime

456 3724 593 3764 vero
625 3716 682 3761 ut
712 3703 964 3760 meritum
998 3700 1103 3755 sibi
1140 3698 1268 3753 inde
1299 3698 1513 3768 aliquod
1545 3706 1917 3766 compararet,
1951 3697 2056 3754 hoc
2080 3706 2183 3763 est,
2228 3714 2339 3754 non
2370 3708 2429 3755 ut
2455 3701 2651 3756 melior
2677 3711 2844 3767 esset,
2874 3705 2967 3760 sed
2994 3716 3051 3760 ut
3073 3706 3313 3763 liberior.
3344 3710 3515 3767 Porro
3535 3716 3773 3775 asseclas

459 3804 653 3859 habuit
679 3802 976 3873 aliquantos
1006 3795 1291 3858 Romanos,
1326 3804 1385 3849 ut
1416 3794 1470 3847 iu
1500 3794 1696 3865 Syricii
1728 3793 1971 3863 Epistula
2002 3795 2263 3852 scribitur
2293 3814 2305 3851 :
2331 3797 2401 3852 de
2445 3800 2669 3855 neruine
2698 3800 3054 3869 Auxentium,
3089 3804 3401 3875 Genialem,
3431 3810 3779 3867 Germinato-

458 3912 601 3961 rem,
622 3894 883 3956 Felicem,
917 3889 1221 3951 Plotinum,
1253 3885 1605 3953 Martianum,
1634 3884 1980 3950 Ianuarium,
2009 3898 2064 3942 et
2093 3885 2465 3959 lngeniosum.
2501 3890 2596 3945 His
2640 3891 2697 3946 S.
2732 3894 3057 3951 Ambrosius
3087 3898 3247 3966 epist.
3281 3900 3346 3955 ad
3400 3901 3779 3960 Vercellenses

459 3986 614 4045 addit
642 3984 1018 4041 Barbationem
1047 3978 1339 4051 quemdam
1362 3987 1415 4035 et
1445 3979 1871 4045 Sartnationem,
1906 3980 2093 4051 utique
2123 3996 2187 4036 ex
2220 3980 2327 4050 his,
2350 3998 2488 4053 quos
2517 3999 2639 4039 cum
2688 3985 3057 4044 Mediolanum
3104 3991 3366 4059 venisset,
3392 4010 3495 4050 suo
3520 3996 3781 4065 iunxerat

458 4079 739 4137 satellitio.
771 4076 970 4132 Verum
1004 4071 1286 4144 impendio
1317 4071 1504 4141 plures
1533 4070 1612 4125 illi
1636 4070 1852 4126 censuit
1872 4070 2169 4127 adhaesisse
2191 4072 2578 4146 Hieronymus,
2611 4090 2735 4131 cum
2766 4077 2867 4132 sub
2894 4078 3018 4135 libri
3048 4082 3269 4139 secundi
3309 4082 3473 4140 tinem
3509 4102 3522 4139 :
3552 4084 3637 4142 Ne
3656 4086 3783 4158 glo-i

462 4174 634 4237 rieris,
664 4168 864 4240 inquit,
890 4166 1030 4235 quod
1060 4164 1251 4219 multos
1270 4163 1558 4235 discipulos
1582 4164 1794 4218 habeas.
1825 4161 2001 4218 Filius
2028 4162 2127 4217 Dei
2158 4164 2332 4218 docuit
2358 4166 2413 4219 in
2434 4164 2654 4235 Iudaea,
2698 4179 2744 4222 et
2792 4171 3062 4227 duodecim
3101 4184 3302 4231 tantum
3349 4176 3500 4232 illum
3540 4179 3785 4249 Apostoli

460 4263 803 4335 sequebantur
835 4277 853 4315 :
884 4269 945 4314 ut
973 4267 1156 4314 autem
1184 4257 1342 4312 multi
1391 4255 1724 4323 exstiterint,
1756 4264 1994 4312 testatur
2038 4256 2377 4327 Augustinus
2401 4259 2676 4315 neminem
2707 4278 2735 4317 e
2763 4266 3117 4323 sacerdotibus
3138 4311 3153 4336 ,
3183 4280 3273 4325 aut
3303 4270 3532 4343 alicujus
3556 4274 3783 4329 nominis

463 4356 662 4412 clericis
684 4355 753 4410 ab
780 4353 874 4408 illo
898 4353 951 4405 in
978 4365 1227 4405 errorem
1252 4348 1393 4403 trahi
1414 4348 1676 4418 potuisse.

533 4450 589 4506 5.
617 4450 829 4504 lnsanaa
858 4444 1055 4499 haeresi
1082 4442 1232 4496 illico
1263 4440 1669 4505 Pammachius,
1702 4440 2023 4497 notissimus
2046 4441 2141 4498 ille
2160 4442 2479 4516 Hieronymi
2507 4446 2739 4513 amicus,
2769 4448 3186 4508 Christianorum
3213 4454 3583 4521 nobilissimus,
3614 4466 3663 4511 et
3686 4474 3786 4512 no-

462 4540 652 4595 bilium
691 4534 1157 4590 christianissimus
1184 4547 1248 4587 ex
1275 4531 1511 4587 adverso
1540 4531 1869 4598 insurrexit,
1903 4546 2137 4603 cumque
2158 4533 2299 4600 aliis,
2327 4544 2387 4589 ut
2406 4537 2650 4608 Syricius
2681 4538 2941 4609 loquitur,
2967 4543 3281 4611 ﬁdelissimis
3300 4544 3596 4601 christianis
3620 4548 3782 4617 uiris,

463 4647 652 4706 genere
679 4628 911 4700 optimis,
944 4627 1191 4697 religione
1220 4625 1509 4695 prrcclaris,
1544 4624 1741 4680 sedulo
1770 4625 1883 4694 egit
1912 4626 2055 4695 apud
2080 4626 2420 4694 Pontiﬁcem,
2440 4642 2498 4685 ut
2523 4632 2695 4687 subito
2716 4634 2979 4704 scriptura
3017 4638 3263 4709 horriﬁca
3292 4638 3589 4711 (Joviuiani
3618 4643 3789 4701 Coms

466 4718 752 4792 meutarii)
776 4718 1090 4775 sacerdotali
1105 4716 1315 4791 judicio
1336 4716 1537 4769 detecta
1566 4715 1758 4770 dicina:
1776 4715 1878 4787 legi
1908 4718 2196 4786 contraria,
2220 4720 2449 4786 spiritali
2470 4724 2726 4776 sententia
2750 4722 3030 4781 deleretur.
3060 4725 3286 4784 Factum
3334 4731 3385 4786 id
3414 4733 3687 4805 intelligas
3717 4751 3783 4792 ex

463 4822 611 4876 serie
636 4816 755 4888 ipsa
782 4829 966 4870 rerum
986 4812 1055 4866 ad
1080 4825 1285 4865 annum
1310 4807 1515 4864 Christi
1544 4808 1672 4874 390,
1699 4808 1766 4862 ad
1797 4824 1957 4878 quem
1981 4820 2035 4865 et
2064 4810 2281 4866 laudata
2314 4812 2511 4884 Syricii
2539 4817 2735 4871 referri
2766 4820 2909 4873 solet
2935 4819 3191 4890 epistola,
3211 4840 3334 4879 cum
3363 4825 3453 4880 vix
3484 4836 3599 4883 toto
3624 4827 3784 4883 hicn.

463 4914 558 4969 uio
589 4923 822 4981 serpens
849 4906 1052 4963 malum
1082 4918 1217 4975 quas
1248 4902 1554 4957 clanculum
1586 4910 1859 4971 potuerat,
1880 4910 2103 4958 mentes
2138 4904 2418 4960 hominum
2463 4918 2810 4976 occupasset.
2854 4910 3105 4970 Percussi
3146 4919 3494 4976 anathemate
3518 4920 3782 4990 haeretici,

462 5007 785 5077 expulsique
810 5005 1009 5064 Roma,
1039 4999 1225 5053 statim
1260 4995 1649 5061 Mediolanum,
1674 4995 1818 5067 quod
1843 5004 1899 5053 et
1923 5012 2091 5067 supra
2119 5006 2361 5053 notatum
2392 5009 2497 5067 est,
2540 5002 2606 5055 ad
2638 5002 3021 5071 imperatorem
3070 5007 3437 5066 Theodosium
3479 5013 3783 5070 contende-

463 5110 626 5163 runt;
660 5096 933 5165 siquidem
963 5098 1234 5146 testantur
1258 5088 1519 5143 historica
1554 5103 1743 5143 eorum
1779 5099 2086 5157 temporum
2130 5091 2490 5160 monimenta,
2523 5094 2770 5151 kalendis
2795 5096 3139 5169 Septembris
3164 5106 3464 5173 superioris
3486 5109 3788 5177 anni,illuc

462 5195 857 5261 imperatorem
882 5182 1113 5239 rediisse
1142 5195 1265 5235 cum
1295 5180 1484 5235 Ruina:
1512 5181 1715 5236 dudum
1759 5183 2093 5252 triumphum
2123 5187 2327 5254 egisset
2381 5186 2449 5242 de
2479 5186 2734 5245 Maximo.
2778 5192 2822 5247 E
2855 5195 3086 5267 vestigio
3126 5199 3471 5257 advenerunt
3515 5219 3639 5259 cum
3678 5204 3784 5276 Sy-

461 5285 584 5342 ricii
615 5280 811 5339 litteris
837 5277 904 5332 ad
940 5274 1288 5365 Ambrosium
1318 5273 1557 5365 missiex
1588 5274 1731 5331 Urbe
1757 5276 2093 5348 presbyteri,
2127 5277 2396 5343 Crescens,
2429 5278 2731 5351 Leopardus
2769 5292 2817 5338 et
2841 5285 3157 5357 Alexander,
3182 5302 3362 5347 sancto
3386 5298 3633 5365 feruentes
3676 5273 3788 5365 spi-

460 5376 586 5437 τίικ,
612 5385 845 5443 quorum
865 5380 1031 5436 opera
1056 5364 1290 5418 collecta
1313 5364 1555 5433 synodus
1579 5368 1966 5420 haereticorum
1997 5366 2332 5423 damnationi
2358 5371 2709 5442 subscripsit,
2737 5390 2945 5447 eosque.
2993 5383 3221 5436 omnium
3251 5364 3607 5443 exsecratione
3635 5364 3785 5443 dant-

463 5479 612 5520 natos
638 5458 1021 5517 Mediolanensi
1048 5472 1112 5509 ea:
1138 5456 1259 5509 urbe
1290 5458 1440 5526 quasi
1470 5461 1723 5528 profugos
1745 5458 1958 5527 repulit.
1991 5460 2203 5516 Exinde
2228 5470 2401 5518 terras
2433 5466 2569 5521 alias
2594 5482 2914 5541 pervagatos
2956 5474 3125 5532 fuisse
3171 5487 3321 5534 extra
3374 5480 3609 5545 italiam,
3658 5495 3789 5544 sunt

458 5559 553 5630 qui
580 5574 648 5613 ex
676 5558 795 5622 ipso
829 5554 1167 5619 Hieronymo
1195 5560 1427 5618 arguant
1450 5549 1604 5604 initio
1632 5551 1754 5603 libri
1786 5550 1933 5604 tertii
1964 5560 2151 5604 contra
2182 5554 2525 5626 Pelagianos,
2568 5560 2659 5615 ubi
2688 5561 2959 5619 Joviniani
2985 5573 3291 5627 sententiam
3338 5575 3463 5629 olim
3500 5577 3704 5644 Romw,
3738 5588 3787 5636 ct

458 5651 660 5703 dudum
706 5650 759 5701 in
808 5644 992 5712 Africa
1020 5640 1418 5694 condemnatam
1470 5642 1651 5695 docet.
1694 5640 1890 5693 Verum
1939 5642 2108 5693 multo
2134 5645 2447 5704 credibilius
2469 5660 2573 5715 est,
2602 5650 2845 5711 leesﬁi
2878 5658 3293 5728 impeecanliam
3324 5668 3504 5735 innui,
3539 5640 3701 5741 quam
3730 5681 3789 5729 et

457 5740 785 5797 Iovinianus
816 5733 1167 5795 defenderat,
1207 5748 1315 5786 non
1349 5734 1525 5802 ipsum
1549 5732 1617 5785 de
1640 5730 1862 5785 nomine
1888 5730 2257 5831 Iovinianum,
2277 5753 2461 5804 quem,
2494 5750 2633 5797 teste
2667 5745 2995 5815 Augustino,
3020 5752 3201 5809 Africa
3229 5757 3443 5825 penitus
3488 5730 3785 5831 ignoravit.

461 5835 705 5901 Denique
734 5840 789 5884 et
817 5826 1090 5896 lmperiali
1115 5828 1380 5897 rescripto
1403 5830 1457 5883 in
1484 5827 1801 5886 haereticum
1842 5824 2284 5887 animadversum
2326 5834 2490 5905 vulgo
2516 5838 2779 5904 creditur,
2832 5851 3123 5915 exstatque
3172 5824 3431 5907 subnexa
3485 5824 3576 5912 lex
3611 5855 3702 5925 53,
3729 5857 3789 5918 iu
