4068 6364
304 423 417 482 209
1090 413 1457 473 ADVERSUS
1496 409 1920 470 JOVINIANUM
1960 406 2144 470 LIBRI
2181 409 2345 470 DUO.
2391 408 2796 468 ADMONITIO.
3502 413 3608 470 310

318 542 518 600 Codice
555 540 962 607 Theodosiano,
1005 539 1086 594 tit.
1116 537 1235 593 Sde
1274 535 1578 600 llaireticis,
1608 547 1770 605 quam
1801 539 1857 587 et
1885 527 1955 585 el.
1996 527 2369 588 Gothofredus
2400 527 2704 593 recensuit,
2732 535 2789 583 et
2817 526 3165 584 Martianaeus
3206 525 3261 583 in
3297 526 3617 584 Carnotensi

317 651 419 692 ms.
452 636 520 692 ad
548 635 753 692 calcem
779 630 1183 703 Hieronymiani
1210 630 1391 696 operis
1423 628 1654 696 reperit.

1128 721 1476 779 HONORIUS
1518 718 1609 774 ET
1647 716 2082 777 THEODOSIUS
2109 716 2320 774 AUGG.
2355 713 2587 771 FELICI
2621 713 2729 768 PR.
2757 713 2817 767 P.

385 821 716 877 Iovinianum
748 821 856 894 [AL
887 817 1187 888 Iovianum]
1213 815 1494 888 sacrilegos
1536 830 1688 886 agere
1724 820 2000 867 concentus
2037 822 2184 864 extra
2207 827 2382 866 muros
2414 807 2569 863 Urbis
2595 807 2991 874 secretissimae,
3031 807 3393 878 episcOporum
3418 804 3628 877 querela

318 914 550 988 deplorat
578 932 596 968 :
615 931 774 986 quare
798 929 956 984 supra
981 919 1319 965 memoratum
1351 907 1544 977 corripi
1554 906 1816 978 jubemus,
1839 916 1890 958 et
1922 915 2193 960 contusum
2215 903 2426 978 plumbo
2457 919 2571 957 cum
2618 901 2816 955 caeteris
2863 901 2969 954 suis
3008 901 3344 972 participibus
3370 908 3418 954 et
3446 899 3629 953 minis-

319 1011 430 1073 tris,
464 1007 650 1063 exsilio
671 1007 896 1062 coerceri
922 1021 940 1060 :
966 1006 1239 1077 ipsumque
1273 1002 1677 1056 machinatorem
1707 1002 1760 1055 in
1785 999 2012 1055 insulam
2041 999 2200 1056 Boam
2220 1001 2408 1072 festina
2435 998 2694 1053 celeritate
2719 997 2941 1063 deduci;
2973 997 3170 1052 ctrteris
3216 1005 3368 1069 prout
3396 994 3627 1060 libuerit,

322 1101 598 1156 dummodo
619 1098 976 1172 superstitiosa
1001 1096 1298 1168 conjuratio
1329 1093 1500 1149 exsilii
1527 1095 1688 1165 ipsius
1711 1093 2022 1147 discretione
2051 1092 2304 1156 solvatur,
2329 1091 2604 1158 solitariis,
2635 1101 2682 1143 et
2713 1088 2870 1162 longo
2897 1091 3067 1162 spatio
3091 1091 3226 1144 inter
3247 1106 3301 1144 se
3327 1089 3509 1160 positis
3547 1089 3633 1143 in-

321 1193 467 1257 sulis,
491 1192 548 1246 in
573 1202 876 1264 perpetuum
900 1189 1210 1261 deportatis.
1239 1187 1297 1242 Si
1317 1188 1428 1259 quis
1454 1197 1625 1240 autem
1649 1186 1897 1256 pertinaci
1929 1185 2248 1255 improbitate
2282 1187 2436 1240 vetita
2463 1195 2510 1239 et
2561 1184 2810 1241 damnata
2852 1184 3133 1256 repetierit,
3153 1185 3283 1239 sciat
3309 1199 3364 1237 se
3412 1182 3634 1238 severio-

324 1300 428 1339 rem
451 1283 753 1338 sententiam
781 1281 1099 1336 subiturum.

999 1370 1126 1428 Dat.
1161 1371 1316 1427 Prid.
1351 1371 1496 1427 Non.
1537 1371 1677 1426 Mar.
1706 1370 1850 1425 Med.
1887 1369 2121 1425 Honorio
2145 1386 2263 1425 vnn
2288 1379 2335 1424 et
2363 1369 2559 1424 Theod.
2596 1386 2628 1425 v
2667 1369 2778 1426 AA.
2811 1387 2944 1425 coss.

325 1466 452 1537 Sed,
479 1477 540 1525 ut
564 1468 742 1526 dicam
776 1466 924 1540 quod
954 1465 1133 1523 sentio
1159 1465 1350 1530 libere,
1381 1476 1473 1520 aut
1504 1465 1590 1520 lex
1620 1465 1812 1520 istltarc
1850 1479 2108 1536 germana
2139 1463 2368 1518 omnino
2396 1480 2506 1518 non
2535 1473 2641 1529 est,
2665 1474 2755 1519 aut
2785 1465 2840 1519 in
2883 1464 3001 1534 ejus
3039 1473 3231 1520 contra
3255 1477 3416 1535 quem
3446 1462 3635 1533 fertur,

326 1562 548 1617 nomine
575 1560 895 1632 depravata,
927 1557 996 1613 ad
1021 1555 1371 1614 Jovinianum
1404 1571 1514 1613 non
1546 1566 1775 1628 spectat.
1806 1557 2195 1629 Hieronymus,
2221 1571 2380 1628 quem
2412 1555 2528 1611 falli
2565 1557 2808 1627 potuisse
2831 1558 2884 1611 in
2915 1556 3041 1612 facti
3070 1557 3234 1626 hujus
3261 1556 3508 1623 historia,
3541 1573 3637 1614 ne-

329 1665 419 1707 mo
440 1652 540 1708 sibi
570 1651 929 1723 persuadeat,
961 1658 1153 1705 contra
1189 1648 1541 1719 Vigilantiam
1571 1649 1819 1705 scribens
1844 1664 1988 1704 anno
2026 1650 2155 1715 406,
2187 1651 2280 1719 qui
2312 1648 2462 1704 Sexti
2493 1648 2808 1704 Consulatus
2840 1651 3052 1705 Arcadii
3094 1651 3314 1725 Augusti
3370 1662 3419 1707 et
3468 1651 3639 1706 Anicii

333 1743 490 1800 Probi
508 1748 656 1815 fastis
683 1761 871 1800 nomen
909 1744 1178 1807 imposuit,
1213 1744 1416 1799 dudum
1457 1760 1488 1800 e
1514 1745 1654 1800 vivis
1707 1745 2013 1800 excessisse
2039 1745 2386 1799 Jovinianum
2417 1754 2569 1800 certo
2597 1747 2804 1800 certius
2846 1755 3099 1802 testatur.
3145 1748 3437 1815 Quomodo,
3465 1747 3644 1818 inquit

330 1841 430 1895 sub
456 1840 669 1896 initium
698 1841 818 1910 ejus
849 1840 991 1901 libri,
1027 1837 1338 1909 Euphorbus
1361 1839 1417 1893 in
1447 1838 1750 1911 Pythagora
1776 1847 1985 1893 renatus
2004 1855 2112 1893 esse
2137 1838 2456 1908 perhibetur,
2484 1841 2559 1893 sic
2591 1840 2644 1891 in
2688 1838 2788 1892 isto
2821 1837 3168 1910 (Vigilantio)
3195 1836 3460 1894 Ioviniani
3497 1855 3640 1894 mens

328 1951 485 2008 prava
505 1937 801 1990 surrexit...
840 1931 940 1986 Ille
972 1932 1223 1986 Romana:
1249 1930 1494 1987 Ecclesia:
1521 1933 1831 1987 auctoritate
1851 1933 2130 1987 damnatus
2158 1935 2292 1988 inter
2322 1933 2566 2006 phasides
2597 1949 2714 1988 aves
2753 1943 2800 1987 et
2821 1949 3001 1987 carnes
3021 1931 3205 1988 suillos
3246 1951 3349 1988 non
3387 1943 3490 1987 tam
3515 1930 3641 1986 enti-

330 2031 398 2084 sit
422 2032 689 2102 spiritum,
710 2045 866 2100 quam
891 2029 1157 2081 eructavit.
1187 2027 1309 2082 .lam
1341 2028 1504 2098 igitur
1531 2039 1746 2098 septem
1771 2036 1830 2081 ut
1859 2029 2146 2082 minimmn
2177 2044 2445 2083 annorum
2479 2029 2902 2084 anachronismo
2941 2028 3028 2084 lex
3059 2037 3274 2099 peccat,
3302 2043 3422 2098 qum
3452 2027 3640 2082 Hono-

331 2122 417 2178 rio
446 2138 500 2176 tx
534 2130 592 2176 et
610 2118 922 2175 Theodosio
953 2135 984 2172 v
1022 2134 1168 2176 coss.
1200 2119 1316 2173 sive
1343 2133 1490 2173 anno
1519 2119 1626 2173 ΗΞ
1655 2118 1779 2172 data
1803 2128 1887 2174 est
1915 2136 1929 2172 :
1961 2135 2195 2189 eumque
2220 2120 2360 2174 adeo
2384 2120 2576 2175 exsilio
2600 2120 2898 2187 mulctarit,
2928 2121 3017 2192 qui
3050 2131 3284 2176 mortem
3309 2120 3519 2191 jamdiu
3545 2134 3642 2172 an-

333 2225 427 2270 tea
457 2213 788 2284 oppetierat.
811 2211 964 2278 Quod
987 2213 1032 2266 si
1062 2212 1198 2267 velis
1223 2212 1481 2267 mendum
1509 2212 1561 2267 in
1589 2214 1854 2282 temporis
1892 2227 2016 2268 esse
2043 2222 2192 2276 nota,
2223 2215 2340 2267 sive
2371 2214 2689 2268 consulatus
2721 2214 3100 2282 inscriptione,
3127 2229 3248 2284 quae
3295 2212 3646 2266 librariorum

333 2304 522 2376 potuit
550 2317 677 2359 esse
706 2302 1018 2369 oscitantia,
1038 2303 1104 2358 ad
1131 2319 1526 2374 quemcumque
1551 2319 1670 2358 eam
1698 2319 1898 2359 annum
1929 2303 2204 2372 retrahas,
2238 2307 2460 2361 minime
2505 2306 2710 2362 efﬁcies
2738 2316 2799 2361 nt
2828 2308 2948 2376 ejus
2982 2306 3169 2362 dictati
3215 2307 3483 2362 sententia
3520 2319 3646 2359 cum

340 2397 661 2468 Hieronymi
687 2396 996 2452 teatimouio
1015 2405 1251 2452 constet.
1285 2397 1444 2464 Puta,
1474 2398 1616 2468 quod
1643 2406 1699 2452 et
1727 2397 2069 2454 Getltofredo
2098 2399 2384 2468 probatur,
2416 2400 2727 2456 hmreticum
2754 2401 2866 2470 jam
2897 2403 2968 2456 ab
2988 2417 3132 2456 anno
3171 2401 3301 2468 390,
3331 2410 3445 2456 tum
3471 2399 3646 2455 Roma

335 2499 454 2547 tum
480 2491 785 2547 Mediolano
813 2490 1119 2562 profugum,
1146 2491 1214 2546 ad
1247 2492 1548 2545 Romanam
1577 2491 1859 2546 dioecesim
1880 2507 1941 2547 se
1970 2491 2296 2558 contulisse,
2322 2493 2631 2563 ibidemque
2666 2493 2805 2547 adeo
2835 2505 2988 2548 extra
3023 2509 3207 2548 nmros
3251 2493 3474 2548 solitum
3518 2506 3650 2546 con-

340 2595 535 2642 ventus
561 2599 755 2650 agere:
787 2599 917 2638 num
947 2584 1036 2656 qui
1082 2585 1182 2640 hac
1209 2585 1278 2641 de
1328 2599 1494 2640 causa
1524 2594 1830 2652 correptus,
1857 2591 2128 2638 contusus
2161 2583 2408 2652 plumbo,
2429 2593 2484 2638 et
2531 2583 2584 2637 in
2620 2583 2896 2638 Dalmatia:
2924 2584 3160 2638 insulam
3195 2583 3412 2638 exsiliis
3440 2583 3646 2636 claram

343 2675 659 2746 deportatus
676 2682 781 2741 est,
818 2674 959 2730 inter
992 2674 1244 2741 pltasides
1272 2689 1402 2729 aves
1447 2682 1503 2730 et
1547 2673 1736 2727 suillos
1784 2686 1980 2728 carnes
2006 2672 2282 2728 diceretur
2331 2672 2401 2727 ob
2432 2673 2652 2727 nimiam
2685 2673 2962 2743 crapulam
2993 2674 3247 2745 spiritum
3304 2673 3654 2728 evomuisse?

348 2766 460 2823 lloc
485 2779 635 2824 certe
673 2766 898 2839 propius
934 2767 1000 2822 ad
1033 2767 1193 2822 fidem
1225 2777 1310 2822 est
1336 2782 1366 2821 e
1400 2768 1456 2823 S.
1508 2764 1756 2820 Doctoris
1800 2768 2136 2833 testimonio,
2177 2766 2432 2821 infamem
2468 2769 2802 2825 monachum
2850 2770 2997 2825 luxui
3043 2770 3314 2836 deditum,
3365 2780 3655 2838 utcumque

347 2863 516 2919 semel
545 2871 706 2933 atque
735 2862 933 2917 iterum
963 2860 1304 2926 damnatmn,
1333 2858 1467 2914 nihil
1502 2859 1678 2929 potius
1702 2855 1984 2926 habuisse,
2004 2873 2166 2928 quam
2197 2859 2361 2928 genio
2393 2859 2700 2930 indulgere,
2731 2869 2788 2917 et
2826 2863 3027 2928 ventri,
3057 2871 3113 2918 et
3143 2861 3267 2917 cibo
3302 2861 3541 2932 vinoque
3571 2861 3655 2915 in-

349 2963 674 3034 gurgitatum
709 2961 976 3016 maturius
1001 2961 1336 3027 exspirasse.

424 3059 476 3112 7.
498 3056 615 3112 Jam
648 3058 828 3127 itaque
853 3055 940 3109 bis
966 3054 1035 3110 de
1064 3054 1274 3110 nefaria
1298 3053 1498 3109 ha-resi
1522 3053 1840 3123 prrclibatis,
1873 3060 2106 3123 quzeant
2129 3068 2317 3124 parum
2338 3062 2464 3109 nota
2491 3062 2668 3120 erant,
2702 3064 2798 3109 aut
2827 3055 3110 3110 erroribus
3137 3055 3344 3125 passim
3375 3052 3662 3122 obvoluta,

350 3151 418 3207 ad
443 3149 881 3224 llieronymiana:
907 3148 1296 3204 confutatiouis
1322 3148 1611 3204 lectionem
1641 3162 1766 3202 cum
1791 3147 1973 3202 fructu
1995 3147 2248 3214 accedas,
2269 3162 2391 3213 qua:
2417 3145 2684 3202 Catholici
2708 3146 2978 3218 dogmatis
3009 3147 3334 3202 memoriam
3379 3152 3662 3202 camtnen-

354 3243 467 3300 dat.
502 3246 662 3300 Anno
691 3243 817 3310 593,
849 3253 942 3298 aut
961 3243 1246 3312 superiore
1275 3241 1341 3296 ad
1367 3242 1571 3297 exitum
1599 3250 1887 3310 vergente,
1912 3239 2048 3293 duos
2070 3238 2235 3293 hosce
2264 3238 2434 3293 libros
2450 3238 2722 3294 .lovinizini
2743 3239 3222 3295 Commentariolis
3249 3237 3310 3294 S.
3343 3237 3546 3292 Doctor
3565 3248 3664 3305 op-

355 3341 556 3409 posuit,
576 3339 767 3395 eodem
788 3339 1039 3393 hortante
1062 3337 1436 3399 Pammachio.
1460 3336 1550 3406 qui
1568 3334 1774 3405 pridem
1806 3334 2120 3389 lueretienm
2145 3341 2522 3387 accusaverat.
2548 3331 2676 3400 Ejus
2702 3333 2926 3402 epochac
2949 3332 3080 3387 illud
3102 3333 3345 3402 palmare
3369 3342 3662 3398 argumen-

359 3444 468 3490 tum
498 3444 600 3498 est,
627 3433 769 3502 quod
799 3433 1020 3489 minime
1049 3433 1184 3488 istos
1214 3439 1493 3488 recenseat
1522 3430 1573 3484 in
1607 3443 1824 3484 suarum
1847 3427 2279 3483 lucubrationum
2305 3425 2586 3496 Catalngo,
2611 3441 2771 3497 quem
2800 3426 2867 3482 ad
2894 3443 3094 3483 annum
3125 3441 3294 3497 usque
3322 3422 3448 3487 599.,
3477 3421 3661 3476 Theo-

357 3523 494 3580 dosii
530 3524 790 3595 principis
817 3525 1370 3594 decimumquarlum,
1397 3522 1688 3592 produxit;
1717 3529 1984 3575 memoret
2030 3536 2164 3574 vero
2203 3520 2254 3573 in
2278 3520 2398 3574 aliis
2435 3521 2588 3575 libris
2614 3535 2750 3590 quos
2779 3522 3026 3590 proxime
3049 3523 3117 3574 ab
3140 3522 3231 3576 illo
3261 3515 3568 3573 adornavit.
3601 3514 3664 3570 In

354 3617 679 3674 Prmfatioue
705 3615 1234 3673 Commentariorum
1267 3619 1319 3672 in
1366 3617 1581 3678 Ionam,
1613 3613 1934 3678 Triennium,
1966 3613 2159 3680 inquit,
2186 3615 2388 3669 circiter
2414 3617 2591 3685 ﬂuxit,
2616 3627 2890 3690 postquam
2914 3619 3139 3689 quinque
3172 3612 3447 3688 praphetas
3492 3611 3661 3664 inter-

358 3723 586 3783 pretatus
609 3729 744 3778 sum,
779 3711 1058 3776 Nic/team,
1088 3709 1286 3775 Naum,
1322 3708 1593 3772 Habacuc,
1630 3705 1972 3778 Sophoniam,
1999 3705 2280 3778 Hagteum,
2301 3708 2476 3762 etalio
2502 3724 2658 3776 opere
2683 3709 2915 3763 detentus
2949 3725 3051 3762 non
3080 3707 3222 3779 potui
3266 3703 3480 3775 implere
3521 3700 3663 3774 quod

358 3825 628 3882 creperum.
662 3809 864 3878 Scripsi
887 3809 1024 3862 enim
1055 3807 1241 3861 librum
1263 3806 1327 3860 de
1347 3803 1647 3859 Illustribus
1672 3801 1830 3867 Viris,
1858 3812 1905 3855 et
1927 3801 2198 3855 adversum
2226 3798 2558 3854 Iovinianum
2591 3801 2694 3855 duo
2719 3803 3002 3856 uolumina.
3030 3798 3421 3872 Apologeticnm
3440 3813 3664 3869 quoque,

361 3902 492 3955 etde
525 3900 731 3973 Optinto
759 3915 944 3974 genere
977 3897 1353 3972 interpretandi
1378 3897 1445 3950 ad
1491 3894 1906 3954 Parumne/tium,
1931 3905 2038 3947 etc.
2085 3892 2344 3956 Baronio,
2375 3892 2664 3960 doctisque
2713 3893 2838 3948 aliis
2874 3893 3026 3956 viris,
3062 3892 3154 3960 qui
3179 3892 3342 3946 aliam
3393 3891 3665 3945 rationem

362 3993 573 4057 ineunt,
606 4003 768 4064 atque
797 4006 994 4045 annum
1026 3988 1470 4058 assignanthisce
1504 3987 1659 4041 libris
1683 3986 1808 4048 590,
1836 3983 2008 4037 fraudi
2043 3982 2143 4038 fuit
2167 3998 2409 4052 pannus,
2437 4000 2598 4056 quem
2641 4001 2705 4038 ex
2737 3986 2837 4040 hac
2862 3986 2977 4054 ipsa
3008 3984 3332 4038 Prtefatione
3365 3981 3667 4037 novissimo

360 4083 603 4155 Catalogi
627 4087 746 4138 loco
768 4097 1045 4138 nonnemo
1072 4084 1352 4136 studiosus
1383 4081 1585 4145 assuit;
1611 4089 1822 4134 certum
1883 4093 2114 4148 namque
2143 4088 2229 4132 est
2268 4094 2334 4133 ex
2377 4079 2494 4148 ipso
2523 4093 2714 4134 contra
2757 4079 3103 4134 Joviniannm
3151 4079 3295 4132 libro
3321 4091 3360 4140 ι,
3393 4092 3541 4129 num.
3569 4073 3666 4141 26,

361 4195 522 4250 quem
550 4185 820 4232 memorat
842 4176 907 4231 tle
935 4174 1077 4229 Viris
1101 4173 1422 4238 lllustribus,
1442 4181 1688 4240 tempore
1721 4169 2090 4239 praecessisse.
2133 4167 2288 4221 Nunc
2319 4169 2438 4238 t-jus
2469 4185 2739 4224 summam
2773 4167 3162 4236 disputationis
3209 4165 3524 4234 praeducere
3553 4163 3672 4218 lon-

361 4289 488 4344 gum
515 4274 605 4326 sit.
631 4271 820 4326 Priore
848 4271 986 4325 libro
1010 4271 1260 4338 primam.
1286 4268 1463 4322 altero
1493 4277 1600 4322 tres
1624 4266 1756 4318 alias
1779 4263 2052 4318 Joviniaui
2077 4261 2484 4330 propositiones
2512 4263 2811 4332 impugnat.
2837 4261 3126 4314 innumera
3151 4257 3446 4328 Scriptum
3468 4255 3671 4310 divinae

361 4371 506 4435 loco,
545 4368 887 4423 historiarum
921 4367 1264 4428 testimonia,
1299 4364 1745 4432 thilosopllut‘tlm
1779 4360 1913 4415 scita
1940 4359 2082 4413 miro
2103 4357 2286 4413 studio
2308 4359 2548 4429 explicat
2587 4359 2896 4429 :siquidem
2929 4356 3241 4424 versipellis
3282 4354 3574 4408 haereticus
3600 4354 3672 4407 ita

365 4461 578 4517 blandis
600 4459 870 4515 illecebris
900 4457 1194 4512 multorum
1219 4454 1431 4506 animos
1463 4453 1841 4517 fascinaverat,
1867 4458 1926 4503 ut
1943 4451 2102 4519 vulgo
2127 4450 2446 4518 jactaretur,
2482 4465 2588 4505 non
2621 4464 2779 4518 posse
2805 4449 2878 4501 illi
2905 4447 3298 4519 Hieronymum
3334 4447 3671 4518 respondere

367 4571 481 4608 cum
506 4553 680 4615 laude,
703 4553 794 4606 sed
815 4568 929 4605 cum
956 4547 1332 4620 vituperatione
1359 4544 1610 4614 conjugii.
1643 4541 1981 4610 Supererant
2023 4551 2077 4595 el
2120 4541 2425 4608 Manicltaei,
2449 4543 2538 4612 qui
2575 4540 2791 4610 nuptias
2821 4539 3188 4606 damnabunt,
3223 4547 3492 4610 cautoque
3533 4540 3673 4596 adeo

367 4649 534 4721 gradu
559 4646 918 4703 incedendum
942 4644 1015 4699 illi
1041 4652 1175 4705 erat,
1210 4653 1275 4693 ne
1301 4638 1428 4691 dmn
1455 4644 1598 4688 totus
1625 4635 1678 4687 in
1704 4632 2042 4702 Virginitatis
2073 4633 2553 4689 commendatione
2578 4644 2848 4695 versatur,
2881 4638 3068 4686 contra
3104 4630 3376 4686 hominem
3408 4631 3498 4701 qui
3521 4631 3670 4687 illam

369 4720 617 4810 aequabat
639 4737 916 4808 conjugio,
962 4736 1015 4790 in
1044 4733 1270 4788 alteram
1301 4739 1511 4800 partem
1536 4723 1734 4778 favoris
1759 4725 2123 4794 suspicionem
2166 4724 2435 4793 injiceret.
2462 4723 2644 4792 Neque
2672 4731 2852 4775 tamen
2898 4723 3001 4774 hoc
3051 4720 3232 4775 studio
3258 4723 3432 4778 evasit
3479 4722 3675 4777 adver-

369 4834 636 4888 sariorum
669 4830 995 4893 calumnias,
1029 4841 1151 4881 nam
1183 4831 1238 4878 ct
1271 4815 1618 4889 tutnigerulis
1645 4815 1946 4878 monachis,
1979 4823 2032 4868 et
2061 4815 2166 4883 piis
2188 4814 2394 4881 aliquot
2424 4812 2710 4866 catholica:
2771 4811 2892 4864 titlei
2926 4813 3290 4868 assertoribus
3336 4813 3553 4881 nuptias
3579 4812 3679 4867 tle-

369 4929 621 4999 spexisse
646 4927 797 4980 visus
827 4933 934 4978 est.
970 4919 1154 4976 Editos
1177 4915 1349 4972 libros
1373 4915 1486 4984 ipse
1509 4910 1886 4966 Pammachius
1920 4923 2179 4964 revocare
2212 4907 2449 4970 studuit;
2475 4905 2571 4958 sed
2593 4919 2716 4958 cum
2741 4903 2876 4956 nihil
2906 4904 3199 4973 proliceret
3226 4905 3526 4973 diligentia,
3551 4917 3682 4959 auc-

372 4998 459 5076 tor
487 5021 820 5091 llieronymo
849 5016 968 5078 fuit.
1003 5023 1061 5069 ut
1089 5027 1231 5068 novo
1261 5009 1468 5080 scripto
1499 5007 1791 5062 multorum
1820 5003 2106 5058 oﬂensioni
2132 5007 2470 5056 occurreret.
2497 4998 2594 5054 llle
2624 5000 2661 5052 Α
2675 5001 3028 5069 pologeticam
3063 4999 3373 5070 epistolam,
3406 4999 3460 5053 in
3493 5006 3680 5055 nostra

373 5117 695 5176 recensione
716 5115 809 5179 48,
843 5113 910 5167 ad
933 5108 1344 5168 Pammachium
1376 5103 1679 5172 rescripsit,
1710 5117 1870 5173 quam
1901 5116 2084 5170 opera:
2116 5099 2351 5170 pretium
2375 5103 2480 5164 est,
2510 5095 2664 5151 lcetis
2689 5095 2839 5151 hisce
2863 5094 3039 5161 libris,
3067 5095 3334 5151 recolere.
3365 5093 3574 5150 Interea
3600 5093 3679 5149 is-

377 5225 481 5276 tos.
509 5211 654 5283 quod
683 5218 992 5266 nostrarum
1025 5205 1254 5275 partium
1277 5201 1396 5268 fuit,
1427 5200 1492 5255 ad
1521 5212 1653 5254 mss.
1685 5195 1902 5252 codices
1923 5190 2340 5265 diligentissime
2362 5190 2664 5262 exegimus,
2696 5189 2931 5246 maxime
2956 5205 3088 5245 vero
3114 5188 3487 5246 Veronensem
3511 5199 3680 5283 unum

377 5279 700 5373 maiusculis
729 5299 1066 5367 descriptum
1102 5293 1297 5349 litteris
1321 5301 1376 5348 et
1397 5307 1560 5363 supra
1585 5304 1746 5362 quam
1777 5289 1886 5343 dici
1911 5285 2083 5357 possit
2109 5283 2396 5352 antiquum
2419 5293 2581 5355 atque
2600 5283 2947 5340 emendatum
2975 5300 2988 5337 :
3021 5293 3132 5338 tum
3161 5283 3250 5354 qui
3284 5283 3402 5353 ejus
3429 5279 3689 5373 vetustati

380 5369 629 5468 proxime
665 5391 902 5458 accedit,
925 5387 1342 5445 Cisterciensem
1365 5385 1558 5451 alium,
1591 5384 1706 5439 sive
1738 5381 1795 5440 S.
1827 5379 2016 5436 Crucis
2034 5379 2086 5434 in
2107 5375 2406 5434 Jerusalem
2438 5376 2506 5434 de
2533 5377 2680 5436 Urbe
2698 5420 2716 5449 ,
2739 5377 2974 5449 denique
3015 5376 3436 5434 Casanatensem
3464 5369 3685 5441 sequio-

378 5492 458 5549 ris
481 5489 705 5564 quidem
736 5487 933 5552 aetatis,
963 5483 1060 5542 sed
1085 5480 1269 5554 probas
1297 5487 1464 5536 notae.

3481 6347 3574 6356 η...-
