4062 6398
1664 409 1722 466 5.
1763 404 2031 466 Ευεοεωι
2072 404 2452 462 IIIERONYMI

421 529 3711 566 WM

1041 747 1186 866 S.
1259 739 1977 862 EUSEBII
2048 730 3134 856 HIERONYMI

1520 955 2096 1022 STRIDONENSIS
2137 952 2632 1018 PRESBYTER]

874 1119 1932 1275 ADVERSUS
2023 1113 3286 1265 JOVINIANUM

1751 1385 2059 1460 LIBRI
2138 1385 2394 1459 DUO.

1632 1749 1977 1834 LIBER
2033 1745 2516 1832 PRIMUS.

499 2169 661 2246 237
689 2169 733 2232 l.
758 2170 1018 2242 Epicurus
1043 2165 1633 2226 Christianoruml’itia
1659 2167 1908 2222 sermonis
1934 2166 2034 2219 Jo-
2060 2184 2108 2244 Α
2138 2168 2420 2234 σκοτεινὸν,
2457 2167 2717 2224 sudantes
2764 2166 3074 2238 philosophi
3118 2168 3205 2223 vix
3256 2168 3584 2239 intelligunt.
3630 2166 3743 2226 Sed

427 2263 924 2321 adulant—Pauci
971 2263 1260 2320 admodum
1306 2261 1426 2318 dies
1473 2269 1632 2326 sunt,
1664 2257 1806 2328 quod
1852 2258 2025 2314 sancti

427 2375 498 2414 ex
550 2357 686 2414 urbe
730 2365 758 2394 ¹¹
797 2353 968 2413 ltoma
999 2355 1198 2413 fratres
1244 2351 1526 2426 cujusdam
1575 2352 1704 2408 inihi
1753 2351 2026 2408 Joviniani

425 2449 925 2522 Commentarlolos
950 2451 1417 2516 transmiserunt,
1445 2456 1696 2519 rogantes
1713 2488 1727 2512 ,
1750 2453 1812 2501 ut
1835 2459 2026 2501 eorum

425 2545 650 2608 ineptiis
681 2541 1076 2614 reSponderem
1099 2587 1115 2612 ,
1149 2553 1204 2600 et
1235 2541 1523 2614 Epicurum
1564 2541 2023 2606 Christianorum,

426 2635 765 2709 Evangellco
811 2646 972 2709 atque
1019 2635 1338 2708 Apostolico
1392 2635 1579 2706 vigore
1629 2645 2025 2688 conterrerem.

429 2728 579 2794 Quos
609 2743 734 2784 cum
786 2730 1036 2800 legissem
1060 2771 1075 2796 ,
1109 2737 1163 2783 et
1207 2725 1433 2782 omnino
1465 2743 1570 2780 non
1619 2725 1980 2795 intelligerem
2012 2765 2026 2789 ,

428 2821 570 2892 ccepi
601 2822 883 2876 revolvere
911 2822 1160 2877 crebrius
1183 2862 1196 2883 ,
1228 2830 1282 2875 et
1313 2835 1418 2874 non
1450 2818 1614 2874 verba
1646 2817 1836 2884 modo,
1869 2826 2030 2887 atque

428 2916 760 2980 sententias,
789 2915 886 2969 sed
935 2913 1178 2984 singulas
1232 2931 1370 2983 pene
1418 2911 1660 2984 syllabas
1709 2911 2027 2978 discutere,

429 3009 626 3063 volens
653 3008 808 3078 prius
849 3007 988 3062 scire
1018 3007 1143 3077 quid
1177 3007 1415 3071 diceret,
1447 3014 1501 3059 et
1529 3007 1606 3059 sic
1652 3007 1733 3060 vtrl
1767 3006 2028 3075 probare,

430 3100 516 3155 vel
557 3099 918 3168 redarguere,
952 3098 1095 3170 quod
1146 3098 1400 3155 dixisset.
1450 3097 1653 3159 Verum
1705 3097 2028 3169 scriptorum

430 3201 579 3250 tanta
616 3191 645 3233 δ
690 3193 975 3250 barbaries
1020 3203 1135 3260 est,
1168 3201 1222 3247 et
1265 3193 1430 3248 tantis
1461 3192 1610 3248 vitiis
1643 3192 2030 3260 spurcissimus

433 3301 617 3342 sermo
661 3289 951 3351 contusus,
985 3295 1042 3339 ut
1089 3301 1188 3341 nec
1218 3285 1345 3356 quid
1378 3283 1660 3356 loquatur,
1695 3301 1792 3340 nec
1835 3285 2032 3356 quibus

433 3380 768 3450 argumentis
819 3378 955 3433 velit
984 3379 1217 3450 probare
1257 3377 1401 3449 quod
1451 3375 1726 3449 loquitur,
1762 3378 2030 3450 pomerim

438 3471 762 3542 intelligere.
790 3469 961 3526 Totus
989 3471 1134 3526 enim
1166 3481 1357 3534 tumet,
1385 3479 1527 3525 totus
1547 3471 1721 3542 jacet:
1749 3471 1942 3526 attollit
1971 3486 2031 3526 se

2134 2261 2261 2330 quid
2293 2259 2358 2316 ad
2381 2270 2624 2317 nostrum
2648 2264 3032 2337 αἰνιγματισταὶ
3049 2302 3062 2324 ,
3087 2260 3242 2331 cujus
3261 2261 3432 2317 libros
3446 2258 3616 2316 multo
3635 2259 3742 2317 dili-

2129 2355 2330 2410 licilius
2360 2366 2442 2412 est
2487 2371 2648 2411 nosse
2669 2397 2686 2422 ,
2716 2371 2877 2426 quam
2930 2356 3185 2411 vincere?
3213 2355 3554 2425 Quamquam
3595 2365 3649 2410 et
3680 2353 3738 2411 in

2132 2449 2358 2505 victoria
2391 2463 2498 2504 non
2533 2466 2696 2518 parva
2731 2453 2802 2505 sit
2822 2449 3143 2505 difficultas.
3176 2449 3308 2518 Quis
3337 2448 3482 2504 enim
3509 2463 3744 2518 supera-

2133 2558 2193 2601 re
2221 2553 2416 2614 queat,
2447 2542 2604 2610 cujus
2634 2544 2995 2598 assertionem
3030 2541 3247 2612 penitus
3289 2541 3540 2612 ignoret?
3572 2541 3636 2596 Et
3667 2554 3742 2597 ne

2133 2634 2398 2694 lectorem
2425 2635 2643 2707 longius
2686 2638 2894 2691 traham
2913 2677 2928 2700 ,
2959 2635 3264 2706 cuiusmodi
3293 2635 3618 2706 eloquentia:
3640 2632 3734 2713 sit,

2135 2737 2191 2783 et
2228 2728 2430 2799 quibus
2475 2731 2765 2784 verborum
2814 2729 3046 2786 tioribus
3091 2737 3316 2786 ornatus
3347 2731 3598 2794 incedat,
3641 2743 3737 2786 se-

2135 2821 2297 2878 Ctmdi
2327 2822 2450 2878 libri
2480 2824 2599 2893 ejus
2624 2823 2734 2896 [ΑΙ.
2761 2823 2868 2896 sui]
2901 2823 3226 2878 monstrabit
3245 2825 3531 2879 exordium
3551 2862 3566 2890 ,
3588 2822 3742 2894 quod

2135 2920 2447 2972 hesternam
2476 2919 2754 2986 crapulam
2791 2927 3037 2983 ructans,
3075 2919 3150 2974 ita
3178 2915 3205 2955 ἀ
3233 2920 3475 2974 evomit:

2207 3009 2369 3081 239
2397 3008 2452 3062 ἓ.
2486 3028 2504 3060 ‹
2543 3019 2564 3045 ο
2596 3008 2882 3065 Satisl’acio
2911 3009 3151 3065 invitatis
3173 3051 3187 3075 ,
3211 3026 3319 3064 non
3350 3019 3409 3064 ut
3437 3008 3587 3065 claro
3616 3022 3741 3064 cur-

2135 3115 2250 3156 ram
2285 3100 2535 3164 nomine,
2567 3099 2661 3154 sed
2709 3117 2738 3152 a
2791 3116 3011 3158 rumore
3056 3111 3320 3172 purgatus
3350 3100 3532 3156 vivam
3575 3113 3740 3156 vano.

2135 3191 2375 3249 Obsecro
2401 3207 2592 3264 agrum
2612 3234 2626 3259 ,
2658 3191 2677 3230 ί
2711 3193 2925 3248 novella
2959 3193 3357 3263 plantationnm
3377 3234 3392 3255 ,
3419 3192 3637 3248 arbusta
3664 3200 3745 3247 te-

2137 3285 2488 3350 neritudinis,
2523 3297 2712 3356 erepta
2743 3286 2813 3341 de
2853 3287 3113 3340 vitiorum
3153 3285 3492 3355 gurgitibus,
3519 3282 3747 3339 audien-

2138 3379 2266 3433 tiam
2309 3379 2702 3433 communitam
2748 3377 3081 3450 agminibus.
3132 3376 3349 3432 Scimus
3401 3375 3744 3440 Ecclesiam.

2137 3487 2264 3540 spe,
2304 3470 2410 3525 (ide
2433 3511 2447 3536 ,
2494 3472 2767 3526 charitatc
2790 3512 2803 3537 ,
2835 3469 3276 3526 inaccessibilem
3297 3511 3310 3536 ,
3347 3465 3746 3538 ineXpugnabi-

438 3580 535 3634 per
580 3563 831 3633 singula,
865 3572 918 3618 et
960 3563 1111 3633 quasi
1152 3563 1466 3618 debilitatus
1511 3564 1770 3629 coluber,
1807 3566 1857 3618 in
1911 3564 2030 3634 ipso
2063 3584 2109 3644 Β
2138 3565 2264 3619 lem.
2303 3563 2419 3618 Non
2474 3573 2558 3619 est
2604 3564 2656 3617 in
2712 3578 2774 3618 ea
2827 3563 3188 3631 immaturus,
3220 3561 3400 3618 omnis
3449 3560 3737 3616 docibilis:

437 3667 634 3712 conatu
664 3655 956 3726 frangitur.
979 3654 1097 3710 Non
1132 3664 1210 3710 est
1241 3663 1532 3710 contentus
1570 3664 1790 3719 nostro,
1824 3655 1872 3709 id
1903 3665 1986 3712 est
2015 3699 2030 3725 ,

436 3748 675 3804 humano
707 3762 861 3804 more
892 3748 1038 3819 loqui
1060 3790 1073 3813 ,
1103 3747 1266 3801 altius
1295 3746 1552 3818 quiddam
1580 3745 1910 3816 aggreditur.

441 3879 607 3960 23⁸
691 3882 978 3940 Parturlunt
1000 3886 1212 3941 montes.
1237 3877 1734 3960 nase'gt‘ur‘ridicu‘lus
1748 3893 1872 3960 mus:

1317 3941 1527 4008 (Horat:
1539 3941 1601 3991 de
1618 3945 1734 4008 Arte
1752 3943 1914 4008 Pet.)

1496 4005 1636 4063 000d
1662 4010 1783 4066 ipse,

535 4066 641 4118 Non
662 4070 765 4126 sani
791 4081 903 4128 esse
927 4067 1157 4138 hominis,
1184 4079 1279 4122 non
1297 4079 1447 4120 sanus
1464 4068 1608 4193 ξυιυῗὲ
1619 4066 1842 4180 Orestes.
1871 4131 1901 4180 ‘
1925 4129 1945 4194 )

1613 4142 1732 4191 ενι,
1753 4141 1808 4180 sa
1833 4167 1843 4178 .
1907 4168 1917 4179 .

1613 4142 1732 4191 ενι,
1753 4137 1843 4180 sat.
1871 4137 1917 4180 ι.

437 4263 713 4320 Prmterea
742 4262 822 4318 sic
845 4258 1074 4318 involvit
1098 4257 1280 4314 omnia
1310 4267 1370 4315 et
1389 4258 1710 4329 quibusdam
1745 4259 2039 4318 inextrica-

437 4353 642 4412 bilibus
673 4353 831 4412 nodis
871 4351 1122 4412 universa
1153 4350 1477 4422 perturbat,
1505 4360 1563 4408 ut
1597 4350 1730 4412 illud
1759 4349 2040 4408 Plautium-

437 4464 561 4510 rtttn
589 4449 894 4508 litterarum
923 4448 974 4508 ei
1007 4447 1181 4518 possit
1209 4446 1413 4516 aptari:

532 4539 633 4600 llas
653 4539 852 4604 quidem
877 4545 1062 4602 praeter
1093 4536 1326 4604 Sibyllam
1351 4537 1492 4600 leget
1513 4548 1681 4604 nemo.

1559 4597 1648 4659 (In
1673 4596 1955 4664 Pseudolo.)

438 4683 576 4739 Nam
607 4681 958 4738 divinandum
990 4693 1094 4739 est.
1126 4681 1386 4738 Furiosas
1417 4681 1688 4754 Apollinis
1714 4691 1866 4736 vates
1904 4681 2040 4751 legi-

437 4795 595 4844 mus;
643 4786 697 4833 et
743 4777 876 4832 illud
905 4776 1295 4851 Virgilianum:
1330 4775 1437 4830 Dat
1472 4777 1583 4832 sine
1631 4785 1796 4830 mente
1851 4791 2038 4830 sonum

437 4869 680 4942 (Eneid.
724 4871 822 4936 lib.
857 4871 935 4943 ι).
986 4869 1318 4926 lleraclitum
1353 4881 1374 4908 ο
1411 4884 1629 4944 quoque
1673 4875 2038 4942 cognomento

514 5090 541 5118 ι
581 5079 717 5146 Illud
750 5077 920 5151 Roma
965 5089 1162 5151 nomen
1214 5071 2034 5151 n_e_c__pra:stantissimus_Vero-
2061 5087 2107 5151 α

439 5151 648 5214 nensis,
676 5143 779 5205 nec
799 5145 1188 5204 Casanateusis
1233 5143 1581 5200 Bibliotheca:
1637 5143 1769 5199 satis
1813 5145 2030 5215 elegans

440 5236 577 5278 mss.
611 5228 932 5287 agnoscunt.

510 5293 539 5336 ι’
581 5285 842 5352 Etimdem
872 5288 1018 5361 styli
1057 5285 1363 5361 barbariem
1402 5286 1461 5361 in
1507 5285 1781 5361 Joviniatii
1826 5288 2032 5361 scripto

446 5364 880 5436 notarevidetur
901 5357 1163 5436 Syricitls.
1209 5357 1451 5436 Ettistoln
1478 5360 1546 5418 ad
1565 5358 1790 5436 diversos
1817 5358 2032 5432 Episco-

443 5426 558 5508 pot,
585 5426 691 5490 ubi
741 5426 1048 5508 scripturam
1093 5428 1235 5508 ejus.
1271 5426 1563 5498 horriﬁcant
1607 5426 1873 5508 appellat;
1925 5443 2029 5508 non

443 5498 652 5562 tantum
679 5518 902 5577 propter
931 5502 1321 5571 blaSphemias,
1373 5513 1631 5571 quantum
1662 5501 1733 5555 ob
1763 5498 2033 5555 sermonis

439 5579 594 5633 vitia.

519 5660 540 5686 ο
587 5644 882 5713 Ephesium
916 5642 1178 5710 intelligo.
1200 5645 1289 5713 qui
1315 5643 1383 5697 ab
1405 5642 1660 5713 omnibus
1682 5637 2033 5713 obscuritatis

443 5709 878 5786 arguitur._l-‘.jn5
906 5709 1333 5786 statumen-la
1362 5715 1493 5769 dicit
1521 5710 1673 5786 Theo
1701 5714 1751 5763 in
1780 5709 2034 5786 Progym-

442 5781 612 5842 nasm.
645 5794 700 5838 et
727 5781 1034 5837 Demetrius
1061 5785 1124 5838 de
1166 5786 1486 5847 Eloculione,
1521 5781 1743 5846 aliique,
1777 5796 1805 5831 a
1837 5785 2033 5844 qlltllllS

446 5857 583 5910 illud
614 5855 868 5922 querenda
899 5869 997 5922 pro
1023 5868 1385 5922 cognomento
1437 5860 1712 5922 mutuatur
1766 5849 2033 5922 l‘lierony-

470 5940 587 5980 ous.
616 5921 755 5976 Vide
783 5918 922 5973 intra
945 5918 1257 5992 Apoldgiam
1283 5933 1464 5978 contra
1496 5921 1771 5986 Rufinum,
1796 5918 1890 5974 lib.
1921 5935 1956 5974 ι.

2145 3659 2346 3729 impetu
2371 3657 2699 3728 irrumpere,
2719 3658 2801 3711 vel
2827 3665 2942 3711 arte
2959 3655 3184 3712 eludere
3211 3663 3392 3727 potest
3421 3654 3620 3710 nullus.
3653 3663 3677 3698 κ
3717 3671 3740 3708 ι

2215 3750 2268 3804 '5.
2297 3747 2678 3804 Encratitorutn
2705 3747 2942 3820 princeps
2968 3743 3220 3804 Tatianus
3238 3789 3253 3815 ,
3290 3745 3572 3816 Virginitas
3591 3744 3741 3816 {ruc-

2148 3853 2226 3897 tus
2255 3841 2577 3912 nuptiarum.
2615 3839 2878 3896 Numerus
2905 3838 2975 3896 '50
2995 3881 3008 3902 ,
3033 3839 3103 3896 60
3123 3881 3137 3904 ,
3166 3852 3214 3892 et
3246 3838 3385 3906 l00,
3417 3838 3546 3910 quid
3573 3837 3739 3910 signi-

2146 3935 2268 4004 ﬁcat
2298 3935 2349 3989 in
2377 3931 2681 4008 Evangelia.
2730 3929 2962 3987 [hereses
2981 3927 3262 3985 Jouiniani.
3283 3957 3357 3971 -
3378 3929 3529 4000 Rogo
3558 3971 3573 3994 ,
3616 3941 3740 3999 qua

2147 4039 2274 4084 sunt
2300 4029 2416 4082 lmec
2447 4038 2692 4098 portenta
2712 4025 3038 4082 verborum?
3062 4025 3203 4096 quod
3227 4023 3615 4095 descriptionis
3644 4020 3743 4078 do-

2146 4119 2349 4175 decus?
2378 4118 2568 4175 Nonne
2595 4120 2678 4175 vel
2709 4135 2807 4191 per
2848 4119 3053 4175 febrem
3085 4118 3362 4174 somniare
3387 4131 3512 4172 cum
3549 4125 3741 4185 putes,

2145 4214 2229 4269 vel
2258 4221 2532 4284 arreptum
2564 4213 2754 4268 morbo
2788 4211 3106 4282 phrenetico
3127 4252 3143 4276 ,
3176 4207 3522 4279 Hippocratis
3551 4209 3740 4261 vincu-

2146 4308 2212 4362 lis
2241 4305 2606 4374 alligandum?
2633 4307 3092 4375 Quotiescumque
3120 4319 3243 4359 enm
3277 4303 3489 4375 legero,
3523 4299 3612 4354 ubi
3656 4313 3746 4356 me

2148 4398 2410 4457 defecerit
2439 4400 2691 4471 spiritus,
2729 4400 2799 4454 ibi
2829 4409 2915 4455 est
2946 4399 3246 4452 distinctio.
3282 4395 3476 4450 Totum
3512 4394 3743 4463 incipit,

2151 4503 2322 4549 totum
2353 4493 2551 4562 pendet
2583 4508 2648 4548 ex
2679 4493 2883 4548 altero:
2921 4492 3132 4547 nescias
3152 4487 3276 4560 quid
3304 4487 3390 4542 cui
3418 4485 3699 4540 cohzrreat
3728 4500 3745 4553 ;

2150 4596 2204 4642 et
2230 4586 2472 4656 exceptis
2501 4584 2826 4641 teStimoniis
2848 4584 3281 4653 Scripturarum,
3307 4593 3425 4650 qua:
3456 4576 3552 4631 illo
3578 4593 3749 4632 venu-

2150 4680 2391 4736 stissimo
2419 4680 2742 4752 eloquentia:
2771 4693 2884 4733 sure
2911 4676 3043 4732 llore
3074 4684 3286 4730 mutare
3311 4689 3414 4728 non
3445 4687 3609 4727 ausus
3637 4681 3744 4742 est,

2151 4770 2392 4842 reliquus
2437 4784 2618 4825 sermo
2665 4769 2810 4824 omni
2847 4768 3091 4822 materiae
3119 4765 3411 4830 convenit,
3440 4762 3562 4834 quia
3610 4761 3743 4817 nulli

2149 4865 2423 4921 convenit.
2459 4863 2590 4934 Quae.
2621 4876 2710 4918 res
2742 4861 2872 4917 mihi
2903 4858 3136 4930 aliquam
3171 4859 3540 4930 suspicionem
3575 4854 3741 4910 intel-

2209 5067 2233 5106 ἀ
2276 5069 2330 5128 ln
2354 5067 2714 5126 Casanatensi
2754 5082 2856 5126 ms.
2889 5073 3018 5137 post
3060 5064 3243 5122 evomit
3273 5079 3498 5129 vocem,
3549 5061 3747 5134 Incipit

2138 5142 2420 5210 disputatio
2445 5138 2734 5202 .Ioviniani,
2763 5150 2874 5193 tum
2912 5137 3189 5210 Satisfecio
3219 5137 3606 5210 invitatispetc.

2211 5205 2234 5250 ά
2279 5211 2564 5281 Satisfecio
2593 5210 2841 5263 inuitatis.
2896 5207 3043 5263 Editl
3092 5220 3217 5260 ante
3250 5207 3497 5281 unsllbri
3530 5205 3740 5281 legunt,

2139 5277 2438 5354 Satirfacto'
2463 5281 2709 5354 inuitatis.
2761 5281 2869 5336 Sed
2916 5291 3048 5354 octo
3086 5294 3234 5354 mss;
3265 5277 3487 5354 codices
3518 5279 3626 5354 _(it_l_
3657 5283 3746 5331 est

2135 5347 2487 5410 Corbeiettsis
2521 5352 2569 5419 Ι,
2596 5350 3168 5422 Sangermanensisj.
3203 5349 3483 5422 Regius],
3510 5347 3744 5422 uolitet-3

2140 5425 2282 5480 tinus
2317 5427 2366 5487 l,
2396 5415 2764 5477 Catutt'ttettees
2790 5424 2847 5486 ξ’),
2881 5421 3065 5477 Sancti
3091 5415 3351 5492 Ebrnlp'hi
3383 5419 3658 5492 Utteensis
3687 5415 3744 5492 1)

2139 5497 2376 5551 retinent
2407 5495 2549 5561 quod
2581 5493 2871 5547 edidimus.
2915 5493 3067 5561 Sient
3093 5499 3145 5543 et
3177 5489 3315 5544 infra
3360 5489 3561 5545 novella
3584 5529 3599 5554 ,
3634 5489 3743 5542 non

2138 5567 2402 5632 novellas;
2429 5576 2485 5619 et
2509 5565 2736 5628 eludere,
2768 5579 2874 5617 non
2907 5560 3148 5616 illudere.
3183 5561 3455 5616 Maurus.

2215 5635 2235 5674 ί
2286 5637 2447 5691 Vetus
2479 5635 2646 5690 editio
2675 5636 2889 5688 nove/(tv
2916 5633 3316 5699 plantutionum,
3350 5634 3566 5702 duoque
3588 5650 3619 5690 c
3649 5650 3748 5690 no-

2136 5708 2428 5780 SIris_tnss,
2454 5718 2680 5780 ereptgm
2725 5721 2824 5774 pro
2851 5715 3050 5780 erepta.

2213 5785 2236 5823 ις
2280 5773 2553 5832 Laudatus
2581 5773 2972 5831 Cisanatensis
3013 5773 3199 5829 subdit
3229 5774 3282 5829 in
3329 5776 3508 5831 medio
3548 5793 3560 5830 :
3599 5773 3749 5834 Finit

2135 5849 2414 5920 disputatio
2441 5847 2722 5900 Joviniani.
3711 5847 3716 5850 ’
