4062 6402
574 10 701 35 -σζ--ί
690 12 817 37 ᾗσι-..ί
744 12 767 15 Ἴ
822 10 911 34 γ-ωψ
918 24 963 33 .-
1030 12 1085 17 “”
1122 14 1131 17 ⁴
1162 16 1165 17 ⁷
1196 14 1231 17 ”“
1274 16 1277 17 ⁷
1302 16 1307 17 ⁷
1604 28 1659 32 ι

535 420 643 475 215

1792 410 1851 466 5.
1894 408 2164 467 EUSEBII
2203 408 2585 465 HIERONYMI

3737 408 3850 467 216

532 543 588 588 et
611 532 877 587 adversus
916 529 1165 601 singulas
1210 528 1614 599 prepositiones
1645 530 1788 599 ejus,
1818 528 2128 601 Scriptura-
2155 532 2202 590 Α
2231 527 2432 583 bnlavit
2468 542 2589 583 cum
2617 527 2752 596 Deo,
2796 534 2851 584 et
2892 537 3074 598 raptus
3096 526 3150 583 in
3179 528 3375 584 cretum
3410 537 3510 583 est.
3555 528 3660 583 Iste
3689 525 3840 597 Noe,

532 641 651 680 rum
699 625 789 679 vel
848 625 1089 679 maxime
1130 624 1271 679 nitar
1313 623 1639 678 testimoniis
1684 640 1699 677 :
1753 639 1822 679 ne
1868 625 2128 695 querulus

531 717 759 788 garriat,
796 731 856 773 se
900 716 1211 787 eloquentia
1243 717 1412 785 magis
1450 730 1613 785 quam
1645 714 1881 771 veritate
1910 730 2135 785 supera-

532 819 669 864 tum.
698 809 853 877 Quod
881 810 925 863 si
958 810 1275 879 explevero,
1308 816 1362 862 et
1395 807 1548 862 illum
1591 809 1878 879 utriusque
1924 811 2133 864 instru-

536 904 705 960 menti
750 904 891 959 nube
920 916 1270 972 oppressero,
1312 915 1589 956 assumam
1620 902 1873 971 exempla
1903 903 2131 957 saecula-

536 999 615 1053 ris
637 1012 851 1068 quoque
896 997 1238 1062 litteraturae,
1291 994 1357 1048 ad
1403 1009 1567 1064 quam
1613 1004 1671 1049 et
1701 996 1818 1066 ipse
1849 1005 2130 1065 provocat.

542 1090 870 1157 Doceboque
908 1089 1073 1143 etiam
1116 1088 1255 1141 inter
1297 1085 1654 1157 philosophos
1697 1096 1755 1142 et
1797 1089 2051 1159 egregios
2081 1089 2134 1143 in

543 1184 819 1252 republica
839 1182 1009 1246 viros,
1040 1181 1267 1234 virtutes
1292 1180 1686 1248 voluptatibus,
1720 1180 1771 1235 id
1796 1191 1901 1246 est,
1933 1181 2135 1253 Pytha-

539 1290 747 1344 goram,
783 1273 1066 1327 Platonem
1100 1283 1153 1326 et
1195 1272 1510 1337 Aristidem,
1556 1274 1863 1342 Aristippo,
1898 1274 2136 1344 Epicuro

540 1379 595 1422 et
622 1367 885 1422 Alcibiadi
911 1368 980 1422 ab
1005 1366 1255 1422 omnibus
1280 1367 1461 1421 solere
1480 1366 1740 1435 praeferri.
1770 1367 1901 1433 Vos,
1928 1382 2134 1437 quaiso,

540 1462 825 1530 utriusque
850 1475 1017 1515 sexus
1049 1460 1286 1529 virgines
1317 1469 1369 1514 et
1396 1460 1767 1519 continentes.
1797 1461 1979 1514 mariti
2001 1478 2139 1529 quo-

541 1567 644 1622 que
675 1561 729 1605 et
754 1552 979 1622 digami,
1012 1560 1062 1605 ut
1089 1561 1316 1606 conatus
1355 1566 1508 1606 meos
1548 1553 1889 1608 orationibus
1919 1554 2139 1623 adjuve—

539 1646 631 1698 tis.
662 1645 992 1699 Cunctorum
1030 1645 1082 1698 in
1125 1659 1419 1699 commune
1454 1644 1776 1699 Jovinianus
1819 1646 1995 1701 hostis
2027 1658 2131 1702 est.

539 1737 673 1791 Nam
705 1738 793 1808 qui
826 1737 1050 1806 aequalia
1079 1736 1327 1790 omnium
1354 1737 1551 1791 asserit
1580 1737 1768 1791 merita
1788 1779 1804 1805 ,
1836 1750 1942 1792 tam
1976 1739 2141 1809 virgi-

542 1829 694 1882 nitati
735 1828 862 1884 facit
904 1829 1189 1897 injuriam‘.
1234 1828 1362 1882 dum
1403 1843 1524 1882 eam
1572 1830 1777 1898 nuptiis
1829 1822 2143 1900 comparat,

2233 620 2347 690 qui,
2388 634 2510 675 cum
2541 631 2725 675 essent
2754 620 2938 690 utique
2982 618 3133 673 multi
3165 619 3399 689 virgines
3431 626 3649 689 propter
3686 628 3829 673 teta-

2236 721 2364 776 tem,
2392 712 2540 767 solus
2565 727 2687 766 cum
2715 711 2840 766 filiis
2868 720 2922 766 et
2948 711 3207 766 uxoribus
3231 711 3489 781 naufrago
3528 710 3662 765 orbe
3706 725 3834 766 ser-

2235 815 2387 860 vatus
2430 816 2531 861 est.
2580 806 2789 861 Rursus
2820 814 2939 875 post
2984 804 3243 859 diluvium
3266 845 3280 869 ,
3311 802 3463 875 quasi
3489 804 3662 858 altero
3686 802 3845 873 prin-

2236 898 2375 967 cipio
2425 900 2642 967 generis
2693 898 2947 963 humani,
3005 899 3242 952 virorum
3296 907 3351 952 et
3407 912 3632 952 uxorum
3691 899 3845 968 paria

2231 992 2556 1060 junguntur,
2603 1002 2657 1045 et
2713 1007 2778 1046 ex
2824 992 3036 1061 integro
3089 990 3453 1061 generationis
3501 992 3838 1045 instauratur

2236 1081 2541 1137 benedictio
2567 1102 2580 1137 :
2613 1084 2836 1137 Crescite
2859 1093 2905 1137 et
2935 1082 3354 1154 mulziplicamini
3385 1094 3431 1136 et
3458 1082 3618 1155 2&3
3650 1084 3852 1155 replete

2239 1186 2427 1231 terram
2468 1177 2622 1247 (Gen.
2670 1193 2781 1238 \‘lll,
2808 1178 2895 1241 17,
2928 1188 2974 1231 et
3004 1192 3076 1240 tx,
3108 1177 3131 1231 1
3159 1180 3197 1247 ).
3252 1196 3270 1227 ι
3308 1177 3533 1246 Insuper
3560 1179 3719 1231 etiam
3744 1190 3849 1231 co-

2238 1271 2630 1325 medendarum
2671 1272 2919 1326 carnium
2972 1272 3189 1326 licentia
3246 1272 3563 1325 relaxatur:
3598 1270 3663 1324 Et
3695 1287 3853 1327 omne

2237 1366 2376 1435 quod
2401 1375 2651 1432 movetur,
2685 1367 2779 1419 erit
2805 1364 2947 1420 vobis
2979 1365 3034 1418 in
3062 1380 3231 1418 escam
3262 1381 3279 1418 :
3310 1366 3442 1418 sicut
3481 1365 3624 1418 olera
3662 1365 3855 1419 herba-

2239 1474 2355 1511 rum
2386 1458 2505 1511 dedi
2533 1458 2675 1511 vobis
2718 1458 2961 1511 universa
2994 1456 3202 1528 (Ibid.,
3238 1456 3318 1528 9).
3352 1456 3535 1512 Currit
3562 1456 3630 1511 ad
3670 1456 3851 1513 Abra—

2241 1550 2387 1614 ham,
2422 1552 2592 1618 Isaac,
2634 1560 2689 1606 et
2728 1550 2920 1617 Jacob,
2970 1567 3001 1606 e
3033 1552 3232 1620 quibus
3267 1554 3417 1621 prior
3444 1552 3731 1621 trigamus,
3759 1568 3851 1607 se-

2241 1644 2450 1697 cundus
2484 1658 2875 1713 monogamus,
2926 1648 3119 1697 tertius
3166 1653 3401 1714 quatuor
3432 1659 3663 1698 uxorum
3717 1654 3799 1699 est
3830 1662 3848 1699 :

2242 1734 2373 1801 Lirc,
2409 1735 2631 1802 Rachel,
2668 1736 2835 1802 Bake,
2878 1744 2933 1791 et
2960 1735 3217 1805 Zelphae;
3248 1746 3301 1791 et
3323 1735 3527 1791 asserit
3567 1737 3852 1793 Abraham

2242 1828 2312 1883 ob
2345 1828 2468 1881 fidei
2503 1829 2784 1894 meritum,
2820 1827 3259 1883 benedictionem
3294 1829 3346 1882 in
3370 1828 3725 1898 generatione
3750 1828 3857 1885 filii

541 1938 703 1993 quam
734 1932 789 1978 et
834 1922 1057 1992 nuptiis,
1112 1922 1189 1976 sic
1234 1920 1397 1993 242
1439 1936 1534 1976 eas
1568 1921 1746 1976 licitas
1774 1938 2054 1987 asserens,
2085 1932 2143 1977 ut
2172 1923 2219 1981 Β
2245 1921 2541 1989 accepisse.
2577 1920 2769 1976 Saram
2798 1921 2852 1975 in
2882 1931 3065 1992 typum
3102 1920 3390 1989 Ecclesite,
3414 1922 3500 1976 cui
3533 1920 3858 1977 defecerant

542 2015 783 2071 secunda
811 2025 865 2069 et
894 2015 1052 2069 tertia
1077 2014 1441 2067 matrimonia.
1476 2013 1587 2069 Sed
1617 2023 1674 2069 et
1704 2014 1937 2086 digamis
1960 2023 2015 2071 et
2047 2016 2143 2069 tri-

544 2112 725 2180 gamis
745 2109 1093 2164 adversarius
1118 2119 1224 2173 est,
1250 2108 1321 2163 ibi
1352 2123 1561 2178 ponens
1590 2119 1934 2164 scortatores
1969 2125 2142 2179 quon-

541 2206 665 2260 dam
689 2216 740 2258 ct
764 2202 1253 2258 libidinosissimos
1278 2210 1398 2270 post
1422 2200 1820 2271 paenitentiam,
1849 2202 1937 2256 ubi
1963 2202 2140 2271 dupli-

541 2309 658 2352 rata
679 2305 732 2351 et
750 2295 1020 2365 triplicata
1042 2294 1422 2349 matrimonia:
1446 2294 1551 2349 nisi
1580 2294 1723 2364 quod
1756 2294 1811 2348 in
1842 2309 1910 2349 eo
1939 2294 2142 2365 digami

544 2400 603 2446 et
632 2390 1055 2461 trigamidolere
1087 2404 1195 2443 non
1243 2388 1466 2455 debent,
1509 2390 1634 2458 quia
1677 2389 1821 2443 idem
1870 2398 2145 2444 scortator

541 2493 598 2539 et
656 2485 925 2553 paenitens
980 2482 1031 2535 in
1090 2495 1257 2551 regno
1305 2480 1571 2535 ccelorum
1627 2482 1791 2535 etiam
1840 2482 2144 2552 virginibus

543 2576 877 2647 adaequatur.
911 2575 1217 2645 Proponatn
1256 2574 1421 2644 igitur
1448 2573 1919 2629 manifestioribus
1961 2574 2144 2629 verbis

544 2680 598 2726 et
641 2670 965 2726 habentibus
1010 2670 1245 2740 aliquam
1292 2669 1775 2739 consequentiam,
1823 2677 2145 2739 argumenta

544 2763 660 2832 ejus
682 2771 738 2817 et
758 2762 1007 2832 exempla
1029 2761 1096 2815 de
1127 2761 1353 2831 nuptiis,
1381 2761 1685 2830 eodemque
1711 2760 1904 2815 ordine
1934 2762 2143 2825 omnia,

544 2868 652 2923 quo
681 2854 748 2906 ab
769 2868 835 2907 eo
857 2854 999 2906 dicta
1022 2864 1172 2919 sunt,
1198 2852 1461 2921 digeram.
1489 2851 1598 2906 Nec
1628 2853 1918 2906 molestum
1948 2853 2143 2908 lectori

544 2947 637 3009 sit,
661 2943 708 2998 si
738 2956 995 2997 nauseam
1020 2943 1139 3010 ejus
1169 2952 1223 2997 et
1252 2944 1513 2996 vomitum
1544 2943 1725 3011 legere
1759 2943 2142 3012 compellatur.

547 3033 829 3088 Libentius
871 3031 1177 3087 antidotum
1208 3030 1413 3088 Christi
1459 3032 1633 3099 bibet,
1658 3047 1780 3086 cum
1822 3032 2027 3088 diaboli
2055 3049 2145 3087 veo

549 3140 687 3181 ncna
736 3124 1138 3195 pr.ecesserint.
1182 3124 1378 3179 Audite
1412 3125 1700 3195 patienter,
1745 3124 2017 3196 virgines;
2051 3140 2145 3179 au-

547 3220 684 3286 dite,
704 3234 907 3289 quteso,
934 3220 1476 3291 voluptuosissimum
1489 3221 1960 3289 concionatorem,
1979 3221 2145 3274 immo

2248 2013 2557 2077 muliebria,
2608 2012 3049 2068 tnaledictionem
3095 2011 3424 2079 sterilitatis,
3458 2023 3645 2084 partus
3674 2013 3856 2070 bene—

2246 2103 2482 2159 dictione
2512 2114 2770 2160 mutasse.
2797 2105 2952 2172 Quod
2986 2105 3230 2161 Rebecca
3263 2107 3388 2162 ierit
3416 2108 3570 2176 quasi
3601 2106 3857 2176 PrOphe-

2250 2204 2330 2250 tes
2372 2196 2710 2267 intcrrogare
2762 2198 3073 2265 Dominum,
3114 2208 3172 2254 et
3213 2199 3449 2254 audierit
3494 2200 3563 2255 ab
3590 2214 3676 2261 eo,
3712 2198 3853 2253 Duce

2246 2298 2418 2361 gentes
2447 2301 2491 2343 et
2521 2289 2624 2343 duo
2657 2291 2837 2360 populi
2862 2291 2917 2344 in
2946 2300 3089 2345 utero
3112 2300 3200 2345 tuo
3228 2290 3532 2363 sunt.(Gen.
3562 2306 3701 2358 xxv,
3730 2291 3850 2363 25).

2247 2384 2403 2450 Quod
2430 2384 2598 2441 Jacob
2622 2400 2720 2455 pro
2752 2402 2921 2442 uxore
2947 2387 3202 2444 servierit
3236 2408 3248 2445 :
3283 2399 3339 2444 ct
3364 2389 3716 2446 existimante
3747 2391 3857 2446 Ra-

2247 2475 2391 2543 chel,
2438 2479 2537 2533 viri
2580 2494 2702 2535 esse
2733 2480 2864 2535 dare
2898 2480 3121 2547 liberos,
3159 2498 3223 2538 ac
3272 2484 3492 2539 dicente
3542 2501 3556 2539 :
3611 2484 3693 2539 Da
3721 2486 3857 2541 mihi

2248 2571 2387 2640 ﬁlios
2417 2589 2435 2625 :
2462 2573 2543 2627 sin
2563 2582 2757 2640 autem,
2782 2576 2974 2628 moriar
2998 2574 3154 2645 (Cen.
3183 2592 3317 2643 xxx,
3340 2578 3398 2645 l)
3421 2596 3434 2643 ;
3466 2578 3810 2649 responderit
3836 2597 3853 2634 :

2252 2662 2520 2734 Numquid
2547 2683 2639 2736 pro
2667 2667 2772 2721 Deo
2798 2684 2889 2737 ego
2912 2685 3047 2733 sum,
3072 2669 3160 2738 qui
3184 2678 3231 2723 te
3256 2670 3511 2724 conclusit
3536 2670 3728 2742 (lbid.,
3754 2672 3856 2742 9.)?

2247 2752 2304 2809 In
2336 2765 2564 2821 tantum,
2599 2758 2791 2827 inquit,
2824 2758 3035 2813 sciebat
3058 2758 3267 2815 fructus
3293 2764 3604 2831 nuptiarum
3630 2762 3851 2821 Domini

2249 2860 2390 2912 esse,
2447 2862 2553 2902 non
2604 2848 2801 2903 mariti.
2849 2849 3003 2917 Quod
3054 2851 3255 2922 Joscph
3309 2854 3389 2907 vir
3415 2864 3638 2910 sanctus
3684 2866 3851 2928 atque

2248 2941 2610 3008 castissimus,
2635 2951 2685 2997 ct
2719 2958 2909 2999 omnes
2944 2945 3269 3014 patriarcha:
3296 2962 3497 3002 uxores
3526 2949 3847 3020 habuerint,

2248 3036 2444 3104 quibus
2493 3037 2781 3105 aequaliter
2809 3054 2903 3107 per
2930 3039 3152 3111 Moysen
3200 3040 3490 3097 benedicat
3533 3042 3697 3099 Deus.
3750 3042 3848 3099 lu-

2248 3127 2371 3183 dam
2422 3144 2638 3199 quoque
2692 3134 2982 3203 proponit,
3034 3145 3087 3190 et
3139 3134 3372 3190 Thamar
3425 3154 3437 3189 :
3488 3144 3544 3191 et
3596 3137 3840 3194 occisum

2246 3220 2417 3275 Onam
2448 3224 2763 3293 perstringit
2792 3240 2821 3277 a
2852 3226 3105 3294 Domino,
3139 3228 3265 3297 quia
3292 3227 3444 3282 fratri
3478 3227 3729 3284 invidens
3760 3245 3843 3286 se-

548 3310 704 3381 quasi
740 3310 1047 3366 sirenarum
1073 3321 1263 3364 cantus
1288 3318 1342 3366 et
1368 3310 1574 3364 tabulas
1602 3311 1782 3365 clausa
1807 3327 1938 3367 aure
1966 3322 2141 3367 trans-
2169 3307 2213 3368 C
2248 3330 2393 3378 men,
2428 3326 2450 3355 ο
2481 3317 2790 3386 nuptiarum
2819 3333 2984 3387 Opera
3011 3319 3290 3389 perdebat.
3320 3320 3541 3391 Moysen
3565 3324 3845 3392 proponit,

547 3405 643 3460 ite.
700 3403 920 3459 Vestras
971 3403 1107 3459 ferte
1162 3404 1435 3473 paulisper
1474 3402 1740 3472 injurias;
1810 3413 1999 3473 putate
2047 3421 2141 3459 vos

543 3512 665 3554 cum
700 3498 916 3554 Christo
963 3497 1281 3563 crucilixas,
1326 3496 1726 3552 Pharisaaorum
1766 3499 1960 3553 audire
1991 3498 2139 3555 blas-

548 3589 818 3661 phemias.
848 3600 873 3627 α

616 3685 668 3738 5.
696 3681 1025 3738 Iovinianus.
1074 3683 1226 3737 Liber
1253 3681 1650 3737 Deuteronomii
1674 3683 1765 3739 sub
1791 3682 1940 3737 Josia
1969 3699 2143 3755 reper-

546 3784 626 3827 tus
654 3776 708 3829 in
733 3775 972 3845 Templa.
1002 3806 1072 3816 ——
1114 3776 1315 3841 Prima,
1365 3775 1561 3845 inquit,
1595 3775 1692 3830 Dei
1734 3774 2003 3829 sententia
2035 3784 2137 3834 est.

549 3868 772 3939 PrOpter
811 3869 950 3939 quod
990 3869 1208 3923 dimittet
1248 3869 1399 3922 homo
1437 3876 1635 3939 patrem
1658 3876 1705 3921 et
1731 3880 1946 3921 matrem
1969 3884 2137 3932 suam,

546 3972 594 4017 et
634 3963 909 4017 adiuerebit
952 3964 1104 4016 uxori
1152 3977 1282 4029 suae,
1327 3971 1374 4014 et
1414 3973 1566 4015 erunt
1608 3961 1712 4014 duo
1743 3962 1797 4014 in
1827 3977 1983 4014 carne
2012 3978 2139 4015 una.

546 4053 705 4125 (Gen.
738 4070 791 4118 ll,
821 4054 913 4118 24,
943 4064 990 4108 et
1018 4052 1173 4106 Matt.
1204 4068 1323 4119 xix,
1349 4053 1424 4121 5).
1454 4053 1529 4107 Ac
1568 4066 1635 4106 ne
1665 4050 1805 4105 forte
1833 4050 2140 4107 diceremus

547 4148 649 4203 hoc
674 4149 931 4217 scriptum
964 4148 1015 4200 in
1042 4146 1209 4201 veteri
1242 4145 1606 4205 Testamento,
1641 4143 1834 4198 asserit
1856 4158 1885 4196 a
1914 4143 2139 4198 Domino

543 4256 757 4311 quoque
788 4240 1019 4311 idipsum
1049 4241 1101 4294 in
1128 4239 1426 4307 Evangelia
1449 4236 1784 4301 coulirmari,
1820 4235 1973 4302 Quod
1999 4235 2139 4290 Deus

545 4336 836 4407 conjunxit,
891 4335 1043 4388 homo
1094 4351 1195 4387 non
1236 4340 1437 4404 separet
1477 4347 1494 4385 :
1526 4332 1816 4399 statimque
1844 4330 2134 4395 subnectit,

542 4425 766 4481 Crescite
805 4435 851 4479 et
888 4424 1347 4494 multiplicamini,
1386 4431 1434 4475 et
1464 4422 1655 4490 replete
1682 4429 1872 4474 terram
1910 4418 2065 4490 (Gen.
2098 4435 2136 4484 ι,

539 4517 667 4587 28);
715 4527 769 4571 ct
812 4532 907 4587 per
946 4517 1190 4571 ordinem
1229 4515 1471 4584 replicat,
1512 4513 1667 4577 Seth,
1699 4513 1865 4577 Enos,
1890 4510 2135 4577 Cainam,

540 4610 803 4676 Malaleel,
851 4610 1046 4676 Jared,
1097 4609 1308 4673 Enoch,
1358 4609 1383 4646 δ
1442 4606 1818 4672 Mathusalem,
1877 4605 2135 4669 Lamech,

2246 3416 2302 3463 et
2330 3408 2508 3463 Maria:
2538 3410 2769 3478 lepram,
2804 3409 2831 3448 ά
2859 3426 2980 3481 qua:
3011 3414 3161 3467 fratri
3193 3428 3293 3483 pro
3324 3428 3495 3470 uxore
3525 3413 3846 3485 detrahens,

2246 3499 2392 3554 illico
2424 3501 2513 3555 Dei
2548 3501 2750 3556 ultione
2795 3517 3056 3571 percussa
3090 3513 3194 3558 est.
3244 3502 3450 3559 Laudat
3494 3503 3749 3569 Samson.
3793 3515 3855 3563 et

2246 3594 2496 3648 uxorium
2523 3592 2840 3648 Nazaraeum
2880 3595 3035 3650 miris
3079 3595 3236 3651 effert
3284 3597 3592 3665 praeconiis.
3638 3597 3851 3655 Debbo-

2245 3700 2361 3740 ram
2390 3701 2605 3756 quoque
2635 3686 2862 3756 replicat
2886 3696 2940 3742 et
2970 3688 3178 3743 Barach
3202 3704 3217 3754 ;
3264 3689 3410 3759 quod
3438 3689 3645 3759 absque
3672 3689 3844 3761 virgi-

2244 3778 2428 3833 nitatis
2476 3780 2655 3848 bonis,
2703 3779 2941 3836 Sisaram
2988 3792 3042 3836 et
3086 3781 3244 3836 Jabin
3294 3792 3349 3837 et
3391 3798 3590 3840 currus
3633 3782 3846 3843 ferreos

2244 3873 2585 3931 debellarint.
2633 3874 2790 3930 Jaliel
2836 3890 3060 3930 uxorem
3111 3875 3290 3931 Haher
3318 3875 3482 3949 Cynei
3524 3876 3747 3933 adducit
3788 3879 3845 3935 in

2246 3966 2506 4031 medium,
2540 3974 2595 4022 et
2639 3967 2762 4037 palo
2803 3977 3065 4022 armatam
3099 3968 3358 4037 praedicat
3402 3984 3638 4023 manum.
3691 3971 3848 4026 Inter

2244 4055 2439 4126 Jephte
2466 4068 2675 4125 patrem
2715 4068 2768 4113 et
2802 4059 2967 4113 ﬁliam
3005 4060 3293 4132 virginem.
3328 4076 3449 4131 qu:e
3477 4061 3750 4116 immolata
3771 4063 3845 4117 sit

2248 4148 2500 4212 Domino,
2532 4150 2661 4206 dicit
2691 4150 2892 4205 nullam
2920 4152 3085 4207 luisse
3111 4151 3462 4217 distantiam;
3497 4156 3626 4222 quin
3661 4154 3845 4223 potius

2246 4240 2404 4297 tidem
2437 4243 2608 4311 patris
2638 4244 2859 4312 praefert
2889 4244 2961 4310 ei,
3006 4259 3126 4314 qua:
3158 4258 3297 4299 caesa
3327 4244 3397 4298 sit
3436 4243 3647 4314 lugens.
3685 4244 3846 4301 Venit

2245 4333 2309 4387 ad
2338 4333 2554 4388 Samuel
2582 4335 2811 4389 alterum
2841 4335 3157 4399 Namrmum
3208 4335 3453 4401 Domini,
3504 4337 3594 4406 qui
3642 4335 3710 4390 ab
3754 4337 3837 4389 in-

2246 4423 2410 4478 fantia
2440 4426 2676 4480 nutritus
2705 4426 2757 4479 in
2780 4427 3133 4482 tabernaculo
3165 4436 3279 4491 est,
3313 4436 3367 4481 et
3397 4428 3627 4481 vestitus
3654 4424 3843 4481 Eruon

2243 4532 2378 4581 ιω),
2434 4517 2577 4587 quod
2628 4518 3040 4587 interpretatur,
3094 4519 3310 4574 vestibus
3354 4516 3543 4583 lineis;
3598 4517 3842 4590 dicitque

2245 4623 2369 4661 enin
2394 4609 2531 4664 filios
2553 4625 2878 4679 procreassc
2898 4652 2911 4673 .
2942 4627 3042 4668 nec
3067 4611 3464 4668 sacerdotalem
3492 4610 3835 4681 pudicitiam,

540 4702 673 4767 Noe,
717 4716 906 4756 omnes
943 4702 1197 4756 habuisse
1249 4714 1470 4766 uxores,
1519 4708 1573 4753 et
1612 4714 1681 4751 ex
1722 4699 1814 4753 Dei
1859 4698 2132 4753 sententia
2165 4716 2217 4776 ι)
2242 4700 2429 4755 uxoris
2460 4701 2800 4757 imminutam
2838 4718 2963 4759 esse
3011 4704 3323 4771 complexu.
3361 4702 3504 4757 Booz
3535 4717 3658 4757 cum
3689 4713 3713 4741 ο
3744 4718 3838 4758 sua

539 4795 680 4850 filios
712 4810 1022 4865 procreassc
1052 4797 1229 4866 (quasi
1259 4793 1625 4865 generationis
1654 4791 1791 4846 ordo
1821 4800 1877 4846 et
1908 4790 2135 4845 historia

537 4886 865 4941 canditionis
897 4886 1162 4951 humanm,
1206 4886 1323 4941 sine
1366 4884 1683 4955 coniugibus
1727 4894 1781 4939 et
1821 4884 2008 4939 liberis
2035 4898 2135 4953 po-

536 4980 695 5034 tucrit
724 4979 999 5051 enarrari)
1035 4998 1046 5031 :
1078 4999 1095 5030 ‹
1151 4981 1275 5044 Istc,
1306 4980 1497 5049 inquit,
1530 4986 1614 5033 est
1642 4977 1850 5043 Enoch,
1885 4978 1977 5048 qui
2010 4992 2132 5030 am-

612 5104 638 5130 ει
670 5096 902 5149 Itur-um
954 5093 1341 5147 Casauateusis
1394 5094 1529 5147 liber
1588 5091 1856 5161 praeponit
1910 5093 2127 5161 epigra-

542 5164 700 5229 phetn
737 5164 1035 5231 Disputatio
1062 5162 1094 5215 J
1104 5164 1351 5215 oriniani.

612 5233 639 5271 δ
687 5234 918 5288 Gravius
958 5234 1141 5287 mallet
1173 5232 1448 5287 Matusale.

613 5316 637 5343 ο
680 5305 830 5358 Alias
860 5314 999 5376 erat,
1033 5319 1133 5376 nec
1171 5304 1353 5376 bene,
1397 5320 1568 5357 semen
1610 5305 1910 5376 nuptiarum
1950 5305 2127 5359 dedita

536 5393 691 5449 opera
744 5375 1006 5449 perdebat.
1056 5374 1274 5449 Antiqui
1302 5374 1651 5449 libriAnnam
1683 5374 1780 5443 pro
1810 5376 1976 5429 Onam
2020 5379 2125 5430 fre-

576 5445 793 5502 nentins
850 5447 1102 5500 ell'erunt.
1159 5446 1325 5501 Reme
1396 5445 1729 5499 Veronensis
1798 5448 2000 5499 Aunom
2058 5463 2122 5501 ex

587 5534 725 5572 rmco
766 5520 925 5573 Δύνόω
974 5527 1029 5570 et
1076 5515 1213 5571 infra
1259 5516 1457 5571 Cimber
1507 5534 1603 5583 pro
1630 5516 1825 5569 "uber.
1864 5545 1936 5555 —
1985 5516 2116 5581 Quia

536 5588 687 5655 fratri
730 5588 962 5642 inridens
1008 5604 1199 5642 semen.
1269 5588 1323 5640 In
1383 5588 1573 5641 codice
1635 5602 1738 5640 ms.
1793 5588 2115 5655 Sangerma-

536 5663 687 5711 neusi
738 5662 966 5724 legimus
991 5676 1004 5713 :
1032 5660 1153 5727 quia
1184 5659 1334 5729 fratri
1383 5658 1650 5729 invidens,
1678 5666 1987 5729 sanctarum
2017 5674 2114 5708 nu-

537 5730 758 5795 ptiarum
800 5746 955 5795 opera
994 5726 1256 5796 perdebat.
1306 5730 1363 5781 ln
1402 5744 1510 5780 uno
1539 5726 1868 5796 Colbertinzc
1915 5726 2117 5780 Biblio-

540 5796 748 5860 thecas,
796 5795 1331 5867 isemen’nuptiarum
1396 5799 1450 5850 in
1504 5806 1640 5850 terra
1694 5795 1957 5865 fundebat.
2018 5798 2118 5850 Alii

538 5866 749 5917 (‘n‘lices
794 5866 975 5933 legunt
1014 5879 1073 5936 ut
1106 5866 1214 5920 nos
1261 5868 1566 5922 edidimus:
1603 5878 1839 5920 nostram
1870 5880 1998 5920 vero
2028 5882 2119 5936 ge-

622 5956 625 5971 τ
660 5946 759 5985 mm
786 5947 910 5987 esse
940 5934 1226 5986 lectionem
1259 5939 1470 6001 probari
1522 5946 1701 5997 potest.
1749 5953 1811 5989 ex
1866 5934 2121 5991 contextu

2244 4792 2388 4846 Ruth
2418 4793 2471 4848 in
2500 4809 2625 4850 area
2655 4795 2921 4864 collocat,
2960 4805 3014 4850 et
3043 4795 3217 4862 Jesse,
3246 4812 3311 4851 ac
3340 4795 3506 4851 David
3529 4793 3695 4867 2M
3715 4795 3841 4852 inde

2246 4887 2512 4958 producit.
2544 4887 2721 4959 Ipsum
2768 4905 2986 4961 quoque
3017 4888 3183 4944 David
3221 4887 3239 4927 τ
3260 4890 3509 4944 ducentis
3537 4888 3834 4959 praeputiis,

2247 4978 2407 5034 etiam
2440 4994 2562 5033 cum
2596 4990 2621 5027 ις
2650 4982 2777 5035 vitae
2805 4982 3066 5051 periculo,
3097 4983 3243 5052 regis
3267 4981 3391 5037 tilize
3416 4982 3679 5052 quaesisse
3707 4996 3838 5036 con-

2232 5090 2374 5146 LXX
2421 5092 2808 5159 lnterpretum,
2864 5092 3065 5150 Cenes.
3126 5110 3379 5149 xxxvnt:
3434 5095 3615 5151 Sciens
3663 5106 3829 5149 autem

2233 5163 2455 5225 Annam,
2486 5163 2607 5230 quia
2636 5180 2736 5234 non
2765 5164 2862 5217 sibi
2890 5176 2995 5219 erat
3026 5182 3265 5220 semen...
3298 5166 3483 5233 effudit
3525 5183 3681 5234 super
3731 5178 3831 5219 ter-

2229 5250 2378 5297 ram;
2408 5232 2964 5307 ut_non_duretsemen
2997 5236 3150 5305 fratri
3192 5253 3285 5291 suo
3337 5232 3614 5293 luvidebat
3664 5238 3825 5307 igitur

2230 5320 2417 5360 semen
2456 5304 2631 5368 fratri,
2662 5315 2718 5357 et
2744 5306 2867 5360 ideo
2896 5304 3207 5375 nuptiarum
3239 5324 3405 5378 opera
3441 5304 3721 5377 perdebat.

3310 5380 3583 5435 MARTIAN.

2233 5442 2463 5570 EdQlSic
2490 5445 2712 5515 corrigit
2742 5446 2970 5502 Vallars.
3005 5466 3017 5502 :
3046 5448 3295 5504 Martian.
3322 5466 3375 5516 v,
3402 5453 3470 5507 10
3493 5452 3655 5506 habet
3685 5452 3832 5523 quia.

2322 5537 2333 5570 l
2366 5557 2379 5570 .

2322 5521 2379 5571 ξι.

2302 5599 2325 5625 ε’
2367 5588 2421 5643 1η
2454 5589 2574 5643 aliis
2608 5588 2758 5643 libris
2804 5606 2919 5643 cum
2965 5608 3111 5644 serva
3136 5591 3301 5647 Ruth.

2306 5658 2586 5713 fDucentis
2616 5662 2900 5731 prwputiis.
2927 5661 3087 5715 Falso
3118 5665 3169 5716 in
3200 5662 3361 5719 editis
3390 5664 3604 5720 Erasm.
3629 5674 3687 5720 et
3715 5664 3828 5719 Ma-

2226 5730 2363 5783 rian.
2396 5730 2621 5800 legimus
2650 5742 2848 5784 centum
2879 5734 3169 5801 prtcputiir,
3206 5749 3329 5787 cum
3377 5733 3579 5789 fuerint
3626 5734 3833 5792 ducen-

2226 5808 2405 5854 torum
2437 5808 2673 5853 virorum
2705 5807 2965 5871 praeputia
2994 5817 3373 5859 annnmerata.
3410 5807 3699 5861 Maurus.-

2301 5882 2323 5916 ις
2369 5872 2421 5947 In
2458 5872 2629 5926 tribus
2656 5875 2853 5925 nostris
2894 5888 3024 5927 mss.
3069 5873 3228 5927 etiam
3258 5891 3373 5929 cum
3418 5877 3673 5947 periculo,
3706 5880 3832 5935 alia

2228 5957 2333 6007 truc
2364 5944 2493 5993 ritur.
2528 5997 2533 6001 ,
