4062 6402
642 18 875 41 q'ﬁ—m—
888 31 959 41 -
978 32 1021 39 ..-
1090 22 1113 23 νγ
1128 22 1135 25 “
1258 26 1265 29 ⁸
1326 28 1331 29 ⁷
1396 28 1407 29 7
1666 42 1711 45 _

606 488 712 543 2l9

1829 485 1887 539 S.
1936 485 2201 543 EUSEBII
2240 487 2623 546 HIERONYMI

3797 488 3922 546 220

607 606 809 669 lmbeat,
839 604 940 660 nisi
985 606 1361 675 praemisisset,
1404 618 1615 677 propter
1656 613 2050 681 fornicationem
2101 630 2192 668 att-
2222 618 2269 678 Α
2300 646 2445 703 sum,
2470 649 2536 689 an
2574 634 2654 688 eis
2683 632 2847 687 liceat
2874 642 3077 685 οχοτρε
3115 628 3415 695 dimittere,
3446 630 3593 701 quod
3636 638 3692 685 et
3720 630 3920 685 Domi-

606 706 725 751 tem.
754 697 907 751 Tolle
936 696 1373 765 fornicationem,
1404 708 1459 755 et
1506 716 1612 757 non
1653 703 1819 768 dicet,
1848 709 2203 778 unusquisque

606 803 817 843 uxorem
849 805 997 843 suam
1028 790 1228 844 habeat.
1261 792 1416 847 Velut
1442 793 1487 848 sl
1529 797 1649 863 quis
1680 796 1909 852 deﬁniat
1942 818 1953 852 :
1990 799 2197 855 Bonum

604 894 687 939 est
716 884 926 939 triticeo
953 895 1087 953 rane
1112 886 1275 950 vesci,
1303 895 1359 940 et
1379 886 1543 943 edere
1566 890 1913 958 purissimam
1939 892 2196 948 similam.

605 974 811 1031 Tamen
857 990 924 1030 ne
959 977 1082 1046 quis
1126 980 1441 1047 compulsus
1494 961 1637 1037 fame
1690 982 1939 1038 comedat
1986 992 2200 1039 stercus

604 1066 887 1133 bubulum,
917 1069 1163 1122 concedo
1209 1068 1283 1135 ei,
1319 1078 1378 1125 ut
1418 1081 1674 1128 vescatur
1710 1082 1766 1128 et
1798 1074 2027 1129 hordeo.
2063 1075 2196 1130 Num

609 1161 811 1215 idcirco
858 1162 1185 1217 frumentum
1219 1177 1324 1218 non
1364 1163 1588 1220 habebit
1620 1168 1909 1236 puritatem
1946 1183 2122 1233 suam,
2153 1170 2197 1223 si

610 1253 737 1308 limo
766 1252 1031 1308 hordeum
1072 1254 1425 1323 praéferatur?
1453 1258 1659 1312 Bonum
1694 1268 1778 1313 est
1816 1260 1948 1315 illttd
1976 1270 2197 1315 natura-

608 1344 757 1409 liter,
789 1350 935 1415 quod
977 1346 1446 1417 comparationem
1499 1363 1604 1404 non
1662 1350 1823 1406 habet
1872 1352 2021 1418 mali,
2053 1353 2197 1423 quod

605 1437 924 1505 praelationo
966 1436 1191 1491 alterius
1223 1452 1328 1493 non
1358 1439 1737 1497 obumbratur.
1771 1441 2053 1514 Simulque
2078 1443 2199 1499 aui-

603 1528 993 1582 tnadvertenda
1026 1538 1109 1585 est
1137 1531 1381 1599 Apostoli
1410 1531 1719 1602 prudentia.
1755 1532 1871 1589 Non
1910 1535 2063 1599 dixit,
2099 1536 2199 1592 bo-

605 1636 730 1675 nmn
763 1634 845 1677 ρει
876 1638 1101 1679 uxorem
1131 1640 1238 1680 non
1271 1626 1474 1682 habere
1508 1644 1520 1680 :
1555 1630 1670 1695 sed,
1693 1628 1881 1683 bonum
1910 1640 1982 1686 est
2012 1633 2196 1687 mulio.

603 1730 711 1768 rent
756 1732 858 1771 non
888 1725 1095 1786 tangere
1120 1730 1138 1770 :
1168 1719 1322 1785 quasi
1355 1726 1408 1775 et
1450 1720 1500 1773 in
1544 1729 1684 1776 tactu
1725 1722 2026 1792 periculum
2076 1724 2146 1779 sit
2180 1741 2192 1779 :

602 1807 755 1877 quasi
807 1806 898 1879 qui
937 1808 1082 1863 illam
1129 1812 1390 1881 tetigerit,
1429 1828 1534 1867 non
1580 1814 1797 1879 evadat,
1824 1830 1940 1884 qua:
1967 1817 2197 1872 virorum

601 1902 853 1966 pretiosas
899 1902 1101 1955 animos
1141 1909 1167 1939 ι
1208 1904 1370 1972 rapit,
1419 1920 1539 1974 qua:
1583 1904 1715 1960 facit
1762 1907 2191 1963 adolescentium

2305 742 2407 783 nus
2470 727 2521 781 in
2574 722 2873 794 Evangelia
2924 722 3225 793 prohibuit.
3278 722 3433 779 Unde
3481 730 3539 778 et
3576 724 3913 793 Apostolus,

2305 816 2510 873 Bonum
2552 826 2625 871 est
2671 814 2889 879 homini,
2928 815 3026 879 ait,
3060 812 3079 851 τ
3108 828 3322 869 uxorem
3365 830 3467 869 non
3519 825 3747 888 tang:re.
3794 815 3918 871 Sed

2302 909 2427 984 quia
2456 911 2546 981 qui
2587 909 2757 963 semel
2805 906 2957 961 duxit
2994 920 3246 971 uxorem,
3280 907 3383 961 nisi
3411 920 3477 962 ex
3510 922 3806 972 consensu,
3837 922 3914 964 se

2302 1018 2407 1057 non
2427 1001 2564 1056 valet
2586 1001 2882 1066 abstinere,
2900 1012 3000 1054 nec
3022 999 3152 1054 dare
3173 999 3462 1068 repudium
3490 1011 3597 1054 non
3626 1003 3915 1070 peccautl,

2303 1096 2493 1152 reddat
2520 1096 2734 1167 conjugi
2763 1097 3008 1153 debitum
3046 1114 3059 1150 :
3090 1108 3285 1167 Sponte
3314 1100 3519 1168 quippe
3547 1112 3605 1153 se
3628 1098 3911 1166 alligavit,

2302 1199 2361 1245 ιιι
2389 1189 2622 1247 reddere
2662 1202 2971 1261 cogeretur.
3000 1187 3179 1243 Nolite
3220 1188 3469 1258 fraudare
3512 1189 3765 1255 invicem;
3796 1190 3913 1245 nisi

2302 1289 2435 1356 forte
2474 1302 2539 1341 ea:
2566 1302 2818 1341 consensu
2849 1286 2918 1337 ad
2944 1294 3161 1357 tentpus,
3192 1292 3247 1337 ut
3294 1285 3477 1338 vacetis
3508 1286 3749 1340 orationi.
3781 1285 3904 1341 Oro

2302 1390 2355 1437 te
2380 1382 2540 1453 quale
2572 1380 2705 1437 illud
2735 1380 2936 1435 bonum
2963 1388 3067 1446 est,
3093 1378 3238 1450 quod
3262 1390 3419 1435 orare
3443 1379 3696 1449 prohibet
3716 1379 3914 1451 lquod

2299 1490 2497 1547 corpus
2544 1475 2749 1531 Christi
2779 1486 2804 1523 ε
2834 1475 3083 1546 accipere
3132 1489 3241 1530 non
3299 1475 3600 1546 permittit?
3629 1475 3913 1544 Quamdiu

2300 1566 2499 1638 impleo
2532 1568 2711 1622 mariti
2745 1566 3133 1634 olilcium,non
3157 1562 3185 1603 ιι
3212 1568 3411 1637 impleo
3438 1567 3914 1624 continentisluo

2300 1661 2385 1715 bel
2410 1660 2552 1716 idem
2582 1660 2874 1732 Apostolus
2906 1662 2958 1715 in
2983 1660 3092 1715 alio
3125 1658 3301 1735 loco(l
3336 1658 3518 1716 Thess.
3548 1661 3655 1733 v.),
3675 1673 3733 1717 ut
3758 1676 3912 1719 sem~

2299 1768 2396 1822 per
2418 1766 2663 1809 oremus.
2686 1753 2741 1809 Si
2772 1766 2991 1824 semper
3021 1754 3287 1808 orandum
3315 1764 3422 1821 est,
3441 1769 3738 1825 numquam
3768 1770 3911 1825 ergo

2297 1845 2552 1917 coniugio
2577 1843 2943 1913 serviendum,
2970 1846 3227 1915 quoniam
3256 1846 3709 1917 quotiescumque
3738 1848 3910 1906 uxori

2299 1936 2540 1991 debitum
2566 1935 2755 2001 reddo,
2786 1951 2949 1993 orare
2977 1950 3084 1993 non
3109 1951 3353 2009 possum.
3384 1936 3577 1992 Petrus
3598 1937 3909 2009 Apostolus

601 1992 820 2048 evolare
851 1994 1017 2049 corda
1051 2010 1063 2048 ι
1099 1995 1342 2066 Alligabit
1372 1997 1487 2066 quis
1521 1998 1575 2051 in
1604 1999 1722 2053 sinu
1771 2000 1964 2070 ignem,
1998 2012 2045 2054 et
2092 2018 2182 2056 non

2298 2028 2737 2097 experimentum
2756 2028 2962 2084 habens
2993 2029 3365 2099 conjugalium
3385 2028 3746 2094 vinculorum,
3774 2032 3909 2089 vide

597 2088 974 2142 comburetur.’
1017 2096 1107 2141 aut
1150 2090 1431 2145 ambulabit
1480 2107 1634 2162 super
1680 2093 1923 2148 carbones
1963 2095 2119 2164 ignis,
2144 2106 2193 2150 et

596 2192 697 2231 non
744 2180 941 2233 ardebit
968 2177 1148 2252 (Prov.
1180 2194 1257 2247 rt,
1286 2183 1376 2250 ‘27,
1408 2185 1539 2253 28)?
1570 2184 1858 2253 Quomodo
1906 2188 2068 2258 igitur
2095 2189 2188 2258 qui

594 2271 772 2338 ignem
819 2272 1101 2343 tetigerit,
1154 2276 1336 2329 statim
1394 2277 1642 2331 aduritur
1675 2294 1687 2331 :
1723 2280 1795 2332 ita
1852 2280 1949 2334 viri
2016 2290 2190 2337 tactus

594 2371 651 2415 et
700 2361 917 2417 feminae
968 2364 1138 2420 sentit
1195 2375 1448 2422 naturam
1496 2384 1674 2435 suam,
1706 2382 1759 2425 et
1811 2371 2187 2429 diversitatem

593 2467 757 2509 sexus
781 2456 1055 2527 intelligit.
1088 2457 1324 2515 Narrant
1348 2470 1403 2515 et
1431 2464 1715 2531 gentilium
1750 2463 1776 2502 ι)
1802 2464 1998 2519 fabula!
2030 2466 2189 2539 247

596 2546 849 2601 Mithram
894 2558 949 2603 et
995 2548 1435 2616 Erichthonium,
1468 2555 1549 2609 vel
1623 2556 1675 2609 in
1712 2566 1735 2595 ο
1763 2556 1960 2627 lapide,
1991 2561 2076 2615 vel
2134 2561 2188 2617 ιιι

594 2649 763 2706 terra,
788 2639 858 2696 de
887 2642 1006 2697 solo
1026 2651 1160 2698 astu
1190 2645 1432 2701 libidinis
1462 2662 1584 2702 esse
1610 2660 1923 2719 generatos.
1956 2651 2111 2709 Unde
2136 2662 2192 2709 et

594 2742 783 2787 noster
810 2732 1039 2802 Joseplt,
1062 2737 1191 2805 quia
1232 2746 1455 2809 tangere
1483 2754 1607 2793 eum
1659 2742 1875 2797 volebat
1912 2744 2186 2816 Aﬁgyptia,

593 2824 729 2894 fugit
759 2842 827 2880 ex
863 2829 1115 2883 manibus
1140 2830 1278 2899 ejus,
1314 2842 1371 2887 et
1401 2836 1553 2901 quasi
1586 2834 1653 2887 ad
1687 2850 1928 2892 morsum
1956 2840 2189 2895 rabidis-

590 2918 743 2970 simte
799 2921 977 2984 canis,
1010 2936 1079 2975 ne
1135 2923 1393 2990 paulatim
1452 2925 1600 2979 virus
1654 2936 1921 2997 serperet,
1964 2931 2188 3000 pallium

593 3010 740 3079 quod
781 3013 1056 3083 tetigerat,
1085 3014 1308 3084 abjecit.
1340 3016 1567 3085 Propter
1596 3021 1990 3091 [mirationem
2015 3036 2189 3082 autem

592 3104 945 3177 unusquisque
965 3123 1175 3162 uxorem
1196 3125 1344 3164 suam
1375 3111 1577 3177 habeat,
1613 3123 1658 3167 et
1680 3128 1996 3187 unaquaeque
2021 3118 2187 3174 viratu

590 3213 742 3250 suum
770 3197 972 3253 habent.
1004 3200 1121 3255 Non
1146 3202 1303 3266 dixit,
1331 3214 1551 3275 propter
1577 3204 1996 3264 fornicationem
2026 3222 2184 3267 unus-

587 3292 818 3362 quisque
845 3293 1007 3350 ducat
1037 3313 1304 3363 uxorem;
1332 3300 1570 3371 alioquin
1598 3302 1698 3359 hac
1723 3306 2080 3361 excusatione
2124 3308 2186 3363 li-

2294 2120 2566 2191 quomodo
2591 2120 2847 2176 informet
2875 2121 3200 2182 Ecclesium.
3249 2122 3377 2190 quid
3407 2120 3600 2177 doceat
3625 2121 3909 2177 Christia-

2294 2228 2425 2269 nos:
2457 2213 2712 2268 Similiter
2742 2214 2839 2267 viri
2867 2214 3219 2269 cohobitantes
3241 2218 3400 2288 juxta
3428 2216 3721 2283 scientiam,
3746 2219 3908 2288 quasi

2289 2303 2566 2371 inﬁrmiori
2593 2304 2801 2358 vasculo
2824 2306 3063 2360 muliebri
3080 2306 3363 2360 tribuentes
3377 2304 3541 2378 258
3554 2307 3823 2375 honorem,
3852 2318 3903 2365 et

2293 2395 2422 2449 sicut
2455 2396 2745 2449 cohwredes
2776 2397 3074 2466 multiplicis
3105 2399 3307 2470 gratite,
3337 2406 3515 2451 utnon
3544 2398 3906 2468 impediantur

2295 2492 2551 2543 orationes
2583 2498 2761 2543 vestrm
2783 2490 2825 2562 (l
2850 2490 2962 2545 Pet.
2982 2506 3061 2556 ιιι,
3094 2493 3317 2561 7).Ecce
3337 2492 3529 2548 eodem
3555 2507 3741 2561 sensu,
3766 2498 3901 2567 quia

2292 2580 2484 2636 eodem
2510 2588 2564 2635 et
2584 2581 2801 2649 spiritu,
2825 2582 3074 2651 impediri
3096 2582 3519 2639 dicitoratinnes
3548 2585 3729 2640 ollicio
3757 2602 3902 2643 con-

2287 2673 2473 2743 jugali.
2500 2673 2656 2739 Quod
2686 2685 2865 2729 autem
2890 2674 2986 2740 ait,
3012 2676 3271 2743 similiter,
3298 2677 3501 2733 idcirco
3530 2676 3598 2732 ad
3629 2678 3903 2735 imitatio-

2292 2777 2412 2816 nem
2439 2774 2693 2833 provocat
2724 2765 2884 2830 viros,
2918 2766 3042 2836 quia
3064 2766 3174 2835 jam
3207 2780 3372 2837 supra
3400 2768 3665 2823 uxoribus
3685 2784 3903 2839 praece-

2293 2863 2467 2923 perat,
2498 2854 2687 2909 dicens
2714 2872 2726 2909 :
2759 2856 2826 2910 Ut
2849 2857 3053 2910 videant
3084 2858 3183 2911 viri
3212 2859 3265 2912 in
3296 2860 3481 2914 timore
3531 2869 3728 2915 castam
3767 2879 3897 2917 ves-

2292 2957 2422 2999 tram
2449 2949 2899 3014 conversationem,
2926 2965 3146 3019 quarum
3188 2952 3252 3004 sit
3289 2966 3391 3005 non
3421 2953 3643 3006 exterius
3676 2968 3901 3025 compo-

2290 3037 2409 3088 sitio
2461 3038 2701 3103 crinium,
2735 3048 2783 3091 et
2833 3038 3098 3093 distinctio
3156 3041 3295 3105 auri,
3334 3051 3382 3094 et
3436 3042 3490 3095 in
3538 3042 3681 3096 cultu
3734 3044 3898 3099 vestis

2293 3136 2536 3194 ornatus;
2562 3130 2651 3182 sed
2695 3129 3033 3183 absconditus
3076 3130 3249 3185 cordis
3298 3134 3475 3199 homo,
3506 3134 3557 3187 in
3609 3135 3897 3208 incorrup-

2290 3221 2429 3273 tione
2481 3220 2620 3274 mitis
2663 3230 2713 3275 et
2761 3223 2962 3276 silentis
3010 3224 3247 3294 spiritus.
3286 3223 3398 3278 Hoc
3431 3236 3505 3279 est
3544 3241 3719 3279 coram
3774 3227 3899 3283 Deo

2294 3312 2497 3379 placens
2523 3310 2690 3386 (Ibid.
2717 3315 2773 3381 2,
2807 3312 2888 3383 '5).
2930 3314 3145 3378 Cernis,
3175 3316 3338 3386 quale
3382 3316 3699 3388 conjugium
3744 3320 3898 3375 inter

590 3383 761 3439 bidiui
788 3386 937 3441 frena
970 3388 1230 3457 laxasset,
1266 3400 1321 3446 ιιι
1347 3396 1799 3467 quatiescumque
1840 3414 1977 3453 uxor
2013 3398 2181 3457 moriv
2211 3411 2255 3472 ρ
2291 3405 2434 3458 viros
2460 3383 2764 3476 uxoresque
2787 3383 3523 3477 prtecipiattCohabitantes
3541 3383 3693 3481 jvuxta
3710 3414 3897 3469 scien-

588 3489 711 3545 tttr,
748 3483 909 3537 toties
960 3483 1205 3540 ducenda
1255 3488 1325 3540 sit
1371 3488 1498 3554 alia,
1537 3505 1604 3545 ne
1654 3491 2027 3559 fornicemur;
2080 3496 2178 3551 sed

586 3574 940 3644 unusquisque
978 3592 1189 3632 uxorem
1218 3595 1364 3633 suam
1394 3582 1595 3636 habeat.
1630 3584 1817 3651 Suam,
1854 3586 2048 3657 inquit,
2081 3590 2180 3643 ha-

587 3664 731 3725 beat.
763 3682 859 3721 sua
893 3677 1091 3733 utatur,
1118 3686 1278 3739 quam
1313 3672 1544 3727 habebat
1587 3682 1875 3747 antequam
1908 3679 2179 3748 crederet,

583 3771 743 3826 quam
799 3758 1001 3814 bomtm
1066 3770 1187 3815 erat
1228 3759 1254 3797 ἀ
1295 3778 1399 3817 non
1446 3773 1690 3834 tangere,
1741 3776 1794 3823 et
1854 3779 1977 3839 post
2014 3771 2177 3827 tidem

582 3849 785 3906 Christi
828 3867 1074 3909 sororem
1111 3863 1321 3910 tantum
1361 3873 1541 3925 nosse,
1573 3875 1678 3914 non
1720 3863 2031 3934 coniugem,
2070 3865 2173 3921 nisi

584 3941 871 3999 fornicatio
919 3955 1122 4001 tactum
1169 3947 1290 4016 ejus
1340 3952 1714 4007 excusabilem
1769 3954 1995 4011 faceret.
2032 3956 2179 4013 Uxor

581 4034 781 4105 proprii
806 4038 1041 4108 corporis
1069 4055 1171 4092 non
1202 4038 1351 4094 habet
1380 4052 1698 4113 potestatem,
1722 4046 1813 4100 sed
1845 4048 1940 4103 vir.
1971 4048 2147 4104 Simili
2163 4080 2176 4092 -

581 4136 656 4182 ter
678 4138 725 4181 et
765 4131 842 4183 vir
874 4132 957 4185 sui
987 4133 1218 4203 corporis
1247 4148 1347 4188 non
1374 4134 1524 4191 habet
1548 4148 1869 4208 potestatem,
1903 4142 1994 4196 sed
2022 4158 2175 4198 uxor.

577 4219 765 4276 Omnis
808 4223 922 4279 btec
963 4224 1192 4295 quaastio
1220 4226 1289 4283 de
1317 4226 1400 4282 bis
1428 4238 1512 4284 est
1543 4239 1567 4267 θ
1591 4233 1681 4301 qui
1727 4233 1779 4289 in
1816 4235 2165 4292 matrimonio

652 4465 677 4495 ⁸
717 4456 944 4515 Codices
975 4462 1143 4516 nostri
1171 4477 1384 4528 omnes,
1433 4472 1486 4520 et
1526 4472 1679 4521 vetus
1729 4478 1944 4537 quoque
1991 4464 2162 4523 editio

652 4529 733 4586 ait.
759 4529 904 4586 iuxta
936 4530 1181 4586 Grmcum
1214 4536 1437 4586 ἁνοεύει.

577 4536 733 4587 capit,
759 4536 904 4587 iuxta
936 4536 1181 4587 Grmcum
1214 4536 1437 4587 ἀγρεύει.

639 4540 904 4633 paulula
936 4540 1181 4616 (inretttn
1214 4540 1454 4619 ἀγρεύει..
1656 4607 1668 4619 ⁸
1874 4608 1883 4619 .

714 4599 927 4655 Pabula:
969 4601 1215 4659 Mtthram
1264 4616 1311 4659 et
1360 4605 1775 4659 Erichthonium.
1830 4605 1883 4663 St
1926 4616 2166 4665 exstaret

581 4668 847 4735 Eubulus,
895 4676 984 4740 qui
1024 4676 1301 4731 historiam
1335 4677 1542 4731 Mithrae
1571 4678 1758 4732 multis
1803 4679 2166 4736 Voluminibtts

579 4741 892 4820 explicavit.
945 4745 1098 4820 facile
1146 4748 1572 4815 iutclligeremus
1628 4755 1900 4820 quomodo
1943 4750 2166 4811 Mithras

578 4811 957 4890 tl_t_:_solo_a_tsttt
994 4816 1230 4873 libidinis
1274 4811 1348 4874 sit
1387 4811 1695 4890 generatus.
1742 4820 1847 4876 Sed
1880 4821 1993 4876 haec
2024 4820 2166 4877 Geu-

579 4882 753 4938 lilittttt
787 4884 962 4941 fabula
998 4903 1093 4943 nec
1124 4892 1297 4956 nobis,
1331 4882 1428 4946 mil:
1462 4892 1592 4945 viris
1620 4892 1795 4947 doctis
1835 4894 1967 4946 satis
1995 4894 2172 4950 adhuc

576 4966 877 5025 comperta.
900 4958 974 5013 De
1004 4958 1368 5027 Erichthonio,
1398 4963 1511 5018 sive
1540 4961 1842 5027 Erichtheo,
1862 4964 2008 5018 nulla
2028 4965 2169 5018 dil‘ti-

576 5030 749 5084 cultas
785 5047 798 5083 :
839 5032 1044 5086 scimus
1090 5036 1234 5088 enim
1279 5036 1431 5090 illum
1478 5037 1742 5091 creditum
1790 5036 1956 5090 fuisse
1998 5036 2165 5095 tilium

584 5098 976 5173 Vulcaniaqui.
998 5119 1118 5157 cum
1140 5104 1377 5161 Minerva
1400 5107 1743 5173 colluctaret,
1768 5122 1957 5163 semen
1985 5107 2034 5160 in
2064 5120 2168 5163 ter-

580 5183 691 5222 ram
727 5172 1033 5237 pmfudisso
1055 5173 1282 5235 dicitur;
1314 5187 1472 5244 atque
1496 5177 1619 5231 inde
1646 5172 1850 5233 editum
1872 5192 1995 5233 esse
2017 5178 2169 5233 aiunt

579 5244 1154 5318 puerum‘drnconum
1189 5246 1438 5318 pedibus,
1480 5259 1626 5312 etc.;
1671 5252 1875 5318 primus
1920 5251 2169 5309 inventor

576 5312 791 5389 urgenti
823 5313 920 5368 fttit
946 5324 1000 5389 et
1029 5329 1239 5373 currus.
1273 5317 1402 5373 Vide
1425 5319 1578 5373 Ovid.
1605 5312 1698 5379 ltb'.
1726 5336 1761 5377 ιι
1785 5322 2164 5389 Μθιιιιιιυηιιι.;

578 5394 629 5436 ct
664 5383 909 5439 Lactant.
945 5385 1035 5440 lib.
1064 5402 1129 5441 ll.
1179 5403 1296 5454 cap.
1348 5389 1451 5453 l7;
1499 5398 1554 5445 et
1598 5391 1842 5446 Servium
1890 5393 1943 5447 itt
1993 5383 2085 5447 lib.
2115 5383 2171 5453 ιιι

579 5455 779 5526 Georg.
815 5456 1046 5526 Virgilti.
1084 5458 1349 5515 Maurus.

652 5539 673 5567 ο
719 5528 1223 5599 Mitltramelapitle
1265 5541 1586 5599 generatum
1636 5534 1833 5586 docent
1861 5532 2172 5599 Scriptores

576 5600 784 5669 antiqui
822 5603 1020 5665 passim
1050 5617 1063 5655 :
1093 5612 1322 5670 crotone
1352 5604 1580 5659 solenne
1621 5604 1751 5658 illud
1788 5604 1839 5658 iu
1872 5603 2169 5659 Mithriacis

580 5673 853 5749 mysteriis
882 5690 893 5725 :
926 5674 1049 5734 Θεὸς
1079 5674 1133 5749 ix
1158 5675 1376 5749 πέτρᾳς.
1410 5673 2001 5749 νιιι-ιδιὶιιιιξ-ἰιιιυὶθΙ-υειι
2045 5689 2166 5728 cum

580 5740 879 5810 Tripltoue,
912 5744 1144 5811 quando,
1183 5740 1374 5813 tnq'uit,
1402 5745 1502 5807 illi,
1534 5747 1619 5813 qui
1650 5742 1857 5797 Mithrw
1880 5740 2029 5813 initia
2056 5753 2164 5795 tra-

579 5814 729 5873 dunt,
757 5827 785 5863 e
806 5824 948 5881 petra
979 5832 1094 5868 eum
1146 5812 1323 5868 natum
1353 5831 1459 5870 esse
1488 5812 1793 5870 memorant.
1828 5813 1895 5871 Et
1922 5812 2174 5871 Commo-

586 5881 786 5935 dianus
808 5884 902 5937 ltb.
934 5884 1281 5939 lttstrttctiott.
1318 5905 1331 5941 :

680 5991 902 6044 Invictus
922 5992 988 6041 de
1010 6000 1150 6056 petra
1174 6002 1320 6048 natus
1336 6000 1379 6049 si
1403 5999 1541 6051 Deus
1563 6000 1773 6057 habetur
1792 6039 1807 6065 ,

2290 3498 2439 3561 tiam,
2466 3510 2523 3552 ut
2551 3500 2805 3553 noverint
2830 3499 2955 3569 quid
2988 3500 3137 3566 velit,
3167 3502 3294 3572 quid
3326 3502 3605 3558 desideret
3632 3504 3803 3570 Deus,
3832 3516 3896 3562 ut

2289 3589 2525 3644 tribuant
2568 3590 2828 3646 honorem
2886 3594 3105 3648 vasculo
3137 3595 3412 3650 muliebri.
3446 3597 3501 3650 Si
3534 3596 3892 3657 abstinemus

2288 3696 2386 3737 uos
2435 3697 2462 3735 a
2505 3684 2674 3747 coitu,
2709 3685 2971 3740 honorem
3006 3686 3292 3741 tribuimus
3328 3689 3593 3743 uxoribus
3632 3706 3644 3743 :
3678 3690 3722 3744 si
3760 3705 3882 3748 non

2286 3774 2641 3843 abstinemus,
2675 3778 3021 3848 perspicuum
3048 3790 3129 3834 est
3161 3780 3354 3837 honori
3392 3784 3732 3838 contrariam
3759 3800 3891 3842 esse

2285 3870 2792 3925 contttmeliatu.Ad
2823 3887 3027 3927 uxores
3053 3889 3292 3944 quoque,
3329 3874 3396 3929 Ut
3422 3877 3650 3939 videant,
3682 3878 3885 3947 inquit,

2293 3962 2306 4000 ί
2338 3965 2436 4019 viri
2483 3977 2673 4020 costam
2714 3969 3149 4022 conversationem
3181 3978 3420 4036 vestram,
3450 3979 3498 4024 et
3527 3980 3774 4026 ornatum
3826 3974 3885 4028 its

2283 4059 2585 4113 abscondito
2623 4059 2794 4113 cordis
2840 4060 3120 4128 hominem,
3154 4062 3208 4114 in
3234 4062 3623 4130 incorruptione
3651 4064 3793 4119 mitis
3832 4073 3886 4120 οι

2280 4150 2478 4204 silentis
2502 4151 2730 4220 spiritus.
2767 4149 2812 4207 Ο
2851 4168 2979 4207 vere
3001 4152 3166 4222 digna
3196 4168 3294 4208 vos
3316 4153 3601 4225 Apostolo.
3630 4164 3687 4211 et
3715 4156 3882 4212 Petra

2281 4237 2504 4296 Christi.
2538 4242 2747 4298 Meritis
2774 4244 3145 4316 uxoribusque
3183 4245 3277 4300 dat
3304 4247 3503 4318 legem,
3534 4256 3589 4304 et
3615 4249 3885 4307 damnato

2362 4469 2497 4535 Dione
2517 4482 2638 4535 ergo
2659 4475 2799 4535 retro
2820 4484 2905 4522 vos
2927 4473 2990 4521 de
3018 4472 3125 4523 istis
3146 4472 3260 4522 date
3286 4472 3530 4535 priorem;

2361 4526 2487 4582 Vicit
2510 4526 2652 4596 peira
2676 4532 2851 4595 Deum,
2876 4535 3174 4598 quaerendus
3198 4526 3458 4596 est'petras
3481 4526 3700 4583 creator.

2271 4639 2345 4693 De
2380 4639 2731 4695 Erichthonio
2758 4641 2934 4695 fabula
2959 4650 3041 4695 est
3070 4641 3267 4695 notior.

2340 4712 2365 4746 α
2412 4714 2728 4767 Amavimus
2761 4713 2885 4767 hinc
2913 4727 3099 4766 vocem
3126 4726 3362 4775 umorem,
3388 4726 3509 4779 quae
3539 4711 3673 4765 falso
3698 4710 3878 4766 intru-

2271 4781 2519 4846 debttur,
2552 4799 2650 4838 nec
2674 4785 2724 4836 in
2750 4784 2861 4838 ullo
2893 4790 3199 4837 nostrorum
3258 4784 3535 4849 codicum,
3565 4792 3658 4838 aut
3689 4782 3867 4838 veteri

2196 4884 2250 4943 Β
2278 4854 2516 4943 editione
2546 4855 2795 4943 habetur.

2350 4934 2373 4961 ⁸
2413 4924 2816 4991 Casanatt-usis,
2846 4926 2933 4995 qui
2954 4927 3007 4979 in
3040 4924 3367 4980 matrimonio
3390 4935 3509 4981 sunt
3539 4922 3868 4997 deprehensi,

2275 5012 2363 5057 an,
2394 5009 2499 5052 Clt‘.

2354 5066 2371 5104 τ
2414 5068 2557 5124 ldem
2580 5082 2701 5122 cum
2727 5070 2894 5124 veteri
2923 5067 3183 5131 editione,
3232 5082 3288 5127 et
3314 5069 3538 5134 rectius,
3574 5066 3863 5133 mulierem,

2278 5153 2383 5193 tt0u
2412 5156 2641 5195 tutorem.
2846 5150 2849 5151 ⁷

2350 5220 2373 5280 Β
2418 5211 2545 5280 l'lrat
2571 5210 2756 5280 accipi.
2780 5209 3133 5265 renuentibus
3166 5223 3297 5264 mss.

2348 5278 2375 5317 ιι
2407 5278 2607 5347 lmpleo
2633 5278 2960 5337 continentis.
2998 5282 3185 5335 Plures
3216 5295 3347 5333 mss.
3377 5282 3598 5337 codices
3634 5282 3871 5336 retinent

2276 5352 2584 5405 continentis
2614 5366 2819 5407 vocent.
2848 5368 2944 5423 pro
2969 5354 3132 5406 verbo
3163 5350 3469 5414 Christiani.
3501 5354 3641 5421 quod
3676 5354 3869 5423 legitur

2272 5424 2414 5493 apud
2446 5423 2754 5487 Erasmum,
2786 5435 2839 5478 et
2866 5422 2919 5478 itt
2955 5424 3138 5495 paucis
3169 5425 3575 5493 exetuplnrilms
3602 5438 3733 5478 mss.

3378 5495 3644 5550 Maurus.

2354 5564 2365 5602 ί
2416 5564 3022 5632 Πριιιιοϐιιςιιηιιτθιιαὶε,
3048 5565 3276 5627 rideant,
3306 5566 3492 5635 inquit.
3518 5568 3570 5620 in
3592 5566 3772 5620 timore
3783 5580 3867 5617 ca-

2270 5648 2423 5699 stam,
2443 5648 2546 5692 etc.
2573 5636 2778 5691 Deiude
2800 5638 2855 5691 in
2875 5636 3175 5689 abscondito
3200 5636 3372 5689 cordis
3396 5637 3601 5691 homine
3626 5649 3755 5707 pttlo
3784 5636 3864 5689 Ie-

2270 5710 2529 5780 gendutu,
2556 5723 2653 5779 pro
2678 5708 2954 5780 hominem,
2982 5720 3034 5760 et
3068 5720 3257 5780 vorem
3312 5717 3556 5780 ornatum
3612 5710 3864 5780 substan-

2280 5777 2388 5836 tive
2413 5777 2582 5848 accipi
2606 5782 2821 5832 debere.
2852 5778 3039 5833 Graice
3084 5778 3290 5849 γόσμον.
3322 5777 3658 5849 Sttﬂrttgatttr
3700 5777 3865 5849 Vero:

2284 5854 2470 5906 nensis
2501 5844 2604 5905 uis.
2658 5848 3150 5913 etueudatissimus,
3179 5844 3356 5919 atque
3394 5844 3525 5919 ipso
3553 5844 3864 5929 Hieronymi

2279 5931 2583 5979 οοιιιθιιιιε.
