4062 6346
198 406 262 461 iii
1111 395 1485 454 ‘ADVEBSUS
1521 394 1946 453 JOVIMANUN
1988 395 2117 453 LIB.
2163 399 2202 453 l.

3210 403 3315 459 222

191 518 317 574 carnis
338 526 496 585 onutu,
519 515 771 573 castitatem
817 514 1097 585 mendicat,
1122 522 1179 571 et
1224 526 1480 571 ornatum
1520 516 1606 570 in-
1628 519 1678 577 Α
1706 515 1993 587 Simulque
2021 516 2335 583 considera,
2363 516 2508 588 quod
2558 517 2703 573 aliud
2737 519 2942 574 donum
2985 518 3309 591 virginitatis

191 614 341 668 terioris
377 612 567 677 hominis,
590 612 632 666 in
659 611 1069 680 incorruptione
1111 610 1258 666 mitis
1286 620 1342 666 et
1382 610 1598 666 silentis

183 706 358 776 spiritus.
374 704 673 777 quodammodo
695 705 797 761 hoc
818 705 1007 762 dicens
1032 723 1045 759 :
1070 704 1338 773 Quoniam
1356 704 1600 761 exterior

180 811 315 857 vester
347 802 473 856 homo
493 809 719 871 corruptus
749 809 854 867 est,
882 809 940 856 et
981 800 1375 856 beatitudinem
1416 803 1596 854 incor-

167 893 493 965 ruptionis,quao
508 897 670 963 proprie
695 892 962 963 virginum
985 901 1094 959 est,
1112 893 1316 949 habere
1335 891 1597 959 desiistis,

162 987 381 1041 imitamini
407 988 784 1056 incorruptionem
814 987 1043 1055 spiritus
1072 986 1269 1040 saltem
1303 999 1398 1055 per
1422 998 1600 1038 seram

158 1082 475 1147 abstinentiam,
502 1092 543 1137 ct
560 1080 677 1151 quod
713 1095 948 1151 corpore
992 1095 1100 1136 non
1139 1080 1388 1147 potestis,
1420 1088 1602 1132 mente

152 1184 366 1245 praestate.
390 1174 475 1230 llas
491 1175 604 1230 enim
642 1172 891 1228 Christus
917 1173 1157 1237 divitias,
1184 1180 1241 1228 et
1277 1172 1377 1227 hos
1402 1181 1603 1226 vestrae

147 1266 241 1335 conj
250 1267 460 1322 unctionis
479 1266 635 1337 qunrit
657 1275 904 1320 ornatus.

198 1358 239 1415 8.
267 1357 426 1414 Verum
450 1373 507 1414 ne
528 1359 630 1428 quis
658 1366 812 1428 putet
848 1372 917 1412 ex
965 1371 1031 1412 eo
1060 1356 1205 1425 quod
1231 1356 1500 1427 sequitur,
1532 1351 1601 1408 Ut

142 1452 279 1506 vacetis
296 1452 490 1516 orationi,
507 1464 545 1505 et
562 1452 730 1505 iterum
754 1450 1068 1506 revertimini
1091 1450 1201 1522 [ΑΙ.
1223 1450 1290 1504 ad
1314 1449 1369 1504 id
1393 1446 1597 1519 ipsum]

142 1545 177 1595 vt
195 1544 351 1615 ipsum,
371 1544 633 1615 Apostolum
664 1544 766 1600 boc
805 1544 971 1609 velle,
995 1552 1050 1599 et
1078 1558 1189 1598 non
1234 1554 1458 1614 propter
1487 1554 1603 1595 ma-

144 1649 258 1689 irem
277 1635 446 1690 ruinam
466 1636 753 1701 concedere,
778 1637 962 1690 statim
992 1634 1153 1689 infert
1179 1650 1194 1687 :
1224 1633 1308 1688 Ne
1339 1641 1493 1688 tentet
1511 1648 1598 1687 eos

144 1736 302 1780 atanas
336 1737 503 1798 propter
526 1728 928 1783 incontinentiam
954 1736 1190 1783 uestram.
1234 1726 1466 1781 Pulchra
1500 1726 1589 1780 tti-

149 1817 271 1872 irum
296 1819 595 1890 indulgentia,
614 1828 661 1874 et
684 1820 869 1875 iterum
888 1821 954 1873 ad
977 1820 1165 1890 ipsum.
1194 1819 1348 1888 Quod
1372 1819 1603 1874 erubes-

143 1920 266 1965 tsuo
310 1926 478 1969 vocare
506 1913 730 1979 nomine,
762 1913 908 1983 quod
939 1914 1220 1967 tentationi
1248 1912 1468 1983 praefert
1494 1912 1597 1967 Sa-
1628 1910 1676 1970 B
1704 1916 1755 1970 iu
1815 1915 2031 1970 Psalmo
2101 1915 2520 1987 quadragesimo
2561 1928 2755 1986 quarto
2805 1916 3036 1986 legimus

141 2017 225 2067 ita),
256 2005 382 2073 quod
407 2019 602 2061 causam
632 2004 801 2060 habet
825 2005 1298 2070 incontinentiam,
1329 2002 1499 2075 2‘9
1520 2004 1599 2057 la-

142 2111 309 2151 ramus
335 2098 476 2166 quasi
503 2097 780 2151 obscurum
811 2096 1106 2160 disserere,
1135 2106 1157 2130 ιι
1182 2111 1305 2149 cum
1336 2110 1603 2163 exposue-

142 2190 256 2255 ipse
285 2188 421 2256 quod
442 2187 641 2256 scripsit
670 2203 684 2240 ε
716 2186 827 2241 Hoc
850 2195 1044 2251 autem,
1077 2188 1270 2255 inquit,
1302 2186 1420 2239 dico
1450 2188 1605 2258 juxta

142 2280 445 2350 ulgentiam,
472 2296 566 2333 non
604 2283 762 2352 juxta
808 2280 1108 2347 imperium.
1146 2278 1213 2333 Et
1258 2278 1610 2334 mussitamus

152 2385 217 2425 nc
264 2369 472 2439 nuptias
514 2386 614 2426 non
650 2385 845 2425 vocare
889 2370 1306 2441 indulgentiam.
1336 2370 1434 2426 sed
1475 2384 1613 2439 pra:-

144 2478 278 2529 tum,
314 2464 463 2532 quasi
493 2479 592 2518 non
618 2462 809 2519 eodem
836 2464 997 2519 modo
1025 2475 1077 2518 et
1104 2463 1341 2519 secunda
1370 2473 1425 2519 et
1455 2463 1610 2518 tertia

142 2555 373 2611 rimonia
404 2555 782 2621 concedantur,
804 2556 956 2623 quasi
982 2571 1087 2610 non
1112 2568 1167 2611 et
1186 2556 1613 2612 forniCatoribus

172 2652 538 2723 pmnitentiam
583 2652 731 2708 fores
762 2653 1082 2722 aperiantur
1126 2651 1407 2716 Ecclesiae,
1440 2651 1615 2722 quod-

160 2747 240 2801 his
282 2755 365 2801 est
392 2748 587 2815 majus,
617 2756 671 2802 et
700 2744 968 2800 incestis?
991 2744 1121 2799 Nam
1179 2745 1328 2799 illum
1384 2744 1614 2797 violato-

171 2853 440 2904 novercae,
464 2850 623 2908 quem
648 2841 700 2892 in
732 2838 903 2907 prima
934 2837 1000 2891 ad
1024 2836 1341 2892 Corinthios
1366 2836 1610 2906 Epistola

145 2933 317 2987 iderat
348 2933 563 2987 Sstsnse
595 2931 652 3005 (Ι
679 2931 799 2986 Cor.
829 2934 910 3002 ν),
938 2935 989 2986 in
1018 2932 1294 2986 interitum
1326 2933 1529 2995 carnis,
1557 2939 1614 2985 ut

149 3034 234 3078 tus
288 3025 475 3079 salvus
532 3025 709 3091 fieret,
743 3026 795 3079 in
839 3026 1076 3078 secunda
1123 3024 1391 3097 retrahit(
1420 3024 1609 3080 llCor.

159 3126 213 3170 ct
269 3132 341 3171 ne
380 3115 766 3172 abundantiori
821 3118 1040 3171 tristitia
1097 3117 1453 3172 absorbeatur
1508 3117 1616 3169 ira»

141 3209 379 3264 laborat.
413 3208 582 3264 Aliud
616 3220 723 3275 est,
754 3209 890 3266 velle
929 3210 1058 3279 quid
1104 3210 1444 3277 Apostolum,
1468 3209 1616 3264 aliud

1703 608 1799 670 sit,
1830 609 1975 663 aliud
2009 610 2345 680 nuptiarum.
2373 609 2432 666 Si
2463 609 2607 666 enim
2648 613 2841 669 eadem
2872 624 3021 669 esset
3051 629 3261 671 merces
3289 626 3309 653 ε

1707 710 1991 770 nuptarum
2014 710 2072 756 et
2102 702 2396 772 virginum,
2427 719 2716 775 numquam
2762 705 2997 761 dixisset
3026 714 3149 777 post
3176 722 3312 777 prte-

1703 804 1918 864 ceptum
1946 796 2298 851 continentim
2322 814 2335 849 :
2368 796 2475 853 Sed
2492 799 2839 869 unusquisque
2862 803 3129 872 proprium
3160 802 3308 856 habet

1704 888 1893 941 danunt
1913 902 1977 942 ex
2005 888 2114 942 Deo
2138 905 2157 943 :
2182 890 2317 943 alius
2352 892 2559 960 quidem
2596 894 2688 957 sic,
2714 894 2848 947 alius
2881 904 3052 947 autem
3074 896 3167 948 sic.
3200 892 3304 951 Ubi

1708 981 2010 1050 proprietas
2050 984 2387 1053 singulorum
2438 994 2560 1049 est,
2608 984 2683 1040 ibi
2741 983 3070 1041 altrinseCus
3129 986 3307 1043 diver-

1705 1076 1858 1130 sitas.
1892 1074 2144 1131 Concedo
2175 1089 2228 1132 et
2260 1079 2475 1146 nuptias
2500 1091 2620 1133 esse
2656 1080 2747 1134 Dei
2772 1080 3175 1153 250donum,
3210 1081 3304 1137 sed

1705 1167 1847 1222 inter
1874 1168 2076 1223 donum
2115 1178 2167 1224 et
2200 1170 2403 1225 donum
2445 1186 2641 1241 magna
2676 1173 2965 1227 diversitas
3004 1184 3109 1228 est.
3146 1173 3307 1229 licui-

1703 1275 1808 1330 que
1828 1270 1881 1316 et
1906 1264 2201 1331 Apostolus
2223 1264 2291 1319 de
2313 1264 2506 1320 eodem
2541 1274 2663 1335 post
2684 1267 2950 1321 incestum
2981 1267 3303 1338 pmoiteute,

1708 1351 1754 1405 E
1783 1357 2061 1421 contrario,
2090 1357 2285 1427 inquit,
2315 1358 2505 1413 donate
2533 1360 2577 1413 ei
2600 1370 2649 1414 et
2675 1359 3042 1426 consolamini,
3068 1373 3114 1415 et
3139 1363 3183 1416 si
3217 1363 3301 1416 cui

1703 1447 1831 1516 quid
1851 1448 2105 1513 donastis,
2147 1458 2191 1502 et
2216 1465 2307 1520 ego
2332 1448 2397 1519 (ll
2421 1449 2536 1505 Cor.
2577 1466 2635 1518 Il,
2668 1451 2744 1519 7).
2779 1453 2855 1506 Ac
2885 1468 2953 1507 ne
2982 1466 3303 1523 putaremus

1702 1540 1906 1596 donum
1938 1539 2172 1597 hominis
2200 1558 2322 1599 esse
2348 1545 2835 1612 contemnendum,
2877 1545 3129 1600 addidit:
3163 1544 3305 1602 Nam

1703 1643 1751 1687 et
1782 1650 1874 1706 ego
1904 1636 2042 1705 quod
2080 1635 2290 1701 donavi,
2314 1639 2359 1690 si
2385 1638 2509 1708 quid
2542 1638 2728 1691 donavi
2760 1649 2973 1708 propter
2997 1656 3103 1701 vos,
3129 1655 3303 1693 coram

1705 1726 1908 1781 Christo
1932 1728 2116 1800 (Ibid.,
2160 1730 2267 1799 l0).
2304 1729 2526 1787 Diversa
2568 1738 2695 1785 sunt
2724 1730 2864 1785 dona
2900 1729 3127 1786 Christi.
3152 1729 3305 1788 Unde

1706 1837 1760 1877 et
1806 1823 2006 1891 Joscph
2040 1824 2092 1877 lu
2124 1833 2253 1893 typo
2282 1823 2401 1892 ejus
2432 1825 2637 1878 variam
2669 1823 2907 1878 habebat
2945 1824 3201 1878 tunicam.
3238 1822 3303 1877 Et

3082 1934 3092 1968 ;
3126 1915 3304 1970 Λδιὶιίι

1708 2009 1881 2078 regina
1922 2024 1953 2061 α
1989 2008 2181 2061 dextris
2210 2009 2329 2072 tuis,
2355 2008 2407 2060 in
2460 2010 2639 2061 vestitu
2672 2008 2945 2073 deaurato,
2979 2009 3303 2061 circumdata

1706 2100 1946 2151 varietate
1975 2099 2151 2168 (Psal.
2183 2115 2329 2163 ηις,
2368 2098 2475 2170 10).
2505 2099 2570 2152 Et
2604 2099 2795 2153 Petrus
2822 2098 3146 2168 Apostolus,
3188 2098 3308 2151 Sic-

1712 2200 1765 2244 ut
1816 2190 2134 2256 contendes,
2179 2190 2285 2255 ait,
2335 2189 2636 2258 multiplicis
2691 2191 2871 2259 gratia:
2936 2188 3032 2243 Dei
3086 2187 3306 2259 (lPet.

1714 2297 1790 2346 ιιι,
1822 2284 1898 2354 7).
1927 2282 2082 2349 Quod
2119 2281 2516 2353 significantius
2545 2281 2569 2317 ἀ
2602 2281 2793 2338 Graece
2816 2282 3018 2338 dicitur
3050 2282 3307 2354 ποικίλης,

1713 2376 1768 2431 id
1795 2386 1898 2439 est,
1928 2377 2102 2430 variat.

1786 2469 1843 2523 9.
1876 2469 2164 2540 Sequitur:
2198 2466 2324 2522 Dico
2351 2478 2520 2522 autem
2543 2468 2764 2540 innuptis
2793 2478 2837 2523 et
2872 2468 3075 2523 viduis:
3111 2468 3310 2525 Bonum

1717 2574 1787 2620 est
1810 2566 1883 2619 eis
1910 2607 1923 2629 ,
1953 2565 1996 2618 si
2023 2564 2097 2617 sic
2126 2562 2506 2632 permanserint
2533 2604 2546 2627 ,
2589 2572 2640 2613 ut
2676 2578 2787 2634 ego.
2837 2561 2897 2615 Si
2928 2573 3097 2615 autent
3131 2580 3230 2615 non
3260 2577 3312 2617 se

1716 2659 1979 2711 continent
2005 2700 2018 2722 ,
2053 2657 2265 2709 nubant.
2307 2653 2496 2708 Melius
2524 2655 2658 2707 enim
2684 2664 2759 2708 est
2791 2654 2978 2708 nubere
2998 2696 3011 2717 ,
3045 2672 3197 2724 quant
3230 2652 3313 2708 uri

1717 2750 1759 2822 (Ι
1792 2750 1912 2804 Cor.
1946 2763 2021 2803 vn
2049 2792 2063 2813 ,
2111 2748 2189 2818 8).
2222 2748 2515 2816 Postquam
2556 2747 2736 2817 nuptis
2772 2760 3124 2803 concesserat
3157 2763 3313 2804 usum

1715 2843 1979 2913 conjugii,
2009 2849 2064 2897 et
2092 2840 2415 2895 ostenderat
2444 2840 2559 2909 ipse
2583 2841 2707 2910 quid
2744 2840 2931 2905 vellet,
2953 2842 3155 2911 quidve
3184 2857 3314 2895 ron-

1714 2936 1975 3000 cederet,
2004 2935 2196 2988 transit
2227 2932 2293 2987 ad
2330 2934 2581 3001 iﬂﬂUplﬂS
2613 2976 2627 2999 ,
2654 2942 2708 2987 et
2736 2932 2926 2986 viduas
2949 2976 2963 2999 ,
2997 2943 3050 2988 et
3075 2935 3156 2986 sui
3184 2948 3313 3002 pro-

1720 3030 1871 3100 ponit
1904 3026 2212 3096 exemplum
2242 3066 2255 3088 ,
2288 3033 2341 3079 et
2370 3024 2554 3079 felices
2586 3034 2779 3090 vocat,
2812 3025 2853 3077 si
2884 3025 2962 3078 sic
2994 3039 3311 3092 permanse-

1719 3123 1845 3176 rint.
1901 3118 1959 3175 Si
2001 3129 2171 3172 autent
2218 3134 2319 3170 non
2363 3134 2415 3170 se
2459 3118 2719 3169 continent
2746 3158 2759 3181 ,
2806 3115 3038 3180 nubunt;
3072 3117 3310 3186 idipsum

1721 3212 1865 3283 quod
1907 3225 2067 3281 supra
2096 3254 2109 3275 ,
2160 3210 2383 3279 Pr0pter
2426 3208 2791 3277 fornicationes
2839 3218 3007 3261 autem
3035 3250 3049 3273 ,
3092 3207 3152 3261 Et
3182 3251 3195 3273 ,
3231 3207 3312 3263 Ne

142 3315 439 3369 gnoscere.
488 3300 548 3355 In
600 3302 881 3359 voluntate
930 3317 1334 3372 pronteremur,
1364 3303 1418 3356 in
1459 3301 1616 3357 venia
1644 3297 1686 3358 C
1724 3314 1878 3359 tentet
1921 3318 2009 3357 vos
2055 3302 2317 3363 Satanas,
2365 3310 2572 3372 propter
2612 3299 3040 3353 incontinentiam
3071 3311 3310 3353 reslrnm.

144 3409 303 3447 tmur.
358 3391 453 3447 Vis
494 3394 645 3448 scire
689 3393 816 3463 quid
890 3394 1020 3448 velit
1076 3395 1408 3463 Apostolus?
1453 3394 1620 3464 iunge

166 3488 437 3555 sequitur
472 3504 486 3543 :
530 3486 667 3541 Volo
689 3496 860 3542 autent
886 3504 1061 3542 omnes
1100 3489 1331 3542 homines
1360 3503 1471 3542 esse
1520 3490 1619 3542 sic-

147 3581 329 3649 :‘psnm
357 3577 404 3649 (ι
440 3579 574 3632 (.‘or.
615 3594 710 3642 vn,
738 3576 816 3647 7).
849 3579 1047 3633 Beatus
1088 3581 1178 3648 qui
1226 3579 1373 3633 Pauli
1423 3579 1620 3635 similis

141 3670 300 3725 Felix
336 3673 439 3741 qui
475 3671 646 3726 ntulit
684 3672 1012 3741 Apostolqu
1046 3673 1477 3744 prmcipientem,
1510 3687 1617 3726 non

142 3775 389 3817 :entcm.
461 3762 615 3827 Hoc,
653 3763 851 3833 inquit,
892 3764 1039 3830 volo,
1088 3763 1192 3818 hoc
1248 3763 1521 3829 desidero,
1563 3773 1623 3817 ιιι

144 3869 284 3909 ores
320 3854 444 3909 mei
476 3854 636 3921 sitis,
668 3856 810 3910 sicut
851 3865 904 3910 et
936 3868 1039 3925 ego
1063 3854 1286 3910 Clu-isti.
1321 3856 1416 3911 ille
1465 3857 1621 3926 virgo

143 3948 337 4016 rgine,
390 3947 471 4003 de
533 3948 860 4017 incorrupte
910 3949 1283 4019 incorruptus.
1330 3950 1437 4004 Nos
1496 3949 1624 4020 quia

152 4057 218 4095 es
248 4055 501 4107 sumus,
540 4048 606 4096 et
650 4041 988 4096 nativitatem
1034 4041 1331 4097 Saluatoris
1360 4057 1467 4097 non
1502 4055 1623 4112 pos-

192 4135 475 4199 imitari,
527 4135 822 4190 imitemur
879 4136 1071 4191 saltem
1128 4138 1622 4191 conversationem.

142 4227 496 4283 divinitatis
557 4236 655 4283 est
678 4236 763 4283 ὀι
805 4227 1174 4294 beatitudinis,
1222 4228 1325 4283 hoc
1376 4228 1625 4282 humanae

142 4319 313 4374 iouis
350 4328 453 4373 est
486 4328 552 4374 et
585 4320 821 4376 laboris.
855 4319 990 4374 Volo
1032 4336 1226 4376 omnes
1272 4321 1523 4376 homines
1553 4320 1627 4375 si-

145 4414 274 4469 mei
332 4426 512 4479 esse,
544 4423 611 4467 ut
664 4414 793 4468 dum
845 4412 953 4468 mei
998 4414 1205 4468 similes
1238 4423 1387 4478 sunt,
1417 4414 1627 4468 similes

180 4504 463 4570 Christi,
501 4504 685 4575 cujus
718 4519 822 4575 ego
847 4504 1051 4560 similis
1097 4519 1240 4556 sum.
1276 4504 1378 4571 Qui
1406 4505 1540 4558 enim
1571 4506 1627 4559 in

144 4612 204 4648 m
236 4598 461 4664 credit,
491 4597 672 4652 debet
699 4598 829 4651 sicut
862 4596 951 4652 ille
995 4594 1277 4652 ambulauit
1307 4606 1352 4649 et
1382 4597 1491 4664 ipse
1518 4614 1633 4650 ant-

1725 3398 2034 3467 Retlditqtte
2060 3409 2275 3450 causam
2296 3437 2309 3458 ,
2345 3410 2441 3449 Cur
2471 3394 2690 3456 dixerit,
2728 3392 2787 3448 Si
2819 3410 2871 3447 se
2899 3411 2998 3447 non
3024 3394 3311 3457 continent,

1724 3490 1934 3544 nubant.
1974 3487 2162 3541 Melius
2190 3497 2260 3541 est
2293 3486 2427 3541 enim
2464 3485 2654 3539 trahere
2676 3530 2689 3549 ,
2725 3501 2875 3554 quam
2906 3484 3005 3537 uri.
3044 3483 3170 3537 ldeo
3205 3497 3318 3536 tuc-

1726 3585 1828 3638 lius
1855 3590 1940 3637 est
1971 3582 2177 3636 nubere
2201 3623 2215 3643 .
2253 3578 2377 3649 quia
2408 3579 2562 3647 pejus
2606 3586 2690 3632 est
2722 3580 2826 3631 uri.
2860 3576 3014 3631 Tolle
3059 3574 3316 3629 ardorem

1725 3674 2058 3733 libidinis,et
2090 3687 2197 3726 non
2229 3672 2391 3731 dicet,
2414 3671 2595 3723 melius
2617 3683 2689 3723 est
2718 3669 2928 3723 nubere.
2950 3666 3145 3721 Melius
3168 3664 3316 3720 enim

1724 3780 1941 3834 semper
1971 3765 2036 3817 ad
2078 3765 2547 3829 Comparationum
2582 3760 2877 3815 deterioris
2908 3757 3132 3826 respicit
3160 3801 3173 3821 ,
3207 3772 3317 3813 non

1725 3857 1789 3910 ad
1819 3855 2219 3926 simplicitatem
2260 3853 2702 3922 incomparabilis
2747 3868 2842 3919 μυι-
2882 3865 2939 3903 se
2972 3848 3120 3903 boni.
3156 3847 3322 3905 Velut

1725 3950 1767 4003 si
1796 3949 2030 4004 diceret:
2062 3948 2252 4003 Melius
2295 3956 2377 4002 est
2417 3961 2581 4007 llle
2621 3946 2835 3999 oculum
2871 3944 3072 3997 habere
3100 3986 3113 4006 ,
3156 3958 3317 4011 quam

1725 4042 1968 4097 nullum:
2002 4052 2025 4078 ο
2057 4042 2253 4096 melius
2294 4052 2376 4094 est
2408 4055 2516 4093 uno
2560 4040 2715 4092 inniti
2767 4037 2902 4107 pede
2930 4078 2942 4099 ,
2992 4045 3047 4089 et
3087 4034 3319 4087 alteram

1730 4145 1935 4205 partem
1984 4133 2233 4203 corporis
2278 4131 2474 4186 baculo
2521 4139 2874 4192 sustentare,
2920 4141 3082 4197 quam
3133 4123 3323 4178 fractis

1728 4227 1980 4283 cruribus
2010 4240 2221 4291 repere.
2255 4223 2391 4290 Quid
2415 4226 2515 4289 ais,
2542 4219 2850 4289 Apostole?
2876 4219 2993 4273 Non
3028 4219 3121 4272 tibi
3156 4215 3323 4272 crudo

1730 4322 1965 4387 dicenti,
1997 4316 2113 4373 Etsi
2142 4320 2407 4389 imperitus
2439 4334 2670 4371 sermone
2693 4359 2707 4383 ,
2737 4332 2838 4369 non
2870 4323 3039 4367 tamen
3082 4313 3318 4367 scientia.

1729 4412 2011 4481 Quomodo
2058 4412 2189 4466 illttd
2232 4410 2300 4466 de
2339 4411 2645 4465 humilitate
2687 4406 3013 4471 descendit,
3050 4404 3188 4471 Quia
3220 4418 3322 4457 non

1730 4521 1843 4561 sum
1868 4507 2054 4577 dignus
2072 4505 2248 4559 vorari
2273 4504 2567 4571 Apostolus.
2599 4501 2682 4565 Et,
2710 4498 2840 4552 Mihi
2862 4498 3073 4551 minimo
3096 4495 3327 4551 omnium

1734 4599 2125 4664 Apostolorum.
2155 4597 2221 4650 Et
2244 4638 2257 4658 ,
2295 4596 2580 4665 Tamquam
2610 4592 2837 4646 abortivo
2857 4632 2871 4656 ,
2903 4590 2980 4645 sic
3012 4601 3063 4646 et
3091 4594 3191 4645 hoc
3222 4589 3327 4645 hu-

156 4690 213 4755 (Ι
260 4689 457 4744 Joan.
490 4707 543 4755 ι,
587 4692 683 4761 6).
720 4691 826 4748 Sed
854 4693 1206 4761 unusquisque
1232 4692 1503 4763 proprium
1535 4693 1629 4745 do-
1654 4680 1705 4740 Ι)
1736 4694 1977 4749 militatis
2006 4693 2206 4747 dictum
2250 4690 2268 4730 ί
2302 4700 2455 4761 puto.
2490 4687 2640 4743 Nosti
2677 4701 2991 4741 sermonutu
3024 4686 3331 4755 proprieta-

142 4782 259 4837 νόει
312 4800 393 4838 ea:
451 4784 590 4839 Deo
633 4800 655 4838 :
677 4784 815 4839 alius
859 4785 1065 4855 quidem
1084 4784 1178 4849 sic,
1208 4785 1345 4839 alius
1366 4794 1535 4837 autem
1555 4786 1629 4839 sic

143 4894 251 4944 tm,
300 4876 399 4950 7).
442 4876 477 4916 δ
542 4878 726 4946 Quid,
785 4880 980 4949 inquit,
1039 4878 1221 4946 velim,
1280 4878 1628 4949 perspicuum

144 4974 148 5023 τ
204 4973 549 5043 quoniam
606 4974 671 5029 in
724 4972 972 5029 Ecclesia
1023 4973 1241 5028 diversa
1292 4982 1420 5029 sunt
1461 4974 1627 5041 dona,

193 5072 267 5118 et
341 5063 661 5132 nuptias,
697 5077 766 5120 ne
811 5062 1003 5120 videar
1047 5063 1308 5120 damnare
1356 5076 1625 5121 naturam.

149 5225 235 5306 tri
263 5222 564 5280 codices
589 5225 1076 5297 elegantiusﬂ'um
1109 5229 1400 5299 exposuerit
1433 5245 1485 5282 se
1520 5229 1629 5300 ipse

146 5307 261 5348 βτί.

146 5365 569 5433 ierottensi,
612 5367 756 5423 etS.
788 5364 976 5423 Crucis
1008 5384 1140 5424 mss.
1194 5370 1436 5425 omnium
1491 5371 1631 5426 anti-

145 5454 167 5489 ς
208 5439 479 5512 ἰδξιιίῐξᾳ
538 5441 1003 5512 intorserttntur:
1032 5439 1098 5493 In
1144 5453 1394 5512 prwcepto
1437 5442 1629 5508 gloria,

152 5508 345 5564 entia
378 5509 518 5583 trix
545 5511 830 5583 remissio.
860 5508 1082 5583 Coronnt
1107 5508 1508 5583 quatlpr'teripit,
1541 5529 1634 5565 no-

150 5581 518 5654 titenliarn
534 5582 709 5654 quod
732 5578 952 5637 relaxat.
974 5581 1055 5637 lbi
1072 5578 1273 5637 summa
1293 5578 1509 5637 actionis
1535 5592 1630 5651 est,

154 5654 426 5724 odere;
445 5652 567 5706 hic
608 5668 864 5724 coronant
888 5654 1125 5724 adeptum
1150 5654 1327 5723 fuisse,
1358 5671 1435 5708 res
1458 5654 1632 5707 debiti.

153 5723 546 5779 itineribus
619 5723 954 5799 indulgentia
977 5723 1136 5782 Currit
1168 5734 1215 5783 et
1246 5725 1439 5797 gratia.
1470 5724 1634 5795 Quid,

160 5811 231 5849 Ο.

180 5883 218 5919 a
232 5876 413 5923 utea
451 5870 841 5940 nuptiarum,
875 5867 1054 5923 minus
1073 5867 1241 5940 bene.

169 5952 350 5995 erna
398 5939 668 5999 Graeca
698 5939 1034 6021 exemplaria
1061 5939 1171 5996 fere
1195 5939 1490 6013 prcherunt
1532 5944 1636 6016 χά-

1738 4800 1839 4852 tes,
1868 4785 2218 4856 quamobrem
2240 4824 2253 4847 ,
2286 4793 2338 4837 et
2361 4782 2427 4835 de
2456 4778 2799 4849 Epitnenide,
2828 4787 2879 4833 et
2908 4778 2973 4832 de
3004 4778 3327 4843 Menandro,

1736 4877 1973 4952 91251
2007 4877 2075 4931 de
2098 4876 2266 4931 Arato
2291 4874 2539 4943 qua-dam
2569 4872 2741 4923 sumis
2770 4871 3100 4924 testimonia.
3132 4868 3235 4923 ubi
3259 4869 3329 4923 de

1737 4970 2069 5027 continentia
2098 4965 2338 5035 loqueris
2368 4972 2422 5019 et
2450 4962 2790 5031 virginitate:
2825 4960 3026 5014 Bonum
3056 4969 3130 5013 est
3159 5001 3172 5025 ,
3206 4959 3287 5013 ais
3310 5001 3323 5025 ,

1739 5064 1931 5119 homini
1968 5060 2235 5116 mulierem
2263 5075 2363 5113 non
2390 5066 2620 5128 tangere.
2671 5056 2774 5124 Et,
2808 5054 3010 5110 Bonum
3044 5065 3118 5109 est
3142 5053 3252 5117 eis',
3289 5053 3333 5107 si

1734 5249 1873 5304 ριτος
1905 5232 2059 5304 ζωῆς,
2094 5239 2217 5277 raro
2266 5225 2781 5304 xépetogntrmzizmg.
2834 5222 3061 5304 vulgata
3115 5235 3331 5304 quoque

1734 5291 1919 5369 gratia!
1970 5300 2107 5369 nitar,
2163 5291 2306 5369 quod
2347 5291 3066 5369 'l'raudifuttVictorio,7qui
3119 5291 3329 5369 laudari

1738 5364 1943 5440 putavit
1970 5367 2111 5422 Petri
2137 5364 2377 5440 cpistola:
2408 5384 2457 5421 c.
2493 5382 2565 5440 tv,
2609 5383 2823 5419 versum
2860 5366 2951 5440 10ἶ
2979 5366 3069 5440 ulti
3110 5364 3332 5440 Cra-cus

1737 5434 1798 5495 ac
1826 5440 2047 5494 Latinus
2074 5438 2407 5512 muliplicem
2432 5439 2678 5512 gratiam.
2701 5440 2907 5490 dicunt.
2936 5434 3327 5512 ludesnpcriof

1738 5529 1850 5567 rem
1879 5527 2066 5567 vocem
2088 5510 2381 5566 colttnredes
2412 5506 2719 5562 necessario
2745 5506 3059 5560 mutandtm
3111 5506 3326 5555 cottsuit

1740 5586 1789 5637 in
1823 5584 2219 5655 dispensatores,
2252 5596 2316 5638 es
2344 5589 2777 5655 utroque‘textu,
2812 5589 2975 5655 atque
2998 5577 3065 5655 ‘in
3096 5573 3326 5642 Apulus.

1742 5647 1961 5724 qttitle'tu
1985 5655 2051 5709 atl
2088 5647 2518 5724 l’ammucltiuttt,
2549 5652 2664 5704 sive
2688 5652 2844 5718 epist.
2874 5648 2964 5711 48,
2998 5647 3068 5697 ita
3092 5660 3156 5697 cx
3185 5659 3327 5714 prm-

1742 5722 2002 5795 concepta
2032 5726 2291 5795 opinione
2323 5722 2568 5795 mutavit.

1815 5809 1838 5841 ε
1878 5787 2150 5859 Μ’ςιιιὶςιῖιη
2182 5796 2371 5855 Melius
2398 5804 2470 5849 est
2491 5794 2623 5845 enim
2652 5806 2772 5856 uno,
2803 5799 2909 5845 etc.
2944 5787 3012 5845 Et
3052 5805 3169 5844 mox
3203 5788 3329 5863 quid

1739 5872 1852 5947 agis
1870 5869 2175 5947 ,_Apostole,
2207 5878 2312 5924 etc.
2636 5936 2662 5947 γ’

1818 5942 1835 5979 ί
1880 5936 2053 5998 Antea
2085 5948 2205 5997 erat
2244 5948 2390 6013 puta,
2420 5936 2770 5996 renuentibus
2799 5951 2933 5995 mss.
