4068 6372
575 419 689 475 223
1824 416 1882 474 S.
1924 413 2199 473 EUSEBII
2234 412 2622 473 HIERONYMI
2785 441 2788 445 ι
3770 415 3949 474 224

566 533 643 585 sic
670 529 1050 601 permanserint
1070 535 1128 584 ut
1153 544 1268 600 ego.
1312 526 1421 593 Et;
1459 526 1598 583 Puto
1625 529 1721 584 hoc
1743 527 1937 583 bonum
1959 529 2034 583 eis
2061 543 2169 584 esse
2193 533 2390 594 Aras:
2444 538 2626 584 tamen
2671 526 2846 583 dicam
2892 528 3037 600 quod
3085 529 3263 585 sentio
3296 545 3310 583 :
3363 527 3556 600 loquar
3599 527 3747 601 quod
3797 543 3958 585 (ne

569 636 788 699 propter
828 623 1108 681 instantem
1144 621 1522 678 necessitatem.
1564 623 1668 688 Et,
1704 622 1844 690 Quia
1874 622 2065 676 bonum
2103 629 2178 676 est
2280 619 2575 691 Apostolus
2601 619 2817 687 docuit,
2849 637 2958 676 non
2988 620 3110 676 illas
3137 621 3367 690 justitia:
3387 637 3529 689 esse,
3556 621 3655 678 sed
3681 621 3956 694 iniqui-

571 716 772 772 homini
791 716 865 771 sic
895 732 1024 771 esse.
1057 714 1157 771 Ubi
1184 713 1252 768 ad
1288 714 1505 785 nuptias
1535 713 1689 768 venis
1709 756 1724 781 ,
1749 729 1858 769 non
1881 711 2047 778 dicis,
2079 712 2178 767 bo-
2284 713 2452 779 tatis;
2485 729 2590 770 non
2623 712 2761 769 lucis
2786 757 2801 782 ,
2843 713 2939 770 sed
2969 715 3316 770 tenebrarum
3345 732 3361 777 :
3392 730 3498 771 non
3525 714 3754 783 Christi,
3787 715 3951 771 sed

577 824 710 866 num
737 819 820 863 est
849 809 1055 864 nubere
1080 850 1097 874 ,
1123 807 1247 879 quia
1274 822 1380 863 non
1412 807 1836 879 potesjnngere,
1861 823 2023 878 quam
2055 806 2177 872 nri;
2283 806 2451 863 Belial
2477 825 2492 873 ;
2540 821 2646 863 non
2678 807 2876 878 templa
2907 807 3003 862 Dei
3033 807 3270 863 viventis
3295 850 3309 874 ,
3343 809 3439 864 sed
3483 807 3606 862 lana
3638 816 3697 864 et
3734 807 3948 863 idola

577 902 676 957 sed
717 900 853 956 dicis
893 917 909 954 :
955 898 1146 954 Melius
1187 909 1260 953 est
1313 898 1500 954 nubere
1542 915 1698 970 quam
1729 900 1832 954 uri.
1878 897 1936 955 Si
1982 914 2080 970 per
2123 913 2182 954 se
2285 908 2644 954 mortuorum.
2684 899 2779 954 Vis
2817 900 3060 970 apertius
3087 899 3304 955 discere
3333 941 3348 967 ,
3379 899 3524 971 quod
3555 898 3952 955 Christianae

579 993 788 1067 nuptize
821 1002 950 1050 sunt
978 992 1137 1048 bona:
1160 1035 1174 1060 ,
1211 991 1470 1048 noliillas
1517 991 1774 1048 incendio
1821 1007 2181 1063 comparare:
2286 995 2510 1050 omnino
2557 1009 2662 1049 non
2707 993 2868 1049 licent
2906 993 3136 1049 Etlinico
3167 993 3416 1048 nubere?
3457 992 3596 1048 Audi
3629 993 3952 1050 eumdem

579 1089 676 1146 sed
710 1088 799 1144 dic
821 1086 1180 1157 simpliciter,
1205 1087 1408 1142 bonum
1445 1096 1531 1143 est
1553 1089 1782 1144 nubere.
1813 1087 2076 1158 Suspecta
2101 1095 2188 1143 est
2289 1085 2634 1154 Apostolum,
2672 1084 2885 1152 Mulier,
2917 1086 3110 1156 inquit,
3136 1085 3354 1156 alligata
3382 1093 3458 1138 est
3490 1095 3513 1124 ε
3543 1094 3740 1156 quanto
3771 1097 3957 1139 "em-

583 1180 717 1237 mihi
752 1181 969 1236 bonitas
995 1181 1114 1250 ejus
1138 1181 1238 1246 rei,
1259 1196 1421 1251 quam
1449 1181 1764 1252 magnitudo
1786 1181 2012 1236 alterius
2036 1180 2186 1246 mali,
2291 1194 2414 1248 pore
2437 1179 2516 1231 vir
2545 1178 2656 1246 eius
2685 1178 2805 1232 vivit
2827 1195 2848 1245 ;
2874 1178 3013 1249 quod
3036 1177 3082 1230 si
3110 1176 3380 1230 dormierit
3409 1177 3487 1230 vir
3507 1180 3639 1249 ejus,
3672 1175 3955 1231 liberata

587 1274 792 1329 malum
843 1288 968 1329 esse
1013 1273 1163 1344 cogit
1202 1273 1451 1329 inferius.
1501 1274 1615 1345 Ego
1651 1285 1836 1330 autem
1878 1288 1985 1330 non
2014 1273 2191 1330 levius
2291 1280 2404 1325 est:
2428 1271 2514 1324 cui
2539 1272 2646 1324 uult
2676 1269 2855 1337 nubat,
2877 1279 3078 1325 tantum
3100 1271 3150 1323 in
3177 1268 3402 1323 Domino
3425 1268 3471 1342 (1
3500 1268 3622 1325 Cor.
3651 1284 3751 1336 vn,
3776 1268 3947 1340 59),

587 1368 823 1431 malum,
849 1366 946 1422 sed
975 1365 1204 1435 simplex
1241 1382 1337 1435 per
1365 1381 1426 1421 se
1455 1366 1658 1422 bonum
1683 1366 1831 1421 volo.

659 1459 747 1514 10.
804 1457 1053 1513 Mulieres
1095 1458 1275 1529 fideles
1314 1463 1516 1533 juncta:
1556 1459 1875 1529 inﬁdelibus.
1932 1457 2194 1513 Matrona

586 1551 846 1606 militum
874 1551 929 1604 in
973 1549 1377 1622 Hieronymum.
1424 1551 1687 1606 Abraham
1731 1552 1948 1623 adjurat
1992 1566 2195 1605 servum

590 1644 646 1697 in
664 1641 1268 1713 Cliristo.—llucusque
1287 1644 1519 1713 primum
1544 1643 1843 1714 capitulum
1864 1642 2193 1698 edissertum

589 1744 697 1801 est,
729 1736 1011 1791 veniamus
1041 1735 1110 1790 ad
1132 1737 1440 1808 sequentia.
1477 1736 1578 1791 His
1613 1748 1785 1792 autem
1812 1738 1900 1808 qui
1929 1738 2198 1790 matrimo-

590 1828 680 1884 nio
701 1828 870 1895 iuncti
890 1837 1013 1882 sunt
1033 1869 1048 1891 ,
1082 1829 1330 1899 precipio
1362 1845 1465 1882 non
1486 1845 1580 1902 ego
1600 1872 1616 1896 ,
1642 1828 1734 1882 sed
1755 1826 2034 1893 Dominus,
2066 1843 2199 1881 uaro-

2294 1363 2349 1418 id
2379 1371 2464 1419 est
2489 1405 2502 1428 ,
2533 1360 2864 1418 Christiano.
2897 1363 2998 1429 Qui
3045 1361 3315 1418 secundas
3346 1361 3647 1432 tertiasque
3675 1359 3952 1432 nuptias

2295 1457 2546 1512 concedit
2576 1457 2629 1512 in
2667 1457 2891 1511 Domino
2912 1498 2928 1523 ,
2962 1461 3170 1526 primas
3199 1471 3325 1512 cum
3353 1454 3589 1511 Ethnico
3617 1455 3946 1526 prohibet.

2301 1550 2454 1606 Unde
2481 1592 2496 1616 ,
2527 1559 2584 1607 et
2612 1549 2887 1606 Abraham
2927 1549 3142 1620 adjurat
3167 1563 3387 1605 servum
3428 1549 3483 1604 in
3512 1546 3724 1604 leniore
3751 1562 3883 1603 suo
3921 1588 3950 1616 ,

2299 1642 2403 1699 hoc
2425 1654 2529 1710 est,
2563 1645 2616 1699 in
2642 1642 2882 1709 Christo,
2909 1643 3001 1714 qui
3030 1642 3098 1698 de
3129 1640 3394 1711 eiuserat
3420 1641 3631 1696 semine
3656 1641 3950 1696 nascitu-

2300 1750 2414 1801 rus,
2445 1744 2502 1793 ιιι
2529 1735 2642 1790 ﬁlio
2671 1750 2769 1789 suo
2791 1733 2942 1788 Isaac
2973 1734 3335 1802 alienigenam
3368 1747 3475 1788 non
3500 1731 3735 1788 adducat
3764 1746 3949 1786 uxo-

2301 1845 2435 1886 rein.
2473 1829 2540 1884 Et
2584 1830 2748 1884 Ezras
2791 1827 3060 1884 oll'cnsam
3093 1827 3189 1884 Dei
3238 1825 3614 1897 hujuscemodi
3665 1840 3946 1880 uxorum

593 1936 706 1974 rem
739 1937 771 1974 a
793 1921 906 1974 uiro
936 1935 1039 1974 non
1066 1919 1350 1976 discedere.
1383 1921 1538 1987 Quod
1560 1921 1607 1974 si
1631 1921 1955 1986 discesserit,
1986 1935 2199 1974 manere
2229 1941 2276 2001 Β
2303 1923 2678 1993 repudiatione
2701 1922 3005 1991 compescit
3049 1919 3119 1992 (ll
3166 1919 3322 1975 Esdr.
3369 1919 3453 1992 ι).
3498 1919 3564 1973 Et
3607 1917 3949 1974 Malachias

593 2013 872 2084 innuptam
899 2054 914 2076 ,
959 2020 1049 2065 aut
1093 2012 1204 2065 viro
1231 2027 1324 2066 suo
1347 2013 1705 2067 reconciliari:
1730 2011 1796 2067 Et
1822 2013 1899 2066 vir
1926 2009 2139 2067 uxorem
2172 2021 2198 2048 ἰ

594 2119 699 2158 non
729 2105 982 2158 dimittat.
1027 2102 1168 2158 Nam
1199 2107 1399 2160 caneris
1427 2122 1519 2178 ego
1548 2106 1664 2160 dico
1690 2147 1706 2172 ,
1755 2123 1859 2161 non
1908 2105 2200 2161 Dominus:

600 2196 664 2253 Si
691 2196 808 2268 quis
835 2198 1001 2267 frater
1021 2211 1234 2250 uxorem
1258 2197 1410 2252 habet
1438 2198 1718 2268 infidelem,
1749 2209 1794 2252 et
1823 2198 1931 2253 hinc
1952 2198 2206 2252 consentit

597 2288 833 2343 habitare
851 2303 970 2343 cum
998 2287 1112 2350 illo,
1143 2305 1247 2342 non
1267 2289 1490 2345 dimittet
1518 2291 1699 2358 illam;
1724 2301 1780 2347 et
1807 2300 2004 2346 caetera
2029 2305 2205 2361 usque

599 2380 667 2435 ad
699 2396 822 2436 eum
847 2381 1052 2446 locum,
1076 2382 1167 2437 ubi
1192 2383 1299 2436 ait:
1329 2381 1691 2456 Unusquisque
1716 2385 1850 2440 sicut
1870 2386 2066 2439 vocavit
2091 2401 2206 2438 cum

602 2471 745 2525 Deus
765 2513 780 2538 ,
809 2473 879 2526 ita
904 2472 1152 2538 ambulet,
1183 2482 1234 2529 et
1257 2475 1393 2530 sicut
1421 2476 1474 2529 in
1501 2476 1741 2530 omnibus
1769 2475 2020 2532 Ecclesiis
2046 2475 2206 2530 doceo

601 2565 646 2640 (l
675 2565 798 2622 Cor.
829 2582 899 2622 vii
924 2609 940 2635 ,
977 2567 1044 2622 10
1079 2567 1270 2641 seqq.).
1304 2569 1403 2625 llic
1439 2571 1593 2626 locus
1628 2571 1695 2626 ad
1724 2579 2048 2641 praesentem
2075 2585 2207 2625 con—

600 2662 924 2720 troversiam
957 2679 1063 2718 non
1093 2667 1356 2734 pertinet.
1393 2665 1566 2721 Docet
1593 2667 1739 2722 enim
1783 2667 1939 2736 juxta
1987 2673 2208 2720 senten-

603 2757 730 2810 tiam
769 2757 983 2812 Domini
1013 2799 1029 2825 ,
1064 2774 1314 2826 uxorem,
1345 2771 1578 2829 excepta
1601 2775 1768 2816 causa
1800 2759 2206 2823 fornicationis,

603 2860 714 2900 non
738 2848 1157 2917 repudiandam,
1189 2859 1243 2904 et
1272 2851 1636 2920 repudiatam,
1661 2851 1784 2905 vivo
1811 2854 2031 2918 marito,
2052 2851 2209 2906 alteri

607 2953 719 2993 non
747 2941 953 2996 nubere
982 2982 997 3005 ,
1027 2952 1122 2996 aut
1147 2952 1298 2999 certe
1323 2945 1438 2998 viro
1478 2959 1577 3000 suo
1607 2944 1951 3000 reconciliari
1983 2946 2208 3002 debere.

607 3035 705 3090 llis
731 3045 915 3090 autem
945 3051 1090 3107 quos
1113 3037 1167 3091 in
1211 3038 1564 3093 matrimonio
1582 3038 2034 3108 deprehendisset
2055 3039 2206 3102 lides,

611 3127 717 3182 hoc
745 3135 830 3182 cst
855 3170 870 3194 ,
903 3127 948 3183 si
985 3145 1125 3184 unus
1167 3129 1493 3186 credidisset
1519 3147 1548 3186 e
1575 3131 1789 3186 duobus
1817 3173 1830 3196 ,
1865 3131 2112 3202 praecipit
2145 3147 2212 3186 ne

611 3221 845 3278 credens
873 3222 1123 3294 repudiet
1149 3240 1254 3279 non
1289 3225 1630 3281 credentem.
1663 3225 1964 3297 Causisque
1989 3227 2213 3298 exposi-

2313 2014 2608 2086 propbeta,
2645 2013 3024 2069 Prwraricatus
3043 2022 3118 2068 est
3137 2054 3152 2078 ,
3184 2012 3381 2083 inquit,
3404 2012 3596 2076 ludas,
3626 2021 3676 2065 et
3703 2011 3947 2066 abomi-

2308 2110 2572 2163 nationem
2607 2109 2728 2179 fecit
2757 2109 2810 2162 in
2836 2105 3007 2162 Israel
3034 2116 3083 2161 et
3115 2107 3170 2160 in
3188 2105 3504 2160 Jerusalem.
3536 2103 3741 2160 Polluit
3770 2106 3947 2161 enim

2308 2215 2544 2259 sanctum
2566 2202 2797 2268 Domini,
2826 2212 2875 2257 et
2905 2202 3109 2267 dilexit,
3138 2212 3186 2256 et
3214 2202 3394 2255 [tabuit
3419 2202 3582 2270 ﬁliam
3602 2199 3700 2255 Dei
3723 2201 3937 2258 alieni.

2312 2296 2588 2367 Disperdat
2617 2293 2868 2350 Dominus
2894 2296 3062 2349 uirum
3083 2295 3172 2366 qni
3196 2295 3375 2365 fecerit
3401 2291 3500 2347 hoc
3517 2335 3531 2358 ,
3565 2294 3893 2362 magistrum
3919 2335 3941 2358 ,

2309 2402 2356 2447 et
2385 2391 2726 2461 discipulum,
2755 2389 2819 2442 de
2851 2387 3218 2443 Tabernaculis
3243 2385 3447 2452 Iacob;
3474 2382 3504 2422 ά
3533 2395 3582 2440 et
3610 2385 3937 2452 oﬂ'erentem

2309 2500 2522 2539 munera
2551 2481 2771 2536 Domino
2807 2483 3048 2535 virtutum
3080 2478 3339 2553 (Malach.
3373 2493 3411 2532 ii
3437 2519 3452 2543 ,
3497 2475 3561 2531 ‘Ii
3590 2517 3605 2540 ,
3637 2475 3755 2546 l2).
3787 2475 3941 2531 Haec

2310 2575 2515 2631 idcirco
2539 2573 2650 2629 dixi
2681 2613 2696 2636 ,
2728 2581 2787 2626 ut
2823 2571 2914 2642 qui
2953 2571 3166 2641 nuptias
3211 2567 3509 2640 virginitati
3541 2578 3882 2637 comparant
3911 2607 3931 2633 ,

2312 2671 2486 2725 sciant
2510 2669 2703 2723 saltem
2730 2665 2866 2721 tales
2888 2663 3104 2734 nuptias
3131 2663 3386 2734 digamia:
3411 2669 3470 2716 et
3497 2660 3763 2731 trigamia:
3787 2659 3939 2716 sub-

2307 2763 2598 2834 jiciendas.

2387 2856 2475 2910 ll.
2527 2853 2939 2926 Inlelligentiam
2997 2868 3145 2906 suam
3201 2848 3673 2923 reprehendendam
3737 2858 3931 2922 putat.

2320 2949 2476 3004 Fides
2527 2950 2734 3022 proprie
2783 2946 3195 3002 Christianorum
3237 2944 3514 3000 est.-Ad
3569 2945 3934 3014 Superiorem

2311 3040 2737 3111 disputationem
2765 3084 2780 3108 ,
2835 3043 2888 3096 in
2917 3055 3022 3111 qua
3051 3039 3313 3094 docuerat
3344 3037 3561 3093 lldelem
3593 3035 3663 3090 ab
3702 3035 3933 3092 inlideli

2315 3149 2422 3188 non
2455 3133 2656 3189 debere
2681 3132 2983 3196 discedere,
3009 3134 3106 3186 sed
3133 3144 3452 3198 permanere
3477 3127 3532 3182 in
3561 3127 3932 3184 matrimonio

2316 3228 2458 3283 sicut
2485 3242 2582 3283 eos
2611 3228 2908 3282 invenisset
2929 3225 3063 3282 ﬁdes
3085 3267 3099 3290 ,
3130 3234 3188 3281 et
3211 3239 3652 3295 unumquemque
3685 3223 3774 3277 vel
3808 3237 3934 3279 cce-

602 3315 693 3380 tis,
722 3313 865 3385 quod
895 3315 1216 3370 candidatus
1252 3317 1377 3371 ﬁdei
1405 3318 1475 3372 sit
1502 3317 1758 3385 inﬁdelis,
1791 3319 1836 3372 si
1863 3318 1997 3375 nolit
2020 3334 2050 3372 a
2082 3333 2202 3374 cre-
2239 3328 2284 3390 ο
2318 3318 2480 3375 libent
2505 3361 2521 3384 ,
2553 3319 2637 3374 vel
2664 3318 2915 3374 maritum
2952 3318 3027 3372 ita
3055 3317 3272 3382 durare,
3301 3327 3358 3370 ut
3379 3327 3524 3371 esset
3545 3314 3752 3370 Christi
3788 3315 3933 3384 hap-

605 3405 771 3462 dente
801 3405 1115 3462 discedere:
1147 3423 1178 3462 e
1201 3411 1476 3463 contrario
1499 3410 1676 3478 jubet,
1708 3411 1754 3466 si
1788 3409 2023 3466 inﬁdelis
2051 3425 2216 3480 repu-

609 3497 724 3553 diet
756 3497 970 3553 lidelem
1005 3511 1226 3569 propter
1259 3499 1420 3555 ﬁdem
1443 3501 1667 3568 Christi,
1693 3501 1979 3557 discedere
2006 3501 2212 3558 debere

615 3592 954 3660 credentem,
982 3608 1048 3647 ne
1072 3591 1179 3665 [AL
1207 3592 1328 3666 nec]
1353 3594 1640 3664 conjugem
1667 3594 1920 3664 praeferat
1947 3593 2056 3666 [ΑΙ.
2081 3609 2218 3664 pric-

619 3685 784 3759 l‘erre]
815 3687 1056 3753 Christo,
1089 3687 1174 3742 cui
1207 3687 1372 3742 etiam
1402 3687 1583 3742 anima
1612 3687 1989 3757 postponenda
2019 3695 2125 3742 est.
2150 3689 2220 3744 At

619 3795 764 3834 nunc
809 3779 1085 3850 plericqne
1127 3788 1543 3834 contemnentes
1581 3778 1835 3848 Apostoli
1872 3779 2174 3848 iussionem
2202 3822 2216 3845 ,

620 3875 921 3943 junguntur
948 3871 1246 3942 gentilibus
1271 3914 1286 3937 ,
1345 3882 1398 3926 et
1432 3873 1630 3941 templa
1663 3871 1871 3927 Christi
1905 3870 2066 3926 idolis
2097 3887 2223 3942 pro-

623 3965 876 4030 siitnunt;
899 3981 998 4020 nec
1021 3963 1327 4035 intelligunt
1355 3980 1414 4019 se
1436 3965 1685 4034 corporis
1700 3964 1818 4034 ejus
1843 3975 2051 4033 partem
2076 3978 2218 4029 esse,

623 4056 780 4127 cujus
822 4065 879 4112 et
927 4066 1092 4111 costze
1137 4066 1284 4112 sunt.
1316 4055 1550 4126 lgnoscit
1579 4056 1878 4126 Apostolus
1925 4054 2221 4111 inﬁdelium

617 4149 1014 4218 conjunctioni,
1045 4165 1166 4220 quae
1197 4149 1462 4205 habentes
1483 4149 1644 4221 252
1670 4149 1922 4214 maritos,
1954 4147 2006 4203 in
2041 4147 2225 4204 Chris-

621 4253 732 4299 tum
759 4253 948 4315 postea
971 4242 1357 4307 crediderunt;
1390 4259 1497 4297 non
1527 4243 1633 4308 his,
1665 4259 1787 4313 qua:
1813 4257 1935 4298 cum
1958 4241 2225 4298 Christia-

621 4356 706 4396 nas
732 4349 940 4408 essent,
974 4337 1691 4411 nupseruntgentilibus,ad
1724 4353 1860 4408 quas
1887 4337 2017 4393 alibi
2049 4337 2227 4403 loqui-

624 4444 748 4491 tur:
785 4433 966 4488 Nolite
988 4433 1174 4504 juguni
1202 4431 1388 4485 ducere
1425 4447 1542 4484 cum
1574 4430 1893 4499 infidelibus.
1934 4428 2064 4496 Quae
2090 4428 2226 4481 enim

623 4528 954 4601 participatio
989 4526 1213 4599 justilitc
1252 4541 1370 4578 cum
1405 4523 1714 4595 iniquitate?
1750 4530 1838 4575 aut
1867 4536 1983 4592 quas
2010 4520 2226 4575 societas

626 4621 732 4675 luci
772 4619 840 4674 ad
881 4618 1152 4673 tenebras?
1194 4619 1325 4686 Quae
1361 4627 1534 4671 autem
1571 4615 1837 4670 conventio
1865 4613 1894 4653 δ
1925 4613 2117 4669 Christi
2159 4614 2227 4666 ad

2319 3413 2536 3470 tismatc
2564 3413 2937 3484 deprehensus
2965 3454 2979 3478 ,
3013 3410 3176 3467 infert
3205 3411 3389 3466 subito
3420 3408 3708 3479 parabolas
3754 3408 3931 3482 253

2317 3505 2622 3560 circumcisi
2649 3513 2702 3560 et
2734 3504 2944 3559 Ethnici
2971 3547 2986 3571 ,
3018 3503 3164 3558 servi
3205 3511 3261 3557 et
3288 3500 3477 3557 liberi:
3511 3508 3568 3555 et
3609 3501 3713 3555 sub
3743 3510 3933 3556 meta-

2318 3597 2488 3667 phora
2517 3611 2702 3651 earum
2731 3596 2798 3652 de
2823 3595 3005 3666 nuptis
3033 3596 3271 3666 diSputat
3291 3605 3346 3649 et
3377 3593 3642 3663 innuptis.
3682 3592 3933 3647 Circum—

2319 3689 2457 3742 cisus
2483 3689 2669 3760 aliquis
2695 3699 2902 3743 vocatus
2924 3700 2996 3743 est
3023 3729 3038 3754 ,
3075 3704 3177 3742 non
3213 3687 3441 3742 adducat
3475 3688 3814 3756 prwuutium.
3858 3684 3930 3739 In

2321 3782 2574 3851 prirputio
2592 3791 2798 3837 vocatus
2827 3793 2900 3836 est
2927 3823 2942 3846 ,
2976 3798 3079 3836 non
3119 3781 3534 3836 circumcidatur.
3577 3778 3930 3834 Circumcisio

2325 3871 2458 3926 nihil
2483 3883 2555 3927 est
2582 3916 2596 3938 ,
2622 3887 2669 3928 et
2695 3875 3008 3946 praeputium
3044 3871 3172 3927 nihil
3192 3883 3266 3927 est
3287 3890 3307 3940 ;
3331 3873 3423 3926 sed
3453 3872 3739 3926 observatio
3772 3889 3933 3926 man—

2323 3966 2565 4020 datorum
2610 3966 2727 4021 Dei.
2778 3966 3136 4038 Unusquisque
3179 3967 3232 4021 in
3259 3983 3362 4038 qua
3399 3967 3664 4020 vocatione
3704 3975 3925 4020 vocatus

2323 4069 2396 4112 est
2425 4100 2440 4125 ,
2473 4060 2525 4112 in
2565 4075 2625 4112 ea
2651 4067 2966 4131 permaneat.
3000 4059 3192 4113 Seruus
3230 4067 3440 4112 vocatus
3477 4073 3528 4110 es
3559 4098 3574 4119 ,
3603 4072 3704 4109 non
3735 4056 3803 4109 sit
3835 4054 3933 4109 tibi

2325 4169 2484 4208 curia.
2516 4152 2622 4208 Sed
2651 4164 2699 4208 et
2725 4155 2769 4208 si
2795 4163 2934 4225 potes
2962 4152 3089 4208 liber
3113 4154 3247 4223 ﬁeri.
3282 4153 3446 4227 magis
3476 4163 3639 4207 utere.
3661 4151 3764 4219 Qui
3785 4153 3930 4208 enim

2326 4247 2379 4300 in
2427 4245 2650 4300 Domino
2691 4258 2899 4302 vocatus
2945 4257 3019 4302 est
3066 4264 3242 4302 seruus
3274 4289 3288 4313 ,
3334 4247 3546 4301 libertus
3573 4255 3650 4300 est
3689 4244 3929 4300 Domini.

2329 4341 2582 4396 Similiter
2608 4353 2655 4395 et
2683 4343 2771 4413 qui
2802 4342 2928 4396 liber
2954 4353 3160 4396 vocatus
3199 4351 3276 4395 est
3301 4383 3317 4407 ,
3365 4356 3542 4396 servus
3587 4347 3662 4394 est
3703 4336 3928 4393 Christi.

2330 4432 2511 4489 Prelio
2543 4436 2702 4506 empti
2727 4437 2848 4490 estis
2867 4452 2886 4491 :
2915 4437 3072 4490 nolite
3101 4435 3213 4503 fieri
3248 4435 3383 4488 servi
3420 4433 3704 4488 hominum.
3751 4429 3932 4487 Unus-

2328 4528 2542 4599 quisque
2570 4537 2594 4566 θ
2618 4544 2741 4599 ergo
2764 4529 2819 4582 in
2845 4543 2946 4600 quo
2976 4538 3187 4582 uocatus
3214 4535 3290 4580 est
3323 4531 3484 4597 frater
3507 4565 3522 4590 ,
3552 4524 3608 4578 in
3631 4540 3691 4579 eo
3715 4538 3928 4594 perma-

2331 4630 2449 4674 neat
2477 4619 2616 4692 apiid
2644 4617 2807 4674 Deum
2836 4618 2880 4676 ll
2901 4617 3021 4674 Cor.
3053 4634 3150 4680 vn,
3177 4618 3244 4673 18
3269 4629 3317 4672 et
3340 4615 3531 4689 seqq.).
3557 4619 3635 4672 Ac
3663 4616 3924 4684 primum,

625 4708 832 4764 Belial?
865 4719 954 4764 aut
981 4727 1098 4782 quia
1127 4725 1248 4782 pars
1290 4707 1436 4778 ﬁdeli
1473 4724 1588 4761 cum
1629 4707 1868 4776 infideli?
1911 4706 2012 4774 Qui
2050 4715 2222 4760 autem
2248 4711 2451 4779 unia
2501 4709 2791 4765 nonnullos
2840 4708 2980 4764 hanc
3030 4709 3449 4778 intelligentiam
3492 4705 3924 4777 reprehensuros

627 4819 904 4856 consensus
932 4803 1122 4874 templo
1159 4800 1255 4856 Dei
1275 4818 1391 4856 cum
1416 4799 1577 4854 idolis
1598 4799 1624 4853 ?
1665 4798 1764 4854 Vos
1784 4799 1922 4854 enim
1942 4798 2063 4853 estis
2092 4808 2224 4852 tent-

629 4895 775 4968 plum
801 4893 896 4949 Dei
923 4895 1022 4949 vini
1049 4895 1114 4967 (ll
1147 4894 1268 4950 Cor.
1299 4911 1348 4950 vi
1376 4936 1391 4962 ,
1428 4892 1494 4948 M
1515 4904 1564 4948 et
1585 4891 1774 4965 seqq.).
1803 4895 1958 4950 Licet
1979 4892 2128 4948 enim
2170 4891 2222 4946 in

627 5006 714 5045 me
757 4989 1045 5044 stevituras
1093 4989 1263 5043 sciam
1311 4987 1576 5059 plurimas
1622 4997 2044 5041 matronarum:
2097 4983 2225 5039 licet

625 5084 814 5138 eadem
847 5083 1180 5154 impudentia
1212 5098 1314 5153 qua
1349 5083 1638 5138 Dominum
1668 5087 2146 5152 contempserunt,
2171 5081 2224 5136 in

628 5191 715 5232 me
746 5178 981 5248 pnlicem
1008 5186 1064 5232 et
1090 5175 1520 5232 Christianorum
1551 5177 1834 5234 minimum
1861 5174 2228 5234 debacchatu-

701 5351 726 5378 η
769 5339 1137 5410 Expnnximus
1190 5338 1314 5394 hinc
1361 5354 1559 5410 vocem
1611 5357 1781 5406 suum,
1830 5355 1993 5408 quam
2039 5353 2214 5409 neque

632 5413 804 5472 nostri
829 5408 1065 5477 codices,
1097 5425 1198 5466 nec
1247 5408 1482 5482 denique
1535 5411 1797 5467 hodierna
1845 5411 2070 5480 Vulgata
2119 5411 2220 5466 ba-

632 5487 1193 5635 ?fgtblostrieodices
1213 5565 1537 5635 constanter_
1575 5554 1776 5635 habent
1820 5550 2224 5635 Christae't‘lie-

637 5629 1180 5754 liargiiiitaCra-c...
1209 5637 1417 5703 Χριστῷ
1443 5628 1574 5704 πρὸς
1601 5626 1778 5700 βελίαρ
1805 5639 1821 5688 ;
1847 5621 1954 5678 Sed
1999 5632 2047 5676 et
2069 5621 2228 5676 Belia:

640 5717 740 5755 ιιι-ο
811 5698 933 5755 elial
965 5715 1290 5755 invenimus.

640 5717 740 5773 pro
770 5717 933 5755 uenat
965 5717 1290 5755 invenimus.

721 5782 742 5810 ε
767 5770 1054 5842 _Vietorius
1082 5772 1227 5842 addit
1259 5769 1380 5842 legi.
1415 5777 1473 5824 ut
1498 5781 1620 5842 cum
1649 5764 1870 5842 Vulgata
1895 5762 2078 5842 faciat,
2107 5779 2231 5818 nam

653 5840 974 5912 ιιι-ΛίὶιιτιαείεΔ
1005 5835 1636 5912 esemplaribusstcpius
1657 5843 1747 5912 λτῷ
1767 5837 1906 5912 νόμςξ
1932 5835 2106 5908 deest,
2135 5847 2238 5912 nec

660 5899 1069 5976 tliéronymianl
1101 5899 1232 5964 mis.
1261 5911 1364 5967 hoc
1417 5899 1540 5965 loco
1586 5899 1834 5965 habent!
1865 5899 2249 5964 iinsenatensls

2330 4805 2599 4869 arbitror,
2637 4803 2969 4874 interrogare
2997 4802 3125 4858 libet
3147 4817 3268 4873 qua:
3299 4802 3370 4857 sit
3393 4799 3786 4870 consequentia
3809 4841 3825 4866 ,
3861 4804 3922 4851 ut

2331 4898 2401 4954 de
2428 4899 2636 4953 maritis
2662 4906 2717 4952 et
2755 4895 3012 4951 uxoribus
3038 4895 3319 4966 diSplllaﬂS
3346 4938 3361 4961 ,
3408 4903 3635 4965 repente
3664 4891 3924 4947 transiret

2332 4990 2399 5046 ad
2421 4992 2880 5059 comparationem
2911 4987 3081 5043 Jndici
3112 4997 3167 5042 et
3195 4986 3436 5052 Ethnici,
3468 4985 3614 5041 servi
3642 4991 3700 5040 et
3729 4982 3919 5039 liberi:

2332 5093 2387 5140 et
2407 5098 2644 5147 rursum,
2660 5083 2762 5136 hac
2781 5082 3148 5152 disputatione
3180 5082 3352 5149 ﬁnita,
3371 5078 3577 5136 rediret
3599 5077 3664 5133 ad
3687 5078 3921 5146 virgines

2333 5176 2556 5232 dicens:
2591 5174 2668 5229 De
2695 5175 2978 5247 virginibus
3007 5184 3182 5229 autem
3223 5183 3535 5246 prwceptum
3576 5171 3791 5228 Domini
3815 5183 3918 5225 non

2327 5337 2487 5463 gaulo
2507 5344 2648 5406 post,
2676 5335 2730 5389 id
2757 5345 2830 5390 est
2859 5333 3174 5404 Christiano,
3203 5351 3306 5390 non
3339 5333 3588 5399 Ethnico,
3629 5332 3719 5403 qui
3743 5343 3915 5384 secun-

2366 5426 2442 5463 as.
2477 5418 2583 5463 etc.

2366 5426 2442 5473 as,
2477 5418 2583 5463 etc.

2401 5479 2428 5517 ἀ
2459 5480 2850 5556 Casanatcnsis
2873 5479 3036 5556 male,
3061 5487 3110 5533 et
3141 5477 3587 5556 nono/ferentem.
3737 5542 3797 5556 Μ

2409 5562 2431 5589 θ
2458 5552 2713 5607 Voculam
2731 5567 2852 5620 ergo
2878 5566 2978 5607 nec
2998 5550 3221 5606 Griecus
3243 5542 3426 5612 habet,
3451 5561 3551 5601 nec
3577 5557 3711 5601 mss.
3737 5542 3920 5620 Hiero-

2336 5625 2604 5695 nymiani,
2638 5631 2753 5678 tum
2791 5618 2985 5695 fratres
3026 5622 3282 5695 plurium_
3306 5633 3561 5695 numero2
3610 5631 3722 5695 non
3737 5618 3916 5695 frater

2340 5684 2540 5768 habent
2567 5684 2658 5751 hic
2695 5684 2856 5766 atque
2895 5684 3046 5750 iiil'ra'
3082 5707 3204 5745 cum
3241 5690 3438 5768 (ξι-φαο
3467 5687 3652 5768 itidem
3699 5684 3908 5768 ἀδελφοξ.

2341 5767 2587 5836 Denique
2608 5781 2706 5836 pro
2730 5761 2846 5837 qua:
2863 5769 2926 5821 sit
2955 5763 3335 5829 consequentia,
3359 5761 3567 5830 legunt,
3595 5769 3712 5826 quae
3727 5761 3790 5812 sit
3802 5765 3915 5810 con-

2345 5849 2556 5906 sequens
2586 5836 2851 5892 sententia.
