  <div class='ocr_page' id='page_1' title='image "/cluster/home/n/w/nwhite01/storage/ocr_20150623/23/uva.x000775467/120.png"; bbox 0 0 4068 6360; ppageno 0'>
   <div class='ocr_carea' id='block_1_1' title="bbox 139 388 239 451">
    <p class='ocr_par' dir='ltr' id='par_1_1' title="bbox 139 388 239 451">
     <span class='ocr_line' id='line_1_1' title="bbox 139 388 239 451; baseline 0 0"><span class='ocrx_word' id='word_1_1' title='bbox 139 388 239 451; x_wconf 73' lang='lat'><strong>29.5</strong></span> 
     </span>
    </p>
   </div>
   <div class='ocr_carea' id='block_1_2' title="bbox 1246 374 2323 439">
    <p class='ocr_par' dir='ltr' id='par_1_2' title="bbox 1246 374 2323 439">
     <span class='ocr_line' id='line_1_2' title="bbox 1246 374 2323 439; baseline -0.005 0"><span class='ocrx_word' id='word_1_2' title='bbox 1246 378 1616 439; x_wconf 68' lang='lat' dir='ltr'><strong>ADVERSUS</strong></span> <span class='ocrx_word' id='word_1_3' title='bbox 1654 374 2068 437; x_wconf 68' lang='grc' dir='ltr'><strong>ιΙΟἪΝΙΑΝυΜ</strong></span> <span class='ocrx_word' id='word_1_4' title='bbox 2107 374 2239 435; x_wconf 85' lang='lat' dir='ltr'><strong>LIB.</strong></span> <span class='ocrx_word' id='word_1_5' title='bbox 2280 379 2323 434; x_wconf 81' lang='lat' dir='ltr'><strong>I.‘</strong></span> 
     </span>
    </p>
   </div>
   <div class='ocr_carea' id='block_1_3' title="bbox 3336 382 3445 442">
    <p class='ocr_par' dir='ltr' id='par_1_3' title="bbox 3336 382 3445 442">
     <span class='ocr_line' id='line_1_3' title="bbox 3336 382 3445 442; baseline 0.037 -4"><span class='ocrx_word' id='word_1_6' title='bbox 3336 382 3445 442; x_wconf 62' lang='lat'><strong>216</strong></span> 
     </span>
    </p>
   </div>
   <div class='ocr_carea' id='block_1_4' title="bbox 138 492 3441 576">
    <p class='ocr_par' dir='ltr' id='par_1_4' title="bbox 138 492 3441 576">
     <span class='ocr_line' id='line_1_4' title="bbox 138 492 3441 576; baseline -0.002 -17"><span class='ocrx_word' id='word_1_7' title='bbox 138 506 289 560; x_wconf 81' lang='lat' dir='ltr'><strong>habeo</strong></span> <span class='ocrx_word' id='word_1_8' title='bbox 317 504 361 576; x_wconf 88' lang='grc' dir='ltr'><strong>(Ι</strong></span> <span class='ocrx_word' id='word_1_9' title='bbox 389 504 509 560; x_wconf 83' lang='lat' dir='ltr'><strong>Cor.</strong></span> <span class='ocrx_word' id='word_1_10' title='bbox 537 516 613 560; x_wconf 84' lang='lat' dir='ltr'><strong>vn</strong></span> <span class='ocrx_word' id='word_1_11' title='bbox 639 542 656 569; x_wconf 87' lang='lat'><strong>,</strong></span> <span class='ocrx_word' id='word_1_12' title='bbox 689 500 770 571; x_wconf 81' lang='lat'><strong>5).</strong></span> <span class='ocrx_word' id='word_1_13' title='bbox 803 498 940 567; x_wconf 85' lang='lat' dir='ltr'><strong>Quid</strong></span> <span class='ocrx_word' id='word_1_14' title='bbox 963 498 1065 554; x_wconf 90' lang='lat' dir='ltr'><strong>sibi</strong></span> <span class='ocrx_word' id='word_1_15' title='bbox 1088 497 1202 553; x_wconf 87' lang='lat' dir='ltr'><strong>vult</strong></span> <span class='ocrx_word' id='word_1_16' title='bbox 1232 498 1373 553; x_wconf 84' lang='lat' dir='ltr'><strong>inter</strong></span> <span class='ocrx_word' id='word_1_17' title='bbox 1396 496 1649 567; x_wconf 87' lang='lat' dir='ltr'><strong>conjugia</strong></span> <span class='ocrx_word' id='word_1_18' title='bbox 1675 506 1728 550; x_wconf 90' lang='lat' dir='ltr'><strong>et</strong></span> <span class='ocrx_word' id='word_1_19' title='bbox 1754 505 1809 561; x_wconf 79' lang='grc' dir='ltr'><strong>Α</strong></span> <span class='ocrx_word' id='word_1_20' title='bbox 1834 512 2059 576; x_wconf 74' lang='lat' dir='ltr'><strong>uxorem</strong></span> <span class='ocrx_word' id='word_1_21' title='bbox 2089 537 2103 561; x_wconf 86' lang='lat'><strong>,</strong></span> <span class='ocrx_word' id='word_1_22' title='bbox 2135 496 2188 551; x_wconf 90' lang='lat' dir='ltr'><strong>in</strong></span> <span class='ocrx_word' id='word_1_23' title='bbox 2216 510 2283 550; x_wconf 90' lang='lat' dir='ltr'><strong>eo</strong></span> <span class='ocrx_word' id='word_1_24' title='bbox 2314 501 2636 566; x_wconf 78' lang='lat' dir='ltr'><strong>permaneat</strong></span> <span class='ocrx_word' id='word_1_25' title='bbox 2668 535 2680 560; x_wconf 90' lang='lat'><strong>,</strong></span> <span class='ocrx_word' id='word_1_26' title='bbox 2733 492 2785 547; x_wconf 90' lang='lat' dir='ltr'><strong>in</strong></span> <span class='ocrx_word' id='word_1_27' title='bbox 2815 505 2925 563; x_wconf 87' lang='lat' dir='ltr'><strong>quo</strong></span> <span class='ocrx_word' id='word_1_28' title='bbox 2956 501 3187 550; x_wconf 88' lang='lat' dir='ltr'><strong>vocatus</strong></span> <span class='ocrx_word' id='word_1_29' title='bbox 3225 504 3330 550; x_wconf 91' lang='lat' dir='ltr'><strong>est.</strong></span> <span class='ocrx_word' id='word_1_30' title='bbox 3362 499 3441 555; x_wconf 74' lang='lat' dir='ltr'><strong>Ac</strong></span> 
     </span>
    </p>
   </div>
   <div class='ocr_carea' id='block_1_5' title="bbox 139 590 1737 668">
    <p class='ocr_par' dir='ltr' id='par_1_5' title="bbox 139 590 1737 668">
     <span class='ocr_line' id='line_1_5' title="bbox 139 590 1737 668; baseline -0.008 -13"><span class='ocrx_word' id='word_1_31' title='bbox 139 598 534 668; x_wconf 73' lang='lat' dir='ltr'><strong>virginitatem,</strong></span> <span class='ocrx_word' id='word_1_32' title='bbox 556 594 730 652; x_wconf 67' lang='lat' dir='ltr'><strong>Judaei</strong></span> <span class='ocrx_word' id='word_1_33' title='bbox 760 603 813 649; x_wconf 87' lang='lat' dir='ltr'><strong>et</strong></span> <span class='ocrx_word' id='word_1_34' title='bbox 843 592 1081 658; x_wconf 85' lang='lat' dir='ltr'><strong>Ethnici,</strong></span> <span class='ocrx_word' id='word_1_35' title='bbox 1105 592 1254 647; x_wconf 91' lang='lat' dir='ltr'><strong>servi</strong></span> <span class='ocrx_word' id='word_1_36' title='bbox 1279 590 1545 659; x_wconf 81' lang='lat' dir='ltr'><strong>liberique</strong></span> <span class='ocrx_word' id='word_1_37' title='bbox 1569 590 1737 645; x_wconf 82' lang='lat' dir='ltr'><strong>colla-</strong></span> 
     </span>
    </p>
   </div>
   <div class='ocr_carea' id='block_1_6' title="bbox 139 679 1736 757">
    <p class='ocr_par' dir='ltr' id='par_1_6' title="bbox 139 679 1736 757">
     <span class='ocr_line' id='line_1_6' title="bbox 139 679 1736 757; baseline -0.006 -14"><span class='ocrx_word' id='word_1_38' title='bbox 139 689 249 745; x_wconf 82' lang='lat' dir='ltr'><strong>tio?</strong></span> <span class='ocrx_word' id='word_1_39' title='bbox 276 689 537 746; x_wconf 83' lang='lat' dir='ltr'><strong>Secundo</strong></span> <span class='ocrx_word' id='word_1_40' title='bbox 576 684 854 757; x_wconf 88' lang='lat' dir='ltr'><strong>quomodo</strong></span> <span class='ocrx_word' id='word_1_41' title='bbox 892 682 1060 755; x_wconf 91' lang='lat' dir='ltr'><strong>possit</strong></span> <span class='ocrx_word' id='word_1_42' title='bbox 1086 680 1315 753; x_wconf 78' lang='lat' dir='ltr'><strong>intelligi</strong></span> <span class='ocrx_word' id='word_1_43' title='bbox 1343 722 1358 747; x_wconf 92' lang='lat'><strong>,</strong></span> <span class='ocrx_word' id='word_1_44' title='bbox 1391 679 1736 735; x_wconf 76' lang='lat' dir='ltr'><strong>Circumcisus</strong></span> 
     </span>
    </p>
   </div>
   <div class='ocr_carea' id='block_1_7' title="bbox 138 772 1738 855">
    <p class='ocr_par' dir='ltr' id='par_1_7' title="bbox 138 772 1738 855">
     <span class='ocr_line' id='line_1_7' title="bbox 138 772 1738 855; baseline -0.008 -16"><span class='ocrx_word' id='word_1_45' title='bbox 138 784 326 855; x_wconf 79' lang='lat' dir='ltr'><strong>aliquis</strong></span> <span class='ocrx_word' id='word_1_46' title='bbox 352 794 565 837; x_wconf 85' lang='lat' dir='ltr'><strong>vocatus</strong></span> <span class='ocrx_word' id='word_1_47' title='bbox 591 790 688 848; x_wconf 87' lang='lat' dir='ltr'><strong>est,</strong></span> <span class='ocrx_word' id='word_1_48' title='bbox 719 796 822 834; x_wconf 90' lang='lat' dir='ltr'><strong>non</strong></span> <span class='ocrx_word' id='word_1_49' title='bbox 841 776 1063 832; x_wconf 87' lang='lat' dir='ltr'><strong>adducat</strong></span> <span class='ocrx_word' id='word_1_50' title='bbox 1092 772 1738 847; x_wconf 71' lang='lat' dir='ltr'><strong>prteputium(lbid.,l8)?</strong></span> 
     </span>
    </p>
   </div>
   <div class='ocr_carea' id='block_1_8' title="bbox 137 864 1737 946">
    <p class='ocr_par' dir='ltr' id='par_1_8' title="bbox 137 864 1737 946">
     <span class='ocr_line' id='line_1_8' title="bbox 137 864 1737 946; baseline -0.011 -13"><span class='ocrx_word' id='word_1_51' title='bbox 137 875 415 946; x_wconf 79' lang='lat' dir='ltr'><strong>Numquid</strong></span> <span class='ocrx_word' id='word_1_52' title='bbox 461 874 552 945; x_wconf 88' lang='lat' dir='ltr'><strong>qui</strong></span> <span class='ocrx_word' id='word_1_53' title='bbox 595 873 764 928; x_wconf 83' lang='lat' dir='ltr'><strong>semel</strong></span> <span class='ocrx_word' id='word_1_54' title='bbox 794 878 1131 940; x_wconf 89' lang='lat' dir='ltr'><strong>amputatum</strong></span> <span class='ocrx_word' id='word_1_55' title='bbox 1165 865 1331 921; x_wconf 82' lang='lat' dir='ltr'><strong>habet</strong></span> <span class='ocrx_word' id='word_1_56' title='bbox 1361 864 1689 935; x_wconf 64' lang='lat' dir='ltr'><strong>praeputium</strong></span> <span class='ocrx_word' id='word_1_57' title='bbox 1720 904 1737 932; x_wconf 89' lang='lat'><strong>,</strong></span> 
     </span>
    </p>
   </div>
   <div class='ocr_carea' id='block_1_9' title="bbox 138 954 1743 1039">
    <p class='ocr_par' dir='ltr' id='par_1_9' title="bbox 138 954 1743 1039">
     <span class='ocr_line' id='line_1_9' title="bbox 138 954 1743 1039; baseline -0.009 -15"><span class='ocrx_word' id='word_1_58' title='bbox 138 978 163 1008; x_wconf 78' lang='grc' dir='ltr'><strong><em>ι</em></strong></span> <span class='ocrx_word' id='word_1_59' title='bbox 187 977 377 1039; x_wconf 85' lang='lat' dir='ltr'><strong>potest</strong></span> <span class='ocrx_word' id='word_1_60' title='bbox 416 967 461 1022; x_wconf 88' lang='lat' dir='ltr'><strong>si</strong></span> <span class='ocrx_word' id='word_1_61' title='bbox 490 965 619 1021; x_wconf 82' lang='lat' dir='ltr'><strong>velit</strong></span> <span class='ocrx_word' id='word_1_62' title='bbox 642 979 832 1019; x_wconf 85' lang='lat' dir='ltr'><strong>rursus</strong></span> <span class='ocrx_word' id='word_1_63' title='bbox 864 961 998 1017; x_wconf 88' lang='lat' dir='ltr'><strong>illud</strong></span> <span class='ocrx_word' id='word_1_64' title='bbox 1029 958 1355 1015; x_wconf 82' lang='lat' dir='ltr'><strong>adducere?</strong></span> <span class='ocrx_word' id='word_1_65' title='bbox 1397 954 1603 1011; x_wconf 86' lang='lat' dir='ltr'><strong>Deinde</strong></span> <span class='ocrx_word' id='word_1_66' title='bbox 1630 969 1743 1024; x_wconf 90' lang='lat' dir='ltr'><strong>quo</strong></span> 
     </span>
    </p>
   </div>
   <div class='ocr_carea' id='block_1_10' title="bbox 139 1049 1742 1132">
    <p class='ocr_par' dir='ltr' id='par_1_10' title="bbox 139 1049 1742 1132">
     <span class='ocr_line' id='line_1_10' title="bbox 139 1049 1742 1132; baseline -0.012 -11"><span class='ocrx_word' id='word_1_67' title='bbox 139 1078 305 1121; x_wconf 79' lang='lat' dir='ltr'><strong>sensu</strong></span> <span class='ocrx_word' id='word_1_68' title='bbox 331 1058 718 1132; x_wconf 76' lang='lat' dir='ltr'><strong>exponendum</strong></span> <span class='ocrx_word' id='word_1_69' title='bbox 743 1059 814 1111; x_wconf 87' lang='lat' dir='ltr'><strong>sit</strong></span> <span class='ocrx_word' id='word_1_70' title='bbox 836 1098 851 1122; x_wconf 94' lang='lat'><strong>,</strong></span> <span class='ocrx_word' id='word_1_71' title='bbox 894 1056 996 1124; x_wconf 94' lang='lat' dir='ltr'><strong>Qui</strong></span> <span class='ocrx_word' id='word_1_72' title='bbox 1023 1054 1161 1108; x_wconf 90' lang='lat' dir='ltr'><strong>enim</strong></span> <span class='ocrx_word' id='word_1_73' title='bbox 1192 1052 1247 1106; x_wconf 86' lang='lat' dir='ltr'><strong>in</strong></span> <span class='ocrx_word' id='word_1_74' title='bbox 1276 1049 1502 1104; x_wconf 90' lang='lat' dir='ltr'><strong>Domino</strong></span> <span class='ocrx_word' id='word_1_75' title='bbox 1531 1054 1742 1102; x_wconf 77' lang='lat' dir='ltr'><strong>vocatus</strong></span> 
     </span>
    </p>
   </div>
   <div class='ocr_carea' id='block_1_11' title="bbox 142 1143 1745 1219">
    <p class='ocr_par' dir='ltr' id='par_1_11' title="bbox 142 1143 1745 1219">
     <span class='ocr_line' id='line_1_11' title="bbox 142 1143 1745 1219; baseline -0.011 -8"><span class='ocrx_word' id='word_1_76' title='bbox 142 1168 212 1211; x_wconf 85' lang='lat' dir='ltr'><strong>est</strong></span> <span class='ocrx_word' id='word_1_77' title='bbox 240 1171 441 1219; x_wconf 80' lang='lat' dir='ltr'><strong>seruus,</strong></span> <span class='ocrx_word' id='word_1_78' title='bbox 472 1153 682 1208; x_wconf 88' lang='lat' dir='ltr'><strong>libertus</strong></span> <span class='ocrx_word' id='word_1_79' title='bbox 706 1160 781 1205; x_wconf 84' lang='lat' dir='ltr'><strong>est</strong></span> <span class='ocrx_word' id='word_1_80' title='bbox 812 1148 1064 1203; x_wconf 80' lang='lat' dir='ltr'><strong>Domini?</strong></span> <span class='ocrx_word' id='word_1_81' title='bbox 1096 1146 1352 1204; x_wconf 74' lang='lat' dir='ltr'><strong>Similiter</strong></span> <span class='ocrx_word' id='word_1_82' title='bbox 1379 1144 1469 1216; x_wconf 87' lang='lat' dir='ltr'><strong>qui</strong></span> <span class='ocrx_word' id='word_1_83' title='bbox 1499 1143 1627 1198; x_wconf 90' lang='lat' dir='ltr'><strong>liber</strong></span> <span class='ocrx_word' id='word_1_84' title='bbox 1656 1158 1745 1195; x_wconf 88' lang='grc' dir='ltr'><strong>υο-</strong></span> 
     </span>
    </p>
   </div>
   <div class='ocr_carea' id='block_1_12' title="bbox 143 1237 1746 1313">
    <p class='ocr_par' dir='ltr' id='par_1_12' title="bbox 143 1237 1746 1313">
     <span class='ocr_line' id='line_1_12' title="bbox 143 1237 1746 1313; baseline -0.011 -6"><span class='ocrx_word' id='word_1_85' title='bbox 143 1264 286 1307; x_wconf 83' lang='lat' dir='ltr'><strong>catus</strong></span> <span class='ocrx_word' id='word_1_86' title='bbox 317 1258 415 1313; x_wconf 88' lang='lat' dir='ltr'><strong>est,</strong></span> <span class='ocrx_word' id='word_1_87' title='bbox 442 1263 617 1303; x_wconf 81' lang='lat' dir='ltr'><strong>servus</strong></span> <span class='ocrx_word' id='word_1_88' title='bbox 649 1254 723 1301; x_wconf 85' lang='lat' dir='ltr'><strong>est</strong></span> <span class='ocrx_word' id='word_1_89' title='bbox 754 1243 948 1300; x_wconf 76' lang='lat' dir='ltr'><strong>Christi</strong></span> <span class='ocrx_word' id='word_1_90' title='bbox 974 1240 1169 1313; x_wconf 81' lang='lat' dir='ltr'><strong>(lbid.,</strong></span> <span class='ocrx_word' id='word_1_91' title='bbox 1197 1237 1331 1311; x_wconf 57' lang='grc' dir='ltr'><strong>ξεν</strong></span> <span class='ocrx_word' id='word_1_92' title='bbox 1362 1240 1595 1305; x_wconf 79' lang='lat' dir='ltr'><strong>Quarto,</strong></span> <span class='ocrx_word' id='word_1_93' title='bbox 1618 1250 1746 1307; x_wconf 88' lang='lat' dir='ltr'><strong>quo-</strong></span> 
     </span>
    </p>
   </div>
   <div class='ocr_carea' id='block_1_13' title="bbox 142 1330 1745 1410">
    <p class='ocr_par' dir='ltr' id='par_1_13' title="bbox 142 1330 1745 1410">
     <span class='ocr_line' id='line_1_13' title="bbox 142 1330 1745 1410; baseline -0.011 -10"><span class='ocrx_word' id='word_1_94' title='bbox 142 1342 307 1400; x_wconf 89' lang='lat' dir='ltr'><strong>modo</strong></span> <span class='ocrx_word' id='word_1_95' title='bbox 335 1340 425 1397; x_wconf 92' lang='lat' dir='ltr'><strong>ille</strong></span> <span class='ocrx_word' id='word_1_96' title='bbox 454 1340 543 1409; x_wconf 92' lang='lat' dir='ltr'><strong>qui</strong></span> <span class='ocrx_word' id='word_1_97' title='bbox 576 1338 838 1410; x_wconf 66' lang='lat' dir='ltr'><strong>praecepit</strong></span> <span class='ocrx_word' id='word_1_98' title='bbox 859 1336 1035 1390; x_wconf 83' lang='lat' dir='ltr'><strong>servis</strong></span> <span class='ocrx_word' id='word_1_99' title='bbox 1076 1332 1309 1388; x_wconf 89' lang='lat' dir='ltr'><strong>obedire</strong></span> <span class='ocrx_word' id='word_1_100' title='bbox 1339 1330 1579 1385; x_wconf 90' lang='lat' dir='ltr'><strong>dominis</strong></span> <span class='ocrx_word' id='word_1_101' title='bbox 1620 1344 1745 1383; x_wconf 83' lang='lat' dir='ltr'><strong>car-</strong></span> 
     </span>
    </p>
   </div>
   <div class='ocr_carea' id='block_1_14' title="bbox 142 1419 1743 1499">
    <p class='ocr_par' dir='ltr' id='par_1_14' title="bbox 142 1419 1743 1499">
     <span class='ocr_line' id='line_1_14' title="bbox 142 1419 1743 1499; baseline -0.012 -8"><span class='ocrx_word' id='word_1_102' title='bbox 142 1433 381 1499; x_wconf 86' lang='lat' dir='ltr'><strong>nalibus,</strong></span> <span class='ocrx_word' id='word_1_103' title='bbox 400 1446 545 1487; x_wconf 89' lang='lat' dir='ltr'><strong>nunc</strong></span> <span class='ocrx_word' id='word_1_104' title='bbox 566 1430 713 1485; x_wconf 90' lang='lat' dir='ltr'><strong>dicat</strong></span> <span class='ocrx_word' id='word_1_105' title='bbox 731 1448 746 1483; x_wconf 85' lang='lat'><strong>;</strong></span> <span class='ocrx_word' id='word_1_106' title='bbox 772 1426 950 1482; x_wconf 82' lang='lat' dir='ltr'><strong>Nolite</strong></span> <span class='ocrx_word' id='word_1_107' title='bbox 969 1424 1083 1497; x_wconf 77' lang='lat' dir='ltr'><strong>ﬁeri</strong></span> <span class='ocrx_word' id='word_1_108' title='bbox 1109 1424 1240 1479; x_wconf 79' lang='lat' dir='ltr'><strong>servi</strong></span> <span class='ocrx_word' id='word_1_109' title='bbox 1262 1422 1529 1477; x_wconf 81' lang='lat' dir='ltr'><strong>hominum</strong></span> <span class='ocrx_word' id='word_1_110' title='bbox 1552 1419 1743 1493; x_wconf 81' lang='lat' dir='ltr'><strong>(Ibid.,</strong></span> 
     </span>
    </p>
   </div>
   <div class='ocr_carea' id='block_1_15' title="bbox 142 1514 1743 1597">
    <p class='ocr_par' dir='ltr' id='par_1_15' title="bbox 142 1514 1743 1597">
     <span class='ocr_line' id='line_1_15' title="bbox 142 1514 1743 1597; baseline -0.01 -17"><span class='ocrx_word' id='word_1_111' title='bbox 142 1525 273 1597; x_wconf 73' lang='lat'><strong>25)?</strong></span> <span class='ocrx_word' id='word_1_112' title='bbox 309 1524 390 1579; x_wconf 80' lang='lat' dir='ltr'><strong>Ad</strong></span> <span class='ocrx_word' id='word_1_113' title='bbox 420 1536 728 1579; x_wconf 83' lang='lat' dir='ltr'><strong>extremum</strong></span> <span class='ocrx_word' id='word_1_114' title='bbox 756 1561 772 1585; x_wconf 87' lang='lat'><strong>,</strong></span> <span class='ocrx_word' id='word_1_115' title='bbox 804 1518 938 1590; x_wconf 90' lang='lat' dir='ltr'><strong>quid</strong></span> <span class='ocrx_word' id='word_1_116' title='bbox 963 1517 1256 1588; x_wconf 33' lang='lat' dir='ltr'><strong>,pertiueat</strong></span> <span class='ocrx_word' id='word_1_117' title='bbox 1283 1514 1351 1570; x_wconf 90' lang='lat' dir='ltr'><strong>ad</strong></span> <span class='ocrx_word' id='word_1_118' title='bbox 1375 1514 1694 1568; x_wconf 84' lang='lat' dir='ltr'><strong>servitutem</strong></span> <span class='ocrx_word' id='word_1_119' title='bbox 1728 1551 1743 1576; x_wconf 91' lang='lat'><strong>,</strong></span> 
     </span>
    </p>
   </div>
   <div class='ocr_carea' id='block_1_16' title="bbox 144 1610 1749 1683">
    <p class='ocr_par' dir='ltr' id='par_1_16' title="bbox 144 1610 1749 1683">
     <span class='ocr_line' id='line_1_16' title="bbox 144 1610 1749 1683; baseline -0.01 -10"><span class='ocrx_word' id='word_1_120' title='bbox 144 1618 228 1673; x_wconf 91' lang='lat' dir='ltr'><strong>vel</strong></span> <span class='ocrx_word' id='word_1_121' title='bbox 271 1616 777 1680; x_wconf 85' lang='lat' dir='ltr'><strong>circumcisiouem,</strong></span> <span class='ocrx_word' id='word_1_122' title='bbox 812 1610 1180 1683; x_wconf 79' lang='lat' dir='ltr'><strong>Unusquisque</strong></span> <span class='ocrx_word' id='word_1_123' title='bbox 1220 1610 1273 1661; x_wconf 87' lang='lat' dir='ltr'><strong>in</strong></span> <span class='ocrx_word' id='word_1_124' title='bbox 1310 1624 1412 1678; x_wconf 88' lang='lat' dir='ltr'><strong>quo</strong></span> <span class='ocrx_word' id='word_1_125' title='bbox 1440 1614 1644 1659; x_wconf 83' lang='lat' dir='ltr'><strong>vocatus</strong></span> <span class='ocrx_word' id='word_1_126' title='bbox 1673 1610 1749 1658; x_wconf 86' lang='lat' dir='ltr'><strong>est</strong></span> 
     </span>
    </p>
   </div>
   <div class='ocr_carea' id='block_1_17' title="bbox 146 1698 1750 1781">
    <p class='ocr_par' dir='ltr' id='par_1_17' title="bbox 146 1698 1750 1781">
     <span class='ocr_line' id='line_1_17' title="bbox 146 1698 1750 1781; baseline -0.007 -20"><span class='ocrx_word' id='word_1_127' title='bbox 146 1713 334 1781; x_wconf 75' lang='lat' dir='ltr'><strong>frater,</strong></span> <span class='ocrx_word' id='word_1_128' title='bbox 366 1709 422 1762; x_wconf 89' lang='lat' dir='ltr'><strong>in</strong></span> <span class='ocrx_word' id='word_1_129' title='bbox 446 1724 505 1761; x_wconf 91' lang='lat' dir='ltr'><strong>eo</strong></span> <span class='ocrx_word' id='word_1_130' title='bbox 532 1716 827 1779; x_wconf 85' lang='lat' dir='ltr'><strong>permaneat</strong></span> <span class='ocrx_word' id='word_1_131' title='bbox 867 1704 1009 1774; x_wconf 87' lang='lat' dir='ltr'><strong>apud</strong></span> <span class='ocrx_word' id='word_1_132' title='bbox 1037 1700 1203 1755; x_wconf 88' lang='lat' dir='ltr'><strong>Deum</strong></span> <span class='ocrx_word' id='word_1_133' title='bbox 1226 1701 1249 1753; x_wconf 89' lang='lat'><strong>?</strong></span> <span class='ocrx_word' id='word_1_134' title='bbox 1278 1698 1413 1754; x_wconf 87' lang='lat' dir='ltr'><strong>Nam</strong></span> <span class='ocrx_word' id='word_1_135' title='bbox 1438 1708 1494 1753; x_wconf 89' lang='lat' dir='ltr'><strong>et</strong></span> <span class='ocrx_word' id='word_1_136' title='bbox 1529 1705 1750 1752; x_wconf 89' lang='lat' dir='ltr'><strong>contra-</strong></span> 
     </span>
    </p>
   </div>
   <div class='ocr_carea' id='block_1_18' title="bbox 146 1788 1751 1871">
    <p class='ocr_par' dir='ltr' id='par_1_18' title="bbox 146 1788 1751 1871">
     <span class='ocr_line' id='line_1_18' title="bbox 146 1788 1751 1871; baseline -0.011 -12"><span class='ocrx_word' id='word_1_137' title='bbox 146 1803 289 1859; x_wconf 88' lang='lat' dir='ltr'><strong>rium</strong></span> <span class='ocrx_word' id='word_1_138' title='bbox 320 1811 404 1859; x_wconf 88' lang='lat' dir='ltr'><strong>est</strong></span> <span class='ocrx_word' id='word_1_139' title='bbox 426 1801 690 1871; x_wconf 90' lang='lat' dir='ltr'><strong>superiori</strong></span> <span class='ocrx_word' id='word_1_140' title='bbox 721 1797 1033 1855; x_wconf 71' lang='lat' dir='ltr'><strong>sententiae.</strong></span> <span class='ocrx_word' id='word_1_141' title='bbox 1066 1796 1122 1851; x_wconf 90' lang='lat' dir='ltr'><strong>Si</strong></span> <span class='ocrx_word' id='word_1_142' title='bbox 1166 1795 1313 1850; x_wconf 87' lang='lat' dir='ltr'><strong>enim</strong></span> <span class='ocrx_word' id='word_1_143' title='bbox 1361 1791 1497 1847; x_wconf 91' lang='lat' dir='ltr'><strong>illud</strong></span> <span class='ocrx_word' id='word_1_144' title='bbox 1539 1788 1751 1844; x_wconf 85' lang='lat' dir='ltr'><strong>audivi—</strong></span> 
     </span>
    </p>
   </div>
   <div class='ocr_carea' id='block_1_19' title="bbox 1840 570 3442 660">
    <p class='ocr_par' dir='ltr' id='par_1_19' title="bbox 1840 570 3442 660">
     <span class='ocr_line' id='line_1_19' title="bbox 1840 570 3442 660; baseline 0.001 -16"><span class='ocrx_word' id='word_1_145' title='bbox 1840 605 1937 660; x_wconf 87' lang='lat' dir='ltr'><strong>per</strong></span> <span class='ocrx_word' id='word_1_146' title='bbox 1965 570 2067 644; x_wconf 72' lang='lat' dir='ltr'><strong>hoc</strong></span> <span class='ocrx_word' id='word_1_147' title='bbox 2092 604 2198 643; x_wconf 88' lang='lat' dir='ltr'><strong>non</strong></span> <span class='ocrx_word' id='word_1_148' title='bbox 2227 595 2343 642; x_wconf 90' lang='lat' dir='ltr'><strong>tam</strong></span> <span class='ocrx_word' id='word_1_149' title='bbox 2382 587 2626 658; x_wconf 79' lang='lat' dir='ltr'><strong>virgines</strong></span> <span class='ocrx_word' id='word_1_150' title='bbox 2666 587 2849 657; x_wconf 84' lang='lat' dir='ltr'><strong>cogit,</strong></span> <span class='ocrx_word' id='word_1_151' title='bbox 2887 596 2945 642; x_wconf 93' lang='lat' dir='ltr'><strong>ut</strong></span> <span class='ocrx_word' id='word_1_152' title='bbox 2991 588 3243 653; x_wconf 90' lang='lat' dir='ltr'><strong>nubant,</strong></span> <span class='ocrx_word' id='word_1_153' title='bbox 3279 604 3442 658; x_wconf 79' lang='lat' dir='ltr'><strong>quam</strong></span> 
     </span>
    </p>
   </div>
   <div class='ocr_carea' id='block_1_20' title="bbox 1840 679 3449 752">
    <p class='ocr_par' dir='ltr' id='par_1_20' title="bbox 1840 679 3449 752">
     <span class='ocr_line' id='line_1_20' title="bbox 1840 679 3449 752; baseline 0 -14"><span class='ocrx_word' id='word_1_154' title='bbox 1840 683 2062 752; x_wconf 88' lang='lat' dir='ltr'><strong>repudia</strong></span> <span class='ocrx_word' id='word_1_155' title='bbox 2095 682 2375 752; x_wconf 82' lang='lat' dir='ltr'><strong>prohibet.</strong></span> <span class='ocrx_word' id='word_1_156' title='bbox 2431 680 2497 737; x_wconf 88' lang='lat' dir='ltr'><strong>Et</strong></span> <span class='ocrx_word' id='word_1_157' title='bbox 2524 681 2670 736; x_wconf 90' lang='lat' dir='ltr'><strong>sicut</strong></span> <span class='ocrx_word' id='word_1_158' title='bbox 2697 679 3025 738; x_wconf 86' lang='lat' dir='ltr'><strong>habentibus</strong></span> <span class='ocrx_word' id='word_1_159' title='bbox 3052 696 3254 737; x_wconf 85' lang='lat' dir='ltr'><strong>uxores</strong></span> <span class='ocrx_word' id='word_1_160' title='bbox 3306 681 3449 738; x_wconf 86' lang='lat' dir='ltr'><strong>tollit</strong></span> 
     </span>
    </p>
   </div>
   <div class='ocr_carea' id='block_1_21' title="bbox 1844 772 3449 842">
    <p class='ocr_par' dir='ltr' id='par_1_21' title="bbox 1844 772 3449 842">
     <span class='ocr_line' id='line_1_21' title="bbox 1844 772 3449 842; baseline -0.001 -12"><span class='ocrx_word' id='word_1_161' title='bbox 1844 775 2114 830; x_wconf 87' lang='lat' dir='ltr'><strong>licentiam</strong></span> <span class='ocrx_word' id='word_1_162' title='bbox 2142 772 2452 829; x_wconf 85' lang='lat' dir='ltr'><strong>dimittendi</strong></span> <span class='ocrx_word' id='word_1_163' title='bbox 2481 787 2600 839; x_wconf 88' lang='lat' dir='ltr'><strong>eas,</strong></span> <span class='ocrx_word' id='word_1_164' title='bbox 2626 772 2709 828; x_wconf 93' lang='lat' dir='ltr'><strong>sic</strong></span> <span class='ocrx_word' id='word_1_165' title='bbox 2728 773 3028 842; x_wconf 88' lang='lat' dir='ltr'><strong>virginibus</strong></span> <span class='ocrx_word' id='word_1_166' title='bbox 3062 773 3307 830; x_wconf 89' lang='lat' dir='ltr'><strong>nubendi</strong></span> <span class='ocrx_word' id='word_1_167' title='bbox 3330 789 3449 829; x_wconf 85' lang='lat' dir='ltr'><strong>am-</strong></span> 
     </span>
    </p>
   </div>
   <div class='ocr_carea' id='block_1_22' title="bbox 1844 865 3545 937">
    <p class='ocr_par' dir='ltr' id='par_1_22' title="bbox 1844 865 3545 937">
     <span class='ocr_line' id='line_1_22' title="bbox 1844 865 3545 937; baseline 0.001 -16"><span class='ocrx_word' id='word_1_168' title='bbox 1844 877 1995 937; x_wconf 86' lang='lat' dir='ltr'><strong>putat</strong></span> <span class='ocrx_word' id='word_1_169' title='bbox 2021 866 2355 921; x_wconf 90' lang='lat' dir='ltr'><strong>facultatem.</strong></span> <span class='ocrx_word' id='word_1_170' title='bbox 2382 865 2575 922; x_wconf 85' lang='lat' dir='ltr'><strong>Servus</strong></span> <span class='ocrx_word' id='word_1_171' title='bbox 2597 876 2805 920; x_wconf 85' lang='lat' dir='ltr'><strong>vocatus</strong></span> <span class='ocrx_word' id='word_1_172' title='bbox 2830 883 2903 934; x_wconf 89' lang='lat' dir='ltr'><strong>es,</strong></span> <span class='ocrx_word' id='word_1_173' title='bbox 2933 883 3033 921; x_wconf 89' lang='lat' dir='ltr'><strong>non</strong></span> <span class='ocrx_word' id='word_1_174' title='bbox 3063 869 3129 921; x_wconf 88' lang='lat' dir='ltr'><strong>sit</strong></span> <span class='ocrx_word' id='word_1_175' title='bbox 3158 867 3249 922; x_wconf 85' lang='lat' dir='ltr'><strong>tibi</strong></span> <span class='ocrx_word' id='word_1_176' title='bbox 3271 881 3446 935; x_wconf 73' lang='lat' dir='ltr'><strong>curre;</strong></span> <span class='ocrx_word' id='word_1_177' title='bbox 3542 926 3545 929; x_wconf 95' lang='lat'><em>_</em></span> 
     </span>
    </p>
   </div>
   <div class='ocr_carea' id='block_1_23' title="bbox 1844 962 3441 1036">
    <p class='ocr_par' dir='ltr' id='par_1_23' title="bbox 1844 962 3441 1036">
     <span class='ocr_line' id='line_1_23' title="bbox 1844 962 3441 1036; baseline 0.001 -18"><span class='ocrx_word' id='word_1_178' title='bbox 1844 964 1934 1018; x_wconf 88' lang='lat' dir='ltr'><strong>sed</strong></span> <span class='ocrx_word' id='word_1_179' title='bbox 1962 974 2008 1018; x_wconf 90' lang='lat' dir='ltr'><strong>et</strong></span> <span class='ocrx_word' id='word_1_180' title='bbox 2033 965 2078 1017; x_wconf 86' lang='lat' dir='ltr'><strong>si</strong></span> <span class='ocrx_word' id='word_1_181' title='bbox 2104 974 2244 1036; x_wconf 88' lang='lat' dir='ltr'><strong>potes</strong></span> <span class='ocrx_word' id='word_1_182' title='bbox 2274 962 2403 1019; x_wconf 88' lang='lat' dir='ltr'><strong>liber</strong></span> <span class='ocrx_word' id='word_1_183' title='bbox 2428 964 2564 1033; x_wconf 78' lang='lat' dir='ltr'><strong>ﬁeri,</strong></span> <span class='ocrx_word' id='word_1_184' title='bbox 2580 963 2745 1034; x_wconf 87' lang='lat' dir='ltr'><strong>magis</strong></span> <span class='ocrx_word' id='word_1_185' title='bbox 2768 972 2930 1017; x_wconf 85' lang='lat' dir='ltr'><strong>utere.</strong></span> <span class='ocrx_word' id='word_1_186' title='bbox 2964 962 3143 1017; x_wconf 83' lang='lat' dir='ltr'><strong>Etiam</strong></span> <span class='ocrx_word' id='word_1_187' title='bbox 3174 964 3218 1018; x_wconf 90' lang='lat' dir='ltr'><strong>si</strong></span> <span class='ocrx_word' id='word_1_188' title='bbox 3249 962 3441 1031; x_wconf 85' lang='lat' dir='ltr'><strong>habes,</strong></span> 
     </span>
    </p>
   </div>
   <div class='ocr_carea' id='block_1_24' title="bbox 1846 1057 3445 1127">
    <p class='ocr_par' dir='ltr' id='par_1_24' title="bbox 1846 1057 3445 1127">
     <span class='ocr_line' id='line_1_24' title="bbox 1846 1057 3445 1127; baseline 0 -14"><span class='ocrx_word' id='word_1_189' title='bbox 1846 1058 2060 1127; x_wconf 87' lang='lat' dir='ltr'><strong>inquit,</strong></span> <span class='ocrx_word' id='word_1_190' title='bbox 2098 1073 2330 1113; x_wconf 78' lang='lat' dir='ltr'><strong>uxorem</strong></span> <span class='ocrx_word' id='word_1_191' title='bbox 2360 1098 2375 1124; x_wconf 94' lang='lat'><strong>,</strong></span> <span class='ocrx_word' id='word_1_192' title='bbox 2410 1067 2467 1113; x_wconf 90' lang='lat' dir='ltr'><strong>et</strong></span> <span class='ocrx_word' id='word_1_193' title='bbox 2499 1057 2575 1111; x_wconf 91' lang='lat' dir='ltr'><strong>illi</strong></span> <span class='ocrx_word' id='word_1_194' title='bbox 2601 1057 2856 1127; x_wconf 80' lang='lat' dir='ltr'><strong>alligatus</strong></span> <span class='ocrx_word' id='word_1_195' title='bbox 2886 1071 2970 1121; x_wconf 91' lang='lat' dir='ltr'><strong>es,</strong></span> <span class='ocrx_word' id='word_1_196' title='bbox 3000 1066 3053 1112; x_wconf 91' lang='lat' dir='ltr'><strong>et</strong></span> <span class='ocrx_word' id='word_1_197' title='bbox 3084 1057 3258 1113; x_wconf 88' lang='lat' dir='ltr'><strong>solvis</strong></span> <span class='ocrx_word' id='word_1_198' title='bbox 3287 1057 3445 1113; x_wconf 76' lang='lat' dir='ltr'><strong>debi-</strong></span> 
     </span>
    </p>
   </div>
   <div class='ocr_carea' id='block_1_25' title="bbox 1850 1149 3443 1221">
    <p class='ocr_par' dir='ltr' id='par_1_25' title="bbox 1850 1149 3443 1221">
     <span class='ocr_line' id='line_1_25' title="bbox 1850 1149 3443 1221; baseline 0 -15"><span class='ocrx_word' id='word_1_199' title='bbox 1850 1162 1959 1207; x_wconf 91' lang='lat' dir='ltr'><strong>tum</strong></span> <span class='ocrx_word' id='word_1_200' title='bbox 1986 1193 2002 1219; x_wconf 91' lang='lat'><strong>,</strong></span> <span class='ocrx_word' id='word_1_201' title='bbox 2035 1158 2090 1207; x_wconf 92' lang='lat' dir='ltr'><strong>et</strong></span> <span class='ocrx_word' id='word_1_202' title='bbox 2117 1166 2225 1205; x_wconf 90' lang='lat' dir='ltr'><strong>non</strong></span> <span class='ocrx_word' id='word_1_203' title='bbox 2272 1150 2442 1206; x_wconf 85' lang='lat' dir='ltr'><strong>habes</strong></span> <span class='ocrx_word' id='word_1_204' title='bbox 2483 1150 2557 1205; x_wconf 93' lang='lat' dir='ltr'><strong>tui</strong></span> <span class='ocrx_word' id='word_1_205' title='bbox 2606 1149 2855 1220; x_wconf 89' lang='lat' dir='ltr'><strong>corporis</strong></span> <span class='ocrx_word' id='word_1_206' title='bbox 2886 1157 3251 1219; x_wconf 83' lang='lat' dir='ltr'><strong>potestatem;</strong></span> <span class='ocrx_word' id='word_1_207' title='bbox 3282 1160 3443 1221; x_wconf 88' lang='lat' dir='ltr'><strong>atque</strong></span> 
     </span>
    </p>
   </div>
   <div class='ocr_carea' id='block_1_26' title="bbox 1852 1242 3447 1318">
    <p class='ocr_par' dir='ltr' id='par_1_26' title="bbox 1852 1242 3447 1318">
     <span class='ocr_line' id='line_1_26' title="bbox 1852 1242 3447 1318; baseline -0.001 -17"><span class='ocrx_word' id='word_1_208' title='bbox 1852 1247 1935 1318; x_wconf 91' lang='lat' dir='ltr'><strong>(ut</strong></span> <span class='ocrx_word' id='word_1_209' title='bbox 1961 1245 2300 1302; x_wconf 90' lang='lat' dir='ltr'><strong>manifestius</strong></span> <span class='ocrx_word' id='word_1_210' title='bbox 2322 1244 2537 1315; x_wconf 85' lang='lat' dir='ltr'><strong>loquar)</strong></span> <span class='ocrx_word' id='word_1_211' title='bbox 2562 1258 2757 1299; x_wconf 91' lang='lat' dir='ltr'><strong>servus</strong></span> <span class='ocrx_word' id='word_1_212' title='bbox 2780 1242 2965 1300; x_wconf 85' lang='lat' dir='ltr'><strong>uxoris</strong></span> <span class='ocrx_word' id='word_1_213' title='bbox 2988 1258 3069 1308; x_wconf 89' lang='lat' dir='ltr'><strong>es,</strong></span> <span class='ocrx_word' id='word_1_214' title='bbox 3085 1243 3196 1298; x_wconf 92' lang='lat' dir='ltr'><strong>noli</strong></span> <span class='ocrx_word' id='word_1_215' title='bbox 3221 1253 3447 1314; x_wconf 83' lang='lat' dir='ltr'><strong>prapter</strong></span> 
     </span>
    </p>
   </div>
   <div class='ocr_carea' id='block_1_27' title="bbox 1850 1335 3452 1405">
    <p class='ocr_par' dir='ltr' id='par_1_27' title="bbox 1850 1335 3452 1405">
     <span class='ocr_line' id='line_1_27' title="bbox 1850 1335 3452 1405; baseline -0.002 -11"><span class='ocrx_word' id='word_1_216' title='bbox 1850 1338 1954 1394; x_wconf 90' lang='lat' dir='ltr'><strong>hoc</strong></span> <span class='ocrx_word' id='word_1_217' title='bbox 1985 1338 2187 1393; x_wconf 86' lang='lat' dir='ltr'><strong>habere</strong></span> <span class='ocrx_word' id='word_1_218' title='bbox 2215 1337 2524 1403; x_wconf 86' lang='lat' dir='ltr'><strong>tristitiam,</strong></span> <span class='ocrx_word' id='word_1_219' title='bbox 2572 1351 2672 1391; x_wconf 92' lang='lat' dir='ltr'><strong>nec</strong></span> <span class='ocrx_word' id='word_1_220' title='bbox 2701 1335 2771 1391; x_wconf 90' lang='lat' dir='ltr'><strong>de</strong></span> <span class='ocrx_word' id='word_1_221' title='bbox 2800 1338 2998 1391; x_wconf 90' lang='lat' dir='ltr'><strong>amissa</strong></span> <span class='ocrx_word' id='word_1_222' title='bbox 3027 1336 3339 1405; x_wconf 84' lang='lat' dir='ltr'><strong>virginitate</strong></span> <span class='ocrx_word' id='word_1_223' title='bbox 3359 1351 3452 1390; x_wconf 86' lang='lat' dir='ltr'><strong>su-</strong></span> 
     </span>
    </p>
   </div>
   <div class='ocr_carea' id='block_1_28' title="bbox 1850 1426 3458 1503">
    <p class='ocr_par' dir='ltr' id='par_1_28' title="bbox 1850 1426 3458 1503">
     <span class='ocr_line' id='line_1_28' title="bbox 1850 1426 3458 1503; baseline -0.002 -16"><span class='ocrx_word' id='word_1_224' title='bbox 1850 1433 2046 1503; x_wconf 83' lang='lat' dir='ltr'><strong>spires.</strong></span> <span class='ocrx_word' id='word_1_225' title='bbox 2092 1428 2201 1486; x_wconf 90' lang='lat' dir='ltr'><strong>Sed</strong></span> <span class='ocrx_word' id='word_1_226' title='bbox 2241 1428 2403 1483; x_wconf 82' lang='lat' dir='ltr'><strong>etiam</strong></span> <span class='ocrx_word' id='word_1_227' title='bbox 2436 1429 2481 1483; x_wconf 91' lang='lat' dir='ltr'><strong>si</strong></span> <span class='ocrx_word' id='word_1_228' title='bbox 2530 1436 2690 1497; x_wconf 81' lang='lat' dir='ltr'><strong>potes</strong></span> <span class='ocrx_word' id='word_1_229' title='bbox 2734 1441 2932 1484; x_wconf 87' lang='lat' dir='ltr'><strong>causas</strong></span> <span class='ocrx_word' id='word_1_230' title='bbox 2961 1428 3182 1495; x_wconf 89' lang='lat' dir='ltr'><strong>aliquas</strong></span> <span class='ocrx_word' id='word_1_231' title='bbox 3212 1426 3458 1483; x_wconf 86' lang='lat' dir='ltr'><strong>invenire</strong></span> 
     </span>
    </p>
   </div>
   <div class='ocr_carea' id='block_1_29' title="bbox 1851 1518 3450 1591">
    <p class='ocr_par' dir='ltr' id='par_1_29' title="bbox 1851 1518 3450 1591">
     <span class='ocr_line' id='line_1_29' title="bbox 1851 1518 3450 1591; baseline -0.004 -11"><span class='ocrx_word' id='word_1_232' title='bbox 1851 1523 2092 1589; x_wconf 89' lang='lat' dir='ltr'><strong>dissidii,</strong></span> <span class='ocrx_word' id='word_1_233' title='bbox 2127 1531 2186 1576; x_wconf 92' lang='lat' dir='ltr'><strong>ut</strong></span> <span class='ocrx_word' id='word_1_234' title='bbox 2212 1520 2467 1577; x_wconf 85' lang='lat' dir='ltr'><strong>libertate</strong></span> <span class='ocrx_word' id='word_1_235' title='bbox 2496 1520 2772 1591; x_wconf 73' lang='lat' dir='ltr'><strong>pudicitia:</strong></span> <span class='ocrx_word' id='word_1_236' title='bbox 2805 1520 3127 1590; x_wconf 84' lang='lat' dir='ltr'><strong>perfruaris,</strong></span> <span class='ocrx_word' id='word_1_237' title='bbox 3158 1518 3271 1575; x_wconf 90' lang='lat' dir='ltr'><strong>noli</strong></span> <span class='ocrx_word' id='word_1_238' title='bbox 3300 1520 3450 1575; x_wconf 87' lang='lat' dir='ltr'><strong>salu-</strong></span> 
     </span>
    </p>
   </div>
   <div class='ocr_carea' id='block_1_30' title="bbox 1852 1611 3452 1685">
    <p class='ocr_par' dir='ltr' id='par_1_30' title="bbox 1852 1611 3452 1685">
     <span class='ocr_line' id='line_1_30' title="bbox 1852 1611 3452 1685; baseline -0.001 -15"><span class='ocrx_word' id='word_1_239' title='bbox 1852 1624 1959 1671; x_wconf 86' lang='lat' dir='ltr'><strong>tem</strong></span> <span class='ocrx_word' id='word_1_240' title='bbox 2008 1625 2157 1670; x_wconf 88' lang='lat' dir='ltr'><strong>tuam</strong></span> <span class='ocrx_word' id='word_1_241' title='bbox 2206 1629 2329 1670; x_wconf 91' lang='lat' dir='ltr'><strong>cum</strong></span> <span class='ocrx_word' id='word_1_242' title='bbox 2379 1612 2602 1669; x_wconf 87' lang='lat' dir='ltr'><strong>alterius</strong></span> <span class='ocrx_word' id='word_1_243' title='bbox 2651 1613 2879 1669; x_wconf 90' lang='lat' dir='ltr'><strong>interitu</strong></span> <span class='ocrx_word' id='word_1_244' title='bbox 2922 1628 3192 1685; x_wconf 72' lang='lat' dir='ltr'><strong>qumrere.</strong></span> <span class='ocrx_word' id='word_1_245' title='bbox 3241 1611 3452 1669; x_wconf 83' lang='lat' dir='ltr'><strong>Habeto</strong></span> 
     </span>
    </p>
   </div>
   <div class='ocr_carea' id='block_1_31' title="bbox 1851 1709 3453 1779">
    <p class='ocr_par' dir='ltr' id='par_1_31' title="bbox 1851 1709 3453 1779">
     <span class='ocr_line' id='line_1_31' title="bbox 1851 1709 3453 1779; baseline 0.002 -20"><span class='ocrx_word' id='word_1_246' title='bbox 1851 1709 2129 1779; x_wconf 75' lang='lat' dir='ltr'><strong>paulisper</strong></span> <span class='ocrx_word' id='word_1_247' title='bbox 2176 1722 2403 1762; x_wconf 79' lang='lat' dir='ltr'><strong>uxorem</strong></span> <span class='ocrx_word' id='word_1_248' title='bbox 2431 1747 2445 1772; x_wconf 94' lang='lat'><strong>,</strong></span> <span class='ocrx_word' id='word_1_249' title='bbox 2499 1721 2601 1762; x_wconf 90' lang='lat' dir='ltr'><strong>nec</strong></span> <span class='ocrx_word' id='word_1_250' title='bbox 2642 1720 2949 1777; x_wconf 61' lang='lat' dir='ltr'><strong>praecurras</strong></span> <span class='ocrx_word' id='word_1_251' title='bbox 2985 1714 3325 1762; x_wconf 87' lang='lat' dir='ltr'><strong>morantem:</strong></span> <span class='ocrx_word' id='word_1_252' title='bbox 3357 1721 3453 1762; x_wconf 84' lang='lat' dir='ltr'><strong>ex-</strong></span> 
     </span>
    </p>
   </div>
   <div class='ocr_carea' id='block_1_32' title="bbox 1853 1797 3452 1871">
    <p class='ocr_par' dir='ltr' id='par_1_32' title="bbox 1853 1797 3452 1871">
     <span class='ocr_line' id='line_1_32' title="bbox 1853 1797 3452 1871; baseline 0 -16"><span class='ocrx_word' id='word_1_253' title='bbox 1853 1810 2033 1870; x_wconf 85' lang='lat' dir='ltr'><strong>Specta</strong></span> <span class='ocrx_word' id='word_1_254' title='bbox 2075 1800 2202 1855; x_wconf 88' lang='lat' dir='ltr'><strong>dttm</strong></span> <span class='ocrx_word' id='word_1_255' title='bbox 2250 1799 2519 1871; x_wconf 87' lang='lat' dir='ltr'><strong>sequitur.</strong></span> <span class='ocrx_word' id='word_1_256' title='bbox 2570 1798 2627 1854; x_wconf 91' lang='lat' dir='ltr'><strong>Si</strong></span> <span class='ocrx_word' id='word_1_257' title='bbox 2664 1800 2843 1870; x_wconf 86' lang='lat' dir='ltr'><strong>egeris</strong></span> <span class='ocrx_word' id='word_1_258' title='bbox 2888 1799 3165 1870; x_wconf 90' lang='lat' dir='ltr'><strong>patienter</strong></span> <span class='ocrx_word' id='word_1_259' title='bbox 3192 1840 3209 1866; x_wconf 92' lang='lat'><strong>,</strong></span> <span class='ocrx_word' id='word_1_260' title='bbox 3255 1797 3452 1869; x_wconf 77' lang='lat' dir='ltr'><strong>conjux</strong></span> 
     </span>
    </p>
   </div>
   <div class='ocr_carea' id='block_1_33' title="bbox 146 1884 1771 1962">
    <p class='ocr_par' dir='ltr' id='par_1_33' title="bbox 146 1884 1754 1962">
     <span class='ocr_line' id='line_1_33' title="bbox 146 1884 1754 1962; baseline -0.012 -9"><span class='ocrx_word' id='word_1_261' title='bbox 146 1911 299 1953; x_wconf 85' lang='lat' dir='ltr'><strong>mus:</strong></span> <span class='ocrx_word' id='word_1_262' title='bbox 336 1893 512 1949; x_wconf 81' lang='lat' dir='ltr'><strong>Nolite</strong></span> <span class='ocrx_word' id='word_1_263' title='bbox 540 1894 654 1962; x_wconf 76' lang='lat' dir='ltr'><strong>ﬁeri</strong></span> <span class='ocrx_word' id='word_1_264' title='bbox 676 1892 810 1946; x_wconf 83' lang='lat' dir='ltr'><strong>servi</strong></span> <span class='ocrx_word' id='word_1_265' title='bbox 840 1888 1111 1943; x_wconf 83' lang='lat' dir='ltr'><strong>hominum</strong></span> <span class='ocrx_word' id='word_1_266' title='bbox 1136 1928 1152 1955; x_wconf 88' lang='lat'><strong>,</strong></span> <span class='ocrx_word' id='word_1_267' title='bbox 1178 1902 1280 1957; x_wconf 89' lang='lat' dir='ltr'><strong>qua</strong></span> <span class='ocrx_word' id='word_1_268' title='bbox 1314 1884 1531 1939; x_wconf 85' lang='lat' dir='ltr'><strong>ratione</strong></span> <span class='ocrx_word' id='word_1_269' title='bbox 1561 1894 1754 1952; x_wconf 79' lang='lat' dir='ltr'><strong>possu-</strong></span> 
     </span>
    </p>
   </div>
   <div class='ocr_carea' id='block_1_34' title="bbox 1878 1884 3452 1962">
    <p class='ocr_par' dir='ltr' id='par_1_34' title="bbox 1878 1890 3452 1957">
     <span class='ocr_line' id='line_1_34' title="bbox 1878 1890 3452 1957; baseline -0.001 -9"><span class='ocrx_word' id='word_1_270' title='bbox 1878 1894 2154 1948; x_wconf 90' lang='lat' dir='ltr'><strong>nutabitur</strong></span> <span class='ocrx_word' id='word_1_271' title='bbox 2196 1893 2249 1947; x_wconf 93' lang='lat' dir='ltr'><strong>in</strong></span> <span class='ocrx_word' id='word_1_272' title='bbox 2298 1906 2569 1947; x_wconf 90' lang='lat' dir='ltr'><strong>sororem.</strong></span> <span class='ocrx_word' id='word_1_273' title='bbox 2618 1892 2723 1957; x_wconf 83' lang='lat' dir='ltr'><strong>Qui</strong></span> <span class='ocrx_word' id='word_1_274' title='bbox 2751 1892 2887 1945; x_wconf 88' lang='lat' dir='ltr'><strong>enim</strong></span> <span class='ocrx_word' id='word_1_275' title='bbox 2916 1893 2971 1946; x_wconf 88' lang='lat' dir='ltr'><strong>iu</strong></span> <span class='ocrx_word' id='word_1_276' title='bbox 2997 1890 3221 1946; x_wconf 88' lang='lat' dir='ltr'><strong>Domino</strong></span> <span class='ocrx_word' id='word_1_277' title='bbox 3246 1903 3452 1947; x_wconf 72' lang='lat' dir='ltr'><strong>vocatus</strong></span> 
     </span>
    </p>
   </div>
   <div class='ocr_carea' id='block_1_35' title="bbox 148 1976 1749 2055">
    <p class='ocr_par' dir='ltr' id='par_1_35' title="bbox 148 1976 1749 2055">
     <span class='ocr_line' id='line_1_35' title="bbox 148 1976 1749 2055; baseline -0.01 -14"><span class='ocrx_word' id='word_1_278' title='bbox 148 2002 268 2042; x_wconf 87' lang='lat' dir='ltr'><strong>mus</strong></span> <span class='ocrx_word' id='word_1_279' title='bbox 301 1986 354 2040; x_wconf 94' lang='lat' dir='ltr'><strong>in</strong></span> <span class='ocrx_word' id='word_1_280' title='bbox 393 2001 455 2041; x_wconf 83' lang='lat' dir='ltr'><strong>ea</strong></span> <span class='ocrx_word' id='word_1_281' title='bbox 489 1998 816 2055; x_wconf 83' lang='lat' dir='ltr'><strong>permanere</strong></span> <span class='ocrx_word' id='word_1_282' title='bbox 849 1981 1140 2036; x_wconf 89' lang='lat' dir='ltr'><strong>vocatione</strong></span> <span class='ocrx_word' id='word_1_283' title='bbox 1169 1994 1273 2048; x_wconf 87' lang='lat' dir='ltr'><strong>qua</strong></span> <span class='ocrx_word' id='word_1_284' title='bbox 1304 1976 1481 2031; x_wconf 86' lang='lat' dir='ltr'><strong>vocati</strong></span> <span class='ocrx_word' id='word_1_285' title='bbox 1520 1989 1708 2028; x_wconf 91' lang='lat' dir='ltr'><strong>sumus</strong></span> <span class='ocrx_word' id='word_1_286' title='bbox 1735 2014 1749 2039; x_wconf 93' lang='lat'><strong>,</strong></span> 
     </span>
    </p>
   </div>
   <div class='ocr_carea' id='block_1_36' title="bbox 147 2068 1750 2136">
    <p class='ocr_par' dir='ltr' id='par_1_36' title="bbox 147 2068 1750 2136">
     <span class='ocr_line' id='line_1_36' title="bbox 147 2068 1750 2136; baseline -0.01 0"><span class='ocrx_word' id='word_1_287' title='bbox 147 2096 270 2136; x_wconf 90' lang='lat' dir='ltr'><strong>cum</strong></span> <span class='ocrx_word' id='word_1_288' title='bbox 300 2080 454 2134; x_wconf 88' lang='lat' dir='ltr'><strong>multi</strong></span> <span class='ocrx_word' id='word_1_289' title='bbox 495 2077 840 2134; x_wconf 88' lang='lat' dir='ltr'><strong>crediderint</strong></span> <span class='ocrx_word' id='word_1_290' title='bbox 869 2075 1140 2129; x_wconf 87' lang='lat' dir='ltr'><strong>habentes</strong></span> <span class='ocrx_word' id='word_1_291' title='bbox 1169 2071 1424 2126; x_wconf 89' lang='lat' dir='ltr'><strong>carnales</strong></span> <span class='ocrx_word' id='word_1_292' title='bbox 1468 2068 1750 2130; x_wconf 85' lang='lat' dir='ltr'><strong>dominos,</strong></span> 
     </span>
    </p>
   </div>
   <div class='ocr_carea' id='block_1_37' title="bbox 150 2161 1757 2245">
    <p class='ocr_par' dir='ltr' id='par_1_37' title="bbox 150 2161 1757 2245">
     <span class='ocr_line' id='line_1_37' title="bbox 150 2161 1757 2245; baseline -0.009 -17"><span class='ocrx_word' id='word_1_293' title='bbox 150 2174 351 2245; x_wconf 89' lang='lat' dir='ltr'><strong>quibus</strong></span> <span class='ocrx_word' id='word_1_294' title='bbox 376 2185 523 2227; x_wconf 89' lang='lat' dir='ltr'><strong>nunc</strong></span> <span class='ocrx_word' id='word_1_295' title='bbox 565 2168 777 2225; x_wconf 88' lang='lat' dir='ltr'><strong>servire</strong></span> <span class='ocrx_word' id='word_1_296' title='bbox 799 2166 1196 2238; x_wconf 79' lang='lat' dir='ltr'><strong>prohibentur?</strong></span> <span class='ocrx_word' id='word_1_297' title='bbox 1220 2164 1395 2218; x_wconf 88' lang='lat' dir='ltr'><strong>Porro</strong></span> <span class='ocrx_word' id='word_1_298' title='bbox 1418 2162 1486 2216; x_wconf 88' lang='lat' dir='ltr'><strong>ad</strong></span> <span class='ocrx_word' id='word_1_299' title='bbox 1514 2161 1757 2215; x_wconf 85' lang='lat' dir='ltr'><strong>cireum-</strong></span> 
     </span>
    </p>
   </div>
   <div class='ocr_carea' id='block_1_38' title="bbox 148 2252 1760 2332">
    <p class='ocr_par' dir='ltr' id='par_1_38' title="bbox 148 2252 1760 2332">
     <span class='ocr_line' id='line_1_38' title="bbox 148 2252 1760 2332; baseline -0.009 -11"><span class='ocrx_word' id='word_1_300' title='bbox 148 2265 423 2321; x_wconf 89' lang='lat' dir='ltr'><strong>cisionem</strong></span> <span class='ocrx_word' id='word_1_301' title='bbox 451 2260 579 2332; x_wconf 91' lang='lat' dir='ltr'><strong>quid</strong></span> <span class='ocrx_word' id='word_1_302' title='bbox 621 2260 751 2314; x_wconf 76' lang='lat' dir='ltr'><strong>facit</strong></span> <span class='ocrx_word' id='word_1_303' title='bbox 786 2272 1109 2329; x_wconf 86' lang='lat' dir='ltr'><strong>permanere</strong></span> <span class='ocrx_word' id='word_1_304' title='bbox 1150 2257 1206 2310; x_wconf 91' lang='lat' dir='ltr'><strong>in</strong></span> <span class='ocrx_word' id='word_1_305' title='bbox 1242 2270 1306 2311; x_wconf 90' lang='lat' dir='ltr'><strong>ea</strong></span> <span class='ocrx_word' id='word_1_306' title='bbox 1344 2252 1631 2310; x_wconf 88' lang='lat' dir='ltr'><strong>vocatione</strong></span> <span class='ocrx_word' id='word_1_307' title='bbox 1658 2294 1673 2318; x_wconf 90' lang='lat'><strong>,</strong></span> <span class='ocrx_word' id='word_1_308' title='bbox 1706 2254 1760 2307; x_wconf 93' lang='lat' dir='ltr'><strong>in</strong></span> 
     </span>
    </p>
   </div>
   <div class='ocr_carea' id='block_1_39' title="bbox 150 2345 1764 2429">
    <p class='ocr_par' dir='ltr' id='par_1_39' title="bbox 150 2345 1764 2429">
     <span class='ocr_line' id='line_1_39' title="bbox 150 2345 1764 2429; baseline -0.006 -18"><span class='ocrx_word' id='word_1_309' title='bbox 150 2372 261 2429; x_wconf 88' lang='lat' dir='ltr'><strong>quo</strong></span> <span class='ocrx_word' id='word_1_310' title='bbox 286 2352 471 2409; x_wconf 86' lang='lat' dir='ltr'><strong>vocati</strong></span> <span class='ocrx_word' id='word_1_311' title='bbox 511 2366 728 2417; x_wconf 89' lang='lat' dir='ltr'><strong>sumus,</strong></span> <span class='ocrx_word' id='word_1_312' title='bbox 765 2365 888 2405; x_wconf 90' lang='lat' dir='ltr'><strong>cum</strong></span> <span class='ocrx_word' id='word_1_313' title='bbox 922 2350 976 2404; x_wconf 88' lang='lat' dir='ltr'><strong>in</strong></span> <span class='ocrx_word' id='word_1_314' title='bbox 1006 2348 1115 2403; x_wconf 88' lang='lat' dir='ltr'><strong>alio</strong></span> <span class='ocrx_word' id='word_1_315' title='bbox 1142 2347 1266 2403; x_wconf 92' lang='lat' dir='ltr'><strong>loco</strong></span> <span class='ocrx_word' id='word_1_316' title='bbox 1293 2346 1440 2403; x_wconf 90' lang='lat' dir='ltr'><strong>idem</strong></span> <span class='ocrx_word' id='word_1_317' title='bbox 1465 2345 1764 2415; x_wconf 82' lang='lat' dir='ltr'><strong>Apostolus</strong></span> 
     </span>
    </p>
   </div>
   <div class='ocr_carea' id='block_1_40' title="bbox 152 2437 1764 2514">
    <p class='ocr_par' dir='ltr' id='par_1_40' title="bbox 152 2437 1764 2514">
     <span class='ocr_line' id='line_1_40' title="bbox 152 2437 1764 2514; baseline -0.009 -9"><span class='ocrx_word' id='word_1_318' title='bbox 152 2447 441 2505; x_wconf 87' lang='lat' dir='ltr'><strong>clamitet:</strong></span> <span class='ocrx_word' id='word_1_319' title='bbox 475 2441 613 2497; x_wconf 87' lang='lat' dir='ltr'><strong>Ecce</strong></span> <span class='ocrx_word' id='word_1_320' title='bbox 649 2460 741 2514; x_wconf 89' lang='lat' dir='ltr'><strong>ego</strong></span> <span class='ocrx_word' id='word_1_321' title='bbox 781 2440 988 2497; x_wconf 86' lang='lat' dir='ltr'><strong>Paulus</strong></span> <span class='ocrx_word' id='word_1_322' title='bbox 1041 2440 1156 2494; x_wconf 84' lang='lat' dir='ltr'><strong>dico</strong></span> <span class='ocrx_word' id='word_1_323' title='bbox 1196 2439 1334 2493; x_wconf 83' lang='lat' dir='ltr'><strong>vobis</strong></span> <span class='ocrx_word' id='word_1_324' title='bbox 1364 2480 1379 2507; x_wconf 91' lang='lat'><strong>,</strong></span> <span class='ocrx_word' id='word_1_325' title='bbox 1427 2440 1675 2510; x_wconf 86' lang='lat' dir='ltr'><strong>quoniam</strong></span> <span class='ocrx_word' id='word_1_326' title='bbox 1719 2437 1764 2490; x_wconf 89' lang='lat' dir='ltr'><strong>si</strong></span> 
     </span>
    </p>
   </div>
   <div class='ocr_carea' id='block_1_41' title="bbox 156 2533 1763 2608">
    <p class='ocr_par' dir='ltr' id='par_1_41' title="bbox 156 2533 1763 2608">
     <span class='ocr_line' id='line_1_41' title="bbox 156 2533 1763 2608; baseline -0.008 -8"><span class='ocrx_word' id='word_1_327' title='bbox 156 2542 605 2600; x_wconf 74' lang='lat' dir='ltr'><strong>circumeidamini</strong></span> <span class='ocrx_word' id='word_1_328' title='bbox 628 2581 645 2608; x_wconf 96' lang='lat'><strong>,</strong></span> <span class='ocrx_word' id='word_1_329' title='bbox 677 2539 914 2595; x_wconf 84' lang='lat' dir='ltr'><strong>Christus</strong></span> <span class='ocrx_word' id='word_1_330' title='bbox 956 2538 1094 2592; x_wconf 84' lang='lat' dir='ltr'><strong>vobis</strong></span> <span class='ocrx_word' id='word_1_331' title='bbox 1138 2538 1269 2592; x_wconf 85' lang='lat' dir='ltr'><strong>nihil</strong></span> <span class='ocrx_word' id='word_1_332' title='bbox 1300 2536 1530 2607; x_wconf 81' lang='lat' dir='ltr'><strong>proderit</strong></span> <span class='ocrx_word' id='word_1_333' title='bbox 1563 2533 1763 2604; x_wconf 83' lang='lat' dir='ltr'><strong>(Galat.</strong></span> 
     </span>
    </p>
   </div>
   <div class='ocr_carea' id='block_1_42' title="bbox 160 2627 1768 2708">
    <p class='ocr_par' dir='ltr' id='par_1_42' title="bbox 160 2627 1768 2708">
     <span class='ocr_line' id='line_1_42' title="bbox 160 2627 1768 2708; baseline -0.007 -16"><span class='ocrx_word' id='word_1_334' title='bbox 160 2653 191 2692; x_wconf 92' lang='lat' dir='ltr'><strong>v</strong></span> <span class='ocrx_word' id='word_1_335' title='bbox 221 2678 239 2706; x_wconf 88' lang='lat'><strong>,</strong></span> <span class='ocrx_word' id='word_1_336' title='bbox 268 2637 372 2708; x_wconf 67' lang='lat'><strong>2)?</strong></span> <span class='ocrx_word' id='word_1_337' title='bbox 420 2636 612 2691; x_wconf 77' lang='lat' dir='ltr'><strong>Restat</strong></span> <span class='ocrx_word' id='word_1_338' title='bbox 635 2634 801 2704; x_wconf 83' lang='lat' dir='ltr'><strong>igitur</strong></span> <span class='ocrx_word' id='word_1_339' title='bbox 827 2670 844 2696; x_wconf 85' lang='lat'><strong>,</strong></span> <span class='ocrx_word' id='word_1_340' title='bbox 880 2638 941 2685; x_wconf 93' lang='lat' dir='ltr'><strong>ut</strong></span> <span class='ocrx_word' id='word_1_341' title='bbox 971 2630 1317 2687; x_wconf 83' lang='lat' dir='ltr'><strong>circumcisio</strong></span> <span class='ocrx_word' id='word_1_342' title='bbox 1346 2627 1510 2700; x_wconf 67' lang='grc'><strong>254</strong></span> <span class='ocrx_word' id='word_1_343' title='bbox 1534 2636 1591 2683; x_wconf 90' lang='lat' dir='ltr'><strong>et</strong></span> <span class='ocrx_word' id='word_1_344' title='bbox 1633 2642 1768 2698; x_wconf 74' lang='lat' dir='ltr'><strong>prte-</strong></span> 
     </span>
    </p>
   </div>
   <div class='ocr_carea' id='block_1_43' title="bbox 155 2724 1769 2803">
    <p class='ocr_par' dir='ltr' id='par_1_43' title="bbox 155 2724 1769 2803">
     <span class='ocr_line' id='line_1_43' title="bbox 155 2724 1769 2803; baseline -0.008 -15"><span class='ocrx_word' id='word_1_345' title='bbox 155 2732 368 2803; x_wconf 89' lang='lat' dir='ltr'><strong>putium</strong></span> <span class='ocrx_word' id='word_1_346' title='bbox 392 2772 408 2796; x_wconf 88' lang='lat'><strong>,</strong></span> <span class='ocrx_word' id='word_1_347' title='bbox 436 2744 632 2785; x_wconf 87' lang='lat' dir='ltr'><strong>servus</strong></span> <span class='ocrx_word' id='word_1_348' title='bbox 659 2736 714 2783; x_wconf 90' lang='lat' dir='ltr'><strong>et</strong></span> <span class='ocrx_word' id='word_1_349' title='bbox 745 2726 889 2782; x_wconf 90' lang='lat' dir='ltr'><strong>liber</strong></span> <span class='ocrx_word' id='word_1_350' title='bbox 916 2767 931 2791; x_wconf 93' lang='lat'><strong>,</strong></span> <span class='ocrx_word' id='word_1_351' title='bbox 964 2724 1237 2795; x_wconf 89' lang='lat' dir='ltr'><strong>superiori</strong></span> <span class='ocrx_word' id='word_1_352' title='bbox 1272 2726 1456 2779; x_wconf 90' lang='lat' dir='ltr'><strong>sensui</strong></span> <span class='ocrx_word' id='word_1_353' title='bbox 1503 2729 1769 2793; x_wconf 83' lang='lat' dir='ltr'><strong>coapteu-</strong></span> 
     </span>
    </p>
   </div>
   <div class='ocr_carea' id='block_1_44' title="bbox 157 2813 1767 2891">
    <p class='ocr_par' dir='ltr' id='par_1_44' title="bbox 157 2813 1767 2891">
     <span class='ocr_line' id='line_1_44' title="bbox 157 2813 1767 2891; baseline -0.009 -11"><span class='ocrx_word' id='word_1_354' title='bbox 157 2834 287 2891; x_wconf 85' lang='lat' dir='ltr'><strong>tur,</strong></span> <span class='ocrx_word' id='word_1_355' title='bbox 339 2832 395 2879; x_wconf 87' lang='lat' dir='ltr'><strong>et</strong></span> <span class='ocrx_word' id='word_1_356' title='bbox 431 2820 501 2877; x_wconf 89' lang='lat' dir='ltr'><strong>de</strong></span> <span class='ocrx_word' id='word_1_357' title='bbox 538 2816 997 2876; x_wconf 84' lang='lat' dir='ltr'><strong>antecedentibus</strong></span> <span class='ocrx_word' id='word_1_358' title='bbox 1035 2815 1332 2884; x_wconf 85' lang='lat' dir='ltr'><strong>pendeant.</strong></span> <span class='ocrx_word' id='word_1_359' title='bbox 1362 2814 1391 2853; x_wconf 69' lang='grc' dir='ltr'><strong>ι’</strong></span> <span class='ocrx_word' id='word_1_360' title='bbox 1418 2813 1767 2869; x_wconf 69' lang='lat' dir='ltr'><strong>Circumcisus</strong></span> 
     </span>
    </p>
   </div>
   <div class='ocr_carea' id='block_1_45' title="bbox 158 2905 1766 2990">
    <p class='ocr_par' dir='ltr' id='par_1_45' title="bbox 158 2905 1766 2990">
     <span class='ocr_line' id='line_1_45' title="bbox 158 2905 1766 2990; baseline -0.007 -19"><span class='ocrx_word' id='word_1_361' title='bbox 158 2917 352 2990; x_wconf 84' lang='lat' dir='ltr'><strong>aliquis</strong></span> <span class='ocrx_word' id='word_1_362' title='bbox 396 2922 607 2969; x_wconf 80' lang='lat' dir='ltr'><strong>vocatus</strong></span> <span class='ocrx_word' id='word_1_363' title='bbox 652 2922 726 2967; x_wconf 89' lang='lat' dir='ltr'><strong>est</strong></span> <span class='ocrx_word' id='word_1_364' title='bbox 762 2953 777 2977; x_wconf 92' lang='lat'><strong>,</strong></span> <span class='ocrx_word' id='word_1_365' title='bbox 827 2927 931 2965; x_wconf 88' lang='lat' dir='ltr'><strong>non</strong></span> <span class='ocrx_word' id='word_1_366' title='bbox 974 2909 1200 2963; x_wconf 85' lang='lat' dir='ltr'><strong>adducat</strong></span> <span class='ocrx_word' id='word_1_367' title='bbox 1249 2907 1580 2979; x_wconf 78' lang='lat' dir='ltr'><strong>prwputium.</strong></span> <span class='ocrx_word' id='word_1_368' title='bbox 1631 2905 1711 2960; x_wconf 88' lang='lat' dir='ltr'><strong>Eo</strong></span> <span class='ocrx_word' id='word_1_369' title='bbox 1750 2945 1766 2971; x_wconf 90' lang='lat'><strong>,</strong></span> 
     </span>
    </p>
   </div>
   <div class='ocr_carea' id='block_1_46' title="bbox 159 2997 1768 3078">
    <p class='ocr_par' dir='ltr' id='par_1_46' title="bbox 159 2997 1768 3078">
     <span class='ocr_line' id='line_1_46' title="bbox 159 2997 1768 3078; baseline -0.009 -13"><span class='ocrx_word' id='word_1_370' title='bbox 159 3007 368 3078; x_wconf 87' lang='lat' dir='ltr'><strong>inquit,</strong></span> <span class='ocrx_word' id='word_1_371' title='bbox 420 3015 667 3077; x_wconf 90' lang='lat' dir='ltr'><strong>tempore</strong></span> <span class='ocrx_word' id='word_1_372' title='bbox 713 3018 822 3073; x_wconf 91' lang='lat' dir='ltr'><strong>quo</strong></span> <span class='ocrx_word' id='word_1_373' title='bbox 867 3011 1093 3058; x_wconf 88' lang='lat' dir='ltr'><strong>vocatus</strong></span> <span class='ocrx_word' id='word_1_374' title='bbox 1144 3016 1226 3064; x_wconf 88' lang='lat' dir='ltr'><strong>es,</strong></span> <span class='ocrx_word' id='word_1_375' title='bbox 1278 3010 1332 3055; x_wconf 92' lang='lat' dir='ltr'><strong>et</strong></span> <span class='ocrx_word' id='word_1_376' title='bbox 1378 2997 1660 3054; x_wconf 86' lang='lat' dir='ltr'><strong>credidisti</strong></span> <span class='ocrx_word' id='word_1_377' title='bbox 1716 2999 1768 3051; x_wconf 89' lang='lat' dir='ltr'><strong>in</strong></span> 
     </span>
    </p>
   </div>
   <div class='ocr_carea' id='block_1_47' title="bbox 162 3092 1776 3164">
    <p class='ocr_par' dir='ltr' id='par_1_47' title="bbox 162 3092 1776 3164">
     <span class='ocr_line' id='line_1_47' title="bbox 162 3092 1776 3164; baseline -0.009 -7"><span class='ocrx_word' id='word_1_378' title='bbox 162 3100 446 3157; x_wconf 85' lang='lat' dir='ltr'><strong>Christum</strong></span> <span class='ocrx_word' id='word_1_379' title='bbox 479 3139 495 3164; x_wconf 88' lang='lat'><strong>,</strong></span> <span class='ocrx_word' id='word_1_380' title='bbox 541 3098 588 3154; x_wconf 92' lang='lat' dir='ltr'><strong>si</strong></span> <span class='ocrx_word' id='word_1_381' title='bbox 629 3097 991 3154; x_wconf 88' lang='lat' dir='ltr'><strong>circumcisus</strong></span> <span class='ocrx_word' id='word_1_382' title='bbox 1018 3101 1250 3150; x_wconf 86' lang='lat' dir='ltr'><strong>vocatus</strong></span> <span class='ocrx_word' id='word_1_383' title='bbox 1278 3107 1338 3148; x_wconf 92' lang='lat' dir='ltr'><strong>es</strong></span> <span class='ocrx_word' id='word_1_384' title='bbox 1366 3092 1434 3147; x_wconf 89' lang='lat' dir='ltr'><strong>ab</strong></span> <span class='ocrx_word' id='word_1_385' title='bbox 1462 3105 1634 3147; x_wconf 81' lang='lat' dir='ltr'><strong>uxore</strong></span> <span class='ocrx_word' id='word_1_386' title='bbox 1666 3128 1681 3154; x_wconf 87' lang='lat'><strong>,</strong></span> <span class='ocrx_word' id='word_1_387' title='bbox 1720 3098 1776 3144; x_wconf 90' lang='lat' dir='ltr'><strong>et</strong></span> 
     </span>
    </p>
   </div>
   <div class='ocr_carea' id='block_1_48' title="bbox 161 3182 1777 3253">
    <p class='ocr_par' dir='ltr' id='par_1_48' title="bbox 161 3182 1777 3253">
     <span class='ocr_line' id='line_1_48' title="bbox 161 3182 1777 3253; baseline -0.009 -2"><span class='ocrx_word' id='word_1_388' title='bbox 161 3194 377 3251; x_wconf 66' lang='lat' dir='ltr'><strong>caelebs</strong></span> <span class='ocrx_word' id='word_1_389' title='bbox 412 3206 568 3249; x_wconf 89' lang='lat' dir='ltr'><strong>eras:</strong></span> <span class='ocrx_word' id='word_1_390' title='bbox 602 3190 714 3245; x_wconf 92' lang='lat' dir='ltr'><strong>noli</strong></span> <span class='ocrx_word' id='word_1_391' title='bbox 747 3189 950 3245; x_wconf 89' lang='lat' dir='ltr'><strong>dueere</strong></span> <span class='ocrx_word' id='word_1_392' title='bbox 978 3201 1232 3253; x_wconf 82' lang='lat' dir='ltr'><strong>uxorem,</strong></span> <span class='ocrx_word' id='word_1_393' title='bbox 1264 3185 1368 3240; x_wconf 89' lang='lat' dir='ltr'><strong>hoc</strong></span> <span class='ocrx_word' id='word_1_394' title='bbox 1396 3191 1506 3249; x_wconf 87' lang='lat' dir='ltr'><strong>est,</strong></span> <span class='ocrx_word' id='word_1_395' title='bbox 1536 3184 1646 3238; x_wconf 90' lang='lat' dir='ltr'><strong>noli</strong></span> <span class='ocrx_word' id='word_1_396' title='bbox 1678 3182 1777 3236; x_wconf 88' lang='lat' dir='ltr'><strong>ad-</strong></span> 
     </span>
    </p>
   </div>
   <div class='ocr_carea' id='block_1_49' title="bbox 1855 1982 3456 2054">
    <p class='ocr_par' dir='ltr' id='par_1_49' title="bbox 1855 1982 3456 2054">
     <span class='ocr_line' id='line_1_49' title="bbox 1855 1982 3456 2054; baseline -0.002 -13"><span class='ocrx_word' id='word_1_397' title='bbox 1855 1995 1928 2041; x_wconf 88' lang='lat' dir='ltr'><strong>est</strong></span> <span class='ocrx_word' id='word_1_398' title='bbox 1955 2001 2131 2040; x_wconf 79' lang='lat' dir='ltr'><strong>servus</strong></span> <span class='ocrx_word' id='word_1_399' title='bbox 2158 2027 2172 2054; x_wconf 93' lang='lat'><strong>,</strong></span> <span class='ocrx_word' id='word_1_400' title='bbox 2209 1984 2425 2039; x_wconf 84' lang='lat' dir='ltr'><strong>libertus</strong></span> <span class='ocrx_word' id='word_1_401' title='bbox 2448 1994 2522 2038; x_wconf 85' lang='lat' dir='ltr'><strong>est</strong></span> <span class='ocrx_word' id='word_1_402' title='bbox 2551 1982 2805 2037; x_wconf 86' lang='lat' dir='ltr'><strong>Domini:</strong></span> <span class='ocrx_word' id='word_1_403' title='bbox 2835 1983 3071 2038; x_wconf 84' lang='lat' dir='ltr'><strong>similiter</strong></span> <span class='ocrx_word' id='word_1_404' title='bbox 3095 1984 3184 2053; x_wconf 90' lang='lat' dir='ltr'><strong>qui</strong></span> <span class='ocrx_word' id='word_1_405' title='bbox 3211 1984 3341 2039; x_wconf 88' lang='lat' dir='ltr'><strong>liber</strong></span> <span class='ocrx_word' id='word_1_406' title='bbox 3367 1999 3456 2038; x_wconf 81' lang='lat' dir='ltr'><strong>tto-</strong></span> 
     </span>
    </p>
   </div>
   <div class='ocr_carea' id='block_1_50' title="bbox 1858 2076 3458 2145">
    <p class='ocr_par' dir='ltr' id='par_1_50' title="bbox 1858 2076 3458 2145">
     <span class='ocr_line' id='line_1_50' title="bbox 1858 2076 3458 2145; baseline 0.002 -14"><span class='ocrx_word' id='word_1_407' title='bbox 1858 2089 2004 2132; x_wconf 80' lang='lat' dir='ltr'><strong>vatus</strong></span> <span class='ocrx_word' id='word_1_408' title='bbox 2036 2089 2109 2133; x_wconf 90' lang='lat' dir='ltr'><strong>est</strong></span> <span class='ocrx_word' id='word_1_409' title='bbox 2136 2120 2150 2145; x_wconf 90' lang='lat'><strong>,</strong></span> <span class='ocrx_word' id='word_1_410' title='bbox 2183 2094 2357 2133; x_wconf 81' lang='lat' dir='ltr'><strong>servus</strong></span> <span class='ocrx_word' id='word_1_411' title='bbox 2385 2088 2459 2133; x_wconf 87' lang='lat' dir='ltr'><strong>est</strong></span> <span class='ocrx_word' id='word_1_412' title='bbox 2490 2077 2703 2133; x_wconf 86' lang='lat' dir='ltr'><strong>Christi.</strong></span> <span class='ocrx_word' id='word_1_413' title='bbox 2744 2076 2942 2132; x_wconf 84' lang='lat' dir='ltr'><strong>Reddit</strong></span> <span class='ocrx_word' id='word_1_414' title='bbox 2981 2093 3177 2133; x_wconf 88' lang='lat' dir='ltr'><strong>causas</strong></span> <span class='ocrx_word' id='word_1_415' title='bbox 3201 2093 3299 2135; x_wconf 91' lang='lat' dir='ltr'><strong>cur</strong></span> <span class='ocrx_word' id='word_1_416' title='bbox 3322 2078 3458 2134; x_wconf 92' lang='lat' dir='ltr'><strong>nolit</strong></span> 
     </span>
    </p>
   </div>
   <div class='ocr_carea' id='block_1_51' title="bbox 1860 2168 3456 2241">
    <p class='ocr_par' dir='ltr' id='par_1_51' title="bbox 1860 2168 3456 2241">
     <span class='ocr_line' id='line_1_51' title="bbox 1860 2168 3456 2241; baseline 0 -17"><span class='ocrx_word' id='word_1_417' title='bbox 1860 2184 2064 2225; x_wconf 81' lang='lat' dir='ltr'><strong>uxores</strong></span> <span class='ocrx_word' id='word_1_418' title='bbox 2091 2170 2293 2226; x_wconf 83' lang='lat' dir='ltr'><strong>deseri.</strong></span> <span class='ocrx_word' id='word_1_419' title='bbox 2319 2169 2530 2225; x_wconf 91' lang='lat' dir='ltr'><strong>Idcirco</strong></span> <span class='ocrx_word' id='word_1_420' title='bbox 2549 2170 2658 2225; x_wconf 88' lang='lat' dir='ltr'><strong>ait:</strong></span> <span class='ocrx_word' id='word_1_421' title='bbox 2691 2168 2959 2241; x_wconf 73' lang='lat' dir='ltr'><strong>Praecipio</strong></span> <span class='ocrx_word' id='word_1_422' title='bbox 2978 2211 2994 2235; x_wconf 88' lang='lat'><strong>,</strong></span> <span class='ocrx_word' id='word_1_423' title='bbox 3028 2183 3084 2225; x_wconf 93' lang='lat' dir='ltr'><strong>ut</strong></span> <span class='ocrx_word' id='word_1_424' title='bbox 3109 2171 3162 2225; x_wconf 92' lang='lat' dir='ltr'><strong>in</strong></span> <span class='ocrx_word' id='word_1_425' title='bbox 3181 2170 3456 2225; x_wconf 87' lang='lat' dir='ltr'><strong>Christum</strong></span> 
     </span>
    </p>
   </div>
   <div class='ocr_carea' id='block_1_52' title="bbox 1861 2261 3459 2333">
    <p class='ocr_par' dir='ltr' id='par_1_52' title="bbox 1861 2261 3459 2333">
     <span class='ocr_line' id='line_1_52' title="bbox 1861 2261 3459 2333; baseline 0.001 -15"><span class='ocrx_word' id='word_1_426' title='bbox 1861 2262 1930 2318; x_wconf 91' lang='lat' dir='ltr'><strong>de</strong></span> <span class='ocrx_word' id='word_1_427' title='bbox 1953 2262 2256 2333; x_wconf 82' lang='lat' dir='ltr'><strong>gentilitate</strong></span> <span class='ocrx_word' id='word_1_428' title='bbox 2285 2262 2579 2319; x_wconf 88' lang='lat' dir='ltr'><strong>credentes</strong></span> <span class='ocrx_word' id='word_1_429' title='bbox 2607 2261 2737 2317; x_wconf 91' lang='lat' dir='ltr'><strong>inita</strong></span> <span class='ocrx_word' id='word_1_430' title='bbox 2763 2273 2892 2316; x_wconf 90' lang='lat' dir='ltr'><strong>ante</strong></span> <span class='ocrx_word' id='word_1_431' title='bbox 2920 2261 3084 2319; x_wconf 88' lang='lat' dir='ltr'><strong>Iidem</strong></span> <span class='ocrx_word' id='word_1_432' title='bbox 3110 2261 3459 2319; x_wconf 88' lang='lat' dir='ltr'><strong>matrimonia</strong></span> 
     </span>
    </p>
   </div>
   <div class='ocr_carea' id='block_1_53' title="bbox 1864 2356 3461 2429">
    <p class='ocr_par' dir='ltr' id='par_1_53' title="bbox 1864 2356 3461 2429">
     <span class='ocr_line' id='line_1_53' title="bbox 1864 2356 3461 2429; baseline 0 -16"><span class='ocrx_word' id='word_1_433' title='bbox 1864 2374 1971 2413; x_wconf 92' lang='lat' dir='ltr'><strong>non</strong></span> <span class='ocrx_word' id='word_1_434' title='bbox 2005 2356 2347 2427; x_wconf 88' lang='lat' dir='ltr'><strong>relinquant:</strong></span> <span class='ocrx_word' id='word_1_435' title='bbox 2379 2357 2504 2427; x_wconf 90' lang='lat' dir='ltr'><strong>quia</strong></span> <span class='ocrx_word' id='word_1_436' title='bbox 2528 2357 2619 2427; x_wconf 90' lang='lat' dir='ltr'><strong>qui</strong></span> <span class='ocrx_word' id='word_1_437' title='bbox 2651 2357 2813 2429; x_wconf 72' lang='lat'><strong>255</strong></span> <span class='ocrx_word' id='word_1_438' title='bbox 2845 2371 3071 2412; x_wconf 81' lang='lat' dir='ltr'><strong>uxorem</strong></span> <span class='ocrx_word' id='word_1_439' title='bbox 3103 2356 3309 2413; x_wconf 84' lang='lat' dir='ltr'><strong>habens</strong></span> <span class='ocrx_word' id='word_1_440' title='bbox 3338 2370 3461 2413; x_wconf 88' lang='lat' dir='ltr'><strong>cre-</strong></span> 
     </span>
    </p>
   </div>
   <div class='ocr_carea' id='block_1_54' title="bbox 1866 2449 3465 2522">
    <p class='ocr_par' dir='ltr' id='par_1_54' title="bbox 1866 2449 3465 2522">
     <span class='ocr_line' id='line_1_54' title="bbox 1866 2449 3465 2522; baseline 0 -15"><span class='ocrx_word' id='word_1_441' title='bbox 1866 2452 2025 2517; x_wconf 90' lang='lat' dir='ltr'><strong>didit,</strong></span> <span class='ocrx_word' id='word_1_442' title='bbox 2057 2466 2165 2506; x_wconf 89' lang='lat' dir='ltr'><strong>non</strong></span> <span class='ocrx_word' id='word_1_443' title='bbox 2196 2460 2345 2506; x_wconf 87' lang='lat' dir='ltr'><strong>tanto</strong></span> <span class='ocrx_word' id='word_1_444' title='bbox 2372 2451 2468 2506; x_wconf 88' lang='lat' dir='ltr'><strong>Dei</strong></span> <span class='ocrx_word' id='word_1_445' title='bbox 2491 2449 2715 2505; x_wconf 85' lang='lat' dir='ltr'><strong>servitio</strong></span> <span class='ocrx_word' id='word_1_446' title='bbox 2744 2451 3043 2516; x_wconf 88' lang='lat' dir='ltr'><strong>detinetur,</strong></span> <span class='ocrx_word' id='word_1_447' title='bbox 3076 2459 3281 2521; x_wconf 83' lang='lat' dir='ltr'><strong>quanto</strong></span> <span class='ocrx_word' id='word_1_448' title='bbox 3302 2450 3465 2522; x_wconf 83' lang='lat' dir='ltr'><strong>virgi-</strong></span> 
     </span>
    </p>
   </div>
   <div class='ocr_carea' id='block_1_55' title="bbox 1870 2542 3467 2614">
    <p class='ocr_par' dir='ltr' id='par_1_55' title="bbox 1870 2542 3467 2614">
     <span class='ocr_line' id='line_1_55' title="bbox 1870 2542 3467 2614; baseline -0.001 -13"><span class='ocrx_word' id='word_1_449' title='bbox 1870 2561 1967 2601; x_wconf 90' lang='lat' dir='ltr'><strong>nes</strong></span> <span class='ocrx_word' id='word_1_450' title='bbox 1996 2553 2051 2599; x_wconf 92' lang='lat' dir='ltr'><strong>et</strong></span> <span class='ocrx_word' id='word_1_451' title='bbox 2098 2545 2372 2613; x_wconf 80' lang='lat' dir='ltr'><strong>innuptae;</strong></span> <span class='ocrx_word' id='word_1_452' title='bbox 2425 2544 2519 2600; x_wconf 90' lang='lat' dir='ltr'><strong>sed</strong></span> <span class='ocrx_word' id='word_1_453' title='bbox 2558 2543 2961 2614; x_wconf 90' lang='lat' dir='ltr'><strong>quodammodo</strong></span> <span class='ocrx_word' id='word_1_454' title='bbox 2991 2551 3078 2598; x_wconf 90' lang='lat' dir='ltr'><strong>est</strong></span> <span class='ocrx_word' id='word_1_455' title='bbox 3106 2542 3331 2599; x_wconf 88' lang='lat' dir='ltr'><strong>liberior</strong></span> <span class='ocrx_word' id='word_1_456' title='bbox 3364 2584 3379 2609; x_wconf 88' lang='lat'><strong>,</strong></span> <span class='ocrx_word' id='word_1_457' title='bbox 3412 2551 3467 2599; x_wconf 89' lang='lat' dir='ltr'><strong>et</strong></span> 
     </span>
    </p>
   </div>
   <div class='ocr_carea' id='block_1_56' title="bbox 1870 2634 3469 2692">
    <p class='ocr_par' dir='ltr' id='par_1_56' title="bbox 1870 2634 3469 2692">
     <span class='ocr_line' id='line_1_56' title="bbox 1870 2634 3469 2692; baseline -0.002 0"><span class='ocrx_word' id='word_1_458' title='bbox 1870 2636 2153 2692; x_wconf 87' lang='lat' dir='ltr'><strong>servitutis</strong></span> <span class='ocrx_word' id='word_1_459' title='bbox 2179 2635 2258 2690; x_wconf 90' lang='lat' dir='ltr'><strong>illi</strong></span> <span class='ocrx_word' id='word_1_460' title='bbox 2285 2635 2436 2691; x_wconf 89' lang='lat' dir='ltr'><strong>frena</strong></span> <span class='ocrx_word' id='word_1_461' title='bbox 2465 2635 2744 2691; x_wconf 78' lang='lat' dir='ltr'><strong>laxantur:</strong></span> <span class='ocrx_word' id='word_1_462' title='bbox 2774 2642 2831 2690; x_wconf 88' lang='lat' dir='ltr'><strong>et</strong></span> <span class='ocrx_word' id='word_1_463' title='bbox 2859 2634 2987 2692; x_wconf 92' lang='lat' dir='ltr'><strong>dum</strong></span> <span class='ocrx_word' id='word_1_464' title='bbox 3020 2635 3208 2690; x_wconf 77' lang='lat' dir='ltr'><strong>uxoris</strong></span> <span class='ocrx_word' id='word_1_465' title='bbox 3246 2642 3334 2690; x_wconf 89' lang='lat' dir='ltr'><strong>est</strong></span> <span class='ocrx_word' id='word_1_466' title='bbox 3354 2648 3469 2689; x_wconf 84' lang='lat' dir='ltr'><strong>ser-</strong></span> 
     </span>
    </p>
   </div>
   <div class='ocr_carea' id='block_1_57' title="bbox 1870 2724 3471 2796">
    <p class='ocr_par' dir='ltr' id='par_1_57' title="bbox 1870 2724 3471 2796">
     <span class='ocr_line' id='line_1_57' title="bbox 1870 2724 3471 2796; baseline -0.001 -13"><span class='ocrx_word' id='word_1_467' title='bbox 1870 2744 1969 2784; x_wconf 88' lang='lat' dir='ltr'><strong>vus</strong></span> <span class='ocrx_word' id='word_1_468' title='bbox 1992 2771 2008 2796; x_wconf 95' lang='lat'><strong>,</strong></span> <span class='ocrx_word' id='word_1_469' title='bbox 2064 2734 2123 2782; x_wconf 90' lang='lat' dir='ltr'><strong>ut</strong></span> <span class='ocrx_word' id='word_1_470' title='bbox 2164 2728 2235 2781; x_wconf 92' lang='lat' dir='ltr'><strong>ita</strong></span> <span class='ocrx_word' id='word_1_471' title='bbox 2266 2726 2443 2781; x_wconf 81' lang='lat' dir='ltr'><strong>dicam</strong></span> <span class='ocrx_word' id='word_1_472' title='bbox 2472 2767 2489 2794; x_wconf 95' lang='lat'><strong>,</strong></span> <span class='ocrx_word' id='word_1_473' title='bbox 2524 2726 2749 2782; x_wconf 87' lang='lat' dir='ltr'><strong>libertus</strong></span> <span class='ocrx_word' id='word_1_474' title='bbox 2777 2737 2862 2782; x_wconf 91' lang='lat' dir='ltr'><strong>est</strong></span> <span class='ocrx_word' id='word_1_475' title='bbox 2895 2725 3135 2781; x_wconf 90' lang='lat' dir='ltr'><strong>Domini.</strong></span> <span class='ocrx_word' id='word_1_476' title='bbox 3181 2725 3352 2781; x_wconf 87' lang='lat' dir='ltr'><strong>Porro</strong></span> <span class='ocrx_word' id='word_1_477' title='bbox 3377 2724 3471 2796; x_wconf 88' lang='lat' dir='ltr'><strong>qui</strong></span> 
     </span>
    </p>
   </div>
   <div class='ocr_carea' id='block_1_58' title="bbox 1870 2819 3471 2889">
    <p class='ocr_par' dir='ltr' id='par_1_58' title="bbox 1870 2819 3471 2889">
     <span class='ocr_line' id='line_1_58' title="bbox 1870 2819 3471 2889; baseline -0.001 -12"><span class='ocrx_word' id='word_1_478' title='bbox 1870 2837 2096 2877; x_wconf 81' lang='lat' dir='ltr'><strong>uxorem</strong></span> <span class='ocrx_word' id='word_1_479' title='bbox 2148 2836 2255 2877; x_wconf 91' lang='lat' dir='ltr'><strong>non</strong></span> <span class='ocrx_word' id='word_1_480' title='bbox 2294 2820 2503 2876; x_wconf 88' lang='lat' dir='ltr'><strong>habens</strong></span> <span class='ocrx_word' id='word_1_481' title='bbox 2530 2862 2545 2887; x_wconf 91' lang='lat'><strong>,</strong></span> <span class='ocrx_word' id='word_1_482' title='bbox 2590 2820 2867 2889; x_wconf 90' lang='lat' dir='ltr'><strong>credidit,</strong></span> <span class='ocrx_word' id='word_1_483' title='bbox 2904 2831 2959 2876; x_wconf 88' lang='lat' dir='ltr'><strong>et</strong></span> <span class='ocrx_word' id='word_1_484' title='bbox 2985 2820 3124 2876; x_wconf 88' lang='lat' dir='ltr'><strong>liber</strong></span> <span class='ocrx_word' id='word_1_485' title='bbox 3147 2835 3177 2874; x_wconf 92' lang='lat' dir='ltr'><strong>a</strong></span> <span class='ocrx_word' id='word_1_486' title='bbox 3208 2819 3471 2876; x_wconf 85' lang='lat' dir='ltr'><strong>servitute</strong></span> 
     </span>
    </p>
   </div>
   <div class='ocr_carea' id='block_1_59' title="bbox 1872 2913 3469 2985">
    <p class='ocr_par' dir='ltr' id='par_1_59' title="bbox 1872 2913 3469 2985">
     <span class='ocr_line' id='line_1_59' title="bbox 1872 2913 3469 2985; baseline -0.001 -16"><span class='ocrx_word' id='word_1_487' title='bbox 1872 2914 2107 2985; x_wconf 76' lang='lat' dir='ltr'><strong>conjugii</strong></span> <span class='ocrx_word' id='word_1_488' title='bbox 2133 2921 2357 2968; x_wconf 91' lang='lat' dir='ltr'><strong>vocatus</strong></span> <span class='ocrx_word' id='word_1_489' title='bbox 2384 2922 2468 2968; x_wconf 89' lang='lat' dir='ltr'><strong>est</strong></span> <span class='ocrx_word' id='word_1_490' title='bbox 2502 2927 2530 2965; x_wconf 88' lang='lat' dir='ltr'><strong>a</strong></span> <span class='ocrx_word' id='word_1_491' title='bbox 2566 2913 2799 2969; x_wconf 83' lang='lat' dir='ltr'><strong>Domino</strong></span> <span class='ocrx_word' id='word_1_492' title='bbox 2827 2954 2845 2981; x_wconf 87' lang='lat'><strong>,</strong></span> <span class='ocrx_word' id='word_1_493' title='bbox 2875 2913 2969 2969; x_wconf 88' lang='lat' dir='ltr'><strong>ille</strong></span> <span class='ocrx_word' id='word_1_494' title='bbox 2998 2928 3128 2968; x_wconf 89' lang='lat' dir='ltr'><strong>vere</strong></span> <span class='ocrx_word' id='word_1_495' title='bbox 3156 2927 3351 2968; x_wconf 89' lang='lat' dir='ltr'><strong>servus</strong></span> <span class='ocrx_word' id='word_1_496' title='bbox 3380 2920 3469 2968; x_wconf 85' lang='lat' dir='ltr'><strong>est</strong></span> 
     </span>
    </p>
   </div>
   <div class='ocr_carea' id='block_1_60' title="bbox 1871 3006 3468 3077">
    <p class='ocr_par' dir='ltr' id='par_1_60' title="bbox 1871 3006 3468 3077">
     <span class='ocr_line' id='line_1_60' title="bbox 1871 3006 3468 3077; baseline 0.001 -15"><span class='ocrx_word' id='word_1_497' title='bbox 1871 3006 2099 3063; x_wconf 87' lang='lat' dir='ltr'><strong>Christi.</strong></span> <span class='ocrx_word' id='word_1_498' title='bbox 2130 3008 2343 3077; x_wconf 86' lang='lat' dir='ltr'><strong>Quanta</strong></span> <span class='ocrx_word' id='word_1_499' title='bbox 2374 3007 2611 3064; x_wconf 84' lang='lat' dir='ltr'><strong>felicitas</strong></span> <span class='ocrx_word' id='word_1_500' title='bbox 2636 3051 2651 3075; x_wconf 89' lang='lat'><strong>,</strong></span> <span class='ocrx_word' id='word_1_501' title='bbox 2686 3023 2796 3063; x_wconf 91' lang='lat' dir='ltr'><strong>non</strong></span> <span class='ocrx_word' id='word_1_502' title='bbox 2826 3007 3011 3063; x_wconf 83' lang='lat' dir='ltr'><strong>uxoris</strong></span> <span class='ocrx_word' id='word_1_503' title='bbox 3040 3023 3262 3065; x_wconf 89' lang='lat' dir='ltr'><strong>servum</strong></span> <span class='ocrx_word' id='word_1_504' title='bbox 3303 3023 3426 3064; x_wconf 89' lang='lat' dir='ltr'><strong>esse</strong></span> <span class='ocrx_word' id='word_1_505' title='bbox 3452 3049 3468 3076; x_wconf 87' lang='lat'><strong>,</strong></span> 
     </span>
    </p>
   </div>
   <div class='ocr_carea' id='block_1_61' title="bbox 1876 3098 3473 3169">
    <p class='ocr_par' dir='ltr' id='par_1_61' title="bbox 1876 3098 3473 3169">
     <span class='ocr_line' id='line_1_61' title="bbox 1876 3098 3473 3169; baseline 0.001 -14"><span class='ocrx_word' id='word_1_506' title='bbox 1876 3099 1971 3155; x_wconf 89' lang='lat' dir='ltr'><strong>sed</strong></span> <span class='ocrx_word' id='word_1_507' title='bbox 1997 3100 2240 3167; x_wconf 88' lang='lat' dir='ltr'><strong>Christi;</strong></span> <span class='ocrx_word' id='word_1_508' title='bbox 2273 3116 2380 3155; x_wconf 91' lang='lat' dir='ltr'><strong>non</strong></span> <span class='ocrx_word' id='word_1_509' title='bbox 2432 3099 2583 3156; x_wconf 91' lang='lat' dir='ltr'><strong>carni</strong></span> <span class='ocrx_word' id='word_1_510' title='bbox 2631 3100 2838 3156; x_wconf 89' lang='lat' dir='ltr'><strong>servire</strong></span> <span class='ocrx_word' id='word_1_511' title='bbox 2866 3141 2881 3165; x_wconf 86' lang='lat'><strong>,</strong></span> <span class='ocrx_word' id='word_1_512' title='bbox 2931 3100 3029 3156; x_wconf 87' lang='lat' dir='ltr'><strong>sed</strong></span> <span class='ocrx_word' id='word_1_513' title='bbox 3079 3098 3330 3168; x_wconf 86' lang='lat' dir='ltr'><strong>spiritui!</strong></span> <span class='ocrx_word' id='word_1_514' title='bbox 3368 3099 3473 3169; x_wconf 87' lang='lat' dir='ltr'><strong>Qui</strong></span> 
     </span>
    </p>
   </div>
   <div class='ocr_carea' id='block_1_62' title="bbox 1879 3193 3473 3267">
    <p class='ocr_par' dir='ltr' id='par_1_62' title="bbox 1879 3193 3473 3267">
     <span class='ocr_line' id='line_1_62' title="bbox 1879 3193 3473 3267; baseline 0.001 -18"><span class='ocrx_word' id='word_1_515' title='bbox 1879 3196 2014 3249; x_wconf 85' lang='lat' dir='ltr'><strong>enim</strong></span> <span class='ocrx_word' id='word_1_516' title='bbox 2034 3195 2263 3249; x_wconf 68' lang='lat' dir='ltr'><strong>adhaeret</strong></span> <span class='ocrx_word' id='word_1_517' title='bbox 2286 3194 2531 3260; x_wconf 89' lang='lat' dir='ltr'><strong>Domino,</strong></span> <span class='ocrx_word' id='word_1_518' title='bbox 2549 3211 2681 3249; x_wconf 79' lang='lat' dir='ltr'><strong>unus</strong></span> <span class='ocrx_word' id='word_1_519' title='bbox 2708 3195 2926 3265; x_wconf 81' lang='lat' dir='ltr'><strong>spiritus</strong></span> <span class='ocrx_word' id='word_1_520' title='bbox 2945 3203 3019 3249; x_wconf 87' lang='lat' dir='ltr'><strong>est</strong></span> <span class='ocrx_word' id='word_1_521' title='bbox 3047 3193 3092 3267; x_wconf 87' lang='grc' dir='ltr'><strong>(Ῑ</strong></span> <span class='ocrx_word' id='word_1_522' title='bbox 3117 3193 3235 3250; x_wconf 87' lang='lat' dir='ltr'><strong>Cor.</strong></span> <span class='ocrx_word' id='word_1_523' title='bbox 3261 3194 3473 3265; x_wconf 65' lang='lat'><strong>“.17).</strong></span> 
     </span>
    </p>
   </div>
   <div class='ocr_carea' id='block_1_63' title="bbox 164 3276 3475 3360">
    <p class='ocr_par' dir='ltr' id='par_1_63' title="bbox 164 3276 3475 3360">
     <span class='ocr_line' id='line_1_63' title="bbox 164 3276 3475 3360; baseline -0.005 -15"><span class='ocrx_word' id='word_1_524' title='bbox 164 3289 376 3345; x_wconf 89' lang='lat' dir='ltr'><strong>ducere</strong></span> <span class='ocrx_word' id='word_1_525' title='bbox 408 3284 736 3357; x_wconf 65' lang='lat' dir='ltr'><strong>praeputium</strong></span> <span class='ocrx_word' id='word_1_526' title='bbox 766 3324 782 3351; x_wconf 90' lang='lat'><strong>,</strong></span> <span class='ocrx_word' id='word_1_527' title='bbox 825 3297 896 3338; x_wconf 90' lang='lat' dir='ltr'><strong>ne</strong></span> <span class='ocrx_word' id='word_1_528' title='bbox 939 3279 1375 3336; x_wconf 84' lang='lat' dir='ltr'><strong>circumcisionis</strong></span> <span class='ocrx_word' id='word_1_529' title='bbox 1414 3286 1469 3332; x_wconf 91' lang='lat' dir='ltr'><strong>et</strong></span> <span class='ocrx_word' id='word_1_530' title='bbox 1499 3276 1776 3348; x_wconf 67' lang='lat' dir='ltr'><strong>pudicitiae</strong></span> <span class='ocrx_word' id='word_1_531' title='bbox 1801 3288 1846 3352; x_wconf 70' lang='grc' dir='ltr'><strong>ί]</strong></span> <span class='ocrx_word' id='word_1_532' title='bbox 1878 3285 1957 3342; x_wconf 74' lang='lat' dir='ltr'><strong>Ac</strong></span> <span class='ocrx_word' id='word_1_533' title='bbox 1985 3302 2053 3341; x_wconf 78' lang='lat' dir='ltr'><strong>ne</strong></span> <span class='ocrx_word' id='word_1_534' title='bbox 2084 3286 2311 3342; x_wconf 69' lang='lat' dir='ltr'><strong>forsitan</strong></span> <span class='ocrx_word' id='word_1_535' title='bbox 2350 3288 2401 3342; x_wconf 89' lang='lat' dir='ltr'><strong>in</strong></span> <span class='ocrx_word' id='word_1_536' title='bbox 2430 3301 2518 3352; x_wconf 87' lang='lat' dir='ltr'><strong>eo,</strong></span> <span class='ocrx_word' id='word_1_537' title='bbox 2547 3286 2689 3358; x_wconf 90' lang='lat' dir='ltr'><strong>quod</strong></span> <span class='ocrx_word' id='word_1_538' title='bbox 2715 3303 2878 3360; x_wconf 89' lang='lat' dir='ltr'><strong>supra</strong></span> <span class='ocrx_word' id='word_1_539' title='bbox 2905 3288 3137 3355; x_wconf 75' lang='lat' dir='ltr'><strong>dixerat,</strong></span> <span class='ocrx_word' id='word_1_540' title='bbox 3170 3287 3360 3343; x_wconf 74' lang='lat' dir='ltr'><strong>Servus</strong></span> <span class='ocrx_word' id='word_1_541' title='bbox 3385 3301 3475 3341; x_wconf 80' lang='grc' dir='ltr'><strong>υο.</strong></span> 
     </span>
    </p>
   </div>
   <div class='ocr_carea' id='block_1_64' title="bbox 166 3369 1776 3445">
    <p class='ocr_par' dir='ltr' id='par_1_64' title="bbox 166 3369 1776 3445">
     <span class='ocr_line' id='line_1_64' title="bbox 166 3369 1776 3445; baseline -0.009 -6"><span class='ocrx_word' id='word_1_542' title='bbox 166 3382 489 3439; x_wconf 87' lang='lat' dir='ltr'><strong>libertatem</strong></span> <span class='ocrx_word' id='word_1_543' title='bbox 519 3392 715 3433; x_wconf 91' lang='lat' dir='ltr'><strong>oneres</strong></span> <span class='ocrx_word' id='word_1_544' title='bbox 737 3375 957 3430; x_wconf 89' lang='lat' dir='ltr'><strong>sarcina</strong></span> <span class='ocrx_word' id='word_1_545' title='bbox 989 3373 1332 3445; x_wconf 89' lang='lat' dir='ltr'><strong>nuptiarum.</strong></span> <span class='ocrx_word' id='word_1_546' title='bbox 1365 3370 1605 3427; x_wconf 86' lang='lat' dir='ltr'><strong>Rursum</strong></span> <span class='ocrx_word' id='word_1_547' title='bbox 1645 3369 1693 3425; x_wconf 83' lang='lat' dir='ltr'><strong>si</strong></span> <span class='ocrx_word' id='word_1_548' title='bbox 1724 3370 1776 3425; x_wconf 93' lang='lat' dir='ltr'><strong>in</strong></span> 
     </span>
    </p>
   </div>
   <div class='ocr_carea' id='block_1_65' title="bbox 166 3466 1782 3549">
    <p class='ocr_par' dir='ltr' id='par_1_65' title="bbox 166 3466 1782 3549">
     <span class='ocr_line' id='line_1_65' title="bbox 166 3466 1782 3549; baseline -0.007 -17"><span class='ocrx_word' id='word_1_549' title='bbox 166 3474 450 3549; x_wconf 59' lang='lat' dir='ltr'><strong>praputio</strong></span> <span class='ocrx_word' id='word_1_550' title='bbox 474 3471 596 3544; x_wconf 89' lang='lat' dir='ltr'><strong>quis</strong></span> <span class='ocrx_word' id='word_1_551' title='bbox 616 3481 841 3527; x_wconf 88' lang='lat' dir='ltr'><strong>vocatus</strong></span> <span class='ocrx_word' id='word_1_552' title='bbox 864 3479 971 3539; x_wconf 89' lang='lat' dir='ltr'><strong>est,</strong></span> <span class='ocrx_word' id='word_1_553' title='bbox 997 3486 1105 3525; x_wconf 90' lang='lat' dir='ltr'><strong>non</strong></span> <span class='ocrx_word' id='word_1_554' title='bbox 1132 3466 1782 3525; x_wconf 79' lang='lat' dir='ltr'><strong>circun1cidatur.ﬂabe-</strong></span> 
     </span>
    </p>
   </div>
   <div class='ocr_carea' id='block_1_66' title="bbox 168 3561 1777 3640">
    <p class='ocr_par' dir='ltr' id='par_1_66' title="bbox 168 3561 1777 3640">
     <span class='ocr_line' id='line_1_66' title="bbox 168 3561 1777 3640; baseline -0.006 -14"><span class='ocrx_word' id='word_1_555' title='bbox 168 3571 272 3626; x_wconf 85' lang='lat' dir='ltr'><strong>bas</strong></span> <span class='ocrx_word' id='word_1_556' title='bbox 299 3611 314 3636; x_wconf 92' lang='lat'><strong>,</strong></span> <span class='ocrx_word' id='word_1_557' title='bbox 366 3568 550 3640; x_wconf 88' lang='lat' dir='ltr'><strong>inquit</strong></span> <span class='ocrx_word' id='word_1_558' title='bbox 579 3609 594 3634; x_wconf 94' lang='lat'><strong>,</strong></span> <span class='ocrx_word' id='word_1_559' title='bbox 645 3581 875 3621; x_wconf 84' lang='lat' dir='ltr'><strong>uxorem</strong></span> <span class='ocrx_word' id='word_1_560' title='bbox 903 3607 918 3633; x_wconf 87' lang='lat'><strong>,</strong></span> <span class='ocrx_word' id='word_1_561' title='bbox 952 3580 1073 3621; x_wconf 89' lang='lat' dir='ltr'><strong>cum</strong></span> <span class='ocrx_word' id='word_1_562' title='bbox 1115 3562 1440 3620; x_wconf 90' lang='lat' dir='ltr'><strong>credidisti:</strong></span> <span class='ocrx_word' id='word_1_563' title='bbox 1476 3563 1587 3618; x_wconf 92' lang='lat' dir='ltr'><strong>noli</strong></span> <span class='ocrx_word' id='word_1_564' title='bbox 1616 3561 1777 3617; x_wconf 87' lang='lat' dir='ltr'><strong>fidem</strong></span> 
     </span>
    </p>
   </div>
   <div class='ocr_carea' id='block_1_67' title="bbox 170 3655 1787 3732">
    <p class='ocr_par' dir='ltr' id='par_1_67' title="bbox 170 3655 1787 3732">
     <span class='ocr_line' id='line_1_67' title="bbox 170 3655 1787 3732; baseline -0.007 -13"><span class='ocrx_word' id='word_1_565' title='bbox 170 3661 377 3719; x_wconf 85' lang='lat' dir='ltr'><strong>Christi</strong></span> <span class='ocrx_word' id='word_1_566' title='bbox 407 3671 601 3732; x_wconf 88' lang='lat' dir='ltr'><strong>putare</strong></span> <span class='ocrx_word' id='word_1_567' title='bbox 621 3674 844 3715; x_wconf 86' lang='lat' dir='ltr'><strong>causam</strong></span> <span class='ocrx_word' id='word_1_568' title='bbox 873 3656 1085 3714; x_wconf 90' lang='lat' dir='ltr'><strong>dissidii</strong></span> <span class='ocrx_word' id='word_1_569' title='bbox 1109 3700 1124 3723; x_wconf 94' lang='lat'><strong>,</strong></span> <span class='ocrx_word' id='word_1_570' title='bbox 1158 3656 1285 3728; x_wconf 88' lang='lat' dir='ltr'><strong>quia</strong></span> <span class='ocrx_word' id='word_1_571' title='bbox 1318 3655 1373 3711; x_wconf 91' lang='lat' dir='ltr'><strong>in</strong></span> <span class='ocrx_word' id='word_1_572' title='bbox 1405 3670 1541 3727; x_wconf 90' lang='lat' dir='ltr'><strong>pace</strong></span> <span class='ocrx_word' id='word_1_573' title='bbox 1569 3655 1787 3711; x_wconf 89' lang='lat' dir='ltr'><strong>vocavit</strong></span> 
     </span>
    </p>
   </div>
   <div class='ocr_carea' id='block_1_68' title="bbox 171 3745 1783 3820">
    <p class='ocr_par' dir='ltr' id='par_1_68' title="bbox 171 3745 1783 3820">
     <span class='ocr_line' id='line_1_68' title="bbox 171 3745 1783 3820; baseline -0.008 -8"><span class='ocrx_word' id='word_1_574' title='bbox 171 3769 279 3812; x_wconf 90' lang='lat' dir='ltr'><strong>nos</strong></span> <span class='ocrx_word' id='word_1_575' title='bbox 320 3753 492 3808; x_wconf 89' lang='lat' dir='ltr'><strong>Dens.</strong></span> <span class='ocrx_word' id='word_1_576' title='bbox 537 3748 875 3806; x_wconf 84' lang='lat' dir='ltr'><strong>Circumcisio</strong></span> <span class='ocrx_word' id='word_1_577' title='bbox 913 3748 1041 3802; x_wconf 85' lang='lat' dir='ltr'><strong>nihil</strong></span> <span class='ocrx_word' id='word_1_578' title='bbox 1070 3759 1145 3804; x_wconf 88' lang='lat' dir='ltr'><strong>est</strong></span> <span class='ocrx_word' id='word_1_579' title='bbox 1176 3790 1191 3815; x_wconf 90' lang='lat'><strong>,</strong></span> <span class='ocrx_word' id='word_1_580' title='bbox 1237 3758 1283 3802; x_wconf 88' lang='lat' dir='ltr'><strong>et</strong></span> <span class='ocrx_word' id='word_1_581' title='bbox 1310 3749 1623 3820; x_wconf 72' lang='lat' dir='ltr'><strong>prtcputium</strong></span> <span class='ocrx_word' id='word_1_582' title='bbox 1650 3745 1783 3801; x_wconf 83' lang='lat' dir='ltr'><strong>nihil</strong></span> 
     </span>
    </p>
   </div>
   <div class='ocr_carea' id='block_1_69' title="bbox 169 3839 1783 3914">
    <p class='ocr_par' dir='ltr' id='par_1_69' title="bbox 169 3839 1783 3914">
     <span class='ocr_line' id='line_1_69' title="bbox 169 3839 1783 3914; baseline -0.007 -9"><span class='ocrx_word' id='word_1_583' title='bbox 169 3859 286 3914; x_wconf 81' lang='lat' dir='ltr'><strong>est;</strong></span> <span class='ocrx_word' id='word_1_584' title='bbox 317 3846 409 3903; x_wconf 84' lang='lat' dir='ltr'><strong>sed</strong></span> <span class='ocrx_word' id='word_1_585' title='bbox 437 3845 721 3900; x_wconf 83' lang='lat' dir='ltr'><strong>observatio</strong></span> <span class='ocrx_word' id='word_1_586' title='bbox 747 3842 1109 3898; x_wconf 86' lang='lat' dir='ltr'><strong>mandatorum</strong></span> <span class='ocrx_word' id='word_1_587' title='bbox 1135 3840 1234 3895; x_wconf 82' lang='lat' dir='ltr'><strong>Dei</strong></span> <span class='ocrx_word' id='word_1_588' title='bbox 1264 3840 1457 3914; x_wconf 87' lang='lat' dir='ltr'><strong>(Ibid.,</strong></span> <span class='ocrx_word' id='word_1_589' title='bbox 1490 3840 1599 3912; x_wconf 77' lang='lat' dir='ltr'><strong>i9).</strong></span> <span class='ocrx_word' id='word_1_590' title='bbox 1637 3839 1783 3895; x_wconf 89' lang='lat' dir='ltr'><strong>Nihil</strong></span> 
     </span>
    </p>
   </div>
   <div class='ocr_carea' id='block_1_70' title="bbox 171 3933 1783 4011">
    <p class='ocr_par' dir='ltr' id='par_1_70' title="bbox 171 3933 1783 4011">
     <span class='ocr_line' id='line_1_70' title="bbox 171 3933 1783 4011; baseline -0.007 -13"><span class='ocrx_word' id='word_1_591' title='bbox 171 3940 324 3998; x_wconf 85' lang='lat' dir='ltr'><strong>enim</strong></span> <span class='ocrx_word' id='word_1_592' title='bbox 353 3937 578 4011; x_wconf 86' lang='lat' dir='ltr'><strong>prodest</strong></span> <span class='ocrx_word' id='word_1_593' title='bbox 608 3937 815 4007; x_wconf 89' lang='lat' dir='ltr'><strong>absque</strong></span> <span class='ocrx_word' id='word_1_594' title='bbox 839 3934 1101 4007; x_wconf 88' lang='lat' dir='ltr'><strong>operibus</strong></span> <span class='ocrx_word' id='word_1_595' title='bbox 1124 3934 1444 4001; x_wconf 77' lang='lat' dir='ltr'><strong>ccelibatus,</strong></span> <span class='ocrx_word' id='word_1_596' title='bbox 1469 3945 1523 3988; x_wconf 85' lang='lat' dir='ltr'><strong>et</strong></span> <span class='ocrx_word' id='word_1_597' title='bbox 1556 3933 1783 4003; x_wconf 81' lang='lat' dir='ltr'><strong>nuptiae,</strong></span> 
     </span>
    </p>
   </div>
   <div class='ocr_carea' id='block_1_71' title="bbox 171 4031 1782 4105">
    <p class='ocr_par' dir='ltr' id='par_1_71' title="bbox 171 4031 1782 4105">
     <span class='ocr_line' id='line_1_71' title="bbox 171 4031 1782 4105; baseline -0.005 -11"><span class='ocrx_word' id='word_1_598' title='bbox 171 4052 299 4095; x_wconf 89' lang='lat' dir='ltr'><strong>cum</strong></span> <span class='ocrx_word' id='word_1_599' title='bbox 330 4037 497 4092; x_wconf 90' lang='lat' dir='ltr'><strong>etiam</strong></span> <span class='ocrx_word' id='word_1_600' title='bbox 524 4033 685 4100; x_wconf 82' lang='lat' dir='ltr'><strong>fides,</strong></span> <span class='ocrx_word' id='word_1_601' title='bbox 717 4049 837 4105; x_wconf 81' lang='lat' dir='ltr'><strong>quae</strong></span> <span class='ocrx_word' id='word_1_602' title='bbox 871 4033 1093 4104; x_wconf 89' lang='lat' dir='ltr'><strong>proprie</strong></span> <span class='ocrx_word' id='word_1_603' title='bbox 1121 4033 1567 4089; x_wconf 82' lang='lat' dir='ltr'><strong>Christianorum</strong></span> <span class='ocrx_word' id='word_1_604' title='bbox 1600 4041 1705 4101; x_wconf 90' lang='lat' dir='ltr'><strong>est,</strong></span> <span class='ocrx_word' id='word_1_605' title='bbox 1737 4031 1782 4087; x_wconf 91' lang='lat' dir='ltr'><strong>si</strong></span> 
     </span>
    </p>
   </div>
   <div class='ocr_carea' id='block_1_72' title="bbox 172 4126 1789 4202">
    <p class='ocr_par' dir='ltr' id='par_1_72' title="bbox 172 4126 1789 4202">
     <span class='ocr_line' id='line_1_72' title="bbox 172 4126 1789 4202; baseline -0.003 -16"><span class='ocrx_word' id='word_1_606' title='bbox 172 4144 349 4202; x_wconf 82' lang='lat' dir='ltr'><strong>opera</strong></span> <span class='ocrx_word' id='word_1_607' title='bbox 386 4143 499 4183; x_wconf 91' lang='lat' dir='ltr'><strong>non</strong></span> <span class='ocrx_word' id='word_1_608' title='bbox 544 4126 841 4192; x_wconf 88' lang='lat' dir='ltr'><strong>habuerit,</strong></span> <span class='ocrx_word' id='word_1_609' title='bbox 876 4136 1095 4182; x_wconf 88' lang='lat' dir='ltr'><strong>mortua</strong></span> <span class='ocrx_word' id='word_1_610' title='bbox 1129 4142 1253 4183; x_wconf 89' lang='lat' dir='ltr'><strong>esse</strong></span> <span class='ocrx_word' id='word_1_611' title='bbox 1300 4127 1550 4193; x_wconf 90' lang='lat' dir='ltr'><strong>dicatur;</strong></span> <span class='ocrx_word' id='word_1_612' title='bbox 1590 4136 1645 4182; x_wconf 91' lang='lat' dir='ltr'><strong>et</strong></span> <span class='ocrx_word' id='word_1_613' title='bbox 1686 4127 1789 4181; x_wconf 85' lang='lat' dir='ltr'><strong>hac</strong></span> 
     </span>
    </p>
   </div>
   <div class='ocr_carea' id='block_1_73' title="bbox 177 4221 1786 4295">
    <p class='ocr_par' dir='ltr' id='par_1_73' title="bbox 177 4221 1786 4295">
     <span class='ocr_line' id='line_1_73' title="bbox 177 4221 1786 4295; baseline -0.003 -14"><span class='ocrx_word' id='word_1_614' title='bbox 177 4225 307 4295; x_wconf 84' lang='lat' dir='ltr'><strong>lege</strong></span> <span class='ocrx_word' id='word_1_615' title='bbox 338 4222 583 4292; x_wconf 87' lang='lat' dir='ltr'><strong>virgines</strong></span> <span class='ocrx_word' id='word_1_616' title='bbox 623 4236 841 4292; x_wconf 90' lang='lat' dir='ltr'><strong>quoque</strong></span> <span class='ocrx_word' id='word_1_617' title='bbox 868 4221 1049 4278; x_wconf 80' lang='lat' dir='ltr'><strong>Vestae</strong></span> <span class='ocrx_word' id='word_1_618' title='bbox 1077 4262 1092 4287; x_wconf 86' lang='lat'><strong>,</strong></span> <span class='ocrx_word' id='word_1_619' title='bbox 1130 4230 1185 4277; x_wconf 92' lang='lat' dir='ltr'><strong>et</strong></span> <span class='ocrx_word' id='word_1_620' title='bbox 1211 4221 1443 4278; x_wconf 84' lang='lat' dir='ltr'><strong>Junonis</strong></span> <span class='ocrx_word' id='word_1_621' title='bbox 1472 4222 1703 4277; x_wconf 71' lang='lat' dir='ltr'><strong>univirm</strong></span> <span class='ocrx_word' id='word_1_622' title='bbox 1734 4221 1786 4276; x_wconf 91' lang='lat' dir='ltr'><strong>in</strong></span> 
     </span>
    </p>
   </div>
   <div class='ocr_carea' id='block_1_74' title="bbox 178 4315 1790 4389">
    <p class='ocr_par' dir='ltr' id='par_1_74' title="bbox 178 4315 1790 4389">
     <span class='ocr_line' id='line_1_74' title="bbox 178 4315 1790 4389; baseline -0.001 -14"><span class='ocrx_word' id='word_1_623' title='bbox 178 4319 513 4375; x_wconf 81' lang='lat' dir='ltr'><strong>Sanctarum</strong></span> <span class='ocrx_word' id='word_1_624' title='bbox 545 4324 753 4385; x_wconf 88' lang='lat' dir='ltr'><strong>queant</strong></span> <span class='ocrx_word' id='word_1_625' title='bbox 779 4315 977 4372; x_wconf 90' lang='lat' dir='ltr'><strong>ordine</strong></span> <span class='ocrx_word' id='word_1_626' title='bbox 1011 4317 1306 4372; x_wconf 90' lang='lat' dir='ltr'><strong>numerari.</strong></span> <span class='ocrx_word' id='word_1_627' title='bbox 1343 4316 1706 4389; x_wconf 85' lang='lat' dir='ltr'><strong>Unusquisque</strong></span> <span class='ocrx_word' id='word_1_628' title='bbox 1736 4318 1790 4373; x_wconf 86' lang='lat' dir='ltr'><strong>in</strong></span> 
     </span>
    </p>
   </div>
   <div class='ocr_carea' id='block_1_75' title="bbox 180 4407 1786 4482">
    <p class='ocr_par' dir='ltr' id='par_1_75' title="bbox 180 4407 1786 4482">
     <span class='ocr_line' id='line_1_75' title="bbox 180 4407 1786 4482; baseline -0.001 -16"><span class='ocrx_word' id='word_1_629' title='bbox 180 4428 289 4482; x_wconf 73' lang='lat' dir='ltr'><strong>qua</strong></span> <span class='ocrx_word' id='word_1_630' title='bbox 311 4409 581 4465; x_wconf 79' lang='lat' dir='ltr'><strong>vocatione</strong></span> <span class='ocrx_word' id='word_1_631' title='bbox 610 4418 812 4462; x_wconf 82' lang='lat' dir='ltr'><strong>vocatus</strong></span> <span class='ocrx_word' id='word_1_632' title='bbox 840 4416 937 4474; x_wconf 84' lang='lat' dir='ltr'><strong>est,</strong></span> <span class='ocrx_word' id='word_1_633' title='bbox 961 4408 1016 4463; x_wconf 90' lang='lat' dir='ltr'><strong>in</strong></span> <span class='ocrx_word' id='word_1_634' title='bbox 1040 4425 1101 4463; x_wconf 86' lang='lat' dir='ltr'><strong>ea</strong></span> <span class='ocrx_word' id='word_1_635' title='bbox 1130 4418 1423 4479; x_wconf 87' lang='lat' dir='ltr'><strong>permaneat</strong></span> <span class='ocrx_word' id='word_1_636' title='bbox 1453 4407 1507 4481; x_wconf 93' lang='grc'><strong>(1</strong></span> <span class='ocrx_word' id='word_1_637' title='bbox 1516 4410 1648 4475; x_wconf 87' lang='lat' dir='ltr'><strong>bid.,</strong></span> <span class='ocrx_word' id='word_1_638' title='bbox 1668 4407 1786 4480; x_wconf 71' lang='lat'><strong>9.4).</strong></span> 
     </span>
    </p>
   </div>
   <div class='ocr_carea' id='block_1_76' title="bbox 182 4498 1791 4571">
    <p class='ocr_par' dir='ltr' id='par_1_76' title="bbox 182 4498 1791 4571">
     <span class='ocr_line' id='line_1_76' title="bbox 182 4498 1791 4571; baseline -0.002 -12"><span class='ocrx_word' id='word_1_639' title='bbox 182 4502 418 4571; x_wconf 85' lang='lat' dir='ltr'><strong>Quando</strong></span> <span class='ocrx_word' id='word_1_640' title='bbox 463 4498 743 4568; x_wconf 88' lang='lat' dir='ltr'><strong>credidit,</strong></span> <span class='ocrx_word' id='word_1_641' title='bbox 785 4501 899 4557; x_wconf 86' lang='lat' dir='ltr'><strong>sive</strong></span> <span class='ocrx_word' id='word_1_642' title='bbox 949 4500 1185 4557; x_wconf 88' lang='lat' dir='ltr'><strong>habebat</strong></span> <span class='ocrx_word' id='word_1_643' title='bbox 1213 4540 1230 4566; x_wconf 84' lang='lat'><strong>,</strong></span> <span class='ocrx_word' id='word_1_644' title='bbox 1273 4501 1390 4556; x_wconf 88' lang='lat' dir='ltr'><strong>sive</strong></span> <span class='ocrx_word' id='word_1_645' title='bbox 1418 4516 1525 4556; x_wconf 91' lang='lat' dir='ltr'><strong>non</strong></span> <span class='ocrx_word' id='word_1_646' title='bbox 1556 4500 1791 4557; x_wconf 86' lang='lat' dir='ltr'><strong>habebat</strong></span> 
     </span>
    </p>
   </div>
   <div class='ocr_carea' id='block_1_77' title="bbox 263 4700 2512 4773">
    <p class='ocr_par' dir='ltr' id='par_1_77' title="bbox 263 4700 2512 4773">
     <span class='ocr_line' id='line_1_77' title="bbox 263 4700 2512 4773; baseline -0.003 -11"><span class='ocrx_word' id='word_1_647' title='bbox 263 4716 290 4744; x_wconf 75' lang='grc' dir='ltr'>ι</span> <span class='ocrx_word' id='word_1_648' title='bbox 320 4702 503 4762; x_wconf 84' lang='lat' dir='ltr'><strong>Sentit</strong></span> <span class='ocrx_word' id='word_1_649' title='bbox 531 4701 893 4773; x_wconf 85' lang='lat' dir='ltr'><strong>snperaddnci</strong></span> <span class='ocrx_word' id='word_1_650' title='bbox 923 4700 1248 4771; x_wconf 65' lang='lat' dir='ltr'><strong>praeputium</strong></span> <span class='ocrx_word' id='word_1_651' title='bbox 1289 4715 1398 4757; x_wconf 83' lang='lat' dir='ltr'><strong>non</strong></span> <span class='ocrx_word' id='word_1_652' title='bbox 1419 4714 1593 4773; x_wconf 84' lang='lat' dir='ltr'><strong>posse</strong></span> <span class='ocrx_word' id='word_1_653' title='bbox 1612 4742 1627 4767; x_wconf 86' lang='lat'><strong>,</strong></span> <span class='ocrx_word' id='word_1_654' title='bbox 1657 4714 1787 4756; x_wconf 86' lang='lat' dir='ltr'><strong>con-</strong></span> <span class='ocrx_word' id='word_1_655' title='bbox 1810 4706 1863 4769; x_wconf 85' lang='grc' dir='ltr'><strong>ι)</strong></span> <span class='ocrx_word' id='word_1_656' title='bbox 1888 4718 2069 4756; x_wconf 85' lang='lat' dir='ltr'><strong>carnes</strong></span> <span class='ocrx_word' id='word_1_657' title='bbox 2116 4701 2435 4757; x_wconf 83' lang='lat' dir='ltr'><strong>desiderans.</strong></span> <span class='ocrx_word' id='word_1_658' title='bbox 2474 4740 2512 4755; x_wconf 96' lang='lat'><strong>..</strong></span> 
     </span>
    </p>
   </div>
   <div class='ocr_carea' id='block_1_78' title="bbox 188 4771 1787 4848">
    <p class='ocr_par' dir='ltr' id='par_1_78' title="bbox 188 4771 1787 4848">
     <span class='ocr_line' id='line_1_78' title="bbox 188 4771 1787 4848; baseline -0.001 -18"><span class='ocrx_word' id='word_1_659' title='bbox 188 4789 275 4835; x_wconf 72' lang='lat' dir='ltr'><strong>ira</strong></span> <span class='ocrx_word' id='word_1_660' title='bbox 304 4789 467 4848; x_wconf 87' lang='lat' dir='ltr'><strong>quam</strong></span> <span class='ocrx_word' id='word_1_661' title='bbox 491 4771 618 4848; x_wconf 77' lang='lat' dir='ltr'><strong>alibi</strong></span> <span class='ocrx_word' id='word_1_662' title='bbox 648 4776 774 4844; x_wconf 90' lang='lat' dir='ltr'><strong>plus</strong></span> <span class='ocrx_word' id='word_1_663' title='bbox 801 4773 1034 4829; x_wconf 89' lang='lat' dir='ltr'><strong>fortasse</strong></span> <span class='ocrx_word' id='word_1_664' title='bbox 1059 4789 1221 4845; x_wconf 84' lang='lat' dir='ltr'><strong>quam</strong></span> <span class='ocrx_word' id='word_1_665' title='bbox 1238 4774 1370 4829; x_wconf 92' lang='lat' dir='ltr'><strong>satis</strong></span> <span class='ocrx_word' id='word_1_666' title='bbox 1398 4771 1657 4828; x_wconf 79' lang='lat' dir='ltr'><strong>diximus.</strong></span> <span class='ocrx_word' id='word_1_667' title='bbox 1694 4773 1787 4828; x_wconf 85' lang='lat' dir='ltr'><strong>Vi-</strong></span> 
     </span>
    </p>
   </div>
   <div class='ocr_carea' id='block_1_79' title="bbox 189 4846 925 4914">
    <p class='ocr_par' dir='ltr' id='par_1_79' title="bbox 189 4846 925 4914">
     <span class='ocr_line' id='line_1_79' title="bbox 189 4846 925 4914; baseline -0.01 -10"><span class='ocrx_word' id='word_1_668' title='bbox 189 4851 261 4906; x_wconf 90' lang='lat' dir='ltr'><strong>de</strong></span> <span class='ocrx_word' id='word_1_669' title='bbox 282 4846 401 4914; x_wconf 75' lang='lat' dir='ltr'><strong>ejus</strong></span> <span class='ocrx_word' id='word_1_670' title='bbox 434 4846 536 4900; x_wconf 83' lang='lat' dir='ltr'><strong>loci</strong></span> <span class='ocrx_word' id='word_1_671' title='bbox 576 4846 925 4911; x_wconf 84' lang='lat' dir='ltr'><strong>interpretes.</strong></span> 
     </span>
    </p>
   </div>
   <div class='ocr_carea' id='block_1_80' title="bbox 264 4914 1789 4984">
    <p class='ocr_par' dir='ltr' id='par_1_80' title="bbox 264 4914 1789 4984">
     <span class='ocr_line' id='line_1_80' title="bbox 264 4914 1789 4984; baseline -0.001 -12"><span class='ocrx_word' id='word_1_672' title='bbox 264 4918 294 4959; x_wconf 70' lang='grc' dir='ltr'>δ</span> <span class='ocrx_word' id='word_1_673' title='bbox 322 4914 1118 4972; x_wconf 81' lang='lat' dir='ltr'><strong>luVeronensietCisterciensi</strong></span> <span class='ocrx_word' id='word_1_674' title='bbox 1141 4916 1381 4971; x_wconf 90' lang='lat' dir='ltr'><strong>omnium</strong></span> <span class='ocrx_word' id='word_1_675' title='bbox 1394 4914 1789 4984; x_wconf 88' lang='lat' dir='ltr'><strong>antiquissimis</strong></span> 
     </span>
    </p>
   </div>
   <div class='ocr_carea' id='block_1_81' title="bbox 195 4986 1791 5057">
    <p class='ocr_par' dir='ltr' id='par_1_81' title="bbox 195 4986 1791 5057">
     <span class='ocr_line' id='line_1_81' title="bbox 195 4986 1791 5057; baseline -0.004 -10"><span class='ocrx_word' id='word_1_676' title='bbox 195 5004 333 5047; x_wconf 82' lang='lat' dir='ltr'><strong>mss.</strong></span> <span class='ocrx_word' id='word_1_677' title='bbox 356 4987 547 5042; x_wconf 74' lang='lat' dir='ltr'><strong>isthzec</strong></span> <span class='ocrx_word' id='word_1_678' title='bbox 566 4986 869 5057; x_wconf 87' lang='lat' dir='ltr'><strong>subduntur</strong></span> <span class='ocrx_word' id='word_1_679' title='bbox 886 5005 898 5037; x_wconf 88' lang='lat'><strong>:</strong></span> <span class='ocrx_word' id='word_1_680' title='bbox 918 4986 995 5041; x_wconf 90' lang='lat' dir='ltr'><strong>De</strong></span> <span class='ocrx_word' id='word_1_681' title='bbox 1016 4987 1435 5042; x_wconf 77' lang='lat' dir='ltr'><strong>Circumcisionis</strong></span> <span class='ocrx_word' id='word_1_682' title='bbox 1457 4988 1791 5057; x_wconf 86' lang='lat' dir='ltr'><strong>cognomina-</strong></span> 
     </span>
    </p>
   </div>
   <div class='ocr_carea' id='block_1_82' title="bbox 198 5056 1791 5131">
    <p class='ocr_par' dir='ltr' id='par_1_82' title="bbox 198 5056 1791 5131">
     <span class='ocr_line' id='line_1_82' title="bbox 198 5056 1791 5131; baseline -0.002 -15"><span class='ocrx_word' id='word_1_683' title='bbox 198 5063 338 5116; x_wconf 80' lang='lat' dir='ltr'><strong>tione</strong></span> <span class='ocrx_word' id='word_1_684' title='bbox 355 5062 515 5127; x_wconf 79' lang='lat' dir='ltr'><strong>[crius</strong></span> <span class='ocrx_word' id='word_1_685' title='bbox 526 5056 753 5111; x_wconf 77' lang='lat' dir='ltr'><strong>libidinis</strong></span> <span class='ocrx_word' id='word_1_686' title='bbox 769 5060 1067 5127; x_wconf 83' lang='lat' dir='ltr'><strong>docet,quia</strong></span> <span class='ocrx_word' id='word_1_687' title='bbox 1076 5058 1171 5112; x_wconf 85' lang='lat' dir='ltr'><strong>illa</strong></span> <span class='ocrx_word' id='word_1_688' title='bbox 1184 5076 1302 5128; x_wconf 86' lang='lat' dir='ltr'><strong>pars</strong></span> <span class='ocrx_word' id='word_1_689' title='bbox 1314 5056 1542 5131; x_wconf 72' lang='lat' dir='ltr'><strong>corporis</strong></span> <span class='ocrx_word' id='word_1_690' title='bbox 1556 5068 1791 5131; x_wconf 77' lang='lat' dir='ltr'><strong>truncan-</strong></span> 
     </span>
    </p>
   </div>
   <div class='ocr_carea' id='block_1_83' title="bbox 199 5128 1784 5202">
    <p class='ocr_par' dir='ltr' id='par_1_83' title="bbox 199 5128 1784 5202">
     <span class='ocr_line' id='line_1_83' title="bbox 199 5128 1784 5202; baseline -0.003 -15"><span class='ocrx_word' id='word_1_691' title='bbox 199 5135 270 5187; x_wconf 86' lang='lat' dir='ltr'><strong>da</strong></span> <span class='ocrx_word' id='word_1_692' title='bbox 282 5140 378 5202; x_wconf 78' lang='lat' dir='ltr'><strong>est,</strong></span> <span class='ocrx_word' id='word_1_693' title='bbox 394 5131 547 5202; x_wconf 76' lang='lat' dir='ltr'><strong>cujus</strong></span> <span class='ocrx_word' id='word_1_694' title='bbox 559 5139 879 5201; x_wconf 70' lang='lat' dir='ltr'><strong>exspectatur</strong></span> <span class='ocrx_word' id='word_1_695' title='bbox 891 5131 943 5202; x_wconf 86' lang='lat' dir='ltr'><strong>in</strong></span> <span class='ocrx_word' id='word_1_696' title='bbox 957 5131 1107 5202; x_wconf 85' lang='lat' dir='ltr'><strong>rebus</strong></span> <span class='ocrx_word' id='word_1_697' title='bbox 1119 5147 1205 5184; x_wconf 87' lang='lat' dir='ltr'><strong>eru</strong></span> <span class='ocrx_word' id='word_1_698' title='bbox 1214 5128 1470 5185; x_wconf 73' lang='lat' dir='ltr'><strong>bescendis</strong></span> <span class='ocrx_word' id='word_1_699' title='bbox 1482 5128 1784 5202; x_wconf 86' lang='lat' dir='ltr'><strong>periculum.</strong></span> 
     </span>
    </p>
   </div>
   <div class='ocr_carea' id='block_1_84' title="bbox 202 5200 1791 5274">
    <p class='ocr_par' dir='ltr' id='par_1_84' title="bbox 202 5200 1791 5274">
     <span class='ocr_line' id='line_1_84' title="bbox 202 5200 1791 5274; baseline -0.002 -16"><span class='ocrx_word' id='word_1_700' title='bbox 202 5204 325 5274; x_wconf 86' lang='lat' dir='ltr'><strong>ipse</strong></span> <span class='ocrx_word' id='word_1_701' title='bbox 336 5200 886 5274; x_wconf 57' lang='lat' dir='ltr'><strong>infrallieronyinus,</strong></span> <span class='ocrx_word' id='word_1_702' title='bbox 911 5201 1111 5254; x_wconf 84' lang='lat' dir='ltr'><strong>discant</strong></span> <span class='ocrx_word' id='word_1_703' title='bbox 1139 5203 1282 5270; x_wconf 87' lang='lat' dir='ltr'><strong>prius</strong></span> <span class='ocrx_word' id='word_1_704' title='bbox 1304 5204 1458 5274; x_wconf 79' lang='lat' dir='ltr'><strong>ferias</strong></span> <span class='ocrx_word' id='word_1_705' title='bbox 1475 5200 1791 5274; x_wconf 85' lang='lat' dir='ltr'><strong>nuptiarum.</strong></span> 
     </span>
    </p>
   </div>
   <div class='ocr_carea' id='block_1_85' title="bbox 280 5270 1797 5340">
    <p class='ocr_par' dir='ltr' id='par_1_85' title="bbox 280 5270 1797 5340">
     <span class='ocr_line' id='line_1_85' title="bbox 280 5270 1797 5340; baseline 0.001 -14"><span class='ocrx_word' id='word_1_706' title='bbox 280 5284 303 5312; x_wconf 74' lang='grc' dir='ltr'><strong>ε</strong></span> <span class='ocrx_word' id='word_1_707' title='bbox 347 5270 501 5326; x_wconf 85' lang='lat' dir='ltr'><strong>llaud</strong></span> <span class='ocrx_word' id='word_1_708' title='bbox 519 5270 741 5325; x_wconf 86' lang='lat' dir='ltr'><strong>dubium</strong></span> <span class='ocrx_word' id='word_1_709' title='bbox 776 5274 907 5340; x_wconf 89' lang='lat' dir='ltr'><strong>quin</strong></span> <span class='ocrx_word' id='word_1_710' title='bbox 939 5281 1242 5340; x_wconf 82' lang='lat' dir='ltr'><strong>pet-catum,</strong></span> <span class='ocrx_word' id='word_1_711' title='bbox 1276 5270 1368 5328; x_wconf 84' lang='lat' dir='ltr'><strong>aut</strong></span> <span class='ocrx_word' id='word_1_712' title='bbox 1398 5270 1641 5335; x_wconf 65' lang='lat' dir='ltr'><strong>Dtelllbn.</strong></span> <span class='ocrx_word' id='word_1_713' title='bbox 1700 5289 1797 5328; x_wconf 90' lang='lat' dir='ltr'><strong>cu-</strong></span> 
     </span>
    </p>
   </div>
   <div class='ocr_carea' id='block_1_86' title="bbox 203 5342 1796 5470">
    <p class='ocr_par' dir='ltr' id='par_1_86' title="bbox 203 5342 1796 5470">
     <span class='ocr_line' id='line_1_86' title="bbox 203 5342 1796 5470; baseline 0.002 -72"><span class='ocrx_word' id='word_1_714' title='bbox 203 5346 291 5470; x_wconf 63' lang='lat' dir='ltr'><strong>qus</strong></span> <span class='ocrx_word' id='word_1_715' title='bbox 314 5342 530 5425; x_wconf 65' lang='lat' dir='ltr'><strong>Pharao</strong></span> <span class='ocrx_word' id='word_1_716' title='bbox 556 5352 742 5412; x_wconf 86' lang='lat' dir='ltr'><strong>typum</strong></span> <span class='ocrx_word' id='word_1_717' title='bbox 770 5345 927 5412; x_wconf 85' lang='lat' dir='ltr'><strong>gerit.</strong></span> <span class='ocrx_word' id='word_1_718' title='bbox 963 5343 1233 5399; x_wconf 86' lang='lat' dir='ltr'><strong>Solemnis</strong></span> <span class='ocrx_word' id='word_1_719' title='bbox 1256 5344 1372 5399; x_wconf 68' lang='lat' dir='ltr'><strong>haec</strong></span> <span class='ocrx_word' id='word_1_720' title='bbox 1395 5344 1536 5415; x_wconf 89' lang='lat' dir='ltr'><strong>apud</strong></span> <span class='ocrx_word' id='word_1_721' title='bbox 1580 5354 1796 5401; x_wconf 89' lang='lat' dir='ltr'><strong>veteres</strong></span> 
     </span>
     <span class='ocr_line' id='line_1_87' title="bbox 207 5430 487 5470; baseline -0.011 0"><span class='ocrx_word' id='word_1_722' title='bbox 207 5432 238 5470; x_wconf 87' lang='lat' dir='ltr'><strong>a</strong></span> <span class='ocrx_word' id='word_1_723' title='bbox 284 5430 487 5470; x_wconf 68' lang='lat' dir='ltr'><strong>moria.</strong></span> 
     </span>
    </p>
   </div>
   <div class='ocr_carea' id='block_1_87' title="bbox 207 5430 487 5485">
    <p class='ocr_par' dir='ltr' id='par_1_87' title="bbox 207 5430 487 5485">
     <span class='ocr_line' id='line_1_88' title="bbox 207 5430 487 5485; baseline -0.011 -15"><span class='ocrx_word' id='word_1_724' title='bbox 207 5430 487 5485; x_wconf 53' lang='lat' dir='ltr'><strong>attagena.</strong></span> 
     </span>
    </p>
   </div>
   <div class='ocr_carea' id='block_1_88' title="bbox 278 5483 1797 5553">
    <p class='ocr_par' dir='ltr' id='par_1_88' title="bbox 278 5483 1797 5553">
     <span class='ocr_line' id='line_1_89' title="bbox 278 5483 1797 5553; baseline 0.002 -15"><span class='ocrx_word' id='word_1_725' title='bbox 278 5483 642 5552; x_wconf 55' lang='lat' dir='ltr'><strong>d&#39;llueusque</strong></span> <span class='ocrx_word' id='word_1_726' title='bbox 672 5483 907 5539; x_wconf 84' lang='lat' dir='ltr'><strong>obtinuit</strong></span> <span class='ocrx_word' id='word_1_727' title='bbox 934 5500 1115 5539; x_wconf 84' lang='lat' dir='ltr'><strong>carnes</strong></span> <span class='ocrx_word' id='word_1_728' title='bbox 1144 5486 1335 5553; x_wconf 75' lang='lat' dir='ltr'><strong>varius,</strong></span> <span class='ocrx_word' id='word_1_729' title='bbox 1362 5487 1573 5541; x_wconf 86' lang='lat' dir='ltr'><strong>tametsi</strong></span> <span class='ocrx_word' id='word_1_730' title='bbox 1610 5486 1797 5541; x_wconf 81' lang='lat' dir='ltr'><strong>Furias</strong></span> 
     </span>
    </p>
   </div>
   <div class='ocr_carea' id='block_1_89' title="bbox 210 5555 1796 5626">
    <p class='ocr_par' dir='ltr' id='par_1_89' title="bbox 210 5555 1796 5626">
     <span class='ocr_line' id='line_1_90' title="bbox 210 5555 1796 5626; baseline -0.003 -13"><span class='ocrx_word' id='word_1_731' title='bbox 210 5558 266 5614; x_wconf 87' lang='lat' dir='ltr'><strong>in</strong></span> <span class='ocrx_word' id='word_1_732' title='bbox 287 5569 419 5610; x_wconf 84' lang='lat' dir='ltr'><strong>mss.</strong></span> <span class='ocrx_word' id='word_1_733' title='bbox 456 5555 731 5626; x_wconf 78' lang='lat' dir='ltr'><strong>plerisque</strong></span> <span class='ocrx_word' id='word_1_734' title='bbox 762 5557 992 5610; x_wconf 89' lang='lat' dir='ltr'><strong>inveniri</strong></span> <span class='ocrx_word' id='word_1_735' title='bbox 1034 5557 1150 5626; x_wconf 91' lang='lat' dir='ltr'><strong>ipse</strong></span> <span class='ocrx_word' id='word_1_736' title='bbox 1180 5556 1520 5611; x_wconf 58' lang='lat' dir='ltr'><strong>Mirtianmus</strong></span> <span class='ocrx_word' id='word_1_737' title='bbox 1544 5557 1796 5612; x_wconf 84' lang='lat' dir='ltr'><strong>fateatur.</strong></span> 
     </span>
    </p>
   </div>
   <div class='ocr_carea' id='block_1_90' title="bbox 213 5624 1798 5697">
    <p class='ocr_par' dir='ltr' id='par_1_90' title="bbox 213 5624 1798 5697">
     <span class='ocr_line' id='line_1_91' title="bbox 213 5624 1798 5697; baseline 0 -14"><span class='ocrx_word' id='word_1_738' title='bbox 213 5627 291 5684; x_wconf 81' lang='lat' dir='ltr'><strong>ita</strong></span> <span class='ocrx_word' id='word_1_739' title='bbox 344 5624 599 5695; x_wconf 83' lang='lat' dir='ltr'><strong>equidem</strong></span> <span class='ocrx_word' id='word_1_740' title='bbox 634 5624 743 5679; x_wconf 88' lang='lat' dir='ltr'><strong>duo</strong></span> <span class='ocrx_word' id='word_1_741' title='bbox 776 5627 964 5697; x_wconf 80' lang='lat' dir='ltr'><strong>nostri</strong></span> <span class='ocrx_word' id='word_1_742' title='bbox 1020 5624 1477 5696; x_wconf 66' lang='lat' dir='ltr'><strong>pi‘tl25lallli85ittli,</strong></span> <span class='ocrx_word' id='word_1_743' title='bbox 1509 5644 1536 5680; x_wconf 91' lang='lat' dir='ltr'><strong>a</strong></span> <span class='ocrx_word' id='word_1_744' title='bbox 1564 5643 1798 5697; x_wconf 81' lang='lat' dir='ltr'><strong>quorum</strong></span> 
     </span>
    </p>
   </div>
   <div class='ocr_carea' id='block_1_91' title="bbox 218 5696 1806 5767">
    <p class='ocr_par' dir='ltr' id='par_1_91' title="bbox 218 5696 1806 5767">
     <span class='ocr_line' id='line_1_92' title="bbox 218 5696 1806 5767; baseline 0 -13"><span class='ocrx_word' id='word_1_745' title='bbox 218 5700 331 5754; x_wconf 83' lang='lat' dir='ltr'><strong>tide</strong></span> <span class='ocrx_word' id='word_1_746' title='bbox 358 5712 466 5753; x_wconf 90' lang='lat' dir='ltr'><strong>non</strong></span> <span class='ocrx_word' id='word_1_747' title='bbox 497 5704 583 5751; x_wconf 83' lang='lat' dir='ltr'><strong>est</strong></span> <span class='ocrx_word' id='word_1_748' title='bbox 627 5696 1011 5751; x_wconf 87' lang='lat' dir='ltr'><strong>recedendum.</strong></span> <span class='ocrx_word' id='word_1_749' title='bbox 1066 5696 1298 5753; x_wconf 66' lang='lat' dir='ltr'><strong>Tantum</strong></span> <span class='ocrx_word' id='word_1_750' title='bbox 1346 5696 1594 5767; x_wconf 57' lang='lat' dir='ltr'><strong>aspirare</strong></span> <span class='ocrx_word' id='word_1_751' title='bbox 1645 5699 1806 5754; x_wconf 86' lang='lat' dir='ltr'><strong>malui</strong></span> 
     </span>
    </p>
   </div>
   <div class='ocr_carea' id='block_1_92' title="bbox 218 5766 1808 5837">
    <p class='ocr_par' dir='ltr' id='par_1_92' title="bbox 218 5766 1808 5837">
     <span class='ocr_line' id='line_1_93' title="bbox 218 5766 1808 5837; baseline -0.001 -12"><span class='ocrx_word' id='word_1_752' title='bbox 218 5768 452 5825; x_wconf 82' lang='lat' dir='ltr'><strong>Pharias</strong></span> <span class='ocrx_word' id='word_1_753' title='bbox 483 5783 504 5821; x_wconf 91' lang='lat'><strong>:</strong></span> <span class='ocrx_word' id='word_1_754' title='bbox 530 5766 717 5837; x_wconf 86' lang='lat' dir='ltr'><strong>sicque</strong></span> <span class='ocrx_word' id='word_1_755' title='bbox 767 5770 981 5837; x_wconf 78' lang='lat' dir='ltr'><strong>explico</strong></span> <span class='ocrx_word' id='word_1_756' title='bbox 1004 5770 1300 5837; x_wconf 69' lang='lat' dir='ltr'><strong>appellatas</strong></span> <span class='ocrx_word' id='word_1_757' title='bbox 1327 5784 1391 5822; x_wconf 76' lang='lat' dir='ltr'><strong>ex</strong></span> <span class='ocrx_word' id='word_1_758' title='bbox 1412 5766 1547 5823; x_wconf 85' lang='lat' dir='ltr'><strong>loco</strong></span> <span class='ocrx_word' id='word_1_759' title='bbox 1578 5769 1663 5823; x_wconf 91' lang='lat' dir='ltr'><strong>ubi</strong></span> <span class='ocrx_word' id='word_1_760' title='bbox 1688 5784 1808 5824; x_wconf 84' lang='lat' dir='ltr'><strong>ear-</strong></span> 
     </span>
    </p>
   </div>
   <div class='ocr_carea' id='block_1_93' title="bbox 221 5839 1814 5909">
    <p class='ocr_par' dir='ltr' id='par_1_93' title="bbox 221 5839 1814 5909">
     <span class='ocr_line' id='line_1_94' title="bbox 221 5839 1814 5909; baseline -0.001 -13"><span class='ocrx_word' id='word_1_761' title='bbox 221 5856 321 5909; x_wconf 76' lang='lat' dir='ltr'><strong>nes</strong></span> <span class='ocrx_word' id='word_1_762' title='bbox 344 5839 603 5909; x_wconf 76' lang='lat' dir='ltr'><strong>Ilebrzeus</strong></span> <span class='ocrx_word' id='word_1_763' title='bbox 634 5840 861 5909; x_wconf 88' lang='lat' dir='ltr'><strong>populus</strong></span> <span class='ocrx_word' id='word_1_764' title='bbox 904 5840 1243 5909; x_wconf 81' lang='lat' dir='ltr'><strong>concupivit:</strong></span> <span class='ocrx_word' id='word_1_765' title='bbox 1277 5839 1327 5893; x_wconf 89' lang='lat' dir='ltr'><strong>id</strong></span> <span class='ocrx_word' id='word_1_766' title='bbox 1358 5850 1440 5895; x_wconf 90' lang='lat' dir='ltr'><strong>est</strong></span> <span class='ocrx_word' id='word_1_767' title='bbox 1461 5841 1516 5894; x_wconf 90' lang='lat' dir='ltr'><strong>in</strong></span> <span class='ocrx_word' id='word_1_768' title='bbox 1537 5841 1814 5895; x_wconf 78' lang='lat' dir='ltr'><strong>solitudine</strong></span> 
     </span>
    </p>
   </div>
   <div class='ocr_carea' id='block_1_94' title="bbox 224 5908 1816 5984">
    <p class='ocr_par' dir='ltr' id='par_1_94' title="bbox 224 5908 1816 5984">
     <span class='ocr_line' id='line_1_95' title="bbox 224 5908 1816 5984; baseline 0.002 -21"><span class='ocrx_word' id='word_1_769' title='bbox 224 5908 469 5978; x_wconf 72' lang='lat' dir='ltr'><strong>Pharon,</strong></span> <span class='ocrx_word' id='word_1_770' title='bbox 490 5908 582 5964; x_wconf 81' lang='lat' dir='ltr'><strong>ubi</strong></span> <span class='ocrx_word' id='word_1_771' title='bbox 609 5908 878 5977; x_wconf 79' lang='lat' dir='ltr'><strong>fastidiens</strong></span> <span class='ocrx_word' id='word_1_772' title='bbox 902 5908 1146 5965; x_wconf 71' lang='lat' dir='ltr'><strong>caelestem</strong></span> <span class='ocrx_word' id='word_1_773' title='bbox 1159 5926 1362 5981; x_wconf 86' lang='lat' dir='ltr'><strong>panem,</strong></span> <span class='ocrx_word' id='word_1_774' title='bbox 1380 5921 1428 5967; x_wconf 87' lang='lat' dir='ltr'><strong>et</strong></span> <span class='ocrx_word' id='word_1_775' title='bbox 1442 5909 1816 5984; x_wconf 65' lang='lat' dir='ltr'><strong>Afgyptiorum</strong></span> 
     </span>
    </p>
   </div>
   <div class='ocr_carea' id='block_1_95' title="bbox 1882 3380 3478 3454">
    <p class='ocr_par' dir='ltr' id='par_1_95' title="bbox 1882 3380 3478 3454">
     <span class='ocr_line' id='line_1_96' title="bbox 1882 3380 3478 3454; baseline -0.001 -19"><span class='ocrx_word' id='word_1_776' title='bbox 1882 3389 2027 3435; x_wconf 87' lang='lat' dir='ltr'><strong>catus</strong></span> <span class='ocrx_word' id='word_1_777' title='bbox 2056 3398 2108 3435; x_wconf 83' lang='lat' dir='ltr'><strong>es</strong></span> <span class='ocrx_word' id='word_1_778' title='bbox 2134 3422 2149 3447; x_wconf 89' lang='lat'><strong>,</strong></span> <span class='ocrx_word' id='word_1_779' title='bbox 2178 3398 2282 3435; x_wconf 88' lang='lat' dir='ltr'><strong>non</strong></span> <span class='ocrx_word' id='word_1_780' title='bbox 2306 3383 2373 3434; x_wconf 86' lang='lat' dir='ltr'><strong>sit</strong></span> <span class='ocrx_word' id='word_1_781' title='bbox 2403 3381 2495 3436; x_wconf 87' lang='lat' dir='ltr'><strong>tibi</strong></span> <span class='ocrx_word' id='word_1_782' title='bbox 2518 3396 2690 3436; x_wconf 70' lang='lat' dir='ltr'><strong>currv:</strong></span> <span class='ocrx_word' id='word_1_783' title='bbox 2719 3380 2809 3436; x_wconf 85' lang='lat' dir='ltr'><strong>sed</strong></span> <span class='ocrx_word' id='word_1_784' title='bbox 2845 3390 2893 3436; x_wconf 89' lang='lat' dir='ltr'><strong>et</strong></span> <span class='ocrx_word' id='word_1_785' title='bbox 2918 3382 2963 3435; x_wconf 87' lang='lat' dir='ltr'><strong>si</strong></span> <span class='ocrx_word' id='word_1_786' title='bbox 3003 3392 3142 3454; x_wconf 85' lang='lat' dir='ltr'><strong>potes</strong></span> <span class='ocrx_word' id='word_1_787' title='bbox 3168 3381 3296 3436; x_wconf 85' lang='lat' dir='ltr'><strong>liber</strong></span> <span class='ocrx_word' id='word_1_788' title='bbox 3318 3380 3436 3449; x_wconf 78' lang='lat' dir='ltr'><strong>ﬁeri</strong></span> <span class='ocrx_word' id='word_1_789' title='bbox 3460 3417 3478 3446; x_wconf 90' lang='lat'><strong>,</strong></span> 
     </span>
    </p>
   </div>
   <div class='ocr_carea' id='block_1_96' title="bbox 1885 3475 3485 3549">
    <p class='ocr_par' dir='ltr' id='par_1_96' title="bbox 1885 3475 3485 3549">
     <span class='ocr_line' id='line_1_97' title="bbox 1885 3475 3485 3549; baseline 0.001 -21"><span class='ocrx_word' id='word_1_790' title='bbox 1885 3476 2049 3549; x_wconf 87' lang='lat' dir='ltr'><strong>magis</strong></span> <span class='ocrx_word' id='word_1_791' title='bbox 2082 3484 2226 3530; x_wconf 84' lang='lat' dir='ltr'><strong>utere</strong></span> <span class='ocrx_word' id='word_1_792' title='bbox 2251 3517 2265 3542; x_wconf 90' lang='lat'><strong>,</strong></span> <span class='ocrx_word' id='word_1_793' title='bbox 2297 3475 2619 3546; x_wconf 85' lang='lat' dir='ltr'><strong>suggillasse</strong></span> <span class='ocrx_word' id='word_1_794' title='bbox 2638 3476 3036 3531; x_wconf 84' lang='lat' dir='ltr'><strong>continentiam</strong></span> <span class='ocrx_word' id='word_1_795' title='bbox 3074 3476 3352 3531; x_wconf 87' lang='lat' dir='ltr'><strong>videretur</strong></span> <span class='ocrx_word' id='word_1_796' title='bbox 3378 3514 3394 3538; x_wconf 87' lang='lat'><strong>,</strong></span> <span class='ocrx_word' id='word_1_797' title='bbox 3424 3482 3485 3530; x_wconf 88' lang='lat' dir='ltr'><strong>et</strong></span> 
     </span>
    </p>
   </div>
   <div class='ocr_carea' id='block_1_97' title="bbox 1885 3567 3484 3638">
    <p class='ocr_par' dir='ltr' id='par_1_97' title="bbox 1885 3567 3484 3638">
     <span class='ocr_line' id='line_1_98' title="bbox 1885 3567 3484 3638; baseline -0.003 -15"><span class='ocrx_word' id='word_1_798' title='bbox 1885 3568 1938 3623; x_wconf 94' lang='lat' dir='ltr'><strong>in</strong></span> <span class='ocrx_word' id='word_1_799' title='bbox 1970 3569 2283 3624; x_wconf 88' lang='lat' dir='ltr'><strong>famulatum</strong></span> <span class='ocrx_word' id='word_1_800' title='bbox 2308 3583 2408 3624; x_wconf 91' lang='lat' dir='ltr'><strong>nos</strong></span> <span class='ocrx_word' id='word_1_801' title='bbox 2431 3568 2720 3624; x_wconf 81' lang='lat' dir='ltr'><strong>tradidisse</strong></span> <span class='ocrx_word' id='word_1_802' title='bbox 2741 3567 3053 3638; x_wconf 74' lang='lat' dir='ltr'><strong>coniugum,</strong></span> <span class='ocrx_word' id='word_1_803' title='bbox 3078 3568 3241 3624; x_wconf 88' lang='lat' dir='ltr'><strong>infert</strong></span> <span class='ocrx_word' id='word_1_804' title='bbox 3263 3573 3484 3621; x_wconf 85' lang='lat' dir='ltr'><strong>senten-</strong></span> 
     </span>
    </p>
   </div>
   <div class='ocr_carea' id='block_1_98' title="bbox 1887 3656 3485 3733">
    <p class='ocr_par' dir='ltr' id='par_1_98' title="bbox 1887 3656 3485 3733">
     <span class='ocr_line' id='line_1_99' title="bbox 1887 3656 3485 3733; baseline -0.003 -16"><span class='ocrx_word' id='word_1_805' title='bbox 1887 3663 2040 3727; x_wconf 90' lang='lat' dir='ltr'><strong>tiam,</strong></span> <span class='ocrx_word' id='word_1_806' title='bbox 2087 3678 2207 3733; x_wconf 78' lang='lat' dir='ltr'><strong>qua:</strong></span> <span class='ocrx_word' id='word_1_807' title='bbox 2246 3677 2463 3716; x_wconf 89' lang='lat' dir='ltr'><strong>omnem</strong></span> <span class='ocrx_word' id='word_1_808' title='bbox 2510 3670 2756 3733; x_wconf 89' lang='lat' dir='ltr'><strong>amputet</strong></span> <span class='ocrx_word' id='word_1_809' title='bbox 2800 3660 3203 3716; x_wconf 89' lang='lat' dir='ltr'><strong>cavillationem</strong></span> <span class='ocrx_word' id='word_1_810' title='bbox 3240 3675 3253 3711; x_wconf 93' lang='lat'><strong>:</strong></span> <span class='ocrx_word' id='word_1_811' title='bbox 3304 3656 3485 3713; x_wconf 87' lang='lat' dir='ltr'><strong>Pretio</strong></span> 
     </span>
    </p>
   </div>
   <div class='ocr_carea' id='block_1_99' title="bbox 1886 3750 3490 3827">
    <p class='ocr_par' dir='ltr' id='par_1_99' title="bbox 1886 3750 3490 3827">
     <span class='ocr_line' id='line_1_100' title="bbox 1886 3750 3490 3827; baseline -0.002 -18"><span class='ocrx_word' id='word_1_812' title='bbox 1886 3756 2043 3827; x_wconf 88' lang='lat' dir='ltr'><strong>empti</strong></span> <span class='ocrx_word' id='word_1_813' title='bbox 2085 3756 2205 3809; x_wconf 86' lang='lat' dir='ltr'><strong>estis</strong></span> <span class='ocrx_word' id='word_1_814' title='bbox 2234 3796 2248 3822; x_wconf 90' lang='lat'><strong>,</strong></span> <span class='ocrx_word' id='word_1_815' title='bbox 2280 3755 2441 3809; x_wconf 88' lang='lat' dir='ltr'><strong>nolite</strong></span> <span class='ocrx_word' id='word_1_816' title='bbox 2468 3754 2581 3824; x_wconf 81' lang='lat' dir='ltr'><strong>ﬁeri</strong></span> <span class='ocrx_word' id='word_1_817' title='bbox 2609 3754 2743 3809; x_wconf 81' lang='lat' dir='ltr'><strong>servi</strong></span> <span class='ocrx_word' id='word_1_818' title='bbox 2770 3753 3057 3809; x_wconf 86' lang='lat' dir='ltr'><strong>hominum.</strong></span> <span class='ocrx_word' id='word_1_819' title='bbox 3086 3750 3369 3821; x_wconf 82' lang='lat' dir='ltr'><strong>Bedetnpti</strong></span> <span class='ocrx_word' id='word_1_820' title='bbox 3395 3765 3490 3806; x_wconf 84' lang='lat' dir='ltr'><strong>su-</strong></span> 
     </span>
    </p>
   </div>
   <div class='ocr_carea' id='block_1_100' title="bbox 1885 3846 3484 3918">
    <p class='ocr_par' dir='ltr' id='par_1_100' title="bbox 1885 3846 3484 3918">
     <span class='ocr_line' id='line_1_101' title="bbox 1885 3846 3484 3918; baseline 0.001 -16"><span class='ocrx_word' id='word_1_821' title='bbox 1885 3862 2005 3903; x_wconf 89' lang='lat' dir='ltr'><strong>mus</strong></span> <span class='ocrx_word' id='word_1_822' title='bbox 2039 3846 2437 3917; x_wconf 88' lang='lat' dir='ltr'><strong>pretiosissimo</strong></span> <span class='ocrx_word' id='word_1_823' title='bbox 2474 3849 2737 3918; x_wconf 87' lang='lat' dir='ltr'><strong>sanguine</strong></span> <span class='ocrx_word' id='word_1_824' title='bbox 2776 3846 3012 3903; x_wconf 89' lang='lat' dir='ltr'><strong>Christi:</strong></span> <span class='ocrx_word' id='word_1_825' title='bbox 3048 3846 3361 3901; x_wconf 89' lang='lat' dir='ltr'><strong>immolatus</strong></span> <span class='ocrx_word' id='word_1_826' title='bbox 3398 3856 3484 3903; x_wconf 87' lang='lat' dir='ltr'><strong>est</strong></span> 
     </span>
    </p>
   </div>
   <div class='ocr_carea' id='block_1_101' title="bbox 1888 3937 3483 4012">
    <p class='ocr_par' dir='ltr' id='par_1_101' title="bbox 1888 3937 3483 4012">
     <span class='ocr_line' id='line_1_102' title="bbox 1888 3937 3483 4012; baseline 0.001 -17"><span class='ocrx_word' id='word_1_827' title='bbox 1888 3956 1987 4011; x_wconf 91' lang='lat' dir='ltr'><strong>pro</strong></span> <span class='ocrx_word' id='word_1_828' title='bbox 2016 3940 2169 3996; x_wconf 90' lang='lat' dir='ltr'><strong>nobis</strong></span> <span class='ocrx_word' id='word_1_829' title='bbox 2197 3955 2390 4012; x_wconf 86' lang='lat' dir='ltr'><strong>agnus,</strong></span> <span class='ocrx_word' id='word_1_830' title='bbox 2414 3949 2469 3995; x_wconf 93' lang='lat' dir='ltr'><strong>et</strong></span> <span class='ocrx_word' id='word_1_831' title='bbox 2498 3940 2709 4010; x_wconf 87' lang='lat' dir='ltr'><strong>aspersi</strong></span> <span class='ocrx_word' id='word_1_832' title='bbox 2732 3938 3071 3996; x_wconf 86' lang='lat' dir='ltr'><strong>calidissimo</strong></span> <span class='ocrx_word' id='word_1_833' title='bbox 3098 3951 3222 3993; x_wconf 88' lang='lat' dir='ltr'><strong>rore</strong></span> <span class='ocrx_word' id='word_1_834' title='bbox 3240 3937 3483 4011; x_wconf 80' lang='lat' dir='ltr'><strong>hyssopi,</strong></span> 
     </span>
    </p>
   </div>
   <div class='ocr_carea' id='block_1_102' title="bbox 1889 4029 3485 4105">
    <p class='ocr_par' dir='ltr' id='par_1_102' title="bbox 1889 4029 3485 4105">
     <span class='ocr_line' id='line_1_103' title="bbox 1889 4029 3485 4105; baseline -0.001 -17"><span class='ocrx_word' id='word_1_835' title='bbox 1889 4048 2104 4089; x_wconf 89' lang='lat' dir='ltr'><strong>omnem</strong></span> <span class='ocrx_word' id='word_1_836' title='bbox 2129 4034 2377 4105; x_wconf 90' lang='lat' dir='ltr'><strong>pituitam</strong></span> <span class='ocrx_word' id='word_1_837' title='bbox 2407 4033 2585 4087; x_wconf 70' lang='lat' dir='ltr'><strong>noxire</strong></span> <span class='ocrx_word' id='word_1_838' title='bbox 2609 4032 2904 4103; x_wconf 87' lang='lat' dir='ltr'><strong>voluptatis</strong></span> <span class='ocrx_word' id='word_1_839' title='bbox 2925 4029 3485 4095; x_wconf 80' lang='lat' dir='ltr'><strong>excoximus.Quibus</strong></span> 
     </span>
    </p>
   </div>
   <div class='ocr_carea' id='block_1_103' title="bbox 1890 4121 3485 4198">
    <p class='ocr_par' dir='ltr' id='par_1_103' title="bbox 1890 4121 3485 4198">
     <span class='ocr_line' id='line_1_104' title="bbox 1890 4121 3485 4198; baseline -0.005 -15"><span class='ocrx_word' id='word_1_840' title='bbox 1890 4128 1942 4183; x_wconf 92' lang='lat' dir='ltr'><strong>in</strong></span> <span class='ocrx_word' id='word_1_841' title='bbox 1974 4126 2298 4198; x_wconf 86' lang='lat' dir='ltr'><strong>baptismate</strong></span> <span class='ocrx_word' id='word_1_842' title='bbox 2322 4137 2570 4181; x_wconf 90' lang='lat' dir='ltr'><strong>mortuus</strong></span> <span class='ocrx_word' id='word_1_843' title='bbox 2600 4135 2686 4182; x_wconf 87' lang='lat' dir='ltr'><strong>est</strong></span> <span class='ocrx_word' id='word_1_844' title='bbox 2715 4168 2731 4195; x_wconf 97' lang='lat'><strong>,</strong></span> <span class='ocrx_word' id='word_1_845' title='bbox 2767 4136 2789 4164; x_wconf 76' lang='grc' dir='ltr'><strong><em>ο</em></strong></span> <span class='ocrx_word' id='word_1_846' title='bbox 2822 4126 3035 4181; x_wconf 84' lang='lat' dir='ltr'><strong>Pharao</strong></span> <span class='ocrx_word' id='word_1_847' title='bbox 3060 4167 3075 4192; x_wconf 95' lang='lat'><strong>,</strong></span> <span class='ocrx_word' id='word_1_848' title='bbox 3113 4134 3168 4181; x_wconf 92' lang='lat' dir='ltr'><strong>et</strong></span> <span class='ocrx_word' id='word_1_849' title='bbox 3196 4121 3485 4178; x_wconf 88' lang='lat' dir='ltr'><strong>universus</strong></span> 
     </span>
    </p>
   </div>
   <div class='ocr_carea' id='block_1_104' title="bbox 1890 4214 3481 4292">
    <p class='ocr_par' dir='ltr' id='par_1_104' title="bbox 1890 4214 3481 4292">
     <span class='ocr_line' id='line_1_105' title="bbox 1890 4214 3481 4292; baseline -0.006 -14"><span class='ocrx_word' id='word_1_850' title='bbox 1890 4222 2007 4292; x_wconf 86' lang='lat' dir='ltr'><strong>ejus</strong></span> <span class='ocrx_word' id='word_1_851' title='bbox 2040 4220 2331 4276; x_wconf 78' lang='lat' dir='ltr'><strong>suffocatus</strong></span> <span class='ocrx_word' id='word_1_852' title='bbox 2361 4229 2447 4275; x_wconf 91' lang='lat' dir='ltr'><strong>est</strong></span> <span class='ocrx_word' id='word_1_853' title='bbox 2472 4219 2745 4276; x_wconf 83' lang='lat' dir='ltr'><strong>exercitus</strong></span> <span class='ocrx_word' id='word_1_854' title='bbox 2772 4262 2787 4286; x_wconf 88' lang='lat'><strong>,</strong></span> <span class='ocrx_word' id='word_1_855' title='bbox 2813 4234 2909 4275; x_wconf 92' lang='lat' dir='ltr'><strong>cur</strong></span> <span class='ocrx_word' id='word_1_856' title='bbox 2940 4232 3155 4274; x_wconf 90' lang='lat' dir='ltr'><strong>rursum</strong></span> <span class='ocrx_word' id='word_1_857' title='bbox 3191 4214 3481 4287; x_wconf 59' lang='lat' dir='ltr'><strong>Egyptum</strong></span> 
     </span>
    </p>
   </div>
   <div class='ocr_carea' id='block_1_105' title="bbox 1892 4306 3491 4387">
    <p class='ocr_par' dir='ltr' id='par_1_105' title="bbox 1892 4306 3491 4387">
     <span class='ocr_line' id='line_1_106' title="bbox 1892 4306 3491 4387; baseline -0.004 -18"><span class='ocrx_word' id='word_1_858' title='bbox 1892 4314 2282 4387; x_wconf 67' lang='lat' dir='ltr'><strong>quierimus,et</strong></span> <span class='ocrx_word' id='word_1_859' title='bbox 2304 4322 2424 4384; x_wconf 88' lang='lat' dir='ltr'><strong>post</strong></span> <span class='ocrx_word' id='word_1_860' title='bbox 2452 4326 2669 4377; x_wconf 86' lang='lat' dir='ltr'><strong>manna,</strong></span> <span class='ocrx_word' id='word_1_861' title='bbox 2694 4313 3027 4383; x_wconf 85' lang='lat' dir='ltr'><strong>Angelorum</strong></span> <span class='ocrx_word' id='word_1_862' title='bbox 3054 4309 3260 4373; x_wconf 90' lang='lat' dir='ltr'><strong>cibum,</strong></span> <span class='ocrx_word' id='word_1_863' title='bbox 3282 4306 3406 4361; x_wconf 85' lang='lat' dir='ltr'><strong>allia</strong></span> <span class='ocrx_word' id='word_1_864' title='bbox 3435 4315 3491 4363; x_wconf 90' lang='lat' dir='ltr'><strong>et</strong></span> 
     </span>
    </p>
   </div>
   <div class='ocr_carea' id='block_1_106' title="bbox 1893 4400 3421 4480">
    <p class='ocr_par' dir='ltr' id='par_1_106' title="bbox 1893 4400 3421 4480">
     <span class='ocr_line' id='line_1_107' title="bbox 1893 4400 3421 4480; baseline -0.007 -16"><span class='ocrx_word' id='word_1_865' title='bbox 1893 4422 2027 4480; x_wconf 91' lang='lat' dir='ltr'><strong>cepe</strong></span> <span class='ocrx_word' id='word_1_866' title='bbox 2053 4415 2108 4463; x_wconf 92' lang='lat' dir='ltr'><strong>et</strong></span> <span class='ocrx_word' id='word_1_867' title='bbox 2134 4420 2398 4478; x_wconf 90' lang='lat' dir='ltr'><strong>pepones,</strong></span> <span class='ocrx_word' id='word_1_868' title='bbox 2431 4415 2488 4461; x_wconf 91' lang='lat' dir='ltr'><strong>et</strong></span> <span class='ocrx_word' id='word_1_869' title='bbox 2511 4402 2538 4442; x_wconf 73' lang='grc' dir='ltr'><strong>(ι</strong></span> <span class='ocrx_word' id='word_1_870' title='bbox 2562 4421 2761 4462; x_wconf 90' lang='lat' dir='ltr'><strong>carnes</strong></span> <span class='ocrx_word' id='word_1_871' title='bbox 2790 4404 3018 4460; x_wconf 88' lang='lat' dir='ltr'><strong>Pharias</strong></span> <span class='ocrx_word' id='word_1_872' title='bbox 3046 4400 3421 4471; x_wconf 84' lang='lat' dir='ltr'><strong>suspiramus?</strong></span> 
     </span>
    </p>
   </div>
   <div class='ocr_carea' id='block_1_107' title="bbox 1970 4490 3497 4571">
    <p class='ocr_par' dir='ltr' id='par_1_107' title="bbox 1970 4490 3497 4571">
     <span class='ocr_line' id='line_1_108' title="bbox 1970 4490 3497 4571; baseline -0.003 -16"><span class='ocrx_word' id='word_1_873' title='bbox 1970 4501 2058 4555; x_wconf 73' lang='grc'><strong>12.</strong></span> <span class='ocrx_word' id='word_1_874' title='bbox 2103 4502 2279 4570; x_wconf 84' lang='lat' dir='ltr'><strong>Quare</strong></span> <span class='ocrx_word' id='word_1_875' title='bbox 2306 4498 2451 4555; x_wconf 79' lang='lat' dir='ltr'><strong>Deus</strong></span> <span class='ocrx_word' id='word_1_876' title='bbox 2493 4499 2846 4571; x_wconf 85' lang='lat' dir='ltr'><strong>virginitatem</strong></span> <span class='ocrx_word' id='word_1_877' title='bbox 2877 4513 2981 4551; x_wconf 90' lang='lat' dir='ltr'><strong>non</strong></span> <span class='ocrx_word' id='word_1_878' title='bbox 3025 4495 3294 4566; x_wconf 78' lang='lat' dir='ltr'><strong>prtl’cepif.</strong></span> <span class='ocrx_word' id='word_1_879' title='bbox 3324 4490 3497 4551; x_wconf 72' lang='lat' dir='ltr'><strong>Ferim</strong></span> 
     </span>
    </p>
   </div>
   <div class='ocr_carea' id='block_1_108' title="bbox 2558 4701 3498 4775">
    <p class='ocr_par' dir='ltr' id='par_1_108' title="bbox 2558 4701 3498 4775">
     <span class='ocr_line' id='line_1_109' title="bbox 2558 4701 3498 4775; baseline 0.003 -20"><span class='ocrx_word' id='word_1_880' title='bbox 2558 4702 2757 4775; x_wconf 86' lang='lat' dir='ltr'><strong>accepit</strong></span> <span class='ocrx_word' id='word_1_881' title='bbox 2807 4701 3120 4775; x_wconf 78' lang='lat' dir='ltr'><strong>coturnices,</strong></span> <span class='ocrx_word' id='word_1_882' title='bbox 3171 4710 3218 4775; x_wconf 80' lang='lat' dir='ltr'><strong>et</strong></span> <span class='ocrx_word' id='word_1_883' title='bbox 3245 4719 3404 4775; x_wconf 83' lang='lat' dir='ltr'><strong>usque</strong></span> <span class='ocrx_word' id='word_1_884' title='bbox 3430 4704 3498 4758; x_wconf 84' lang='lat' dir='ltr'><strong>ad</strong></span> 
     </span>
    </p>
   </div>
   <div class='ocr_carea' id='block_1_109' title="bbox 1898 4772 3499 4844">
    <p class='ocr_par' dir='ltr' id='par_1_109' title="bbox 1898 4772 3499 4844">
     <span class='ocr_line' id='line_1_110' title="bbox 1898 4772 3499 4844; baseline 0.002 -18"><span class='ocrx_word' id='word_1_885' title='bbox 1898 4788 2142 4844; x_wconf 78' lang='lat' dir='ltr'><strong>nauseam</strong></span> <span class='ocrx_word' id='word_1_886' title='bbox 2165 4784 2214 4825; x_wconf 89' lang='lat' dir='ltr'><strong>et</strong></span> <span class='ocrx_word' id='word_1_887' title='bbox 2244 4773 2492 4826; x_wconf 88' lang='lat' dir='ltr'><strong>vomitum</strong></span> <span class='ocrx_word' id='word_1_888' title='bbox 2510 4772 2742 4838; x_wconf 84' lang='lat' dir='ltr'><strong>devorat,</strong></span> <span class='ocrx_word' id='word_1_889' title='bbox 2762 4781 2894 4837; x_wconf 89' lang='lat' dir='ltr'><strong>etc.,</strong></span> <span class='ocrx_word' id='word_1_890' title='bbox 2916 4772 3408 4844; x_wconf 79' lang='lat' dir='ltr'><strong>quedtnadmudum</strong></span> <span class='ocrx_word' id='word_1_891' title='bbox 3429 4776 3499 4830; x_wconf 91' lang='lat' dir='ltr'><strong>ab</strong></span> 
     </span>
    </p>
   </div>
   <div class='ocr_carea' id='block_1_110' title="bbox 1896 4842 3501 4915">
    <p class='ocr_par' dir='ltr' id='par_1_110' title="bbox 1896 4842 3501 4915">
     <span class='ocr_line' id='line_1_111' title="bbox 1896 4842 3501 4915; baseline 0 -16"><span class='ocrx_word' id='word_1_892' title='bbox 1896 4842 2375 4915; x_wconf 14' lang='lat' dir='ltr'><strong>ipsoAHneronyuto</strong></span> <span class='ocrx_word' id='word_1_893' title='bbox 2400 4846 2751 4915; x_wconf 55' lang='lat' dir='ltr'><strong>explicatum</strong></span> <span class='ocrx_word' id='word_1_894' title='bbox 2767 4853 2853 4897; x_wconf 91' lang='lat' dir='ltr'><strong>est</strong></span> <span class='ocrx_word' id='word_1_895' title='bbox 2885 4842 2947 4898; x_wconf 61' lang='lat' dir='ltr'><strong>in&#39;</strong></span> <span class='ocrx_word' id='word_1_896' title='bbox 2975 4843 3223 4913; x_wconf 81' lang='lat' dir='ltr'><strong>Epismla</strong></span> <span class='ocrx_word' id='word_1_897' title='bbox 3255 4848 3325 4899; x_wconf 89' lang='lat' dir='ltr'><strong>de</strong></span> <span class='ocrx_word' id='word_1_898' title='bbox 3351 4846 3501 4902; x_wconf 79' lang='lat' dir='ltr'><strong>Mau-</strong></span> 
     </span>
    </p>
   </div>
   <div class='ocr_carea' id='block_1_111' title="bbox 1897 4911 3499 4983">
    <p class='ocr_par' dir='ltr' id='par_1_111' title="bbox 1897 4911 3499 4983">
     <span class='ocr_line' id='line_1_112' title="bbox 1897 4911 3499 4983; baseline -0.001 -14"><span class='ocrx_word' id='word_1_899' title='bbox 1897 4911 2164 4976; x_wconf 56' lang='lat' dir='ltr'><strong>s&#39;ionibus,</strong></span> <span class='ocrx_word' id='word_1_900' title='bbox 2193 4911 2369 4983; x_wconf 65' lang='lat' dir='ltr'><strong>mans1</strong></span> <span class='ocrx_word' id='word_1_901' title='bbox 2396 4928 2512 4983; x_wconf 73' lang='lat' dir='ltr'><strong>_Xlll.</strong></span> <span class='ocrx_word' id='word_1_902' title='bbox 2542 4911 2681 4966; x_wconf 78' lang='lat' dir='ltr'><strong>Vide</strong></span> <span class='ocrx_word' id='word_1_903' title='bbox 2706 4912 2868 4966; x_wconf 85' lang='lat' dir='ltr'><strong>Num.</strong></span> <span class='ocrx_word' id='word_1_904' title='bbox 2894 4929 3004 4981; x_wconf 75' lang='lat' dir='ltr'><strong>xvi,</strong></span> <span class='ocrx_word' id='word_1_905' title='bbox 3027 4911 3193 4969; x_wconf 78' lang='lat' dir='ltr'><strong>versu</strong></span> <span class='ocrx_word' id='word_1_906' title='bbox 3229 4917 3297 4971; x_wconf 82' lang='grc'><strong>15</strong></span> <span class='ocrx_word' id='word_1_907' title='bbox 3314 4922 3499 4983; x_wconf 65' lang='lat' dir='ltr'><strong>etseq.</strong></span> 
     </span>
    </p>
   </div>
   <div class='ocr_carea' id='block_1_112' title="bbox 1897 4981 3498 5055">
    <p class='ocr_par' dir='ltr' id='par_1_112' title="bbox 1897 4981 3498 5055">
     <span class='ocr_line' id='line_1_113' title="bbox 1897 4981 3498 5055; baseline -0.001 -15"><span class='ocrx_word' id='word_1_908' title='bbox 1897 4986 2168 5040; x_wconf 69' lang='lat' dir='ltr'><strong>Caeterum</strong></span> <span class='ocrx_word' id='word_1_909' title='bbox 2192 4982 2305 5055; x_wconf 72' lang='lat' dir='ltr'><strong>scio</strong></span> <span class='ocrx_word' id='word_1_910' title='bbox 2336 4981 2562 5055; x_wconf 63' lang='lat' dir='ltr'><strong>Pharias</strong></span> <span class='ocrx_word' id='word_1_911' title='bbox 2594 4984 2753 5052; x_wconf 91' lang='lat' dir='ltr'><strong>vulgo</strong></span> <span class='ocrx_word' id='word_1_912' title='bbox 2776 4998 2890 5055; x_wconf 87' lang='lat' dir='ltr'><strong>pro</strong></span> <span class='ocrx_word' id='word_1_913' title='bbox 2934 4983 3293 5039; x_wconf 83' lang='lat' dir='ltr'><strong>Pharaonicas</strong></span> <span class='ocrx_word' id='word_1_914' title='bbox 3324 4981 3498 5055; x_wconf 74' lang='lat' dir='ltr'><strong>accipi</strong></span> 
     </span>
    </p>
   </div>
   <div class='ocr_carea' id='block_1_113' title="bbox 1894 5052 2973 5127">
    <p class='ocr_par' dir='ltr' id='par_1_113' title="bbox 1894 5052 2973 5127">
     <span class='ocr_line' id='line_1_114' title="bbox 1894 5052 2973 5127; baseline -0.002 -15"><span class='ocrx_word' id='word_1_915' title='bbox 1894 5056 2045 5127; x_wconf 76' lang='lat' dir='ltr'><strong>juxta</strong></span> <span class='ocrx_word' id='word_1_916' title='bbox 2077 5054 2208 5110; x_wconf 89' lang='lat' dir='ltr'><strong>illud</strong></span> <span class='ocrx_word' id='word_1_917' title='bbox 2236 5052 2516 5108; x_wconf 88' lang='lat' dir='ltr'><strong>Prudentii</strong></span> <span class='ocrx_word' id='word_1_918' title='bbox 2539 5052 2590 5108; x_wconf 91' lang='lat' dir='ltr'><strong>in</strong></span> <span class='ocrx_word' id='word_1_919' title='bbox 2623 5054 2923 5125; x_wconf 86' lang='lat' dir='ltr'><strong>Apotheosi</strong></span> <span class='ocrx_word' id='word_1_920' title='bbox 2958 5074 2973 5113; x_wconf 92' lang='lat'><strong>:</strong></span> 
     </span>
    </p>
   </div>
   <div class='ocr_carea' id='block_1_114' title="bbox 1994 5165 3114 5229">
    <p class='ocr_par' dir='ltr' id='par_1_114' title="bbox 1994 5165 3114 5229">
     <span class='ocr_line' id='line_1_115' title="bbox 1994 5165 3114 5229; baseline 0.005 -13"><span class='ocrx_word' id='word_1_921' title='bbox 1994 5167 2111 5217; x_wconf 65' lang='lat' dir='ltr'><strong>Harc</strong></span> <span class='ocrx_word' id='word_1_922' title='bbox 2128 5168 2267 5229; x_wconf 84' lang='lat' dir='ltr'><strong>regis</strong></span> <span class='ocrx_word' id='word_1_923' title='bbox 2289 5165 2458 5217; x_wconf 87' lang='lat' dir='ltr'><strong>Pharii</strong></span> <span class='ocrx_word' id='word_1_924' title='bbox 2476 5177 2687 5229; x_wconf 86' lang='lat' dir='ltr'><strong>regnum</strong></span> <span class='ocrx_word' id='word_1_925' title='bbox 2708 5165 2867 5219; x_wconf 87' lang='lat' dir='ltr'><strong>ferale</strong></span> <span class='ocrx_word' id='word_1_926' title='bbox 2890 5169 3114 5222; x_wconf 75' lang='lat' dir='ltr'><strong>resolvit.</strong></span> 
     </span>
    </p>
   </div>
   <div class='ocr_carea' id='block_1_115' title="bbox 1899 5272 3506 5350">
    <p class='ocr_par' dir='ltr' id='par_1_115' title="bbox 1899 5272 3506 5350">
     <span class='ocr_line' id='line_1_116' title="bbox 1899 5272 3506 5350; baseline 0.006 -24"><span class='ocrx_word' id='word_1_927' title='bbox 1899 5273 1967 5350; x_wconf 64' lang='lat' dir='ltr'><strong>{Et</strong></span> <span class='ocrx_word' id='word_1_928' title='bbox 2015 5289 2193 5327; x_wconf 86' lang='lat' dir='ltr'><strong>carnes</strong></span> <span class='ocrx_word' id='word_1_929' title='bbox 2242 5272 2414 5350; x_wconf 75' lang='lat' dir='ltr'><strong>varias</strong></span> <span class='ocrx_word' id='word_1_930' title='bbox 2460 5275 2811 5350; x_wconf 72' lang='lat' dir='ltr'><strong>suspiramus.</strong></span> <span class='ocrx_word' id='word_1_931' title='bbox 2865 5276 2941 5333; x_wconf 89' lang='lat' dir='ltr'><strong>Ita</strong></span> <span class='ocrx_word' id='word_1_932' title='bbox 2989 5278 3119 5350; x_wconf 87' lang='lat' dir='ltr'><strong>legit</strong></span> <span class='ocrx_word' id='word_1_933' title='bbox 3169 5280 3341 5337; x_wconf 80' lang='lat' dir='ltr'><strong>codex</strong></span> <span class='ocrx_word' id='word_1_934' title='bbox 3400 5296 3506 5337; x_wconf 86' lang='lat' dir='ltr'><strong>ms.</strong></span> 
     </span>
    </p>
   </div>
   <div class='ocr_carea' id='block_1_116' title="bbox 1901 5346 3509 5414">
    <p class='ocr_par' dir='ltr' id='par_1_116' title="bbox 1901 5346 3509 5414">
     <span class='ocr_line' id='line_1_117' title="bbox 1901 5346 3509 5414; baseline 0.002 -13"><span class='ocrx_word' id='word_1_935' title='bbox 1901 5346 2411 5414; x_wconf 84' lang='lat' dir='ltr'><strong>Sangermanensis,</strong></span> <span class='ocrx_word' id='word_1_936' title='bbox 2445 5355 2501 5401; x_wconf 90' lang='lat' dir='ltr'><strong>et</strong></span> <span class='ocrx_word' id='word_1_937' title='bbox 2538 5347 2679 5403; x_wconf 86' lang='lat' dir='ltr'><strong>alter</strong></span> <span class='ocrx_word' id='word_1_938' title='bbox 2727 5346 3103 5405; x_wconf 66' lang='lat' dir='ltr'><strong>Carnutensis.</strong></span> <span class='ocrx_word' id='word_1_939' title='bbox 3156 5352 3509 5406; x_wconf 83' lang='lat' dir='ltr'><strong>Corbeiensis</strong></span> 
     </span>
    </p>
   </div>
   <div class='ocr_carea' id='block_1_117' title="bbox 1902 5415 3507 5491">
    <p class='ocr_par' dir='ltr' id='par_1_117' title="bbox 1902 5415 3507 5491">
     <span class='ocr_line' id='line_1_118' title="bbox 1902 5415 3507 5491; baseline 0.006 -24"><span class='ocrx_word' id='word_1_940' title='bbox 1902 5428 2082 5491; x_wconf 74' lang='lat' dir='ltr'><strong>n_utetn</strong></span> <span class='ocrx_word' id='word_1_941' title='bbox 2110 5415 2280 5484; x_wconf 86' lang='lat' dir='ltr'><strong>prima</strong></span> <span class='ocrx_word' id='word_1_942' title='bbox 2312 5432 2494 5491; x_wconf 74' lang='lat' dir='ltr'><strong>manu,</strong></span> <span class='ocrx_word' id='word_1_943' title='bbox 2526 5428 2572 5473; x_wconf 87' lang='lat' dir='ltr'><strong>et</strong></span> <span class='ocrx_word' id='word_1_944' title='bbox 2594 5436 2775 5475; x_wconf 79' lang='lat' dir='ltr'><strong>carnes</strong></span> <span class='ocrx_word' id='word_1_945' title='bbox 2802 5417 2852 5472; x_wconf 85' lang='lat' dir='ltr'><em>F</em></span> <span class='ocrx_word' id='word_1_946' title='bbox 2853 5423 2995 5475; x_wconf 87' lang='lat' dir='ltr'><strong>arias</strong></span> <span class='ocrx_word' id='word_1_947' title='bbox 3017 5423 3372 5491; x_wconf 82' lang='lat' dir='ltr'><strong>suspiramus;</strong></span> <span class='ocrx_word' id='word_1_948' title='bbox 3409 5421 3507 5491; x_wconf 83' lang='lat' dir='ltr'><strong>sed</strong></span> 
     </span>
    </p>
   </div>
   <div class='ocr_carea' id='block_1_118' title="bbox 1905 5487 3511 5555">
    <p class='ocr_par' dir='ltr' id='par_1_118' title="bbox 1905 5487 3511 5555">
     <span class='ocr_line' id='line_1_119' title="bbox 1905 5487 3511 5555; baseline 0.002 -13"><span class='ocrx_word' id='word_1_949' title='bbox 1905 5487 2096 5553; x_wconf 79' lang='lat' dir='ltr'><strong>Furias</strong></span> <span class='ocrx_word' id='word_1_950' title='bbox 2128 5488 2355 5543; x_wconf 85' lang='lat' dir='ltr'><strong>mutavit</strong></span> <span class='ocrx_word' id='word_1_951' title='bbox 2384 5492 2657 5546; x_wconf 80' lang='lat' dir='ltr'><strong>recentior</strong></span> <span class='ocrx_word' id='word_1_952' title='bbox 2684 5506 2878 5545; x_wconf 90' lang='lat' dir='ltr'><strong>manus</strong></span> <span class='ocrx_word' id='word_1_953' title='bbox 2908 5491 2960 5546; x_wconf 91' lang='lat' dir='ltr'><strong>iu</strong></span> <span class='ocrx_word' id='word_1_954' title='bbox 2996 5487 3187 5555; x_wconf 79' lang='lat' dir='ltr'><strong>varias,</strong></span> <span class='ocrx_word' id='word_1_955' title='bbox 3221 5492 3428 5546; x_wconf 88' lang='lat' dir='ltr'><strong>addens</strong></span> <span class='ocrx_word' id='word_1_956' title='bbox 3456 5490 3511 5546; x_wconf 91' lang='lat' dir='ltr'><strong>in</strong></span> 
     </span>
    </p>
   </div>
   <div class='ocr_carea' id='block_1_119' title="bbox 1905 5559 3515 5629">
    <p class='ocr_par' dir='ltr' id='par_1_119' title="bbox 1905 5559 3515 5629">
     <span class='ocr_line' id='line_1_120' title="bbox 1905 5559 3515 5629; baseline 0.001 -14"><span class='ocrx_word' id='word_1_957' title='bbox 1905 5561 2171 5625; x_wconf 69' lang='lat' dir='ltr'><strong>margine,</strong></span> <span class='ocrx_word' id='word_1_958' title='bbox 2222 5559 2276 5614; x_wconf 90' lang='lat' dir='ltr'><strong>id</strong></span> <span class='ocrx_word' id='word_1_959' title='bbox 2332 5571 2404 5614; x_wconf 86' lang='lat' dir='ltr'><strong>est</strong></span> <span class='ocrx_word' id='word_1_960' title='bbox 2450 5559 2793 5617; x_wconf 86' lang='lat' dir='ltr'><strong>Faraonicas.</strong></span> <span class='ocrx_word' id='word_1_961' title='bbox 2846 5561 2997 5617; x_wconf 80' lang='lat' dir='ltr'><strong>Unus</strong></span> <span class='ocrx_word' id='word_1_962' title='bbox 3046 5560 3265 5629; x_wconf 70' lang='lat' dir='ltr'><strong>Rrgitts,</strong></span> <span class='ocrx_word' id='word_1_963' title='bbox 3294 5573 3347 5616; x_wconf 84' lang='lat' dir='ltr'><strong>et</strong></span> <span class='ocrx_word' id='word_1_964' title='bbox 3376 5561 3515 5616; x_wconf 81' lang='lat' dir='ltr'><strong>alter</strong></span> 
     </span>
    </p>
   </div>
   <div class='ocr_carea' id='block_1_120' title="bbox 1909 5630 3515 5702">
    <p class='ocr_par' dir='ltr' id='par_1_120' title="bbox 1909 5630 3515 5702">
     <span class='ocr_line' id='line_1_121' title="bbox 1909 5630 3515 5702; baseline 0.005 -21"><span class='ocrx_word' id='word_1_965' title='bbox 1909 5631 2277 5702; x_wconf 71' lang='lat' dir='ltr'><strong>Culbertinus.</strong></span> <span class='ocrx_word' id='word_1_966' title='bbox 2310 5631 2494 5702; x_wconf 85' lang='lat' dir='ltr'><strong>legunt</strong></span> <span class='ocrx_word' id='word_1_967' title='bbox 2526 5636 2712 5697; x_wconf 83' lang='lat' dir='ltr'><strong>ambo,</strong></span> <span class='ocrx_word' id='word_1_968' title='bbox 2764 5642 2809 5686; x_wconf 90' lang='lat' dir='ltr'><strong>et</strong></span> <span class='ocrx_word' id='word_1_969' title='bbox 2856 5648 3037 5702; x_wconf 85' lang='lat' dir='ltr'><strong>carnes</strong></span> <span class='ocrx_word' id='word_1_970' title='bbox 3093 5630 3515 5689; x_wconf 79' lang='lat' dir='ltr'><strong>Pharaoniticas.</strong></span> 
     </span>
    </p>
   </div>
   <div class='ocr_carea' id='block_1_121' title="bbox 1912 5700 3519 5768">
    <p class='ocr_par' dir='ltr' id='par_1_121' title="bbox 1912 5700 3519 5768">
     <span class='ocr_line' id='line_1_122' title="bbox 1912 5700 3519 5768; baseline 0.001 -10"><span class='ocrx_word' id='word_1_971' title='bbox 1912 5700 2065 5758; x_wconf 86' lang='lat' dir='ltr'><strong>Unus</strong></span> <span class='ocrx_word' id='word_1_972' title='bbox 2097 5700 2409 5759; x_wconf 85' lang='lat' dir='ltr'><strong>monasterii</strong></span> <span class='ocrx_word' id='word_1_973' title='bbox 2444 5705 2615 5759; x_wconf 91' lang='lat' dir='ltr'><strong>nostri</strong></span> <span class='ocrx_word' id='word_1_974' title='bbox 2635 5703 2693 5760; x_wconf 90' lang='lat' dir='ltr'><strong>S.</strong></span> <span class='ocrx_word' id='word_1_975' title='bbox 2726 5701 2872 5758; x_wconf 82' lang='lat' dir='ltr'><strong>Petri</strong></span> <span class='ocrx_word' id='word_1_976' title='bbox 2901 5704 3284 5768; x_wconf 58' lang='lat' dir='ltr'><strong>Carnutensis,</strong></span> <span class='ocrx_word' id='word_1_977' title='bbox 3321 5712 3368 5758; x_wconf 85' lang='lat' dir='ltr'><strong>et</strong></span> <span class='ocrx_word' id='word_1_978' title='bbox 3402 5720 3519 5760; x_wconf 81' lang='lat' dir='ltr'><strong>cur-</strong></span> 
     </span>
    </p>
   </div>
   <div class='ocr_carea' id='block_1_122' title="bbox 1912 5773 3519 5845">
    <p class='ocr_par' dir='ltr' id='par_1_122' title="bbox 1912 5773 3519 5845">
     <span class='ocr_line' id='line_1_123' title="bbox 1912 5773 3519 5845; baseline 0.003 -17"><span class='ocrx_word' id='word_1_979' title='bbox 1912 5790 2001 5828; x_wconf 86' lang='lat' dir='ltr'><strong>nes</strong></span> <span class='ocrx_word' id='word_1_980' title='bbox 2050 5776 2265 5845; x_wconf 79' lang='lat' dir='ltr'><strong>ferinas.</strong></span> <span class='ocrx_word' id='word_1_981' title='bbox 2318 5774 2563 5845; x_wconf 62' lang='lat' dir='ltr'><strong>Denique</strong></span> <span class='ocrx_word' id='word_1_982' title='bbox 2607 5774 2782 5830; x_wconf 80' lang='lat' dir='ltr'><strong>codex</strong></span> <span class='ocrx_word' id='word_1_983' title='bbox 2814 5774 2891 5845; x_wconf 23' lang='lat' dir='ltr'><strong>AS.</strong></span> <span class='ocrx_word' id='word_1_984' title='bbox 2944 5773 3227 5844; x_wconf 86' lang='lat' dir='ltr'><strong>Ebrulphi.</strong></span> <span class='ocrx_word' id='word_1_985' title='bbox 3257 5784 3304 5830; x_wconf 86' lang='lat' dir='ltr'><strong>et</strong></span> <span class='ocrx_word' id='word_1_986' title='bbox 3339 5791 3519 5833; x_wconf 82' lang='lat' dir='ltr'><strong>carnes</strong></span> 
     </span>
    </p>
   </div>
   <div class='ocr_carea' id='block_1_123' title="bbox 1916 5843 3520 5911">
    <p class='ocr_par' dir='ltr' id='par_1_123' title="bbox 1916 5843 3520 5911">
     <span class='ocr_line' id='line_1_124' title="bbox 1916 5843 3520 5911; baseline 0.004 -14"><span class='ocrx_word' id='word_1_987' title='bbox 1916 5843 2105 5911; x_wconf 78' lang='lat' dir='ltr'><strong>varias,</strong></span> <span class='ocrx_word' id='word_1_988' title='bbox 2135 5846 2234 5899; x_wconf 92' lang='lat' dir='ltr'><strong>hoc</strong></span> <span class='ocrx_word' id='word_1_989' title='bbox 2255 5855 2327 5899; x_wconf 85' lang='lat' dir='ltr'><strong>est</strong></span> <span class='ocrx_word' id='word_1_990' title='bbox 2354 5843 2778 5900; x_wconf 83' lang='lat' dir='ltr'><strong>Pharaoniticus.</strong></span> <span class='ocrx_word' id='word_1_991' title='bbox 2811 5843 2957 5898; x_wconf 87' lang='lat' dir='ltr'><strong>Ilanc</strong></span> <span class='ocrx_word' id='word_1_992' title='bbox 2983 5843 3231 5902; x_wconf 69' lang='lat' dir='ltr'><strong>codiCum</strong></span> <span class='ocrx_word' id='word_1_993' title='bbox 3253 5863 3385 5903; x_wconf 89' lang='lat' dir='ltr'><strong>mss.</strong></span> <span class='ocrx_word' id='word_1_994' title='bbox 3402 5847 3520 5905; x_wconf 87' lang='lat' dir='ltr'><strong>dis-</strong></span> 
     </span>
    </p>
   </div>
   <div class='ocr_carea' id='block_1_124' title="bbox 1917 5914 3525 5984">
    <p class='ocr_par' dir='ltr' id='par_1_124' title="bbox 1917 5914 3525 5984">
     <span class='ocr_line' id='line_1_125' title="bbox 1917 5914 3525 5984; baseline 0.007 -13"><span class='ocrx_word' id='word_1_995' title='bbox 1917 5916 2222 5972; x_wconf 72' lang='lat' dir='ltr'><strong>sonantium</strong></span> <span class='ocrx_word' id='word_1_996' title='bbox 2263 5916 2367 5971; x_wconf 88' lang='lat' dir='ltr'><strong>hoc</strong></span> <span class='ocrx_word' id='word_1_997' title='bbox 2410 5917 2531 5973; x_wconf 91' lang='lat' dir='ltr'><strong>loco</strong></span> <span class='ocrx_word' id='word_1_998' title='bbox 2573 5916 2774 5974; x_wconf 84' lang='lat' dir='ltr'><strong>docere</strong></span> <span class='ocrx_word' id='word_1_999' title='bbox 2804 5914 3072 5975; x_wconf 89' lang='lat' dir='ltr'><strong>voluimus</strong></span> <span class='ocrx_word' id='word_1_1000' title='bbox 3101 5915 3390 5980; x_wconf 86' lang='lat' dir='ltr'><strong>Lectorem</strong></span> <span class='ocrx_word' id='word_1_1001' title='bbox 3428 5935 3525 5984; x_wconf 81' lang='lat' dir='ltr'><strong>cu-</strong></span> 
     </span>
    </p>
   </div>
  </div>
