4062 6348
622 305 730 372 227

1888 308 1944 367 s.
1990 282 2264 368 unseen
2301 311 2686 370 HIERONYMI

3832 311 3962 386 sas

625 422 926 489 nuptiarum
953 422 1108 492 aure?
1140 422 1314 492 Quare
1355 422 1473 494 plus
1516 429 1657 484 autat
1703 421 1929 495 uirgines
1970 422 2225 480 Christus.
2257 429 2308 493 Δ
2334 431 2474 500 pedit
2505 430 2714 486 nubere.
2749 428 2946 497 Quibus
2986 427 3076 484 ille
3122 430 3436 503 respondit:
3463 433 3586 489 Non
3623 451 3803 493 onmes
3859 455 3962 494 ca-

623 512 998 585 Signi/icantia
1015 519 1287 572 verbarutn
1314 516 1714 572 consideranda.
1741 547 1812 561 -—
1835 517 2150 574 Maritorum
2175 529 2229 574 et

620 608 1026 672 continentium
1077 611 1460 682 disputatione
1516 612 1842 681 prunuissa,
1895 613 2110 670 tandem
2164 615 2231 671 ad

623 702 870 774 virgines
896 705 1066 770 venit,
1097 716 1151 760 et
1173 707 1249 760 ait
1272 723 1286 759 :
1307 704 1384 759 De
1408 706 1694 779 uirginibus
1724 717 1892 764 autent
1918 719 2231 780 prteceptum

625 792 842 854 Domini
871 813 973 851 non
1002 796 1164 854 habeo
1184 814 1204 862 ;
1227 798 1507 858 consilium
1533 809 1705 858 autem
1727 798 1816 866 do,
1848 809 2107 870 tamquam
2139 799 2233 855 nti-

626 888 966 944 sericordiam
1016 899 1319 946 consecutus
1363 908 1395 950 a
1444 889 1713 956 Domino,
1763 901 1816 946 ut
1877 892 1976 952 sint
2036 892 2230 961 ﬁdelis.

631 981 890 1044 Existimo
912 999 1030 1058 ergo
1054 983 1152 1038 hoc
1174 983 1364 1044 bonum
1387 1001 1494 1040 esse
1525 996 1736 1056 propter
1755 986 2032 1040 instantem
2058 1003 2234 1040 neces-

629 1073 858 1142 sitatem,
889 1084 914 1111 λ
945 1077 1188 1148 quoniam
1225 1076 1416 1132 bonum
1443 1087 1516 1131 est
1557 1078 1755 1138 homini
1784 1078 1859 1132 sic
1895 1095 2002 1134 esse
2033 1078 2077 1149 (Ι
2109 1077 2229 1134 Cor.

631 1184 726 1238 vn,
757 1171 848 1242 25,
880 1170 996 1244 26).
1030 1172 1129 1227 llic
1157 1170 1507 1237 adversarius
1552 1179 1666 1234 tota
1697 1172 2065 1232 exsultatione
2106 1172 2236 1234 bac.

630 1262 874 1328 cbatur:
924 1265 1029 1322 hoc
1075 1266 1224 1328 velut
1292 1265 1594 1322 fortissimo
1634 1266 1848 1334 ariete,
1899 1267 2234 1336 virginitatis

629 1369 850 1418 murum
877 1357 1130 1426 quatiens
1158 1377 1172 1417 ;
1203 1377 1222 1410 ι
1257 1358 1421 1427 Ecce,
1459 1360 1655 1429 inquit,
1682 1358 1985 1429 Apostolus
2012 1357 2234 1429 proﬁte-

629 1456 718 1505 tur
735 1448 804 1504 de
832 1449 1161 1522 virginibus,
1184 1453 1400 1508 Domini
1431 1468 1493 1508 se
1521 1469 1628 1510 non
1659 1453 1860 1512 habere
1879 1463 2231 1523 prwceptum:

629 1550 688 1608 et
718 1543 814 1614 qui
845 1560 966 1600 cum
1001 1549 1330 1602 auctoritate
1367 1546 1435 1602 de
1483 1547 1702 1606 maritis
1733 1558 1787 1602 et
1832 1547 2095 1603 uxoribus
2118 1547 2234 1617 jus-

628 1645 798 1702 serat,
832 1652 940 1696 non
970 1638 1134 1704 audet
1179 1643 1454 1710 imperare
1483 1641 1628 1711 quod
1661 1641 1927 1698 Dominus
1959 1655 2070 1701 non
2097 1657 2235 1711 prae-

627 1732 791 1798 cepit.
824 1730 889 1786 Et
929 1742 1096 1787 recte.
1128 1732 1286 1802 Quod
1316 1734 1462 1790 enim
1508 1734 1863 1805 praccipitur,
1893 1735 2230 1806 imperatur:

623 1825 770 1898 quod
793 1823 1113 1895 imperatur,
1144 1840 1374 1882 necesse
1404 1835 1490 1882 est
1516 1825 1638 1882 ﬁeri
1671 1843 1683 1880 :
1715 1826 1862 1897 quod
1890 1841 2118 1883 necesse
2149 1836 2235 1884 est
2265 1827 2308 1892 Β
2339 1820 2667 1877 currendum
2723 1837 2737 1874 τ

624 1913 770 1982 ﬁeri,
798 1917 900 1984 nisi
945 1918 1061 1984 ﬁat,
1097 1934 1314 1988 poenam
1346 1919 1532 1978 liabet.
1564 1920 1791 1978 Frustra
1825 1923 1975 1977 enim
1992 1921 2232 1992 jubetur,

626 2009 772 2082 quod
831 2010 884 2070 iu
937 2011 1168 2068 arbitrio
1221 2013 1340 2082 ejus
1390 2013 1634 2084 ponitur,
1679 2014 1765 2070 cui
1809 2014 2023 2084 jussum
2072 2023 2175 2069 est.
2210 2033 2232 2068 ι

625 2102 792 2177 256
809 2103 864 2158 Si
892 2104 1267 2175 virginitatem
1294 2107 1560 2163 Dominus
1584 2108 1933 2177 imperasset,
1951 2105 2235 2162 videbatur

624 2197 844 2262 nuptias
884 2198 1262 2256 condemnare
1282 2241 1296 2266 ,
1328 2207 1386 2258 et
1414 2198 1696 2256 hominum
1727 2198 1947 2256 auferre
1988 2198 2230 2256 semina-

623 2285 791 2352 rium,
823 2288 966 2344 unde
1004 2299 1058 2344 et
1090 2290 1205 2360 ipsa
1238 2290 1526 2364 virginitas
1565 2292 1831 2348 nascitur.
1865 2291 1922 2348 Si
1953 2290 2234 2361 praecidis~

622 2389 709 2434 set
750 2380 1012 2446 radicem.
1055 2383 1331 2452 quomodo
1372 2385 1556 2454 fruges
1597 2383 1907 2455 qurereret?
1945 2382 2058 2442 Nisi
2104 2392 2234 2440 ante

620 2469 976 2530 frtridamenta
1002 2474 1248 2544 jecisset,
1283 2492 1388 2546 qua
1411 2477 1627 2536 ratione
1652 2476 1944 2534 aediﬁcium
1975 2483 2229 2533 exstrue-

617 2575 724 2631 ret,
751 2577 806 2621 et
827 2577 1143 2637 oper-turum
1166 2579 1362 2626 cuncta
1385 2570 1620 2639 desuper
1640 2569 1861 2629 culmen
1881 2568 2226 2638 imponeret?

617 2658 792 2724 Multo
825 2661 1008 2717 labore
1049 2662 1324 2718 fossorum
1355 2663 1751 2719 subvertuntur
1778 2669 1994 2720 montes
2020 2678 2035 2716 :
2059 2659 2086 2698 δ
2117 2668 2229 2716 ter-

618 2767 802 2810 rarum
845 2769 986 2825 pene
1015 2755 1227 2811 inferna
1259 2764 1653 2826 penetrantur,
1698 2762 1760 2811 ut
1787 2752 2099 2811 inveniatur
2129 2768 2226 2808 ana

616 2863 760 2910 rum.
795 2847 1042 2919 Cumque
1076 2849 1146 2905 de
1181 2850 1366 2920 granis
1395 2848 1782 2906 minutissimis
1828 2848 1982 2917 prius
2023 2845 2227 2904 conﬁa-

617 2939 768 3000 tione
801 2941 1062 3008 fornacis,
1094 2942 1297 3006 deinde
1335 2943 1532 3000 callida
1578 2943 1806 3000 artiﬁcis
1850 2958 2018 3000 manu
2062 2941 2226 2998 fuerit

614 3033 823 3102 monile
857 3047 1234 3105 compactum;
1279 3053 1387 3094 non
1414 3037 1504 3092 ille
1537 3036 1728 3092 beatus
1755 3043 2004 3101 vocatur,
2035 3035 2124 3105 qui
2153 3034 2224 3092 de

611 3124 734 3182 luto
759 3131 1001 3194 excrevit
1025 3147 1242 3197 aurum,
1276 3131 1374 3188 sed
1414 3131 1506 3201 qui
1537 3132 1654 3187 auri
1688 3130 1858 3188 utitur
1906 3128 2220 3199 pulchritu-

2334 523 2479 591 piunt
2495 524 2718 589 uerbum,
2743 522 2832 575 sed
2854 522 3040 593 quibus
3065 522 3245 576 datum
3261 533 3356 577 est.
3378 524 3514 581 Sunt
3532 527 3670 582 enim
3685 533 3958 600 eunuchi,

2332 616 2421 684 qui
2450 613 2518 668 de
2555 623 2700 668 utero
2727 615 2908 672 matris
2936 617 3009 669 ita
3042 617 3151 669 nati
3176 626 3332 683 sunt;
3359 626 3407 671 et
3428 629 3548 673 sunt
3575 621 3824 688 eunuchi,
3855 625 3964 694 qui

2333 707 2397 762 ab
2425 708 2715 762 hominibus
2746 709 3075 772 eunqeltizati
3095 718 3249 775 sunt;
3277 719 3325 763 et
3350 719 3470 764 sunt
3497 713 3743 779 eunuchi,
3769 715 3872 784 qui
3897 732 3966 768 se

2335 809 2684 854 castrauerunt
2731 810 2940 870 propter
2968 801 3128 872 357
3160 817 3378 870 regnum
3407 801 3674 861 castorum.
3712 805 3820 871 Qui
3853 823 3966 878 po-

2334 900 2432 946 test
2457 908 2665 964 capere,
2695 892 2862 963 capiat
2893 891 3108 961 (Matth.
3144 908 3261 959 ιικ,
3304 895 3372 948 to
3413 894 3605 964 seqq).
3648 893 3706 949 In
3737 911 3958 967 propa-

2337 986 2452 1040 tulo
2489 997 2574 1040 est
2599 1001 2698 1042 cur
2723 985 3023 1056 Apostolus
3051 985 3281 1052 dixerit,
3317 985 3396 1041 De
3449 987 3736 1058 uirginibus
3766 999 3962 1044 autem

2335 1089 2647 1151 priusquam
2673 1077 2883 1142 potuisti
2919 1097 3021 1134 non
3057 1079 3250 1147 habeo;
3280 1081 3526 1151 profecto
3551 1083 3678 1150 quia
3718 1087 3962 1151 praemi-

2336 1179 2484 1228 serat
2516 1171 2779 1227 Dominus
2805 1189 2816 1225 :
2852 1170 2974 1227 Non
2998 1187 3176 1227 omnes
3203 1173 3424 1242 rapiunt
3452 1173 3686 1241 uerbum,
3711 1175 3805 1230 sed
3831 1177 3966 1248 qui-

2338 1263 2429 1318 bus
2459 1265 2640 1318 datum
2684 1273 2780 1319 est.
2825 1265 2926 1333 Et,
2952 1267 3040 1336 qui
3098 1275 3261 1337 potest
3313 1282 3514 1336 capere,
3547 1269 3740 1340 capiat.
3808 1268 3960 1326 Pro-

2337 1357 2488 1428 ponit
2531 1359 2839 1431 ἀγωνοθέτης
2907 1361 3228 1429 praemium,
3289 1362 3482 1416 invitat
3549 1363 3620 1418 ad
3675 1378 3950 1431 cursum,

2339 1456 2489 1504 tenet
2531 1451 2581 1504 in
2615 1465 2774 1505 manu
2805 1451 3129 1522 virginitatis
3176 1452 3430 1510 brevium
3464 1470 3479 1508 :
3537 1454 3781 1511 ostendit
3839 1473 3956 1526 pu-

2339 1539 2608 1595 rissimum
2645 1539 2870 1608 fontem,
2915 1551 2969 1597 et
3010 1543 3287 1602 clamitat:
3325 1543 3427 1610 Qui
3480 1545 3607 1612 sitit,
3654 1548 3848 1612 ueniat,
3895 1558 3955 1603 et

2340 1632 2496 1685 bibat.
2526 1631 2627 1698 Qui
2660 1643 2824 1705 potest
2868 1649 3070 1706 capere,
3101 1636 3270 1707 capiat
3301 1633 3481 1704 (locis.
3521 1653 3616 1706 vn,
3648 1637 3762 1710 57).
3821 1639 3954 1697 Non

2338 1724 2505 1792 dicit,
2535 1726 2742 1794 velitis,
2801 1727 2991 1783 nolitis
3043 1727 3342 1785 bibendum
3401 1730 3556 1785 vobis
3605 1743 3722 1799 est,
3773 1743 3954 1805 atque

2793 1821 2891 1881 sed
2940 1822 3030 1892 qui
3077 1821 3342 1888 voluerit,
3383 1826 3476 1893 qui
3523 1826 3764 1894 potuerit
3809 1841 3952 1882 cur-

2341 1926 2487 1979 rere,
2516 1923 2679 1984 atque
2731 1921 2942 1982 potare,
2979 1915 3074 1970 ille
3123 1915 3326 1982 vincet,
3363 1915 3456 1970 ille
3504 1916 3813 1973 satiabitur.
3873 1919 3950 1976 Et

2339 2004 2464 2060 ideo
2505 2005 2625 2076 plus
2655 2015 2801 2060 amat
2842 2005 3083 2077 virgines
3109 2007 3361 2062 Christus
3383 2049 3398 2076 ,
3431 2008 3556 2079 quia
3599 2019 3794 2080 sponte
3839 2011 3948 2066 tri-

2335 2100 2526 2166 buunt,
2561 2101 2702 2170 quod
2741 2102 2841 2156 sibi
2881 2117 2986 2156 non
3018 2101 3192 2157 fuerat
3227 2104 3576 2173 imperatum.
3607 2103 3950 2175 Major-isque

2333 2193 2522 2266 gratiae
2547 2202 2661 2260 est,
2697 2193 2898 2248 oﬁ‘erre
2924 2194 3070 2263 quod
3097 2209 3203 2249 non
3246 2194 3478 2261 debeas,
3507 2209 3668 2265 quam
3701 2196 3948 2254 reddere

2335 2283 2478 2354 quod
2520 2283 2774 2355 exigaris.
2818 2284 3066 2354 Apostoli
3100 2285 3290 2341 uxoris
3318 2301 3484 2340 onera
3533 2289 3888 2358 contemplati
3921 2307 3937 2348 :

2336 2376 2398 2431 Si
2425 2375 2544 2430 tatis
2569 2386 2666 2444 est,
2709 2379 2978 2447 inquiunt,
3011 2394 3169 2433 causa
3196 2378 3424 2439 hominis
3470 2395 3585 2434 eum
3616 2398 3797 2446 uxore,
3830 2399 3940 2438 non

2331 2469 2537 2540 expedit
2577 2470 2784 2525 trahere.
2831 2471 3074 2540 Quorum
3127 2474 3392 2529 Dominus
3431 2476 3764 2530 sententious
3807 2491 3942 2546 pro-

2330 2563 2467 2620 bans
2493 2582 2505 2618 :
2540 2564 2708 2628 Recte
2737 2567 2956 2636 quidem
2989 2569 3222 2632 sentitis,
3247 2569 3345 2635 ait,
3370 2569 3515 2640 quod
3546 2585 3655 2624 non
3675 2571 3936 2641 expediat

2330 2653 2534 2711 homini
2577 2657 2642 2712 ad
2672 2659 2940 2714 calorum
2973 2675 3138 2731 regna
3181 2659 3460 2727 tendenti,
3506 2662 3755 2733 accipere
3795 2679 3938 2720 uxo-

2328 2763 2478 2814 rem;
2525 2750 2624 2805 sed
2665 2749 2904 2807 difﬁcilis
2935 2767 3025 2808 res
3069 2763 3188 2821 est,
3220 2764 3276 2809 et
3323 2770 3436 2810 non
3479 2769 3672 2812 omnes
3703 2756 3930 2828 capiunt

2324 2840 2552 2898 ver-bum
2596 2842 2760 2910 istud,
2794 2859 2982 2902 verum
3033 2846 3233 2915 quibus
3267 2845 3453 2901 datum
3484 2856 3586 2902 est.
3618 2846 3770 2903 Alios
3823 2863 3931 2908 eu-

2326 2933 2536 2988 nuchos
2589 2942 2780 2989 natura
2831 2935 2990 3002 facit,
3039 2938 3182 2992 alios
3215 2937 3300 2992 vis
3344 2937 3652 2999 hominum.
3687 2939 3814 2995 Mihi
3845 2939 3928 2997 illi

2325 3028 2565 3084 eunuchi
2594 3030 2831 3102 placent,
2853 3047 2988 3102 quos
3017 3034 3281 3088 castravit
3316 3048 3424 3089 non
3454 3035 3752 3090 necessitas
3778 3075 3792 3102 ,
3823 3035 3923 3091 sed

2324 3121 2600 3178 voluntas.
2625 3123 2884 3181 Libenter
2911 3125 3104 3182 illosin
3135 3141 3290 3182 meos
3317 3127 3468 3183 sinus
3497 3127 3725 3199 recipio,
3748 3127 3840 3198 qui
3860 3144 3924 3186 so

610 3216 760 3280 dine.
792 3218 910 3280 Noli
936 3222 1101 3294 igitur
1139 3223 1424 3291 admirari,
1457 3223 1504 3280 si
1550 3224 1693 3278 inter
1732 3221 2072 3276 titillationes
2099 3235 2218 3278 ear-
2245 3202 2291 3265 C
2321 3226 2701 3273 castraret-unt
2727 3228 2953 3290 propter
2976 3235 3142 3292 regna
3171 3220 3460 3288 castorum,
3490 3232 3542 3276 et
3572 3221 3642 3277 ob
3673 3224 3778 3280 mei
3799 3222 3922 3278 eui-

608 3311 717 3374 nis,
762 3322 818 3367 et
864 3312 1141 3374 incentiva
1173 3314 1463 3380 vitiorum,
1505 3312 1848 3383 Angelorum
1894 3311 2057 3367 vitam
2108 3327 2217 3369 non

610 3405 907 3476 exigimur,
951 3406 1046 3461 sed
1076 3405 1357 3462 docemur.
1390 3407 1528 3474 Quia
1571 3406 1658 3462 ubi
1697 3407 1986 3464 consilium
2034 3405 2215 3472 datur,

606 3496 892 3554 oll'creutis
919 3498 1208 3554 arbitrium
1238 3509 1315 3553 est
1349 3515 1362 3550 :
1395 3498 1484 3552 ubi
1522 3507 1876 3568 praeceptum,
1916 3499 2218 3554 necessitas

605 3602 689 3656 est
712 3600 734 3629 ο
760 3590 1078 3648 servientis.
1120 3589 1468 3659 Praeceptum,
1508 3591 1702 3660 inquit,
1736 3589 1952 3644 Domini
1984 3607 2086 3646 non
2116 3593 2214 3648 Ita-

607 3680 734 3746 beo;
759 3682 1034 3736 consilium
1060 3692 1233 3736 autem
1254 3682 1344 3750 do,
1371 3692 1632 3752 tamquam
1656 3682 2069 3736 misericordiam
2091 3701 2213 3740 con-

605 3785 812 3830 secutus
842 3793 872 3830 a
906 3775 1130 3829 Domino
1161 3774 1205 3847 (Ι
1235 3774 1352 3830 Cor.
1385 3791 1480 3839 vn,
1657 3775 1712 3832 Si
1751 3792 1859 3830 non
1886 3775 2053 3831 babes
2078 3792 2214 3847 pran-

607 3881 824 3939 ceptum
852 3871 1089 3935 Domini,
1121 3886 1292 3940 quare
1321 3870 1489 3927 audes
1515 3853 1646 3926 dare
1668 3871 1979 3940 consilium,
2013 3872 2080 3928 de
2107 3886 2214 3943 quo

612 3978 720 4018 non
751 3962 916 4017 trabes
936 3963 1280 4033 jttSsionent?
1310 3963 1687 4033 Respondebit
1713 3963 1843 4020 milii
1879 3965 2208 4035 Apostolus:

607 4055 676 4111 Et
702 4058 782 4112 vis
806 4065 862 4110 ut
893 4071 994 4127 ego
1017 4055 1258 4125 jubeant,
1294 4057 1437 4128 quod
1470 4057 1733 4114 Dominus
1770 4058 1967 4116 obtulit
2007 4060 2208 4129 potius,

603 4165 764 4220 quam
799 4147 1095 4222 prmcepit?
1126 4147 1224 4203 Ille
1263 4159 1478 4205 creator
1506 4157 1564 4203 et
1605 4149 1798 4219 ﬁgulus
1829 4152 2012 4206 sciens
2050 4151 2212 4223 fragi-

603 4242 806 4298 litatem
857 4243 1081 4310 vasculi,
1112 4242 1258 4314 quod
1291 4252 1547 4313 operatus
1585 4253 1690 4311 est,
1741 4245 2112 4315 virginitatem
2153 4247 2207 4302 in

601 4334 876 4390 audientis
909 4343 1178 4405 potestate
1206 4333 1432 4402 dimisit,
1477 4344 1532 4389 et
1561 4350 1662 4404 ego
1695 4334 1894 4392 Doctor
1926 4334 2204 4403 Cciitium,

604 4430 693 4500 qui
737 4428 991 4492 omnibus
1029 4429 1212 4486 omnia
1246 4429 1414 4484 lactus
1456 4445 1575 4483 sum
1611 4428 1653 4499 (I
1685 4426 1806 4484 Cor.
1855 4443 1908 4486 ιχ
1936 4471 1950 4494 ,
1984 4427 2078 4502 22)
2103 4471 2116 4493 ,
2152 4437 2208 4483 ut

601 4533 794 4573 omnes
822 4519 1224 4584 lucril‘accrcm,
1253 4534 1393 4574 onus
1427 4529 1701 4588 perpetuac
1727 4517 1995 4573 castitatis
2021 4520 2201 4574 statim

2322 3318 2434 3364 tum
2466 3311 2757 3367 noluerunt
2781 3328 2904 3368 esse
2933 3314 3077 3384 quod
3123 3315 3238 3369 nati
3269 3324 3417 3370 sunt.
3462 3313 3744 3386 Simulque
3772 3323 3920 3371 trac-

2320 3403 2480 3458 tanda
2507 3406 2778 3460 sententia
2806 3423 2821 3461 ι
2851 3407 2954 3472 Qui
2972 3424 3047 3470 se,
3100 3407 3292 3479 inquit,
3323 3418 3682 3466 0‘“!!th
3710 3417 3918 3482 propter

2317 3511 2477 3567 regna
2503 3496 2769 3552 calorum.
2802 3497 2860 3554 Si
2906 3500 3128 3554 castrati
3176 3500 3485 3557 mercedem
3516 3500 3721 3556 habent
3762 3503 3916 3572 regni

2318 3588 2603 3654 caelorum,
2633 3603 2765 3661 ergo
2795 3591 2883 3660 qui
2915 3606 2975 3646 se
3005 3607 3111 3646 non
3140 3603 3518 3649 castraverunt
3541 3636 3556 3658 ,
3590 3593 3772 3652 locum
3803 3609 3920 3650 non

2317 3688 2549 3748 possunt
2569 3682 2819 3752 accipere
2841 3690 3225 3739 castratorum.
3257 3684 3360 3750 Qui
3386 3695 3574 3757 potest,
3606 3685 3795 3757 inquit,
3825 3701 3918 3741 ea-

2316 3788 2456 3841 pere,
2485 3775 2678 3845 capiat.
2711 3774 2944 3831 Grandis
2984 3775 3112 3832 ﬁdei
3139 3786 3241 3841 est,
3280 3777 3615 3850 grandiaque
3651 3778 3872 3834 virtutis
3894 3819 3911 3847 ,

2319 3862 2414 3918 Dei
2455 3866 2714 3935 templum
2747 3881 2870 3922 esse
2914 3869 3262 3938 purissimum
3291 3911 3306 3935 ,
3341 3879 3514 3926 totum
3563 3885 3623 3926 se
3653 3869 3912 3930 holOcuu-

2315 3963 2457 4011 stum
2485 3957 2682 4016 uﬁ'erre
2714 3958 2981 4026 Domino;
3012 3972 3066 4016 et
3089 3962 3246 4029 juxta
3278 3963 3530 4019 eumdem
3561 3966 3902 4034 Apostolum,

2313 4063 2435 4106 esse
2456 4061 2699 4114 sanetum
2731 4061 2786 4110 et
2811 4067 3042 4125 corpore
3067 4064 3122 4110 ct
3149 4056 3364 4126 Spiritu.
3388 4057 3455 4113 Hi
3482 4069 3609 4114 sunt
3646 4060 3905 4128 eutiuchi.

2311 4144 2401 4214 qui
2434 4159 2492 4199 se
2524 4145 2724 4216 lignum
2768 4147 2984 4204 aridum
3025 4148 3096 4205 ob
3133 4151 3477 4208 sterilitatem
3514 4162 3784 4222 potantes,
3807 4168 3906 4212 au-

2311 4235 2472 4292 diunt
2495 4253 2588 4307 per
2611 4238 2804 4298 Isaiam
2829 4236 2982 4311 (Cap.
3005 4245 3139 4309 Lvt),
3163 4242 3308 4313 quod
3329 4259 3426 4313 pro
3457 4243 3584 4300 ﬁliis
3611 4255 3670 4300 et
3692 4246 3908 4303 ﬁliabus

2310 4328 2489 4384 locum
2522 4329 2573 4386 in
2604 4330 2759 4390 caelis
2793 4331 3030 4392 habeant
3061 4345 3330 4404 paratum.
3376 4335 3580 4390 iterum
3622 4346 3783 4407 typus
3822 4350 3910 4396 est

2312 4418 2672 4478 Abdemelecb
2702 4421 2859 4494 Uias.
2904 4423 3292 4496 Abdameleeb]
3326 4426 3613 4481 eunuchus
3649 4427 3710 4481 in
3748 4428 3905 4488 im-

2311 4513 2414 4566 rnia
2446 4511 2595 4585 (Cap.
2630 4516 2849 4588 xxviii);
2882 4527 2936 4572 et
2975 4518 3145 4588 spado
3173 4517 3265 4573 ille
3315 4519 3515 4587 regium
3541 4517 3808 4576 Candacis
3848 4525 3900 4580 in

604 4610 658 4666 in
689 4612 954 4682 principio
976 4654 989 4676 ,
1029 4610 1374 4668 credentium
1403 4611 1674 4682 imponam
1708 4610 2017 4675 cervicibus
2046 4610 2202 4666 inﬁr-
2232 4596 2280 4656 Ῑ)
2308 4603 2458 4660 Actis
2500 4606 2889 4678 Apostolorum
2932 4607 3087 4683 (Cap.
3118 4607 3233 4681 vin)
3258 4651 3276 4676 ,
3305 4609 3396 4680 qui
3428 4609 3500 4674 ob
3530 4612 3704 4674 robur.
3740 4614 3896 4683 me],

607 4704 862 4760 morum?
901 4704 1122 4761 Discant
1162 4706 1315 4776 prius
1345 4704 1509 4762 ferias
1539 4702 1849 4773 nuptiarum
1869 4741 1885 4770 .
1916 4714 2110 4760 vacent
2135 4704 2202 4761 ad

602 4804 818 4867 tempus
840 4798 1097 4866 orationi,
1125 4809 1182 4851 ut
1212 4805 1441 4867 accepto
1463 4809 1628 4867 gustu
1660 4795 1950 4865 pudicitiae,
1980 4796 2028 4851 id
2059 4811 2202 4852 sem-

597 4905 694 4960 per
732 4889 934 4943 habere
971 4888 1320 4952 desiderent,
1365 4904 1472 4959 quo
1513 4887 1578 4941 ad
1621 4887 1895 4944 modicmn
1946 4887 2203 4944 delectati

596 4995 747 5038 sunt.
794 4982 1052 5036 Dominus
1095 4991 1335 5036 tentatus
1366 4996 1398 5046 a
1431 4980 1756 5048 l‘barisasis,
1791 4990 1974 5042 utrum
2007 4997 2204 5038 secun-

598 5077 725 5131 dum
758 5077 933 5145 legem
976 5074 1146 5144 Moysi
1180 5088 1381 5128 uirores
1413 5075 1605 5128 liceret
1637 5073 1940 5142 dimittere,
1974 5075 2197 5130 omnino

595 5168 715 5222 ﬁeri
756 5165 1051 5235 prohibuit.
1085 5164 1240 5232 Quod
1281 5164 1530 5232 discipuli
1561 5165 2012 5230 considerantes,
2046 5166 2197 5222 dixe-

591 5271 722 5319 runt
751 5260 799 5314 ei
827 5277 839 5312 :
874 5257 933 5312 Si
962 5256 1081 5312 talis
1107 5268 1176 5311 est
1198 5274 1355 5311 causa
1377 5256 1596 5316 Itoniinis
1621 5275 1739 5313 cum
1771 5275 1953 5328 uxore,
1979 5275 2078 5318 non
2105 5276 2195 5314 ex-

592 5407 824 5469 riosum,
856 5411 916 5455 ut
967 5416 1032 5454 ex
1069 5408 1229 5479 tanta
1264 5396 1526 5479 varietate
1570 5398 1826 5479 conjiciat
1875 5407 2072 5479 quanta
2122 5395 2194 5452 sit

591 5479 646 5531 in
678 5479 795 5531 aliis
825 5472 1114 5529 sententiis
1143 5471 1367 5526 minoris
1407 5473 1667 5526 tnomenti
1714 5475 1866 5552 sylva
1917 5471 2189 5526 variarum

588 5548 883 5606 lectionum
904 5589 918 5613 ,
953 5558 1181 5617 quarum
1214 5553 1391 5599 tamen
1423 5557 1528 5596 non
1565 5543 1955 5664 ιιιιξιιιέὶϋιιιιιειιὶ⁴

1759 5622 1917 5664 Αιιτιδ

525 5619 528 5622 ’
1705 5619 1976 5664 ΜΑΒΤΙΑΝ.

665 5700 688 5724 ει
720 5691 847 5762 Hane
873 5687 1147 5762 pericopa,
1175 5686 1420 5762 quoniam
1434 5684 1619 5762 bonum
1639 5688 1712 5734 est
1743 5672 1938 5740 homini
1958 5676 2030 5736 sic
2057 5693 2188 5747 esse,

595 5757 646 5812 in
674 5755 1306 5811 uouris’coilicibusnon
1338 5755 1635 5814 invenitur.

592 5881 602 5895 ,
663 5825 690 5862 ⁸³
733 5825 1058 5896 ευιξεοίηιιιε
1091 5838 1276 5894 vocem
1303 5833 1561 5888 terrarum
1581 5837 1648 5880 ex
1676 5833 1949 5879 consensu
1979 5832 2108 5876 mss.
2139 5826 2194 5878 et

2304 4700 2408 4756 viri
2440 4714 2636 4758 nomen
2663 4702 2916 4760 obtinuit.
2951 4703 3033 4758 Ad
3063 4702 3165 4758 bos
3188 4712 3246 4759 et
3269 4700 3296 4740 ἀ
3317 4702 3571 4761 Clemens
3598 4705 3762 4788 ξω
3779 4721 3900 4764 suc-

2305 4805 2493 4847 cessor
2530 4794 2772 4862 Apostoli
2804 4792 2984 4860 Petri,
3028 4793 3183 4864 cujus
3215 4795 3412 4851 Paulus
3456 4801 3738 4868 apostolus
3785 4815 3897 4860 nte-

2305 4883 2483 4952 mittil,
2512 4885 2703 4940 scribit
2734 4884 3032 4957 Epistolas,
3067 4901 3394 4960 omnemque
3421 4905 3563 4962 pene
3589 4903 3899 4952 sermonem

2305 4992 2462 5040 suum
2493 4977 2562 5034 de
2592 4979 2920 5050 virginitatis
2950 4981 3187 5050 puritate
3221 4985 3470 5040 emitesit
3502 5003 3517 5040 ι
3559 4993 3618 5040 et
3639 4984 3900 5056 deinceps

2305 5073 2464 5125 multi
2487 5072 2810 5141 Apostolici,
2839 5085 2894 5128 et
2916 5074 3179 5146 Martyres
3202 5085 3256 5130 et
3281 5077 3518 5132 illustres
3549 5086 3664 5137 tam
3688 5078 3891 5140 sancti-

2305 5169 2414 5218 tate
2444 5178 2605 5233 quam
2634 5164 2944 5235 eloquentia
2975 5167 3076 5228 vit‘l
3100 5209 3115 5233 ,
3157 5181 3293 5239 quos
3321 5184 3385 5226 cx
3415 5171 3655 5246 propriis
3677 5170 3891 5240 scriptis

2301 5271 2463 5312 nosse
2496 5255 2754 5327 perfacile
2811 5268 2917 5314 est.
2964 5257 3222 5316 Existimo
3271 5262 3440 5329 enim,
3471 5262 3670 5336 inquit,
3726 5271 3749 5301 ο
3800 5263 3895 5318 hoc

2301 5393 2477 5450 veteri
2505 5391 2768 5450 editione.

2375 5475 2397 5534 ς
2444 5468 2556 5519 Duo
2581 5465 2990 5534 prmstantiores
3029 5480 3186 5534 mss...
3215 5469 3488 5528 iteeessitas
3508 5479 3582 5525 est
3608 5469 3883 5528 urvitutis.

2369 5533 2394 5572 ά
2423 5535 2529 5609 ξ)το
2581 5533 2893 5609 virginitate
2946 5533 3182 5596 locutum
3241 5541 3407 5596 tuisse
3450 5543 3508 5595 ὃ.
3553 5539 3885 5601 tinnientem

2298 5623 2394 5680 per
2418 5607 2689 5678 Epistolas
2705 5624 2832 5664 suas
2855 5619 3082 5672 testatur
3136 5612 3300 5666 etiam
3327 5612 3382 5666 ὃ.
3410 5610 3744 5680 Epiphanius
3770 5614 3886 5670 litb-

2297 5695 2407 5760 res.
2436 5680 2527 5760 ξι).
2559 5695 2609 5735 c.
2644 5695 2749 5760 sv,
2766 5689 2830 5760 et
2849 5682 3004 5760 locus
3022 5681 3240 5760 quidsit:
3272 5681 3540 5751 ejusmodi
3565 5685 3806 5742 occurrit
3832 5687 3884 5741 in

2298 5750 2464 5820 priori
2495 5766 2590 5816 sua
2613 5752 2678 5807 ad
2709 5749 3058 5820 Corinthios:

2375 5829 2397 5858 ο
2440 5815 2688 5894 [inpressi
2715 5820 2812 5878 hoc
2841 5815 2972 5892 opus
2995 5815 3204 5891 haunt.
3232 5829 3339 5882 etc.
3365 5836 3380 5890 ;
3409 5821 3508 5885 sed
3537 5825 3882 5897 apt-sudus
