4068 6312
550 271 650 327 25!

1776 262 1837 322 S.
1884 262 2156 325 EUSEBll
2192 261 2576 326 HIERONYMI

3755 260 3867 317 232

545 383 714 440 luisse
739 379 872 452 quid
900 383 1049 437 esset
1071 377 1321 451 innupta,
1350 378 1405 437 id
1432 387 1538 445 est,
1573 380 1725 453 virgo
1755 399 1769 435 :
1799 398 1867 439 ne
1902 386 2149 441 meretri-
2176 411 2229 475 Α
2253 387 2569 457 duplexque
2614 383 2667 440 ei
2712 382 2980 459 incumbit
3026 380 3352 445 necessitas,
3394 385 3490 433 aut
3518 376 3863 451 accipienda)

544 492 635 534 ces
665 482 921 547 putemus
975 474 1271 544 innuptas,
1312 473 1447 530 nulli
1473 483 1628 531 certo
1678 477 2030 532 matrimonio
2058 494 2150 533 co-

544 569 783 642 pulatas.
815 567 958 637 Quid
1008 582 1142 639 ergo
1187 568 1389 639 cogitat
1436 566 1669 639 innupla
1714 577 1770 623 et
1802 570 1996 640 virgo?
2026 570 2156 636 Qua:

546 661 763 716 Domini
808 670 951 725 sunt,
984 670 1040 715 ut
1090 661 1158 715 sit
1205 670 1385 715 sancta
1435 670 1485 714 et
1534 677 1750 734 corpore
1778 671 1827 715 et
1852 663 2055 733 spiritu.
2086 661 2157 718 Ut

543 756 686 813 nihil
716 755 871 811 aliud
901 766 1078 818 esset.
1114 763 1175 810 ut
1200 756 1348 810 nulla
1382 769 1597 811 merces
1627 755 1894 826 virginem
1924 755 2157 825 amplior

544 860 901 919 sequeretur,
934 848 1218 904 sufficeret
1247 848 1295 901 ei
1322 846 1444 902 hmc
1471 847 1588 902 sola
1620 847 1886 916 praelatio,
1921 848 2157 919 cOgitare

540 957 668 1016 qua:
716 939 928 998 Domini
981 949 1133 995 sunt.
1183 939 1491 1010 Statimque
1540 939 1705 995 docet
1751 954 1872 1009 quae
1920 940 1991 993 sit
2041 940 2153 1006 ipsa

540 1036 828 1107 cogitatio.
858 1043 916 1091 ut
942 1034 1015 1089 sit
1038 1040 1230 1089 sancta
1258 1046 1493 1102 corpore
1520 1041 1573 1088 et
1614 1030 1837 1102 spiritu.
1868 1030 2155 1085 Nonnullae

540 1131 746 1202 quippe
772 1137 900 1184 sunt
929 1127 1171 1200 virgines
1194 1142 1384 1191 carne,
1406 1142 1515 1181 non
1538 1126 1754 1197 spiritu,
1777 1140 2007 1197 quarum
2032 1140 2156 1180 cor-

541 1237 646 1291 pus
671 1222 943 1291 integrum
967 1230 1074 1287 est,
1103 1220 1285 1274 anima
1308 1228 1586 1288 corrupta.
1616 1217 1722 1274 Sed
1749 1217 1843 1272 illa
1870 1218 2153 1289 virginitas

539 1310 719 1366 hostia
749 1311 955 1365 Christi
981 1311 1009 1341 ⁸
1034 1320 1140 1378 εει,
1166 1310 1326 1380 cujus
1349 1324 1449 1365 nec
1477 1320 1715 1366 mentem
1742 1309 2023 1378 cogitatio,
2053 1324 2154 1365 nec

536 1419 758 1461 carnem
792 1402 962 1459 libido
1015 1403 1331 1459 maculavit.
1376 1402 1419 1457 E
1470 1402 1774 1468 contrario,
1816 1419 1937 1473 qua:
1981 1414 2152 1474 nupta

538 1506 650 1565 est,
680 1496 886 1567 cogitat
913 1511 1036 1567 quae
1064 1494 1254 1550 mundi
1281 1504 1428 1560 sunt,
1458 1493 1734 1565 quomodo
1760 1495 1919 1567 261
1947 1496 2155 1567 placeat

539 1590 682 1645 viro.
713 1588 987 1659 Sicutqui
1040 1603 1269 1644 uxorem
1322 1586 1528 1654 habet,
1580 1586 1854 1642 sollicitus
1903 1597 1989 1643 est
2032 1604 2152 1659 qua:

546 1692 678 1741 sunt
704 1682 915 1750 mundi,
942 1682 1219 1755 quomodo
1251 1682 1467 1752 placeat
1497 1681 1650 1736 uxori
1688 1698 1699 1733 :
1732 1683 1811 1737 sic
1856 1690 2022 1753 nupta
2065 1696 2154 1738 res

550 1775 743 1834 mundi
772 1776 1006 1846 cogitat,
1039 1774 1315 1845 quomodo
1368 1774 1584 1845 placeat
1632 1774 1772 1829 viro.
1805 1772 1920 1828 Nos
1968 1784 2148 1829 autem

541 1884 654 1925 non
703 1881 896 1924 sumus
950 1867 1020 1922 de
1058 1868 1163 1922 hoc
1195 1866 1423 1933 mundo,
1455 1868 1546 1937 qui
1578 1866 1632 1921 in
1663 1866 1907 1936 maligno
1940 1867 2150 1935 positus

540 1970 651 2028 εει,
676 1960 833 2029 cujus
862 1960 1031 2031 figura
1063 1960 1330 2030 praeterit,
1364 1959 1432 2015 de
1454 1974 1564 2030 quo
1590 1957 1789 2014 dicitur
1820 1958 1885 2012 ad
1912 1957 2149 2028 Aposto-

540 2055 627 2112 los
657 2071 672 2109 :
704 2050 767 2111 Si
811 2053 989 2107 essetis
1035 2052 1099 2105 de
1128 2052 1226 2106 hoc
1255 2050 1468 2115 mundo,
1503 2061 1697 2105 amaret
1744 2048 1855 2122 [AL
1887 2050 2147 2120 amasset]

542 2150 719 2219 utique
745 2147 991 2213 mundus,
1020 2146 1160 2219 quod
1186 2163 1333 2201 suum
1358 2156 1470 2201 erat
1497 2144 1678 2218 (Joan.
1704 2161 1796 2212 xv,
1829 2144 1942 2216 19).
1975 2148 2055 2200 Ac
2082 2160 2148 2200 ne

539 2240 773 2297 forsitan
805 2250 1109 2310 putaretur,
1141 2254 1278 2293 onus
1330 2236 1714 2310 gravissimum
1748 2236 2017 2292 castitatis
2048 2251 2148 2292 no-

539 2332 779 2389 lentihus
824 2332 1141 2401 imponere,
1190 2329 1373 2386 statim
1399 2330 1582 2399 jungit
1610 2343 1806 2384 causas
1846 2327 2148 2393 suadendi,

539 2432 597 2479 et
621 2424 698 2478 ait
728 2440 741 2476 :
778 2421 894 2478 Hoc
919 2440 989 2477 au
1011 2438 1090 2478 em
1121 2421 1189 2476 ad
1216 2420 1494 2476 utilitatem
1522 2433 1741 2476 vestram
1762 2421 1881 2475 dico
1904 2437 1922 2475 :
1964 2437 2064 2475 non
2091 2431 2147 2474 ut

538 2516 782 2588 laqueum
808 2516 951 2570 vobis
978 2515 1236 2588 injiciam,
1280 2513 1305 2552 δ
1336 2514 1429 2568 sed
1456 2524 1510 2568 ut
1535 2514 1605 2568 ad
1630 2514 1685 2567 id
1720 2515 1857 2585 quod
1878 2515 2147 2568 honestum

538 2620 640 2678 cst,
663 2620 712 2665 et
741 2611 932 2665 intente
963 2609 1089 2674 facit
1116 2608 1306 2664 servire
1333 2606 1581 2675 Domino,
1604 2608 1792 2678 absque
1821 2606 1933 2661 ulla
1958 2610 2149 2662 distra-

541 2704 733 2759 ctione.
786 2703 1191 2773 Proprietatem
1239 2702 1485 2758 Graecam
1537 2701 1764 2755 Latinus
1805 2716 1993 2757 sermo
2036 2716 2143 2754 non

538 2796 821 2864 explicat:
852 2796 1048 2864 quibus
1097 2795 1246 2849 enim
1297 2795 1478 2849 verbis
1506 2793 1628 2863 quis
1677 2796 1849 2861 posSit
1875 2793 2096 2848 edicere
2126 2836 2138 2859 ,

541 2896 566 2924 ο
594 2886 726 2962 Πρὸς
763 2888 823 2942 τὸ
853 2884 1126 2958 εὔσχημον
1159 2888 1245 2941 καὶ
1276 2883 1614 2962 εὐπρόσεδρον
1659 2892 1733 2959 τῷ
1762 2886 1930 2963 Κυρίῳ
1960 2888 2141 2960 ἀπερι-

539 2976 839 3039 σπάστωςῖ
867 2975 1023 3034 Unde
1042 2986 1098 3031 et
1120 2979 1171 3030 in
1192 2976 1398 3031 Latinis
1418 2976 1723 3042 codicibus,
1744 2976 1814 3030 ob
1837 2975 2142 3030 lranslatiO‘

538 3070 627 3128 nis
655 3069 1057 3136 dtfflcultatem,
1085 3070 1189 3124 hoc
1212 3070 1429 3140 penitus
1461 3083 1570 3125 non
1597 3068 1890 3125 invenitur.
1917 3068 2141 3124 Utamur

534 3163 705 3236 igitur
745 3178 813 3220 eo
863 3164 1010 3235 quod
1039 3165 1326 3219 vertimus.
1360 3162 1477 3218 Non
1528 3161 1757 3233 imponit
1787 3161 1946 3217 nobis
1989 3160 2136 3231 Apo~

535 3212 693 3236 τη--
748 3212 807 3220 --
867 3212 1010 3235 ,η-
1052 3212 1325 3219 .----____
1360 3212 1477 3218 -.-η
1528 3212 1757 3233 ---τηη
1989 3212 2099 3231 --Γ

535 3259 713 3317 stolas
740 3258 1016 3329 laqueum,
1069 3273 1170 3314 nec
1213 3256 1361 3327 cogit
1403 3270 1527 3313 esse
1554 3255 1702 3327 quod
1725 3256 2009 3323 nolumus;
2040 3254 2137 3311 sed
2164 3212 2209 3274 Ο

535 3353 732 3410 suadet
759 3351 902 3423 quod
950 3350 1242 3406 honestum
1291 3362 1375 3407 est
1419 3360 1475 3407 et
1523 3352 1823 3417 decorum,
1851 3361 1906 3406 et
1932 3349 2139 3405 intente

539 3443 670 3500 facit
713 3442 921 3498 servire
962 3442 1191 3498 Domino
1222 3451 1279 3497 ct
1318 3458 1535 3513 semper
1566 3458 1690 3498 esse
1738 3441 2056 3509 sollicitum,
2086 3451 2140 3496 et

542 3535 918 3610 inspectare”l
972 3546 1217 3607 paratam
1262 3537 1474 3592 Domini
1525 3537 1894 3603 voluntatem,
1924 3545 1982 3589 ut
2015 3551 2137 3590 eum

532 3630 661 3702 quid
692 3628 1066 3701 imperaverit,
1095 3628 1251 3698 quasi
1283 3640 1569 3693 strenuus,
1612 3637 1667 3683 et
1696 3636 1938 3682 armatus
1982 3626 2136 3682 miles

530 3723 715 3780 statim
769 3723 997 3793 impleat
1022 3722 1171 3794 quod
1220 3733 1552 3793 praeceptum
1597 3731 1711 3788 est,
1740 3724 1931 3776 ethoc
1976 3720 2136 3775 faciat

531 3814 654 3870 sine
679 3815 791 3870 ulla
821 3815 1162 3871 distentione
1206 3812 1315 3887 [AL
1345 3811 1773 3883 distentatione]
1804 3829 1817 3866 :
1847 3828 1967 3881 quas
2010 3812 2136 3866 data

532 3914 618 3962 est
643 3906 941 3962 secundum
965 3906 1339 3962 Ecclesiasten
1363 3904 1615 3977 (Cap.m)
1640 3904 1955 3961 hominibus
1978 3903 2137 3974 hujus

531 3999 742 4066 mttndi,
775 4011 834 4056 ut
862 4000 1251 4056 distendantur
1284 4000 1339 4055 in
1365 4015 1429 4054 ea
1463 4008 1510 4053 ε.
1543 3999 1603 4055 Si
1632 3999 1754 4069 quis
1782 4008 1962 4055 autem
2008 4015 2138 4054 con-

530 4092 741 4150 siderat
767 4092 1035 4164 virginem
1081 4109 1267 4159 suam,
1305 4092 1357 4148 id
1388 4102 1494 4160 est,
1525 4090 1543 4130 ί
1577 4108 1795 4157 carnem
1848 4093 2134 4158 lascivire,

527 4195 585 4243 et
612 4188 851 4246 ebullire
898 4187 955 4245 in
984 4188 1289 4253 libidinem,
1328 4202 1427 4243 nec
1475 4187 1759 4245 refrenare
1802 4203 1863 4245 se
1909 4199 2083 4258 potest
2122 4206 2133 4242 :

602 4373 630 4401 ⁸
669 4368 907 4424 Rursum
935 4365 1262 4420 Veronensis
1290 4372 1348 4420 et
1367 4364 1745 4420 Cisterciensis
1770 4381 1897 4421 mss.
1922 4368 2126 4421 addunt

2256 478 2524 547 conjugis,
2555 487 2580 524 8
2611 484 2705 531 aut
2730 474 2957 539 ruendi;
2986 472 3134 545 quod
3158 472 3269 527 vult
3294 470 3475 538 faciat,
3501 486 3610 525 non
3641 478 3860 541 peccat,

2258 569 2303 623 si
2333 570 2538 624 nubat:
2571 567 2755 635 faciat,
2785 566 2978 637 inquit,
3009 564 3154 634 quod
3180 564 3317 630 Vult,
3350 579 3459 618 non
3493 561 3637 634 quod
3669 561 3861 618 debet.

2256 661 2373 716 Non
2403 670 2610 733 peccat,
2640 660 2685 715 si
2716 659 2865 715 ducit
2892 673 3113 714 uxorem
3146 676 3158 712 :
3193 672 3299 714 non
3328 667 3507 713 tamen
3535 657 3675 712 bene
3702 655 3859 723 facit,

2256 754 2303 808 si
2335 753 2573 809 duxerit.
2607 751 2749 807 Nam
2779 752 2865 821 qui
2889 751 3071 806 statuit
3096 751 3150 804 in
3178 749 3332 804 corde
3382 765 3473 804 suo
3513 749 3694 818 firmus
3715 789 3729 813 ,
3757 764 3864 801 non

2257 845 2447 900 habens
2495 842 2918 911 necessitatem,h
2966 852 3268 911 potestatem
3313 852 3483 896 autem
3532 841 3723 895 habens
3752 855 3863 895 sum

2257 936 2560 1004 voluntatis,
2591 947 2638 990 et
2690 937 2782 991 hoc
2810 936 3020 1007 judicat
3067 936 3121 988 in
3151 934 3305 989 corde
3335 951 3427 989 suo
3472 949 3672 989 servare
3701 933 3862 1005 virgi-

2259 1048 2372 1086 nem
2397 1049 2566 1099 suam,
2601 1032 2724 1085 bene
2754 1031 2900 1100 facit.
2932 1029 3106 1100 Igitur
3135 1040 3181 1083 et
3202 1030 3290 1094 qui
3332 1030 3663 1084 matrimonio
3683 1030 3864 1101 jungit

2256 1125 2505 1193 virginem
2542 1141 2711 1189 suam,
2762 1125 2884 1178 bene
2927 1124 3092 1194 facit;
3118 1132 3165 1177 et
3190 1123 3277 1193 qui
3302 1139 3405 1176 non
3426 1122 3604 1194 jungit
3630 1164 3644 1190 ,
3673 1122 3860 1177 melius

2258 1218 2383 1288 facit
2412 1216 2457 1287 (l
2481 1215 2604 1270 Cor.
2637 1232 2735 1281 vn,
2762 1215 2854 1281 57,
2885 1215 3000 1287 58).
3033 1215 3326 1285 Signanter
3355 1222 3411 1269 et
3444 1215 3664 1287 proprie
3694 1230 3857 1285 supra

2256 1310 2495 1375 dixerat,
2532 1309 2633 1375 Qui
2661 1308 2800 1362 ducit
2821 1324 3054 1371 uxorem,
3079 1324 3181 1362 non
3206 1316 3424 1379 peccat:
3447 1307 3535 1362 hic
3562 1307 3664 1374 Qui
3691 1318 3861 1362 servat

2257 1404 2506 1474 virginem
2550 1419 2738 1471 suam,
2789 1402 2913 1457 bene
2957 1403 3103 1473 facit.
3138 1401 3298 1456 Aliud
3354 1410 3439 1456 est
3467 1410 3649 1457 autem
3697 1402 3860 1474 262

2257 1510 2366 1550 non
2400 1510 2645 1565 peccare,
2675 1495 2821 1549 aliud
2853 1503 2937 1550 est
2966 1494 3106 1550 bene
3130 1493 3332 1550 facere.
3360 1491 3582 1549 Declina
3604 1534 3617 1557 .
3648 1494 3859 1563 inquit,

2254 1606 2287 1642 a
2325 1587 2483 1656 malo,
2513 1600 2559 1643 et
2591 1589 2676 1660 fac
2703 1588 2892 1643 bonunt
2923 1587 3045 1659 (Ps.
3090 1603 3280 1654 xxxvi,
3305 1586 3423 1658 27).
3456 1587 3590 1642 Illud
3616 1585 3859 1644 declina-

2257 1698 2400 1750 mus,
2471 1684 2575 1738 hoc
2608 1685 2913 1752 sequimur.
2959 1682 3017 1737 lu
3066 1683 3243 1737 altero
3293 1681 3531 1747 initium,
3581 1682 3635 1736 in
3681 1682 3858 1737 altero

2257 1776 2521 1845 perfectio
2550 1786 2650 1830 est.
2684 1776 2883 1831 Verum
2912 1791 2981 1831 ne
3010 1776 3061 1829 in
3093 1791 3159 1831 eo
3188 1774 3331 1846 quod
3364 1775 3520 1839 dixit,
3552 1784 3599 1828 et
3627 1774 3717 1845 qui
3746 1791 3858 1828 ma-

2256 1868 2496 1921 trimonio
2518 1867 2696 1941 jungit
2728 1867 2974 1938 t'irginem
3019 1883 3199 1932 suam,
3231 1867 3353 1919 bene
3401 1865 3549 1935 facit,
3582 1864 3861 1920 existimet

2254 1961 2452 2031 aliquis
2493 1959 2928 2016 observationem
2962 1972 3204 2015 nostram
3237 1975 3345 2014 non
3388 1966 3573 2023 stare;
3609 1959 3859 2027 protinus

2254 2052 2359 2107 hoc
2373 2054 2545 2123 ipsum
2564 2053 2764 2106 bonum
2781 2060 3121 2117 extenuat,et
3140 2050 3430 2105 obumbrat
3445 2050 3857 2119 comparatione

2251 2147 2517 2214 melioris,
2550 2157 2604 2203 et
2650 2146 2782 2202 dicit
2828 2165 2840 2201 :
2887 2146 2956 2199 Et
2984 2147 3072 2212 qui
3102 2161 3203 2199 non
3242 2146 3439 2218 jungit,
3474 2144 3653 2199 melius
3678 2146 3852 2215 'facit.

2251 2238 2362 2294 Nisi
2404 2238 2654 2292 illaturus
2698 2246 2849 2293 esset
2892 2234 3000 2309 [Αι.
3034 2234 3277 2307 fuisset],
3300 2236 3487 2290 melius
3512 2236 3661 2307 facit,
3696 2252 3853 2290 Itum—

2249 2344 2411 2401 quam
2444 2330 2821 2399 prmmisisset,
2850 2328 2973 2382 bene
3000 2328 3146 2398 facit.
3184 2326 3281 2382 Ubi
3333 2336 3514 2382 autem
3565 2327 3766 2382 bonum
3798 2336 3856 2384 et

2251 2422 2447 2476 melius
2478 2430 2584 2487 est,
2614 2421 2686 2476 ibi
2729 2421 2853 2475 boni
2882 2429 2936 2475 et
2968 2419 3214 2475 melioris
3242 2436 3348 2475 non
3380 2436 3543 2475 unum
3572 2429 3657 2476 est
3703 2437 3851 2491 pra:-

2250 2516 2417 2571 mium
2440 2526 2525 2570 :et
2545 2514 2633 2569 ubi
2655 2530 2762 2569 non
2788 2530 2954 2570 unum
2983 2514 3290 2585 praimium,
3308 2514 3383 2568 ibi
3400 2514 3585 2585 utique
3605 2513 3747 2569 dona
3770 2513 3854 2570 di-

2250 2623 2425 2664 versa.
2454 2608 2687 2662 Tantum
2708 2619 2791 2663 est
2813 2606 3364 2676 igiturinternuptias
3388 2616 3443 2662 et
3462 2606 3850 2677 virginitatem,

2247 2711 2513 2771 quantum
2550 2701 2695 2757 inter
2743 2715 2850 2756 non
2884 2715 3131 2771 peccare,
3162 2710 3219 2756 et
3249 2700 3388 2756 bene
3438 2701 3652 2767 facere;
3684 2703 3850 2757 immo

2247 2808 2305 2851 ut
2333 2798 2509 2853 levius
2537 2797 2738 2865 diCam,
2773 2808 3031 2869 quantum
3062 2798 3204 2854 inter
3227 2799 3428 2852 bonum
3459 2810 3515 2853 et
3541 2799 3756 2853 melius.

2317 2891 2405 2945 14.
2455 2890 2637 2944 Vidua:
2699 2906 2812 2961 qua:
2862 2901 3146 2961 pascuntur
3191 2890 3525 2961 eleemosynis
3575 2889 3845 2945 Ecclesitc.

2243 3012 2316 3021 ——
2354 2982 2533 3037 Finita
2565 2983 2935 3053 disputatione
2964 2983 3347 3054 conjugiorum
3394 2991 3449 3037 et
3490 2982 3845 3053 virginitatis,

2244 3076 2386 3131 inter
2414 3085 2706 3146 utrumque
2734 3086 2893 3132 cauto
2922 3076 3292 3132 moderamine
3331 3088 3756 3148 prmcepttirutti,
3791 3087 3850 3134 ut

2244 3184 2345 3224 nec
2375 3168 2442 3224 ad
2484 3167 2781 3235 sinistram,
2819 3184 2919 3223 nec
2966 3168 3033 3223 ad
3063 3169 3342 3224 dexteram
3391 3168 3708 3235 diverteret,
3749 3169 3845 3225 sed

2246 3261 2330 3316 via
2364 3263 2511 3333 regia
2542 3262 2887 3332 graderctur,
2913 3272 2969 3317 et
2999 3261 3131 3315 illud
3163 3261 3447 3331 impleret:
3486 3260 3567 3313 Ne
3582 3261 3655 3314 sis
3667 3263 3849 3333 justus

2246 3360 2461 3413 multum
2486 3356 2723 3429 (Eccles.
2754 3375 2829 3426 vt,
2862 3360 2926 3414 i7
2951 3360 2992 3429 ),
3020 3372 3236 3412 rursum
3267 3356 3663 3428 monogamiatn
3696 3357 3850 3427 diga~

2242 3452 2365 3507 mite
2395 3461 2700 3521 comparat,
2731 3461 2785 3507 et
2813 3452 3087 3522 quomodo
3129 3452 3342 3522 nuptias
3390 3450 3708 3506 subdiderat
3737 3456 3849 3507 vir-

2242 3544 2480 3615 ginitati,
2512 3545 2581 3599 ita
2614 3546 2904 3617 digamiam
2940 3546 3129 3615 primis
3158 3546 3361 3616 nuptiis
3387 3545 3628 3617 subjicit,
3652 3547 3845 3602 etait:

2242 3634 2433 3689 Mulier
2458 3635 2676 3708 alligata
2704 3646 2795 3703 est,
2824 3646 3015 3707 quanto
3043 3646 3270 3709 tempore
3295 3638 3372 3691 vir
3396 3640 3511 3710 ejus
3532 3638 3681 3703 [ξενίη
3705 3638 3848 3708 quod

2241 3729 2283 3782 si
2315 3729 2584 3782 dormierit
2614 3730 2690 3783 vir
2721 3735 2852 3797 eius,
2885 3731 3105 3785 liberata
3130 3741 3204 3785 est
3229 3748 3248 3796 ;
3278 3731 3363 3785 cui
3389 3732 3494 3784 vult
3516 3730 3694 3797 nubat,
3729 3741 3845 3785 tan-

2243 3828 2352 3873 tum
2370 3820 2423 3873 in
2449 3818 2698 3877 Domino.
2732 3821 2941 3876 Beatior
2968 3832 3141 3877 autem
3165 3823 3282 3889 erit,
3307 3824 3351 3877 si
3379 3824 3453 3878 sic
3480 3824 3843 3895 permanserit,

2242 3914 2523 3969 secundum
2549 3915 2823 3969 consilium
2864 3932 3052 3970 meum.
3106 3915 3248 3971 Puto
3286 3926 3457 3969 autem
3503 3917 3644 3987 quod
3671 3924 3719 3969 et
3750 3931 3845 3988 ego

2241 4006 2477 4075 spiritum
2509 4004 2607 4060 Dei
2636 4006 2851 4062 habeam
2892 4006 2949 4079 (Ι
2977 4007 3097 4063 Cor.
3143 4008 3235 4075 '59,
3266 4006 3390 4077 40).
3436 4005 3706 4063 Concedit
3751 4022 3845 4062 se-

2241 4100 2447 4153 cundas
2494 4100 2728 4169 nuptias,
2783 4099 2879 4155 sed
2924 4099 3259 4165 volentibus,
3313 4100 3408 4155 sed
3458 4097 3564 4166 his,
3616 4114 3735 4169 qua:
3783 4114 3845 4153 se

2238 4193 2520 4249 continere
2543 4209 2652 4249 non
2680 4202 2952 4264 possunt;
2986 4210 3053 4251 ne
3081 4194 3367 4250 luxuriata:
3394 4193 3446 4249 in
3471 4193 3713 4259 Christo,
3746 4210 3846 4248 nu-

2231 4385 2364 4434 cere,
2399 4372 2580 4439 posuit
2609 4372 2972 4429 Amanuensis
3002 4373 3161 4430 GRE.
3200 4373 3370 4440 Unde,
3403 4382 3535 4435 etc.,
3563 4382 3621 4428 ut
3648 4384 3843 4430 oeten-

528 4441 752 4520 arduum
789 4447 836 4520 et
877 4436 1255 4520 humanitatem
1313 4435 1698 4520 transgrediens
1766 4448 2073 4520 aucupium
2103 4455 2119 4492 :
2150 4448 2203 4508 ι)
2227 4435 2416 4520 deret,
2449 4442 2803 4520 neclegeret.
2850 4444 3047 4499 Cameri
3096 4460 3309 4520 omnes
3335 4435 3846 4520 codicesretineot

528 4528 646 4567 cum
664 4510 837 4590 jussio
866 4510 923 4577 fit
942 4509 1208 4590 eviscerat,
1234 4510 1487 4590 imperant
1535 4508 1670 4589 enim
1700 4512 1901 4581 majora
1930 4510 2123 4564 viribus

530 4592 579 4636 et
606 4578 836 4644 de’cwpti
867 4582 1167 4633 necessitate
1188 4578 1341 4633 solvit
1365 4578 1665 4644 obnoxium,
1700 4578 1821 4649 qua:
1848 4592 1902 4634 et
1932 4584 2127 4635 vitiosa

530 4650 855 4780 {raj‘ectione
907 4658 1169 4720 peccant,
1226 4660 1279 4707 et
1335 4651 1673 4720 peregrinam
1715 4666 1940 4723 operam
1962 4652 2130 4708 subo-

552 4738 621 4780 en
654 4764 668 4779 .

552 4732 668 4781 erit.

601 4793 630 4834 δ
672 4792 1007 4865 Veronensis
1028 4792 1121 4847 sed
1138 4793 1206 4865 ad
1232 4792 1307 4854 id.
1326 4790 1533 4865 absque
1574 4801 1651 4861 ut,
1680 4794 1821 4865 quod
1850 4810 1949 4850 nec
1978 4794 2130 4851 Grie-

531 4879 653 4993 ἳιιὲει
684 4872 871 4922 textus
922 4862 1110 4920 habet.
1157 4862 1300 4920 Olim
1330 4864 1634 4921 addebatur
1659 4862 1712 4921 in
1745 4869 1872 4935 line,
1903 4882 1991 4920 vos
2030 4868 2127 4921 ad-

605 4954 632 4993 r
656 4954 733 4992 er.

605 4949 733 4993 rter.

602 5020 625 5048 ο
641 5008 842 5071 Πρὸςτὸ
856 5005 1143 5079 εὔσχημον.
1164 5005 1589 5079 Corruptissime
1604 5008 1812 5063 Erasm.
1828 5016 1884 5063 et
1899 5008 2124 5063 Marian.

526 5092 684 5149 more
712 5092 812 5149 suo
841 5079 984 5131 hunc
1014 5078 1194 5149 locum
1224 5078 1535 5132 ediderunt.
1589 5078 1827 5133 Primum
1876 5080 2128 5149 supplent

527 5149 583 5204 in
615 5148 840 5205 Latinis,
869 5146 1256 5217 vos‘adhorter,
1287 5162 1407 5213 quae
1442 5165 1548 5201 non
1595 5152 1847 5217 leguntur
1892 5146 1959 5204 in—
1984 5146 2126 5205 'tnss.

526 5218 840 5281 codicibus;
886 5214 1086 5269 deinde
1135 5214 1383 5270 Graicutn
1418 5214 1745 5273 versiculum
1789 5230 1957 5275 totum
1991 5222 2131 5276 reei-

523 5297 677 5354 tatlt.
706 5302 830 5342 cum
875 5284 1237 5359 HierOnqu.
1266 5286 1508 5359 ultimam
1560 5300 1766 5354 partem
1813 5291 1969 5359 ejus,
2020 5308 2129 5346 non

522 5373 840 5427 curres-am
869 5360 940 5409 ob
972 5354 1342 5411 translationis
1368 5354 1764 5421 difficultatem,
1800 5354 2002 5415 ta'ntain
2036 5378 2128 5417 re-

522 5426 695 5489 tineat
714 5430 873 5501 juxta
902 5426 1062 5502 fidem
1090 5443 1335 5502 ominum
1358 5428 1751 5496 exemplarium
1787 5436 2127 5502 manuscrip-

521 5499 759 5573 ptoruin.
785 5500 1051 5573 Quodque
1083 5499 1239 5569 pejus
1268 5506 1772 5573 est,non‘rnonent
1803 5499 2087 5557 Lectoreni
2111 5545 2125 5569 ,

520 5570 642 5645 qua:
670 5570 986 5645 addiderint
1016 5571 1085 5625 de
1108 5586 1232 5634 suo,
1260 5580 1316 5625 et
1342 5570 1687 5645 obtruderint
1711 5573 1884 5645 multa
1916 5574 1969 5626 in
1999 5588 2131 5627 eun-

520 5640 730 5699 tbxtum
760 5644 1242 5713 llieronynnanum
1265 5642 1472 5713 ,‘nulla
1496 5640 1643 5709 justa
1676 5642 2007 5713 necessitate
2032 5659 2129 5699 co-

518 5726 702 5783 gente.
731 5711 980 5783 Nutabile
1014 5727 1181 5782 porro
1228 5711 1570 5783 existimavi,
1616 5712 1760 5780 quod
1807 5712 2035 5783 legimus
2075 5716 2128 5768 in

519 5782 710 5839 codice
740 5796 843 5837 ms.
876 5782 1370 5853 Saugermanensi,
1416 5784 1471 5839 in
1501 5797 1611 5854 quo
1652 5791 1779 5855 post
1801 5799 1990 5842 vocem
2022 5785 2129 5840 edi-

2234 4514 2415 4567 ontnia
2456 4516 2621 4568 verba
2667 4514 2878 4580 Graeca,
2933 4531 3054 4584 quae
3079 4530 3177 4570 nos
3224 4515 3521 4571 edidimus.
3565 4516 3841 4572 Murrum.

2233 4584 2454 4665 —-Mss._
2483 4585 2755 4640 Veronen.
2808 4597 2866 4641 et
2913 4585 3267 4665 Cistercien.__
3300 4602 3399 4657 pro
3452 4587 3798 4665 sunpoasdpov
3825 4628 3839 4654 ,

2232 4668 2421 4723 aperte
2444 4657 2627 4727 legunt
2649 4666 3049 4722 ΕΥΠΔΡΕΔΡΟΝ,
3080 4673 3186 4712 non
3219 4658 3434 4714 diverso
3464 4657 3685 4729 quidem
3707 4657 3842 4714 "sen-

2232 4742 2315 4793 su,
2350 4728 2443 4781 sed
2474 4730 2707 4782 lectione
2739 4730 2878 4782 haud
2911 4729 3243 4797 spernenda.

2305 4797 2332 4834 ιι
2372 4800 2546 4853 Antea
2579 4806 2701 4853 erat
2739 4807 3001 4868 paratum,
3041 4800 3394 4855 renuentibus
3447 4816 3579 4856 mss.

2309 4879 2331 4906 ο
2372 4868 2574 4924 lterum
2607 4881 2660 4922 et
2689 4871 2804 4939 pari
2829 4885 3101 4925 consensu
3128 4872 3237 4925 duo
3260 4871 3481 4926 codices
3504 4872 3839 4928 Veronensis

2231 4950 2284 5013 et
2314 4940 2702 5013 Cisterciensis
2727 4941 2934 5013 addunt
2964 4960 2977 4996 :
3012 4940 3247 4996 Ebullire
3278 4943 3471 4997 dicitur
3501 4944 3644 5013 virgo
3669 4944 3735 4998 Ν.
3763 4944 3834 4999 R.

2233 5012 2295 5065 E.
2322 5012 2426 5082 (sic
2458 5012 2599 5083 forte
2626 5010 2840 5083 natura)
2870 5013 2926 5065 id
2954 5022 3027 5067 est
3073 5016 3137 5067 de
3188 5014 3475 5068 verecundo
3506 5029 3525 5068 :
3558 5010 3611 5068 in
3639 5015 3841 5069 deside-

2233 5083 2365 5135 rium
2394 5082 2619 5135 carnalis
2644 5082 2951 5150 appetentia:
2993 5084 3196 5154 fervore
3245 5088 3612 5153 membrorum,
3646 5088 3839 5140 animo:

2234 5155 2377 5222 rigor
2399 5155 2770 5222 exstinguitur.

2311 5221 2328 5260 ί
2370 5221 2754 5278 Casauateusis
2782 5240 2987 5278 carnem
3013 5225 3361 5280 lascivientem
3382 5226 3621 5292 ebullire,
3647 5237 3758 5283 etc.

2307 5304 2330 5339 ε
2371 5293 2658 5367 Ohtinebat
2687 5306 2842 5350 antea
2867 5296 3165 5366 incongrua
3198 5313 3385 5357 sensu.
3418 5301 3838 5367 autspernendte

2234 5378 2332 5434 pro
2354 5373 2441 5418 aut
2471 5365 2655 5418 ruendi
2677 5367 2822 5435 quod
2856 5365 3192 5422 I‘Gelilllilllus
3231 5384 3297 5421 ex
3347 5365 3658 5424 nostrorum
3712 5387 3835 5425 oni-

2234 5437 2381 5510 nium
2415 5452 2545 5490 mss.
2580 5437 2685 5491 fide
2714 5456 2727 5490 :
2754 5438 2846 5508 qui
2880 5440 3235 5510 insnperpro
3265 5439 3312 5510 si
3341 5442 3521 5503 nubat,
3574 5440 3761 5510 legunt
3789 5444 3837 5496 si

2232 5508 2385 5582 ducat
2414 5523 2657 5571 uxorem;
2684 5510 2974 5582 etoubere
3003 5509 3221 5579 quidem
3245 5508 3313 5563 de
3338 5514 3575 5567 muliere
3607 5508 3835 5582 promit:

2232 5578 2451 5638 dicitur,
2489 5593 2593 5634 tl0tl
2623 5584 2689 5634 de
2716 5580 2853 5633 viro.

2305 5646 2340 5725 h_
2370 5649 2538 5725 Iidem
2562 5664 2693 5725 tn_ss.
2728 5658 3026 5725 potestatem
3057 5661 3229 5725 autem
3264 5653 3439 5720 habet,
3465 5653 3635 5707 ethoc
3670 5655 3834 5725 judi-

2233 5720 2386 5785 cavit,
2416 5721 2568 5790 juxta
2593 5720 2841 5776 Grecam
2868 5720 3006 5791 ἔχει,
3031 5731 3087 5777 ει
3110 5723 3356 5796 κέκρικεν.
