  <div class='ocr_page' id='page_1' title='image "/cluster/home/n/w/nwhite01/storage/ocr_20150623/23/uva.x000775467/124.png"; bbox 0 0 4062 6358; ppageno 0'>
   <div class='ocr_carea' id='block_1_1' title="bbox 258 362 2277 442">
    <p class='ocr_par' dir='ltr' id='par_1_1' title="bbox 258 362 2277 442">
     <span class='ocr_line' id='line_1_1' title="bbox 258 362 2277 442; baseline 0.001 -22"><span class='ocrx_word' id='word_1_1' title='bbox 258 367 328 430; x_wconf 65' lang='grc'><strong>953</strong></span> <span class='ocrx_word' id='word_1_2' title='bbox 1156 440 1158 442; x_wconf 79' lang='lat'><em>_</em></span> <span class='ocrx_word' id='word_1_3' title='bbox 1196 364 1560 420; x_wconf 61' lang='lat' dir='ltr'><strong>AIHUISUS</strong></span> <span class='ocrx_word' id='word_1_4' title='bbox 1602 362 2016 420; x_wconf 62' lang='lat' dir='ltr'><strong>JUHNIANL‘M</strong></span> <span class='ocrx_word' id='word_1_5' title='bbox 2068 365 2195 419; x_wconf 77' lang='lat' dir='ltr'><strong>LIB.</strong></span> <span class='ocrx_word' id='word_1_6' title='bbox 2240 369 2277 423; x_wconf 93' lang='grc' dir='ltr'>Ι.</span> 
     </span>
    </p>
   </div>
   <div class='ocr_carea' id='block_1_2' title="bbox 3286 379 3384 434">
    <p class='ocr_par' dir='ltr' id='par_1_2' title="bbox 3286 379 3384 434">
     <span class='ocr_line' id='line_1_2' title="bbox 3286 379 3384 434; baseline 0.02 -2"><span class='ocrx_word' id='word_1_7' title='bbox 3286 379 3384 434; x_wconf 48' lang='lat' dir='ltr'><strong>lbi</strong></span> 
     </span>
    </p>
   </div>
   <div class='ocr_carea' id='block_1_3' title="bbox 255 479 3391 562">
    <p class='ocr_par' dir='ltr' id='par_1_3' title="bbox 255 479 3391 562">
     <span class='ocr_line' id='line_1_3' title="bbox 255 479 3391 562; baseline 0.003 -27"><span class='ocrx_word' id='word_1_8' title='bbox 255 480 344 536; x_wconf 89' lang='lat' dir='ltr'><strong>bere</strong></span> <span class='ocrx_word' id='word_1_9' title='bbox 372 480 507 545; x_wconf 78' lang='lat' dir='ltr'><strong>velint,</strong></span> <span class='ocrx_word' id='word_1_10' title='bbox 537 479 754 534; x_wconf 77' lang='lat' dir='ltr'><strong>habentes</strong></span> <span class='ocrx_word' id='word_1_11' title='bbox 799 479 1224 542; x_wconf 72' lang='lat' dir='ltr'><strong>damnationem,</strong></span> <span class='ocrx_word' id='word_1_12' title='bbox 1259 479 1401 550; x_wconf 92' lang='lat' dir='ltr'><strong>quod</strong></span> <span class='ocrx_word' id='word_1_13' title='bbox 1447 481 1677 548; x_wconf 85' lang='lat' dir='ltr'><strong>primam</strong></span> <span class='ocrx_word' id='word_1_14' title='bbox 1706 493 1906 560; x_wconf 59' lang='lat' dir='ltr'><strong>Arare</strong></span> <span class='ocrx_word' id='word_1_15' title='bbox 1959 495 2069 534; x_wconf 90' lang='lat' dir='ltr'><strong>non</strong></span> <span class='ocrx_word' id='word_1_16' title='bbox 2112 492 2360 550; x_wconf 90' lang='lat' dir='ltr'><strong>possunt.</strong></span> <span class='ocrx_word' id='word_1_17' title='bbox 2405 482 2685 553; x_wconf 84' lang='lat' dir='ltr'><strong>Simulque</strong></span> <span class='ocrx_word' id='word_1_18' title='bbox 2731 486 3044 553; x_wconf 82' lang='lat' dir='ltr'><strong>considera,</strong></span> <span class='ocrx_word' id='word_1_19' title='bbox 3088 490 3229 558; x_wconf 87' lang='lat' dir='ltr'><strong>quod</strong></span> <span class='ocrx_word' id='word_1_20' title='bbox 3273 509 3391 562; x_wconf 73' lang='lat' dir='ltr'><strong>qua:</strong></span> 
     </span>
    </p>
   </div>
   <div class='ocr_carea' id='block_1_4' title="bbox 251 569 1679 638">
    <p class='ocr_par' dir='ltr' id='par_1_4' title="bbox 251 569 1679 638">
     <span class='ocr_line' id='line_1_4' title="bbox 251 569 1679 638; baseline -0.001 -12"><span class='ocrx_word' id='word_1_21' title='bbox 251 572 360 628; x_wconf 83' lang='lat' dir='ltr'><strong>iidem</strong></span> <span class='ocrx_word' id='word_1_22' title='bbox 381 571 531 626; x_wconf 87' lang='lat' dir='ltr'><strong>irritam</strong></span> <span class='ocrx_word' id='word_1_23' title='bbox 551 570 762 634; x_wconf 72' lang='lat' dir='ltr'><strong>fecerint,</strong></span> <span class='ocrx_word' id='word_1_24' title='bbox 804 580 857 625; x_wconf 87' lang='lat' dir='ltr'><strong>et</strong></span> <span class='ocrx_word' id='word_1_25' title='bbox 888 570 986 624; x_wconf 88' lang='lat' dir='ltr'><strong>hoc</strong></span> <span class='ocrx_word' id='word_1_26' title='bbox 1031 569 1308 634; x_wconf 90' lang='lat' dir='ltr'><strong>concedit,</strong></span> <span class='ocrx_word' id='word_1_27' title='bbox 1339 571 1464 638; x_wconf 83' lang='lat' dir='ltr'><strong>quia</strong></span> <span class='ocrx_word' id='word_1_28' title='bbox 1492 571 1679 625; x_wconf 74' lang='lat' dir='ltr'><strong>multa:</strong></span> 
     </span>
    </p>
   </div>
   <div class='ocr_carea' id='block_1_5' title="bbox 246 662 1682 736">
    <p class='ocr_par' dir='ltr' id='par_1_5' title="bbox 246 662 1682 736">
     <span class='ocr_line' id='line_1_5' title="bbox 246 662 1682 736; baseline 0 -16"><span class='ocrx_word' id='word_1_29' title='bbox 246 667 548 722; x_wconf 79' lang='lat' dir='ltr'><strong>abieruntretro</strong></span> <span class='ocrx_word' id='word_1_30' title='bbox 569 674 664 735; x_wconf 88' lang='lat' dir='ltr'><strong>post</strong></span> <span class='ocrx_word' id='word_1_31' title='bbox 701 662 954 720; x_wconf 87' lang='lat' dir='ltr'><strong>Satanam</strong></span> <span class='ocrx_word' id='word_1_32' title='bbox 992 663 1044 735; x_wconf 95' lang='lat' dir='ltr'><strong>(I</strong></span> <span class='ocrx_word' id='word_1_33' title='bbox 1078 663 1216 718; x_wconf 85' lang='lat' dir='ltr'><strong>Tim.</strong></span> <span class='ocrx_word' id='word_1_34' title='bbox 1248 680 1300 728; x_wconf 89' lang='lat' dir='ltr'><strong>v,</strong></span> <span class='ocrx_word' id='word_1_35' title='bbox 1334 665 1457 736; x_wconf 87' lang='lat' dir='ltr'><strong>l5).</strong></span> <span class='ocrx_word' id='word_1_36' title='bbox 1503 665 1682 720; x_wconf 61' lang='lat' dir='ltr'><strong>Carte-</strong></span> 
     </span>
    </p>
   </div>
   <div class='ocr_carea' id='block_1_6' title="bbox 239 758 1681 828">
    <p class='ocr_par' dir='ltr' id='par_1_6' title="bbox 239 758 1681 828">
     <span class='ocr_line' id='line_1_6' title="bbox 239 758 1681 828; baseline -0.001 -14"><span class='ocrx_word' id='word_1_37' title='bbox 239 772 326 814; x_wconf 81' lang='lat' dir='ltr'><strong>rum</strong></span> <span class='ocrx_word' id='word_1_38' title='bbox 363 759 558 824; x_wconf 75' lang='lat' dir='ltr'><strong>beatiores,</strong></span> <span class='ocrx_word' id='word_1_39' title='bbox 594 758 767 827; x_wconf 80' lang='lat' dir='ltr'><strong>inquit,</strong></span> <span class='ocrx_word' id='word_1_40' title='bbox 821 767 993 822; x_wconf 85' lang='lat' dir='ltr'><strong>erunt,</strong></span> <span class='ocrx_word' id='word_1_41' title='bbox 1044 759 1088 811; x_wconf 91' lang='lat' dir='ltr'><strong>si</strong></span> <span class='ocrx_word' id='word_1_42' title='bbox 1137 759 1210 812; x_wconf 88' lang='lat' dir='ltr'><strong>sic</strong></span> <span class='ocrx_word' id='word_1_43' title='bbox 1264 759 1681 828; x_wconf 72' lang='lat' dir='ltr'><strong>permanserint:</strong></span> 
     </span>
    </p>
   </div>
   <div class='ocr_carea' id='block_1_7' title="bbox 235 850 1677 920">
    <p class='ocr_par' dir='ltr' id='par_1_7' title="bbox 235 850 1677 920">
     <span class='ocr_line' id='line_1_7' title="bbox 235 850 1677 920; baseline 0.001 -13"><span class='ocrx_word' id='word_1_44' title='bbox 235 853 501 919; x_wconf 81' lang='lat' dir='ltr'><strong>continuoque</strong></span> <span class='ocrx_word' id='word_1_45' title='bbox 543 850 778 920; x_wconf 82' lang='lat' dir='ltr'><strong>subjungit</strong></span> <span class='ocrx_word' id='word_1_46' title='bbox 835 850 1206 920; x_wconf 81' lang='lat' dir='ltr'><strong>Apostolicam</strong></span> <span class='ocrx_word' id='word_1_47' title='bbox 1263 853 1677 920; x_wconf 87' lang='lat' dir='ltr'><strong>auctoritatem,</strong></span> 
     </span>
    </p>
   </div>
   <div class='ocr_carea' id='block_1_8' title="bbox 231 941 1681 999">
    <p class='ocr_par' dir='ltr' id='par_1_8' title="bbox 231 941 1681 999">
     <span class='ocr_line' id='line_1_8' title="bbox 231 941 1681 999; baseline 0.001 -1"><span class='ocrx_word' id='word_1_48' title='bbox 231 944 444 999; x_wconf 82' lang='lat' dir='ltr'><strong>secundum</strong></span> <span class='ocrx_word' id='word_1_49' title='bbox 485 960 606 997; x_wconf 77' lang='lat' dir='ltr'><strong>meum</strong></span> <span class='ocrx_word' id='word_1_50' title='bbox 655 941 946 996; x_wconf 77' lang='lat' dir='ltr'><strong>consilium.</strong></span> <span class='ocrx_word' id='word_1_51' title='bbox 1009 943 1182 997; x_wconf 80' lang='lat' dir='ltr'><strong>l’orro</strong></span> <span class='ocrx_word' id='word_1_52' title='bbox 1248 959 1316 999; x_wconf 90' lang='lat' dir='ltr'><strong>ne</strong></span> <span class='ocrx_word' id='word_1_53' title='bbox 1384 946 1681 999; x_wconf 78' lang='lat' dir='ltr'><strong>auctoritas</strong></span> 
     </span>
    </p>
   </div>
   <div class='ocr_carea' id='block_1_9' title="bbox 225 1037 1677 1108">
    <p class='ocr_par' dir='ltr' id='par_1_9' title="bbox 225 1037 1677 1108">
     <span class='ocr_line' id='line_1_9' title="bbox 225 1037 1677 1108; baseline -0.001 -14"><span class='ocrx_word' id='word_1_54' title='bbox 225 1038 427 1106; x_wconf 77' lang='lat' dir='ltr'><strong>Aposloli,</strong></span> <span class='ocrx_word' id='word_1_55' title='bbox 463 1038 578 1108; x_wconf 87' lang='lat' dir='ltr'><strong>quasi</strong></span> <span class='ocrx_word' id='word_1_56' title='bbox 610 1037 854 1102; x_wconf 85' lang='lat' dir='ltr'><strong>hominis,</strong></span> <span class='ocrx_word' id='word_1_57' title='bbox 899 1037 1071 1092; x_wconf 85' lang='lat' dir='ltr'><strong>levior</strong></span> <span class='ocrx_word' id='word_1_58' title='bbox 1097 1038 1402 1102; x_wconf 78' lang='lat' dir='ltr'><strong>videretur,</strong></span> <span class='ocrx_word' id='word_1_59' title='bbox 1434 1039 1677 1094; x_wconf 79' lang='lat' dir='ltr'><strong>addidit:</strong></span> 
     </span>
    </p>
   </div>
   <div class='ocr_carea' id='block_1_10' title="bbox 219 1130 1679 1204">
    <p class='ocr_par' dir='ltr' id='par_1_10' title="bbox 219 1130 1679 1204">
     <span class='ocr_line' id='line_1_10' title="bbox 219 1130 1679 1204; baseline 0.001 -18"><span class='ocrx_word' id='word_1_60' title='bbox 219 1131 326 1186; x_wconf 76' lang='lat' dir='ltr'><strong>Puto</strong></span> <span class='ocrx_word' id='word_1_61' title='bbox 347 1141 476 1188; x_wconf 80' lang='lat' dir='ltr'><strong>autem</strong></span> <span class='ocrx_word' id='word_1_62' title='bbox 503 1131 606 1203; x_wconf 72' lang='lat' dir='ltr'><strong>quod</strong></span> <span class='ocrx_word' id='word_1_63' title='bbox 626 1142 668 1185; x_wconf 87' lang='lat' dir='ltr'><strong>et</strong></span> <span class='ocrx_word' id='word_1_64' title='bbox 687 1148 784 1204; x_wconf 81' lang='lat' dir='ltr'><strong>ego</strong></span> <span class='ocrx_word' id='word_1_65' title='bbox 805 1131 1051 1199; x_wconf 79' lang='lat' dir='ltr'><strong>spiritum</strong></span> <span class='ocrx_word' id='word_1_66' title='bbox 1079 1130 1178 1185; x_wconf 86' lang='lat' dir='ltr'><strong>Dei</strong></span> <span class='ocrx_word' id='word_1_67' title='bbox 1219 1132 1451 1186; x_wconf 80' lang='lat' dir='ltr'><strong>habeam.</strong></span> <span class='ocrx_word' id='word_1_68' title='bbox 1483 1132 1581 1188; x_wconf 79' lang='lat' dir='ltr'><strong>Ubi</strong></span> <span class='ocrx_word' id='word_1_69' title='bbox 1614 1133 1679 1187; x_wconf 87' lang='lat' dir='ltr'><strong>ad</strong></span> 
     </span>
    </p>
   </div>
   <div class='ocr_carea' id='block_1_11' title="bbox 213 1223 1681 1296">
    <p class='ocr_par' dir='ltr' id='par_1_11' title="bbox 213 1223 1681 1296">
     <span class='ocr_line' id='line_1_11' title="bbox 213 1223 1681 1296; baseline 0.002 -17"><span class='ocrx_word' id='word_1_70' title='bbox 213 1224 772 1296; x_wconf 83' lang='lat' dir='ltr'><strong>continentiamprovocat,</strong></span> <span class='ocrx_word' id='word_1_71' title='bbox 798 1223 872 1279; x_wconf 89' lang='lat' dir='ltr'><strong>ibi</strong></span> <span class='ocrx_word' id='word_1_72' title='bbox 900 1239 1006 1278; x_wconf 92' lang='lat' dir='ltr'><strong>non</strong></span> <span class='ocrx_word' id='word_1_73' title='bbox 1039 1223 1292 1288; x_wconf 87' lang='lat' dir='ltr'><strong>hominis.</strong></span> <span class='ocrx_word' id='word_1_74' title='bbox 1324 1226 1418 1280; x_wconf 88' lang='lat' dir='ltr'><strong>sed</strong></span> <span class='ocrx_word' id='word_1_75' title='bbox 1447 1226 1681 1296; x_wconf 87' lang='lat' dir='ltr'><strong>Spiritus</strong></span> 
     </span>
    </p>
   </div>
   <div class='ocr_carea' id='block_1_12' title="bbox 206 1316 1679 1382">
    <p class='ocr_par' dir='ltr' id='par_1_12' title="bbox 206 1316 1679 1382">
     <span class='ocr_line' id='line_1_12' title="bbox 206 1316 1679 1382; baseline 0.001 -11"><span class='ocrx_word' id='word_1_76' title='bbox 206 1316 282 1372; x_wconf 87' lang='lat' dir='ltr'><strong>Dei</strong></span> <span class='ocrx_word' id='word_1_77' title='bbox 310 1318 527 1372; x_wconf 86' lang='lat' dir='ltr'><strong>consilium</strong></span> <span class='ocrx_word' id='word_1_78' title='bbox 549 1327 650 1382; x_wconf 90' lang='lat' dir='ltr'><strong>cst;</strong></span> <span class='ocrx_word' id='word_1_79' title='bbox 680 1317 771 1371; x_wconf 90' lang='lat' dir='ltr'><strong>ubi</strong></span> <span class='ocrx_word' id='word_1_80' title='bbox 805 1325 986 1371; x_wconf 91' lang='lat' dir='ltr'><strong>autem</strong></span> <span class='ocrx_word' id='word_1_81' title='bbox 1019 1317 1254 1371; x_wconf 83' lang='lat' dir='ltr'><strong>nubendi</strong></span> <span class='ocrx_word' id='word_1_82' title='bbox 1293 1317 1544 1373; x_wconf 72' lang='lat' dir='ltr'><strong>concedit</strong></span> <span class='ocrx_word' id='word_1_83' title='bbox 1591 1334 1679 1372; x_wconf 81' lang='lat' dir='ltr'><strong>ve-</strong></span> 
     </span>
    </p>
   </div>
   <div class='ocr_carea' id='block_1_13' title="bbox 200 1408 1679 1483">
    <p class='ocr_par' dir='ltr' id='par_1_13' title="bbox 200 1408 1679 1483">
     <span class='ocr_line' id='line_1_13' title="bbox 200 1408 1679 1483; baseline -0.001 -19"><span class='ocrx_word' id='word_1_84' title='bbox 200 1411 333 1472; x_wconf 83' lang='lat' dir='ltr'><strong>niam,</strong></span> <span class='ocrx_word' id='word_1_85' title='bbox 365 1409 488 1483; x_wconf 67' lang='lat'><strong>263</strong></span> <span class='ocrx_word' id='word_1_86' title='bbox 512 1410 736 1480; x_wconf 88' lang='lat' dir='ltr'><strong>Spiritum</strong></span> <span class='ocrx_word' id='word_1_87' title='bbox 771 1409 864 1462; x_wconf 90' lang='lat' dir='ltr'><strong>Dei</strong></span> <span class='ocrx_word' id='word_1_88' title='bbox 898 1424 1002 1462; x_wconf 91' lang='lat' dir='ltr'><strong>non</strong></span> <span class='ocrx_word' id='word_1_89' title='bbox 1036 1410 1301 1474; x_wconf 90' lang='lat' dir='ltr'><strong>nominat,</strong></span> <span class='ocrx_word' id='word_1_90' title='bbox 1326 1409 1418 1464; x_wconf 88' lang='lat' dir='ltr'><strong>sed</strong></span> <span class='ocrx_word' id='word_1_91' title='bbox 1449 1408 1679 1480; x_wconf 86' lang='lat' dir='ltr'><strong>pruden-</strong></span> 
     </span>
    </p>
   </div>
   <div class='ocr_carea' id='block_1_14' title="bbox 193 1500 1679 1570">
    <p class='ocr_par' dir='ltr' id='par_1_14' title="bbox 193 1500 1679 1570">
     <span class='ocr_line' id='line_1_14' title="bbox 193 1500 1679 1570; baseline 0 -16"><span class='ocrx_word' id='word_1_92' title='bbox 193 1502 266 1555; x_wconf 73' lang='lat' dir='ltr'><strong>titc</strong></span> <span class='ocrx_word' id='word_1_93' title='bbox 301 1501 428 1557; x_wconf 83' lang='lat' dir='ltr'><strong>librat</strong></span> <span class='ocrx_word' id='word_1_94' title='bbox 451 1502 714 1565; x_wconf 87' lang='lat' dir='ltr'><strong>consilium,</strong></span> <span class='ocrx_word' id='word_1_95' title='bbox 749 1501 819 1556; x_wconf 87' lang='lat' dir='ltr'><strong>ita</strong></span> <span class='ocrx_word' id='word_1_96' title='bbox 854 1500 1088 1570; x_wconf 80' lang='lat' dir='ltr'><strong>singulis</strong></span> <span class='ocrx_word' id='word_1_97' title='bbox 1116 1500 1396 1567; x_wconf 80' lang='lat' dir='ltr'><strong>relaxans,</strong></span> <span class='ocrx_word' id='word_1_98' title='bbox 1427 1510 1484 1555; x_wconf 92' lang='lat' dir='ltr'><strong>ut</strong></span> <span class='ocrx_word' id='word_1_99' title='bbox 1515 1517 1679 1555; x_wconf 82' lang='lat' dir='ltr'><strong>unus-</strong></span> 
     </span>
    </p>
   </div>
   <div class='ocr_carea' id='block_1_15' title="bbox 185 1595 1675 1667">
    <p class='ocr_par' dir='ltr' id='par_1_15' title="bbox 185 1595 1675 1667">
     <span class='ocr_line' id='line_1_15' title="bbox 185 1595 1675 1667; baseline 0 -20"><span class='ocrx_word' id='word_1_100' title='bbox 185 1595 372 1666; x_wconf 71' lang='lat' dir='ltr'><strong>quisque</strong></span> <span class='ocrx_word' id='word_1_101' title='bbox 398 1597 508 1652; x_wconf 81' lang='lat' dir='ltr'><strong>ferre</strong></span> <span class='ocrx_word' id='word_1_102' title='bbox 532 1606 710 1667; x_wconf 90' lang='lat' dir='ltr'><strong>potest.</strong></span> <span class='ocrx_word' id='word_1_103' title='bbox 741 1595 901 1650; x_wconf 79' lang='lat' dir='ltr'><strong>Juxta</strong></span> <span class='ocrx_word' id='word_1_104' title='bbox 931 1595 1075 1652; x_wconf 90' lang='lat' dir='ltr'><strong>hunc</strong></span> <span class='ocrx_word' id='word_1_105' title='bbox 1119 1611 1339 1652; x_wconf 78' lang='lat' dir='ltr'><strong>sensum</strong></span> <span class='ocrx_word' id='word_1_106' title='bbox 1383 1595 1560 1650; x_wconf 85' lang='lat' dir='ltr'><strong>omnia</strong></span> <span class='ocrx_word' id='word_1_107' title='bbox 1588 1596 1675 1650; x_wconf 88' lang='lat' dir='ltr'><strong>illa</strong></span> 
     </span>
    </p>
   </div>
   <div class='ocr_carea' id='block_1_16' title="bbox 175 1687 1682 1758">
    <p class='ocr_par' dir='ltr' id='par_1_16' title="bbox 175 1687 1682 1758">
     <span class='ocr_line' id='line_1_16' title="bbox 175 1687 1682 1758; baseline -0.001 -17"><span class='ocrx_word' id='word_1_108' title='bbox 175 1696 286 1741; x_wconf 89' lang='lat' dir='ltr'><strong>sunt</strong></span> <span class='ocrx_word' id='word_1_109' title='bbox 308 1689 581 1758; x_wconf 88' lang='lat' dir='ltr'><strong>accipienda:</strong></span> <span class='ocrx_word' id='word_1_110' title='bbox 604 1687 737 1743; x_wconf 85' lang='lat' dir='ltr'><strong>Nam</strong></span> <span class='ocrx_word' id='word_1_111' title='bbox 767 1705 879 1752; x_wconf 77' lang='lat' dir='ltr'><strong>qute</strong></span> <span class='ocrx_word' id='word_1_112' title='bbox 900 1688 994 1742; x_wconf 86' lang='lat' dir='ltr'><strong>sub</strong></span> <span class='ocrx_word' id='word_1_113' title='bbox 1018 1689 1127 1742; x_wconf 82' lang='lat' dir='ltr'><strong>viro</strong></span> <span class='ocrx_word' id='word_1_114' title='bbox 1147 1699 1220 1742; x_wconf 89' lang='lat' dir='ltr'><strong>est</strong></span> <span class='ocrx_word' id='word_1_115' title='bbox 1245 1688 1452 1754; x_wconf 80' lang='lat' dir='ltr'><strong>mulier,</strong></span> <span class='ocrx_word' id='word_1_116' title='bbox 1485 1688 1682 1743; x_wconf 73' lang='lat' dir='ltr'><strong>vivente</strong></span> 
     </span>
    </p>
   </div>
   <div class='ocr_carea' id='block_1_17' title="bbox 171 1780 1676 1855">
    <p class='ocr_par' dir='ltr' id='par_1_17' title="bbox 171 1780 1676 1855">
     <span class='ocr_line' id='line_1_17' title="bbox 171 1780 1676 1855; baseline 0.003 -24"><span class='ocrx_word' id='word_1_117' title='bbox 171 1781 284 1846; x_wconf 82' lang='lat' dir='ltr'><strong>riro,</strong></span> <span class='ocrx_word' id='word_1_118' title='bbox 323 1780 496 1855; x_wconf 82' lang='lat' dir='ltr'><strong>alligata</strong></span> <span class='ocrx_word' id='word_1_119' title='bbox 530 1792 593 1836; x_wconf 86' lang='lat' dir='ltr'><strong>est</strong></span> <span class='ocrx_word' id='word_1_120' title='bbox 633 1781 775 1852; x_wconf 81' lang='lat' dir='ltr'><strong>legi:</strong></span> <span class='ocrx_word' id='word_1_121' title='bbox 802 1782 847 1835; x_wconf 89' lang='lat' dir='ltr'><strong>si</strong></span> <span class='ocrx_word' id='word_1_122' title='bbox 892 1792 1063 1835; x_wconf 85' lang='lat' dir='ltr'><strong>autem</strong></span> <span class='ocrx_word' id='word_1_123' title='bbox 1111 1794 1347 1838; x_wconf 83' lang='lat' dir='ltr'><strong>mortuus</strong></span> <span class='ocrx_word' id='word_1_124' title='bbox 1393 1781 1548 1848; x_wconf 75' lang='lat' dir='ltr'><strong>fuerit</strong></span> <span class='ocrx_word' id='word_1_125' title='bbox 1577 1783 1676 1847; x_wconf 79' lang='lat' dir='ltr'><strong>vir,</strong></span> 
     </span>
    </p>
   </div>
   <div class='ocr_carea' id='block_1_18' title="bbox 1781 571 3389 648">
    <p class='ocr_par' dir='ltr' id='par_1_18' title="bbox 1781 571 3389 648">
     <span class='ocr_line' id='line_1_18' title="bbox 1781 571 3389 648; baseline 0.008 -23"><span class='ocrx_word' id='word_1_126' title='bbox 1781 571 1921 626; x_wconf 89' lang='lat' dir='ltr'><strong>duos</strong></span> <span class='ocrx_word' id='word_1_127' title='bbox 1954 572 2144 627; x_wconf 79' lang='lat' dir='ltr'><strong>habuit</strong></span> <span class='ocrx_word' id='word_1_128' title='bbox 2169 575 2336 640; x_wconf 83' lang='lat' dir='ltr'><strong>viros,</strong></span> <span class='ocrx_word' id='word_1_129' title='bbox 2367 575 2580 631; x_wconf 88' lang='lat' dir='ltr'><strong>etiamsi</strong></span> <span class='ocrx_word' id='word_1_130' title='bbox 2636 592 2771 632; x_wconf 89' lang='lat' dir='ltr'><strong>anus</strong></span> <span class='ocrx_word' id='word_1_131' title='bbox 2798 579 2892 642; x_wconf 88' lang='lat' dir='ltr'><strong>sit,</strong></span> <span class='ocrx_word' id='word_1_132' title='bbox 2922 590 2977 633; x_wconf 87' lang='lat' dir='ltr'><strong>et</strong></span> <span class='ocrx_word' id='word_1_133' title='bbox 3010 579 3312 648; x_wconf 85' lang='lat' dir='ltr'><strong>decrepita,</strong></span> <span class='ocrx_word' id='word_1_134' title='bbox 3339 596 3389 638; x_wconf 90' lang='lat' dir='ltr'><strong>et</strong></span> 
     </span>
    </p>
   </div>
   <div class='ocr_carea' id='block_1_19' title="bbox 1783 667 3386 743">
    <p class='ocr_par' dir='ltr' id='par_1_19' title="bbox 1783 667 3386 743">
     <span class='ocr_line' id='line_1_19' title="bbox 1783 667 3386 743; baseline 0.007 -24"><span class='ocrx_word' id='word_1_135' title='bbox 1783 680 1971 736; x_wconf 87' lang='lat' dir='ltr'><strong>egens,</strong></span> <span class='ocrx_word' id='word_1_136' title='bbox 1999 667 2257 722; x_wconf 68' lang='lat' dir='ltr'><strong>Ecclesia:</strong></span> <span class='ocrx_word' id='word_1_137' title='bbox 2292 669 2461 739; x_wconf 87' lang='lat' dir='ltr'><strong>stipes</strong></span> <span class='ocrx_word' id='word_1_138' title='bbox 2494 686 2602 725; x_wconf 90' lang='lat' dir='ltr'><strong>non</strong></span> <span class='ocrx_word' id='word_1_139' title='bbox 2633 682 2877 727; x_wconf 88' lang='lat' dir='ltr'><strong>meretur</strong></span> <span class='ocrx_word' id='word_1_140' title='bbox 2906 677 3176 743; x_wconf 83' lang='lat' dir='ltr'><strong>accipere.</strong></span> <span class='ocrx_word' id='word_1_141' title='bbox 3209 676 3264 729; x_wconf 91' lang='lat' dir='ltr'><strong>Si</strong></span> <span class='ocrx_word' id='word_1_142' title='bbox 3293 694 3386 730; x_wconf 56' lang='lat' dir='ltr'><strong>au.</strong></span> 
     </span>
    </p>
   </div>
   <div class='ocr_carea' id='block_1_20' title="bbox 1785 759 3390 839">
    <p class='ocr_par' dir='ltr' id='par_1_20' title="bbox 1785 759 3390 839">
     <span class='ocr_line' id='line_1_20' title="bbox 1785 759 3390 839; baseline 0.009 -28"><span class='ocrx_word' id='word_1_143' title='bbox 1785 766 1888 811; x_wconf 89' lang='lat' dir='ltr'><strong>tem</strong></span> <span class='ocrx_word' id='word_1_144' title='bbox 1921 759 2072 828; x_wconf 85' lang='lat' dir='ltr'><strong>panis</strong></span> <span class='ocrx_word' id='word_1_145' title='bbox 2099 760 2176 814; x_wconf 93' lang='lat' dir='ltr'><strong>illi</strong></span> <span class='ocrx_word' id='word_1_146' title='bbox 2203 761 2416 816; x_wconf 88' lang='lat' dir='ltr'><strong>tollitur</strong></span> <span class='ocrx_word' id='word_1_147' title='bbox 2455 764 2837 836; x_wconf 75' lang='lat' dir='ltr'><strong>eleetuosynte,</strong></span> <span class='ocrx_word' id='word_1_148' title='bbox 2867 778 3072 836; x_wconf 89' lang='lat' dir='ltr'><strong>quanto</strong></span> <span class='ocrx_word' id='word_1_149' title='bbox 3101 769 3273 839; x_wconf 85' lang='lat' dir='ltr'><strong>magis</strong></span> <span class='ocrx_word' id='word_1_150' title='bbox 3301 771 3390 826; x_wconf 86' lang='lat' dir='ltr'><strong>ille</strong></span> 
     </span>
    </p>
   </div>
   <div class='ocr_carea' id='block_1_21' title="bbox 1784 851 3391 930">
    <p class='ocr_par' dir='ltr' id='par_1_21' title="bbox 1784 851 3391 930">
     <span class='ocr_line' id='line_1_21' title="bbox 1784 851 3391 930; baseline 0.011 -29"><span class='ocrx_word' id='word_1_151' title='bbox 1784 851 1941 919; x_wconf 85' lang='lat' dir='ltr'><strong>panis</strong></span> <span class='ocrx_word' id='word_1_152' title='bbox 1964 853 2052 920; x_wconf 85' lang='lat' dir='ltr'><strong>qui</strong></span> <span class='ocrx_word' id='word_1_153' title='bbox 2075 852 2143 907; x_wconf 90' lang='lat' dir='ltr'><strong>de</strong></span> <span class='ocrx_word' id='word_1_154' title='bbox 2171 853 2310 907; x_wconf 64' lang='lat' dir='ltr'><strong>corio</strong></span> <span class='ocrx_word' id='word_1_155' title='bbox 2330 854 2638 922; x_wconf 83' lang='lat' dir='ltr'><strong>descendit,</strong></span> <span class='ocrx_word' id='word_1_156' title='bbox 2665 874 2824 927; x_wconf 81' lang='lat' dir='ltr'><strong>quem</strong></span> <span class='ocrx_word' id='word_1_157' title='bbox 2850 861 2938 924; x_wconf 84' lang='lat' dir='ltr'><strong>qui</strong></span> <span class='ocrx_word' id='word_1_158' title='bbox 2965 860 3184 930; x_wconf 86' lang='lat' dir='ltr'><strong>indigne</strong></span> <span class='ocrx_word' id='word_1_159' title='bbox 3210 877 3391 918; x_wconf 89' lang='lat' dir='ltr'><strong>come-</strong></span> 
     </span>
    </p>
   </div>
   <div class='ocr_carea' id='block_1_22' title="bbox 1781 940 3381 1020">
    <p class='ocr_par' dir='ltr' id='par_1_22' title="bbox 1781 940 3381 1020">
     <span class='ocr_line' id='line_1_22' title="bbox 1781 940 3381 1020; baseline 0.008 -25"><span class='ocrx_word' id='word_1_160' title='bbox 1781 940 1943 1004; x_wconf 89' lang='lat' dir='ltr'><strong>derit,</strong></span> <span class='ocrx_word' id='word_1_161' title='bbox 1973 958 2099 997; x_wconf 87' lang='lat' dir='ltr'><strong>reus</strong></span> <span class='ocrx_word' id='word_1_162' title='bbox 2129 945 2232 998; x_wconf 87' lang='lat' dir='ltr'><strong>erit</strong></span> <span class='ocrx_word' id='word_1_163' title='bbox 2265 946 2450 1001; x_wconf 89' lang='lat' dir='ltr'><strong>violati</strong></span> <span class='ocrx_word' id='word_1_164' title='bbox 2474 948 2720 1017; x_wconf 77' lang='lat' dir='ltr'><strong>corporis</strong></span> <span class='ocrx_word' id='word_1_165' title='bbox 2757 959 2810 1003; x_wconf 89' lang='lat' dir='ltr'><strong>et</strong></span> <span class='ocrx_word' id='word_1_166' title='bbox 2846 951 3121 1020; x_wconf 74' lang='lat' dir='ltr'><strong>sanguinis</strong></span> <span class='ocrx_word' id='word_1_167' title='bbox 3143 953 3381 1011; x_wconf 85' lang='lat' dir='ltr'><strong>Christi!</strong></span> 
     </span>
    </p>
   </div>
   <div class='ocr_carea' id='block_1_23' title="bbox 1859 1034 3385 1113">
    <p class='ocr_par' dir='ltr' id='par_1_23' title="bbox 1859 1034 3385 1113">
     <span class='ocr_line' id='line_1_23' title="bbox 1859 1034 3385 1113; baseline 0.01 -26"><span class='ocrx_word' id='word_1_168' title='bbox 1859 1036 1946 1088; x_wconf 79' lang='grc'>15.</span> <span class='ocrx_word' id='word_1_169' title='bbox 1994 1034 2159 1090; x_wconf 72' lang='lat' dir='ltr'><strong>Multa</strong></span> <span class='ocrx_word' id='word_1_170' title='bbox 2205 1040 2501 1107; x_wconf 81' lang='lat' dir='ltr'><strong>compulsus</strong></span> <span class='ocrx_word' id='word_1_171' title='bbox 2542 1052 2616 1094; x_wconf 80' lang='lat' dir='ltr'><strong>est</strong></span> <span class='ocrx_word' id='word_1_172' title='bbox 2663 1040 2789 1096; x_wconf 75' lang='lat' dir='ltr'><strong>t&#39;elle</strong></span> <span class='ocrx_word' id='word_1_173' title='bbox 2820 1041 3039 1097; x_wconf 80' lang='lat' dir='ltr'><strong>Paulus.</strong></span> <span class='ocrx_word' id='word_1_174' title='bbox 3076 1075 3145 1084; x_wconf 90' lang='lat'><em>—</em></span> <span class='ocrx_word' id='word_1_175' title='bbox 3186 1047 3385 1113; x_wconf 86' lang='lat' dir='ltr'><strong>Quam-</strong></span> 
     </span>
    </p>
   </div>
   <div class='ocr_carea' id='block_1_24' title="bbox 1784 1128 3386 1210">
    <p class='ocr_par' dir='ltr' id='par_1_24' title="bbox 1784 1128 3386 1210">
     <span class='ocr_line' id='line_1_24' title="bbox 1784 1128 3386 1210; baseline 0.012 -33"><span class='ocrx_word' id='word_1_176' title='bbox 1784 1141 1944 1193; x_wconf 87' lang='lat' dir='ltr'><strong>quam</strong></span> <span class='ocrx_word' id='word_1_177' title='bbox 1997 1128 2110 1182; x_wconf 66' lang='lat' dir='ltr'><strong>haec</strong></span> <span class='ocrx_word' id='word_1_178' title='bbox 2163 1133 2479 1187; x_wconf 88' lang='lat' dir='ltr'><strong>testimonia</strong></span> <span class='ocrx_word' id='word_1_179' title='bbox 2511 1151 2630 1203; x_wconf 74' lang='lat' dir='ltr'><strong>qua:</strong></span> <span class='ocrx_word' id='word_1_180' title='bbox 2663 1151 2825 1204; x_wconf 83' lang='lat' dir='ltr'><strong>supra</strong></span> <span class='ocrx_word' id='word_1_181' title='bbox 2875 1139 3054 1207; x_wconf 73' lang='lat' dir='ltr'><strong>pnsui,</strong></span> <span class='ocrx_word' id='word_1_182' title='bbox 3093 1141 3144 1194; x_wconf 95' lang='lat' dir='ltr'><strong>in</strong></span> <span class='ocrx_word' id='word_1_183' title='bbox 3192 1143 3386 1210; x_wconf 80' lang='lat' dir='ltr'><strong>quibus</strong></span> 
     </span>
    </p>
   </div>
   <div class='ocr_carea' id='block_1_25' title="bbox 1784 1218 3383 1303">
    <p class='ocr_par' dir='ltr' id='par_1_25' title="bbox 1784 1218 3383 1303">
     <span class='ocr_line' id='line_1_25' title="bbox 1784 1218 3383 1303; baseline 0.013 -33"><span class='ocrx_word' id='word_1_184' title='bbox 1784 1218 1959 1272; x_wconf 80' lang='lat' dir='ltr'><strong>viduis</strong></span> <span class='ocrx_word' id='word_1_185' title='bbox 1977 1221 2321 1288; x_wconf 87' lang='lat' dir='ltr'><strong>conceditur,</strong></span> <span class='ocrx_word' id='word_1_186' title='bbox 2346 1238 2403 1279; x_wconf 93' lang='lat' dir='ltr'><strong>ut</strong></span> <span class='ocrx_word' id='word_1_187' title='bbox 2427 1227 2469 1281; x_wconf 88' lang='lat' dir='ltr'><strong>si</strong></span> <span class='ocrx_word' id='word_1_188' title='bbox 2498 1229 2685 1288; x_wconf 79' lang='lat' dir='ltr'><strong>velint,</strong></span> <span class='ocrx_word' id='word_1_189' title='bbox 2706 1228 2883 1284; x_wconf 81' lang='lat' dir='ltr'><strong>denuo</strong></span> <span class='ocrx_word' id='word_1_190' title='bbox 2906 1233 3134 1300; x_wconf 82' lang='lat' dir='ltr'><strong>nubant,</strong></span> <span class='ocrx_word' id='word_1_191' title='bbox 3168 1237 3383 1303; x_wconf 90' lang='lat' dir='ltr'><strong>quidam</strong></span> 
     </span>
    </p>
   </div>
   <div class='ocr_carea' id='block_1_26' title="bbox 1784 1311 3384 1396">
    <p class='ocr_par' dir='ltr' id='par_1_26' title="bbox 1784 1311 3384 1396">
     <span class='ocr_line' id='line_1_26' title="bbox 1784 1311 3384 1396; baseline 0.014 -32"><span class='ocrx_word' id='word_1_192' title='bbox 1784 1311 2213 1382; x_wconf 82' lang='lat' dir='ltr'><strong>interpretantur</strong></span> <span class='ocrx_word' id='word_1_193' title='bbox 2232 1334 2395 1387; x_wconf 87' lang='lat' dir='ltr'><strong>super</strong></span> <span class='ocrx_word' id='word_1_194' title='bbox 2414 1319 2496 1373; x_wconf 68' lang='lat' dir='ltr'><strong>llis</strong></span> <span class='ocrx_word' id='word_1_195' title='bbox 2517 1321 2714 1382; x_wconf 88' lang='lat' dir='ltr'><strong>viduis,</strong></span> <span class='ocrx_word' id='word_1_196' title='bbox 2736 1338 2889 1392; x_wconf 84' lang='lat' dir='ltr'><strong>quas,</strong></span> <span class='ocrx_word' id='word_1_197' title='bbox 2914 1326 3132 1380; x_wconf 86' lang='lat' dir='ltr'><strong>amissis</strong></span> <span class='ocrx_word' id='word_1_198' title='bbox 3153 1332 3384 1396; x_wconf 86' lang='lat' dir='ltr'><strong>maritis.</strong></span> 
     </span>
    </p>
   </div>
   <div class='ocr_carea' id='block_1_27' title="bbox 1784 1403 3387 1491">
    <p class='ocr_par' dir='ltr' id='par_1_27' title="bbox 1784 1403 3387 1491">
     <span class='ocr_line' id='line_1_27' title="bbox 1784 1403 3387 1491; baseline 0.015 -35"><span class='ocrx_word' id='word_1_199' title='bbox 1784 1403 1865 1458; x_wconf 89' lang='lat' dir='ltr'><strong>sic</strong></span> <span class='ocrx_word' id='word_1_200' title='bbox 1898 1405 2164 1462; x_wconf 84' lang='lat' dir='ltr'><strong>invenerit</strong></span> <span class='ocrx_word' id='word_1_201' title='bbox 2207 1410 2343 1465; x_wconf 78' lang='lat' dir='ltr'><strong>fides</strong></span> <span class='ocrx_word' id='word_1_202' title='bbox 2380 1412 2602 1467; x_wconf 87' lang='lat' dir='ltr'><strong>Christi.</strong></span> <span class='ocrx_word' id='word_1_203' title='bbox 2639 1427 2659 1449; x_wconf 76' lang='grc' dir='ltr'><strong>ε·</strong></span> <span class='ocrx_word' id='word_1_204' title='bbox 2704 1415 2813 1471; x_wconf 78' lang='lat' dir='ltr'><strong>Nec</strong></span> <span class='ocrx_word' id='word_1_205' title='bbox 2850 1420 2995 1473; x_wconf 93' lang='lat' dir='ltr'><strong>enim</strong></span> <span class='ocrx_word' id='word_1_206' title='bbox 3045 1437 3387 1491; x_wconf 84' lang='lat' dir='ltr'><strong>consequens</strong></span> 
     </span>
    </p>
   </div>
   <div class='ocr_carea' id='block_1_28' title="bbox 1781 1498 3388 1583">
    <p class='ocr_par' dir='ltr' id='par_1_28' title="bbox 1781 1498 3388 1583">
     <span class='ocr_line' id='line_1_28' title="bbox 1781 1498 3388 1583; baseline 0.014 -35"><span class='ocrx_word' id='word_1_207' title='bbox 1781 1505 1951 1561; x_wconf 84' lang='lat' dir='ltr'><strong>esset,</strong></span> <span class='ocrx_word' id='word_1_208' title='bbox 1975 1507 2030 1550; x_wconf 92' lang='grc' dir='ltr'><strong>ιιι</strong></span> <span class='ocrx_word' id='word_1_209' title='bbox 2054 1498 2350 1568; x_wconf 76' lang='lat' dir='ltr'><strong>Apostolus</strong></span> <span class='ocrx_word' id='word_1_210' title='bbox 2371 1505 2773 1574; x_wconf 81' lang='lat' dir='ltr'><strong>postbaptisma</strong></span> <span class='ocrx_word' id='word_1_211' title='bbox 2803 1510 2919 1562; x_wconf 88' lang='lat' dir='ltr'><strong>viro</strong></span> <span class='ocrx_word' id='word_1_212' title='bbox 2943 1514 3388 1583; x_wconf 86' lang='lat' dir='ltr'><strong>mortuo,jubeat</strong></span> 
     </span>
    </p>
   </div>
   <div class='ocr_carea' id='block_1_29' title="bbox 1782 1588 3386 1678">
    <p class='ocr_par' dir='ltr' id='par_1_29' title="bbox 1782 1588 3386 1678">
     <span class='ocr_line' id='line_1_29' title="bbox 1782 1588 3386 1678; baseline 0.015 -37"><span class='ocrx_word' id='word_1_213' title='bbox 1782 1588 1942 1644; x_wconf 82' lang='lat' dir='ltr'><strong>alteri</strong></span> <span class='ocrx_word' id='word_1_214' title='bbox 1976 1591 2204 1659; x_wconf 84' lang='lat' dir='ltr'><strong>nubere,</strong></span> <span class='ocrx_word' id='word_1_215' title='bbox 2239 1610 2358 1649; x_wconf 90' lang='lat' dir='ltr'><strong>cum</strong></span> <span class='ocrx_word' id='word_1_216' title='bbox 2396 1597 2718 1654; x_wconf 68' lang='lat' dir='ltr'><strong>habentibus</strong></span> <span class='ocrx_word' id='word_1_217' title='bbox 2755 1617 2972 1672; x_wconf 70' lang='lat' dir='ltr'><strong>quoilue</strong></span> <span class='ocrx_word' id='word_1_218' title='bbox 3018 1621 3213 1662; x_wconf 79' lang='lat' dir='ltr'><strong>uxores</strong></span> <span class='ocrx_word' id='word_1_219' title='bbox 3244 1624 3386 1678; x_wconf 69' lang='lat' dir='ltr'><strong>prae-</strong></span> 
     </span>
    </p>
   </div>
   <div class='ocr_carea' id='block_1_30' title="bbox 1782 1684 3389 1765">
    <p class='ocr_par' dir='ltr' id='par_1_30' title="bbox 1782 1684 3389 1765">
     <span class='ocr_line' id='line_1_30' title="bbox 1782 1684 3389 1765; baseline 0.016 -29"><span class='ocrx_word' id='word_1_220' title='bbox 1782 1684 2012 1751; x_wconf 85' lang='lat' dir='ltr'><strong>ceperit,</strong></span> <span class='ocrx_word' id='word_1_221' title='bbox 2043 1693 2101 1739; x_wconf 92' lang='lat' dir='ltr'><strong>ut</strong></span> <span class='ocrx_word' id='word_1_222' title='bbox 2128 1688 2206 1741; x_wconf 88' lang='lat' dir='ltr'><strong>sic</strong></span> <span class='ocrx_word' id='word_1_223' title='bbox 2238 1690 2365 1754; x_wconf 88' lang='lat' dir='ltr'><strong>sint,</strong></span> <span class='ocrx_word' id='word_1_224' title='bbox 2410 1693 2561 1760; x_wconf 87' lang='lat' dir='ltr'><strong>quasi</strong></span> <span class='ocrx_word' id='word_1_225' title='bbox 2596 1710 2703 1749; x_wconf 91' lang='lat' dir='ltr'><strong>non</strong></span> <span class='ocrx_word' id='word_1_226' title='bbox 2733 1695 3021 1765; x_wconf 86' lang='lat' dir='ltr'><strong>habentes,</strong></span> <span class='ocrx_word' id='word_1_227' title='bbox 3050 1716 3099 1756; x_wconf 92' lang='lat' dir='ltr'><strong>et</strong></span> <span class='ocrx_word' id='word_1_228' title='bbox 3132 1702 3205 1757; x_wconf 93' lang='lat' dir='ltr'><strong>ob</strong></span> <span class='ocrx_word' id='word_1_229' title='bbox 3250 1705 3389 1761; x_wconf 89' lang='lat' dir='ltr'><strong>hanc</strong></span> 
     </span>
    </p>
   </div>
   <div class='ocr_carea' id='block_1_31' title="bbox 1782 1789 3385 1868">
    <p class='ocr_par' dir='ltr' id='par_1_31' title="bbox 1782 1789 3385 1868">
     <span class='ocr_line' id='line_1_31' title="bbox 1782 1789 3385 1868; baseline 0.017 -40"><span class='ocrx_word' id='word_1_230' title='bbox 1782 1789 1998 1829; x_wconf 85' lang='lat' dir='ltr'><strong>causam</strong></span> <span class='ocrx_word' id='word_1_231' title='bbox 2036 1794 2142 1833; x_wconf 90' lang='lat' dir='ltr'><strong>non</strong></span> <span class='ocrx_word' id='word_1_232' title='bbox 2176 1795 2298 1837; x_wconf 85' lang='lat' dir='ltr'><strong>esse</strong></span> <span class='ocrx_word' id='word_1_233' title='bbox 2329 1799 2554 1839; x_wconf 77' lang='lat' dir='ltr'><strong>uxorum</strong></span> <span class='ocrx_word' id='word_1_234' title='bbox 2591 1803 2881 1845; x_wconf 90' lang='lat' dir='ltr'><strong>numerum</strong></span> <span class='ocrx_word' id='word_1_235' title='bbox 2913 1792 3194 1850; x_wconf 82' lang='lat' dir='ltr'><strong>deﬁnitum</strong></span> <span class='ocrx_word' id='word_1_236' title='bbox 3219 1815 3231 1849; x_wconf 69' lang='grc' dir='ltr'><strong>ι</strong></span> <span class='ocrx_word' id='word_1_237' title='bbox 3261 1803 3385 1868; x_wconf 84' lang='lat' dir='ltr'><strong>quia</strong></span> 
     </span>
    </p>
   </div>
   <div class='ocr_carea' id='block_1_32' title="bbox 156 1868 1678 1956">
    <p class='ocr_par' dir='ltr' id='par_1_32' title="bbox 156 1871 1678 1945">
     <span class='ocr_line' id='line_1_32' title="bbox 156 1871 1678 1945; baseline 0.001 -20"><span class='ocrx_word' id='word_1_238' title='bbox 156 1871 309 1926; x_wconf 80' lang='lat' dir='ltr'><strong>solata</strong></span> <span class='ocrx_word' id='word_1_239' title='bbox 336 1883 396 1926; x_wconf 82' lang='lat' dir='ltr'><strong>est</strong></span> <span class='ocrx_word' id='word_1_240' title='bbox 427 1891 454 1928; x_wconf 91' lang='lat' dir='ltr'><strong>a</strong></span> <span class='ocrx_word' id='word_1_241' title='bbox 484 1876 577 1945; x_wconf 84' lang='lat' dir='ltr'><strong>lege</strong></span> <span class='ocrx_word' id='word_1_242' title='bbox 603 1875 712 1928; x_wconf 85' lang='lat' dir='ltr'><strong>viri.</strong></span> <span class='ocrx_word' id='word_1_243' title='bbox 758 1873 951 1943; x_wconf 85' lang='lat' dir='ltr'><strong>Igitur,</strong></span> <span class='ocrx_word' id='word_1_244' title='bbox 994 1874 1189 1928; x_wconf 77' lang='lat' dir='ltr'><strong>virente</strong></span> <span class='ocrx_word' id='word_1_245' title='bbox 1236 1875 1371 1937; x_wconf 78' lang='lat' dir='ltr'><strong>viro,</strong></span> <span class='ocrx_word' id='word_1_246' title='bbox 1419 1875 1678 1927; x_wconf 71' lang='lat' dir='ltr'><strong>vocabitur</strong></span> 
     </span>
    </p>
   </div>
   <div class='ocr_carea' id='block_1_33' title="bbox 1783 1868 3389 1956">
    <p class='ocr_par' dir='ltr' id='par_1_33' title="bbox 1786 1868 3389 1956">
     <span class='ocr_line' id='line_1_33' title="bbox 1786 1868 3389 1956; baseline 0.018 -38"><span class='ocrx_word' id='word_1_247' title='bbox 1786 1877 1906 1933; x_wconf 88' lang='lat' dir='ltr'><strong>post</strong></span> <span class='ocrx_word' id='word_1_248' title='bbox 1934 1868 2200 1938; x_wconf 84' lang='lat' dir='ltr'><strong>baptisma</strong></span> <span class='ocrx_word' id='word_1_249' title='bbox 2242 1874 2469 1941; x_wconf 86' lang='lat' dir='ltr'><strong>Christi,</strong></span> <span class='ocrx_word' id='word_1_250' title='bbox 2500 1880 2663 1933; x_wconf 85' lang='lat' dir='ltr'><strong>etiam</strong></span> <span class='ocrx_word' id='word_1_251' title='bbox 2696 1882 2742 1935; x_wconf 88' lang='lat' dir='ltr'><strong>si</strong></span> <span class='ocrx_word' id='word_1_252' title='bbox 2768 1885 2926 1937; x_wconf 88' lang='lat' dir='ltr'><strong>tertia</strong></span> <span class='ocrx_word' id='word_1_253' title='bbox 2948 1898 3000 1939; x_wconf 87' lang='lat' dir='ltr'><strong>et</strong></span> <span class='ocrx_word' id='word_1_254' title='bbox 3029 1896 3221 1956; x_wconf 87' lang='lat' dir='ltr'><strong>quarta</strong></span> <span class='ocrx_word' id='word_1_255' title='bbox 3252 1906 3389 1947; x_wconf 78' lang='lat' dir='ltr'><strong>uxor</strong></span> 
     </span>
    </p>
   </div>
   <div class='ocr_carea' id='block_1_34' title="bbox 152 1965 1682 2037">
    <p class='ocr_par' dir='ltr' id='par_1_34' title="bbox 152 1965 1682 2037">
     <span class='ocr_line' id='line_1_34' title="bbox 152 1965 1682 2037; baseline 0 -19"><span class='ocrx_word' id='word_1_256' title='bbox 152 1965 378 2030; x_wconf 82' lang='lat' dir='ltr'><strong>adultera,</strong></span> <span class='ocrx_word' id='word_1_257' title='bbox 415 1967 454 2020; x_wconf 86' lang='lat' dir='ltr'><strong>si</strong></span> <span class='ocrx_word' id='word_1_258' title='bbox 493 1967 629 2037; x_wconf 78' lang='lat' dir='ltr'><strong>fuerit</strong></span> <span class='ocrx_word' id='word_1_259' title='bbox 665 1983 780 2020; x_wconf 87' lang='lat' dir='ltr'><strong>cum</strong></span> <span class='ocrx_word' id='word_1_260' title='bbox 822 1967 929 2019; x_wconf 86' lang='lat' dir='ltr'><strong>alio</strong></span> <span class='ocrx_word' id='word_1_261' title='bbox 963 1966 1092 2019; x_wconf 83' lang='lat' dir='ltr'><strong>viro.</strong></span> <span class='ocrx_word' id='word_1_262' title='bbox 1126 1965 1186 2019; x_wconf 90' lang='lat' dir='ltr'><strong>Si</strong></span> <span class='ocrx_word' id='word_1_263' title='bbox 1236 1975 1406 2019; x_wconf 86' lang='lat' dir='ltr'><strong>autem</strong></span> <span class='ocrx_word' id='word_1_264' title='bbox 1450 1976 1682 2019; x_wconf 87' lang='lat' dir='ltr'><strong>mortuus</strong></span> 
     </span>
    </p>
   </div>
   <div class='ocr_carea' id='block_1_35' title="bbox 150 2056 1685 2131">
    <p class='ocr_par' dir='ltr' id='par_1_35' title="bbox 150 2056 1685 2131">
     <span class='ocr_line' id='line_1_35' title="bbox 150 2056 1685 2131; baseline -0.001 -21"><span class='ocrx_word' id='word_1_265' title='bbox 150 2058 286 2120; x_wconf 69' lang='lat' dir='ltr'><strong>fuerit</strong></span> <span class='ocrx_word' id='word_1_266' title='bbox 305 2059 371 2112; x_wconf 80' lang='lat' dir='ltr'><strong>vir</strong></span> <span class='ocrx_word' id='word_1_267' title='bbox 395 2063 515 2131; x_wconf 85' lang='lat' dir='ltr'><strong>ejus,</strong></span> <span class='ocrx_word' id='word_1_268' title='bbox 540 2062 699 2112; x_wconf 88' lang='lat' dir='ltr'><strong>soluta</strong></span> <span class='ocrx_word' id='word_1_269' title='bbox 729 2066 800 2110; x_wconf 87' lang='lat' dir='ltr'><strong>est</strong></span> <span class='ocrx_word' id='word_1_270' title='bbox 825 2074 855 2108; x_wconf 82' lang='grc' dir='ltr'>α</span> <span class='ocrx_word' id='word_1_271' title='bbox 885 2058 1014 2128; x_wconf 84' lang='lat' dir='ltr'><strong>lege,</strong></span> <span class='ocrx_word' id='word_1_272' title='bbox 1043 2067 1098 2110; x_wconf 85' lang='grc' dir='ltr'><strong>ιιι</strong></span> <span class='ocrx_word' id='word_1_273' title='bbox 1133 2074 1231 2109; x_wconf 86' lang='lat' dir='ltr'><strong>non</strong></span> <span class='ocrx_word' id='word_1_274' title='bbox 1259 2057 1326 2110; x_wconf 85' lang='lat' dir='ltr'><strong>sit</strong></span> <span class='ocrx_word' id='word_1_275' title='bbox 1350 2056 1607 2122; x_wconf 84' lang='lat' dir='ltr'><strong>adultera,</strong></span> <span class='ocrx_word' id='word_1_276' title='bbox 1640 2060 1685 2108; x_wconf 85' lang='lat' dir='ltr'><strong>si</strong></span> 
     </span>
    </p>
   </div>
   <div class='ocr_carea' id='block_1_36' title="bbox 152 2148 1682 2220">
    <p class='ocr_par' dir='ltr' id='par_1_36' title="bbox 152 2148 1682 2220">
     <span class='ocr_line' id='line_1_36' title="bbox 152 2148 1682 2220; baseline 0 -18"><span class='ocrx_word' id='word_1_277' title='bbox 152 2153 280 2204; x_wconf 67' lang='lat' dir='ltr'><strong>iterit</strong></span> <span class='ocrx_word' id='word_1_278' title='bbox 322 2169 423 2205; x_wconf 85' lang='lat' dir='ltr'><strong>cum</strong></span> <span class='ocrx_word' id='word_1_279' title='bbox 463 2151 557 2204; x_wconf 89' lang='lat' dir='ltr'><strong>alio</strong></span> <span class='ocrx_word' id='word_1_280' title='bbox 603 2153 706 2205; x_wconf 83' lang='lat' dir='ltr'><strong>viro</strong></span> <span class='ocrx_word' id='word_1_281' title='bbox 759 2150 945 2220; x_wconf 82' lang='lat' dir='ltr'><strong>(Rom.</strong></span> <span class='ocrx_word' id='word_1_282' title='bbox 990 2165 1084 2213; x_wconf 84' lang='lat' dir='ltr'><strong>vn,</strong></span> <span class='ocrx_word' id='word_1_283' title='bbox 1115 2148 1172 2211; x_wconf 71' lang='lat'><strong>2,</strong></span> <span class='ocrx_word' id='word_1_284' title='bbox 1217 2149 1310 2219; x_wconf 77' lang='lat'><strong>3).</strong></span> <span class='ocrx_word' id='word_1_285' title='bbox 1344 2150 1413 2202; x_wconf 84' lang='lat' dir='ltr'><strong>Et</strong></span> <span class='ocrx_word' id='word_1_286' title='bbox 1453 2149 1585 2202; x_wconf 90' lang='lat' dir='ltr'><strong>illud</strong></span> <span class='ocrx_word' id='word_1_287' title='bbox 1619 2148 1682 2202; x_wconf 87' lang='lat' dir='ltr'><strong>ad</strong></span> 
     </span>
    </p>
   </div>
   <div class='ocr_carea' id='block_1_37' title="bbox 149 2241 1686 2313">
    <p class='ocr_par' dir='ltr' id='par_1_37' title="bbox 149 2241 1686 2313">
     <span class='ocr_line' id='line_1_37' title="bbox 149 2241 1686 2313; baseline -0.002 -16"><span class='ocrx_word' id='word_1_288' title='bbox 149 2243 480 2298; x_wconf 79' lang='lat' dir='ltr'><strong>&#39;imotheum:</strong></span> <span class='ocrx_word' id='word_1_289' title='bbox 516 2242 639 2296; x_wconf 89' lang='lat' dir='ltr'><strong>Volo</strong></span> <span class='ocrx_word' id='word_1_290' title='bbox 665 2258 785 2313; x_wconf 85' lang='lat' dir='ltr'><strong>ergo</strong></span> <span class='ocrx_word' id='word_1_291' title='bbox 806 2243 1044 2312; x_wconf 86' lang='lat' dir='ltr'><strong>juniores</strong></span> <span class='ocrx_word' id='word_1_292' title='bbox 1080 2242 1261 2295; x_wconf 78' lang='lat' dir='ltr'><strong>viduas</strong></span> <span class='ocrx_word' id='word_1_293' title='bbox 1298 2241 1507 2307; x_wconf 81' lang='lat' dir='ltr'><strong>nabere,</strong></span> <span class='ocrx_word' id='word_1_294' title='bbox 1551 2242 1686 2310; x_wconf 79' lang='lat' dir='ltr'><strong>ﬁlios</strong></span> 
     </span>
    </p>
   </div>
   <div class='ocr_carea' id='block_1_38' title="bbox 151 2333 1688 2406">
    <p class='ocr_par' dir='ltr' id='par_1_38' title="bbox 151 2333 1688 2406">
     <span class='ocr_line' id='line_1_38' title="bbox 151 2333 1688 2406; baseline 0 -18"><span class='ocrx_word' id='word_1_295' title='bbox 151 2350 406 2396; x_wconf 85' lang='lat' dir='ltr'><strong>rocreare,</strong></span> <span class='ocrx_word' id='word_1_296' title='bbox 426 2336 827 2406; x_wconf 80' lang='lat' dir='ltr'><strong>matresfamilias</strong></span> <span class='ocrx_word' id='word_1_297' title='bbox 845 2352 971 2400; x_wconf 86' lang='lat' dir='ltr'><strong>esse,</strong></span> <span class='ocrx_word' id='word_1_298' title='bbox 999 2333 1196 2388; x_wconf 88' lang='lat' dir='ltr'><strong>nullant</strong></span> <span class='ocrx_word' id='word_1_299' title='bbox 1227 2335 1542 2389; x_wconf 68' lang='lat' dir='ltr'><strong>occasionem</strong></span> <span class='ocrx_word' id='word_1_300' title='bbox 1562 2334 1688 2388; x_wconf 80' lang='lat' dir='ltr'><strong>dare</strong></span> 
     </span>
    </p>
   </div>
   <div class='ocr_carea' id='block_1_39' title="bbox 147 2427 1685 2501">
    <p class='ocr_par' dir='ltr' id='par_1_39' title="bbox 147 2427 1685 2501">
     <span class='ocr_line' id='line_1_39' title="bbox 147 2427 1685 2501; baseline 0.001 -20"><span class='ocrx_word' id='word_1_301' title='bbox 147 2429 398 2483; x_wconf 76' lang='lat' dir='ltr'><strong>deersario</strong></span> <span class='ocrx_word' id='word_1_302' title='bbox 441 2428 688 2483; x_wconf 84' lang='lat' dir='ltr'><strong>maledicti</strong></span> <span class='ocrx_word' id='word_1_303' title='bbox 726 2429 916 2501; x_wconf 85' lang='lat' dir='ltr'><strong>gratia.</strong></span> <span class='ocrx_word' id='word_1_304' title='bbox 962 2427 1085 2482; x_wconf 80' lang='lat' dir='ltr'><strong>lam</strong></span> <span class='ocrx_word' id='word_1_305' title='bbox 1115 2429 1251 2483; x_wconf 84' lang='lat' dir='ltr'><strong>enim</strong></span> <span class='ocrx_word' id='word_1_306' title='bbox 1297 2432 1534 2498; x_wconf 74' lang='lat' dir='ltr'><strong>quietiam</strong></span> <span class='ocrx_word' id='word_1_307' title='bbox 1565 2445 1685 2483; x_wconf 87' lang='lat' dir='ltr'><strong>con-</strong></span> 
     </span>
    </p>
   </div>
   <div class='ocr_carea' id='block_1_40' title="bbox 148 2519 1684 2592">
    <p class='ocr_par' dir='ltr' id='par_1_40' title="bbox 148 2519 1684 2592">
     <span class='ocr_line' id='line_1_40' title="bbox 148 2519 1684 2592; baseline -0.001 -17"><span class='ocrx_word' id='word_1_308' title='bbox 148 2537 261 2575; x_wconf 50' lang='lat' dir='ltr'><strong>trsa&#39;</strong></span> <span class='ocrx_word' id='word_1_309' title='bbox 279 2529 392 2574; x_wconf 84' lang='lat' dir='ltr'><strong>sunt</strong></span> <span class='ocrx_word' id='word_1_310' title='bbox 411 2530 540 2574; x_wconf 89' lang='lat' dir='ltr'><strong>retro</strong></span> <span class='ocrx_word' id='word_1_311' title='bbox 564 2530 676 2591; x_wconf 86' lang='lat' dir='ltr'><strong>post</strong></span> <span class='ocrx_word' id='word_1_312' title='bbox 699 2519 952 2575; x_wconf 80' lang='lat' dir='ltr'><strong>Satanam</strong></span> <span class='ocrx_word' id='word_1_313' title='bbox 979 2521 1032 2592; x_wconf 91' lang='grc'><strong>(1</strong></span> <span class='ocrx_word' id='word_1_314' title='bbox 1055 2521 1193 2574; x_wconf 85' lang='lat' dir='ltr'><strong>Tim.</strong></span> <span class='ocrx_word' id='word_1_315' title='bbox 1226 2535 1278 2585; x_wconf 89' lang='lat' dir='ltr'><strong>v,</strong></span> <span class='ocrx_word' id='word_1_316' title='bbox 1324 2520 1446 2590; x_wconf 79' lang='grc'><strong>14),</strong></span> <span class='ocrx_word' id='word_1_317' title='bbox 1472 2531 1526 2575; x_wconf 89' lang='lat' dir='ltr'><strong>et</strong></span> <span class='ocrx_word' id='word_1_318' title='bbox 1558 2520 1684 2575; x_wconf 72' lang='lat' dir='ltr'><strong>roli-</strong></span> 
     </span>
    </p>
   </div>
   <div class='ocr_carea' id='block_1_41' title="bbox 148 2612 1686 2684">
    <p class='ocr_par' dir='ltr' id='par_1_41' title="bbox 148 2612 1686 2684">
     <span class='ocr_line' id='line_1_41' title="bbox 148 2612 1686 2684; baseline -0.002 -15"><span class='ocrx_word' id='word_1_319' title='bbox 148 2631 205 2669; x_wconf 68' lang='lat' dir='ltr'><strong>ta</strong></span> <span class='ocrx_word' id='word_1_320' title='bbox 235 2614 316 2667; x_wconf 90' lang='lat' dir='ltr'><strong>his</strong></span> <span class='ocrx_word' id='word_1_321' title='bbox 341 2612 555 2668; x_wconf 86' lang='lat' dir='ltr'><strong>similia.</strong></span> <span class='ocrx_word' id='word_1_322' title='bbox 583 2612 867 2681; x_wconf 85' lang='lat' dir='ltr'><strong>Quomodo</strong></span> <span class='ocrx_word' id='word_1_323' title='bbox 910 2623 935 2650; x_wconf 72' lang='grc'><strong><em>⁸</em></strong></span> <span class='ocrx_word' id='word_1_324' title='bbox 963 2614 1111 2669; x_wconf 90' lang='lat' dir='ltr'><strong>enim</strong></span> <span class='ocrx_word' id='word_1_325' title='bbox 1143 2612 1443 2684; x_wconf 80' lang='lat' dir='ltr'><strong>virginibus</strong></span> <span class='ocrx_word' id='word_1_326' title='bbox 1473 2612 1543 2666; x_wconf 94' lang='lat' dir='ltr'><strong>ob</strong></span> <span class='ocrx_word' id='word_1_327' title='bbox 1573 2612 1686 2667; x_wconf 84' lang='lat' dir='ltr'><strong>for-</strong></span> 
     </span>
    </p>
   </div>
   <div class='ocr_carea' id='block_1_42' title="bbox 153 2704 1679 2777">
    <p class='ocr_par' dir='ltr' id='par_1_42' title="bbox 153 2704 1679 2777">
     <span class='ocr_line' id='line_1_42' title="bbox 153 2704 1679 2777; baseline -0.003 -14"><span class='ocrx_word' id='word_1_328' title='bbox 153 2708 373 2763; x_wconf 87' lang='lat' dir='ltr'><strong>cationis</strong></span> <span class='ocrx_word' id='word_1_329' title='bbox 402 2706 690 2777; x_wconf 88' lang='lat' dir='ltr'><strong>periculum</strong></span> <span class='ocrx_word' id='word_1_330' title='bbox 717 2707 969 2763; x_wconf 89' lang='lat' dir='ltr'><strong>concedit</strong></span> <span class='ocrx_word' id='word_1_331' title='bbox 1003 2706 1244 2776; x_wconf 87' lang='lat' dir='ltr'><strong>nuptias,</strong></span> <span class='ocrx_word' id='word_1_332' title='bbox 1275 2715 1330 2760; x_wconf 92' lang='lat' dir='ltr'><strong>et</strong></span> <span class='ocrx_word' id='word_1_333' title='bbox 1367 2704 1679 2760; x_wconf 78' lang='lat' dir='ltr'><strong>excusabile</strong></span> 
     </span>
    </p>
   </div>
   <div class='ocr_carea' id='block_1_43' title="bbox 147 2801 1677 2873">
    <p class='ocr_par' dir='ltr' id='par_1_43' title="bbox 147 2801 1677 2873">
     <span class='ocr_line' id='line_1_43' title="bbox 147 2801 1677 2873; baseline -0.002 -16"><span class='ocrx_word' id='word_1_334' title='bbox 147 2803 248 2868; x_wconf 78' lang='lat' dir='ltr'><strong>cit,</strong></span> <span class='ocrx_word' id='word_1_335' title='bbox 295 2802 435 2872; x_wconf 91' lang='lat' dir='ltr'><strong>quod</strong></span> <span class='ocrx_word' id='word_1_336' title='bbox 488 2817 582 2871; x_wconf 92' lang='lat' dir='ltr'><strong>per</strong></span> <span class='ocrx_word' id='word_1_337' title='bbox 632 2817 693 2857; x_wconf 88' lang='lat' dir='ltr'><strong>se</strong></span> <span class='ocrx_word' id='word_1_338' title='bbox 734 2817 844 2856; x_wconf 91' lang='lat' dir='ltr'><strong>non</strong></span> <span class='ocrx_word' id='word_1_339' title='bbox 902 2802 1179 2873; x_wconf 89' lang='lat' dir='ltr'><strong>appetitur</strong></span> <span class='ocrx_word' id='word_1_340' title='bbox 1212 2841 1226 2866; x_wconf 90' lang='lat'><strong>,</strong></span> <span class='ocrx_word' id='word_1_341' title='bbox 1278 2801 1350 2855; x_wconf 90' lang='lat' dir='ltr'><strong>ita</strong></span> <span class='ocrx_word' id='word_1_342' title='bbox 1400 2801 1471 2854; x_wconf 90' lang='lat' dir='ltr'><strong>oh</strong></span> <span class='ocrx_word' id='word_1_343' title='bbox 1523 2815 1677 2855; x_wconf 58' lang='lat' dir='ltr'><strong>eam-</strong></span> 
     </span>
    </p>
   </div>
   <div class='ocr_carea' id='block_1_44' title="bbox 152 2893 1676 2962">
    <p class='ocr_par' dir='ltr' id='par_1_44' title="bbox 152 2893 1676 2962">
     <span class='ocr_line' id='line_1_44' title="bbox 152 2893 1676 2962; baseline -0.001 -12"><span class='ocrx_word' id='word_1_344' title='bbox 152 2912 202 2950; x_wconf 93' lang='lat' dir='ltr'><strong>m</strong></span> <span class='ocrx_word' id='word_1_345' title='bbox 259 2895 673 2951; x_wconf 76' lang='lat' dir='ltr'><strong>fornicationem</strong></span> <span class='ocrx_word' id='word_1_346' title='bbox 733 2895 1032 2962; x_wconf 74' lang='lat' dir='ltr'><strong>vitandam,</strong></span> <span class='ocrx_word' id='word_1_347' title='bbox 1083 2894 1340 2951; x_wconf 88' lang='lat' dir='ltr'><strong>concedit</strong></span> <span class='ocrx_word' id='word_1_348' title='bbox 1391 2893 1567 2948; x_wconf 82' lang='lat' dir='ltr'><strong>viduis</strong></span> <span class='ocrx_word' id='word_1_349' title='bbox 1589 2908 1676 2948; x_wconf 86' lang='lat' dir='ltr'><strong>se-</strong></span> 
     </span>
    </p>
   </div>
   <div class='ocr_carea' id='block_1_45' title="bbox 147 2986 1674 3044">
    <p class='ocr_par' dir='ltr' id='par_1_45' title="bbox 147 2986 1674 3044">
     <span class='ocr_line' id='line_1_45' title="bbox 147 2986 1674 3044; baseline -0.001 -4"><span class='ocrx_word' id='word_1_350' title='bbox 147 2989 244 3042; x_wconf 82' lang='lat' dir='ltr'><strong>uda</strong></span> <span class='ocrx_word' id='word_1_351' title='bbox 309 2988 682 3044; x_wconf 88' lang='lat' dir='ltr'><strong>matrimonia.</strong></span> <span class='ocrx_word' id='word_1_352' title='bbox 728 2987 920 3043; x_wconf 82' lang='lat' dir='ltr'><strong>Melius</strong></span> <span class='ocrx_word' id='word_1_353' title='bbox 965 2997 1050 3044; x_wconf 91' lang='lat' dir='ltr'><strong>est</strong></span> <span class='ocrx_word' id='word_1_354' title='bbox 1089 2989 1237 3042; x_wconf 91' lang='lat' dir='ltr'><strong>enim</strong></span> <span class='ocrx_word' id='word_1_355' title='bbox 1281 2988 1406 3042; x_wconf 91' lang='lat' dir='ltr'><strong>licet</strong></span> <span class='ocrx_word' id='word_1_356' title='bbox 1437 2986 1674 3042; x_wconf 89' lang='lat' dir='ltr'><strong>alterum</strong></span> 
     </span>
    </p>
   </div>
   <div class='ocr_carea' id='block_1_46' title="bbox 154 3078 1673 3151">
    <p class='ocr_par' dir='ltr' id='par_1_46' title="bbox 154 3078 1673 3151">
     <span class='ocr_line' id='line_1_46' title="bbox 154 3078 1673 3151; baseline -0.002 -15"><span class='ocrx_word' id='word_1_357' title='bbox 154 3083 398 3147; x_wconf 88' lang='lat' dir='ltr'><strong>tertium,</strong></span> <span class='ocrx_word' id='word_1_358' title='bbox 442 3097 610 3136; x_wconf 90' lang='lat' dir='ltr'><strong>unum</strong></span> <span class='ocrx_word' id='word_1_359' title='bbox 641 3081 816 3136; x_wconf 88' lang='lat' dir='ltr'><strong>virum</strong></span> <span class='ocrx_word' id='word_1_360' title='bbox 848 3096 1034 3145; x_wconf 89' lang='lat' dir='ltr'><strong>nosse,</strong></span> <span class='ocrx_word' id='word_1_361' title='bbox 1080 3096 1241 3151; x_wconf 91' lang='lat' dir='ltr'><strong>quam</strong></span> <span class='ocrx_word' id='word_1_362' title='bbox 1285 3080 1583 3150; x_wconf 89' lang='lat' dir='ltr'><strong>plurimos:</strong></span> <span class='ocrx_word' id='word_1_363' title='bbox 1622 3078 1673 3133; x_wconf 89' lang='lat' dir='ltr'><strong>id</strong></span> 
     </span>
    </p>
   </div>
   <div class='ocr_carea' id='block_1_47' title="bbox 147 3174 1671 3245">
    <p class='ocr_par' dir='ltr' id='par_1_47' title="bbox 147 3174 1671 3245">
     <span class='ocr_line' id='line_1_47' title="bbox 147 3174 1671 3245; baseline 0 -17"><span class='ocrx_word' id='word_1_364' title='bbox 147 3218 156 3238; x_wconf 89' lang='lat'><strong>,</strong></span> <span class='ocrx_word' id='word_1_365' title='bbox 211 3175 557 3232; x_wconf 85' lang='lat' dir='ltr'><strong>tolerabilius</strong></span> <span class='ocrx_word' id='word_1_366' title='bbox 605 3184 693 3230; x_wconf 88' lang='lat' dir='ltr'><strong>est</strong></span> <span class='ocrx_word' id='word_1_367' title='bbox 738 3176 828 3230; x_wconf 92' lang='lat' dir='ltr'><strong>uni</strong></span> <span class='ocrx_word' id='word_1_368' title='bbox 876 3174 1084 3230; x_wconf 84' lang='lat' dir='ltr'><strong>homini</strong></span> <span class='ocrx_word' id='word_1_369' title='bbox 1129 3175 1476 3245; x_wconf 88' lang='lat' dir='ltr'><strong>prostitutam</strong></span> <span class='ocrx_word' id='word_1_370' title='bbox 1529 3188 1671 3239; x_wconf 89' lang='lat' dir='ltr'><strong>esse,</strong></span> 
     </span>
    </p>
   </div>
   <div class='ocr_carea' id='block_1_48' title="bbox 1785 1956 3388 2050">
    <p class='ocr_par' dir='ltr' id='par_1_48' title="bbox 1785 1956 3388 2050">
     <span class='ocr_line' id='line_1_48' title="bbox 1785 1956 3388 2050; baseline 0.019 -41"><span class='ocrx_word' id='word_1_371' title='bbox 1785 1956 1971 2025; x_wconf 78' lang='lat' dir='ltr'><strong>fuerit,</strong></span> <span class='ocrx_word' id='word_1_372' title='bbox 1997 1963 2148 2029; x_wconf 90' lang='lat' dir='ltr'><strong>quasi</strong></span> <span class='ocrx_word' id='word_1_373' title='bbox 2173 1965 2346 2033; x_wconf 88' lang='lat' dir='ltr'><strong>prima</strong></span> <span class='ocrx_word' id='word_1_374' title='bbox 2373 1980 2675 2037; x_wconf 66' lang='lat' dir='ltr'><strong>reputatur.</strong></span> <span class='ocrx_word' id='word_1_375' title='bbox 2706 1974 2917 2044; x_wconf 79' lang='lat' dir='ltr'><strong>Alioqui</strong></span> <span class='ocrx_word' id='word_1_376' title='bbox 2944 1977 2989 2031; x_wconf 89' lang='lat' dir='ltr'><strong>si</strong></span> <span class='ocrx_word' id='word_1_377' title='bbox 3016 1991 3137 2047; x_wconf 88' lang='lat' dir='ltr'><strong>post</strong></span> <span class='ocrx_word' id='word_1_378' title='bbox 3184 1981 3388 2050; x_wconf 87' lang='lat' dir='ltr'><strong>baptis-</strong></span> 
     </span>
    </p>
   </div>
   <div class='ocr_carea' id='block_1_49' title="bbox 1785 2061 3387 2140">
    <p class='ocr_par' dir='ltr' id='par_1_49' title="bbox 1785 2061 3387 2140">
     <span class='ocr_line' id='line_1_49' title="bbox 1785 2061 3387 2140; baseline 0.019 -40"><span class='ocrx_word' id='word_1_379' title='bbox 1785 2062 1893 2113; x_wconf 89' lang='lat' dir='ltr'><strong>ma,</strong></span> <span class='ocrx_word' id='word_1_380' title='bbox 1941 2067 2112 2118; x_wconf 81' lang='lat' dir='ltr'><strong>primo</strong></span> <span class='ocrx_word' id='word_1_381' title='bbox 2146 2067 2384 2124; x_wconf 89' lang='lat' dir='ltr'><strong>mortuo,</strong></span> <span class='ocrx_word' id='word_1_382' title='bbox 2418 2061 2682 2130; x_wconf 82' lang='lat' dir='ltr'><strong>accipitur</strong></span> <span class='ocrx_word' id='word_1_383' title='bbox 2729 2067 3031 2134; x_wconf 90' lang='lat' dir='ltr'><strong>secundus,</strong></span> <span class='ocrx_word' id='word_1_384' title='bbox 3077 2088 3249 2140; x_wconf 90' lang='lat' dir='ltr'><strong>quare</strong></span> <span class='ocrx_word' id='word_1_385' title='bbox 3282 2093 3387 2133; x_wconf 93' lang='lat' dir='ltr'><strong>non</strong></span> 
     </span>
    </p>
   </div>
   <div class='ocr_carea' id='block_1_50' title="bbox 1784 2143 3386 2231">
    <p class='ocr_par' dir='ltr' id='par_1_50' title="bbox 1784 2143 3386 2231">
     <span class='ocr_line' id='line_1_50' title="bbox 1784 2143 3386 2231; baseline 0.017 -37"><span class='ocrx_word' id='word_1_386' title='bbox 1784 2143 2051 2207; x_wconf 89' lang='lat' dir='ltr'><strong>secundo,</strong></span> <span class='ocrx_word' id='word_1_387' title='bbox 2082 2156 2135 2199; x_wconf 92' lang='lat' dir='ltr'><strong>et</strong></span> <span class='ocrx_word' id='word_1_388' title='bbox 2169 2150 2348 2214; x_wconf 90' lang='lat' dir='ltr'><strong>tertio,</strong></span> <span class='ocrx_word' id='word_1_389' title='bbox 2397 2166 2450 2205; x_wconf 88' lang='lat' dir='ltr'><strong>et</strong></span> <span class='ocrx_word' id='word_1_390' title='bbox 2483 2163 2698 2222; x_wconf 88' lang='lat' dir='ltr'><strong>quarto,</strong></span> <span class='ocrx_word' id='word_1_391' title='bbox 2742 2168 2795 2211; x_wconf 89' lang='lat' dir='ltr'><strong>et</strong></span> <span class='ocrx_word' id='word_1_392' title='bbox 2839 2161 3030 2228; x_wconf 89' lang='lat' dir='ltr'><strong>quinto</strong></span> <span class='ocrx_word' id='word_1_393' title='bbox 3082 2162 3099 2199; x_wconf 70' lang='grc' dir='ltr'>ί</span> <span class='ocrx_word' id='word_1_394' title='bbox 3148 2180 3386 2231; x_wconf 89' lang='lat' dir='ltr'><strong>mortuo,</strong></span> 
     </span>
    </p>
   </div>
   <div class='ocr_carea' id='block_1_51' title="bbox 1785 2235 3386 2328">
    <p class='ocr_par' dir='ltr' id='par_1_51' title="bbox 1785 2235 3386 2328">
     <span class='ocr_line' id='line_1_51' title="bbox 1785 2235 3386 2328; baseline 0.019 -42"><span class='ocrx_word' id='word_1_395' title='bbox 1785 2235 2082 2328; x_wconf 86' lang='lat' dir='ltr'><strong>accipiatur</strong></span> <span class='ocrx_word' id='word_1_396' title='bbox 2106 2251 2315 2308; x_wconf 77' lang='lat' dir='ltr'><strong>sextus,</strong></span> <span class='ocrx_word' id='word_1_397' title='bbox 2351 2254 2402 2298; x_wconf 92' lang='lat' dir='ltr'><strong>et</strong></span> <span class='ocrx_word' id='word_1_398' title='bbox 2447 2247 2639 2316; x_wconf 88' lang='lat' dir='ltr'><strong>reliqui</strong></span> <span class='ocrx_word' id='word_1_399' title='bbox 2667 2249 2688 2302; x_wconf 86' lang='lat'><strong>?</strong></span> <span class='ocrx_word' id='word_1_400' title='bbox 2725 2249 2914 2306; x_wconf 76' lang='lat' dir='ltr'><strong>Potest</strong></span> <span class='ocrx_word' id='word_1_401' title='bbox 2940 2255 3084 2310; x_wconf 89' lang='lat' dir='ltr'><strong>enim</strong></span> <span class='ocrx_word' id='word_1_402' title='bbox 3116 2259 3386 2328; x_wconf 87' lang='lat' dir='ltr'><strong>accidere,</strong></span> 
     </span>
    </p>
   </div>
   <div class='ocr_carea' id='block_1_52' title="bbox 1788 2327 3390 2411">
    <p class='ocr_par' dir='ltr' id='par_1_52' title="bbox 1788 2327 3390 2411">
     <span class='ocr_line' id='line_1_52' title="bbox 1788 2327 3390 2411; baseline 0.02 -32"><span class='ocrx_word' id='word_1_403' title='bbox 1788 2335 1846 2380; x_wconf 91' lang='lat' dir='ltr'><strong>ut</strong></span> <span class='ocrx_word' id='word_1_404' title='bbox 1892 2327 2208 2387; x_wconf 76' lang='lat' dir='ltr'><strong>infelicitate</strong></span> <span class='ocrx_word' id='word_1_405' title='bbox 2257 2335 2514 2404; x_wconf 89' lang='lat' dir='ltr'><strong>quadam,</strong></span> <span class='ocrx_word' id='word_1_406' title='bbox 2563 2341 2646 2393; x_wconf 90' lang='lat' dir='ltr'><strong>vcl</strong></span> <span class='ocrx_word' id='word_1_407' title='bbox 2686 2340 2899 2410; x_wconf 80' lang='lat' dir='ltr'><strong>judicio</strong></span> <span class='ocrx_word' id='word_1_408' title='bbox 2935 2346 3027 2400; x_wconf 86' lang='lat' dir='ltr'><strong>Dei</strong></span> <span class='ocrx_word' id='word_1_409' title='bbox 3060 2327 3390 2411; x_wconf 69' lang='lat' dir='ltr'><strong>succidentis</strong></span> 
     </span>
    </p>
   </div>
   <div class='ocr_carea' id='block_1_53' title="bbox 1787 2424 3386 2514">
    <p class='ocr_par' dir='ltr' id='par_1_53' title="bbox 1787 2424 3386 2514">
     <span class='ocr_line' id='line_1_53' title="bbox 1787 2424 3386 2514; baseline 0.018 -37"><span class='ocrx_word' id='word_1_410' title='bbox 1787 2424 2003 2493; x_wconf 89' lang='lat' dir='ltr'><strong>nuptias</strong></span> <span class='ocrx_word' id='word_1_411' title='bbox 2023 2428 2311 2496; x_wconf 88' lang='lat' dir='ltr'><strong>repetitas,</strong></span> <span class='ocrx_word' id='word_1_412' title='bbox 2336 2433 2745 2491; x_wconf 86' lang='lat' dir='ltr'><strong>adolescentnia</strong></span> <span class='ocrx_word' id='word_1_413' title='bbox 2765 2440 2946 2507; x_wconf 88' lang='lat' dir='ltr'><strong>plures</strong></span> <span class='ocrx_word' id='word_1_414' title='bbox 2961 2444 3196 2514; x_wconf 84' lang='lat' dir='ltr'><strong>accipiat</strong></span> <span class='ocrx_word' id='word_1_415' title='bbox 3221 2450 3386 2512; x_wconf 86' lang='lat' dir='ltr'><strong>viros.</strong></span> 
     </span>
    </p>
   </div>
   <div class='ocr_carea' id='block_1_54' title="bbox 1785 2521 3389 2597">
    <p class='ocr_par' dir='ltr' id='par_1_54' title="bbox 1785 2521 3389 2597">
     <span class='ocr_line' id='line_1_54' title="bbox 1785 2521 3389 2597; baseline 0.017 -29"><span class='ocrx_word' id='word_1_416' title='bbox 1785 2523 1842 2570; x_wconf 91' lang='lat' dir='ltr'><strong>et</strong></span> <span class='ocrx_word' id='word_1_417' title='bbox 1885 2532 2021 2572; x_wconf 84' lang='lat' dir='ltr'><strong>anus</strong></span> <span class='ocrx_word' id='word_1_418' title='bbox 2061 2521 2238 2588; x_wconf 90' lang='lat' dir='ltr'><strong>primo</strong></span> <span class='ocrx_word' id='word_1_419' title='bbox 2286 2526 2483 2578; x_wconf 90' lang='lat' dir='ltr'><strong>marito</strong></span> <span class='ocrx_word' id='word_1_420' title='bbox 2532 2527 2583 2579; x_wconf 91' lang='lat' dir='ltr'><strong>in</strong></span> <span class='ocrx_word' id='word_1_421' title='bbox 2617 2538 2867 2585; x_wconf 82' lang='lat' dir='ltr'><strong>extrema</strong></span> <span class='ocrx_word' id='word_1_422' title='bbox 2910 2545 3068 2589; x_wconf 62' lang='lat' dir='ltr'><strong>relate</strong></span> <span class='ocrx_word' id='word_1_423' title='bbox 3118 2536 3389 2597; x_wconf 85' lang='lat' dir='ltr'><strong>viduetur.</strong></span> 
     </span>
    </p>
   </div>
   <div class='ocr_carea' id='block_1_55' title="bbox 1783 2609 3391 2700">
    <p class='ocr_par' dir='ltr' id='par_1_55' title="bbox 1783 2609 3391 2700">
     <span class='ocr_line' id='line_1_55' title="bbox 1783 2609 3391 2700; baseline 0.016 -37"><span class='ocrx_word' id='word_1_424' title='bbox 1783 2609 2003 2666; x_wconf 88' lang='lat' dir='ltr'><strong>Primus</strong></span> <span class='ocrx_word' id='word_1_425' title='bbox 2033 2613 2205 2669; x_wconf 83' lang='lat' dir='ltr'><strong>Adam</strong></span> <span class='ocrx_word' id='word_1_426' title='bbox 2241 2631 2600 2690; x_wconf 88' lang='lat' dir='ltr'><strong>monogamus</strong></span> <span class='ocrx_word' id='word_1_427' title='bbox 2635 2639 2646 2676; x_wconf 91' lang='lat'><strong>:</strong></span> <span class='ocrx_word' id='word_1_428' title='bbox 2694 2625 2974 2680; x_wconf 87' lang='lat' dir='ltr'><strong>secundus</strong></span> <span class='ocrx_word' id='word_1_429' title='bbox 3017 2644 3261 2698; x_wconf 89' lang='lat' dir='ltr'><strong>agamus.</strong></span> <span class='ocrx_word' id='word_1_430' title='bbox 3291 2634 3391 2700; x_wconf 83' lang='lat' dir='ltr'><strong>Qui</strong></span> 
     </span>
    </p>
   </div>
   <div class='ocr_carea' id='block_1_56' title="bbox 1781 2703 3388 2798">
    <p class='ocr_par' dir='ltr' id='par_1_56' title="bbox 1781 2703 3388 2798">
     <span class='ocr_line' id='line_1_56' title="bbox 1781 2703 3388 2798; baseline 0.014 -38"><span class='ocrx_word' id='word_1_431' title='bbox 1781 2703 2074 2776; x_wconf 88' lang='lat' dir='ltr'><strong>digamiam</strong></span> <span class='ocrx_word' id='word_1_432' title='bbox 2105 2709 2356 2779; x_wconf 88' lang='lat' dir='ltr'><strong>probant,</strong></span> <span class='ocrx_word' id='word_1_433' title='bbox 2405 2715 2700 2770; x_wconf 75' lang='lat' dir='ltr'><strong>exhibeant</strong></span> <span class='ocrx_word' id='word_1_434' title='bbox 2749 2719 2968 2774; x_wconf 89' lang='lat' dir='ltr'><strong>tertium</strong></span> <span class='ocrx_word' id='word_1_435' title='bbox 3021 2723 3195 2778; x_wconf 88' lang='lat' dir='ltr'><strong>Adant</strong></span> <span class='ocrx_word' id='word_1_436' title='bbox 3241 2726 3388 2798; x_wconf 86' lang='lat' dir='ltr'><strong>diga—</strong></span> 
     </span>
    </p>
   </div>
   <div class='ocr_carea' id='block_1_57' title="bbox 1780 2808 3387 2876">
    <p class='ocr_par' dir='ltr' id='par_1_57' title="bbox 1780 2808 3387 2876">
     <span class='ocr_line' id='line_1_57' title="bbox 1780 2808 3387 2876; baseline 0.016 -25"><span class='ocrx_word' id='word_1_437' title='bbox 1780 2812 1955 2864; x_wconf 92' lang='lat' dir='ltr'><strong>mum,</strong></span> <span class='ocrx_word' id='word_1_438' title='bbox 2003 2816 2164 2869; x_wconf 88' lang='lat' dir='ltr'><strong>quem</strong></span> <span class='ocrx_word' id='word_1_439' title='bbox 2209 2816 2533 2872; x_wconf 85' lang='lat' dir='ltr'><strong>sequantur.</strong></span> <span class='ocrx_word' id='word_1_440' title='bbox 2592 2808 2790 2864; x_wconf 72' lang='lat' dir='ltr'><strong>Verum</strong></span> <span class='ocrx_word' id='word_1_441' title='bbox 2823 2811 2908 2866; x_wconf 80' lang='lat' dir='ltr'><strong>fac</strong></span> <span class='ocrx_word' id='word_1_442' title='bbox 2952 2821 3010 2866; x_wconf 93' lang='lat' dir='ltr'><strong>ut</strong></span> <span class='ocrx_word' id='word_1_443' title='bbox 3051 2822 3387 2876; x_wconf 72' lang='lat' dir='ltr'><strong>concesserit</strong></span> 
     </span>
    </p>
   </div>
   <div class='ocr_carea' id='block_1_58' title="bbox 1778 2890 3384 2975">
    <p class='ocr_par' dir='ltr' id='par_1_58' title="bbox 1778 2890 3384 2975">
     <span class='ocr_line' id='line_1_58' title="bbox 1778 2890 3384 2975; baseline 0.014 -30"><span class='ocrx_word' id='word_1_444' title='bbox 1778 2890 1980 2948; x_wconf 87' lang='lat' dir='ltr'><strong>Paulus</strong></span> <span class='ocrx_word' id='word_1_445' title='bbox 1994 2895 2231 2949; x_wconf 90' lang='lat' dir='ltr'><strong>secunda</strong></span> <span class='ocrx_word' id='word_1_446' title='bbox 2248 2901 2617 2964; x_wconf 87' lang='lat' dir='ltr'><strong>matrimonia;</strong></span> <span class='ocrx_word' id='word_1_447' title='bbox 2643 2902 2832 2957; x_wconf 87' lang='lat' dir='ltr'><strong>eadem</strong></span> <span class='ocrx_word' id='word_1_448' title='bbox 2859 2904 2976 2975; x_wconf 85' lang='lat' dir='ltr'><strong>lege</strong></span> <span class='ocrx_word' id='word_1_449' title='bbox 2999 2915 3054 2961; x_wconf 90' lang='lat' dir='ltr'><strong>et</strong></span> <span class='ocrx_word' id='word_1_450' title='bbox 3075 2910 3232 2964; x_wconf 91' lang='lat' dir='ltr'><strong>tertia</strong></span> <span class='ocrx_word' id='word_1_451' title='bbox 3257 2927 3384 2967; x_wconf 88' lang='lat' dir='ltr'><strong>con-</strong></span> 
     </span>
    </p>
   </div>
   <div class='ocr_carea' id='block_1_59' title="bbox 1777 2983 3381 3064">
    <p class='ocr_par' dir='ltr' id='par_1_59' title="bbox 1777 2983 3381 3064">
     <span class='ocr_line' id='line_1_59' title="bbox 1777 2983 3381 3064; baseline 0.014 -26"><span class='ocrx_word' id='word_1_452' title='bbox 1777 2983 1945 3049; x_wconf 84' lang='lat' dir='ltr'><strong>cedit,</strong></span> <span class='ocrx_word' id='word_1_453' title='bbox 1993 2995 2046 3039; x_wconf 91' lang='lat' dir='ltr'><strong>et</strong></span> <span class='ocrx_word' id='word_1_454' title='bbox 2114 2995 2331 3056; x_wconf 85' lang='lat' dir='ltr'><strong>quarta,</strong></span> <span class='ocrx_word' id='word_1_455' title='bbox 2380 2999 2434 3044; x_wconf 90' lang='lat' dir='ltr'><strong>et</strong></span> <span class='ocrx_word' id='word_1_456' title='bbox 2481 2992 2934 3064; x_wconf 85' lang='lat' dir='ltr'><strong>quotiescumque</strong></span> <span class='ocrx_word' id='word_1_457' title='bbox 2990 2999 3073 3052; x_wconf 84' lang='lat' dir='ltr'><strong>vir</strong></span> <span class='ocrx_word' id='word_1_458' title='bbox 3129 3005 3381 3060; x_wconf 86' lang='lat' dir='ltr'><strong>moritur.</strong></span> 
     </span>
    </p>
   </div>
   <div class='ocr_carea' id='block_1_60' title="bbox 1777 3075 3379 3162">
    <p class='ocr_par' dir='ltr' id='par_1_60' title="bbox 1777 3075 3379 3162">
     <span class='ocr_line' id='line_1_60' title="bbox 1777 3075 3379 3162; baseline 0.014 -31"><span class='ocrx_word' id='word_1_459' title='bbox 1777 3075 1942 3131; x_wconf 77' lang='lat' dir='ltr'><strong>Multa</strong></span> <span class='ocrx_word' id='word_1_460' title='bbox 1993 3081 2346 3150; x_wconf 90' lang='lat' dir='ltr'><strong>compellitur</strong></span> <span class='ocrx_word' id='word_1_461' title='bbox 2395 3085 2690 3155; x_wconf 82' lang='lat' dir='ltr'><strong>Apostolus</strong></span> <span class='ocrx_word' id='word_1_462' title='bbox 2724 3089 2889 3154; x_wconf 81' lang='lat' dir='ltr'><strong>velle,</strong></span> <span class='ocrx_word' id='word_1_463' title='bbox 2932 3108 3053 3162; x_wconf 75' lang='lat' dir='ltr'><strong>qum</strong></span> <span class='ocrx_word' id='word_1_464' title='bbox 3087 3111 3193 3150; x_wconf 92' lang='lat' dir='ltr'><strong>non</strong></span> <span class='ocrx_word' id='word_1_465' title='bbox 3249 3099 3379 3153; x_wconf 87' lang='lat' dir='ltr'><strong>vult.</strong></span> 
     </span>
    </p>
   </div>
   <div class='ocr_carea' id='block_1_61' title="bbox 1777 3169 3380 3254">
    <p class='ocr_par' dir='ltr' id='par_1_61' title="bbox 1777 3169 3380 3254">
     <span class='ocr_line' id='line_1_61' title="bbox 1777 3169 3380 3254; baseline 0.012 -29"><span class='ocrx_word' id='word_1_466' title='bbox 1777 3169 2126 3229; x_wconf 90' lang='lat' dir='ltr'><strong>Circumcidit</strong></span> <span class='ocrx_word' id='word_1_467' title='bbox 2171 3174 2542 3244; x_wconf 82' lang='lat' dir='ltr'><strong>TitnOtheum,</strong></span> <span class='ocrx_word' id='word_1_468' title='bbox 2578 3180 2712 3235; x_wconf 83' lang='lat' dir='ltr'><strong>rasit</strong></span> <span class='ocrx_word' id='word_1_469' title='bbox 2744 3184 2859 3252; x_wconf 87' lang='lat' dir='ltr'><strong>ipse</strong></span> <span class='ocrx_word' id='word_1_470' title='bbox 2891 3187 3190 3254; x_wconf 86' lang='lat' dir='ltr'><strong>calvitium,</strong></span> <span class='ocrx_word' id='word_1_471' title='bbox 3224 3192 3380 3246; x_wconf 85' lang='lat' dir='ltr'><strong>nudi-</strong></span> 
     </span>
    </p>
   </div>
   <div class='ocr_carea' id='block_1_62' title="bbox 146 3262 3380 3343">
    <p class='ocr_par' dir='ltr' id='par_1_62' title="bbox 146 3262 3380 3343">
     <span class='ocr_line' id='line_1_62' title="bbox 146 3262 3380 3343; baseline 0.004 -20"><span class='ocrx_word' id='word_1_472' title='bbox 146 3287 212 3323; x_wconf 87' lang='lat' dir='ltr'><strong>m</strong></span> <span class='ocrx_word' id='word_1_473' title='bbox 242 3270 456 3323; x_wconf 90' lang='lat' dir='ltr'><strong>multis.</strong></span> <span class='ocrx_word' id='word_1_474' title='bbox 484 3267 770 3340; x_wconf 89' lang='lat' dir='ltr'><strong>Siquidem</strong></span> <span class='ocrx_word' id='word_1_475' title='bbox 800 3277 857 3324; x_wconf 89' lang='lat' dir='ltr'><strong>et</strong></span> <span class='ocrx_word' id='word_1_476' title='bbox 885 3269 977 3322; x_wconf 92' lang='lat' dir='ltr'><strong>illa</strong></span> <span class='ocrx_word' id='word_1_477' title='bbox 1007 3268 1060 3322; x_wconf 91' lang='lat' dir='ltr'><strong>in</strong></span> <span class='ocrx_word' id='word_1_478' title='bbox 1086 3269 1380 3337; x_wconf 81' lang='lat' dir='ltr'><strong>Evangelia</strong></span> <span class='ocrx_word' id='word_1_479' title='bbox 1400 3265 1427 3304; x_wconf 72' lang='grc' dir='ltr'>ι)</span> <span class='ocrx_word' id='word_1_480' title='bbox 1448 3266 1672 3322; x_wconf 78' lang='lat' dir='ltr'><strong>Joannis</strong></span> <span class='ocrx_word' id='word_1_481' title='bbox 1698 3276 1744 3341; x_wconf 73' lang='grc' dir='ltr'>ο</span> <span class='ocrx_word' id='word_1_482' title='bbox 1779 3262 1988 3331; x_wconf 85' lang='lat' dir='ltr'><strong>pedalia</strong></span> <span class='ocrx_word' id='word_1_483' title='bbox 2040 3270 2308 3333; x_wconf 73' lang='lat' dir='ltr'><strong>exercuit,</strong></span> <span class='ocrx_word' id='word_1_484' title='bbox 2354 3285 2566 3327; x_wconf 89' lang='lat' dir='ltr'><strong>comam</strong></span> <span class='ocrx_word' id='word_1_485' title='bbox 2620 3275 2871 3343; x_wconf 84' lang='lat' dir='ltr'><strong>nutrivit,</strong></span> <span class='ocrx_word' id='word_1_486' title='bbox 2928 3288 2980 3332; x_wconf 86' lang='lat' dir='ltr'><strong>et</strong></span> <span class='ocrx_word' id='word_1_487' title='bbox 3037 3281 3272 3335; x_wconf 87' lang='lat' dir='ltr'><strong>totondit</strong></span> <span class='ocrx_word' id='word_1_488' title='bbox 3329 3285 3380 3336; x_wconf 92' lang='lat' dir='ltr'><strong>in</strong></span> 
     </span>
    </p>
   </div>
   <div class='ocr_carea' id='block_1_63' title="bbox 145 3359 1671 3425">
    <p class='ocr_par' dir='ltr' id='par_1_63' title="bbox 145 3359 1671 3425">
     <span class='ocr_line' id='line_1_63' title="bbox 145 3359 1671 3425; baseline -0.001 -11"><span class='ocrx_word' id='word_1_489' title='bbox 145 3364 417 3423; x_wconf 83' lang='lat' dir='ltr'><strong>naritaua,</strong></span> <span class='ocrx_word' id='word_1_490' title='bbox 452 3371 677 3416; x_wconf 68' lang='lat' dir='ltr'><strong>sextum</strong></span> <span class='ocrx_word' id='word_1_491' title='bbox 709 3376 767 3415; x_wconf 89' lang='lat' dir='ltr'><strong>se</strong></span> <span class='ocrx_word' id='word_1_492' title='bbox 809 3361 1064 3416; x_wconf 89' lang='lat' dir='ltr'><strong>maritum</strong></span> <span class='ocrx_word' id='word_1_493' title='bbox 1100 3359 1302 3416; x_wconf 90' lang='lat' dir='ltr'><strong>habere</strong></span> <span class='ocrx_word' id='word_1_494' title='bbox 1333 3359 1546 3425; x_wconf 88' lang='lat' dir='ltr'><strong>dicens,</strong></span> <span class='ocrx_word' id='word_1_495' title='bbox 1579 3374 1671 3413; x_wconf 89' lang='lat' dir='ltr'><strong>ar-</strong></span> 
     </span>
    </p>
   </div>
   <div class='ocr_carea' id='block_1_64' title="bbox 144 3451 1669 3525">
    <p class='ocr_par' dir='ltr' id='par_1_64' title="bbox 144 3451 1669 3525">
     <span class='ocr_line' id='line_1_64' title="bbox 144 3451 1669 3525; baseline 0 -20"><span class='ocrx_word' id='word_1_496' title='bbox 144 3470 223 3507; x_wconf 92' lang='lat' dir='ltr'><strong>.nr</strong></span> <span class='ocrx_word' id='word_1_497' title='bbox 268 3471 297 3506; x_wconf 89' lang='lat' dir='ltr'><strong>a</strong></span> <span class='ocrx_word' id='word_1_498' title='bbox 335 3452 608 3520; x_wconf 86' lang='lat' dir='ltr'><strong>Domino,</strong></span> <span class='ocrx_word' id='word_1_499' title='bbox 651 3453 800 3525; x_wconf 91' lang='lat' dir='ltr'><strong>quod</strong></span> <span class='ocrx_word' id='word_1_500' title='bbox 845 3470 952 3508; x_wconf 92' lang='lat' dir='ltr'><strong>non</strong></span> <span class='ocrx_word' id='word_1_501' title='bbox 998 3454 1066 3509; x_wconf 90' lang='lat' dir='ltr'><strong>sit</strong></span> <span class='ocrx_word' id='word_1_502' title='bbox 1109 3453 1190 3508; x_wconf 91' lang='lat' dir='ltr'><strong>vir</strong></span> <span class='ocrx_word' id='word_1_503' title='bbox 1222 3455 1339 3523; x_wconf 88' lang='lat' dir='ltr'><strong>ejus</strong></span> <span class='ocrx_word' id='word_1_504' title='bbox 1373 3451 1562 3525; x_wconf 82' lang='lat' dir='ltr'><strong>(Joan.</strong></span> <span class='ocrx_word' id='word_1_505' title='bbox 1593 3467 1669 3516; x_wconf 88' lang='lat' dir='ltr'><strong>tv,</strong></span> 
     </span>
    </p>
   </div>
   <div class='ocr_carea' id='block_1_65' title="bbox 149 3545 1668 3616">
    <p class='ocr_par' dir='ltr' id='par_1_65' title="bbox 149 3545 1668 3616">
     <span class='ocr_line' id='line_1_65' title="bbox 149 3545 1668 3616; baseline 0.002 -20"><span class='ocrx_word' id='word_1_506' title='bbox 149 3585 160 3596; x_wconf 95' lang='lat'><strong>.</strong></span> <span class='ocrx_word' id='word_1_507' title='bbox 199 3545 302 3600; x_wconf 85' lang='lat' dir='ltr'><strong>Ubi</strong></span> <span class='ocrx_word' id='word_1_508' title='bbox 333 3545 490 3600; x_wconf 91' lang='lat' dir='ltr'><strong>enim</strong></span> <span class='ocrx_word' id='word_1_509' title='bbox 527 3561 800 3602; x_wconf 87' lang='lat' dir='ltr'><strong>numerus</strong></span> <span class='ocrx_word' id='word_1_510' title='bbox 832 3547 1148 3601; x_wconf 86' lang='lat' dir='ltr'><strong>maritorum</strong></span> <span class='ocrx_word' id='word_1_511' title='bbox 1194 3559 1298 3613; x_wconf 89' lang='lat' dir='ltr'><strong>est,</strong></span> <span class='ocrx_word' id='word_1_512' title='bbox 1337 3547 1411 3601; x_wconf 90' lang='lat' dir='ltr'><strong>ibi</strong></span> <span class='ocrx_word' id='word_1_513' title='bbox 1449 3550 1549 3611; x_wconf 87' lang='lat' dir='ltr'><strong>vir,</strong></span> <span class='ocrx_word' id='word_1_514' title='bbox 1581 3546 1668 3616; x_wconf 92' lang='lat' dir='ltr'><strong>qui</strong></span> 
     </span>
    </p>
   </div>
   <div class='ocr_carea' id='block_1_66' title="bbox 144 3638 1669 3706">
    <p class='ocr_par' dir='ltr' id='par_1_66' title="bbox 144 3638 1669 3706">
     <span class='ocr_line' id='line_1_66' title="bbox 144 3638 1669 3706; baseline 0.001 -15"><span class='ocrx_word' id='word_1_515' title='bbox 144 3638 257 3692; x_wconf 78' lang='lat' dir='ltr'><strong>Jrie</strong></span> <span class='ocrx_word' id='word_1_516' title='bbox 289 3652 446 3692; x_wconf 87' lang='lat' dir='ltr'><strong>unus</strong></span> <span class='ocrx_word' id='word_1_517' title='bbox 474 3646 592 3704; x_wconf 90' lang='lat' dir='ltr'><strong>est,</strong></span> <span class='ocrx_word' id='word_1_518' title='bbox 633 3653 757 3693; x_wconf 91' lang='lat' dir='ltr'><strong>esse</strong></span> <span class='ocrx_word' id='word_1_519' title='bbox 784 3638 962 3693; x_wconf 88' lang='lat' dir='ltr'><strong>desiit.</strong></span> <span class='ocrx_word' id='word_1_520' title='bbox 995 3638 1111 3694; x_wconf 87' lang='lat' dir='ltr'><strong>Una</strong></span> <span class='ocrx_word' id='word_1_521' title='bbox 1149 3648 1298 3693; x_wconf 90' lang='lat' dir='ltr'><strong>costa</strong></span> <span class='ocrx_word' id='word_1_522' title='bbox 1340 3654 1369 3692; x_wconf 89' lang='lat' dir='ltr'><strong>a</strong></span> <span class='ocrx_word' id='word_1_523' title='bbox 1404 3638 1669 3706; x_wconf 87' lang='lat' dir='ltr'><strong>principio</strong></span> 
     </span>
    </p>
   </div>
   <div class='ocr_carea' id='block_1_67' title="bbox 145 3727 1667 3801">
    <p class='ocr_par' dir='ltr' id='par_1_67' title="bbox 145 3727 1667 3801">
     <span class='ocr_line' id='line_1_67' title="bbox 145 3727 1667 3801; baseline 0.001 -19"><span class='ocrx_word' id='word_1_524' title='bbox 145 3746 273 3784; x_wconf 88' lang='lat' dir='ltr'><strong>nam</strong></span> <span class='ocrx_word' id='word_1_525' title='bbox 311 3745 561 3784; x_wconf 77' lang='lat' dir='ltr'><strong>uxorem</strong></span> <span class='ocrx_word' id='word_1_526' title='bbox 600 3744 762 3784; x_wconf 86' lang='lat' dir='ltr'><strong>versa</strong></span> <span class='ocrx_word' id='word_1_527' title='bbox 800 3739 902 3786; x_wconf 89' lang='lat' dir='ltr'><strong>est.</strong></span> <span class='ocrx_word' id='word_1_528' title='bbox 935 3727 1002 3783; x_wconf 88' lang='lat' dir='ltr'><strong>Et</strong></span> <span class='ocrx_word' id='word_1_529' title='bbox 1039 3741 1213 3795; x_wconf 85' lang='lat' dir='ltr'><strong>erunt,</strong></span> <span class='ocrx_word' id='word_1_530' title='bbox 1258 3729 1456 3801; x_wconf 88' lang='lat' dir='ltr'><strong>inquit,</strong></span> <span class='ocrx_word' id='word_1_531' title='bbox 1486 3730 1589 3784; x_wconf 81' lang='lat' dir='ltr'><strong>duo</strong></span> <span class='ocrx_word' id='word_1_532' title='bbox 1615 3731 1667 3783; x_wconf 90' lang='lat' dir='ltr'><strong>in</strong></span> 
     </span>
    </p>
   </div>
   <div class='ocr_carea' id='block_1_68' title="bbox 149 3821 1666 3896">
    <p class='ocr_par' dir='ltr' id='par_1_68' title="bbox 149 3821 1666 3896">
     <span class='ocr_line' id='line_1_68' title="bbox 149 3821 1666 3896; baseline 0.003 -21"><span class='ocrx_word' id='word_1_533' title='bbox 149 3842 162 3874; x_wconf 69' lang='grc' dir='ltr'><em>τ</em></span> <span class='ocrx_word' id='word_1_534' title='bbox 199 3841 316 3877; x_wconf 84' lang='lat' dir='ltr'><strong>una</strong></span> <span class='ocrx_word' id='word_1_535' title='bbox 351 3821 602 3895; x_wconf 85' lang='lat' dir='ltr'><strong>(Genes.</strong></span> <span class='ocrx_word' id='word_1_536' title='bbox 632 3839 692 3889; x_wconf 85' lang='lat' dir='ltr'><strong>tt,</strong></span> <span class='ocrx_word' id='word_1_537' title='bbox 723 3821 872 3894; x_wconf 64' lang='lat'>‘24):</span> <span class='ocrx_word' id='word_1_538' title='bbox 907 3840 1011 3878; x_wconf 91' lang='lat' dir='ltr'><strong>non</strong></span> <span class='ocrx_word' id='word_1_539' title='bbox 1042 3833 1171 3890; x_wconf 87' lang='lat' dir='ltr'><strong>tres,</strong></span> <span class='ocrx_word' id='word_1_540' title='bbox 1199 3841 1372 3896; x_wconf 89' lang='lat' dir='ltr'><strong>neque</strong></span> <span class='ocrx_word' id='word_1_541' title='bbox 1413 3836 1666 3896; x_wconf 91' lang='lat' dir='ltr'><strong>quatuor,</strong></span> 
     </span>
    </p>
   </div>
   <div class='ocr_carea' id='block_1_69' title="bbox 152 3915 1666 3986">
    <p class='ocr_par' dir='ltr' id='par_1_69' title="bbox 152 3915 1666 3986">
     <span class='ocr_line' id='line_1_69' title="bbox 152 3915 1666 3986; baseline 0.003 -17"><span class='ocrx_word' id='word_1_542' title='bbox 152 3917 254 3970; x_wconf 91' lang='lat' dir='ltr'><strong>uin</strong></span> <span class='ocrx_word' id='word_1_543' title='bbox 283 3917 412 3985; x_wconf 87' lang='lat' dir='ltr'><strong>jam</strong></span> <span class='ocrx_word' id='word_1_544' title='bbox 453 3930 577 3971; x_wconf 90' lang='lat' dir='ltr'><strong>non</strong></span> <span class='ocrx_word' id='word_1_545' title='bbox 626 3915 758 3984; x_wconf 87' lang='lat' dir='ltr'><strong>duo,</strong></span> <span class='ocrx_word' id='word_1_546' title='bbox 801 3928 822 3955; x_wconf 77' lang='grc' dir='ltr'><strong>ο</strong></span> <span class='ocrx_word' id='word_1_547' title='bbox 853 3917 897 3971; x_wconf 90' lang='lat' dir='ltr'><strong>si</strong></span> <span class='ocrx_word' id='word_1_548' title='bbox 945 3918 1146 3986; x_wconf 87' lang='lat' dir='ltr'><strong>plures.</strong></span> <span class='ocrx_word' id='word_1_549' title='bbox 1183 3918 1394 3974; x_wconf 89' lang='lat' dir='ltr'><strong>Primus</strong></span> <span class='ocrx_word' id='word_1_550' title='bbox 1425 3918 1666 3974; x_wconf 85' lang='lat' dir='ltr'><strong>Lamech</strong></span> 
     </span>
    </p>
   </div>
   <div class='ocr_carea' id='block_1_70' title="bbox 143 4008 1668 4074">
    <p class='ocr_par' dir='ltr' id='par_1_70' title="bbox 143 4008 1668 4074">
     <span class='ocr_line' id='line_1_70' title="bbox 143 4008 1668 4074; baseline 0.005 -14"><span class='ocrx_word' id='word_1_551' title='bbox 143 4008 422 4063; x_wconf 68' lang='lat' dir='ltr'><strong>uiuas-ius</strong></span> <span class='ocrx_word' id='word_1_552' title='bbox 457 4018 523 4064; x_wconf 89' lang='lat' dir='ltr'><strong>et</strong></span> <span class='ocrx_word' id='word_1_553' title='bbox 555 4008 862 4074; x_wconf 79' lang='lat' dir='ltr'><strong>homicida,</strong></span> <span class='ocrx_word' id='word_1_554' title='bbox 893 4025 1052 4066; x_wconf 90' lang='lat' dir='ltr'><strong>unam</strong></span> <span class='ocrx_word' id='word_1_555' title='bbox 1079 4025 1297 4066; x_wconf 89' lang='lat' dir='ltr'><strong>carnem</strong></span> <span class='ocrx_word' id='word_1_556' title='bbox 1327 4012 1379 4066; x_wconf 91' lang='lat' dir='ltr'><strong>in</strong></span> <span class='ocrx_word' id='word_1_557' title='bbox 1420 4011 1555 4067; x_wconf 89' lang='lat' dir='ltr'><strong>duas</strong></span> <span class='ocrx_word' id='word_1_558' title='bbox 1584 4011 1668 4067; x_wconf 91' lang='lat' dir='ltr'><strong>di-</strong></span> 
     </span>
    </p>
   </div>
   <div class='ocr_carea' id='block_1_71' title="bbox 147 4101 1667 4176">
    <p class='ocr_par' dir='ltr' id='par_1_71' title="bbox 147 4101 1667 4176">
     <span class='ocr_line' id='line_1_71' title="bbox 147 4101 1667 4176; baseline 0.004 -21"><span class='ocrx_word' id='word_1_559' title='bbox 147 4118 378 4158; x_wconf 81' lang='lat' dir='ltr'><strong>uxores</strong></span> <span class='ocrx_word' id='word_1_560' title='bbox 407 4119 424 4157; x_wconf 87' lang='lat'><em>:</em></span> <span class='ocrx_word' id='word_1_561' title='bbox 461 4101 848 4157; x_wconf 82' lang='lat' dir='ltr'><strong>fratricidiutu</strong></span> <span class='ocrx_word' id='word_1_562' title='bbox 882 4103 1264 4176; x_wconf 79' lang='lat' dir='ltr'><strong>etdigamiam,</strong></span> <span class='ocrx_word' id='word_1_563' title='bbox 1297 4105 1488 4161; x_wconf 89' lang='lat' dir='ltr'><strong>eadem</strong></span> <span class='ocrx_word' id='word_1_564' title='bbox 1520 4117 1667 4162; x_wconf 88' lang='lat' dir='ltr'><strong>cata-</strong></span> 
     </span>
    </p>
   </div>
   <div class='ocr_carea' id='block_1_72' title="bbox 145 4193 1667 4266">
    <p class='ocr_par' dir='ltr' id='par_1_72' title="bbox 145 4193 1667 4266">
     <span class='ocr_line' id='line_1_72' title="bbox 145 4193 1667 4266; baseline 0.006 -21"><span class='ocrx_word' id='word_1_565' title='bbox 145 4195 186 4249; x_wconf 80' lang='lat' dir='ltr'><strong>ii</strong></span> <span class='ocrx_word' id='word_1_566' title='bbox 220 4210 408 4265; x_wconf 63' lang='lat' dir='ltr'><strong>paena</strong></span> <span class='ocrx_word' id='word_1_567' title='bbox 437 4193 692 4250; x_wconf 88' lang='lat' dir='ltr'><strong>delevit.</strong></span> <span class='ocrx_word' id='word_1_568' title='bbox 725 4196 800 4250; x_wconf 86' lang='lat' dir='ltr'><strong>De</strong></span> <span class='ocrx_word' id='word_1_569' title='bbox 825 4197 1005 4251; x_wconf 87' lang='lat' dir='ltr'><strong>altero</strong></span> <span class='ocrx_word' id='word_1_570' title='bbox 1033 4199 1258 4266; x_wconf 86' lang='lat' dir='ltr'><strong>septies,</strong></span> <span class='ocrx_word' id='word_1_571' title='bbox 1282 4197 1352 4253; x_wconf 92' lang='lat' dir='ltr'><strong>de</strong></span> <span class='ocrx_word' id='word_1_572' title='bbox 1383 4198 1557 4254; x_wconf 90' lang='lat' dir='ltr'><strong>altero</strong></span> <span class='ocrx_word' id='word_1_573' title='bbox 1581 4213 1667 4254; x_wconf 91' lang='lat' dir='ltr'><strong>se-</strong></span> 
     </span>
    </p>
   </div>
   <div class='ocr_carea' id='block_1_73' title="bbox 156 4287 1662 4357">
    <p class='ocr_par' dir='ltr' id='par_1_73' title="bbox 156 4287 1662 4357">
     <span class='ocr_line' id='line_1_73' title="bbox 156 4287 1662 4357; baseline 0.004 -16"><span class='ocrx_word' id='word_1_574' title='bbox 156 4290 250 4343; x_wconf 89' lang='lat' dir='ltr'><strong>ies</strong></span> <span class='ocrx_word' id='word_1_575' title='bbox 286 4287 538 4357; x_wconf 86' lang='lat' dir='ltr'><strong>septies</strong></span> <span class='ocrx_word' id='word_1_576' title='bbox 577 4287 918 4343; x_wconf 87' lang='lat' dir='ltr'><strong>vindicatum</strong></span> <span class='ocrx_word' id='word_1_577' title='bbox 949 4299 1054 4344; x_wconf 88' lang='lat' dir='ltr'><strong>est.</strong></span> <span class='ocrx_word' id='word_1_578' title='bbox 1082 4289 1354 4357; x_wconf 86' lang='lat' dir='ltr'><strong>Quantum</strong></span> <span class='ocrx_word' id='word_1_579' title='bbox 1383 4291 1586 4347; x_wconf 69' lang='lat' dir='ltr'><strong>distant</strong></span> <span class='ocrx_word' id='word_1_580' title='bbox 1611 4292 1662 4347; x_wconf 92' lang='lat' dir='ltr'><strong>in</strong></span> 
     </span>
    </p>
   </div>
   <div class='ocr_carea' id='block_1_74' title="bbox 145 4381 1636 4451">
    <p class='ocr_par' dir='ltr' id='par_1_74' title="bbox 145 4381 1636 4451">
     <span class='ocr_line' id='line_1_74' title="bbox 145 4381 1636 4451; baseline 0.003 -16"><span class='ocrx_word' id='word_1_581' title='bbox 145 4398 245 4448; x_wconf 90' lang='lat' dir='ltr'><strong>ro,</strong></span> <span class='ocrx_word' id='word_1_582' title='bbox 283 4393 542 4435; x_wconf 84' lang='lat' dir='ltr'><strong>tantum</strong></span> <span class='ocrx_word' id='word_1_583' title='bbox 576 4381 714 4436; x_wconf 83' lang='lat' dir='ltr'><strong>etin</strong></span> <span class='ocrx_word' id='word_1_584' title='bbox 738 4382 986 4438; x_wconf 89' lang='lat' dir='ltr'><strong>crimine.</strong></span> <span class='ocrx_word' id='word_1_585' title='bbox 1015 4383 1188 4451; x_wconf 85' lang='lat' dir='ltr'><strong>Quam</strong></span> <span class='ocrx_word' id='word_1_586' title='bbox 1217 4395 1405 4438; x_wconf 89' lang='lat' dir='ltr'><strong>sancta</strong></span> <span class='ocrx_word' id='word_1_587' title='bbox 1438 4385 1509 4438; x_wconf 89' lang='lat' dir='ltr'><strong>sit</strong></span> <span class='ocrx_word' id='word_1_588' title='bbox 1529 4381 1555 4420; x_wconf 72' lang='grc' dir='ltr'><em>δ</em></span> <span class='ocrx_word' id='word_1_589' title='bbox 1583 4384 1636 4439; x_wconf 92' lang='lat' dir='ltr'><strong>di</strong></span> 
     </span>
    </p>
   </div>
   <div class='ocr_carea' id='block_1_75' title="bbox 156 4475 1664 4548">
    <p class='ocr_par' dir='ltr' id='par_1_75' title="bbox 156 4475 1664 4548">
     <span class='ocr_line' id='line_1_75' title="bbox 156 4475 1664 4548; baseline 0.004 -20"><span class='ocrx_word' id='word_1_590' title='bbox 156 4519 171 4539; x_wconf 89' lang='lat'><strong>,</strong></span> <span class='ocrx_word' id='word_1_591' title='bbox 205 4476 364 4530; x_wconf 84' lang='lat' dir='ltr'><strong>hinc</strong></span> <span class='ocrx_word' id='word_1_592' title='bbox 385 4475 760 4540; x_wconf 85' lang='lat' dir='ltr'><strong>ostenditur,</strong></span> <span class='ocrx_word' id='word_1_593' title='bbox 782 4476 927 4547; x_wconf 87' lang='lat' dir='ltr'><strong>quod</strong></span> <span class='ocrx_word' id='word_1_594' title='bbox 950 4477 1205 4547; x_wconf 82' lang='lat' dir='ltr'><strong>digamns</strong></span> <span class='ocrx_word' id='word_1_595' title='bbox 1231 4479 1280 4531; x_wconf 93' lang='lat' dir='ltr'><strong>in</strong></span> <span class='ocrx_word' id='word_1_596' title='bbox 1310 4479 1516 4534; x_wconf 89' lang='lat' dir='ltr'><strong>clerum</strong></span> <span class='ocrx_word' id='word_1_597' title='bbox 1539 4479 1664 4548; x_wconf 83' lang='lat' dir='ltr'><strong>eligi</strong></span> 
     </span>
    </p>
   </div>
   <div class='ocr_carea' id='block_1_76' title="bbox 148 4565 1662 4635">
    <p class='ocr_par' dir='ltr' id='par_1_76' title="bbox 148 4565 1662 4635">
     <span class='ocr_line' id='line_1_76' title="bbox 148 4565 1662 4635; baseline 0.003 -16"><span class='ocrx_word' id='word_1_598' title='bbox 148 4577 328 4626; x_wconf 71' lang='lat' dir='ltr'><strong>itest,</strong></span> <span class='ocrx_word' id='word_1_599' title='bbox 359 4575 425 4621; x_wconf 85' lang='lat' dir='ltr'><strong>et</strong></span> <span class='ocrx_word' id='word_1_600' title='bbox 453 4565 604 4622; x_wconf 88' lang='lat' dir='ltr'><strong>ideo</strong></span> <span class='ocrx_word' id='word_1_601' title='bbox 640 4567 936 4635; x_wconf 80' lang='lat' dir='ltr'><strong>Apostolus</strong></span> <span class='ocrx_word' id='word_1_602' title='bbox 955 4569 1022 4623; x_wconf 88' lang='lat' dir='ltr'><strong>ad</strong></span> <span class='ocrx_word' id='word_1_603' title='bbox 1041 4568 1384 4624; x_wconf 84' lang='lat' dir='ltr'><strong>TimOIheum</strong></span> <span class='ocrx_word' id='word_1_604' title='bbox 1413 4587 1426 4622; x_wconf 76' lang='grc' dir='ltr'>ς</span> <span class='ocrx_word' id='word_1_605' title='bbox 1468 4569 1662 4632; x_wconf 79' lang='lat' dir='ltr'><strong>Vidua,</strong></span> 
     </span>
    </p>
   </div>
   <div class='ocr_carea' id='block_1_77' title="bbox 1777 3354 3385 3445">
    <p class='ocr_par' dir='ltr' id='par_1_77' title="bbox 1777 3354 3385 3445">
     <span class='ocr_line' id='line_1_77' title="bbox 1777 3354 3385 3445; baseline 0.014 -36"><span class='ocrx_word' id='word_1_606' title='bbox 1777 3354 2060 3412; x_wconf 84' lang='lat' dir='ltr'><strong>Cenchris.</strong></span> <span class='ocrx_word' id='word_1_607' title='bbox 2096 3359 2166 3414; x_wconf 83' lang='lat' dir='ltr'><strong>Et</strong></span> <span class='ocrx_word' id='word_1_608' title='bbox 2203 3372 2353 3416; x_wconf 89' lang='lat' dir='ltr'><strong>certe</strong></span> <span class='ocrx_word' id='word_1_609' title='bbox 2393 3365 2752 3434; x_wconf 69' lang='lat' dir='ltr'><strong>castigat-orat</strong></span> <span class='ocrx_word' id='word_1_610' title='bbox 2783 3368 3022 3438; x_wconf 86' lang='lat' dir='ltr'><strong>Galatas,</strong></span> <span class='ocrx_word' id='word_1_611' title='bbox 3055 3373 3385 3445; x_wconf 73' lang='lat' dir='ltr'><strong>Petrumque</strong></span> 
     </span>
    </p>
   </div>
   <div class='ocr_carea' id='block_1_78' title="bbox 1775 3447 3384 3526">
    <p class='ocr_par' dir='ltr' id='par_1_78' title="bbox 1775 3447 3384 3526">
     <span class='ocr_line' id='line_1_78' title="bbox 1775 3447 3384 3526; baseline 0.012 -26"><span class='ocrx_word' id='word_1_612' title='bbox 1775 3447 2226 3518; x_wconf 89' lang='lat' dir='ltr'><strong>reprehenderat,</strong></span> <span class='ocrx_word' id='word_1_613' title='bbox 2247 3454 2393 3524; x_wconf 92' lang='lat' dir='ltr'><strong>quod</strong></span> <span class='ocrx_word' id='word_1_614' title='bbox 2426 3469 2484 3510; x_wconf 92' lang='lat' dir='ltr'><strong>se</strong></span> <span class='ocrx_word' id='word_1_615' title='bbox 2509 3468 2732 3526; x_wconf 86' lang='lat' dir='ltr'><strong>propter</strong></span> <span class='ocrx_word' id='word_1_616' title='bbox 2753 3460 3172 3519; x_wconf 81' lang='lat' dir='ltr'><strong>observationes</strong></span> <span class='ocrx_word' id='word_1_617' title='bbox 3199 3465 3384 3521; x_wconf 82' lang='lat' dir='ltr'><strong>Judai-</strong></span> 
     </span>
    </p>
   </div>
   <div class='ocr_carea' id='block_1_79' title="bbox 1773 3545 3381 3624">
    <p class='ocr_par' dir='ltr' id='par_1_79' title="bbox 1773 3545 3381 3624">
     <span class='ocr_line' id='line_1_79' title="bbox 1773 3545 3381 3624; baseline 0.014 -32"><span class='ocrx_word' id='word_1_618' title='bbox 1773 3552 1867 3593; x_wconf 90' lang='lat' dir='ltr'><strong>cas</strong></span> <span class='ocrx_word' id='word_1_619' title='bbox 1895 3558 1922 3593; x_wconf 73' lang='grc' dir='ltr'>ει</span> <span class='ocrx_word' id='word_1_620' title='bbox 1952 3545 2204 3611; x_wconf 87' lang='lat' dir='ltr'><strong>gentibus</strong></span> <span class='ocrx_word' id='word_1_621' title='bbox 2232 3558 2534 3614; x_wconf 76' lang='lat' dir='ltr'><strong>separaret.</strong></span> <span class='ocrx_word' id='word_1_622' title='bbox 2568 3549 2854 3618; x_wconf 82' lang='lat' dir='ltr'><strong>Quomodo</strong></span> <span class='ocrx_word' id='word_1_623' title='bbox 2889 3556 3048 3624; x_wconf 88' lang='lat' dir='ltr'><strong>igitur</strong></span> <span class='ocrx_word' id='word_1_624' title='bbox 3078 3557 3132 3610; x_wconf 93' lang='lat' dir='ltr'><strong>in</strong></span> <span class='ocrx_word' id='word_1_625' title='bbox 3169 3559 3381 3615; x_wconf 71' lang='lat' dir='ltr'><strong>cmtetis</strong></span> 
     </span>
    </p>
   </div>
   <div class='ocr_carea' id='block_1_80' title="bbox 1773 3629 3380 3711">
    <p class='ocr_par' dir='ltr' id='par_1_80' title="bbox 1773 3629 3380 3711">
     <span class='ocr_line' id='line_1_80' title="bbox 1773 3629 3380 3711; baseline 0.012 -25"><span class='ocrx_word' id='word_1_626' title='bbox 1773 3629 2034 3688; x_wconf 69' lang='lat' dir='ltr'><strong>Ecclesiae</strong></span> <span class='ocrx_word' id='word_1_627' title='bbox 2064 3635 2370 3708; x_wconf 83' lang='lat' dir='ltr'><strong>disciplinis</strong></span> <span class='ocrx_word' id='word_1_628' title='bbox 2400 3639 2606 3696; x_wconf 66' lang='lat' dir='ltr'><strong>Judmis</strong></span> <span class='ocrx_word' id='word_1_629' title='bbox 2634 3641 2878 3711; x_wconf 71' lang='lat' dir='ltr'><strong>Judaeus,</strong></span> <span class='ocrx_word' id='word_1_630' title='bbox 2915 3647 3159 3702; x_wconf 61' lang='lat' dir='ltr'><strong>Elhnit&#39;is</strong></span> <span class='ocrx_word' id='word_1_631' title='bbox 3189 3647 3380 3704; x_wconf 79' lang='grc' dir='ltr'><strong>ΕΙΙιιιί·</strong></span> 
     </span>
    </p>
   </div>
   <div class='ocr_carea' id='block_1_81' title="bbox 1771 3731 3379 3804">
    <p class='ocr_par' dir='ltr' id='par_1_81' title="bbox 1771 3731 3379 3804">
     <span class='ocr_line' id='line_1_81' title="bbox 1771 3731 3379 3804; baseline 0.01 -24"><span class='ocrx_word' id='word_1_632' title='bbox 1771 3738 1889 3793; x_wconf 89' lang='lat' dir='ltr'><strong>cus,</strong></span> <span class='ocrx_word' id='word_1_633' title='bbox 1915 3735 1969 3780; x_wconf 91' lang='lat' dir='ltr'><strong>et</strong></span> <span class='ocrx_word' id='word_1_634' title='bbox 1996 3731 2250 3784; x_wconf 88' lang='lat' dir='ltr'><strong>omnibus</strong></span> <span class='ocrx_word' id='word_1_635' title='bbox 2281 3734 2465 3786; x_wconf 89' lang='lat' dir='ltr'><strong>omnia</strong></span> <span class='ocrx_word' id='word_1_636' title='bbox 2496 3732 2674 3787; x_wconf 82' lang='lat' dir='ltr'><strong>factus</strong></span> <span class='ocrx_word' id='word_1_637' title='bbox 2705 3747 2810 3804; x_wconf 90' lang='lat' dir='ltr'><strong>est,</strong></span> <span class='ocrx_word' id='word_1_638' title='bbox 2854 3747 2910 3792; x_wconf 92' lang='lat' dir='ltr'><strong>ttt</strong></span> <span class='ocrx_word' id='word_1_639' title='bbox 2941 3756 3128 3794; x_wconf 87' lang='lat' dir='ltr'><strong>omnes</strong></span> <span class='ocrx_word' id='word_1_640' title='bbox 3158 3741 3379 3796; x_wconf 79' lang='lat' dir='ltr'><strong>lucriia-</strong></span> 
     </span>
    </p>
   </div>
   <div class='ocr_carea' id='block_1_82' title="bbox 1770 3819 3378 3899">
    <p class='ocr_par' dir='ltr' id='par_1_82' title="bbox 1770 3819 3378 3899">
     <span class='ocr_line' id='line_1_82' title="bbox 1770 3819 3378 3899; baseline 0.011 -27"><span class='ocrx_word' id='word_1_641' title='bbox 1770 3829 1922 3874; x_wconf 89' lang='lat' dir='ltr'><strong>ceret</strong></span> <span class='ocrx_word' id='word_1_642' title='bbox 1949 3836 1962 3872; x_wconf 91' lang='lat'><strong>:</strong></span> <span class='ocrx_word' id='word_1_643' title='bbox 1989 3819 2067 3875; x_wconf 85' lang='lat' dir='ltr'><strong>sic</strong></span> <span class='ocrx_word' id='word_1_644' title='bbox 2096 3831 2150 3876; x_wconf 88' lang='lat' dir='ltr'><strong>et</strong></span> <span class='ocrx_word' id='word_1_645' title='bbox 2178 3821 2470 3894; x_wconf 82' lang='lat' dir='ltr'><strong>digamiam</strong></span> <span class='ocrx_word' id='word_1_646' title='bbox 2501 3825 2665 3899; x_wconf 73' lang='lat'><strong>265</strong></span> <span class='ocrx_word' id='word_1_647' title='bbox 2694 3829 2969 3884; x_wconf 70' lang='lat' dir='ltr'><strong>concessit</strong></span> <span class='ocrx_word' id='word_1_648' title='bbox 3000 3831 3378 3889; x_wconf 88' lang='lat' dir='ltr'><strong>incontinenti-</strong></span> 
     </span>
    </p>
   </div>
   <div class='ocr_carea' id='block_1_83' title="bbox 1770 3911 3375 3991">
    <p class='ocr_par' dir='ltr' id='par_1_83' title="bbox 1770 3911 3375 3991">
     <span class='ocr_line' id='line_1_83' title="bbox 1770 3911 3375 3991; baseline 0.009 -23"><span class='ocrx_word' id='word_1_649' title='bbox 1770 3911 1894 3978; x_wconf 85' lang='lat' dir='ltr'><strong>bus,</strong></span> <span class='ocrx_word' id='word_1_650' title='bbox 1950 3931 2050 3970; x_wconf 87' lang='lat' dir='ltr'><strong>nec</strong></span> <span class='ocrx_word' id='word_1_651' title='bbox 2101 3917 2410 3986; x_wconf 83' lang='lat' dir='ltr'><strong>nuptiarum</strong></span> <span class='ocrx_word' id='word_1_652' title='bbox 2462 3935 2749 3974; x_wconf 84' lang='lat' dir='ltr'><strong>numerum</strong></span> <span class='ocrx_word' id='word_1_653' title='bbox 2799 3921 3112 3991; x_wconf 75' lang='lat' dir='ltr'><strong>prtcliuivit,</strong></span> <span class='ocrx_word' id='word_1_654' title='bbox 3148 3938 3204 3980; x_wconf 91' lang='lat' dir='ltr'><strong>ut</strong></span> <span class='ocrx_word' id='word_1_655' title='bbox 3248 3928 3375 3983; x_wconf 87' lang='lat' dir='ltr'><strong>dum</strong></span> 
     </span>
    </p>
   </div>
   <div class='ocr_carea' id='block_1_84' title="bbox 1770 4009 3377 4082">
    <p class='ocr_par' dir='ltr' id='par_1_84' title="bbox 1770 4009 3377 4082">
     <span class='ocr_line' id='line_1_84' title="bbox 1770 4009 3377 4082; baseline 0.009 -20"><span class='ocrx_word' id='word_1_656' title='bbox 1770 4009 2076 4065; x_wconf 89' lang='lat' dir='ltr'><strong>videntsibi</strong></span> <span class='ocrx_word' id='word_1_657' title='bbox 2098 4011 2354 4067; x_wconf 88' lang='lat' dir='ltr'><strong>mulieres</strong></span> <span class='ocrx_word' id='word_1_658' title='bbox 2378 4011 2448 4066; x_wconf 91' lang='lat' dir='ltr'><strong>ita</strong></span> <span class='ocrx_word' id='word_1_659' title='bbox 2477 4023 2602 4082; x_wconf 85' lang='lat' dir='ltr'><strong>post</strong></span> <span class='ocrx_word' id='word_1_660' title='bbox 2626 4024 2857 4070; x_wconf 87' lang='lat' dir='ltr'><strong>mortem</strong></span> <span class='ocrx_word' id='word_1_661' title='bbox 2885 4017 3062 4072; x_wconf 88' lang='lat' dir='ltr'><strong>mariti</strong></span> <span class='ocrx_word' id='word_1_662' title='bbox 3082 4023 3377 4076; x_wconf 72' lang='lat' dir='ltr'><strong>secundum</strong></span> 
     </span>
    </p>
   </div>
   <div class='ocr_carea' id='block_1_85' title="bbox 1767 4105 3382 4178">
    <p class='ocr_par' dir='ltr' id='par_1_85' title="bbox 1767 4105 3382 4178">
     <span class='ocr_line' id='line_1_85' title="bbox 1767 4105 3382 4178; baseline 0.009 -21"><span class='ocrx_word' id='word_1_663' title='bbox 1767 4105 2016 4171; x_wconf 90' lang='lat' dir='ltr'><strong>concedi,</strong></span> <span class='ocrx_word' id='word_1_664' title='bbox 2042 4115 2098 4158; x_wconf 90' lang='lat' dir='ltr'><strong>ttt</strong></span> <span class='ocrx_word' id='word_1_665' title='bbox 2118 4107 2310 4160; x_wconf 90' lang='lat' dir='ltr'><strong>tertius</strong></span> <span class='ocrx_word' id='word_1_666' title='bbox 2327 4116 2668 4178; x_wconf 86' lang='lat' dir='ltr'><strong>quartusque</strong></span> <span class='ocrx_word' id='word_1_667' title='bbox 2686 4110 3028 4176; x_wconf 91' lang='lat' dir='ltr'><strong>conceditur,</strong></span> <span class='ocrx_word' id='word_1_668' title='bbox 3053 4113 3382 4172; x_wconf 82' lang='lat' dir='ltr'><strong>erubescant</strong></span> 
     </span>
    </p>
   </div>
   <div class='ocr_carea' id='block_1_86' title="bbox 1767 4196 3381 4278">
    <p class='ocr_par' dir='ltr' id='par_1_86' title="bbox 1767 4196 3381 4278">
     <span class='ocr_line' id='line_1_86' title="bbox 1767 4196 3381 4278; baseline 0.007 -27"><span class='ocrx_word' id='word_1_669' title='bbox 1767 4196 1998 4252; x_wconf 91' lang='lat' dir='ltr'><strong>alterum</strong></span> <span class='ocrx_word' id='word_1_670' title='bbox 2017 4198 2292 4268; x_wconf 89' lang='lat' dir='ltr'><strong>accipere,</strong></span> <span class='ocrx_word' id='word_1_671' title='bbox 2320 4216 2386 4254; x_wconf 87' lang='lat' dir='ltr'><strong>ne</strong></span> <span class='ocrx_word' id='word_1_672' title='bbox 2415 4202 2662 4272; x_wconf 75' lang='lat' dir='ltr'><strong>trigamis</strong></span> <span class='ocrx_word' id='word_1_673' title='bbox 2692 4211 2746 4256; x_wconf 93' lang='lat' dir='ltr'><strong>et</strong></span> <span class='ocrx_word' id='word_1_674' title='bbox 2769 4202 3381 4278; x_wconf 81' lang='lat' dir='ltr'><strong>quadrigatniscoutpa-</strong></span> 
     </span>
    </p>
   </div>
   <div class='ocr_carea' id='block_1_87' title="bbox 1767 4291 3382 4362">
    <p class='ocr_par' dir='ltr' id='par_1_87' title="bbox 1767 4291 3382 4362">
     <span class='ocr_line' id='line_1_87' title="bbox 1767 4291 3382 4362; baseline 0.008 -15"><span class='ocrx_word' id='word_1_675' title='bbox 1767 4303 1978 4348; x_wconf 86' lang='lat' dir='ltr'><strong>rentur.</strong></span> <span class='ocrx_word' id='word_1_676' title='bbox 2007 4291 2106 4348; x_wconf 87' lang='lat' dir='ltr'><strong>Ubi</strong></span> <span class='ocrx_word' id='word_1_677' title='bbox 2147 4293 2291 4348; x_wconf 88' lang='lat' dir='ltr'><strong>enim</strong></span> <span class='ocrx_word' id='word_1_678' title='bbox 2326 4310 2465 4348; x_wconf 78' lang='lat' dir='ltr'><strong>unus</strong></span> <span class='ocrx_word' id='word_1_679' title='bbox 2492 4297 2797 4362; x_wconf 80' lang='lat' dir='ltr'><strong>exceditur,</strong></span> <span class='ocrx_word' id='word_1_680' title='bbox 2825 4297 2962 4352; x_wconf 89' lang='lat' dir='ltr'><strong>nihil</strong></span> <span class='ocrx_word' id='word_1_681' title='bbox 2985 4299 3152 4354; x_wconf 80' lang='lat' dir='ltr'><strong>refert</strong></span> <span class='ocrx_word' id='word_1_682' title='bbox 3183 4318 3382 4359; x_wconf 89' lang='lat' dir='ltr'><strong>secun-</strong></span> 
     </span>
    </p>
   </div>
   <div class='ocr_carea' id='block_1_88' title="bbox 1766 4386 3369 4467">
    <p class='ocr_par' dir='ltr' id='par_1_88' title="bbox 1766 4386 3369 4467">
     <span class='ocr_line' id='line_1_88' title="bbox 1766 4386 3369 4467; baseline 0.007 -25"><span class='ocrx_word' id='word_1_683' title='bbox 1766 4386 1886 4452; x_wconf 93' lang='lat' dir='ltr'><strong>dus,</strong></span> <span class='ocrx_word' id='word_1_684' title='bbox 1923 4403 1991 4442; x_wconf 88' lang='lat' dir='ltr'><strong>an</strong></span> <span class='ocrx_word' id='word_1_685' title='bbox 2040 4388 2234 4444; x_wconf 91' lang='lat' dir='ltr'><strong>tertius</strong></span> <span class='ocrx_word' id='word_1_686' title='bbox 2274 4390 2368 4452; x_wconf 89' lang='lat' dir='ltr'><strong>sit,</strong></span> <span class='ocrx_word' id='word_1_687' title='bbox 2401 4391 2526 4459; x_wconf 89' lang='lat' dir='ltr'><strong>quia</strong></span> <span class='ocrx_word' id='word_1_688' title='bbox 2576 4392 2783 4446; x_wconf 89' lang='lat' dir='ltr'><strong>desinit</strong></span> <span class='ocrx_word' id='word_1_689' title='bbox 2829 4408 2952 4449; x_wconf 86' lang='lat' dir='ltr'><strong>esse</strong></span> <span class='ocrx_word' id='word_1_690' title='bbox 2994 4411 3369 4467; x_wconf 86' lang='lat' dir='ltr'><strong>monogamns.</strong></span> 
     </span>
    </p>
   </div>
   <div class='ocr_carea' id='block_1_89' title="bbox 1769 4479 3372 4560">
    <p class='ocr_par' dir='ltr' id='par_1_89' title="bbox 1769 4479 3372 4560">
     <span class='ocr_line' id='line_1_89' title="bbox 1769 4479 3372 4560; baseline 0.008 -27"><span class='ocrx_word' id='word_1_691' title='bbox 1769 4480 1956 4534; x_wconf 81' lang='lat' dir='ltr'><strong>Omnia</strong></span> <span class='ocrx_word' id='word_1_692' title='bbox 1983 4479 2160 4545; x_wconf 86' lang='lat' dir='ltr'><strong>licent,</strong></span> <span class='ocrx_word' id='word_1_693' title='bbox 2187 4482 2277 4536; x_wconf 86' lang='lat' dir='ltr'><strong>sed</strong></span> <span class='ocrx_word' id='word_1_694' title='bbox 2298 4499 2401 4537; x_wconf 87' lang='lat' dir='ltr'><strong>non</strong></span> <span class='ocrx_word' id='word_1_695' title='bbox 2425 4484 2598 4536; x_wconf 85' lang='lat' dir='ltr'><strong>omnia</strong></span> <span class='ocrx_word' id='word_1_696' title='bbox 2629 4485 2907 4552; x_wconf 77' lang='lat' dir='ltr'><strong>expediunt</strong></span> <span class='ocrx_word' id='word_1_697' title='bbox 2935 4487 2954 4556; x_wconf 95' lang='lat'><strong>(</strong></span> <span class='ocrx_word' id='word_1_698' title='bbox 2981 4486 2996 4539; x_wconf 97' lang='grc' dir='ltr'><strong>Ι</strong></span> <span class='ocrx_word' id='word_1_699' title='bbox 3027 4486 3144 4541; x_wconf 81' lang='lat' dir='ltr'><strong>Cor.</strong></span> <span class='ocrx_word' id='word_1_700' title='bbox 3176 4505 3248 4555; x_wconf 90' lang='lat' dir='ltr'><strong>vt,</strong></span> <span class='ocrx_word' id='word_1_701' title='bbox 3285 4492 3372 4560; x_wconf 71' lang='lat' dir='ltr'><strong>l2,</strong></span> 
     </span>
    </p>
   </div>
   <div class='ocr_carea' id='block_1_90' title="bbox 1765 4575 3374 4655">
    <p class='ocr_par' dir='ltr' id='par_1_90' title="bbox 1765 4575 3374 4655">
     <span class='ocr_line' id='line_1_90' title="bbox 1765 4575 3374 4655; baseline 0.011 -29"><span class='ocrx_word' id='word_1_702' title='bbox 1765 4583 1813 4628; x_wconf 83' lang='lat' dir='ltr'><strong>et</strong></span> <span class='ocrx_word' id='word_1_703' title='bbox 1842 4590 1895 4638; x_wconf 72' lang='grc' dir='ltr'>ι,</span> <span class='ocrx_word' id='word_1_704' title='bbox 1921 4575 2048 4644; x_wconf 69' lang='lat'><strong>25).</strong></span> <span class='ocrx_word' id='word_1_705' title='bbox 2080 4575 2197 4628; x_wconf 87' lang='lat' dir='ltr'><strong>Non</strong></span> <span class='ocrx_word' id='word_1_706' title='bbox 2227 4577 2430 4630; x_wconf 92' lang='lat' dir='ltr'><strong>damno</strong></span> <span class='ocrx_word' id='word_1_707' title='bbox 2463 4577 2729 4646; x_wconf 77' lang='lat' dir='ltr'><strong>digamos,</strong></span> <span class='ocrx_word' id='word_1_708' title='bbox 2768 4578 2934 4632; x_wconf 89' lang='lat' dir='ltr'><strong>immo</strong></span> <span class='ocrx_word' id='word_1_709' title='bbox 2965 4595 3064 4636; x_wconf 90' lang='lat' dir='ltr'><strong>nec</strong></span> <span class='ocrx_word' id='word_1_710' title='bbox 3094 4584 3374 4655; x_wconf 76' lang='lat' dir='ltr'><strong>tt&#39;igamos,</strong></span> 
     </span>
    </p>
   </div>
   <div class='ocr_carea' id='block_1_91' title="bbox 155 4658 3373 4746">
    <p class='ocr_par' dir='ltr' id='par_1_91' title="bbox 155 4658 3373 4746">
     <span class='ocr_line' id='line_1_91' title="bbox 155 4658 3373 4746; baseline 0.008 -36"><span class='ocrx_word' id='word_1_711' title='bbox 155 4701 172 4723; x_wconf 87' lang='lat'><strong>,</strong></span> <span class='ocrx_word' id='word_1_712' title='bbox 229 4658 503 4731; x_wconf 80' lang='lat' dir='ltr'><strong>eligatur</strong></span> <span class='ocrx_word' id='word_1_713' title='bbox 559 4676 678 4713; x_wconf 84' lang='lat' dir='ltr'><strong>non</strong></span> <span class='ocrx_word' id='word_1_714' title='bbox 717 4661 888 4713; x_wconf 86' lang='lat' dir='ltr'><strong>minus</strong></span> <span class='ocrx_word' id='word_1_715' title='bbox 931 4661 1198 4733; x_wconf 75' lang='lat' dir='ltr'><strong>sexaginta</strong></span> <span class='ocrx_word' id='word_1_716' title='bbox 1241 4676 1515 4724; x_wconf 83' lang='lat' dir='ltr'><strong>annorum,</strong></span> <span class='ocrx_word' id='word_1_717' title='bbox 1559 4680 1674 4732; x_wconf 65' lang='lat' dir='ltr'><strong>qua?</strong></span> <span class='ocrx_word' id='word_1_718' title='bbox 1701 4664 1752 4725; x_wconf 85' lang='grc' dir='ltr'><strong>Ι)</strong></span> <span class='ocrx_word' id='word_1_719' title='bbox 1777 4675 1852 4728; x_wconf 89' lang='lat' dir='ltr'><strong>et,</strong></span> <span class='ocrx_word' id='word_1_720' title='bbox 1884 4665 1931 4719; x_wconf 89' lang='lat' dir='ltr'><strong>si</strong></span> <span class='ocrx_word' id='word_1_721' title='bbox 1967 4665 2074 4720; x_wconf 89' lang='lat' dir='ltr'><strong>dici</strong></span> <span class='ocrx_word' id='word_1_722' title='bbox 2105 4677 2304 4734; x_wconf 89' lang='lat' dir='ltr'><strong>potest,</strong></span> <span class='ocrx_word' id='word_1_723' title='bbox 2335 4678 2652 4738; x_wconf 82' lang='lat' dir='ltr'><strong>octogatuos</strong></span> <span class='ocrx_word' id='word_1_724' title='bbox 2679 4685 2694 4720; x_wconf 89' lang='lat'><strong>:</strong></span> <span class='ocrx_word' id='word_1_725' title='bbox 2725 4670 2847 4738; x_wconf 89' lang='lat' dir='ltr'><strong>plus</strong></span> <span class='ocrx_word' id='word_1_726' title='bbox 2875 4670 3077 4740; x_wconf 85' lang='lat' dir='ltr'><strong>aliquid</strong></span> <span class='ocrx_word' id='word_1_727' title='bbox 3120 4676 3373 4746; x_wconf 88' lang='lat' dir='ltr'><strong>inierant,</strong></span> 
     </span>
    </p>
   </div>
   <div class='ocr_carea' id='block_1_92' title="bbox 149 4750 1667 4824">
    <p class='ocr_par' dir='ltr' id='par_1_92' title="bbox 149 4750 1667 4824">
     <span class='ocr_line' id='line_1_92' title="bbox 149 4750 1667 4824; baseline 0.005 -23"><span class='ocrx_word' id='word_1_728' title='bbox 149 4751 336 4802; x_wconf 60' lang='lat' dir='ltr'><strong>tertius</strong></span> <span class='ocrx_word' id='word_1_729' title='bbox 369 4751 481 4803; x_wconf 71' lang='lat' dir='ltr'><strong>viri</strong></span> <span class='ocrx_word' id='word_1_730' title='bbox 518 4768 677 4804; x_wconf 70' lang='lat' dir='ltr'><strong>error</strong></span> <span class='ocrx_word' id='word_1_731' title='bbox 705 4752 748 4820; x_wconf 94' lang='lat' dir='ltr'><strong>(I</strong></span> <span class='ocrx_word' id='word_1_732' title='bbox 783 4750 915 4805; x_wconf 84' lang='lat' dir='ltr'><strong>Tim.</strong></span> <span class='ocrx_word' id='word_1_733' title='bbox 952 4769 1003 4820; x_wconf 85' lang='lat' dir='ltr'><strong>v,</strong></span> <span class='ocrx_word' id='word_1_734' title='bbox 1036 4753 1112 4824; x_wconf 84' lang='lat'><strong>9).</strong></span> <span class='ocrx_word' id='word_1_735' title='bbox 1148 4752 1246 4807; x_wconf 88' lang='lat' dir='ltr'><strong>Hic</strong></span> <span class='ocrx_word' id='word_1_736' title='bbox 1275 4769 1440 4808; x_wconf 89' lang='lat' dir='ltr'><strong>omne</strong></span> <span class='ocrx_word' id='word_1_737' title='bbox 1466 4769 1667 4820; x_wconf 67' lang='lat' dir='ltr'><strong>praece-</strong></span> 
     </span>
    </p>
   </div>
   <div class='ocr_carea' id='block_1_93' title="bbox 152 4842 1674 4915">
    <p class='ocr_par' dir='ltr' id='par_1_93' title="bbox 152 4842 1674 4915">
     <span class='ocr_line' id='line_1_93' title="bbox 152 4842 1674 4915; baseline 0.002 -19"><span class='ocrx_word' id='word_1_738' title='bbox 152 4842 240 4897; x_wconf 81' lang='lat' dir='ltr'><strong>de</strong></span> <span class='ocrx_word' id='word_1_739' title='bbox 307 4843 415 4897; x_wconf 84' lang='lat' dir='ltr'><strong>his</strong></span> <span class='ocrx_word' id='word_1_740' title='bbox 465 4853 574 4897; x_wconf 88' lang='lat' dir='ltr'><strong>est</strong></span> <span class='ocrx_word' id='word_1_741' title='bbox 631 4843 834 4908; x_wconf 88' lang='lat' dir='ltr'><strong>viduis,</strong></span> <span class='ocrx_word' id='word_1_742' title='bbox 887 4860 1007 4914; x_wconf 71' lang='lat' dir='ltr'><strong>qum</strong></span> <span class='ocrx_word' id='word_1_743' title='bbox 1065 4845 1323 4899; x_wconf 67' lang='lat' dir='ltr'><strong>Ecclesia:</strong></span> <span class='ocrx_word' id='word_1_744' title='bbox 1377 4855 1674 4915; x_wconf 86' lang='lat' dir='ltr'><strong>pascuntur</strong></span> 
     </span>
    </p>
   </div>
   <div class='ocr_carea' id='block_1_94' title="bbox 150 4936 1674 5010">
    <p class='ocr_par' dir='ltr' id='par_1_94' title="bbox 150 4936 1674 5010">
     <span class='ocr_line' id='line_1_94' title="bbox 150 4936 1674 5010; baseline 0.005 -24"><span class='ocrx_word' id='word_1_745' title='bbox 150 4937 400 5008; x_wconf 65' lang='lat' dir='ltr'><strong>rsynis.</strong></span> <span class='ocrx_word' id='word_1_746' title='bbox 445 4936 536 4991; x_wconf 85' lang='lat' dir='ltr'><strong>Et</strong></span> <span class='ocrx_word' id='word_1_747' title='bbox 596 4937 816 4992; x_wconf 86' lang='lat' dir='ltr'><strong>idcirco</strong></span> <span class='ocrx_word' id='word_1_748' title='bbox 843 4947 975 4992; x_wconf 75' lang='lat' dir='ltr'><strong>actas</strong></span> <span class='ocrx_word' id='word_1_749' title='bbox 1003 4937 1166 5010; x_wconf 62' lang='lat'><strong>264</strong></span> <span class='ocrx_word' id='word_1_750' title='bbox 1195 4939 1589 5008; x_wconf 71' lang='lat' dir='ltr'><strong>prtrscribitur,</strong></span> <span class='ocrx_word' id='word_1_751' title='bbox 1621 4951 1674 4994; x_wconf 93' lang='lat' dir='ltr'><strong>ut</strong></span> 
     </span>
    </p>
   </div>
   <div class='ocr_carea' id='block_1_95' title="bbox 152 5029 1673 5103">
    <p class='ocr_par' dir='ltr' id='par_1_95' title="bbox 152 5029 1673 5103">
     <span class='ocr_line' id='line_1_95' title="bbox 152 5029 1673 5103; baseline 0.004 -21"><span class='ocrx_word' id='word_1_752' title='bbox 152 5043 324 5084; x_wconf 79' lang='lat' dir='ltr'><strong>itum</strong></span> <span class='ocrx_word' id='word_1_753' title='bbox 356 5029 1014 5103; x_wconf 82' lang='lat' dir='ltr'><strong>accipiantpauperum</strong></span> <span class='ocrx_word' id='word_1_754' title='bbox 1037 5032 1208 5098; x_wconf 79' lang='lat' dir='ltr'><strong>cibos,</strong></span> <span class='ocrx_word' id='word_1_755' title='bbox 1237 5048 1357 5103; x_wconf 65' lang='lat' dir='ltr'><strong>quae</strong></span> <span class='ocrx_word' id='word_1_756' title='bbox 1381 5033 1493 5103; x_wconf 90' lang='lat' dir='ltr'><strong>jam</strong></span> <span class='ocrx_word' id='word_1_757' title='bbox 1520 5033 1673 5088; x_wconf 81' lang='lat' dir='ltr'><strong>labo-</strong></span> 
     </span>
    </p>
   </div>
   <div class='ocr_carea' id='block_1_96' title="bbox 169 5170 1666 5245">
    <p class='ocr_par' dir='ltr' id='par_1_96' title="bbox 169 5170 1666 5245">
     <span class='ocr_line' id='line_1_96' title="bbox 169 5170 1666 5245; baseline 0.001 -19"><span class='ocrx_word' id='word_1_758' title='bbox 169 5187 380 5232; x_wconf 88' lang='lat' dir='ltr'><strong>mss..</strong></span> <span class='ocrx_word' id='word_1_759' title='bbox 434 5172 935 5245; x_wconf 76' lang='lat' dir='ltr'><strong>quomotloenim</strong></span> <span class='ocrx_word' id='word_1_760' title='bbox 971 5170 1257 5245; x_wconf 80' lang='lat' dir='ltr'><strong>virginibus</strong></span> <span class='ocrx_word' id='word_1_761' title='bbox 1305 5171 1666 5245; x_wconf 73' lang='lat' dir='ltr'><strong>fornicationis</strong></span> 
     </span>
    </p>
   </div>
   <div class='ocr_carea' id='block_1_97' title="bbox 153 5243 1667 5312">
    <p class='ocr_par' dir='ltr' id='par_1_97' title="bbox 153 5243 1667 5312">
     <span class='ocr_line' id='line_1_97' title="bbox 153 5243 1667 5312; baseline 0.005 -19"><span class='ocrx_word' id='word_1_762' title='bbox 153 5261 238 5296; x_wconf 84' lang='lat' dir='ltr'><strong>tm</strong></span> <span class='ocrx_word' id='word_1_763' title='bbox 270 5243 594 5297; x_wconf 81' lang='lat' dir='ltr'><strong>concedit</strong></span> <span class='ocrx_word' id='word_1_764' title='bbox 626 5243 1078 5312; x_wconf 54' lang='grc' dir='ltr'><strong>καρύαι-...καλ</strong></span> <span class='ocrx_word' id='word_1_765' title='bbox 1115 5245 1187 5296; x_wconf 85' lang='lat' dir='ltr'><strong>ita</strong></span> <span class='ocrx_word' id='word_1_766' title='bbox 1228 5244 1406 5299; x_wconf 88' lang='lat' dir='ltr'><strong>eadem</strong></span> <span class='ocrx_word' id='word_1_767' title='bbox 1433 5246 1667 5310; x_wconf 76' lang='lat' dir='ltr'><strong>[arnica-</strong></span> 
     </span>
    </p>
   </div>
   <div class='ocr_carea' id='block_1_98' title="bbox 154 5314 1670 5386">
    <p class='ocr_par' dir='ltr' id='par_1_98' title="bbox 154 5314 1670 5386">
     <span class='ocr_line' id='line_1_98' title="bbox 154 5314 1670 5386; baseline 0.001 -18"><span class='ocrx_word' id='word_1_768' title='bbox 154 5315 306 5368; x_wconf 83' lang='lat' dir='ltr'><strong>edit</strong></span> <span class='ocrx_word' id='word_1_769' title='bbox 343 5314 583 5368; x_wconf 71' lang='lat' dir='ltr'><strong>viduis</strong></span> <span class='ocrx_word' id='word_1_770' title='bbox 624 5317 855 5370; x_wconf 75' lang='lat' dir='ltr'><strong>secunda</strong></span> <span class='ocrx_word' id='word_1_771' title='bbox 879 5315 1232 5368; x_wconf 82' lang='lat' dir='ltr'><strong>matrimonia.</strong></span> <span class='ocrx_word' id='word_1_772' title='bbox 1268 5317 1530 5386; x_wconf 81' lang='lat' dir='ltr'><strong>Superior</strong></span> <span class='ocrx_word' id='word_1_773' title='bbox 1554 5327 1670 5383; x_wconf 85' lang='lat' dir='ltr'><strong>post</strong></span> 
     </span>
    </p>
   </div>
   <div class='ocr_carea' id='block_1_99' title="bbox 152 5386 992 5443">
    <p class='ocr_par' dir='ltr' id='par_1_99' title="bbox 152 5386 992 5443">
     <span class='ocr_line' id='line_1_99' title="bbox 152 5386 992 5443; baseline 0.005 -6"><span class='ocrx_word' id='word_1_774' title='bbox 152 5393 215 5438; x_wconf 80' lang='lat' dir='ltr'><strong>in</strong></span> <span class='ocrx_word' id='word_1_775' title='bbox 257 5386 530 5441; x_wconf 59' lang='lat' dir='ltr'><strong>iisdetu</strong></span> <span class='ocrx_word' id='word_1_776' title='bbox 583 5402 706 5441; x_wconf 88' lang='lat' dir='ltr'><strong>non</strong></span> <span class='ocrx_word' id='word_1_777' title='bbox 742 5387 992 5443; x_wconf 83' lang='lat' dir='ltr'><strong>habetur.</strong></span> 
     </span>
    </p>
   </div>
   <div class='ocr_carea' id='block_1_100' title="bbox 163 5457 1673 5516">
    <p class='ocr_par' dir='ltr' id='par_1_100' title="bbox 163 5457 1673 5516">
     <span class='ocr_line' id='line_1_100' title="bbox 163 5457 1673 5516; baseline 0.005 -7"><span class='ocrx_word' id='word_1_778' title='bbox 163 5477 306 5512; x_wconf 79' lang='lat' dir='ltr'><strong>ttcn</strong></span> <span class='ocrx_word' id='word_1_779' title='bbox 341 5457 655 5512; x_wconf 80' lang='lat' dir='ltr'><strong>Joannis</strong></span> <span class='ocrx_word' id='word_1_780' title='bbox 683 5460 738 5514; x_wconf 89' lang='lat' dir='ltr'><strong>in</strong></span> <span class='ocrx_word' id='word_1_781' title='bbox 771 5461 970 5513; x_wconf 86' lang='lat' dir='ltr'><strong>nostris</strong></span> <span class='ocrx_word' id='word_1_782' title='bbox 997 5472 1128 5513; x_wconf 88' lang='lat' dir='ltr'><strong>mss.</strong></span> <span class='ocrx_word' id='word_1_783' title='bbox 1160 5468 1213 5513; x_wconf 90' lang='lat' dir='ltr'><strong>et</strong></span> <span class='ocrx_word' id='word_1_784' title='bbox 1239 5458 1412 5514; x_wconf 89' lang='lat' dir='ltr'><strong>veteri</strong></span> <span class='ocrx_word' id='word_1_785' title='bbox 1436 5457 1673 5516; x_wconf 87' lang='lat' dir='ltr'><strong>editione</strong></span> 
     </span>
    </p>
   </div>
   <div class='ocr_carea' id='block_1_101' title="bbox 151 5531 662 5585">
    <p class='ocr_par' dir='ltr' id='par_1_101' title="bbox 151 5531 662 5585">
     <span class='ocr_line' id='line_1_101' title="bbox 151 5531 662 5585; baseline 0 -1"><span class='ocrx_word' id='word_1_786' title='bbox 151 5531 662 5585; x_wconf 66' lang='lat' dir='ltr'><strong>deside-ratur.</strong></span> 
     </span>
    </p>
   </div>
   <div class='ocr_carea' id='block_1_102' title="bbox 154 5600 1665 5658">
    <p class='ocr_par' dir='ltr' id='par_1_102' title="bbox 154 5600 1665 5658">
     <span class='ocr_line' id='line_1_102' title="bbox 154 5600 1665 5658; baseline 0.003 -4"><span class='ocrx_word' id='word_1_787' title='bbox 154 5606 380 5656; x_wconf 68' lang='lat' dir='ltr'><strong>imus</strong></span> <span class='ocrx_word' id='word_1_788' title='bbox 414 5617 511 5657; x_wconf 80' lang='lat' dir='ltr'><strong>ex</strong></span> <span class='ocrx_word' id='word_1_789' title='bbox 548 5600 1030 5657; x_wconf 73' lang='lat' dir='ltr'><strong>citrontlatissitno</strong></span> <span class='ocrx_word' id='word_1_790' title='bbox 1070 5600 1377 5656; x_wconf 84' lang='lat' dir='ltr'><strong>Veronensi</strong></span> <span class='ocrx_word' id='word_1_791' title='bbox 1428 5602 1570 5656; x_wconf 81' lang='lat' dir='ltr'><strong>libro</strong></span> <span class='ocrx_word' id='word_1_792' title='bbox 1620 5604 1665 5658; x_wconf 89' lang='lat' dir='ltr'><strong>si</strong></span> 
     </span>
    </p>
   </div>
   <div class='ocr_carea' id='block_1_103' title="bbox 147 5672 1664 5741">
    <p class='ocr_par' dir='ltr' id='par_1_103' title="bbox 147 5672 1664 5741">
     <span class='ocr_line' id='line_1_103' title="bbox 147 5672 1664 5741; baseline 0.003 -16"><span class='ocrx_word' id='word_1_793' title='bbox 147 5694 230 5726; x_wconf 66' lang='grc' dir='ltr'><strong>τυ</strong></span> <span class='ocrx_word' id='word_1_794' title='bbox 265 5675 403 5727; x_wconf 70' lang='lat' dir='ltr'><strong>sed</strong></span> <span class='ocrx_word' id='word_1_795' title='bbox 448 5672 706 5740; x_wconf 81' lang='lat' dir='ltr'><strong>plures.</strong></span> <span class='ocrx_word' id='word_1_796' title='bbox 759 5673 1006 5741; x_wconf 79' lang='lat' dir='ltr'><strong>Sequens</strong></span> <span class='ocrx_word' id='word_1_797' title='bbox 1054 5674 1202 5729; x_wconf 78' lang='lat' dir='ltr'><strong>locus</strong></span> <span class='ocrx_word' id='word_1_798' title='bbox 1231 5690 1298 5729; x_wconf 80' lang='lat' dir='ltr'><strong>es</strong></span> <span class='ocrx_word' id='word_1_799' title='bbox 1322 5673 1664 5730; x_wconf 83' lang='lat' dir='ltr'><strong>Tertulliano</strong></span> 
     </span>
    </p>
   </div>
   <div class='ocr_carea' id='block_1_104' title="bbox 149 5743 1660 5815">
    <p class='ocr_par' dir='ltr' id='par_1_104' title="bbox 149 5743 1660 5815">
     <span class='ocr_line' id='line_1_104' title="bbox 149 5743 1660 5815; baseline 0.001 -17"><span class='ocrx_word' id='word_1_800' title='bbox 149 5746 426 5815; x_wconf 70' lang='grc' dir='ltr'><strong>ρῃηιηὶη</strong></span> <span class='ocrx_word' id='word_1_801' title='bbox 503 5760 845 5814; x_wconf 70' lang='lat' dir='ltr'><strong>exlircssus</strong></span> <span class='ocrx_word' id='word_1_802' title='bbox 878 5747 990 5806; x_wconf 85' lang='lat' dir='ltr'><strong>ubi,</strong></span> <span class='ocrx_word' id='word_1_803' title='bbox 1021 5743 1280 5811; x_wconf 87' lang='lat' dir='ltr'><strong>Primum,</strong></span> <span class='ocrx_word' id='word_1_804' title='bbox 1314 5747 1510 5814; x_wconf 88' lang='lat' dir='ltr'><strong>inquit.</strong></span> <span class='ocrx_word' id='word_1_805' title='bbox 1547 5763 1660 5800; x_wconf 87' lang='lat' dir='ltr'><strong>sce-</strong></span> 
     </span>
    </p>
   </div>
   <div class='ocr_carea' id='block_1_105' title="bbox 155 5809 1662 5891">
    <p class='ocr_par' dir='ltr' id='par_1_105' title="bbox 155 5809 1662 5891">
     <span class='ocr_line' id='line_1_105' title="bbox 155 5809 1662 5891; baseline 0 -19"><span class='ocrx_word' id='word_1_806' title='bbox 155 5809 456 5872; x_wconf 58' lang='lat' dir='ltr'><strong>éidiutn</strong></span> <span class='ocrx_word' id='word_1_807' title='bbox 498 5819 575 5891; x_wconf 72' lang='lat' dir='ltr'><strong>in</strong></span> <span class='ocrx_word' id='word_1_808' title='bbox 617 5809 925 5891; x_wconf 61' lang='lat' dir='ltr'><strong>Tralricidio</strong></span> <span class='ocrx_word' id='word_1_809' title='bbox 966 5809 1280 5891; x_wconf 78' lang='lat' dir='ltr'><strong>dedicatam,</strong></span> <span class='ocrx_word' id='word_1_810' title='bbox 1313 5809 1416 5891; x_wconf 74' lang='lat' dir='ltr'><strong>tam</strong></span> <span class='ocrx_word' id='word_1_811' title='bbox 1445 5819 1662 5891; x_wconf 83' lang='lat' dir='ltr'><strong>dignum</strong></span> 
     </span>
    </p>
   </div>
   <div class='ocr_carea' id='block_1_106' title="bbox 153 5889 1666 5959">
    <p class='ocr_par' dir='ltr' id='par_1_106' title="bbox 153 5889 1666 5959">
     <span class='ocr_line' id='line_1_106' title="bbox 153 5889 1666 5959; baseline 0.004 -19"><span class='ocrx_word' id='word_1_812' title='bbox 153 5892 319 5945; x_wconf 73' lang='lat' dir='ltr'><strong>loco</strong></span> <span class='ocrx_word' id='word_1_813' title='bbox 363 5889 619 5944; x_wconf 76' lang='lat' dir='ltr'><strong>scelus</strong></span> <span class='ocrx_word' id='word_1_814' title='bbox 649 5906 753 5943; x_wconf 88' lang='lat' dir='ltr'><strong>non</strong></span> <span class='ocrx_word' id='word_1_815' title='bbox 783 5889 907 5958; x_wconf 82' lang='lat' dir='ltr'><strong>fuit,</strong></span> <span class='ocrx_word' id='word_1_816' title='bbox 934 5905 1087 5958; x_wconf 83' lang='lat' dir='ltr'><strong>quant</strong></span> <span class='ocrx_word' id='word_1_817' title='bbox 1109 5889 1228 5944; x_wconf 70' lang='lat' dir='ltr'><strong>dua:</strong></span> <span class='ocrx_word' id='word_1_818' title='bbox 1251 5889 1465 5959; x_wconf 75' lang='lat' dir='ltr'><strong>nuptitc.</strong></span> <span class='ocrx_word' id='word_1_819' title='bbox 1493 5889 1666 5947; x_wconf 81' lang='lat' dir='ltr'><strong>Semel</strong></span> 
     </span>
    </p>
   </div>
   <div class='ocr_carea' id='block_1_107' title="bbox 484 5979 1107 6045">
    <p class='ocr_par' dir='ltr' id='par_1_107' title="bbox 484 5979 1107 6045">
     <span class='ocr_line' id='line_1_107' title="bbox 484 5979 1107 6045; baseline -0.006 0"><span class='ocrx_word' id='word_1_820' title='bbox 484 5984 819 6045; x_wconf 78' lang='grc' dir='ltr'>ΡΑτιιοι.</span> <span class='ocrx_word' id='word_1_821' title='bbox 861 5979 1107 6041; x_wconf 81' lang='lat' dir='ltr'><strong>XXIII.</strong></span> 
     </span>
    </p>
   </div>
   <div class='ocr_carea' id='block_1_108' title="bbox 1777 4757 3373 4839">
    <p class='ocr_par' dir='ltr' id='par_1_108' title="bbox 1777 4757 3373 4839">
     <span class='ocr_line' id='line_1_108' title="bbox 1777 4757 3373 4839; baseline 0.011 -29"><span class='ocrx_word' id='word_1_822' title='bbox 1777 4757 1941 4810; x_wconf 88' lang='lat' dir='ltr'><strong>etiam</strong></span> <span class='ocrx_word' id='word_1_823' title='bbox 2000 4765 2360 4812; x_wconf 87' lang='lat' dir='ltr'><strong>scortatorem</strong></span> <span class='ocrx_word' id='word_1_824' title='bbox 2417 4761 2625 4829; x_wconf 88' lang='lat' dir='ltr'><strong>recipio</strong></span> <span class='ocrx_word' id='word_1_825' title='bbox 2675 4762 3048 4830; x_wconf 68' lang='lat' dir='ltr'><strong>poeniteutcm.</strong></span> <span class='ocrx_word' id='word_1_826' title='bbox 3107 4769 3373 4839; x_wconf 87' lang='lat' dir='ltr'><strong>Ouidquid</strong></span> 
     </span>
    </p>
   </div>
   <div class='ocr_carea' id='block_1_109' title="bbox 1779 4847 3138 4919">
    <p class='ocr_par' dir='ltr' id='par_1_109' title="bbox 1779 4847 3138 4919">
     <span class='ocr_line' id='line_1_109' title="bbox 1779 4847 3138 4919; baseline 0.007 -19"><span class='ocrx_word' id='word_1_827' title='bbox 1779 4847 2060 4915; x_wconf 65' lang='lat' dir='ltr'><strong>aequaliter</strong></span> <span class='ocrx_word' id='word_1_828' title='bbox 2093 4848 2236 4913; x_wconf 88' lang='lat' dir='ltr'><strong>licet,</strong></span> <span class='ocrx_word' id='word_1_829' title='bbox 2267 4851 2459 4915; x_wconf 78' lang='lat' dir='ltr'><strong>mquali</strong></span> <span class='ocrx_word' id='word_1_830' title='bbox 2487 4851 2640 4904; x_wconf 87' lang='lat' dir='ltr'><strong>lance</strong></span> <span class='ocrx_word' id='word_1_831' title='bbox 2671 4854 3002 4919; x_wconf 84' lang='lat' dir='ltr'><strong>pensandum</strong></span> <span class='ocrx_word' id='word_1_832' title='bbox 3034 4869 3138 4913; x_wconf 87' lang='lat' dir='ltr'><strong>est.</strong></span> 
     </span>
    </p>
   </div>
   <div class='ocr_carea' id='block_1_110' title="bbox 1854 4939 3379 5013">
    <p class='ocr_par' dir='ltr' id='par_1_110' title="bbox 1854 4939 3379 5013">
     <span class='ocr_line' id='line_1_110' title="bbox 1854 4939 3379 5013; baseline 0.008 -20"><span class='ocrx_word' id='word_1_833' title='bbox 1854 4939 1941 4993; x_wconf 80' lang='grc'>16.</span> <span class='ocrx_word' id='word_1_834' title='bbox 1978 4939 2200 4992; x_wconf 81' lang='lat' dir='ltr'><strong>Castitas</strong></span> <span class='ocrx_word' id='word_1_835' title='bbox 2227 4953 2424 5009; x_wconf 85' lang='lat' dir='ltr'><strong>semper</strong></span> <span class='ocrx_word' id='word_1_836' title='bbox 2451 4957 2546 5008; x_wconf 82' lang='lat' dir='ltr'><strong>pra</strong></span> <span class='ocrx_word' id='word_1_837' title='bbox 2563 4941 2667 4993; x_wconf 87' lang='lat' dir='ltr'><strong>lata</strong></span> <span class='ocrx_word' id='word_1_838' title='bbox 2698 4945 2912 5013; x_wconf 81' lang='lat' dir='ltr'><strong>nuptiis.</strong></span> <span class='ocrx_word' id='word_1_839' title='bbox 2960 4945 3083 5001; x_wconf 85' lang='lat' dir='ltr'><strong>Non</strong></span> <span class='ocrx_word' id='word_1_840' title='bbox 3111 4961 3183 5002; x_wconf 84' lang='lat' dir='ltr'><strong>est</strong></span> <span class='ocrx_word' id='word_1_841' title='bbox 3215 4950 3379 5006; x_wconf 87' lang='lat' dir='ltr'><strong>bonus</strong></span> 
     </span>
    </p>
   </div>
   <div class='ocr_carea' id='block_1_111' title="bbox 1782 5031 3380 5104">
    <p class='ocr_par' dir='ltr' id='par_1_111' title="bbox 1782 5031 3380 5104">
     <span class='ocr_line' id='line_1_111' title="bbox 1782 5031 3380 5104; baseline 0.008 -18"><span class='ocrx_word' id='word_1_842' title='bbox 1782 5033 1976 5104; x_wconf 72' lang='lat' dir='ltr'><strong>duplex</strong></span> <span class='ocrx_word' id='word_1_843' title='bbox 2001 5046 2266 5086; x_wconf 84' lang='lat' dir='ltr'><strong>numerus.</strong></span> <span class='ocrx_word' id='word_1_844' title='bbox 2293 5061 2363 5070; x_wconf 92' lang='lat'><strong>——</strong></span> <span class='ocrx_word' id='word_1_845' title='bbox 2391 5031 2496 5087; x_wconf 85' lang='lat' dir='ltr'><strong>Sed</strong></span> <span class='ocrx_word' id='word_1_846' title='bbox 2525 5035 2778 5103; x_wconf 86' lang='lat' dir='ltr'><strong>quoniam</strong></span> <span class='ocrx_word' id='word_1_847' title='bbox 2811 5036 2877 5092; x_wconf 87' lang='lat' dir='ltr'><strong>ad</strong></span> <span class='ocrx_word' id='word_1_848' title='bbox 2903 5050 3060 5095; x_wconf 88' lang='lat' dir='ltr'><strong>vetus</strong></span> <span class='ocrx_word' id='word_1_849' title='bbox 3087 5058 3184 5098; x_wconf 85' lang='lat' dir='ltr'><strong>uos</strong></span> <span class='ocrx_word' id='word_1_850' title='bbox 3215 5044 3380 5099; x_wconf 85' lang='lat' dir='ltr'><strong>trahit</strong></span> 
     </span>
    </p>
   </div>
   <div class='ocr_carea' id='block_1_112' title="bbox 1770 5173 3376 5256">
    <p class='ocr_par' dir='ltr' id='par_1_112' title="bbox 1770 5173 3376 5256">
     <span class='ocr_line' id='line_1_112' title="bbox 1770 5173 3376 5256; baseline 0.01 -32"><span class='ocrx_word' id='word_1_851' title='bbox 1770 5182 1881 5256; x_wconf 85' lang='lat' dir='ltr'><strong>tum</strong></span> <span class='ocrx_word' id='word_1_852' title='bbox 1911 5174 2010 5226; x_wconf 85' lang='lat' dir='ltr'><strong>vim</strong></span> <span class='ocrx_word' id='word_1_853' title='bbox 2042 5173 2732 5256; x_wconf 35' lang='grc' dir='ltr'><strong>ραρδαλὶηειὶιιιιίᾳθρίξ-ρετ</strong></span> <span class='ocrx_word' id='word_1_854' title='bbox 2761 5177 3006 5256; x_wconf 57' lang='lat' dir='ltr'><strong>Lanteclt.</strong></span> <span class='ocrx_word' id='word_1_855' title='bbox 3031 5184 3255 5238; x_wconf 78' lang='lat' dir='ltr'><strong>constitit</strong></span> <span class='ocrx_word' id='word_1_856' title='bbox 3284 5204 3376 5256; x_wconf 80' lang='lat' dir='ltr'><strong>po-</strong></span> 
     </span>
    </p>
   </div>
   <div class='ocr_carea' id='block_1_113' title="bbox 1771 5245 3375 5328">
    <p class='ocr_par' dir='ltr' id='par_1_113' title="bbox 1771 5245 3375 5328">
     <span class='ocr_line' id='line_1_113' title="bbox 1771 5245 3375 5328; baseline 0.009 -31"><span class='ocrx_word' id='word_1_857' title='bbox 1771 5254 1880 5328; x_wconf 79' lang='lat' dir='ltr'><strong>stea</strong></span> <span class='ocrx_word' id='word_1_858' title='bbox 1911 5261 2071 5306; x_wconf 87' lang='lat' dir='ltr'><strong>usque</strong></span> <span class='ocrx_word' id='word_1_859' title='bbox 2098 5245 2150 5297; x_wconf 88' lang='lat' dir='ltr'><strong>in</strong></span> <span class='ocrx_word' id='word_1_860' title='bbox 2180 5246 2336 5328; x_wconf 81' lang='lat' dir='ltr'><strong>ﬁnem</strong></span> <span class='ocrx_word' id='word_1_861' title='bbox 2361 5246 2714 5328; x_wconf 44' lang='lat' dir='ltr'><strong>gentlsil-litts.</strong></span> <span class='ocrx_word' id='word_1_862' title='bbox 2752 5251 2886 5306; x_wconf 68' lang='lat' dir='ltr'><strong>Asiae</strong></span> <span class='ocrx_word' id='word_1_863' title='bbox 2902 5255 3150 5308; x_wconf 72' lang='lat' dir='ltr'><strong>diluvium</strong></span> <span class='ocrx_word' id='word_1_864' title='bbox 3182 5245 3375 5328; x_wconf 64' lang='lat' dir='ltr'><strong>init/ui-</strong></span> 
     </span>
    </p>
   </div>
   <div class='ocr_carea' id='block_1_114' title="bbox 1775 5318 3374 5395">
    <p class='ocr_par' dir='ltr' id='par_1_114' title="bbox 1775 5318 3374 5395">
     <span class='ocr_line' id='line_1_114' title="bbox 1775 5318 3374 5395; baseline 0.009 -27"><span class='ocrx_word' id='word_1_865' title='bbox 1775 5325 1902 5370; x_wconf 88' lang='lat' dir='ltr'><strong>tates</strong></span> <span class='ocrx_word' id='word_1_866' title='bbox 1927 5326 2358 5395; x_wconf 76' lang='lat' dir='ltr'><strong>prouocauerunt.</strong></span> <span class='ocrx_word' id='word_1_867' title='bbox 2390 5320 2549 5395; x_wconf 78' lang='lat' dir='ltr'><strong>semel</strong></span> <span class='ocrx_word' id='word_1_868' title='bbox 2571 5318 2800 5395; x_wconf 63' lang='lat' dir='ltr'><strong>defensa:</strong></span> <span class='ocrx_word' id='word_1_869' title='bbox 2824 5328 3001 5394; x_wconf 78' lang='lat' dir='ltr'><strong>quales</strong></span> <span class='ocrx_word' id='word_1_870' title='bbox 3031 5331 3242 5395; x_wconf 81' lang='lat' dir='ltr'><strong>[uerunt</strong></span> <span class='ocrx_word' id='word_1_871' title='bbox 3269 5318 3374 5382; x_wconf 72' lang='lat' dir='ltr'><strong>non</strong></span> 
     </span>
    </p>
   </div>
   <div class='ocr_carea' id='block_1_115' title="bbox 1775 5391 3369 5461">
    <p class='ocr_par' dir='ltr' id='par_1_115' title="bbox 1775 5391 3369 5461">
     <span class='ocr_line' id='line_1_115' title="bbox 1775 5391 3369 5461; baseline 0.007 -21"><span class='ocrx_word' id='word_1_872' title='bbox 1775 5396 1941 5442; x_wconf 80' lang='lat' dir='ltr'><strong>tamen</strong></span> <span class='ocrx_word' id='word_1_873' title='bbox 1975 5391 2267 5460; x_wconf 76' lang='lat' dir='ltr'><strong>septuagies</strong></span> <span class='ocrx_word' id='word_1_874' title='bbox 2293 5393 2497 5461; x_wconf 72' lang='lat' dir='ltr'><strong>septies,</strong></span> <span class='ocrx_word' id='word_1_875' title='bbox 2524 5392 2662 5460; x_wconf 86' lang='lat' dir='ltr'><strong>quod</strong></span> <span class='ocrx_word' id='word_1_876' title='bbox 2688 5393 2720 5443; x_wconf 83' lang='lat' dir='ltr'><strong>tl</strong></span> <span class='ocrx_word' id='word_1_877' title='bbox 2729 5412 2792 5446; x_wconf 89' lang='lat' dir='ltr'><strong>tto</strong></span> <span class='ocrx_word' id='word_1_878' title='bbox 2814 5391 3146 5449; x_wconf 76' lang='lat' dir='ltr'><strong>matrimonia</strong></span> <span class='ocrx_word' id='word_1_879' title='bbox 3166 5414 3369 5452; x_wconf 80' lang='lat' dir='ltr'><strong>merue-</strong></span> 
     </span>
    </p>
   </div>
   <div class='ocr_carea' id='block_1_116' title="bbox 1777 5471 1920 5515">
    <p class='ocr_par' dir='ltr' id='par_1_116' title="bbox 1777 5471 1920 5515">
     <span class='ocr_line' id='line_1_116' title="bbox 1777 5471 1920 5515; baseline 0.021 -3"><span class='ocrx_word' id='word_1_880' title='bbox 1777 5471 1920 5515; x_wconf 84' lang='lat' dir='ltr'><strong>ruttl.</strong></span> 
     </span>
    </p>
   </div>
   <div class='ocr_carea' id='block_1_117' title="bbox 1850 5530 3376 5612">
    <p class='ocr_par' dir='ltr' id='par_1_117' title="bbox 1850 5530 3376 5612">
     <span class='ocr_line' id='line_1_117' title="bbox 1850 5530 3376 5612; baseline 0.005 -28"><span class='ocrx_word' id='word_1_881' title='bbox 1850 5530 1876 5612; x_wconf 60' lang='lat' dir='ltr'><strong>fl</strong></span> <span class='ocrx_word' id='word_1_882' title='bbox 1917 5531 2095 5612; x_wconf 78' lang='lat' dir='ltr'><strong>Malim</strong></span> <span class='ocrx_word' id='word_1_883' title='bbox 2123 5547 2246 5612; x_wconf 85' lang='lat' dir='ltr'><strong>cum</strong></span> <span class='ocrx_word' id='word_1_884' title='bbox 2273 5534 2442 5588; x_wconf 88' lang='lat' dir='ltr'><strong>veteri</strong></span> <span class='ocrx_word' id='word_1_885' title='bbox 2485 5533 2724 5612; x_wconf 63' lang='lat' dir='ltr'><strong>editione</strong></span> <span class='ocrx_word' id='word_1_886' title='bbox 2756 5536 2858 5603; x_wconf 84' lang='lat' dir='ltr'><strong>legi</strong></span> <span class='ocrx_word' id='word_1_887' title='bbox 2911 5535 3244 5606; x_wconf 81' lang='lat' dir='ltr'><strong>Monogamia</strong></span> <span class='ocrx_word' id='word_1_888' title='bbox 3274 5557 3376 5612; x_wconf 87' lang='lat' dir='ltr'><strong>pro</strong></span> 
     </span>
    </p>
   </div>
   <div class='ocr_carea' id='block_1_118' title="bbox 1783 5601 2895 5676">
    <p class='ocr_par' dir='ltr' id='par_1_118' title="bbox 1783 5601 2895 5676">
     <span class='ocr_line' id='line_1_118' title="bbox 1783 5601 2895 5676; baseline 0.002 -20"><span class='ocrx_word' id='word_1_889' title='bbox 1783 5601 2022 5675; x_wconf 88' lang='lat' dir='ltr'><strong>Digamia</strong></span> <span class='ocrx_word' id='word_1_890' title='bbox 2047 5619 2065 5669; x_wconf 89' lang='lat'><strong><em>;</em></strong></span> <span class='ocrx_word' id='word_1_891' title='bbox 2096 5607 2188 5658; x_wconf 84' lang='lat' dir='ltr'><strong>sed</strong></span> <span class='ocrx_word' id='word_1_892' title='bbox 2219 5620 2350 5658; x_wconf 66' lang='lat' dir='ltr'><strong>mss.</strong></span> <span class='ocrx_word' id='word_1_893' title='bbox 2379 5621 2486 5658; x_wconf 89' lang='lat' dir='ltr'><strong>non</strong></span> <span class='ocrx_word' id='word_1_894' title='bbox 2514 5601 2895 5676; x_wconf 70' lang='lat' dir='ltr'><strong>suffragantur.</strong></span> 
     </span>
    </p>
   </div>
   <div class='ocr_carea' id='block_1_119' title="bbox 1842 5676 3333 5747">
    <p class='ocr_par' dir='ltr' id='par_1_119' title="bbox 1842 5676 3333 5747">
     <span class='ocr_line' id='line_1_119' title="bbox 1842 5676 3333 5747; baseline 0.006 -22"><span class='ocrx_word' id='word_1_895' title='bbox 1842 5687 1865 5714; x_wconf 75' lang='grc' dir='ltr'><strong><em>ε</em></strong></span> <span class='ocrx_word' id='word_1_896' title='bbox 1911 5676 2105 5730; x_wconf 81' lang='lat' dir='ltr'><strong>Nostra</strong></span> <span class='ocrx_word' id='word_1_897' title='bbox 2131 5677 2488 5744; x_wconf 72' lang='lat' dir='ltr'><strong>exemplaria.</strong></span> <span class='ocrx_word' id='word_1_898' title='bbox 2525 5693 2620 5730; x_wconf 77' lang='lat' dir='ltr'><strong>nec</strong></span> <span class='ocrx_word' id='word_1_899' title='bbox 2652 5692 2966 5746; x_wconf 73' lang='lat' dir='ltr'><strong>Consequens</strong></span> <span class='ocrx_word' id='word_1_900' title='bbox 2986 5694 3098 5732; x_wconf 84' lang='lat' dir='ltr'><strong>esse</strong></span> <span class='ocrx_word' id='word_1_901' title='bbox 3127 5689 3203 5747; x_wconf 85' lang='lat' dir='ltr'><strong>ut,</strong></span> <span class='ocrx_word' id='word_1_902' title='bbox 3227 5694 3333 5742; x_wconf 78' lang='lat' dir='ltr'><strong>etc,</strong></span> 
     </span>
    </p>
   </div>
   <div class='ocr_carea' id='block_1_120' title="bbox 1845 5747 3371 5822">
    <p class='ocr_par' dir='ltr' id='par_1_120' title="bbox 1845 5747 3371 5822">
     <span class='ocr_line' id='line_1_120' title="bbox 1845 5747 3371 5822; baseline 0.02 -36"><span class='ocrx_word' id='word_1_903' title='bbox 1845 5747 1865 5822; x_wconf 61' lang='grc' dir='ltr'><strong>ι</strong></span> <span class='ocrx_word' id='word_1_904' title='bbox 1910 5747 2065 5812; x_wconf 36' lang='lat' dir='ltr'><strong>Mss“</strong></span> <span class='ocrx_word' id='word_1_905' title='bbox 2089 5751 2342 5812; x_wconf 83' lang='lat' dir='ltr'><strong>mortuis;</strong></span> <span class='ocrx_word' id='word_1_906' title='bbox 2367 5761 2418 5822; x_wconf 85' lang='lat' dir='ltr'><strong>et</strong></span> <span class='ocrx_word' id='word_1_907' title='bbox 2449 5764 2570 5801; x_wconf 65' lang='lat' dir='ltr'><strong>mox</strong></span> <span class='ocrx_word' id='word_1_908' title='bbox 2605 5751 2716 5822; x_wconf 72' lang='lat' dir='ltr'><strong>puri</strong></span> <span class='ocrx_word' id='word_1_909' title='bbox 2770 5762 3063 5815; x_wconf 84' lang='lat' dir='ltr'><strong>Consensu,</strong></span> <span class='ocrx_word' id='word_1_910' title='bbox 3087 5755 3259 5822; x_wconf 75' lang='lat' dir='ltr'><strong>plures</strong></span> <span class='ocrx_word' id='word_1_911' title='bbox 3287 5761 3371 5815; x_wconf 83' lang='lat' dir='ltr'><strong>ab-</strong></span> 
     </span>
    </p>
   </div>
   <div class='ocr_carea' id='block_1_121' title="bbox 1759 5819 3370 5890">
    <p class='ocr_par' dir='ltr' id='par_1_121' title="bbox 1759 5819 3370 5890">
     <span class='ocr_line' id='line_1_121' title="bbox 1759 5819 3370 5890; baseline 0.009 -19"><span class='ocrx_word' id='word_1_912' title='bbox 1759 5819 1912 5889; x_wconf 86' lang='lat' dir='ltr'><strong>jiciat</strong></span> <span class='ocrx_word' id='word_1_913' title='bbox 1930 5834 2063 5871; x_wconf 77' lang='lat' dir='ltr'><strong>atros</strong></span> <span class='ocrx_word' id='word_1_914' title='bbox 2096 5834 2196 5887; x_wconf 85' lang='lat' dir='ltr'><strong>pro</strong></span> <span class='ocrx_word' id='word_1_915' title='bbox 2224 5820 2476 5887; x_wconf 84' lang='lat' dir='ltr'><strong>accipiat;</strong></span> <span class='ocrx_word' id='word_1_916' title='bbox 2504 5830 2557 5870; x_wconf 90' lang='lat' dir='ltr'><strong>et</strong></span> <span class='ocrx_word' id='word_1_917' title='bbox 2583 5821 2738 5888; x_wconf 87' lang='lat' dir='ltr'><strong>paulo</strong></span> <span class='ocrx_word' id='word_1_918' title='bbox 2762 5828 2905 5888; x_wconf 85' lang='lat' dir='ltr'><strong>post,</strong></span> <span class='ocrx_word' id='word_1_919' title='bbox 2928 5819 3181 5880; x_wconf 71' lang='lat' dir='ltr'><strong>secundus</strong></span> <span class='ocrx_word' id='word_1_920' title='bbox 3204 5828 3370 5890; x_wconf 84' lang='lat' dir='ltr'><strong>Adam</strong></span> 
     </span>
    </p>
   </div>
   <div class='ocr_carea' id='block_1_122' title="bbox 1771 5891 2582 5962">
    <p class='ocr_par' dir='ltr' id='par_1_122' title="bbox 1771 5891 2582 5962">
     <span class='ocr_line' id='line_1_122' title="bbox 1771 5891 2582 5962; baseline -0.002 -18"><span class='ocrx_word' id='word_1_921' title='bbox 1771 5891 1912 5962; x_wconf 82' lang='lat' dir='ltr'><strong>virgo</strong></span> <span class='ocrx_word' id='word_1_922' title='bbox 1945 5907 2043 5960; x_wconf 86' lang='lat' dir='ltr'><strong>pro</strong></span> <span class='ocrx_word' id='word_1_923' title='bbox 2066 5892 2322 5944; x_wconf 85' lang='lat' dir='ltr'><strong>secandus</strong></span> <span class='ocrx_word' id='word_1_924' title='bbox 2347 5905 2582 5959; x_wconf 80' lang='lat' dir='ltr'><strong>agamus.</strong></span> 
     </span>
    </p>
   </div>
  </div>
