4062 6362
611 389 718 447 1155

1846 375 1904 432 S.
1947 375 2217 434 EUSEBII
2259 374 2644 432 HlEliONYMl

3809 377 3919 434 236

613 509 1040 566 'I'ostamentnm,
1065 509 1124 554 et
1170 498 1434 568 incipiens
1463 494 1530 549 ab
1559 492 1754 560 Adam,
1789 491 1855 547 ad
1885 493 2204 548 Zachariam
2234 496 2280 556 Α
2315 491 2383 547 Et
2409 492 2539 547 vidit
2575 490 2716 547 Deus
2761 491 2884 559 quia
2929 491 3120 546 bonum
3160 502 3270 557 est,
3304 491 3356 548 iu
3408 491 3652 549 secundo
3691 491 3781 547 die
3811 492 3918 549 hoc

613 609 668 654 et
696 593 968 650 Elisabetli
1016 592 1269 662 pervenit
1295 609 1307 645 :
1339 605 1402 644 ac
1425 587 1621 644 deinde
1653 589 1881 657 opponit
1911 587 2129 643 Petrum
2155 596 2210 642 et

609 701 841 745 czeteros
867 687 1169 755 apostolos,
1197 694 1222 724 ι
1249 698 1347 738 nos
1370 696 1585 752 quoque
1609 679 1872 735 debemus
1901 694 1996 750 per
2018 677 2206 734 eadem

608 797 834 837 currere
870 778 1094 849 vestigia
1144 775 1503 843 qumstiouum
1525 813 1540 838 ,
1569 782 1624 827 et
1669 772 1868 828 docere
1898 772 2205 826 castitatem

609 890 830 944 semper
871 872 1023 942 operi
1070 871 1382 939 nuptiarum
1436 866 1603 922 fuisse
1651 866 1951 936 prtelatam.
2017 868 2092 920 Ac
2139 864 2206 920 de

609 969 782 1024 Adam
813 965 1031 1037 quidem
1061 974 1115 1018 et
1149 963 1258 1017 Eva
1285 960 1418 1015 illud
1451 959 1765 1022 dicendum,
1795 959 1939 1030 quod
1973 967 2098 1014 ante
2127 957 2206 1011 ol-

606 1060 812 1115 l‘cnsam
858 1057 910 1112 in
954 1053 1209 1126 paradiso
1238 1053 1479 1123 virgines
1505 1051 2202 1121 fuerintzpostpeccatum

603 1161 810 1216 autem,
835 1158 891 1204 et
921 1157 1071 1204 extra
1105 1144 1413 1216 paradisum
1439 1145 1691 1213 protinus
1723 1144 1941 1212 nuptiae.
1972 1142 2199 1207 Deinde,

602 1244 745 1315 quod
780 1226 1105 1311 hoc-ipsum
1156 1240 1548 1306 interpretetur
1577 1235 1873 1306 Apostolus
1918 1253 1932 1290 :
1978 1234 2203 1305 Propter

599 1339 699 1391 hoc
729 1336 980 1406 relinquet
1017 1335 1169 1387 homo
1212 1341 1414 1402 patrem
1440 1346 1489 1384 et
1518 1341 1732 1384 matrem
1759 1329 1786 1367 ι’
1818 1345 1965 1383 suam
1986 1370 1999 1390 ,
2030 1340 2079 1384 et
2107 1329 2201 1381 ad-

598 1428 808 1484 ha'rebit
836 1427 990 1480 uxori
1012 1441 1139 1492 suae,
1172 1434 1217 1477 et
1244 1433 1395 1477 erunt
1421 1423 1523 1476 duo
1552 1423 1605 1477 in
1630 1437 1787 1476 carne
1825 1437 1930 1475 una
1974 1419 2196 1491 (Ep/tes.

593 1539 649 1589 v,
682 1522 772 1586 '51,
806 1519 874 1574 ad
900 1519 1032 1574 Gen.
1067 1533 1124 1584 ιι,
1155 1517 1273 1587 24).
1324 1514 1628 1587 Statimque
1659 1514 1942 1584 subjungit
1967 1530 1979 1566 :
2007 1513 2200 1569 Sacra-

593 1629 819 1673 mentum
847 1617 943 1669 hoc
984 1629 1229 1684 magnum
1268 1620 1362 1666 est.
1408 1610 1524 1681 Ego
1551 1620 1723 1664 autem
1764 1609 1879 1663 dico
1905 1608 1958 1662 in
1989 1606 2197 1661 Christo

590 1723 641 1766 et
670 1713 724 1766 in
753 1710 990 1764 Ecclesia
1014 1707 1207 1776 (Ibid.,
1239 1706 1353 1776 39.).
1388 1705 1638 1761 Christus
1667 1707 1719 1758 in
1745 1719 1911 1760 carne
1941 1705 2116 1774 virgo,
2142 1703 2192 1758 in

585 1795 780 1875 spiritu
806 1816 1183 1872 tnonogumus.
1216 1799 1392 1855 Unam
1415 1799 1559 1854 enim
1590 1799 1752 1852 habet
1777 1798 2101 1862 Eeclesiam,
2126 1795 2195 1851 de

2311 587 2536 641 omnino
2559 585 2857 641 subtraxit:
2877 583 3034 638 nobis
3057 585 3470 656 intelligentiam
3493 584 3913 656 derelinquens,

2311 691 2417 731 non
2467 692 2591 732 esse
2640 676 2841 732 bonum
2902 676 3176 746 duplicem
3225 694 3556 747 numerum,
3606 678 3730 748 quia
3782 680 3851 734 ab
3889 687 3912 716 ο

2309 772 2514 826 unione
2561 771 2808 837 dividat,
2853 779 2906 828 et
2954 772 3270 842 pra'liguret
3317 772 3525 832 lmdera
3574 770 3913 841 nuptiarum.

2311 863 2466 919 Unde
2493 865 2546 919 in
2576 879 2702 920 arca
2731 863 2845 920 Noe
2873 865 3056 919 ontnia
3087 865 3367 930 animalia,
3399 879 3756 935 quaecumque
3783 863 3913 922 bina

2307 955 2708 1025 ingrediuntur,
2729 956 3018 1013 immunda
3051 967 3178 1015 sunt
3202 957 3352 1026 (Gen.
3389 968 3529 1016 vnet
3559 958 3697 1028 vin).
3731 958 3911 1026 Impar

2306 1066 2566 1106 numerus
2595 1059 2684 1107 est
2713 1051 2966 1107 mundus.
2998 1051 3341 1119 Quamquam
3366 1052 3416 1108 in
3445 1051 3645 1120 duplici
3679 1065 3913 1106 numero

2305 1143 2629 1201 ostendatur
2654 1154 2709 1200 et
2739 1143 2885 1199 aliud
2915 1154 3344 1205 sacramentum.
3368 1144 3517 1216 quod
3549 1159 3616 1202 ne
3644 1144 3695 1197 in
3718 1144 3913 1200 bestiis

2304 1234 2524 1305 quidem
2565 1245 2620 1294 ct
2649 1240 2702 1290 in
2733 1235 3026 1295 immundis
3056 1237 3246 1292 avibus
3275 1237 3511 1307 digamia
3554 1237 3916 1306 comprobata

2303 1331 2395 1386 sit.
2436 1329 2455 1370 ί
2485 1331 2616 1386 Bina
2645 1331 2790 1386 enim
2824 1331 3205 1401 ingrediuntur
3248 1331 3528 1387 immunda
3555 1349 3570 1385 :
3595 1341 3649 1387 et
3676 1343 3912 1401 septena

2301 1439 2424 1495 qua:
2447 1425 2644 1479 munda
2670 1435 2817 1491 sunt,
2846 1435 2901 1480 ut
2926 1425 3150 1481 haberet
3168 1425 3280 1482 Noe
3307 1437 3426 1495 post
3447 1426 3734 1493 diluvium,
3761 1427 3916 1498 quod

2302 1515 2368 1570 de
2402 1517 2595 1587 impari
2628 1534 2855 1574 numero
2888 1519 3070 1574 statim
3105 1519 3219 1574 Deo
3251 1529 3436 1589 posset
3458 1519 3680 1575 oll’erre.

2374 1613 2462 1666 l7.
2491 1611 2548 1666 Si
2580 1622 2764 1668 autem
2809 1612 3136 1668 transfertur
3165 1623 3188 1661 κ
3216 1612 3408 1668 Enocb
3436 1655 3450 1678 ,
3483 1622 3537 1669 et
3563 1621 3820 1668 servatur
3849 1613 3913 1672 111

2299 1703 2510 1758 diluvio
2555 1703 2696 1768 Noe,
2734 1721 2838 1759 non
2889 1721 3014 1761 reor
3062 1704 3269 1761 idcirco
3317 1705 3644 1762 translatum
3693 1704 3912 1772 Enocb,

2299 1795 2442 1866 quod
2476 1811 2702 1852 uxorem
2740 1797 3026 1860 habuerit;
3055 1797 3152 1852 scd
3192 1797 3336 1867 qttod
3367 1797 3576 1868 primos
3607 1798 3913 1856 invocave-

587 1915 693 1971 qua
725 1899 865 1952 idem
897 1896 1232 1967 Apostolus:
1268 1892 1410 1958 Viri,
1439 1892 1632 1962 inquit,
1661 1891 1862 1963 diligite
1890 1906 2076 1944 uxores
2101 1905 2187 1943 ve-
2222 1895 2267 1956 B
2297 1890 2368 1943 rit
2398 1891 2562 1945 Deum
2588 1933 2603 1955 ,
2626 1898 2682 1946 et
2706 1891 3008 1946 crediderit
3034 1889 3062 1928 ιι
3090 1891 3146 1946 111
3172 1891 3486 1948 Creatorem
3513 1891 3618 1963 [AL
3649 1892 3912 1949 Salvato—

585 2001 741 2055 stras,
766 1991 897 2044 sicut
938 1998 985 2044 et
1029 1987 1267 2042 Christus
1299 1985 1587 2038 Ecclesium
1616 1984 1832 2057 (Ephes.
1868 2000 1922 2047 ν,
1953 1983 2057 2047 25;
2090 1982 2188 2037 Co-

581 2082 708 2138 loss.
740 2098 822 2148 ttl,
854 2082 966 2150 l9).
1015 2080 1072 2136 Si
1100 2079 1353 2134 Christus
1383 2088 1594 2144 sancte,
1625 2078 1671 2131 si
1703 2085 1874 2142 caste,
1907 2076 1950 2130 si
1981 2076 2187 2145 absque

579 2177 690 2231 ulla
720 2175 933 2230 macula
961 2173 1267 2228 Ecclesiam
1314 2170 1532 2242 diligit:
1559 2171 1656 2223 viri
1691 2184 1908 2239 quoque
1933 2169 1984 2222 in
2016 2167 2184 2222 casti-

578 2282 689 2328 tate
721 2285 922 2326 uxores
959 2285 1086 2324 suas
1117 2268 1379 2339 diligant,
1411 2275 1466 2321 et
1506 2267 1640 2320 sciat
1683 2265 2054 2335 unusquisque
2089 2277 2186 2317 vas

576 2382 734 2421 suum
766 2363 1046 2433 possidere
1076 2362 1128 2416 in
1160 2360 1595 2416 sanetilicatione
1633 2368 1690 2413 et
1716 2357 1926 2414 honore
1946 2398 1958 2420 ,
1988 2371 2093 2409 non
2129 2355 2180 2408 in

577 2457 832 2526 passione
881 2453 1176 2516 desiderii,
1206 2454 1348 2507 sicut
1396 2461 1451 2507 et
1496 2461 1716 2522 gentes,
1751 2467 1873 2520 qua:
1931 2449 2183 2504 nesciunt

575 2551 747 2604 Deum
775 2566 787 2600 :
816 2546 998 2617 Neque
1021 2546 1156 2600 enim
1181 2545 1376 2599 vocavit
1400 2561 1494 2598 nos
1522 2542 1662 2598 Deus
1689 2544 1740 2596 in
1770 2541 2176 2606 immunditiam,

568 2644 660 2698 sed
690 2644 744 2697 in
776 2641 1240 2712 sanctificationcm
1275 2639 1318 2710 (1
1352 2638 1534 2694 Thess.
1565 2655 1649 2704 tv,
1685 2640 1738 2708 '1)
1767 2654 1786 2692 :
1809 2647 2052 2692 exuentes
2085 2653 2179 2690 nos

569 2748 788 2793 veterem
814 2737 1075 2790 hominem
1104 2751 1221 2788 cum
1252 2734 1492 2796 oneribus
1530 2733 1660 2798 suis,
1687 2742 1733 2785 et
1764 2731 2037 2785 induentes
2077 2745 2175 2782 no-

563 2844 705 2896 sum,
721 2833 807 2898 qui
829 2842 1107 2882 renovatur
1124 2829 1290 2900 266
1304 2830 1355 2880 in
1371 2826 1716 2896 cognitionem
1732 2827 2020 2878 secundum
2043 2825 2178 2878 ima-

568 2926 740 2994 ginem
762 2922 1020 2976 Creatoris
1044 2925 1124 2975 sui
1153 2937 1170 2973 :
1195 2921 1279 2973 ubi
1307 2937 1407 2973 non
1435 2930 1509 2972 est
1541 2929 1564 2957 θ
1594 2919 1855 2972 masculus
1880 2928 1926 2971 et
1959 2919 2172 2988 fenaina,

570 3014 781 3070 Gnarus
804 3023 849 3067 ct
875 3011 1114 3077 Judteus,
1136 3013 1460 3065 circumcisio
1487 3020 1535 3064 et
1566 3012 1897 3080 praeputium,
1922 3011 2175 3064 barbarus

564 3118 613 3162 et
633 3106 847 3177 Scytha.
873 3122 1046 3159 seruus
1065 3114 1110 3158 et
1129 3104 1277 3169 liber,
1303 3105 1393 3158 sed
1415 3104 1589 3156 omnia
1608 3114 1655 3156 et
1677 3105 1729 3157 in
1751 3103 1990 3156 omnibus
2015 3100 2166 3155 Chri-

564 3211 675 3254 stus
705 3197 931 3269 (Coloss.
966 3213 1044 3264 ttt,
1083 3198 1169 3262 10,
1203 3196 1316 3267 11).
1348 3197 1533 3264 Imago
1560 3195 1838 3252 Creatoris
1870 3211 1976 3250 non
2009 3195 2172 3250 habet.

2294 1983 2455 2055 rem],
2477 1985 2543 2039 de
2561 2002 2670 2056 quo
2695 1986 2891 2040 Paulus
2914 1985 3194 2056 apostolus
3217 1986 3272 2039 in
3295 1986 3536 2056 EpiStola
3555 1985 3619 2043 ad
3642 1985 3913 2044 Hebraeos

2292 2077 2614 2148 plenissime
2655 2079 2819 2134 docet
2849 2078 3007 2149 (Hel).
3045 2095 3101 2145 x,
3135 2077 3216 2150 5).
3250 2079 3426 2135 Porro
3459 2079 3594 2145 Noe,
3627 2081 3716 2150 qui
3745 2081 3909 2149 quasi

2290 2169 2532 2225 secunda
2582 2171 2734 2227 radix
2786 2171 3025 2227 humano
3065 2173 3254 2238 generi
3304 2173 3663 2239 servabatur,
3711 2175 3909 2243 utique

2289 2279 2412 2318 cum
2436 2264 2597 2336 267
2621 2280 2791 2320 uxore
2808 2275 2861 2320 et
2879 2265 3007 2320 liliis
3030 2265 3219 2320 debuit
3241 2267 3532 2322 reservari.
3552 2266 3904 2336 Quamquam

2290 2355 2344 2408 in
2373 2355 2479 2410 hoc
2509 2360 2828 2427 mysterium
2863 2356 3272 2426 Scriptttrarum
3305 2359 3397 2413 sit.
3429 2359 3570 2414 Area
3605 2359 3715 2423 illa,
3743 2359 3908 2427 juxta

2283 2448 2598 2516 apostolum
2630 2449 2850 2504 Petrum
2879 2450 2925 2515 (i
2972 2448 3092 2504 Pet.
3125 2447 3230 2521 ut),
3268 2461 3430 2521 typus
3461 2451 3723 2508 Ecclesiae
3771 2451 3905 2518 fuit,

2287 2541 2341 2595 in
2371 2557 2475 2612 qna
2498 2551 2625 2599 octo
2655 2544 2854 2597 anima:
2881 2542 3050 2599 salvat
3082 2541 3237 2598 taetre
3269 2554 3416 2598 sunt.
3450 2544 3680 2610 Quando
3711 2545 3905 2615 ingre-

2284 2635 2433 2690 ditur
2465 2637 2518 2690 in
2552 2653 2670 2690 eam
2701 2637 2836 2702 Noe,
2864 2647 2972 2691 tam
3000 2636 3140 2706 ipse,
3167 2652 3329 2707 quam
3361 2638 3453 2692 lilii
3484 2639 3626 2706 ejus,
3653 2637 3721 2692 ab
3750 2653 3899 2692 uxo-

2285 2729 2440 2784 ribus
2469 2743 2796 2800 separantur
2821 2749 2834 2784 :
2861 2731 3084 2802 quando
3110 2746 3240 2786 vero
3269 2730 3552 2800 egreditur
3577 2731 3629 2785 in
3659 2739 3900 2798 terram,

2280 2823 2580 2893 junguntur
2611 2825 2756 2893 paria
2784 2843 2798 2879 :
2824 2833 2879 2880 et
2907 2825 3054 2895 quod
3083 2825 3136 2878 111
3164 2840 3315 2888 arca,
3348 2823 3402 2879 id
3421 2833 3525 2882 est.
3560 2825 3617 2880 in
3647 2823 3902 2882 Ecclesia

2281 2918 2460 2972 fuerat
2490 2929 2803 2990 separatum
2824 2961 2839 2983 ,
2874 2920 2925 2973 iu
2958 2919 3147 2974 mundi
3175 2919 3594 2976 conversatione
3627 2921 3902 2978 set-iatur.

2279 3009 2564 3080 Simulque
2603 3013 2648 3065 si
2694 3027 2817 3066 arca
2853 3012 3040 3082 plures
3067 3012 3254 3067 habuit
3301 3013 3616 3068 mansiones
3643 3022 3698 3068 et
3726 3013 3907 3068 nidu-

2281 3103 2384 3166 lus.
2413 3115 2470 3159 et
2516 3105 2868 3170 bicatnerata,
2899 3114 2955 3161 et
2998 3107 3344 3162 trietimerata
3368 3148 3383 3171 ,
3413 3116 3469 3161 et
3497 3105 3743 3164 diversas
3793 3109 3902 3165 be-

2279 3199 2447 3263 stias;
2475 3209 2530 3253 et
2553 3215 2652 3269 pro
2672 3202 2933 3269 qualitate
2947 3201 3263 3256 animalium
3282 3201 3646 3256 habitationes
3667 3218 3902 3272 quoque

564 3295 817 3365 c0pulam
859 3295 1193 3362 nuptiarum.
1230 3292 1332 3349 Ubi
1363 3292 1656 3346 diversitas
1702 3309 1864 3347 sexus
1900 3291 2167 3357 aufertur,
2200 3297 2246 3360 ρ
2279 3294 2364 3347 vel
2415 3294 2652 3364 majores
2697 3295 2780 3350 vel
2832 3297 3097 3362 minores,
3144 3299 3362 3353 testi-to
3401 3299 3543 3368 quod
3594 3297 3900 3356 diversi-as

561 3401 618 3444 et
646 3387 819 3443 veteri
855 3387 1075 3440 homine
1107 3387 1358 3439 exnimur
1379 3426 1393 3451 ,
1418 3394 1473 3441 et
1503 3385 1782 3439 induimur
1810 3401 1975 3447 novo.
2009 3385 2080 3438 ibi
2111 3385 2165 3439 in

560 3483 837 3537 Christum
871 3479 1211 3533 renascimur
1243 3479 1534 3547 virginem,
1568 3479 1658 3546 qui
1684 3490 1740 3533 et
1769 3490 1928 3533 natus
1959 3495 2025 3533 ex
2058 3481 2167 3533 vir-

561 3574 720 3644 gine,
753 3582 808 3626 et
831 3581 1057 3626 renatus
1083 3586 1180 3640 per
1207 3571 1467 3638 virginem
1501 3582 1604 3624 est.
1649 3572 1806 3637 Quod
1837 3582 2017 3626 autem
2048 3572 2161 3625 ait:

565 3667 785 3722 Crescite
813 3676 858 3721 et
887 3664 1350 3732 multiplicamini,
1395 3673 1442 3716 et
1487 3664 1681 3735 replete
1710 3674 1897 3717 terram
1933 3663 2091 3734 (Gen.
2123 3679 2162 3729 1,

559 3760 677 3828 28),
733 3774 960 3814 necesse
994 3758 1092 3811 fuit
1123 3756 1270 3826 prius
1301 3755 1548 3825 plantare
1575 3756 1765 3809 silvam
1797 3765 1853 3811 et
1882 3772 2162 3824 crescere,

564 3864 620 3906 ut
648 3861 792 3906 0559'.
819 3851 962 3922 quod
992 3857 1181 3920 postea
1214 3858 1396 3917 posset
1423 3847 1623 3905 excidi.
1675 3849 1959 3920 Simulque
1987 3852 2169 3905 cousi-

565 3947 802 4002 derandu
850 3947 930 4001 vis
981 3945 1156 4009 verbi,
1206 3944 1396 4014 replete
1444 3954 1654 3996 (errant.
1706 3941 1918 4012 Nuptite
1965 3953 2168 3999 terram

567 4040 799 4110 replent,
821 4039 1111 4108 virginitas
1140 4036 1479 4106 paradisum.
1504 4033 1615 4089 Sed
1639 4044 1693 4089 et
1723 4035 1826 4090 hoe
1849 4036 2168 4091 intuendum

561 4129 588 4170 ἀ
619 4132 898 4186 dumtaxat
942 4130 1094 4199 juxta
1143 4129 1456 4184 ltebrnicam
1505 4129 1824 4196 veritatem,
1858 4129 2001 4200 quod
2043 4146 2167 4186 cum

565 4224 842 4296 Scriptura
877 4227 930 4278 in
963 4224 1162 4294 primo,
1198 4231 1254 4277 et
1285 4223 1489 4284 tertio,
1524 4230 1580 4276 ct
1609 4231 1827 4292 quarto,
1860 4230 1915 4276 et
1949 4223 2178 4293 quinto,‘

567 4328 621 4375 et
647 4331 808 4376 sexto
837 4319 947 4387 die,
977 4317 1212 4389 expletis
1257 4316 1517 4387 operibus
1545 4318 1885 4386 singulorum
1913 4317 2118 4373 dixerit
2149 4335 2164 4372 :

640 4525 664 4550 η
701 4510 1111 4576 Casanatensis,
1142 4518 1190 4562 et
1231 4516 1442 4562 caeteros
1477 4503 1741 4576 apostolos
1767 4502 2009 4557 habuisse
2038 4519 2172 4558 uxo-

776 4603 820 4643 8.
855 4596 962 4638 ριο.

776 4603 820 4643 8.
855 4603 962 4638 (HC.

571 4603 673 4694 "si:
705 4603 959 4709 iiuna...
982 4670 1128 4707 suam
1152 4666 1252 4706 nec
1280 4659 1464 4704 nostra
1493 4646 1826 4718 exemplaria
1854 4663 1955 4704 nec
1979 4649 2168 4702 lirzeca

579 4727 804 4799 cpistola
839 4727 905 4779 ad
943 4725 1210 4788 Ephesios
1241 4723 1460 4799 habt-nl.

652 4811 674 4837 ε
714 4800 945 4852 Tantum
982 4814 1085 4848 non
1130 4794 1492 4865 expunxitnus
1521 4791 1685 4846 verba
1721 4795 1981 4848 musculus
2010 4805 2059 4850 et
2091 4796 2169 4862 fe-

577 4872 715 4924 mina
738 4913 750 4932 ,
805 4886 923 4938 qnze
957 4869 1007 4921 111
1039 4868 1202 4921 editis
1251 4867 1336 4918 hic
1381 4865 1783 4938 inti-rsorttntnr
1807 4875 1996 4919 contra
2030 4882 2163 4921 mss.

575 4936 837 5003 omnium,
873 4956 1007 5002 tlllllS
1033 4939 1434 4995 consuluinius,
1469 4936 1649 4993 tidem.
1687 4941 1854 4989 immo
1886 4947 1941 4993 et
1987 4950 2166 4992 ιιιχιυς

579 5016 725 5068 Pauli
775 5013 840 5063 ad
890 5012 1250 5064 (Inlussenses
1282 5025 1338 5062 111
1363 5050 1375 5072 ,
1409 5009 1506 5070 -10,
1536 5006 1691 5076 cujus
1723 5007 1810 5060 hic
1856 5009 2005 5061 locus
2035 5020 2118 5063 cst
2147 5026 2161 5060 :

579 5084 714 5138 infra
744 5084 886 5137 enim
916 5097 1026 5134 tit-st
1048 5083 1099 5132 io
1129 5081 1252 5145 quid
1291 5079 1358 5131 de
1389 5094 1614 5131 sexuum
1644 5079 1961 5132 diversitate
1993 5097 2163 5148 expo-

579 5157 658 5208 nit
708 5154 1105 5220 lln-ronyuius,
1139 5167 1258 5218 quae
1305 5150 1414 5203 illis
1444 5157 1733 5212 utcumque
1778 5153 2162 5218 sull'ragantur.

580 5224 710 5280 Tum
746 5226 991 5288 lcgimus,
1025 5221 1114 5274 scd
1156 5221 1347 5284 omnia,
1391 5231 1431 5273 et
1460 5221 1512 5273 in
1541 5223 1774 5274 omnibus
1808 5239 1928 5279 cum
1971 5224 2162 5277 iisdem

579 5315 711 5352 mss.
741 5307 794 5348 et
826 5294 1015 5348 Gru-co
1047 5304 1214 5346 textu.

646 5367 671 5405 ἀ
717 5367 886 5422 Hodie
917 5380 1021 5418 non
1064 5368 1164 5417 nisi
1201 5362 1338 5432 apud
1379 5361 1518 5417 LXX
1552 5374 1604 5416 ct
1635 5363 1921 5421 Arabicam
1947 5370 2162 5420 versio-

577 5459 697 5495 nem
727 5439 944 5492 additur
972 5437 1208 5489 secunda
1234 5437 1343 5498 diu,
1379 5435 1500 5488 ridit
1530 5434 1687 5489 Deus.

651 5525 673 5549 ε
716 5513 937 5565 Scilicet
981 5511 1048 5563 ab
1097 5509 1321 5560 unitate.
1377 5506 1509 5561 Vide
1550 5508 1601 5559 in
1651 5507 1937 5576 epistulam
1967 5507 2061 5571 22,
2091 5507 2161 5562 ad

576 5583 925 5636 Eustochium
959 5596 1056 5649 pag
1110 5581 1232 5644 lUl,
1261 5597 1314 5631 n.
1348 5578 1458 5645 b(n'
1481 5578 1556 5629 bis
1579 5580 1676 5631 col.
1708 5581 1835 5642 406,
1869 5588 1976 5634 not.
2001 5576 2052 5640 ἀ)

653 5653 668 5691 ί
714 5655 865 5714 Μεκ,
897 5654 1011 5705 bina
1049 5653 1183 5705 enim
1226 5659 1276 5703 et
1319 5650 1434 5701 bina
1466 5649 1830 5718 ingrediuntur
1874 5665 1892 5700 :
1935 5664 2057 5702 mox
2106 5650 2159 5701 111

574 5724 921 5779 ιὶειεειιιίιῑυηεί
972 5722 1085 5776 Non
1117 5738 1312 5776 nomen
1366 5720 1728 5773 desideratur.
1778 5720 2047 5772 Cmteruut
2081 5721 2160 5774 sic

599 5805 999 5862 titet'pretanlur
1044 5795 1132 5860 qui
1166 5803 1647 5862 septetnnuntero.
1681 5803 1785 5862 tto"
1819 5797 2030 5862 septem
2063 5805 2160 5862 pu-

578 5865 649 5915 via
684 5857 1006 5917 niundorun
1049 5857 1362 5915 anitnalium
1391 5861 1442 5914 in
1473 5873 1654 5911 arcum
1682 5857 1925 5926 ingressa
1955 5857 2158 5914 intelli-

568 5943 718 6003 gunt,
750 5932 1082 6001 Augustinus
1113 5931 1183 5988 de
1202 5928 1434 5987 Civitate
1461 5930 1557 5987 Dei
1586 5943 1681 5999 xv,
1704 5928 1796 5996 27;
1831 5927 2155 5990 Ambrosius

2271 3386 2359 3440 illa
2396 3387 2740 3442 mansionum
2773 3388 3205 3460 praeﬁguraverit
3236 3390 3498 3445 Ecclesia
3533 3390 3892 3446 varietatem.

2345 3479 2433 3534 18.
2456 3479 2905 3537 Consedendarum
2921 3486 3153 3538 carnium
3183 3483 3662 3554 tiochum—Quod
3691 3496 3894 3543 autem

2271 3573 2428 3626 nobis
2446 3574 2654 3641 objicit,
2675 3576 2726 3628 in
2751 3576 2984 3631 secunda
3006 3577 3099 3632 Dei
3119 3577 3498 3634 benedictione
3522 3577 3901 3635 comedenda-

2271 3683 2391 3721 rum
2421 3668 2668 3723 carnium
2721 3670 2998 3726 licentiam
3045 3671 3227 3726 datam
3254 3713 3267 3736 ,
3300 3689 3424 3742 qua:
3453 3673 3506 3726 in
3537 3672 3708 3741 prima
3751 3689 3895 3730 con-

2271 3775 2424 3816 cessa
2476 3779 2585 3818 non
2634 3764 2849 3832 luerat,
2879 3766 3019 3821 Sciat
3067 3767 3340 3837 quomodo
3390 3769 3676 3838 repudium
3720 3768 3896 3839 juxta

2275 3854 2551 3925 eloquium
2612 3856 2914 3914 Salvatoris
2981 3858 3050 3914 ab
3097 3859 3253 3914 initio
3309 3875 3418 3915 non
3468 3862 3728 3925 dabatur;
3781 3863 3894 3918 sed

2277 3957 2499 4017 propter
2529 3949 2782 4005 duritiam
2813 3951 3000 4006 cordis
3030 3953 3224 4021 nostri,
3261 3969 3357 4022 per
3389 3954 3611 4026 Moysen
3643 3956 3894 4010 insultatio

2277 4042 2466 4110 generi
2496 4057 2820 4100 concessum
2870 4054 2992 4110 est;
3026 4045 3106 4102 sic
3137 4055 3193 4099 et
3232 4061 3384 4101 esum
3427 4047 3680 4101 etruriam
3710 4061 3896 4117 usque

2279 4137 2346 4191 ad
2391 4137 2656 4192 diluvium
2711 4141 2958 4210 ignotum
3007 4139 3194 4195 fuisse.
3245 4141 3374 4196 Post
3406 4140 3674 4197 diluvium
3704 4157 3887 4211 vero,

2277 4231 2433 4297 quasi
2465 4230 2520 4285 in
2547 4247 2738 4289 eremo
2786 4234 3147 4288 murmuranti
3198 4234 3400 4303 populo
3427 4235 3738 4290 coturnices
3764 4251 3777 4289 :
3808 4236 3889 4292 ita

2278 4323 2534 4380 dentibus
2562 4325 2764 4382 nostris
2794 4341 2992 4382 nervos
3017 4335 3073 4383 et
3108 4325 3123 4364 ί
3161 4327 3492 4383 virulentias
3514 4329 3693 4385 carnis
3724 4329 3892 4399 inge-

2276 4506 2490 4580 derarea
2513 4507 2629 4564 Noe
2651 4525 2698 4564 c.
2737 4510 2824 4573 12,
2849 4509 3226 4565 Theudor-etus
3249 4519 3443 4578 quasi.
3472 4509 3544 4564 50
3568 4508 3619 4562 in
3646 4507 3886 4580 Genes.,

2276 4579 2500 4645 aliique.
2554 4580 2754 4640 Notum
2803 4593 2982 4638 tamen
3015 4587 3122 4645 est,
3154 4581 3290 4634 alios
3321 4580 3507 4635 itidem
3540 4596 3609 4636 ex
3641 4579 3887 4654 antiquis

2279 4662 2502 4720 septena
2535 4656 2683 4720 paria
2717 4654 3040 4722 intelligere.

2353 4731 2378 4768 ε
2418 4722 2520 4790 Qui
2571 4726 2778 4792 primus
2817 4723 3155 4778 invocaverit
3185 4722 3388 4785 Dcttm,
3419 4732 3512 4776 aut
3540 4740 3737 4777 nomen
3775 4725 3884 4778 llo-

2280 4795 2431 4859 1111111,
2466 4811 2571 4850 11011
2606 4795 2791 4848 Enoch
2824 4793 2961 4859 fuit,
2992 4796 3086 4849 sed
3120 4795 3286 4851 Eoos.
3319 4798 3459 4848 lilttts
3487 4797 3639 4850 Sctlt.
3671 4796 3879 4850 Cenes.

2276 4880 2350 4922 tv.
2376 4882 2540 4935 quem
2570 4883 2701 4921 vero
2727 4867 3053 4920 translatum
3087 4867 3220 4920 dicit
3249 4867 3554 4934 Scriptura,
3583 4867 3784 4921 Cenes.
3821 4884 3875 4931 v,

2279 4954 2385 5008 non
2421 4937 2600 5001 Enos,
2647 4939 2742 4994 sed
2780 4937 2990 5005 Euoelt,
3019 4937 3177 4992 .latcd
3221 4937 3384 5003 (ilius,
3436 4950 3540 5000 est,
3573 4938 3640 4993 de
3683 4954 3790 5008 qno
3823 4939 3876 4993 in

2277 5006 2454 5075 Epist.
2485 5011 2550 5062 ad
2585 5009 2840 5064 llehrmos
2875 5011 3171 5079 Apostolus
3202 5009 3460 5077 loquitur.
3495 5010 3653 5062 Forte
3681 5006 3882 5079 prope-

2277 5093 2487 5150 runtem
2523 5083 2909 5150 Hieronymum
2942 5080 3140 5135 fefellit
3174 5084 3411 5134 nominis
3441 5081 3760 5136 similitudo.

2348 5148 2373 5184 ¹¹
2417 5149 2482 5203 111
2509 5148 2825 5206 Creatorem.
2865 5152 3023 5206 Falso
3053 5153 3102 5205 111
3131 5155 3290 5206 editis
3321 5154 3514 5218 legitur
3547 5154 3598 5206 in
3631 5152 3876 5205 Sulcato-

2274 5236 2413 5284 rem;
2441 5237 2562 5276 cuin
2593 5238 2785 5275 omnes
2812 5239 2944 5276 mss.
2984 5224 3201 5277 codices
3241 5223 3534 5287 retineant,
3573 5225 3624 5276 in
3663 5221 3877 5276 Creato-

2274 5309 2400 5350 rem.
2435 5310 2502 5346 ue
2532 5309 2638 5344 uno
2665 5291 2882 5361 quidem
2916 5304 3166 5363 excepto.
3203 5295 3378 5348 Porro
3411 5296 3592 5354 Enoclt
3637 5312 3740 5348 non
3788 5300 3876 5348 est

2273 5365 2504 5431 primus,
2537 5365 2624 5431 qui
2661 5365 2928 5418 invocavit
2967 5368 3134 5419 licunt
3157 5408 3169 5428 ,
3202 5367 3294 5420 Sed
3331 5365 3477 5420 Eoos
3522 5367 3660 5420 lilins
3705 5364 3870 5426 Setb;

2273 5434 2376 5508 nisi
2411 5435 2548 5508 [uno
2580 5435 2843 5505 intelligat
2886 5435 3246 5508 llieronymus
3291 5440 3495 5491 cultum
3543 5437 3868 5508 peculiarem

2271 5505 2394 5558 fidei
2421 5507 2470 5559 111
2509 5505 2716 5566 Enocti,
2741 5511 2808 5560 de
2835 5523 2943 5576 quo
2967 5505 3212 5563 tnettiitiit
3239 5510 3528 5576 AltitleillS
3548 5505 3602 5563 111
3631 5505 3867 5576 Epistula

2271 5577 2335 5648 ad
2372 5577 2629 5633 Hebro-0s
2659 5593 2778 5648 cap.
2809 5594 2892 5644 xt,
2927 5579 3015 5632 ubi
3039 5581 3196 5648 ,1111111
3238 5579 3438 5636 dicitur
3476 5581 3543 5636 de
3587 5580 3732 5634 Eoos
3759 5577 3869 5631 lilio

2269 5647 2422 5703 Setli.
2459 5647 2742 5704 Maurus;
3040 5647 3043 5648 ⁷
3926 5662 3936 5671 ·

2350 5719 2363 5756 ί
2395 5720 2640 5794 Gravius
2671 5720 2881 5794 mavult
2910 5721 3208 5794 jurulentas
3232 5739 3413 5776 carnes
3441 5738 3460 5776 :
3481 5719 3866 5794 Casanatcnsis

2270 5791 2553 5848 rimlentas
2580 5808 2761 5846 carnes
2799 5791 2962 5847 habet
2992 5810 3006 5852 :
3037 5796 3133 5851 scd
3179 5795 3512 5849 Veronensis
3546 5795 3716 5848 formo
3759 5792 3867 5846 cle-

2268 5864 2482 5929 gantius
2511 5861 2822 5924 iurulentius
2847 5865 3038 5917 carnis.
3081 5868 3283 5920 lloccnt
3311 5866 3473 5920 etiam
3503 5865 3865 5920 Tertulliatms

2269 5946 2319 5986 iv
2345 5932 2414 5989 de
2437 5933 2690 6004 lcjnniis,
2715 5931 2986 6004 Origenes
3010 5936 3077 5991 ad
3105 5937 3336 5995 Genesis
3364 5935 3403 5993 1.
3437 5952 3590 6003 xxix,
3613 5937 3864 5999 Basilius,
