4062 6332
237 375 307 430 237
1155 373 1528 430 ADVERSUS
1566 372 1982 432 ,ΙΟΥΙΝΙΑΝῊΜ
2026 375 2155 431 LIB.
2199 376 2235 430 l.

236 502 327 547 stas.
350 489 468 546 Docet
492 489 715 560 Apostolus
742 488 987 544 scribens
1009 485 1077 543 ad
1101 457 1372 558 Ephesios
1401 488 1553 558 (Cap.
1589 490 1651 559 t),
1684 490 1735 550 Α

234 586 350 640 Deum
372 583 619 655 proposuisse
652 584 704 638 in
737 583 1128 653 adimpletione
1158 595 1467 654 temporum
1498 600 1651 639 reca-

226 678 391 749 pitulare
412 679 543 733 omnia
567 694 577 732 :
599 686 637 731 et
664 687 689 713 ⁸
714 676 780 730 ad
811 676 1133 746 principium
1162 674 1375 730 trahere
1406 678 1460 731 in
1488 675 1647 731 Chri-

221 786 325 830 itum
349 772 601 843 Jesum,qu:e
617 781 728 826 sunt
755 786 916 841 super
945 770 1118 826 cozlos
1148 781 1205 825 et
1228 786 1392 842 super
1425 780 1649 826 terram.

220 866 335 922 Unde
358 874 397 921 et
418 866 500 936 ipse
531 864 730 921 Salvator
758 862 813 918 in
854 863 1191 935 Apocalypsi
1231 862 1461 918 Joannis
1491 881 1503 916 :
1540 860 1651 935 Ego

208 978 323 1026 sum,
344 959 492 1027 inquit,
514 982 537 1015 α
558 967 589 1012 et
622 984 675 1022 ω,
720 959 925 1012 initium
954 968 1001 1010 et
1029 956 1152 1024 ﬁnis
1199 957 1383 1025 (Apoc.
1414 970 1463 1021 t,
1512 955 1576 1010 {8
1607 965 1653 1009 et

205 1070 304 1113 xxn.
332 1055 416 1124 l3).
440 1052 501 1108 Ab
523 1051 698 1107 exordio
728 1050 1067 1106 conditionis
1095 1048 1371 1111 humanm,
1407 1063 1505 1103 nec
1536 1063 1654 1104 car-

200 1147 321 1201 nibus
358 1147 657 1207 vescebnmur,
709 1158 811 1199 nec
858 1143 1122 1197 dabamus
1174 1141 1499 1211 repudium,
1552 1155 1652 1195 nec

192 1240 394 1310 praeputia
425 1238 542 1293 nobis
573 1237 927 1307 eripiebantnr
960 1236 1011 1288 in
1055 1235 1289 1305 signum.
1342 1233 1455 1287 lloc
1487 1248 1652 1287 Cursu

187 1347 320 1402 usque
338 1331 391 1386 ad
411 1328 613 1385 diluvium
640 1331 1005 1398 pervenimus.
1037 1325 1164 1380 Post
1187 1325 1445 1378 diluvium
1470 1334 1651 1377 autem

180 1438 277 1478 cum
317 1422 491 1477 dalioue
526 1420 683 1492 Legis,
733 1435 893 1489 quam
945 1418 1173 1489 implere
1222 1416 1404 1471 nullus
1447 1416 1648 1486 potuit,

173 1532 324 1572 carnes
363 1518 536 1587 ingesm
574 1525 677 1571 sunt
722 1513 789 1567 ad
835 1511 1189 1574 vescendum,
1241 1521 1294 1564 et
1344 1509 1371 1547 ι’
1426 1507 1652 1579 repudia

167 1624 379 1665 concessa
418 1608 623 1675 duritia,
651 1619 706 1663 et
736 1606 991 1661 cultellus
1022 1601 1455 1659 cireumcisionis
1487 1617 1656 1671 appo-

159 1703 304 1767 situs;
328 1704 448 1773 quasi
476 1702 551 1756 Dei
570 1716 747 1755 manus
769 1700 893 1769 plus
918 1700 970 1752 in
998 1698 1151 1751 nobis
1170 1696 1466 1759 creaverit,
1491 1711 1651 1765 quant

154 1808 346 1849 necesse
367 1804 451 1848 est.
478 1804 494 1829 ο
516 1792 782 1861 Postquam
810 1800 991 1844 autem
1020 1790 1268 1842 Christus
1297 1788 1445 1842 venit
1467 1787 1519 1839 in
1550 1788 1655 1839 line

3245 383 3348 440 258

1830 491 1921 544 ‘20.
1955 490 2156 563 Corpus
2188 489 2377 545 Christi
2418 492 2598 543 mundi
2626 491 2808 546 debent
2836 510 3057 548 sumere.
3092 525 3160 535 —
3189 494 3352 552 Miror

1754 593 1935 639 autem
1980 601 2080 639 cur
2111 583 2307 639 ludam
2344 594 2395 639 et
2435 583 2670 637 Thamar
2717 585 2874 640 nobis
2927 589 3271 659 proposuerit
3304 591 3353 643 in

1754 678 2084 749 exetnplutu,
2113 678 2217 732 nisi
2244 682 2379 731 forte
2404 686 2457 731 et
2487 680 2865 733 meretricibus
2892 680 3233 747 delectatur;
3266 696 3355 738 aut

1754 770 1993 824 ocei~um
2025 769 2196 825 Onam
2230 769 2379 841 [Μία.
2411 770 2668 842 Annam],
2698 774 2841 843 quod
2874 773 3023 829 fratri
3053 790 3241 831 semen
3276 780 3356 833 in-

1754 861 1953 916 viderit
1997 881 2007 913 :
2044 864 2197 933 quasi
2245 878 2345 917 nos
2382 864 2836 934 qualemcumque
2884 866 3110 921 seminis
3151 868 3353 925 ﬂuxum

1756 952 1959 1017 absque
1993 954 2290 1009 liberorum
2332 972 2497 1023 opere
2524 957 2965 1027 comprobemus.
3001 958 3352 1031 Perspicuum

1754 1055 1837 1100 est
1864 1045 1929 1099 de
1956 1044 2141 1116 Moyse
2164 1088 2178 1108 ,
2209 1046 2355 1116 quod
2386 1044 2727 1117 periclitatus
2758 1058 2903 1103 esset
2936 1050 2989 1103 in
3017 1051 3316 1107 diversorio
3342 1097 3354 1117 ,

1757 1135 1858 1191 ni~i
1909 1136 2179 1209 Sephora,
2212 1154 2331 1209 qua:
2383 1139 2771 1210 interpretatur
2814 1142 2950 1203 aris,
2993 1142 3158 1217 369
3187 1145 3351 1199 ﬁlium

1754 1228 2276 1293 circumcidisset,et
2300 1231 2624 1299 praeputium
2651 1232 2961 1301 nuptiarum
2983 1238 3159 1289 cultro
3183 1235 3359 1292 Evan-

1754 1322 1935 1392 gelico
1980 1322 2310 1377 desecasset.
2347 1321 2451 1377 Iste
2504 1339 2695 1394 nempe
2738 1323 2948 1397 Moyses
2978 1336 3083 1393 cst,
3114 1329 3202 1399 qui
3236 1344 3358 1384 cum

1757 1412 1990 1469 vidisset
2034 1414 2300 1469 visionem
2351 1430 2619 1486 magnam,
2652 1426 2707 1471 et
2736 1417 3027 1487 Angelum,
3057 1428 3079 1455 ο
3112 1418 3229 1473 sive
3258 1420 3363 1473 Do-

1756 1508 1964 1561 minum
2013 1506 2324 1577 loquentem
2376 1509 2426 1561 in
2475 1507 2649 1575 rubo,
2682 1524 3022 1579 nequaquam
3072 1511 3244 1565 valuit
3288 1513 3357 1567 ad

1755 1614 1876 1655 eum
1910 1600 2191 1664 accedere,
2226 1599 2331 1655 nisi
2375 1600 2635 1656 solvisset
2673 1604 2964 1673 corrigiam
3001 1606 3357 1661 calceamenti

1756 1694 1862 1759 sui,
1888 1702 1943 1748 et
1972 1693 2264 1763 abiecisset
2297 1693 2510 1749 vincula
2534 1694 2865 1765 nuptiarum.
2890 1694 3003 1751 Nec
3031 1698 3227 1752 mirum
3257 1698 3361 1756 hoc

1757 1787 1823 1841 de
1854 1790 2030 1843 amico
2074 1798 2129 1843 et
2169 1789 2431 1859 propheta
2481 1800 2535 1845 et
2579 1789 2806 1861 legifero
2854 1790 2992 1859 Dei,
3026 1807 3151 1847 cum
3183 1796 3364 1850 omnis

145 1894 421 1953 temporum,
447 1883 648 1955 met
674 1907 713 1935 ω
741 1882 976 1935 revolvit
1006 1881 1071 1933 ad
1101 1902 1154 1941 α,
1179 1878 1652 1932 etextremitatem
1685 1874 1731 1934 Β
1760 1883 1989 1951 populus
2020 1897 2341 1937 accessurus
2374 1884 2440 1938 ad
2473 1895 2714 1939 montem
2748 1885 2903 1949 Sina,
2936 1894 2989 1940 et
3020 1885 3114 1941 Dei
3146 1888 3363 1942 auditu-

140 1976 329 2031 retraxit
358 1976 417 2031 ad
444 1976 736 2045 principium
784 1992 796 2025 :
835 1987 936 2027 nec
982 1971 1269 2040 repudium
1318 1969 1474 2022 nobis
1523 1968 1654 2022 dare

140 2069 441 2133 terminitur,
465 2082 549 2121 nec
574 2065 1033 2125 circumcidimur,
1056 2078 1157 2117 nec
1177 2060 1513 2116 comedimus
1534 2075 1658 2114 car-

140 2176 207 2215 ies
231 2204 241 2224 ,
272 2161 471 2214 dicente
500 2157 745 2226 Apostolo
768 2173 781 2208 :
806 2155 1009 2208 Bonum
1034 2166 1110 2207 est
1140 2156 1309 2206 vinum
1339 2169 1438 2205 non
1467 2152 1655 2216 bibere,

139 2266 149 2306 t
200 2268 373 2307 carnes
416 2267 505 2304 non
550 2250 804 2304 comedere
834 2248 1014 2318 (Rom.
1066 2248 1305 2315 xtv,‘tt)
1362 2247 1429 2300 Et
1476 2250 1659 2300 vinum

140 2351 246 2403 nim
278 2361 395 2401 cum
424 2345 655 2400 carnibus
686 2353 809 2413 post
835 2344 1098 2398 diluvium
1128 2342 1432 2396 dedicatum
1466 2352 1570 2395 est.

165 2441 249 2495 t9.
287 2436 431 2491 Isaac
469 2436 648 2493 Christi
682 2438 876 2509 ﬁgura.
902 2434 1132 2504 —Quid
1164 2437 1353 2505 loquar
1379 2433 1445 2488 de
1490 2435 1662 2489 Abra-

142 2550 235 2595 tm,
271 2542 326 2586 ut
355 2534 466 2601 ipse
505 2530 1016 2601 asserit,|trigamo,
1047 2528 1139 2597 qui
1170 2530 1385 2597 signum
1436 2527 1557 2583 fidei
1608 2528 1659 2582 in

138 2625 483 2680 rcutneisione
528 2622 803 2694 suscepit?
833 2624 889 2677 Si
942 2621 1221 2675 imitamur
1249 2634 1478 2673 uxorum
1513 2619 1661 2674 illius

138 2736 378 2781 :merum,
401 2717 668 2773 imitemur
694 2726 751 2771 et
780 2716 1271 2771 circumcisionem.
1298 2714 1482 2785 Neque
1512 2716 1658 2769 enim

174 2823 321 2882 parte
367 2811 677 2875 secundus,
727 2820 783 2864 et
830 2809 883 2863 in
928 2818 1084 2881 parte
1134 2806 1506 2876 repudiandus
1553 2816 1655 2862 est.

142 2920 231 2958 rro
263 2905 405 2958 Isaac
438 2903 594 2957 unius
637 2902 896 2957 Rebecca:
945 2902 1048 2964 vir,
1094 2898 1301 2955 Christi
1346 2899 1658 2969 przeflgurat

134 2998 380 3061 etesiam,
408 2992 438 3034 ⁸
466 3004 521 3051 et
555 2994 809 3066 digamie
846 2992 1107 3064 suggillet
1139 2990 1438 3046 lasciviam.
1474 2991 1531 3046 Si
1565 3006 1659 3045 au-

136 3109 160 3146 ri
191 3092 331 3147 duas
363 3092 521 3163 bigas
548 3106 780 3146 uxorum
807 3099 861 3145 et
890 3089 1317 3144 concubinarum
1348 3086 1535 3143 habuit
1564 3085 1654 3141 Ja-

135 3208 162 3247 v.
197 3196 254 3241 et
302 3201 416 3242 non
467 3187 587 3240 vult
632 3184 980 3240 adversarius
1011 3183 1392 3253 acquiescere,
1427 3182 1660 3252 lippien-

1758 1988 1849 2027 rns
1877 1974 2152 2044 eloquium
2180 2018 2193 2037 ,
2227 1976 2399 2029 tribus
2444 1976 2641 2031 diebus
2688 1978 3021 2032 sanctillcari
3050 1979 3238 2049 jussus
3269 1982 3359 2046 sit,

1759 2074 1812 2119 et
1853 2080 1911 2119 se
1941 2067 2009 2119 ab
2051 2066 2312 2120 uxoribus
2363 2068 2663 2122 abstinere.
2711 2068 2865 2136 Quod
2910 2070 3126 2139 quidem
3162 2072 3363 2125 scimus

1765 2157 1915 2224 (licet
1962 2165 2292 2226 prmpostere
2325 2157 2517 2211 faciam
2571 2159 2814 2213 historiae
2852 2161 3102 2215 ordinem
3146 2160 3365 2213 confnn~

1763 2250 1917 2321 dere)
1962 2250 2124 2306 etiam
2170 2250 2236 2305 ad
2282 2250 2452 2305 David
2505 2252 2827 2321 fugientem,
2862 2254 2928 2306 ab
2961 2250 2980 2290 τ
3012 2252 3358 2309 Acbimelech

1763 2344 2050 2399 sacerdote
2081 2343 2287 2398 dictum
2318 2362 2329 2396 :
2357 2344 2417 2397 Si
2460 2345 2641 2397 mundi
2666 2354 2785 2397 sunt
2810 2346 2957 2417 pueri
2982 2345 3043 2399 ab
3076 2347 3365 2401 uxoribus?

1764 2435 1829 2489 Et
1881 2436 1972 2489 ille
2024 2435 2305 2505 respondit
2349 2452 2360 2487 :
2407 2435 2482 2489 Ab
2523 2435 2634 2489 heri
2666 2447 2713 2490 et
2746 2438 3117 2491 nudiustertius
3158 2437 3198 2505 (l
3235 2439 3362 2513 Reg.

1764 2543 1877 2594 ιιι,
1901 2526 1979 2596 4).
2012 2527 2188 2582 Panes
2218 2529 2361 2582 enim
2387 2530 2799 2599 propositionis,
2826 2532 2977 2600 quasi
2996 2547 3190 2601 corpus
3211 2534 3370 2587 (Ebrio

1762 2622 1870 2685 sti,
1908 2620 1975 2676 de
2025 2637 2254 2675 uxorum
2304 2622 2571 2677 cubilibus
2619 2633 3015 2693 consurgentes
3058 2622 3220 2679 edere
3263 2641 3369 2680 non

1763 2722 2032 2784 poterant.
2083 2714 2151 2768 Et
2183 2713 2339 2768 nobis
2386 2714 2438 2767 in
2481 2716 2709 2769 transitu
2756 2725 2840 2771 est
2888 2715 3366 2785 contemplandum

1760 2807 1905 2877 quod
1938 2807 2069 2861 dixit
2099 2824 2111 2858 :
2138 2805 2199 2861 Si
2228 2807 2410 2859 mundi
2434 2818 2556 2861 sunt
2588 2809 2735 2879 pueri
2763 2808 2825 2862 ab
2856 2810 3146 2864 uxoribus?
3174 2812 3363 2867 videli-

1761 2910 1846 2954 cet
1873 2899 2016 2970 quod
2052 2898 2119 2953 ad
2153 2899 2448 2954 munditias
2487 2901 2735 2970 corporis
2781 2902 3009 2959 Christi.
3042 2904 3222 2958 omnis
3252 2906 3365 2960 coi-

1762 3003 1847 3047 tus
1891 2992 2205 3048 immundus
2254 2993 2347 3047 sit.
2395 2992 2449 3047 In
2501 2993 2617 3064 lege
2666 3010 2881 3065 quoque
2934 2997 3269 3067 praecipitur,
3303 3008 3363 3053 ut.

1761 3086 2003 3156 pontifex
2053 3087 2155 3141 nisi
2206 3086 2471 3157 tirginem
2524 3102 2630 3142 non
2683 3087 2847 3143 ducat
2894 3105 3118 3144 uxorem
3169 3089 3361 3159 (Li-rit.

1763 3181 1902 3253 xxi),
1938 3198 2035 3237 nec
2063 3181 2217 3254 [Μδε.
2253 3182 2342 3254 ne]
2375 3182 2589 3238 viduam
2619 3183 2870 3255 accipiat.
2896 3185 2951 3241 Si
2980 3185 3169 3242 eadem
3194 3187 3362 3257 virgi-

136 3279 327 3333 ιιῑτηη
353 3276 668 3333 deformem
691 3284 856 3345 atque
876 3275 1450 3347 fetuosamsynagogaz
1468 3283 1653 3345 typum
1680 3267 1727 3328 C
1761 3278 1843 3332 nis
1892 3278 2177 3349 viduaeque
2226 3279 2471 3335 conditio
2502 3288 2622 3343 est,
2656 3297 2826 3351 quare
2857 3283 3032 3338 altera
3077 3282 3359 3350 recipitur,

138 3372 374 3437 tulisse;
411 3370 628 3425 Rachel
661 3384 791 3426 vero
820 3369 1104 3439 pulchram
1150 3376 1206 3424 et
1231 3368 1322 3422 diu
1370 3368 1613 3422 sterilem
1640 3408 1653 3431 ,

138 3465 288 3518 lesia:
338 3462 698 3534 signiﬁcasse
744 3462 1061 3534 mysterium
1085 3505 1098 3524 ,
1132 3460 1289 3524 sciat,
1314 3476 1379 3515 eo
1409 3471 1655 3530 tempore

146 3559 362 3612 fecisse
395 3556 603 3621 Jacob,
634 3555 852 3626 quando
882 3563 1000 3609 erat
1026 3555 1166 3608 inter
1206 3553 1482 3624 Assyrios,
1516 3561 1571 3607 et
1602 3555 1652 3607 in

132 3652 421 3719 ipotamia
488 3649 689 3704 Laban
742 3647 1039 3702 durissimo
1088 3646 1310 3702 domino
1357 3646 1650 3701 serviebat.

134 3746 239 3797 tdo
290 3752 497 3798 autem
550 3741 786 3796 Terram
829 3750 1073 3796 sanctam
1120 3739 1329 3809 ingredi
1363 3739 1567 3804 voluit;
1600 3748 1653 3793 et

132 3834 523 3891 onteGaiaad
549 3835 836 3892 exstruxit
861 3848 1115 3889 acervum
1132 3831 1450 3898 testimonii,
1471 3833 1522 3886 itt
1548 3847 1655 3902 quo

156 3932 324 3987 inter
355 3931 642 3987 sarcinas
672 3930 793 4001 eius
822 3929 1235 3999 Mesopotamiae
1263 3942 1546 3997 possessor
1574 3926 1656 3980 in-

132 4034 236 4088 -at,
268 4024 496 4095 jurans
546 4036 619 4078 se
665 4037 960 4093 numquam
987 4021 1053 4076 ad
1088 4022 1266 4076 locum
1299 4023 1348 4075 in
1392 4035 1500 4091 quo
1540 4034 1656 4075 ser-

131 4128 145 4172 t
207 4131 667 4181 reversurum;
714 4125 767 4171 et
808 4115 874 4170 ad
926 4124 1225 4171 torrentem
1276 4112 1482 4170 Jaboch
1537 4128 1652 4167 cum

134 4215 191 4269 lo
252 4214 534 4269 luctatus
558 4255 575 4279 ,
624 4209 933 4266 claudicare
961 4210 1154 4279 coepit,
1195 4219 1248 4265 ct
1278 4210 1445 4266 πλατὺ
1476 4213 1655 4281 νεῦρον

150 4321 401 4365 uel-vus
422 4304 708 4378 ternos-is]
724 4306 843 4375 eius
866 4304 1153 4367 emarcuit,
1173 4306 1465 4373 statimque
1490 4300 1656 4356 Israel

132 4415 194 4452 is
240 4406 352 4454 est
389 4412 629 4453 nomn
661 4414 675 4452 :
701 4406 756 4452 et
782 4398 870 4451 illa
899 4397 1173 4466 quondam
1204 4397 1399 4452 dilecta
1430 4394 1651 4466 coniux,

144 4508 199 4542 ta
236 4490 568 4546 servierat
599 4489 765 4559 juxta
791 4488 1097 4551 Bethleem.
1126 4489 1178 4541 in
1212 4503 1316 4557 qua
1343 4497 1463 4543 erat
1490 4488 1655 4557 virgi-

134 4618 136 4627 ι
182 4599 403 4650 praeco
462 4584 769 4639 DOuaistas
795 4585 1128 4645 nasciturus,
1155 4596 1189 4635 a
1212 4581 1325 4635 ﬁlio
1357 4580 1511 4651 [δάε.
1556 4581 1657 4637 Be—

1763 3372 1933 3423 altera
1984 3370 2347 3441 reprobatur?
2382 3371 2446 3426 Et
2492 3372 2851 3428 sacerdotalis
2901 3374 3060 3429 vidua
3105 3374 3156 3427 in
3198 3372 3362 3428 domo

1756 3462 1980 3533 jubetur
2006 3466 2199 3520 sedere
2244 3467 2413 3535 patris
2444 3467 2526 3521 sui
2548 3510 2560 3527 ,
2593 3482 2689 3522 nec
2720 3469 3019 3525 secundum
3052 3483 3213 3521 nosse
3247 3482 3366 3520 ma-

1764 3558 2104 3612 trimonium.
2132 3558 2186 3615 Si
2219 3573 2371 3613 soror
2400 3561 2549 3632 virgo
2572 3561 2807 3615 moritur
2836 3559 3158 3622 sacerdotis,
3178 3569 3201 3605 Β
3229 3576 3365 3629 quo-

1763 3650 1923 3705 modo
1951 3651 2065 3720 ipse
2094 3650 2158 3705 ad
2193 3653 2362 3722 patris
2392 3667 2454 3707 ac
2486 3654 2679 3707 matris
2706 3653 3108 3725 exsequiasglta
3138 3651 3204 3705 ad
3243 3668 3360 3708 eam

1755 3742 1977 3814 jubetur
2026 3742 2305 3799 incedere.
2355 3744 2415 3798 Si
2468 3760 2595 3798 vero
2639 3754 2802 3816 nupta
2854 3746 2945 3809 sit,
2990 3741 3145 3812 quasi
3183 3742 3359 3798 aliena

1760 3839 2151 3894 cantentnitur.
2185 3839 2287 3907 Qui
2314 3854 2534 3893 uxorem
2560 3838 2804 3903 duxerit,
2831 3848 2881 3893 ct
2909 3838 3001 3907 qui
3034 3836 3359 3906 planlavetit

1762 3933 1975 3987 vineam
2034 3932 2189 3988 velut
2236 3931 2567 4003 propagines
2616 3931 2892 3998 ﬁliorum,
2926 3929 3247 3999 prohibetur
3293 3930 3359 3985 ad

1763 4025 1900 4081 bella
1937 4025 2235 4096 procedere
2264 4023 2442 4095 (Deut.
2475 4034 2587 4095 xx).
2626 4024 2745 4081 Non
2770 4024 2914 4079 enim
2945 4029 3123 4092 potest
3144 4019 3359 4074 Domini

1763 4121 1969 4175 servire
2002 4119 2213 4173 militia:
2262 4132 2451 4171 servus
2496 4117 2705 4172 uxoris.
2758 4115 2823 4170 Et
2868 4115 2933 4169 de
2959 4111 3201 4184 speculis
3244 4126 3364 4165 mu-

1763 4214 1959 4267 lierum
1999 4210 2387 4281 jejunantium,
2418 4212 2569 4280 quasi
2601 4211 2669 4265 de
2701 4208 3007 4279 purissimis
3034 4206 3363 4275 corporibus

1762 4305 2053 4376 virginum,
2080 4304 2223 4359 lnter
2246 4302 2300 4357 in
2333 4304 2682 4359 tabernaculo
2710 4300 2958 4357 funditur
2983 4317 2995 4353 :
3020 4309 3076 4354 et
3105 4299 3364 4355 intrinsec

1761 4415 1859 4455 cus
1892 4400 1941 4454 in
1977 4397 2288 4455 sanctuatio
2319 4406 2427 4452 tant
2474 4396 2800 4457 Cherubim,
2834 4410 2992 4465 quam
3027 4392 3361 4464 Protnitiato-

1763 4494 1928 4557 rium,
1959 4504 2013 4549 et
2041 4508 2169 4548 area
2195 4490 2530 4555 testamenti,
2563 4499 2619 4543 et
2662 4489 2827 4559 27o
2870 4503 3062 4543 mensa
3104 4488 3363 4559 proposi-

1762 4588 1947 4650 tionis,
1976 4596 2031 4640 et
2056 4584 2468 4650 candelabrum,
2497 4594 2549 4639 et
2584 4582 2917 4637 thuribulum
2946 4598 3010 4636 ex
3038 4599 3172 4638 auro
3203 4599 3365 4639 Inun-

134 4673 385 4731 duloris
414 4676 736 4731 occiditur
765 4674 919 4749 (Gen.
949 4691 1113 4742 xxxv,
1147 4674 1238 4744 18)
1262 4690 1276 4737 ς
1302 4684 1353 4730 et
1383 4677 1657 4733 consortia
1684 4664 1737 4723 D
1763 4678 1989 4733 dissiino
2044 4687 2194 4733 sunt.
2249 4676 2434 4745 Neque
2487 4675 2630 4731 enim
2689 4676 2742 4729 in
2797 4676 2996 4731 Sancta
3048 4685 3364 4734 sanctorum

134 4769 407 4825 otamige
448 4772 818 4845 Evangelica
849 4772 900 4827 in
931 4771 1154 4831 civitate
1182 4769 1511 4825 moriuntur.

145 4920 475 4985 stemus,
527 4911 945 4981 Tlteodoritus,
974 4912 1197 4985 aliique,
1230 4923 1358 4968 ante
1386 4911 1652 4967 diluvium

136 4982 236 5036 1:1:
271 4984 527 5039 Carnis
568 4985 797 5052 copiam
832 5002 937 5041 non
965 4982 1334 5041 eSse'faetatn.

144 5073 198 5108 ς.
277 5056 515 5110 uestri
541 5099 561 5119 .
596 5054 677 5108 ad
725 5058 1039 5126 principium
1070 5058 1333 5112 retrahere
1369 5057 1421 5111 in
1452 5054 1659 5111 Christo

142 5127 263 5181 ida:
296 5126 791 5185 Tcrtullianum
821 5129 913 5183 lib.
950 5144 979 5181 v
1009 5127 1061 5182 in
1093 5129 1440 5183 Marcionetn.

150 5202 217 5253 tsi
294 5208 375 5255 et.
442 5200 514 5254 in
586 5196 931 5264 Verona-nsi,
962 5199 1161 5269 repudii
1192 5216 1431 5253 concessa
1463 5200 1661 5255 duritia

138 5272 333 5325 dies.
395 5271 547 5329 Alii
622 5288 752 5325 mox
786 5274 1091 5332 creaverim,
1128 5271 1362 5339 plurium
1404 5289 1654 5329 numero.

152 5344 643 5399 Tertullinno
671 5341 741 5398 de
774 5340 1112 5411 Monoganiia
1146 5359 1438 5404 CXDI'BSSUS
1464 5355 1547 5397 est
1582 5347 1662 5397 lo-

140 5416 243 5469 cit
307 5426 379 5470 et
416 5414 769 5485 Apostolus
814 5415 1039 5468 scribens
1080 5414 1148 5466 ad
1192 5411 1466 5486 Ephesios.
1491 5414 1657 5467 Deum

140 5492 262 5541 sse
298 5490 377 5542 in
414 5489 764 5556 semetipso
785 5487 852 5538 ad
885 5486 1317 5556 dispensationem
1344 5485 1658 5551 intpletionis

140 5576 193 5611 τι
223 5603 241 5623 ,
291 5562 397 5614 ad
472 5568 708 5625 caput,
740 5558 795 5611 id
834 5567 940 5621 est,
985 5556 1051 5611 ad
1090 5557 1294 5611 initium
1339 5558 1661 5626 reciprocare

160 5633 237 5685 in
312 5631 664 5692 Christo,
698 5645 814 5700 qua:
841 5639 959 5700 sunt
1004 5646 1159 5695 sititer
1198 5626 1349 5682 caelos
1375 5670 1388 5691 ,
1421 5639 1467 5681 et
1507 5644 1661 5699 super

165 5705 368 5775 ipso,
411 5706 524 5758 sic
569 5703 798 5775 etriuas
826 5699 1340 5775 erqiqzisumntam
1367 5700 1588 5754 litteram
1613 5708 1661 5755 et

151 5770 291 5829 sibi
344 5776 601 5829 induit
637 5770 921 5835 Dominus,
944 5774 1081 5827 initii
1112 5782 1159 5826 et
1192 5772 1312 5841 ﬁnis
1348 5788 1661 5826 concurren-

154 5866 190 5900 ε
238 5846 579 5920 figuras,
641 5844 718 5920 uti
744 5844 1175 5920 quemadmodth
1204 5867 1241 5920 at
1273 5853 1318 5920 et
1351 5868 1413 5909 ω,
1446 5842 1665 5920 νεμιὶωτ

170 5914 614 5973 οέιὲηάρνει
650 5917 709 5971 in
756 5914 808 5970 se
856 5932 982 5983 esse,
1013 5924 1059 5969 et
1101 5915 1234 5969 initii
1277 5915 1545 5971 decursum
1598 5914 1665 5969 ad

1761 4770 1949 4826 inferri
1979 4778 2192 4839 poterat
2214 4778 2521 4838 argentum.

1762 4912 1940 4979 ﬁnem,
1963 4918 2009 4963 et
2043 4909 2161 4978 ﬁnis
2192 4924 2456 4962 recursum
2481 4908 2550 4961 ad
2576 4908 2801 4979 initium.

1835 4980 1860 5019 ἀ
1907 4980 2128 5044 Isthmo,
2157 4990 2204 5034 et
2236 4980 2476 5049 digamiw
2512 4978 2757 5051 suggillet
2805 4978 3091 5045 lasciviam,
3121 4985 3365 5052 peregri-

1763 5070 1886 5111 nam
1919 5053 2175 5108 subolent
2202 5068 2423 5107 manuni
2470 5070 2481 5103 :
2523 5065 2672 5107 certe
2704 5053 2755 5105 in
2804 5054 2955 5107 nullo
2994 5070 3128 5111 mss.
3161 5054 3365 5125 quibus

1765 5129 1993 5187 utimur,
2025 5126 2393 5179 inveniuntur.

1839 5210 1861 5233 ε’
1907 5197 2257 5261 Veronensis,
2292 5196 2395 5250 sire
2424 5194 2722 5261 Dominum,
2749 5195 2822 5251 vel
2852 5196 3017 5252 Deum
3046 5197 3362 5269 loquentem.

1838 5273 1857 5311 ι
1901 5271 2291 5324 (ἐειδίιιιίιιθηείε
2335 5282 2458 5323 cum
2511 5270 2681 5323 veteri
2728 5270 3362 5338 editione,Abimelecli;

1764 5351 1821 5398 et
1847 5343 2007 5410 paulo
2041 5348 2183 5408 post,
2212 5340 2281 5393 ad
2312 5341 2617 5393 munditiam
2650 5344 2897 5411 corporis.

1840 5424 1862 5459 ε
1908 5412 2066 5467 Falso
2112 5414 2352 5480 legerant
2386 5412 2649 5465 hactenus
2679 5415 2809 5467 editi
2828 5455 2844 5476 ,
2874 5412 3133 5481 qaomodo
3160 5413 3270 5482 ipse
3296 5416 3366 5468 ad

1766 5488 1929 5557 patris
1975 5486 2279 5549 exsequias,
2323 5486 2395 5537 ita
2431 5493 2575 5557 pater
2603 5487 2670 5536 ad
2709 5500 2821 5557 eam
2853 5484 3070 5557 jubetur
3098 5482 3365 5542 accedere.

1761 5551 2063 5614 Cvttttinatu
2095 5559 2381 5611 lectionem
2413 5551 2479 5608 ex
2504 5554 2825 5615 Verunensi,
2848 5551 2901 5606 et
2922 5554 2979 5608 S.
3010 5551 3204 5608 Crums
3228 5572 3360 5611 mss.

1762 5630 1999 5693 restitui,
2033 5628 2229 5698 quibus
2274 5625 2971 5698 Casanatensisupaulisper
3012 5625 3360 5695 suifragatur.

1766 5700 1902 5756 Vide
1953 5696 2127 5755 Leuit.
2176 5715 2288 5761 ut,
2326 5699 2348 5751 ί
2380 5707 2435 5752 et
2463 5712 2616 5766 seqq.
2652 5696 2886 5751 Gravius
2927 5711 3141 5765 quoque
3182 5699 3367 5755 calcu-

1766 5771 1874 5853 lum
1887 5772 2079 5894 daddit,
2110 5769 2202 5841 qui
2228 5778 2433 5825 tantum
2466 5769 2517 5822 in
2553 5767 2719 5822 verbo
2758 5768 3000 5823 accedere
3028 5769 3231 5833 dilferl,
3268 5788 3367 5843 pro

1770 5860 1881 5894 ulCt’
1922 5860 2026 5894 81⁸8.

1770 5860 1851 5899 τηε
1858 5860 1881 5893 t’
1887 5860 1976 5897 (181⁸
1978 5860 2026 5897 8ο
