4068 6308
582 341 688 401 Ωδμ

1826 334 1884 393 S.
1929 334 2202 395 EUSEBII
2241 335 2618 397 HIERONYMl

3782 341 3892 401 ιιι)

652 455 744 508 21.
784 449 948 504 Josue
977 447 1208 503 nomina.
1240 447 1482 504 Secunda
1497 446 1822 504 circumcisio
1844 466 1960 504 cum
1987 453 2188 524 petrino
2215 455 2262 516 Α
2293 453 2633 522 propositum
2664 458 2748 508 est
2791 451 2975 507 omnia
3022 452 3228 509 veteris
3282 451 3616 511 Tcstamentl
3668 459 3886 527 aperire

579 543 811 600 cultello.
852 539 1096 613 Regnum
1123 541 1350 610 quinque
1376 557 1639 595 sensuum.
1660 541 1881 609 —Quid
1907 558 2093 597 moror
2129 544 2181 598 in

579 637 788 708 Moyse,
825 651 949 691 cum
978 635 1109 689 mihi
1132 636 1470 704 propositum
1493 634 1562 689 sil
1589 635 1796 688 cursim
1820 635 2184 705 celeriterque

579 732 832 796 dictanti,
874 729 1084 800 singula
1129 727 1370 784 breviter
1393 726 1508 799 [AL
1532 727 1763 798 leviter]
1789 727 2181 799 perstringere,

583 833 638 880 et
685 822 1063 893 intelligentiae
1113 820 1375 891 quasdam
1409 820 1582 876 lineas
1613 820 1850 876 ducere?
1880 821 2184 876 Transccn-

580 915 705 970 datn
726 915 792 970 ad
814 914 999 970 Jesum
1024 913 1193 967 ﬁlium
1213 912 1380 978 Nave,
1409 913 1501 980 qui
1521 923 1647 967 ante
1673 913 1854 968 dictus
1871 923 1955 968 est
1972 923 1997 950 ι
2022 913 2183 979 Ause,

578 1009 718 1075 sive,
746 1020 804 1063 ttt
833 1009 1039 1062 rectius
1069 1005 1303 1061 habetur
1332 1005 1384 1059 in
1408 1005 1660 1072 Hebraeo,
1694 1005 1846 1072 Osee,
1874 1006 1925 1060 id
1949 1013 2055 1071 est,
2080 1005 2186 1059 sal-

582 1111 751 1155 vator.
782 1099 905 1170 ipse
932 1098 1101 1162 enim,
1129 1096 1430 1151 secundum
1459 1096 1758 1167 Epistulam
1784 1097 1959 1164 Judaz,
2007 1098 2188 1152 salva-

583 1198 685 1264 vit,
720 1206 775 1252 et
808 1196 996 1252 eduxit
1028 1195 1287 1265 populum
1314 1192 1484 1248 Israel
1516 1209 1581 1248 ex
1613 1193 1878 1265 Egypto,
1907 1203 1962 1250 et
1993 1195 2046 1249 in
2080 1203 2190 1249 ter-

577 1305 698 1346 ram
724 1288 1172 1359 repromissionis
1191 1285 1424 1342 induxit.
1448 1285 1548 1342 llic
1566 1286 1725 1342 Jesus
1753 1287 1936 1341 statim
1963 1294 2021 1342 ut
2043 1287 2190 1342 venit

580 1384 649 1439 ad
681 1382 998 1448 Jordanem,
1030 1396 1183 1451 aqua:
1208 1381 1542 1450 nuptiarum,
1576 1397 1698 1451 quae
1720 1395 1937 1452 semper
1961 1383 2013 1436 in
2044 1381 2190 1452 Lege

581 1478 878 1542 duxerant,
915 1475 1172 1531 arefacta:
1203 1484 1353 1539 sunt,
1387 1484 1443 1531 et
1477 1483 1745 1530 steterunt
1774 1485 1863 1531 :et
1903 1476 2063 1533 siccis
2093 1492 2189 1546 pe-

582 1570 746 1626 dibus
774 1585 839 1626 ac
885 1570 1046 1624 nudis
1076 1569 1312 1641 populus
1355 1569 1535 1624 omnis
1575 1569 1817 1634 transiit,
1863 1581 1917 1624 ct
1959 1571 2108 1626 venit
2137 1571 2190 1625 in

587 1662 836 1730 Galgala,
869 1663 1054 1734 ibique
1095 1661 1339 1718 secundo
1373 1672 1459 1718 est
1501 1663 1887 1718 circumcisus.
1942 1663 2098 1731 Quod
2143 1661 2191 1718 si

575 1757 732 1824 juxta
757 1754 996 1810 litteram
1028 1754 1348 1824 accipimus,
1373 1748 1406 1790 ι’
1428 1755 1647 1824 penitus
1669 1765 1814 1810 stare
1846 1770 1952 1809 non
1982 1764 2185 1825 potest.

2290 545 2593 616 mysteria),
2613 546 2854 617 quinque
2877 562 3057 618 reges,
3075 548 3164 615 qui
3190 549 3242 601 in
3272 557 3414 603 terra
3439 550 3889 618 repromissionis

2288 649 2416 694 ante
2444 639 2766 707 regnabant,
2793 639 3230 711 resistebantquc
3260 641 3590 712 Evangelico
3611 643 3886 698 exercitui

2289 729 2416 801 [ΑΙ.
2442 730 2753 803 exercitu],
2779 732 2906 787 Jesu
2941 741 3237 801 pugnante.
3270 745 3599 803 superantur
3618 733 3771 807 (los.
3792 734 3882 806 ι).

2289 819 2405 876 Hoc
2453 830 2584 891 puto
2632 822 2911 878 intellectu
2945 839 3066 880 esse
3116 825 3492 895 perspicuum,
3541 827 3684 898 quod
3733 837 3888 885 ante-

2289 931 2451 986 quam
2482 917 2743 972 Dominus
2767 919 3029 988 populum
3061 935 3217 974 suum
3249 918 3511 977 educeret
3534 920 3601 976 de
3623 920 3887 996 Egypto,

2289 1009 2788 1066 etcircomcideret
2816 1026 2970 1078 eum,
3005 1010 3176 1077 visus,
3206 1011 3495 1079 odoratus,
3539 1023 3756 1084 gustus,
3793 1030 3889 1069 au-

2290 1099 2462 1167 ditus,
2493 1110 2778 1173 tactusque
2821 1103 3196 1175 regnaverint,
3223 1113 3277 1160 et
3309 1104 3394 1160 his
3440 1106 3594 1176 quasi
3624 1105 3886 1178 principi-

2290 1194 2393 1250 bus
2420 1195 2626 1251 fuerint
2654 1198 2905 1253 universa
2930 1199 3195 1269 subjecta.
3226 1199 3375 1267 Quos
3397 1199 3562 1257 Jesus
3581 1200 3647 1256 ad
3672 1201 3892 1271 spelun-

2290 1302 2410 1344 cam
2439 1290 2688 1361 corporis
2714 1290 3112 1362 confugientes,
3142 1291 3283 1348 etad
3303 1293 3655 1350 tenebrosum
3680 1295 3882 1363 locum,

2292 1379 2318 1417 ἀ
2350 1382 2532 1451 ipsum
2567 1384 2884 1454 ingrediens
2912 1401 3114 1457 corpus
3144 1387 3419 1444 interfecit
3446 1406 3459 1443 :
3487 1397 3548 1443 ut
3574 1405 3672 1460 per
3701 1389 3752 1446 id
3800 1406 3892 1447 oc-

2291 1476 2624 1543 ciderentur,
2655 1495 2752 1550 per
2780 1479 2922 1546 quod
2956 1489 3083 1537 ante
3107 1482 3426 1552 regnabant.

2364 1571 2458 1626 22.
2502 1570 2710 1642 Moyses
2737 1572 2928 1644 Legem
2971 1574 3254 1646 significat.
3294 1574 3604 1631 Vicenarius
3653 1593 3890 1633 numerus

2292 1663 2576 1734 infaustus.
2601 1665 2897 1739 Belpltegor
2917 1668 3063 1737 apud
3089 1667 3338 1724 Hebraeos
3363 1680 3438 1724 est
3463 1668 3715 1740 Priapus.
3737 1671 3888 1728 Jesus

2295 1775 2396 1813 non
2422 1759 2697 1830 plangitur
2727 1763 3272 1819 moriens.—-Vernm
3302 1765 3416 1835 jam
3451 1776 3666 1836 tempus
3695 1777 3799 1833 cst,
3835 1775 3888 1822 ιιι

585 1850 644 1907 Si
678 1849 824 1902 enim
854 1847 1054 1919 duplex
1101 1847 1431 1903 haberemus
1481 1840 1831 1918 praeputium,
1882 1849 1968 1903 vel
2001 1849 2187 1904 excisa
2219 1853 2267 1912 B
2293 1850 2565 1906 castitatis
2595 1852 2725 1908 Jesn
2759 1854 3018 1909 vexillum
3070 1855 3338 1913 levemus.
3373 1858 3586 1930 Moyses
3635 1859 3890 1915 scribitur

591 1943 850 2013 pellicula
882 1943 1082 1998 iterum
1117 1952 1458 2006 nasceretur,
1490 1950 1642 1997 recte
1673 1941 1913 1996 secunda
1954 1943 2191 1997 circum-

587 2039 730 2093 cisio
771 2037 999 2093 haberet
1046 2035 1246 2091 IOCum.
1276 2035 1434 2090 Nunc
1461 2043 1644 2088 autem
1692 2034 1799 2089 hoc
1828 2035 2188 2106 signiﬁcatur,

587 2129 732 2198 quod
765 2129 926 2184 Jesus
951 2126 1176 2182 cultello
1213 2126 1492 2196 Evangelii
1522 2126 1804 2196 pOpulum,
1841 2127 1932 2196 qui
1973 2142 2069 2196 per
2096 2125 2194 2183 de—

587 2233 798 2280 sertum
831 2229 1079 2285 venerat,
1109 2220 1478 2282 circumcidit,
1511 2229 1567 2275 et
1595 2220 1939 2276 circumcidit
1969 2220 2194 2276 cultello

589 2315 824 2385 petrino.
861 2323 920 2368 ut
943 2313 1086 2384 quod
1128 2314 1181 2368 in
1223 2312 1392 2383 Moysi
1425 2312 1536 2366 ﬁlio
1586 2312 2042 2382 pra-figurabatur
2065 2321 2194 2367 ante

588 2409 643 2463 in
672 2407 878 2476 paucis,
910 2406 963 2461 id
997 2406 1098 2460 sub
1127 2405 1257 2461 Jesu
1293 2405 1620 2474 impleretur
1651 2404 1704 2459 in
1727 2405 1965 2460 cunctis.
2000 2403 2106 2461 Sed
2138 2413 2194 2459 et

590 2503 705 2570 ipsa
740 2501 998 2570 praeputia
1047 2498 1100 2553 in
1134 2514 1302 2553 unum
1347 2496 1821 2570 cumulum[Mss.
1875 2497 2192 2569 tumulum]

589 2602 913 2649 coacervata
945 2601 1001 2647 et
1031 2593 1266 2660 sepulta,
1298 2599 1355 2645 et
1404 2600 1546 2646 terra
1580 2590 1800 2655 obruta,
1850 2599 1904 2645 et
1954 2590 2192 2645 ablatum

591 2685 948 2755 approbrium
979 2682 1226 2754 zEgypti,
1275 2691 1332 2736 et
1376 2697 1574 2735 nomen
1625 2682 1730 2736 loci
1763 2680 2006 2752 Galgala,
2051 2679 2195 2750 quod

590 2780 984 2846 interpretatur
1012 2775 1280 2835 revelatio,
1315 2772 1641 2839 ostendunt,
1679 2771 1808 2826 dunt
1837 2772 1889 2826 in
1921 2773 2196 2842 prazputio

593 2870 901 2926 ambularet
936 2869 1168 2937 populus
1201 2883 1297 2937 per
1320 2867 1627 2931 desertum,
1662 2864 1851 2919 oculos
1878 2866 1998 2934 ejus
2028 2864 2197 2921 fuisse

593 2971 850 3018 caecatos.
881 2959 1180 3014 Videamus
1211 2967 1268 3013 et
1291 2957 1705 3026 consequentia.
1752 2957 1886 3012 Post
1908 2957 2195 3029 Evangelii

594 3054 1098 3117 circumcisionem,
1130 3061 1186 3108 et
1213 3051 1693 3106 consecrationem
1738 3050 2026 3106 duodecim
2065 3052 2200 3123 lapi-

593 3147 722 3202 dum
753 3146 806 3200 in
837 3145 955 3200 loco
978 3144 1355 3209 revelationis,
1386 3142 1569 3198 Statim
1603 3143 1817 3200 Pascha
1850 3144 2194 3200 celebratur:

2293 1941 2553 2000 habuisse
2582 1960 2833 2003 uxorem.
2855 1946 3075 2019 Moysen
3101 1958 3282 2004 autem
3312 1961 3367 2006 et
3395 1951 3658 2006 Dominus
3685 1961 3886 2020 noster,

2293 2045 2346 2091 et
2376 2036 2673 2104 Apostolus
2703 2039 3137 2111 interpretantur
3163 2043 3363 2115 Legem
3401 2062 3414 2098 ε
3440 2045 3652 2101 Habent
3679 2047 3888 2120 Moysen

2292 2140 2340 2182 et
2373 2128 2666 2204 Prophetas
2693 2133 2849 2206 (Luc.
2891 2151 2999 2200 xvs,
3030 2137 3148 2209 29).
3183 2138 3249 2193 Et
3279 2156 3292 2192 :
3321 2139 3395 2192 Ab
3434 2141 3603 2195 Adam
3642 2160 3799 2215 usque
3823 2143 3889 2198 ad

2296 2221 2511 2294 Moysen
2541 2227 2771 2298 regnavit
2814 2240 3104 2300 peccatum,
3140 2231 3295 2285 etiam
3324 2249 3479 2304 super
3524 2250 3613 2289 ros
3654 2237 3742 2309 qui
3788 2253 3887 2291 non

2293 2327 2648 2385 peccaverunt,
2673 2320 2726 2372 in
2749 2319 3085 2376 similitudine
3107 2325 3546 2394 praemricationis
3567 2328 3700 2384 Adae
3718 2329 3885 2401 (Rom.

2294 2423 2349 2474 ν,
2380 2407 2486 2480 14)
2511 2428 2523 2464 :
2551 2411 2794 2482 nullique
2820 2412 3045 2469 dubium
3083 2425 3189 2477 est.
3220 2418 3272 2470 in
3301 2426 3534 2489 utroque
3583 2422 3890 2479 testimonio

2295 2501 2514 2573 Moysen
2540 2503 2739 2575 Legem
2765 2506 3095 2577 significare.
3126 2520 3148 2546 ε
3172 2509 3325 2566 Sicut
3348 2528 3480 2583 ergo
3502 2515 3731 2585 legimus
3754 2515 3891 2588 quod

2296 2595 2529 2668 Moyses,
2560 2598 2612 2652 id
2647 2609 2750 2666 est,
2783 2600 2892 2656 Lex
2924 2600 3180 2658 habuerit
3205 2620 3455 2674 uxorem,
3484 2609 3714 2665 ostende
3741 2610 3891 2676 mihl,

2295 2688 2484 2744 Jesum
2518 2690 2670 2746 Nave
2700 2693 2784 2747 vel
2814 2709 3042 2750 uxorem
3079 2695 3359 2766 habuisse,
3408 2700 3490 2756 vel
3541 2701 3686 2757 filios
3717 2712 3808 2758 :et
3849 2701 3890 2757 si

2298 2782 2543 2852 potueris
2569 2794 2904 2853 monstrare,
2933 2788 3134 2844 victum
3162 2806 3251 2847 me
3267 2807 3388 2848 esse
3412 2793 3647 2851 fatebor.
3673 2795 3734 2852 Et
3753 2803 3894 2852 certe

2301 2872 2727 2954 pulcherrimum
2779 2886 2942 2933 terra:
2986 2879 3194 2937 Judaea:
3241 2883 3296 2938 in
3344 2885 3643 2953 partitione
3697 2887 3894 2959 accepit

2299 2965 2500 3034 locum,
2549 2968 2915 3042 moriturque,
2947 2988 3056 3029 non
3103 2975 3154 3030 in
3204 2977 3484 3034 vicenario
3529 2996 3763 3038 numero
3807 2979 3894 3053 qui

2300 3073 2519 3130 semper
2562 3063 2616 3118 in
2663 3062 2958 3135 Scripturis
2989 3067 3259 3126 infaustus
3288 3079 3412 3126 est:
3441 3072 3495 3127 in
3535 3090 3652 3143 quo
3682 3074 3896 3131 servivit

2299 3151 2492 3218 Jacob,
2521 3162 2577 3208 ct
2604 3156 2860 3212 venditus
2887 3167 2974 3214 est
2997 3158 3222 3231 Ioseph,
3247 3172 3304 3218 et
3328 3179 3491 3233 quem
3521 3165 3708 3238 diligit
3737 3167 3891 3227 Esau.

590 3239 908 3297 immolatur
932 3237 1013 3291 eis
1036 3251 1228 3307 agnus,
1259 3246 1314 3292 et
1337 3244 1541 3290 sancta:
1562 3233 1745 3289 Terra:
1771 3243 2069 3292 vescuntur
2093 3235 2191 3290 ali-
2222 3234 2267 3297 C
2300 3246 2573 3315 accipiens
2607 3247 2660 3302 in
2691 3263 2758 3304 eo
2785 3251 3036 3320 quaedam
3069 3268 3331 3321 munera;
3365 3256 3460 3311 sed
3490 3255 3544 3311 in
3571 3233 3810 3324 decimo,
3833 3257 3896 3314 de

593 3335 816 3392 mentis.
845 3331 1139 3403 Egreditur
1166 3330 1348 3394 .Iesus,
1386 3331 1630 3384 occurrit
1665 3329 1718 3384 ei
1748 3330 2010 3400 Princeps
2052 3329 2197 3385 mili-

593 3432 684 3486 tize
711 3427 952 3500 gladium
989 3434 1206 3491 tenens,
1239 3423 1292 3478 id
1333 3433 1439 3489 est,
1473 3423 1555 3476 vel
1589 3439 1691 3491 pro
1736 3423 2065 3479 circumciso
2105 3439 2199 3494 po-

595 3524 725 3595 pulo
777 3533 1018 3590 pugnare
1062 3517 1222 3589 271
1271 3531 1331 3570 se
1385 3524 1718 3582 monstrans,
1776 3516 1864 3571 vel
1913 3516 2197 3572 dissecans

591 3615 860 3687 glutinum
903 3611 1238 3680 nuptiarum.
1273 3608 1648 3677 Similiterque
1680 3619 1736 3662 ut
1771 3608 1945 3679 Moysi
1994 3624 2200 3677 praece-

595 3720 746 3781 ptum
779 3709 981 3772 fuerat,
1011 3713 1068 3760 et
1095 3702 1221 3758 huic
1249 3701 1571 3772 praecipitur
1599 3720 1612 3756 :
1641 3701 1797 3757 Solve
1831 3711 1850 3739 ε
1879 3702 2198 3757 calceamen-

597 3813 705 3858 tum
750 3813 916 3857 luunt.
962 3799 1133 3854 Locus
1179 3799 1315 3850 enim
1346 3796 1400 3850 in
1429 3812 1531 3864 quo
1562 3806 1690 3860 stas,
1743 3806 1881 3850 terra
1908 3805 2086 3850 sancta
2124 3806 2202 3852 est

598 3894 815 3968 (Exod.
849 3909 931 3957 ιιι,
956 3890 1047 3961 5).
1074 3889 1212 3956 Quia
1246 3888 1326 3942 sic
1352 3899 1468 3942 erat
1510 3887 1725 3942 Domini
1757 3900 2007 3942 armatus
2048 3904 2208 3944 exer-

595 3991 738 4046 citus
779 3989 833 4042 in
867 3987 1012 4040 tubis
1037 3982 1497 4048 sacerdotalibus,
1529 3984 1684 4050 quasi
1719 3980 1786 4038 ad
1821 3983 2200 4054 Evangelicam

592 4079 1042 4154 praedicationem
1075 4075 1177 4130 sub
1207 4083 1337 4146 typo
1380 4073 1629 4140 .lericho,
1665 4074 1900 4132 mundus
1931 4076 2207 4133 subverti-

588 4183 700 4230 tur.
728 4173 798 4228 Et
818 4183 874 4227 ιιι
899 4169 1107 4226 infinita
1140 4180 1463 4239 praeteream
1495 4168 1703 4238 (neque
1726 4171 1872 4224 enim
1899 4185 2045 4227 nunc
2070 4171 2205 4228 mihi

670 4305 693 4330 α
738 4292 865 4347 Mss.
897 4290 1089 4350 Auses,
1123 4285 1265 4358 quod
1299 4285 1440 4358 idem
1469 4286 1757 4358 estallanc
1803 4289 2066 4342 tantulam
2097 4306 2194 4346 no-

598 4365 763 4420 minis
803 4360 1163 4416 differentiam
1198 4357 1544 4430 reprehendit
1579 4357 1942 4429 llierooymus
1978 4376 2195 4430 quoque

598 4439 754 4493 initio
783 4432 1314 4488 Commentariorum
1363 4428 1415 4481 in
1448 4427 1677 4492 Oscam,
1717 4427 1798 4482 et'
1827 4427 2198 4488 Psendo-l‘lie—

2298 3338 2454 3406 cujus
2487 3339 2644 3395 laude
2670 3341 2867 3398 crebro
2897 3343 3140 3400 diximus
3167 3364 3180 3399 ε
3206 3345 3581 3419 sepeliturque
3629 3350 3684 3406 in
3709 3348 3898 3405 Tham-

2301 3432 2426 3487 nath
2455 3450 2592 3497 snre,
2628 3433 2680 3489 id
2711 3445 2820 3498 est,
2850 3437 2902 3491 in
2936 3440 3308 3505 perfectissimo
3349 3443 3671 3513 principatu,
3699 3444 3817 3499 sive
3846 3443 3894 3498 in

2303 3530 2464 3601 272
2487 3545 2715 3584 numero
2739 3533 3044 3596 operimenti
3073 3537 3218 3589 novi:
3241 3543 3302 3590 ut
3330 3537 3602 3608 virginum
3637 3537 3897 3608 signiﬁca-

2303 3633 2389 3675 ret
2417 3636 2633 3691 greges,
2667 3621 2970 3681 Salvatoris
3017 3629 3221 3684 auxilio
3269 3640 3564 3700 coopertos
3616 3632 3672 3688 in
3718 3640 3897 3688 monte

2308 3711 2590 3780 Ephraim,
2640 3713 2745 3769 hoc
2789 3725 2875 3772 est
2924 3718 2978 3772 in
3013 3728 3199 3776 monte
3230 3721 3507 3795 frugifero,
3550 3723 3623 3779 ab
3651 3726 3898 3797 aquilone

2305 3804 2505 3858 montis
2554 3804 2694 3861 Gaas
2723 3807 2894 3879 [Mss.
2926 3809 3138 3884 Gaes],
3181 3816 3274 3885 qui
3325 3815 3723 3884 interpretatur
3764 3835 3898 3873 com-

2305 3900 2464 3953 motio
2491 3917 2503 3953 :
2530 3899 2686 3956 Mons
2709 3903 2854 3958 enim
2884 3904 3038 3970 Sion,
3069 3905 3235 3963 latera
3257 3909 3540 3981 aquilonis.
3564 3911 3750 3968 civitas
3770 3911 3897 3984 regis

2304 3992 2483 4066 magni
2515 3992 2648 4067 (Ps.
2681 4011 2849 4062 xcv",
2882 3995 2975 4069 3),
3009 4013 3131 4066 quas
3152 4001 3404 4071 opposita
3433 4017 3661 4073 semper
3689 4001 3896 4057 invidiae

2307 4096 2415 4151 cst,
2444 4094 2502 4142 et
2532 4103 2628 4156 per
2665 4087 2910 4160 singulas
2942 4093 3273 4149 tentationes
3301 4093 3437 4150 dicit
3464 4113 3476 4150 :
3506 4095 3612 4151 Mei
3642 4113 3756 4152 vero
3779 4108 3898 4166 pene

2308 4180 2434 4234 moti
2459 4190 2577 4235 sunt
2603 4182 2758 4252 pedes
2787 4184 2805 4242 l
2827 4183 2921 4238 Ps.
2953 4202 3124 4254 Lxxn,
3152 4186 3243 4260 2).
3268 4187 3516 4262 Cumque
3543 4190 3596 4246 in
3623 4190 3894 4262 sepultura

2305 4296 2639 4382 ponderibus
2674 4317 2688 4353 :
2719 4303 2900 4382 _Ts'xvp
2944 4307 3042 4382 τινὶ
3083 4306 3286 4382 iactetur";
3333 4306 3418 4382 διᾴ
3456 4315 3545 4382 tot?
3585 4309 3893 4382 καλουμένου

2307 4325 2639 4364 μυιιυυι-ιιηιδ
2674 4325 2688 4353 ;
2729 4325 2900 4375 ἰεχνῃ
2944 4325 3042 4359 τινι
3083 4327 3169 4361 tot?
3206 4328 3286 4382 ικῃ
3333 4325 3418 4364 οια
3456 4325 3545 4364 του
3585 4325 3893 4380 καλουμενου

2303 4370 2759 4470 amans”;va
2771 4383 2831 4462 1:6
2846 4396 2873 4427 ν
2885 4375 3049 4470 μεέῶν
3070 4325 3456 4470 ιξποςερματξδα
3487 4381 3893 4470 ὐπολσπαθιςθὲν·

2304 4460 2408 4524 τζες.
2496 4441 2867 4524 Quaeso-ctu?
2882 4441 3026 4524 ᾲῦθις
3040 4449 3199 4524 «iisiis
3217 4441 3540 4524 ἐιὲτοτελοῡσι-
3566 4451 3753 4507 Artem
3781 4456 3891 4524 ipse

593 4519 856 4578 ronymus
886 4505 938 4586 in
973 4503 1240 4590 psalmum
1277 4515 1454 4561 LXXVI,
1490 4515 1652 4583 versu
1689 4501 2196 4590 :tltitnosEjns‘dem
2225 4525 2280 4586 D
2306 4510 2460 4566 docet
2479 4501 2783 4590 _Cttt:ttellll_s
2815 4501 3026 4590 Celsus,
3047 4501 3888 4590 atinpii;'éi".'{.éltici§';'Etiam

598 4571 940 4647 egl'geiieris
972 4574 1060 4628 illa
1091 4588 1251 4647 qna_m
1296 4587 1458 4647 supra
1502 4587 1566 4647 ex
1599 4571 1792 4647 iisdem
1823 4588 1955 4647 mss.
1984 4571 2200 4647 notavi-

600 4642 749 4705 mus'
772 4646 970 4700 Annam
1021 4642 1124 4714 pro
1165 4644 1353 4698 Onam.
1391 4642 1561 4714 Paulo
1592 4653 1714 4711 post
1758 4645 1812 4698 in
1844 4643 2198 4703 Casanatensi

599 4717 922 4774 vocabulum
953 4713 1256 4784 nuptiarum
1287 4713 1656 4768 desideratur.

671 4790 698 4829 b
740 4791 911 4855 Quam
941 4801 1106 4856 supra
1137 4786 1314 4841 innuit
1358 4787 1628 4857 nnmglt.
1658 4785 1725 4841 de
1757 4789 2025 4857 prmputio
2071 4805 2201 4845 sen-

597 4861 864 4927 tentiam,
910 4867 1230 4933 constanter
1274 4865 1447 4926 urget.
1496 4856 1564 4911 Et
1604 4857 1657 4912 in
1701 4857 1826 4933 ISai.
1868 4856 1942 4916 ιιι
1973 4879 1985 4914 :
2015 4860 2196 4933 Neque

592 4937 750 4994 enim,
774 4929 969 5001 inquit.
994 4930 1257 5002 potestatis
1287 4938 1475 4981 nostra:
1504 4938 1576 4982 est
1608 4932 1919 5002 prwpntium
1943 4929 2198 4988 adducere

595 5019 710 5076 post
739 5001 1200 5076 circumcisionem,
1237 5001 1395 5076 juxta
1434 5015 1516 5052 eos
1560 5001 1646 5076 qui
1676 5003 1735 5076 in
1773 5001 2194 5076 Machabaaorum

596 5071 725 5129 libro
758 5074 1001 5126 dicuntur
1046 5072 1143 5123 sibi
1177 5071 1355 5141 fecisse
1384 5073 1660 5141 pratputia.
1694 5071 1886 5126 Hausit
1913 5088 2093 5129 autem
2125 5090 2193 5130 ex

597 5149 835 5216 Origene
868 5144 960 5196 lib.
995 5144 1198 5216 Warspi.
1219 5140 1506 5216 ,Ap151_9s
1540 5141 1604 5206 εὶ,
1635 5142 1852 5216 tametsi
1883 5145 2193 5200 l’hilocaliu:

595 5232 644 5272 c.
675 5209 910 5285 t'plnres
936 5209 1212 5285 exstitisse
1243 5209 1348 5285 non
1377 5209 1692 5275 difﬁteatur,
1713 5215 1801 5282 qui
1830 5218 2195 5271 ntcircnmci-

593 5282 766 5343 sionis
794 5283 1197 5339 deformitatem
1227 5282 1485 5344 celarent,
1510 5294 1688 5337 cutem
1721 5285 1950 5340 medicis
1979 5291 2190 5344 artihus

595 5355 1106 5426 superindncerent.
1151 5351 1311 5406 Certe
1358 5353 1830 5426 circumcisionem
1881 5357 2189 5414 obducendi

594 5423 732 5485 ratio
762 5428 1000 5495 antiquis
1037 5425 1218 5495 ignota
1249 5439 1355 5476 non
1397 5423 1526 5488 fuit;
1562 5441 1684 5479 nam
1725 5434 1781 5479 et
1816 5426 2047 5480 Rabhini
2085 5431 2190 5494 ipsi

595 5503 813 5556 tradunt
843 5494 910 5552 ah
956 5494 1090 5551 Esau
1143 5494 1375 5563 primum
1427 5506 1777 5563 usurpatam,
1812 5509 1868 5550 ut
1915 5497 1984 5553 ab
2019 5500 2190 5555 Abra-

594 5575 759 5637 hami,
792 5585 854 5624 ac
884 5568 1066 5626 Jacobi
1119 5565 1380 5633 religione
1423 5582 1646 5619 Ontntno
1676 5566 2042 5633 descisceret,
2077 5583 2185 5627 lum

591 5646 657 5696 ah
685 5641 975 5705 lsraelitis,
1007 5640 1075 5694 de
1103 5638 1297 5708 ψιὼιις
1331 5653 1474 5691 nunc
1517 5651 1701 5708 sermo
1731 5648 1836 5703 est,
1882 5639 1933 5691 in
1969 5641 2187 5698 deserto

592 5716 691 5768 suh
716 5714 980 5773 losue,ut
1009 5707 1204 5764 iterum
1232 5708 1354 5760 illos
1380 5707 1698 5760 ctrcumcidi
1725 5719 2023 5776 oporteret.
2054 5711 2187 5766 Pro-

590 5784 721 5835 hant
748 5796 881 5851 vero
918 5783 1091 5851 etiam,
1134 5778 1384 5851 exempla
1429 5779 1740 5851 certissima
1772 5779 1825 5834 in
1857 5779 2179 5851 Scripturis,

589 5869 651 5909 ac.
687 5848 1015 5906 tcsdmonia.
1057 5848 1392 5916 Epiphanius
1421 5862 1635 5919 quoque
1683 5849 1752 5905 de
1799 5848 2076 5910 mensuris
2129 5848 2185 5911 et

2303 4583 2724 4660 vero_r_lubitant_
2743 4585 2845 4641 bac
2868 4587 2938 4641 de
2961 4603 3020 4643 re
3045 4583 3400 4660 interpretum
3429 4583 3752 4652 doctissimi.

2377 4663 2400 4692 °
2443 4654 2614 4733 Vetus
2659 4657 2827 4733 editio
2855 4668 2906 4733 et
2936 4674 3070 4715 mss.
3102 4654 3276 4720 nostri
3317 4681 3542 4733 omnes,
3567 4667 3706 4724 solre
3733 4668 3891 4724 corri-

2301 4725 2439 4795 giam
2468 4729 2802 4782 calceamenti
2829 4729 2926 4795 tui,
2957 4740 3063 4786 etc.

2371 4793 2397 4832 ἀ
2438 4797 2642 4853 Locum
2696 4793 3112 4858 emendavintus
3155 4807 3319 4861 trium
3365 4822 3496 4863 mss.
3547 4810 3881 4868 auctoritate.

2301 4867 2474 4954 Antea
2519 4869 2808 4954 legebatur
2854 4873 3176 4954 tenebrosum
3209 4877 3401 4954 locum,
3429 4880 3486 4933 id
3507 4889 3586 4954 est
3615 4867 3780 4954 ipsum
3805 4884 3886 4935 in-

2299 4940 2584 5018 gredientes
2603 4955 2811 5018 corpus,
2827 4952 2919 5018 aut
2943 4946 3114 5010 nullo,
3130 4940 3470 5018 autdepravn
3480 4940 3692 5008 tissituo
3704 4968 3881 5015 sensu;

2300 5011 2479 5064 innuit
2513 5011 2675 5064 modo
2705 5020 2763 5090 ut
2795 5013 2970 5090 vides,
2996 5027 3051 5070 et
3079 5011 3364 5090 comparat
3396 5039 3518 5077 cum
3541 5024 3706 5081 Josue
3735 5011 3884 5090 quin;

2297 5094 2402 5161 que
2443 5096 2632 5163 regum
2667 5085 2878 5164 victore
2911 5085 3308 5167 Incarnationis
3347 5093 3646 5167 Dominicte
3688 5085 3898 5167 mystea

2295 5153 2459 5276 rimata.
2491 5154 2722 5224 ejusque
2765 5155 3052 5214 victoriam
3093 5159 3162 5216 de
3209 5165 3486 5220 sensibus.
3542 5167 3676 5223 Vide
3718 5153 3881 5223 .l'osue

2295 5237 2351 5276 x.
2461 5261 2474 5273 .

2294 5237 2351 5286 x,
2383 5237 2474 5276 zu.

2371 5297 2412 5381 θ’
2435 5291 2658 5381 Hmcex
2697 5295 3049 5381 Tertulliano
3060 5306 3374 5381 sumpsisse
3421 5308 3775 5381 Hieronymus
3805 5308 3882 5362 vi-

2293 5362 2514 5448 deatur;
2535 5366 2891 5448 __libro__enim
2920 5372 2989 5448 de
3031 5362 3368 5448 hlettogamia
3421 5362 3537 5434 cii—6
3559 5362 3880 5435 rges-undas

2294 5433 2496 5524 (ἰιιιιιιὶι
2535 5438 2650 5521 ille)
2671 5439 2898 5524 .Moyses
2939 5444 3160 5516 (nempe
3191 5433 3365 5524 iam;
3391 5433 3561 5522 Nave)
3586 5433 3774 5524 populi
3797 5466 3877 5524 scf

2292 5508 2482 5594 eundi,
2531 5511 2617 5592 qui
2665 5508 3312 5594 imagiiuem‘nostrarmin
3359 5508 3745 5594 promissioriem
3789 5520 3879 5594 Dei

2289 5577 2518 5661 ipdua‘it.
2545 5577 2603 5634 in
2644 5599 2743 5652 quo
2771 5577 2941 5661 primo
2977 5605 3160 5661 nomen
3208 5577 3415 5645 Ilonti'ni
3449 5603 3668 5661 (neti-pe
3695 5589 3875 5660 Jesus)

2290 5647 2584 5732 dedicatam
2615 5647 2710 5719 est,
2736 5647 2958 5732 non/nit
2987 5660 3244 5725 digamus.
3283 5647 3522 5718 Ulterius
3550 5647 3728 5719 tamen
3756 5647 3879 5732 pro-'-

2287 5721 2757 5803 greditttr_ttoster
2799 5721 3166 5803 Hieronymus
3192 5774 3207 5796 ,
3234 5733 3326 5803 qui
3355 5749 3609 5803 agamnm
3640 5743 3695 5791 et
3721 5721 3876 5801 virgi—

2290 5805 2412 5875 ite‘m
2465 5791 2615 5875 facit.
2651 5791 3354 5875 ~Se_ntent_i_am_'hanc-ejus
3391 5791 3599 5872 ‘probat
3650 5791 3873 5875 epistola

2289 5861 2614 5934 interpolata
2649 5866 2706 5923 S.
2729 5866 2920 5937 lgnatii
2950 5871 3015 5924 ad
3042 5861 3520 5944 Philadelphenos.
