4062 6330
296 338 363 395 ιιι
1191 338 1564 396 Αυγειιδυε
1599 338 1687 394 JO‘

1794 338 2016 396 'lANUM
2058 339 2188 396 LIB.
2232 343 2273 397 Ι.

3284 343 3390 401 2ιῖ

152 484 159 539 ί
292 453 392 517 Jesu,
414 454 509 510 liber
526 454 589 525 qui
612 470 656 509 ex
686 456 886 511 nomine
915 458 1030 525 ejus
1070 459 1402 529 appellatur,
1435 460 1687 529 expletus
1714 463 1766 522 Δ
1794 476 1915 516 men
1964 462 2267 533 coniugalis
2313 462 2590 533 pudicitia:
2629 464 2888 533 exempla
2923 477 3030 518 non
3066 462 3289 532 praebet.
3325 463 3394 519 Et

152 548 155 613 τ
287 550 354 615 sit;
379 565 530 604 rursum
557 551 595 605 in
615 550 820 605 iudicum
863 553 1161 618 Volumine,
1194 557 1347 625 quasi
1378 556 1568 610 vivens
1600 572 1687 612 re-

281 656 515 713 surgensque
532 642 818 698 de~criliitnrz
843 655 895 697 et
917 646 1015 700 sub
1043 650 1481 720 ἀνακεφαλαιώσει
1515 664 1684 717 opera

277 734 399 804 ipsius
426 735 682 803 pradicautur
702 754 713 788 :
733 746 787 791 et
816 737 1029 806 legitur,
1066 740 1212 793 Misit
1237 738 1389 794 Jesus
1412 740 1682 812 papulum,

274 836 311 881 et
344 828 599 896 abierunt/itii
632 827 788 891 Israel.
834 834 1186 903 unusquisque
1233 836 1284 885 in
1334 834 1685 888 Inereditatem

268 937 393 985 suam,
418 932 455 973 ut
471 923 699 993 possiderent
724 934 932 977 terram.
961 925 1047 989 Et,
1084 924 1305 978 Serrivit
1332 925 1554 996 papulas
1584 924 1686 977 Do-

262 1016 365 1067 mino
386 1017 532 1069 cunctis
550 1016 678 1069 diebus
702 1015 847 1084 Iesu,
880 1026 936 1071 ct
961 1029 1181 1072 uetera.
1223 1018 1530 1087 Statimque
1562 1019 1687 1073 sub-

249 1106 535 1177 jungitur:Et
564 1119 746 1163 mortuus
777 1121 850 1163 est
880 1109 1037 1166 Jesus
1070 1110 1215 1166 Nare
1257 1129 1432 1167 servus
1482 1110 1687 1166 Domini

245 1212 398 1253 centum
417 1200 543 1255 decem
573 1219 809 1256 annorum.
851 1203 1025 1258 Porro
1056 1204 1269 1275 Moyses
1313 1206 1447 1259 vidit
1476 1215 1683 1259 tantum

242 1303 393 1349 terram
416 1297 787 1365 repromissionis.
814 1308 869 1352 et
893 1298 1099 1354 intrare
1123 1314 1229 1353 non
1256 1303 1452 1369 potuit,
1475 1309 1522 1353 et
1552 1317 1688 1352 mor-

234 1395 329 1438 tuus
347 1396 405 1440 est
426 1387 467 1440 in
492 1397 595 1441 terra
617 1386 773 1455 Moab,
806 1397 832 1425 ⁸
862 1400 908 1443 et
938 1390 1169 1462 sepelivit
1198 1408 1313 1445 eum
1348 1392 1603 1445 Dominus
1632 1393 1685 1446 in

232 1474 335 1530 calle
353 1490 469 1533 terra
482 1478 601 1534 Moab
617 1494 775 1536 contra
800 1484 1007 1536 domum
1040 1483 1271 1558 Phogor,
1295 1495 1342 1538 et
1366 1501 1468 1538 non
1496 1502 1687 1557 coquo-

226 1567 280 1621 rit
317 1572 374 1623 vir
407 1571 635 1644 sepulcrum
672 1577 778 1641 eius
830 1592 988 1645 usque
1022 1579 1077 1630 in
1129 1578 1268 1630 diem
1324 1578 1461 1631 hunc
1492 1578 1681 1649 (Deut.

218 1677 372 1729 χχιιι,
405 1665 448 1731 5,
468 1666 536 1736 6).
565 1668 925 1740 Comparemns
971 1673 1257 1742 utriusque
1301 1676 1637 1742 sepulturam
1666 1691 1682 1729 :

208 1754 382 1827 Moyses
398 1758 440 1813 in
466 1769 580 1815 terra
595 1760 731 1815 Moab
758 1764 1007 1828 moritur,
1024 1764 1186 1819 Jesus
1211 1766 1264 1820 in
1296 1775 1439 1820 terra
1458 1764 1683 1821 Judueze.

1791 568 1941 610 certe
1984 558 2088 610 iSIe
2133 569 2213 609 est
2254 557 2553 611 secundum
2587 557 2927 626 prophetiam
2959 556 3135 612 Jacob
3164 560 3180 626 (
3208 555 3395 611 Cenes.

1790 663 1913 702 mx
1934 648 1972 717 ),
2007 648 2096 718 qui
2126 663 2253 701 cum
2292 650 2542 704 concitus
2569 652 2691 718 equi
2724 650 3044 718 pernicitate
3077 650 3334 713 terretur,
3366 664 3397 701 a

1790 750 2047 810 Serpente
2095 756 2424 808 percusms,
2474 750 2773 795 retrorsum
2815 741 3035 795 cecidit.
3084 740 3393 795 Debboram

1790 843 1970 888 autem
2004 846 2055 888 et
2083 834 2312 901 Burach,
2345 846 2398 890 et
2430 851 2662 890 uxorem
2694 836 2839 890 Alter
2862 832 3261 905 [Mss.Cli..ber]
3285 833 3398 903 Cy.

1792 926 1878 980 nei
1909 942 2009 980 cur
2052 928 2476 991 enumeraverit,
2524 942 2749 997 prorsus
2797 943 2904 981 non
2954 928 3201 997 intelligo
3232 948 3241 977 ;
3274 942 3396 982 cum

1789 1016 1932 1069 aliud
1988 1017 2057 1070 sit
2106 1017 2369 1072 bellorum
2422 1019 2694 1088 principes
2744 1029 2798 1074 et
2850 1018 3090 1072 historia:
3145 1018 3394 1073 ordinem

1791 1121 2010 1167 texere:
2059 1112 2204 1166 aliud
2254 1115 2450 1182 ﬁguras
2496 1114 2708 1183 aliquas
2756 1113 3067 1182 significare
3112 1112 3391 1181 conjugii,

1789 1219 1909 1274 qum
1956 1204 2009 1257 in
2042 1204 2160 1258 istis
2205 1208 2429 1259 omnino
2481 1220 2589 1259 non
2636 1214 2972 1274 comparent.
3027 1204 3198 1259 Porro
3248 1203 3394 1275 quod

1792 1296 2011 1366 pra-fert
2048 1296 2243 1366 Jephte
2281 1298 2451 1366 patris
2484 1298 2667 1362 tidem,
2698 1297 2948 1368 lacrymis
2989 1296 3217 1365 virginis
3246 1296 3394 1361 tilizc,

1790 1404 1890 1459 pro
1934 1389 2092 1443 nobis
2123 1390 2266 1444 facit.
2303 1390 2367 1444 Et
2399 1405 2496 1445 nos
2547 1391 2689 1444 enim
2740 1407 2847 1443 non
2880 1399 2989 1443 tam
3024 1389 3265 1457 virgines
3295 1403 3395 1441 sa:-

1788 1482 1917 1548 culi,
1952 1497 2114 1551 quam
2148 1496 2240 1535 eas
2267 1498 2387 1551 quzc
2414 1493 2633 1553 propter
2664 1484 2940 1537 Christum
2975 1491 3099 1536 sunt
3131 1481 3393 1550 virgines,

1789 1574 2187 1645 prs-dicamus:
2238 1584 2343 1629 eta
2393 1578 2664 1647 plerisque
2709 1577 3065 1632 Hebraeorum
3098 1576 3396 1643 reprehen-

1786 1667 1936 1721 ditur
1964 1678 2115 1737 pater
2155 1670 2265 1721 voti
2314 1668 2616 1733 temerarii,
2649 1668 2675 1707 δ
2701 1670 2791 1740 qui
2825 1670 3024 1725 dixerit
3055 1688 3066 1721 :
3102 1670 3162 1722 Si
3191 1669 3399 1721 tradens

1789 1761 2071 1815 tradideris
2116 1762 2256 1831 filios
2286 1763 2505 1817 Ammon
2543 1765 2597 1816 in
2640 1764 2879 1817 manibus
2911 1762 3056 1824 meis,
3093 1763 3402 1831 quicumque

200 1848 283 1905 ille
308 1852 524 1923 sepelitur
548 1855 592 1909 in
618 1856 745 1909 valle
783 1869 970 1911 contra
1002 1859 1223 1913 domum
1272 1858 1509 1929 Phogor,
1542 1860 1688 1929 quod
1722 1851 1767 1910 Β
1794 1855 1975 1907 exierit
2008 1855 2071 1907 de
2107 1855 2262 1909 domo
2312 1874 2421 1910 mea
2474 1858 2525 1910 in
2556 1873 2831 1909 occursum
2865 1857 3027 1917 mihi,
3061 1873 3175 1908 cum
3220 1857 3405 1908 recerti

192 1945 520 2014 interpretatur
540 1949 1068 2021 ignominia(proprie
1099 1952 1299 2020 quippe
1336 1950 1553 2021 Pliogor
1586 1951 1689 2004 lin-

183 2052 271 2106 gua
286 2038 467 2095 hebraaa
484 2040 1034 2111 Priapusappellatur);
1055 2044 1142 2097 hic
1160 2044 1210 2097 in
1228 2054 1412 2097 monte
1430 2043 1687 2111 Ephraim

171 2130 237 2183 ab
261 2132 489 2198 aquilone
512 2134 687 2185 montis
711 2130 872 2185 Gaas.
909 2133 973 2186 Et
1005 2143 1090 2187 est
1120 2135 1174 2187 in
1206 2134 1384 2188 verbis
1428 2134 1694 2203 simplici-

158 2218 261 2273 bus
288 2234 487 2287 semper
510 2220 789 2276 divinarum
834 2224 1240 2292 Scripturarum
1272 2241 1467 2281 sensus
1496 2242 1693 2297 augus-

152 2314 273 2369 tior.
326 2314 452 2381 Quia
478 2316 602 2384 apud
630 2315 839 2371 Judzeos
886 2318 1061 2388 gloria
1113 2330 1229 2374 erat
1258 2322 1310 2373 in
1335 2322 1601 2391 partubus
1640 2330 1694 2377 et

148 2408 594 2475 parturitionibns;
622 2421 672 2465 et
700 2412 985 2468 maledicta
1032 2414 1260 2477 sterilis,
1296 2431 1415 2486 quae
1456 2433 1562 2471 non
1593 2417 1691 2471 ba-

144 2499 297 2555 bebat
335 2512 509 2554 semen
550 2500 598 2554 in
630 2500 822 2567 Israel;
870 2512 927 2557 et
955 2504 1147 2559 beatus
1176 2506 1331 2574 cujus
1352 2517 1470 2561 erat
1500 2522 1689 2563 semen

150 2607 182 2644 η
224 2590 367 2654 Sion,
409 2598 461 2643 et
482 2589 752 2645 domestici
790 2594 841 2647 in
886 2592 1232 2650 Jerusalem:
1262 2607 1313 2650 et
1347 2598 1398 2650 in
1433 2598 1689 2655 benedic-

146 2684 266 2737 ione
295 2683 519 2737 maxima
556 2685 873 2753 ponebatur,
919 2686 1067 2741 Uxor
1095 2698 1181 2743 tua
1210 2692 1341 2743 sicut
1369 2692 1485 2744 vitis
1526 2692 1689 2745 abun-

140 2777 241 2829 'ans
272 2777 323 2829 in
364 2774 601 2832 lateribus
643 2778 826 2832 domus
868 2789 992 2834 tute.
1026 2780 1160 2835 Filii
1188 2784 1261 2835 tui
1296 2785 1430 2837 sicut
1472 2785 1687 2839 noveler

141 2870 354 2921 (irarum
380 2869 428 2921 in
473 2870 686 2924 circuitu
716 2887 905 2926 mensae
931 2882 1035 2927 tua:
1064 2872 1191 2943 (Ps.
1224 2890 1431 2940 cxxvrt,
1462 2878 1495 2931 3
1517 2878 1568 2947 );
1605 2878 1686 2931 id-

137 2959 242 3013 ‘rco
271 2959 580 3029 sepulcrum
622 2961 741 3030 ejus
788 2963 1023 3032 positum
1068 2965 1120 3017 in
1168 2965 1310 3021 valle
1349 2967 1686 3023 describitur

138 3060 276 3105 )ttlt’a
323 3052 547 3107 domum
600 3053 753 3121 idoli,
802 3056 946 3126 quod
978 3058 1197 3127 proprie
1226 3060 1435 3115 libidini
1487 3077 1687 3118 conse-

138 3152 285 3196 'atur.
314 3142 426 3199 Nos
447 3155 630 3200 autem
663 3148 755 3217 qui
782 3147 1081 3203 militamus
1105 3152 1208 3206 sub
1233 3151 1364 3207 Jesu
1404 3154 1564 3220 duce,
1596 3170 1685 3210 us—

1791 1963 1986 2014 cazpero
2012 1949 2064 2000 in
2086 1966 2211 2019 pace
2233 1966 2265 2001 a
2294 1949 2416 2016 ﬁliis
2441 1951 2680 2013 Ammon,
2704 1951 2798 2001 erit
2826 1948 3069 2011 Domino,
3102 1959 3150 2001 et
3177 1948 3397 2015 o/feram

1790 2039 1941 2091 illum
1968 2039 2328 2092 holocaustum
2357 2040 2375 2108 (
2400 2039 2578 2092 Judic.
2613 2056 2691 2099 XI,
2722 2041 2813 2101 '50,
2842 2040 2903 2093 51
3007 2038 3063 2093 Si
3096 2041 3246 2093 canis
3275 2042 3291 2107 (
3317 2039 3399 2091 in-

1795 2129 2045 2198 quiunt),
2082 2133 2125 2183 si
2157 2132 2344 2184 asinus
2374 2134 2725 2196 occurrisset,
2751 2131 2880 2200 quid
2916 2131 3161 2184 laeeret't
3192 2133 3263 2184 Es
3298 2147 3405 2199 quo

1795 2221 1983 2275 volunt
2028 2222 2121 2274 Dei
2144 2222 2554 2290 dispensatione
2601 2237 2721 2277 esse
2745 2226 2943 2276 factum
2979 2230 3036 2275 ut
3078 2222 3170 2291 qui
3200 2223 3399 2291 impr0«

1795 2324 1984 2381 specte
2006 2322 2261 2379 voverat,
2286 2329 2532 2369 errorem
2568 2323 2814 2367 votorum
2847 2315 2897 2367 in
2927 2316 3050 2367 tiliae
3076 2323 3249 2369 morte
3276 2330 3401 2369 sen-

1799 2406 1948 2460 tiret.
1973 2406 2029 2461 Si
2063 2417 2242 2460 aulem
2268 2407 2488 2461 Samuel
2518 2406 2750 2460 nutritus
2782 2406 2833 2459 in
2865 2407 3220 2461 tabernaculo
3247 2408 3403 2461 duxit

1798 2515 2046 2565 uxorem,
2074 2500 2207 2571 quid
2239 2502 2342 2555 hoc
2368 2500 2435 2555 ad
2459 2500 2831 2569 praeiudicium
2851 2499 3215 2570 virginitatis?
3236 2500 3403 2567 Quasi

1796 2609 1904 2647 non
1945 2592 2106 2648 hodie
2136 2607 2354 2664 quoque
2392 2592 2610 2661 plurimi
2656 2592 2970 2647 sacerdotes
3014 2592 3245 2645 habeant
3290 2608 3404 2645 ma-

1796 2685 2052 2739 trimonia
2082 2703 2094 2738 :
2141 2693 2199 2739 et
2228 2684 2525 2755 Apostolus
2556 2685 2874 2755 episcopum
2914 2684 3195 2740 describat
3244 2685 3401 2738 unius

1793 2781 1979 2833 uxoris
2018 2780 2232 2844 virum,
2288 2779 2577 2834 habentem
2628 2779 2771 2834 filios
2797 2794 2920 2833 cum
2973 2780 3121 2832 omni
3151 2779 3400 2832 castitate

1792 2871 1810 2939 (
1853 2871 1867 2923 Ι
1908 2870 2042 2924 Tim.
2109 2873 2241 2941 ιιι).
2292 2870 2456 2943 274
2499 2871 2783 2941 Simulque
2833 2871 3200 2935 noscendum,
3250 2873 3393 2940 quod

1790 2966 2011 3020 Samuel
2044 2966 2251 3029 Levita,
2287 2976 2308 3003 ε
2343 2982 2450 3020 non
2479 2966 2757 3028 sacerdos,
2792 2982 2899 3020 non
2933 2965 3181 3019 P0ntifex
3213 2966 3392 3019 fuerit.

1790 3057 1947 3113 Unde
1979 3067 2037 3112 et
2084 3058 2317 3112 faciebat
2361 3058 2437 3112 illi
2480 3070 2656 3113 mater
2685 3072 2781 3111 sua
2828 3056 3020 3125 Ephod
3046 3058 3164 3121 bad,
3199 3073 3393 3126 super-

1790 3150 2074 3205 humerale
2111 3150 2368 3205 videlicet
2398 3151 2622 3213 lineum,
2658 3152 2749 3219 qui
2780 3151 2996 3205 habitus
3039 3153 3258 3221 proprie
3291 3150 3395 3205 Lc-

135 3250 178 3287 ie
210 3235 279 3287 ad
311 3249 645 3305 pnnsentem
693 3239 836 3294 diem
870 3241 1187 3309 ignoramus
1231 3244 1320 3297 ubi
1362 3244 1576 3316 Moyses
1616 3249 1686 3301 sit
1714 3234 1759 3297 C
1791 3245 2023 3298 vitarum
2061 3253 2118 3299 et
2142 3244 2367 3298 minoris
2418 3252 2502 3297 est
2530 3243 2738 3297 ordinis
2778 3244 2835 3312 (Ι
2870 3244 2995 3314 Reg.
3029 3246 3125 3313 ιι).
3162 3242 3314 3297 Unde
3343 3254 3398 3296 et

134 3324 336 3391 pullus.
362 3328 530 3399 273
552 3328 973 3386 Contemuimus
994 3334 1137 3389 enim
1158 3334 1373 3405 Pliogor
1396 3335 1515 3408 [ΑΙ.
1548 3338 1685 3394 Phe-

134 3416 224 3489 r],
280 3428 341 3473 et
378 3434 608 3475 omnem
656 3423 1008 3492 ignominiam
1060 3428 1201 3495 ejus,
1252 3428 1489 3485 scientes
1538 3431 1683 3501 quod

133 3512 141 3563 ἱ
174 3512 231 3564 in
260 3526 439 3567 carne
461 3525 620 3580 sunt,
656 3516 769 3571 Deo
812 3519 1029 3585 placere
1057 3536 1164 3573 non
1196 3532 1446 3591 possunt.
1478 3522 1547 3577 Et
1579 3525 1683 3577 Do-

137 3623 227 3661 lltS
256 3618 397 3665 ante
431 3609 716 3666 diluvium
764 3629 981 3683 quoque
1032 3615 1275 3671 dixerit;
1324 3617 1446 3671 Non
1480 3636 1681 3686 perma-

133 3704 171 3754 it
223 3704 462 3774 spiritus
494 3722 651 3759 meus
682 3708 737 3760 in
764 3708 1057 3763 hominibus
1088 3711 1222 3775 istis,
1255 3712 1376 3781 quia
1408 3727 1527 3764 coro
1563 3722 1681 3764 sunt

134 3813 263 3852 mes.
295 3813 381 3863 vs,
401 3798 440 3851 3
460 3796 504 3868 ).
534 3800 917 3867 Quamobrem
949 3814 1004 3856 et
1029 3804 1241 3874 Moyses
1267 3805 1509 3859 moriens
1529 3808 1683 3875 plan-

136 3907 165 3944 r
204 3906 236 3944 a
273 3892 512 3961 populo
568 3892 967 3951 IsraelzJesus
1021 3907 1202 3952 autem
1235 3898 1389 3968 quasi
1439 3900 1683 3953 victurus

170 3984 513 4055 plangitur.
567 3985 795 4058 Nuptiae
854 3990 1000 4044 enim
1053 3991 1315 4045 liniuntur
1371 3992 1424 4046 in
1480 4004 1679 4059 morte,

133 4076 315 4129 initas
351 4086 495 4148 post
527 4090 779 4135 mortem
814 4082 999 4151 incipit
1042 4086 1314 4139 coronari.

134 4196 158 4221 ι.
184 4166 415 4239 Iephte
439 4172 732 4225 temerarii
753 4174 854 4225 voti
868 4174 1128 4244 arguitur.
1150 4173 1457 4229 Sacerdotes
1475 4177 1685 4247 plurimi

134 4262 237 4313 πε.
305 4258 656 4316 Lerilarum
702 4264 926 4317 habitus.
974 4264 1136 4317 Error
1178 4264 1582 4321 Encratitarum.
1613 4298 1685 4309 -——

134 4372 235 4408 ;‹ιη
293 4370 555 4425 quoque
611 4358 870 4427 producit
912 4360 965 4412 in
1016 4359 1276 4425 medium,
1312 4375 1411 4415 nec
1436 4362 1684 4416 decalva-

140 4447 481 4515 quandam
544 4448 779 4504 Domini
824 4448 1139 4504 Nazarwum
1171 4465 1202 4502 a
1235 4451 1469 4505 muliere
1506 4453 1687 4507 consi-

151 4557 167 4602 ;
209 4541 322 4609 qui
378 4541 534 4597 licet
574 4551 780 4614 typum
813 4553 996 4599 teneat
1026 4543 1360 4605 Salvatoris,
1392 4545 1536 4613 quod
1570 4560 1685 4600 me-

1791 3337 1843 3390 in
1878 3335 2109 3389 Psalmis
2148 3351 2255 3389 non
2290 3337 2602 3389 nominatur
2636 3336 2780 3389 inter
2810 3335 3151 3395 sacerdotes,
3186 3334 3280 3387 sed
3316 3334 3400 3386 in-

1790 3439 1874 3485 ter
1901 3444 2000 3485 eos
2040 3430 2131 3499 qui
2176 3429 2429 3483 invocant
2476 3442 2676 3483 nomen
2729 3427 2982 3481 Domini:
3045 3424 3323 3495 alogias,d
3351 3436 3397 3477 et

1788 3524 1961 3577 Aaron
1995 3524 2046 3576 in
2078 3521 2445 3575 Sacerdotibus
2478 3525 2614 3593 ejus,
2668 3529 2715 3572 et
2756 3518 2971 3573 Samuel
2999 3519 3131 3570 inter
3170 3531 3276 3576 eos,
3308 3519 3398 3583 qui

1786 3618 2027 3670 invocant
2083 3632 2263 3669 nomen
2320 3617 2431 3686 ejus
2488 3613 2672 3671 (Psal.
2715 3628 2899 3678 xcvnl,
2938 3610 3027 3678 6).
3064 3608 3191 3663 Levi
3249 3610 3396 3663 enim

1785 3711 1976 3780 genuit
2013 3710 2214 3771 Caatli,
2246 3708 2417 3763 Caath
2473 3708 2661 3777 genuit
2703 3705 3041 3768 Aminadab,
3090 3702 3398 3756 Aminadab

1785 3806 1974 3876 genuit
2000 3803 2203 3868 Cltore,
2232 3801 2411 3856 Cbore
2438 3803 2625 3871 genuit
2654 3801 2832 3865 Assir,
2867 3799 3021 3851 Assir
3046 3796 3237 3866 genuit
3268 3796 3399 3852 llel-

1785 3898 1982 3963 chana,
2031 3896 2307 3952 llelchana
2348 3895 2535 3965 genuit
2565 3896 2700 3957 Sub,
2746 3892 2859 3948 Sub
2890 3891 3073 3958 genuit
3114 3888 3253 3954 Tou,
3279 3888 3398 3944 Tou

1785 3990 1969 4059 genuit
2001 3988 2140 4052 Elin,
2174 3987 2294 4040 Eliu
2320 3984 2508 4053 genuit
2532 3983 2774 4046 Jeroam,
2810 3981 3025 4035 Jeroam
3050 3981 3232 4048 genuit
3265 3979 3396 4032 llel-

1786 4081 1986 4146 chatra,
2025 4080 2301 4134 Ilelchana
2324 4079 2514 4147 genuit
2540 4076 2871 4131 Samuclem.
2899 4073 3153 4138 Nullique
3173 4069 3398 4125 dubium

1787 4185 1871 4229 est
1898 4172 2215 4227 sacerdotes
2242 4172 2308 4225 de
2338 4172 2523 4225 Aaron
2556 4179 2610 4223 et
2639 4169 2864 4223 Eleazar
2890 4177 2945 4220 et
2971 4165 3203 4219 Phinees
3229 4163 3400 4233 stirpe

1787 4276 2096 4338 generatos.
2128 4265 2229 4333 Qui
2277 4280 2400 4318 cum
2432 4273 2488 4319 et
2530 4264 2628 4332 ipsi
2664 4275 2861 4315 uxores
2902 4259 3213 4321 habuerint,
3248 4267 3398 4314 recte

1787 4360 1945 4416 nobis
1988 4365 2420 4428 apponerentur,
2453 4354 2499 4408 si
2527 4368 2718 4407 errore
2759 4349 3161 4404 Encratitarum
3211 4346 3392 4413 ducti,

1787 4449 2282 4512 contenderemus,
2337 4442 2686 4499 matrimonia
2745 4438 3128 4508 reprobanda:
3186 4446 3239 4493 et
3292 4452 3399 4493 non

1787 4552 1935 4597 esset
1959 4550 2145 4594 noster
2170 4537 2420 4593 Pontifex
2453 4534 2755 4588 secundum
2807 4531 3057 4585 ordinem
3110 4532 3399 4589 Melchise-

134 4646 253 4685 rem
294 4648 370 4686 ex
421 4635 731 4704 gentibus
764 4635 1031 4690 adamarit
1068 4633 1369 4688 Ecclesiam
1396 4650 1411 4698 ;
1439 4645 1493 4689 et
1520 4635 1691 4690 multo
1716 4619 1771 4679 Ῑ)
1795 4636 1895 4687 dec
1926 4633 2044 4686 sine
2072 4640 2246 4699 patre,
2280 4631 2397 4683 sine
2429 4636 2604 4681 matre
2626 4667 2639 4689 ,
2688 4624 3085 4697 ἀγενεαλόγητος
3106 4667 3120 4690 ,
3150 4626 3253 4679 hoc
3281 4635 3397 4693 est,

133 4738 159 4776 ς
210 4724 511 4781 hostium
549 4729 854 4794 moriens,
887 4743 1050 4799 quam
1088 4727 1241 4782 vivus
1270 4724 1569 4782 occiderit:
1608 4739 1688 4782 ta-

134 4889 531 4945 ’ernnensis
583 4899 643 4943 et
698 4890 1181 4963 sepelieruntieum
1219 4892 1272 4942 in
1296 4888 1437 4963 gentle
1466 4889 1521 4941 in
1556 4898 1696 4963 terra

134 4979 145 5018 .'
180 4963 388 5028 juxta
433 4959 802 5018 versionem
832 4972 935 5019 τῶν
962 4961 1137 5024 LXX,
1166 4964 1248 5017 καὶ
1286 4959 1479 5031 ἔθαψαν
1508 4962 1691 5027 αὐτὸν;

134 5036 323 5086 “ir-sieo
391 5044 636 5088 tamen
676 5038 827 5089 hunc
860 5036 1039 5091 locum
1088 5036 1255 5087 citare
1290 5036 1505 5085 Videtur
1547 5034 1696 5085 ιιιιτ.

140 5108 153 5155 i
196 5105 636 5174 ambiguum
672 5107 756 5161 illi
786 5121 1035 5169 sensum,
1066 5110 1146 5159 ω
1185 5110 1313 5159 Tim
1338 5107 1511 5175 ὭΡἿῚ,
1540 5112 1586 5157 et
1616 5119 1698 5157 se-

144 5194 308 5228 cum
344 5176 419 5229 in
457 5176 669 5241 valle,
700 5177 885 5230 addita
921 5192 1056 5230 voce
1085 5176 1340 5229 Dominus
1362 5219 1374 5237 ,
1424 5176 1510 5229 hic
1538 5191 1698 5245 exag-

196 5264 423 5315 quasn
502 5264 642 5302 nec
706 5247 963 5316 Vulgata,
994 5262 1168 5315 neque
1219 5250 1329 5316 ipSa
1380 5247 1696 5317 Hieronymi

147 5320 472 5373 habent.
524 5318 685 5372 V'id.
723 5319 884 5387 etiisl.
915 5318 1005 5383 39,
1036 5334 1090 5372 n.
1123 5318 1177 5380 5,
1212 5330 1266 5371 et
1293 5317 1383 5381 60,
1413 5335 1465 5371 It.
1497 5320 1551 5373 6.

136 5391 583 5444 sanatensis
625 5405 768 5444 cum
819 5389 1119 5443 Veronensi
1159 5390 1279 5457 quia
1324 5390 1512 5442 dixerit
1548 5406 1567 5441 :
1600 5387 1685 5441 hic

133 5476 227 5515 οι
268 5465 513 5515 omnis
545 5463 901 5531 quicumque
927 5461 1128 5520 exierit,
1158 5469 1264 5513 etc.

140 5534 159 5585 ἱ
205 5534 397 5587 huic
437 5530 958 5604 Ilicrmsytnianm
979 5530 1294 5594 a-sertioni,
1314 5530 1685 5604 sacerdotium

134 5606 281 5659 .ele
346 5602 855 5671 abjudicantis,
886 5604 1242 5657 adversantur
1274 5611 1488 5655 veteres
1519 5602 1689 5669 scrip-

150 5677 414 5744 iquot,
459 5694 559 5729 eo
629 5676 903 5729 videntur
953 5674 1252 5745 accipiendi
1287 5688 1483 5735 sensu,
1517 5681 1573 5745 ut
1621 5673 1688 5745 de

148 5743 319 5801 ιιι...
388 5748 672 5802 ordine
702 5762 769 5801 ac
803 5747 1006 5814 Specie,
1040 5743 1095 5797 ui
1126 5748 1196 5799 ita
1242 5746 1501 5811 dixerim,
1533 5743 1690 5797 Levi-

160 5819 535 5887 :lligant.
609 5820 720 5873 Sic
768 5828 955 5873 noster
1002 5816 1150 5871 Zeno
1180 5825 1343 5872 tract.
1377 5816 1466 5881 16,
1501 5832 1555 5871 n.
1600 5814 1687 5879 ιιι

1798 4730 1917 4783 sine
1949 4724 2172 4794 nuptiis.
2200 4724 2267 4777 Et
2287 4735 2477 4776 revera
2504 4734 2731 4788 magnos
2761 4718 2969 4770 fructus
2997 4732 3062 4771 ex
3093 4719 3277 4773 liberis
3303 4717 3403 4773 Sa-

1809 4888 2044 4953 Samuel,
2071 4888 2268 4956 inquit,
2296 4884 2531 4956 egregius
2552 4885 2641 4937 ille
2668 4884 2926 4946 sacerdos,
2951 4891 3059 4937 etc.
3088 4880 3287 4956 Verum
3314 4878 3407 4934 Jo-

1807 4952 2198 5029 sepltusvetus
2228 4952 2789 5029 Clirtstianusauctor
2835 4952 3246 5029 Hypiintties_tic.
3279 4965 3401 5029 cap.

1808 5032 1838 5085 7
1868 5023 1886 5084 ε’
1903 5037 2043 5105 Τίνες
2065 5030 2110 5083 oi
2132 5036 2227 5105 τρῦ
2249 5028 2479 5105 Σαμουὴλ
2494 5028 2735 5105 πρόγονοι
2760 5023 3026 5105 ἱερᾳιὲικρζε
3055 5024 3277 5089 Οῑιὶηαηι
3293 5023 3407 5092 fue-

1806 5105 1911 5156 rint
1940 5102 2200 5157 Samuelis
2230 5097 2581 5173 progenitores
2605 5097 2667 5173 ea:
2687 5097 2997 5173 sacerdotali
3022 5111 3229 5173 genere,
3258 5108 3406 5161 quae-

1807 5189 1937 5229 rens
1984 5176 2053 5225 ita
2104 5169 2334 5237 cens-et,
2377 5172 2573 5242 primus
2624 5170 2755 5225 Core
2797 5172 2884 5242 qni
2932 5169 3129 5242 Miysis
3184 5177 3409 5242 tempore

1807 5246 2113 5315 seditionem
2141 5245 2317 5298 movit.
2351 5236 2639 5315 Secundus,
2668 5236 2994 5315 ﬁliushujus
3027 5236 3250 5315 Elkunaﬂ.
3279 5236 3401 5289 Ter-

1808 5318 1913 5368 tius
1943 5314 2151 5369 EJaud.
2193 5316 2421 5383 Quartus
2458 5313 2637 5368 Eliud.
2681 5310 2915 5381 Quintus
2938 5312 3174 5364 Tevaam.
3210 5310 3405 5383 Sextus

1798 5386 2023 5459 Ellstrua.
2069 5377 2330 5459 St'ptiinus
2379 5384 2625 5449 Samutl,
2677 5377 2741 5459 ὲίιέ
2773 5400 2873 5459 qqu
2910 5391 3020 5434 nati
3051 5384 3154 5459 diro
3192 5377 3289 5447 ﬁlii
3318 5378 3407 5445 qui

1797 5458 1970 5528 patria
2019 5450 2345 5511 successione
2390 5458 2589 5527 indigni
2623 5450 3029 5529 judicati__sunt.
3081 5450 3283 5502 Locum
3312 5462 3407 5500 rx-

1796 5524 2116 5599 scripsimus
2148 5540 2205 5583 ut
2234 5546 2360 5584 cum
2391 5524 2671 5598 proposiia
2705 5527 2802 5579 abs
2832 5524 3163 5590 Hieronymo
3202 5533 3402 5587 genea—

1786 5602 1932 5676 logia
1955 5611 2073 5676 tutu
2103 5602 2373 5676 conferas.
2486 5672 2497 5676 _
2649 5670 2659 5676 _
2773 5667 2802 5676 ,Δ
3012 5662 3025 5676 .

1872 5671 1897 5709 ἀ
1940 5673 2129 5728 Αιιιονι
2182 5674 2307 5727 hinc
2342 5672 2591 5725 vocnlam
2644 5667 2825 5737 inquit,
2858 5680 2978 5734 quae
3010 5667 3064 5717 in
3123 5674 3260 5716 mss.
3296 5677 3404 5716 non

1802 5744 2055 5799 habetur.
2087 5744 2256 5798 Paulo
2277 5752 2401 5798 ante
2434 5739 2824 5797 Casanatensis
2851 5750 2951 5789 non
2974 5744 3277 5791 numeratur
3308 5747 3406 5805 pro

1797 5828 1900 5869 non
1929 5816 2241 5869 nominatur.
