4062 6392
519 389 633 444 945
1796 376 1856 431 S.
1898 369 2172 431 E0511).
2199 367 2599 428 NW7!“
3729 361 3851 418 2H

527 501 676 556 muel
708 497 891 567 capit:
923 505 984 551 ut
1013 494 1140 566 quia
1171 495 1288 565 ipse
1319 490 1519 565 placuit
1537 490 1830 555 Deo,-tales
1850 487 2130 560 genuerit,
2159 497 2211 556 Α
2237 486 2390 540 riam.
2411 513 2482 524 --
2512 483 2685 538 Elian:
2727 490 2781 536 et
2803 479 3060 534 Elisaeum
3089 493 3252 549 quam
3283 477 3447 534 stulte
3488 477 3541 532 in
3589 477 3853 548 catalogo

530 593 618 661 qui
646 590 876 650 Domino
903 587 1281 658 disiiliscreut.
1314 584 1468 651 Quod
1498 583 1544 639 si
1577 583 1723 638 Boos
1751 592 1808 637 ct
1853 581 1997 636 Ruth
2030 596 2132 634 ιω-
2238 579 2483 648 posuerit
2509 576 2854 640 nisi-iterum,
2888 587 2976 628 me
3008 581 3243 636 tacente,
3269 570 3618 626 manifestum
3648 579 3750 624 est.
3789 571 3856 626 Si

531 684 618 738 bis
664 681 857 752 objicit
899 678 970 734 ad
1014 676 1476 750 eomprobandam
1522 674 1852 745 digamia-m,
1907 673 2041 728 sciat
2081 673 2132 726 in
2235 672 2383 726 enim
2423 670 2665 726 Joannes
2701 667 2944 737 Baptista
2991 666 3142 722 venit
3185 665 3237 720 in
3285 663 3480 735 spiritu
3535 675 3593 718 et
3644 663 3860 719 virtute

530 775 831 846 Evangelia
863 773 937 828 ob
968 782 1151 845 typum
1182 771 1471 835 Ecclesiae,
1504 770 1668 825 etiam
1699 768 1849 822 Raab
1889 766 2138 822 meretri-

535 882 656 923 cem
694 870 746 922 in
767 866 960 922 ordine
983 865 1254 935 majorum
1285 861 1503 918 Domini
1525 870 1919 916 enumeratam.

609 960 702 1016 24.
735 961 906 1030 Quare
929 959 1094 1014 David
1123 958 1493 1030 sanguinariae
1519 954 1864 1024 uir.|Quando
1886 953 2139 1008 exstruxit

537 1053 792 1110 Salomon
830 1051 1098 1124 templum.
1137 1081 1209 1094 -——
1254 1051 1424 1105 Porro
1477 1048 1620 1116 quod
1673 1047 1842 1102 David
1889 1045 2138 1100 ducentis

540 1148 823 1218 praeputiis
869 1148 1074 1202 cauisse
1117 1144 1288 1215 iactat
1327 1158 1575 1206 uxorem,
1609 1141 1840 1204 noverit,
1883 1139 2037 1194 illum
2082 1147 2140 1193 et

537 1241 674 1296 alias
698 1239 957 1296 habuisse
979 1238 1406 1310 quamplurimas
1431 1254 1442 1289 :
1476 1245 1533 1291 et
1564 1234 1763 1291 Michol
1796 1235 1957 1289 tiliam
1987 1231 2137 1299 Saul,

541 1347 702 1402 quam
737 1341 894 1402 pater
932 1329 1089 1385 alteri
1131 1328 1458 1393 tradiderat,
1510 1338 1698 1398 postea
1743 1325 2056 1397 recepisse:
2087 1333 2142 1380 et

535 1428 644 1495 jam
672 1439 861 1480 senem
890 1422 1250 1478 Sunamitidis
1281 1422 1474 1493 puella:
1509 1421 1827 1476 calefactum
1851 1435 1974 1475 esse
1994 1434 2143 1474 com-

539 1516 812 1588 plexibus.
839 1516 952 1572 Nec
984 1515 1090 1571 hoc
1112 1514 1256 1579 dico,
1287 1513 1431 1586 quod
1464 1515 1668 1569 sanctis
1691 1514 1822 1569 viris
1848 1511 2142 1583 quidquam

542 1609 836 1665 detrahere
871 1608 1131 1674 audeam;
1180 1608 1277 1664 sed
1321 1606 1469 1678 quod
1491 1606 1636 1664 aliud
1667 1607 1736 1661 sit
1766 1607 1822 1661 in
1851 1606 1996 1676 Lege
2024 1620 2140 1659 ver-

541 1702 673 1766 sari,
704 1701 852 1757 aliud
884 1701 939 1756 in
965 1701 1282 1771 Evangelia.
1314 1700 1410 1756 Ille
1431 1700 1628 1755 occidit
1651 1699 1838 1755 Uriam
1865 1698 2144 1754 lletbaeum

545 1793 864 1866 [Gctbtcum
901 1797 1059 1865 juxta
1087 1793 1288 1865 LXX],
1315 1793 1563 1849 mmchus
1589 1793 1800 1848 exstitit
1831 1793 1884 1848 in
1916 1791 2146 1847 Bethan-

2241 764 2396 831 Eiiut,
2431 773 2488 820 et
2512 763 2751 818 Joannes
2779 761 2932 831 virgo
2955 769 3040 815 est
3066 776 3079 813 :
3107 759 3292 830 utique
3311 773 3420 813 non
3441 757 3621 813 solum
3648 757 3707 811 in
3737 757 3862 827 spi-

2237 856 2344 911 ritu
2359 856 2485 924 ejus
2510 857 2676 919 venit,
2705 853 2800 908 sed
2822 853 2988 908 etiam
3021 852 3073 907 in
3097 850 3350 922 corporis
3378 851 3650 906 castitate.
3671 847 3861 905 Porro

2243 949 2372 1004 illud
2405 947 2546 1018 quod
2575 947 2643 1002 de
2675 947 2909 1002 Ezechia
2951 945 3376 1002 commemorari
3423 953 3622 1014 potest,
3657 957 3863 1013 quiern-

2240 1058 2402 1112 quam
2429 1041 2530 1096 boc
2553 1041 2643 1096 ille
2665 1040 2823 1095 solita
2848 1039 3148 1095 stoliditate
3174 1048 3279 1093 non
3304 1036 3526 1102 viderit,
3549 1035 3702 1106 quod
3725 1044 3865 1107 post

2243 1136 2410 1189 vitam
2465 1143 2864 1203 recuperatam,
2914 1143 2972 1186 et
3015 1131 3328 1202 quindecim
3369 1144 3641 1184 annorum
3672 1127 3863 1199 spatia

2244 1229 2534 1302 protelatn,
2561 1228 2796 1284 dixerit:
2828 1227 3029 1281 Amodo
3067 1225 3206 1296 ﬁlios
3238 1226 3469 1295 faciant;
3497 1223 3634 1280 sciat
3661 1223 3719 1278 in
3747 1223 3867 1279 ﬂe-

2247 1325 2408 1380 brteis
2436 1322 2803 1378 voluminibus
2859 1338 2967 1377 non
3026 1321 3238 1387 haberi,
3293 1319 3390 1375 sed
3429 1319 3537 1390 legi
3569 1333 3668 1388 pro
3705 1317 3818 1371 hoc
3843 1333 3862 1372 :

2245 1417 2272 1458 ι’
2301 1418 2458 1474 Pater
2489 1418 2614 1488 filiis
2646 1427 2819 1474 notant
2849 1417 3003 1486 faciet
3033 1416 3299 1471 veritatem
3327 1425 3490 1470 tuam.
3521 1413 3634 1468 Nec
3657 1413 3866 1468 mirum

2245 1513 2291 1568 si
2316 1511 2452 1568 Olda
2477 1527 2617 1568 uxor
2644 1509 2853 1566 Selium
2879 1507 3220 1580 prophetissa
3240 1507 3566 1564 consiliator
3582 1505 3694 1579 [AL
3724 1515 3866 1560 con-

2247 1603 2492 1674 solatur]
2518 1604 2586 1658 ab
2616 1602 2766 1658 iusin
2800 1618 2925 1674 rege
2949 1602 3125 1666 ludat,
3155 1602 3266 1671 jam
3297 1600 3615 1670 captivitate
3641 1598 3821 1652 vicina
3843 1637 3863 1664 ,

2247 1705 2304 1752 et
2341 1697 2420 1752 ira
2456 1696 2666 1750 Domini
2697 1695 2939 1751 stillante
2987 1710 3152 1765 super
3202 1693 3542 1749 Jerusalem:
3571 1705 3697 1746 cum
3744 1689 3867 1746 hac

2252 1804 2442 1844 norma
2466 1789 2536 1843 sit
2564 1787 2993 1856 Scripuurarum,
3029 1796 3087 1841 ut
3117 1787 3281 1858 ἣτε
3307 1783 3690 1841 deﬁcientibus
3724 1781 3865 1838 viris

544 1890 676 1943 bce.
712 1889 777 1942 Et
799 1889 926 1958 quia
955 1898 1074 1942 erat
1102 1889 1184 1942 vir
1217 1888 1624 1958 sanguinarius,
1665 1902 1773 1942 non
1799 1896 1824 1924 ιι
1853 1886 1952 1960 (ut
1987 1887 2151 1956 plori-
2181 1888 2225 1947 Β
2253 1883 2482 1948 sanctis,
2530 1884 2786 1938 mulieres
2815 1882 2869 1936 in
2914 1885 3155 1937 virorum
3203 1880 3491 1936 laudentur
3540 1875 3865 1949 opprobria.

548 1993 657 2048 que
680 1978 1033 2049 existimant)
1065 1991 1284 2050 propter
1323 1979 1467 2035 bella
1494 2019 1510 2045 ,
1539 1979 1636 2035 sed
1672 1988 1897 2050 propter
1926 1979 2156 2035 homici-

548 2072 720 2139 dium,
762 2071 1047 2141 Templum
1093 2071 1303 2128 Domini
1348 2072 1616 2128 aediﬁcare
1668 2070 2004 2141 prohibetur.
2044 2071 2155 2126 Nos

548 2171 730 2218 autem
763 2163 814 2217 si
855 2178 1022 2217 unum
1073 2163 1142 2217 de
1187 2162 1426 2219 minimis
1464 2163 2052 2227 scandalizaverimus,
2097 2171 2154 2218 et

547 2257 595 2312 si
627 2257 784 2314 lratri
814 2256 1120 2312 dixerimus
1149 2255 1330 2324 Rara,
1363 2268 1418 2313 et
1461 2273 1570 2313 non
1619 2265 1774 2314 recta
1817 2256 1922 2329 [ΑΙ.
1968 2256 2154 2330 recto]

549 2352 712 2426 275
754 2352 1085 2420 viderimus,
1129 2352 1354 2422 expedit
1397 2363 1456 2407 ut
1503 2352 1645 2407 mola
1693 2352 1926 2407 asinaria
1959 2353 2156 2422 ligetur

545 2448 692 2502 circa
729 2446 926 2501 collum
973 2454 1256 2512 nostrum,
1305 2454 1362 2502 et
1387 2446 1465 2501 rei
1512 2449 1719 2502 erimus
1768 2447 2069 2516 gehennae,
2100 2453 2157 2500 et

549 2539 876 2594 adulterium
901 2539 954 2594 in
977 2539 1095 2596 solo
1118 2539 1278 2595 nobis
1298 2548 1524 2610 aspectu
1546 2539 1908 2608 reputabitur.
1937 2538 2156 2593 Transit

546 2633 616 2688 ad
659 2632 1032 2696 Salomouem.
1063 2649 1166 2704 per
1191 2647 1355 2704 quem
1388 2648 1448 2690 te
1476 2634 1676 2690 cecinit
1703 2634 1820 2700 ipsa
1841 2631 2108 2702 sapientia
2138 2649 2150 2685 :

549 2739 603 2784 et
629 2744 752 2784 cum
785 2729 1035 2784 uxorium
1079 2743 1206 2782 eum
1231 2727 1396 2791 dicat,
1439 2726 1687 2796 atquein
1719 2725 1864 2780 illius
1900 2724 2155 2780 laudibus

551 2825 899 2889 immnrelur,
923 2822 1095 2877 miror
1117 2837 1217 2876 cur
1242 2836 1350 2876 non
1375 2820 1568 2888 jungat
1589 2829 1640 2874 ct
1673 2818 1802 2874 illud
1830 2818 1900 2873 de
1933 2818 2155 2872 (lnntico

553 2915 889 2968 canticorum
942 2931 954 2966 :
1003 2912 1294 2985 Sexaginta
1346 2920 1466 2966 sunt
1513 2911 1735 2983 reginas,
1795 2920 1845 2962 et
1897 2911 2156 2980 octoginta

555 3007 854 3060 concubina:
879 3021 896 3059 :
921 3015 968 3058 et
990 3006 1410 3069 adulescentula,
1435 3020 1657 3076 quarunt
1685 3019 1788 3056 non
1813 3013 1887 3057 est
1914 3017 2154 3058 numerus

555 3109 572 3166 t_
596 3097 750 3153 Cant.
785 3111 861 3161 vt,
911 3094 998 3165 7).
1034 3097 1101 3154 Et
1139 3096 1270 3152 illud
1319 3096 1387 3151 de
1427 3096 1740 3166 Regnorum
1780 3097 1969 3160 tertio,
2015 3096 2156 3166 quod

553 3191 901 3259 septingentos
929 3189 1161 3244 [tabuerit
1200 3205 1386 3244 uxores
1411 3231 1427 3255 ,
1459 3201 1506 3242 et
1533 3199 1781 3244 trecentas
1801 3189 2112 3244 concubinas
2135 3233 2150 3256 ,

2258 1975 2614 2049 Superﬂuum
2643 1986 2826 2032 autem
2867 1986 2956 2032 est
2982 1976 3052 2031 de
3082 1976 3308 2031 Dunicle
3337 1977 3525 2030 dicere
3552 2022 3562 2042 ,
3601 1987 3728 2028 cum
3763 1973 3877 2030 He—

2258 2070 2390 2126 brtei
2417 2084 2588 2140 usque
2615 2069 2776 2125 hodie
2799 2077 3103 2135 autument,
3147 2077 3203 2122 ot
3234 2068 3409 2133 illum,
3443 2075 3498 2122 et
3526 2077 3642 2121 tros
3662 2079 3867 2136 pueros

2262 2164 2433 2218 fuisse
2457 2163 2762 2226 eunuchos,
2795 2179 2864 2216 ex
2906 2162 2995 2217 illa
3034 2161 3129 2216 Dei
3159 2161 3457 2227 sententia,
3499 2173 3660 2231 quam
3701 2159 3868 2214 lsaias

2260 2258 2498 2328 loquitur
2525 2257 2594 2312 ad
2626 2256 2957 2312 Ezechiam:
2988 2255 3055 2309 Et
3083 2256 3146 2309 de
3175 2255 3300 2324 ﬁliis
3339 2255 3442 2309 tuis
3471 2256 3558 2325 qui
3588 2263 3868 2309 nascentur

2255 2369 2320 2406 ea;
2339 2362 2413 2417 te,
2436 2349 2615 2405 tollent
2632 2360 2680 2404 et
2699 2350 2890 2421 facient
2908 2353 3168 2404 eunuchos
3190 2351 3244 2403 in
3265 2349 3418 2402 domo
3447 2348 3582 2420 regis
3613 2346 3713 2416 (IV
3733 2347 3864 2418 Heg.

2258 2460 2366 2509 xx,
2418 2443 2548 2515 18).
2585 2442 2906 2514 Rursusque
2949 2444 3001 2498 iu
3054 2442 3279 2498 Danielc
3318 2443 3582 2513 legimus:
3637 2439 3703 2494 Et
3735 2441 3867 2495 dixit

2258 2554 2352 2592 rex
2377 2537 2651 2607 Asphancs
2680 2537 2907 2607 principi
2934 2537 3291 2590 cunuchorum
3309 2577 3323 2601 ,
3353 2544 3406 2588 ut
3439 2533 3782 2588 introduceret
3803 2531 3869 2587 de

2259 2633 2382 2700 filiis
2413 2632 2723 2704 captivitatis
2739 2631 2932 2694 Israel,
2949 2641 2996 2684 et
3017 2631 3081 2685 de
3101 2631 3294 2685 semine
3314 2629 3475 2701 regio,
3494 2639 3542 2682 et
3567 2639 3587 2665 ε
3618 2631 3682 2682 de
3711 2628 3870 2696 phor-

2256 2724 2527 2778 tltontntitn
2572 2723 2697 2796 [AL
2734 2723 3159 2795 phortemmim]
3210 2739 3421 2794 pueros,
3453 2722 3506 2774 in
3543 2722 3727 2792 quibus
3764 2737 3866 2776 non

2257 2831 2389 2878 esset
2409 2823 2632 2886 macula,
2655 2822 2900 2888 pulchros
2933 2822 3084 2893 facie,
3113 2831 3176 2889 et.
3194 2820 3533 2890 intelligentia;
3559 2818 3865 2884 sapientiam

2255 2913 2434 2986 (Dan.
2469 2931 2505 2978 ι,
2536 2915 2593 2978 2,
2621 2915 2655 2969 ’5
2673 2914 2713 2985 ).
2750 2915 2812 2968 Et
2835 2924 3309 2984 argumentantur,
3329 2915 3373 2968 si
3398 2909 3463 2966 de
3481 2913 3692 2966 semine
3715 2910 3865 2979 regio

2256 3007 2419 3062 electi
2448 3017 2576 3060 sunt
2608 3007 2798 3061 Daniel
2847 3018 2904 3060 et
2937 3017 3047 3060 tres
3077 3006 3270 3075 pueri;
3319 3005 3388 3058 de
3435 3005 3644 3059 semine
3687 3008 3865 3057 autem

2257 3101 2412 3170 regio
2441 3101 2724 3155 eunuchos
2747 3103 2860 3156 fore
2886 3101 3164 3170 Scriptura
3196 3099 3472 3168 praedixit,
3504 3099 3605 3153 ltus
3627 3111 3748 3154 esse
3777 3099 3866 3168 qui

2256 3193 2491 3249 eunuchi
2525 3193 2650 3247 facti
2671 3203 2817 3248 sunt.
2842 3190 2868 3231 (³
2899 3195 2952 3246 8i
2979 3204 3110 3247 vero
3133 3205 3181 3248 et
3200 3192 3336 3247 illud
3361 3193 3701 3262 opposuerit,
3725 3189 3867 3260 quod

556 3294 603 3337 et
655 3281 789 3336 alios
834 3281 1234 3336 innumerabiles
1277 3279 1383 3350 (Ill
1418 3279 1549 3352 Reg.
1599 3296 1676 3346 χι,
1715 3281 1803 3351 5).
1838 3281 1930 3335 lla:
1961 3298 2157 3350 nempe
2184 3288 2228 3351 (ζ
2264 3286 2316 3340 in
2345 3285 2626 3341 Ezechiele
2654 3286 2855 3340 dicitur
2881 3287 2902 3356 (
2925 3285 3055 3353 Cap.
3091 3297 3177 3340 xtv
3199 3280 3381 3357 ),Noe
3403 3291 3460 3341 et
3488 3283 3672 3340 Daniel
3692 3293 3746 3338 et
3766 3281 3866 3339 Job

554 3385 705 3440 sunt,
733 3389 854 3445 quae
885 3380 1202 3428 averterunt
1248 3389 1344 3429 cor
1391 3374 1510 3442 eius
1535 3390 1565 3426 ιι
1599 3374 1864 3426 Domino:
1893 3383 1948 3427 et
1977 3384 2158 3429 tamen

555 3478 846 3537 antequam
879 3467 1062 3535 plures
1111 3465 1338 3520 haberet
1367 3479 1588 3529 uxores,
1621 3474 1675 3519 et
1704 3466 1889 3519 carnis
1918 3465 2064 3519 vitiis
2088 3466 2163 3518 lu-

559 3561 800 3623 beretur,
835 3559 890 3612 in
944 3557 1209 3626 principio
1239 3557 1389 3625 regni
1419 3566 1473 3609 et
1518 3555 1902 3611 adolescentiae
1933 3557 2163 3611 casti-uit

557 3653 788 3708 Doniino
816 3651 1100 3719 templum.
1130 3649 1516 3720 Unusquisque
1544 3649 1689 3704 enim
1719 3663 1824 3704 non
1853 3648 1923 3704 de
1945 3649 2159 3716 tuturis,

559 3745 654 3799 sed
695 3745 763 3801 dc
815 3743 1177 3813 pratsentibus
1219 3741 1521 3812 judicatur.
1568 3741 1795 3808 Quodsi
1849 3741 2163 3796 Salomonis

560 3837 808 3906 exempla
838 3838 885 3891 oi
918 3835 1170 3903 placent,
1195 3834 1310 3904 jam
1337 3850 1445 3889 non
1477 3833 1724 3902 digaums
1754 3833 1859 3888 erit
1903 3843 1957 3889 et
1999 3833 2164 3903 triga-

562 3944 715 3992 mus;
744 3929 839 3984 sed
885 3927 988 3983 nisi
1018 3927 1392 3997 septingentas
1432 3925 1688 3980 habuerit
1717 3941 1936 3990 uxores,
1971 3938 2024 3984 et
2050 3938 2160 3988 tre-

562 4029 751 4075 centas
797 4019 1152 4084 concubinus,
1204 4028 1392 4089 typum
1424 4018 1548 4087 ejus
1572 4026 1628 4072 et
1651 4019 1905 4076 meritum
1941 4021 2163 4090 implere

559 4129 668 4168 non
699 4114 923 4183 poterit.
947 4098 1190 4168 Obsecro
1238 4119 1313 4178 te,
1347 4111 1545 4177 lector,
1591 4119 1648 4166 et
1686 4110 1740 4166 id
1789 4113 1965 4182 ipsum
2017 4129 2162 4184 sepe

557 4220 904 4273 commoneo,
956 4215 1015 4259 ut
1058 4204 1200 4262 scias
1248 4219 1362 4268 me,
1400 4219 1522 4273 qum
1575 4203 1796 4273 loquor,
1837 4208 2162 4264 necessitate

559 4297 743 4353 dicere
769 4315 782 4353 :
816 4312 919 4353 nec
947 4296 1236 4352 detrahere
1267 4295 1352 4350 bis
1380 4296 1471 4366 qui
1501 4296 1554 4351 in
1582 4295 1726 4367 Lege
1758 4299 2160 4368 praecesserint,

559 4392 654 4448 sed
681 4392 919 4450 servisse
947 4406 1044 4448 eos
1070 4389 1410 4462 temporibus
1435 4399 1490 4445 et
1519 4391 1923 4448 conditionibus
1948 4394 2081 4459 suis,
2106 4404 2162 4450 et

558 4485 711 4540 illam
743 4484 956 4541 Domini
988 4483 1248 4553 implesse
1271 4482 1603 4538 sententiam
1632 4500 1643 4534 :
1678 4480 1921 4550 Crescite,
1953 4495 1999 4540 et
2026 4485 2161 4538 mul-

560 4577 891 4648 tiplicamini,
919 4587 966 4633 et
996 4576 1188 4645 replete
1213 4587 1406 4632 terram
1435 4574 1656 4648 (Gener.
1697 4577 1739 4642 Ι,
1764 4576 1904 4649 25);
1932 4589 1987 4634 et
2015 4579 2158 4650 quod

2265 3378 2319 3432 in
2346 3385 2489 3433 terra
2517 3378 2821 3449 peccatrice
2852 3379 2993 3432 Illius
3021 3387 3078 3433 et
3099 3378 3237 3433 tilias
3265 3377 3499 3434 liberare
3528 3391 3634 3431 non
3668 3389 3826 3448 posse
3848 3417 3866 3445 ,

2263 3468 2703 3538 respondendum
2753 3478 2858 3536 est,
2910 3467 3055 3539 quod
3095 3469 3247 3538 juxta
3293 3467 3618 3540 bypothesin
3665 3469 3866 3524 dictum

2263 3563 2353 3616 sit.
2379 3561 2489 3618 Nec
2514 3563 2658 3616 enim
2683 3577 2750 3617 eo
2782 3572 3029 3634 tempore
3058 3562 3173 3618 Noe
3199 3573 3253 3618 et
3273 3562 3378 3619 Job
3399 3574 3552 3618 erant
3573 3577 3709 3633 quos
3731 3557 3868 3616 mul-

2265 3655 2335 3710 tis
2359 3666 2488 3710 ante
2517 3657 2734 3711 saeculis
2760 3657 2927 3711 luisse
2954 3657 3328 3726 cognovimus.
3360 3656 3426 3711 Et
3455 3665 3540 3711 est
3565 3661 3588 3692 ο
3616 3665 3808 3710 sensus
3843 3669 3859 3710 :

2263 3747 2322 3803 Si
2355 3749 2488 3804 tales
2518 3759 2572 3803 et
2603 3748 2738 3804 tales
2765 3750 2863 3803 viri
2895 3749 3102 3804 iuerint
3125 3749 3178 3803 in
3201 3757 3344 3803 terra
3370 3749 3696 3819 peccatritte,
3723 3745 3866 3803 illius

2263 3858 2394 3898 suos
2423 3854 2478 3898 et
2499 3843 2640 3899 ﬁlias
2669 3845 2904 3899 liberare
2927 3861 3034 3900 non
3069 3852 3321 3913 poterunt
3346 3857 3362 3908 ;
3387 3843 3511 3913 quia
3531 3844 3740 3914 justitis
3767 3855 3864 3912 pa-

2263 3936 2364 3992 tris
2396 3951 2500 3990 non
2537 3936 2790 3991 liberabit
2823 3936 3033 4001 lilium;
3084 3949 3184 3991 nec
3213 3947 3494 4004 peccatum
3523 3937 3748 3990 ulterius
3788 3934 3866 3989 sl-

2266 4021 2370 4077 leri
2411 4022 2786 4091 imputabitur.
2842 4023 3029 4076 Anima
3073 4022 3344 4092 eniman
3395 4020 3707 4092 peccauerit,
3751 4021 3865 4089 ipsa

2266 4116 2514 4170 morietur
2561 4114 2790 4188 (Euris.
2840 4130 2999 4179 xvut,
3028 4113 3239 4186 4).Sed
3285 4125 3342 4169 et
3387 4114 3489 4170 hoc
3534 4109 3865 4182 dicendum,

2267 4209 2544 4264 Danielem
2591 4210 2744 4278 juxta
2795 4209 3080 4264 historiam
3111 4208 3234 4264 libri
3278 4209 3418 4278 ejus,
3453 4221 3575 4264 cum
3622 4205 3866 4264 Juachim

2265 4317 2396 4372 rege
2423 4314 2638 4373 captum
2668 4319 2736 4358 eo
2767 4314 3032 4374 tempore,
3064 4319 3170 4375 quo
3210 4301 3462 4357 Ezechiel
3491 4315 3705 4371 quoque
3733 4301 3868 4356 duc-

2267 4408 2353 4452 tus
2381 4407 2464 4453 est
2494 4400 2544 4452 in
2566 4398 2961 4464 captivitatem.
2995 4395 3277 4466 Quomodo
3307 4409 3436 4465 ergo
3462 4394 3632 4462 potuit
3663 4391 3868 4451 habere

2267 4489 2430 4558 ﬂlios,
2458 4490 2549 4560 qui
2573 4489 2750 4545 adimo
2777 4505 2911 4560 puer
2940 4489 3099 4545 erat?
3141 4497 3195 4543 et
3230 4487 3447 4555 expleto
3477 4485 3709 4539 triennio
3734 4527 3748 4551 ,
3781 4487 3866 4540 in-

2266 4582 2549 4637 troductus
2575 4581 2749 4638 estad
2796 4581 2939 4652 regis
2968 4576 3309 4648 obsequium.
3351 4578 3428 4630 Ae
3469 4591 3536 4629 ne
3566 4575 3688 4646 quis
3721 4585 3869 4644 putet

561 4667 647 4724 his
672 4668 845 4738 majus
864 4680 970 4738 est,
996 4669 1304 4728 futurorum
1339 4681 1496 4740 typos
1525 4669 1843 4738 praebuisse.
1874 4670 2039 4726 Nobis
2067 4688 2164 4727 au-
2191 4675 2240 4736 D
2268 4674 2520 4730 Ezechiel
2548 4675 2659 4745 jam
2693 4675 2792 4729 viri
2827 4673 3141 4728 meminisse
3165 4670 3421 4737 Dauielis,
3456 4680 3512 4723 et
3535 4684 3639 4722 non
3671 4670 3822 4740 pueri
3847 4685 3863 4730 :

561 4771 696 4827 tem,
725 4761 920 4832 quibus
939 4762 1173 4820 dicitur:
1200 4761 1426 4832 Tempus
1455 4763 1508 4816 in
1533 4760 1747 4818 collecto
1778 4773 1873 4830 est,
1901 4775 2154 4834 superest,

560 4864 616 4908 ut
656 4855 746 4926 qui
793 4854 978 4909 habent
1024 4873 1226 4921 uxores,
1280 4858 1354 4910 sic
1391 4857 1514 4921 sint,
1561 4857 1709 4926 quasi
1757 4873 1858 4911 non
1913 4859 2154 4926 habeant,

558 4946 703 5003 aliud
735 4947 975 5018 praecipi,
997 4957 1053 5003 et
1076 4948 1440 5019 virginitatem
1464 4963 1494 5003 a
1520 4947 1805 5006 Salvatore
1831 4949 2040 5022 virgine
2064 4951 2159 5008 dc-

564 5041 756 5098 dicari.

634 5131 727 5188 25.
772 5131 977 5188 Narnia
1023 5130 1434 5203 Soripturarum.
1477 5129 1674 5190 Probat
1707 5131 1965 5194 Susanna
1995 5136 2155 5194 histo-

640 5269 668 5306 ⁸
708 5265 834 5345 "me
863 5266 1036 5324 ferme
1077 5265 1438 5345 _ll_ebrtrorum
1467 5271 1664 5345 opinio
1691 5283 1804 5340 est,
1835 5276 2159 5345 sanguinem

562 5356 767 5422 etquo
795 5339 970 5422 impar
996 5338 1325 5422 reddeluitur
1349 5341 1514 5422 David
1548 5344 1614 5398 ad
1641 5356 1676 5422 tt
1696 5338 1902 5422 mplum
1921 5338 2163 5422 Domino

563 5411 968 5488 aediﬁcandum,
1001 5410 1154 5488 illum
1186 5411 1356 5488 fuisse
1387 5411 1691 5472 innocentis
1719 5410 1886 5482 Urna,
1919 5420 1971 5471 iu
2000 5435 2160 5488 quam

563 5499 616 5560 et
646 5482 1012 5557 Hieronymus
1041 5483 1650 5560 abit_._‘\'eteresautem
1675 5530 1691 5554 ,
1722 5482 2163 5560 recentioresque

564 5556 700 5612 hanc
729 5553 912 5620 unam,
943 5569 1123 5628 quam
1150 5553 1239 5628 ille
1266 5557 1561 5624 improbat,
1591 5553 1810 5612 causam
1837 5553 2162 5628 agnoscunt,

565 5628 814 5698 nimirum
863 5635 1074 5698 propter
1105 5623 1259 5680 bella.
1300 5623 1418 5684 Vid.
1447 5628 1746 5698 Josepliuut
1780 5623 1962 5696 Αιιῐιιι.
1997 5633 2034 5684 I.
2067 5623 2163 5697 vn,

563 5713 615 5769 ς.
648 5698 742 5761 ll;
775 5697 1078 5769 Ethebium
1129 5698 1369 5769 [frit-par.
1404 5700 1439 5754 Ι.
1465 5697 1652 5769 μία.
1681 5697 1780 5763 30;
1813 5700 1942 5763 quin
1990 5700 2158 5755 immo

565 5765 738 5834 ipsum
769 5766 1109 5839 scripturam
1139 5766 1158 5822 l
1191 5767 1426 5839 l’aralip.
1466 5765 1608 5832 'xvu,
1636 5769 1692 5827 4,
1724 5783 1774 5822 et
1803 5783 1992 5834 xavttt,
2022 5772 2078 5828 ὅ.
2103 5782 2159 5828 ct

569 5835 851 5912 conceptis
878 5837 1066 5912 verbis
1162 5854 1302 5912 sint,
1329 5835 1406 5912 8':
1441 5839 1666 5912 Multum
1699 5840 2002 5912 sanguinem
2028 5839 2161 5908 επυρ

574 5902 715 5972 tlisti,
744 5912 790 5955 ct
835 5901 1063 5974 plurima
1093 5907 1225 5962 bella
1269 5901 1489 5985 bellatti,
1519 5911 1721 5969 dicitur
1761 5901 1830 5970 ait
1879 5901 2155 5972 Davidcm.

2268 4766 2491 4822 Factum
2518 4778 2612 4834 est,
2651 4766 2846 4837 inquit,
2878 4766 2932 4819 in
2971 4781 3109 4818 anno
3137 4771 3303 4827 serto,
3337 4763 3479 4832 regis
3507 4760 3716 4816 scilicet
3740 4760 3867 4816 Jou-

2265 4860 2434 4923 chim,
2464 4861 2517 4913 in
2542 4875 2713 4913 mense
2729 4868 2894 4922 sexto,
2923 4858 2974 4912 in
2993 4857 3174 4926 quinta
3196 4857 3381 4910 mensis
3400 4852 3610 4925 (Ezeclt.
3636 4868 3749 4915 vm,
3776 4853 3860 4922 l);

2268 4953 2356 5018 Et,
2391 4952 2499 5022 Ego
2527 4952 2763 5007 sedebam
2781 4951 2834 5005 in
2856 4950 3169 5016 domo-mea,
3207 4957 3254 5002 et
3285 4963 3428 5004 senet
3456 4943 3598 4999 Iuda
3624 4943 3864 5000 sedebant

2267 5061 2440 5102 coram
2469 5061 2547 5098 me
2575 5039 2805 5115 (Ezech.
2835 5060 2945 5111 nv,
2980 5041 3102 5113 ll).
3132 5039 3307 5114 Atque
3344 5042 3397 5096 in
3435 5035 3624 5095 eadem
3667 5037 3756 5094 dio
3798 5038 3866 5096 ad

2269 5155 2394 5195 eum
2425 5139 2648 5204 dicitur,
2678 5138 2739 5193 Si
2781 5139 2976 5208 fuerint
3013 5135 3130 5192 Nos
3165 5147 3216 5192 ct
3259 5135 3478 5202 Daniel,
3509 5143 3555 5186 et
3583 5132 3703 5187 Job.
3740 5132 3869 5190 Erat

2265 5275 2488 5351 Accedit
2530 5275 2670 5332 ordo
2712 5279 3010 5351 temporis,
3050 5295 3158 5351 quo
3201 5278 3368 5334 David
3416 5289 3543 5335 ante
3598 5286 3862 5347 patratum

2270 5347 2408 5404 Uria;-
2442 5361 2629 5402 necem
2659 5348 2963 5405 :rdilicandi
2996 5347 3183 5419 templi
3210 5351 3496 5405 consilium
3525 5360 3767 5419 ceperat.

2337 5419 2363 5458 b
2403 5420 2820 5491 Casauutensis.
2853 5431 3029 5476 notam
3060 5427 3248 5491 fureret
3282 5421 3592 5475 uoluntatem
3619 5431 3783 5474 tuum.

2341 5503 2362 5530 ε
2405 5489 2548 5545 Idem
2579 5506 2701 5564 cum
2727 5494 2899 5564 veteri
2927 5489 3190 5555 editione.
3214 5503 3262 5547 et
3285 5494 3347 5545 de
3375 5502 3712 5564 tyrannorum
3737 5504 3864 5564 ρκεο

2266 5580 2351 5617 ros
2379 5579 2398 5635 ξ
2428 5564 2502 5616 al.
2530 5563 2724 5635 pueris.
2759 5563 2926 5618 Paulo
2953 5579 3119 5632 supra
3149 5579 3249 5635 pro
3293 5561 3558 5635 Aspltanes
3587 5561 3698 5620 duo
3727 5561 3858 5620 mss.

2265 5631 2655 5699 Aspltaneasclt.

2339 5703 2365 5740 ἀ
2406 5705 2540 5758 Nota
2574 5705 2715 5759 hunc
2740 5705 2942 5759 locum.

2339 5786 2362 5814 ε
2407 5774 2738 5832 Veronensis
2765 5783 2821 5831 et
2846 5777 2902 5832 S.
2936 5774 3160 5844 Crucis,
3200 5784 3246 5830 et
3281 5783 3356 5829 est
3400 5775 3574 5842 mret,
3611 5780 3712 5848 pro
3744 5785 3863 5838 tm

2265 5860 2373 5908 διιε.
