4062 6394
152 827 159 852 l

295 368 367 424 2i5

1207 406 1209 409 ι
1246 359 1621 422 ADVERSUS
1660 351 2077 422 JOWNIANUM
2117 362 2251 422 LIB.
2294 364 2334 418 1.

3352 364 3456 420 Sid

291 488 404 558 igitur
423 483 557 542 Daniel
585 483 742 539 adhuc
775 498 924 554 puer,
959 491 1010 537 et
1039 489 1201 537 notus
1232 481 1450 552 populo,
1481 481 1566 536 vel
1597 493 1758 552 prop-
1783 487 1833 545 Α
1862 480 2028 544 bitur,
2062 491 2182 550 qua:
2213 478 2370 532 solita
2395 479 2466 532 sit
2501 475 2752 532 Elisteum
2785 478 3051 545 recipere,
3085 486 3141 531 et
3167 491 3371 548 ponere
3409 483 3455 535 ei

291 593 348 638 ter
368 579 768 651 interpretationem
804 577 1133 631 somniorum
1165 576 1330 645 regis,
1366 573 1449 628 vel
1485 582 1508 610 ι
1535 581 1756 644 propter

285 675 474 732 Susanna.
507 673 860 734 liberationem,
919 677 972 723 et
1011 667 1344 724 occisionem
1401 665 1750 738 presbytero-

280 784 382 822 rum.
406 763 454 824 Ει
474 766 695 837 perspicue
717 759 1126 833 cmnprobatur,
1153 777 1220 816 eo
1240 767 1485 830 tempore
1511 773 1619 830 quo
1636 758 1753 814 ha-c

273 859 578 916 dicebanturde
599 857 695 913 Noe
738 865 791 912 et
821 855 1043 910 Daniele
1082 863 1136 909 et
1164 851 1287 916 Job,
1322 850 1496 908 adhuc
1523 865 1749 922 puerum

269 953 396 1007 fuisse
431 951 659 1017 Daniciem,
692 966 784 1004 nec
820 949 1066 1019 potuisse
1096 945 1303 1002 habere
1328 947 1469 1000 ﬁlios
1496 955 1549 999 et
1577 945 1746 1010 ﬁlias,

263 1061 365 1114 quov
390 1043 631 1113 «unjustitia
664 1041 941 1096 liberaret.
974 1040 1090 1096 lluc
1113 1054 1285 1109 usque
1307 1037 1375 1092 de
1405 1036 1568 1108 Lege.

475 1136 542 1189 26.
581 1131 902 1204 Ecangelium
957 1149 1056 1185 non
1099 1139 1171 1184 est
1214 1141 1331 1183 ante
1379 1130 1573 1184 Christi
1624 1145 1744 1184 στη-

255 1247 350 1282 rem.
417 1223 606 1282 Mulieres
679 1226 989 1280 Judn'orum
1063 1223 1747 1294 ministrabant:magistris

248 1318 452 1370 alimenta.
495 1313 684 1370 Ioannes
720 1314 1054 1386 Erangclista
1101 1316 1278 1386 virgo;
1315 1315 1545 1368 ordinem
1578 1325 1677 1368 a‘ta
1703 1316 1743 1367 i-t

242 1410 521 1471 commendat;
565 1427 650 1479 quo
699 1413 928 1478 tempore
981 1416 1252 1470 ntortuus;
1303 1407 1570 1476 privilegia
1608 1411 1740 1478 ejus.

235 1500 509 1556 —Venitad
543 1501 904 1571 Evangelium,
931 1505 985 1554 et
1031 1499 1284 1568 preponit
1328 1497 1486 1552 nobis
1540 1498 1744 1552 Zacha-

231 1595 341 1645 riain
362 1605 406 1647 et
432 1592 690 1659 Eiisabetii,
724 1591 953 1646 Petrum
982 1596 1038 1646 et
1069 1605 1286 1644 socrum
1331 1591 1469 1659 ejus,
1521 1599 1577 1644 et
1607 1605 1737 1643 con-

222 1696 352 1739 sueta
374 1685 579 1740 vecordia
620 1700 728 1739 non
764 1683 1021 1754 intelligit
1046 1683 1182 1737 istos
1210 1698 1425 1752 quoque
1458 1683 1597 1738 inter
1619 1698 1736 1750 eos,

217 1779 295 1847 qui
319 1779 402 1847 legi
427 1780 706 1843 servierint,
740 1777 994 1832 debuisse
1026 1775 1325 1831 numerari.
1351 1774 1542 1844 Neque
1590 1777 1738 1830 enim

1859 587 2127 637 mensam,
2155 580 2208 626 et
2236 584 2452 641 panem,
2485 581 2536 623 et
2563 569 2981 632 candelabrum,
3015 577 3070 622 et
3097 579 3320 624 extera.
3355 574 3454 624 Aut

1855 674 2000 721 certe
2031 667 2074 718 si
2103 673 2366 739 γυναῖκας.
2387 677 2596 728 uxores,
2622 664 2944 731 accipimus.
2977 678 3083 716 non
3104 665 3364 726 mulieres,
3398 665 3449 718 id

1855 760 1997 830 quod
2015 759 2252 822 additur,
2267 773 2488 821 sorores,
2509 758 2648 811 tollit
2663 774 2868 820 uxores,
2887 759 3347 830 ct27805tendit
3361 773 3454 813 eas

1853 864 2141 923 germanas
2170 863 2192 888 ι’
2223 863 2274 904 ttt
2302 850 2497 919 spiritu
2541 851 2733 915 fuisse,
2779 867 2884 903 non
2930 853 3210 921 conjugcs.
3252 852 3455 918 Quam-

1852 957 2033 1014 quam,
2058 951 2288 1012 excepto
2321 943 2582 1010 Apostolo
2617 943 2799 1007 Petro,
2836 958 2940 996 non
2961 944 3028 997 sit
3061 942 3350 997 manifeste
3369 960 3455 998 reo

1853 1035 2020 1090 latum
2043 1034 2113 1090 de
2136 1035 2256 1089 aliis
2287 1035 2589 1104 Apostolis,
2619 1035 2764 1104 quod
2812 1051 3012 1090 uxores
3045 1036 3361 1100 habuerint;
3393 1048 3450 1091 et

1851 1145 1972 1185 cum
2004 1130 2075 1184 de
2125 1144 2234 1184 uno
2280 1130 2546 1198 scriptum
2599 1129 2711 1192 sit,
2744 1143 2808 1182 ac
2835 1128 2903 1182 de
2953 1131 3170 1183 caeteris
3201 1129 3446 1196 tacitum,

1850 1222 2153 1291 intelligere
2184 1219 2441 1276 debemus
2471 1224 2591 1276 sine
2623 1222 2879 1275 uxoribus
2909 1236 3006 1276 eos
3037 1220 3311 1283 iuuisse,de
3325 1221 3449 1291 qui-

1848 1315 1949 1369 bus
1976 1314 2110 1369 nihil
2161 1315 2263 1368 tale
2293 1315 2576 1384 Scriptura
2604 1313 2898 1383 signiﬁcet.
2929 1314 2994 1368 Et
3024 1324 3205 1368 tamen
3237 1315 3327 1369 ille
3357 1329 3446 1383 qut

1848 1409 2009 1464 nobis
2038 1409 2234 1477 objecit
2265 1408 2582 1463 Zachariam
2609 1418 2662 1462 et
2688 1408 2991 1474 Eiisabetb,
3028 1409 3247 1463 Petrum
3276 1417 3332 1462 et
3359 1423 3447 1462 so-

1844 1515 1998 1557 crum
2031 1499 2170 1571 ejus,
2205 1502 2362 1567 sciat,
2386 1501 2454 1555 de
2480 1500 2740 1554 Zacharia
2773 1509 2827 1554 et
2864 1500 3142 1555 Elisabeth
3181 1500 3444 1553 Joannem

1843 1595 2012 1649 fuisse
2043 1603 2385 1662 generatum,
2412 1595 2581 1660 idest,
2609 1594 2676 1648 de
2707 1592 3288 1664 uuptiisvirginetu,tle
3303 1591 3447 1662 Lege

1844 1687 2217 1756 Evangelium,
2242 1687 2311 1741 de
2334 1687 2682 1741 matrimonio
2706 1686 3033 1748 cristitatem,
3058 1695 3156 1738 uta
3174 1683 3444 1755 PrOpbets

1842 1783 2068 1852 virgine.
2099 1782 2252 1852 virgo
2281 1781 2543 1835 Dominus
2573 1792 2627 1835 et
2658 1782 3071 1834 annuntlaretur
3091 1786 3178 1842 ,et
3205 1778 3443 1848 baptiza-

211 1867 506 1939 Evangelium
533 1882 643 1926 ante
673 1884 895 1924 crucem
918 1868 1124 1923 Christi
1157 1877 1274 1935 est,
1305 1868 1450 1938 quod
1485 1867 1737 1938 passione
1768 1885 1816 1944 Β
1843 1883 2011 1928 retur.
2063 1875 2356 1929 Possumus
2388 1886 2571 1929 autem
2603 1875 2670 1926 de
2701 1873 2863 1928 Petro
2893 1873 3098 1937 dicere,
3149 1871 3295 1942 quod
3344 1874 3439 1926 ba-

199 1967 246 2010 et
267 1960 493 2030 sanguine
534 1960 692 2028 ipsius
721 1959 1026 2013 dedicatur.
1077 1958 1233 2013 Juxta
1279 1973 1438 2028 quam
1490 1961 1731 2030 regulam

192 2050 364 2105 Petrus
394 2061 442 2106 et
465 2051 625 2105 ceteri
651 2049 924 2117 Apostuli,
948 2057 1005 2103 ut
1030 2051 1078 2104 ei
1102 2065 1167 2104 ex
1197 2048 1474 2119 superﬂuo
1514 2050 1731 2104 interim

183 2143 479 2207 etnteedam,
509 2141 800 2195 habuerunt
829 2141 1050 2210 quidem
1082 2139 1188 2210 [.ll.
1223 2137 1466 2212 quidam]
1509 2155 1732 2208 uxores,

170 2237 269 2291 sed
302 2250 426 2306 quas
449 2250 506 2289 eo
543 2239 779 2304 tempore
836 2243 1178 2303 acceperant,
1227 2247 1336 2305 quo
1378 2235 1735 2305 Evangelium

169 2329 490 2382 tie-ciebant.
543 2323 636 2393 Qui
685 2329 951 2397 assumpti
1010 2337 1198 2398 postea
1244 2328 1297 2382 in
1332 2328 1732 2396 Apostolatutn,

161 2419 462 2488 relinquunt
494 2419 722 2474 cilicium
763 2421 1068 2490 conjugale.
1095 2419 1227 2474 Nam
1269 2433 1392 2475 cum
1428 2421 1626 2476 Petrus
1668 2437 1734 2478 ex

156 2528 374 2583 persona
401 2514 773 2580 Apostolorum
804 2514 934 2568 dicit
963 2514 1030 2569 ad
1062 2515 1379 2569 Dominum:
1405 2514 1432 2553 δ
1461 2515 1592 2571 Ecce
1639 2532 1731 2572 nos

156 2604 435 2675 reliquimus
481 2606 738 2668 onmia.et
781 2609 945 2661 secuti
992 2617 1278 2662 sutnrtste:
1346 2611 1628 2678 respondit
1678 2611 1728 2667 ei

155 2698 420 2759 Dominus,
453 2695 607 2751 Amen
638 2700 754 2753 dico
775 2701 934 2762 vobis.
959 2701 1206 2770 quoniam
1235 2715 1382 2753 nemo
1409 2711 1482 2756 est
1503 2705 1592 2774 qui
1638 2704 1722 2757 di-

152 2791 325 2845 niserit
351 2791 579 2856 domum,
611 2805 699 2846 aut
724 2803 983 2864 parentes,
1013 2804 1100 2847 aut
1132 2798 1345 2866 fratres.
1372 2805 1463 2849 aut
1490 2809 1722 2861 uxorem,

162 2893 216 2936 ut
244 2883 380 2953 ﬁlios
400 2895 608 2955 propter
626 2903 838 2959 regnum
863 2887 979 2953 Dei,
1003 2889 1091 2958 qui
1147 2903 1249 2942 non
1306 2891 1521 2960 recipiat
1561 2888 1723 2945 multo

154 2977 272 3030 Iura
295 2975 348 3031 in
370 2976 559 3031 strculo
591 2981 705 3043 isto,
763 2987 811 3033 et
842 2981 893 3032 in
919 2978 1108 3034 alecula
1162 2981 1338 3049 futuro
1362 2983 1518 3035 vitam
1570 2992 1722 3037 teter-

153 3089 234 3123 mn
261 3069 438 3143 (.ilatt.
477 3085 585 3137 ιιι,
620 3073 734 3139 27).
765 3073 1025 3129 Stantem
1056 3073 1214 3129 nobis
1243 3073 1374 3130 illud
1405 3075 1721 3146 opposuerit

157 3165 175 3218 l
207 3163 576 3233 probantium,
611 3165 755 3236 quod
796 3181 987 3221 omnes
1007 3166 1253 3238 Apostuli
1284 3183 1487 3224 uxores
1517 3170 1717 3224 habue-

1840 1967 2253 2022 bneritsocrnm
2305 1983 2371 2022 eo
2411 1978 2659 2036 tempore
2701 1981 2806 2035 quo
2837 1966 3091 2028 credidit,
3114 1975 3170 2020 et
3215 1979 3440 2020 uxorem

1837 2059 1948 2129 jam
1980 2075 2087 2113 non
2132 2062 2417 2126 habuerit,
2447 2073 2776 2127 quamquam
2815 2056 2830 2095 ί
2868 2060 3077 2126 legatur
3105 2060 3158 2112 iu
3187 2059 3444 2134 πιριόδοις

1840 2161 2050 2205 etuxor
2071 2153 2210 2219 eius,
2236 2161 2292 2205 et
2315 2151 2445 2206 ﬁlia.
2466 2150 2572 2205 Sed
2602 2165 2746 2204 nunc
2777 2150 2932 2204 nubis
2957 2150 3024 2203 de
3045 2149 3441 2205 Cauuneomnu

1839 2250 2114 2296 certamen
2138 2251 2243 2296 est.
2271 2243 2334 2296 Et
2360 2243 2484 2311 quia
2514 2241 2580 2294 ad
2613 2241 2910 2308 Apostolus
2931 2240 3270 2310 provocavit,
3297 2239 3440 2308 quod

1842 2333 2119 2403 principes
2148 2333 2449 2402 disciplina:
2479 2341 2699 2399 nostras,
2733 2342 2789 2386 et
2815 2331 3111 2386 Christiani
3170 2332 3438 2401 dogmatis

1839 2426 2034 2492 duces,
2067 2429 2306 2496 virgines
2335 2440 2443 2480 non
2471 2425 2704 2490 iuerint,
2730 2434 2788 2480 ut
2813 2440 2908 2479 eos
2932 2426 3147 2479 interim
3200 2426 3436 2495 virgines

1837 2520 2206 2575 concedamus
2233 2535 2339 2574 non
2370 2519 2539 2573 fuisse
2569 2519 2773 2589 (neque
2803 2518 2948 2572 enim
2981 2518 3080 2571 itoc
3112 2527 3307 2586 praeter
3340 2519 3438 2572 i’e-

1839 2625 1979 2670 trum
2011 2615 2226 2684 probari
2258 2622 2460 2683 potest)
2492 2613 2700 2667 noverit
2730 2611 2829 2665 bus
2868 2625 2992 2664 esse
3013 2609 3326 2677 Apostolus,
3371 2610 3439 2666 de

1832 2706 2032 2776 quibus
2055 2705 2218 2760 lsaias
2242 2705 2562 2759 vaticinatur
2593 2721 2606 2757 :
2636 2703 2755 2756 Nisi
2785 2700 3041 2756 Dominus
3063 2702 3276 2755 sabaoth
3317 2701 3439 2755 reli-

1829 2799 2024 2869 quisset
2062 2795 2206 2851 nobis
2240 2811 2430 2862 semen,
2463 2797 2612 2866 quasi
2642 2797 2871 2849 Sodoma
2899 2807 3144 2858 essetttus,
3171 2804 3217 2847 et
3243 2793 3435 2850 similes

1828 2891 2098 2946 Gomorra:
2119 2893 2396 2962 fuissemus
2426 2889 2559 2960 (Isa.
2592 2905 2630 2945 l.
2665 2889 2744 2956 9).
2778 2890 2878 2956 Qui
2907 2903 3038 2958 ergo
3067 2896 3225 2943 erant
3251 2903 3315 2942 ex
3337 2888 3430 2943 Ju-

1826 2985 1979 3052 dteis,
2013 2985 2380 3055 virginitatem
2412 2998 2571 3053 quam
2603 2983 2656 3036 in
2683 2981 2964 3037 Judaismo
2994 2982 3312 3046 amiserant,
3375 2983 3428 3036 iu

1827 3079 2120 3148 Evmgelio
2149 3079 2348 3133 habere
2383 3092 2488 3131 non
2532 3085 2804 3146 poterant.
2837 3075 2904 3129 Et
2962 3086 3143 3130 tamen
3189 3073 3432 3131 Joannes

1826 3187 1966 3227 unus
1987 3189 2054 3227 ex
2083 3171 2396 3242 discipulis,
2425 3171 2515 3241 qui
2548 3171 2803 3223 minimus
2831 3168 3064 3223 traditur
3093 3167 3258 3222 fuisse
3290 3169 3432 3222 inter

156 3267 232 3322 nt,
263 3255 542 3330 Numquid
572 3275 675 3313 non
722 3259 963 3314 habemus
1019 3270 1319 3332 potestatem
1368 3261 1606 3317 mulieres
1644 3262 1718 3318 vel
1749 3278 1792 3340 ρ
1826 3268 2139 3335 ApOstolos,
2171 3275 2223 3320 et
2255 3279 2418 3335 quem
2445 3264 2580 3318 ﬁdes
2599 3261 2802 3318 Ct.risti
2836 3263 3098 3330 virginem
3126 3270 3428 3331 repererat,

154 3367 285 3407 “ores
298 3354 734 3408 circumducendi
759 3354 899 3425 (quia
914 3359 1045 3429 γυνὴ
1068 3355 1208 3424 apud
1237 3365 1258 3393 ε
1274 3354 1495 3409 (ἰνιιιροε
1516 3364 1722 3410 utrum-

155 3466 195 3502 ie
226 3449 538 3522 signiﬁcat)
564 3446 702 3504 sicut
726 3451 897 3505 crcteri
928 3449 1186 3518 Apostoli,
1218 3459 1264 3502 ct
1289 3449 1510 3522 Ccphas,
1539 3459 1584 3504 et
1613 3453 1723 3520 {ra-

156 3555 182 3593 s
215 3537 459 3607 Domini,
481 3542 685 3614 jungat
710 3553 759 3599 et
795 3534 928 3598 illud
962 3542 1106 3610 quod
1141 3544 1190 3596 in
1213 3542 1417 3598 Cra-cis
1440 3543 1721 3599 codicibus

152 3653 157 3688 μ
181 3655 194 3690 :
217 3633 517 3706 Numquid
533 3651 642 3690 non
659 3636 903 3690 habemus
922 3645 1226 3708 potestatem
1242 3651 1442 3690 sorores
1455 3635 1718 3705 mulieres,

172 3745 378 3785 uxores
403 3732 888 3786 circumducendi?
929 3731 1008 3786 Ex
1060 3747 1166 3801 quo
1215 3741 1432 3800 apparet
1488 3745 1610 3786 eum
1652 3733 1720 3787 de

158 3839 184 3878 s
217 3826 446 3880 sanctis
479 3824 701 3881 dixisse
753 3823 1094 3890 mulieribus,
1141 3839 1260 3896 qua:
1308 3824 1460 3895 juxta
1512 3837 1717 3880 murem

154 3919 367 3974 ‘aicurn
409 3921 715 3991 magistris
742 3917 809 3974 de
839 3935 932 3975 sua
981 3919 1280 3975 substantia
1313 3919 1718 3984 ministrabant,

151 4022 191 4064 tt
221 4009 492 4081 legimus
551 4010 664 4081 ipsi
710 4027 926 4083 quoque
968 4011 1715 4076 Dominolactitalnm.Nam,

150 4103 275 4160 ινιΙο
303 4103 644 4161 verborum
671 4107 769 4161 ltoc
801 4104 1097 4177 significat:
1133 4105 1402 4175 Numquid
1431 4122 1531 4160 non
1563 4105 1717 4160 habe-

171 4207 534 4268 potestatem
598 4199 969 4263 manducandi,
1001 4207 1049 4254 et
1101 4201 1328 4263 bibendi,
1377 4209 1464 4255 aut
1512 4215 1718 4254 sorores

150 4295 298 4345 ’cres
359 4291 822 4348 circumducendi
855 4293 899 4366 (l
929 4293 1050 4347 Cor.
1079 4309 1151 4356 tx,
1179 4293 1236 4358 4,
1271 4293 1356 4363 5)?
1380 4291 1477 4350 Ubi
1503 4293 1570 4348 de
1625 4307 1717 4348 co-

150 4385 340 4438 ‘endu
380 4394 445 4439 et
497 4384 776 4453 bibendo,
809 4402 870 4439 ae
920 4387 988 4442 de
1035 4387 1502 4441 administratione
1529 4403 1716 4458 sump-

157 4493 177 4528 ι
218 4479 674 4547 praemittitur,
705 4493 754 4533 et
787 4479 852 4533 de
885 4478 1211 4532 mulieribus
1253 4475 1537 4532 Sororibus
1559 4477 1585 4515 ἀ
1633 4481 1715 4534 iu-

151 4585 225 4630 il‘.
266 4573 686 4640 perspicisum
713 4577 821 4636 est,
850 4585 958 4624 non
988 4585 1186 4625 uxores
1226 4567 1428 4625 debere
1460 4571 1712 4641 intelligi,

1830 3361 1982 3428 virgo
2008 3359 2331 3427 permansit,
2359 3368 2414 3411 et
2455 3355 2578 3411 ideo
2625 3356 2743 3424 plus
2770 3364 2977 3409 amatur
3009 3370 3041 3408 a
3091 3354 3346 3417 Dotuino,
3380 3365 3436 3408 et

1826 3451 2091 3506 recumbit
2121 3465 2288 3520 super
2333 3460 2524 3519 pectus
2575 3447 2727 3502 Jesu.
2757 3447 2824 3501 Et
2851 3457 2875 3494 Ι
2913 3447 3058 3518 quod
3088 3447 3303 3512 Petrus,
3335 3447 3428 3516 qui

1828 3559 2048 3600 uxorem
2075 3544 2356 3607 habuerat,
2385 3543 2722 3612 interrogare
2755 3556 2860 3595 non
2884 3541 3068 3606 audet,
3095 3540 3249 3593 illum
3276 3547 3429 3608 rogat

1825 3649 1880 3692 ut
1937 3640 2256 3708 interroget.
2307 3635 2372 3690 Et
2423 3645 2547 3706 post
2587 3634 3078 3697 resurrectionem,
3141 3633 3425 3688 nuntiante

1824 3731 1984 3786 Maria
2013 3730 2328 3800 Magdalene
2353 3727 2500 3798 quod
2524 3727 2784 3782 Dominus
2812 3725 3229 3792 resurrexisset,
3269 3736 3423 3779 uter-

1821 3838 1925 3894 que
1953 3823 2193 3878 cucurrit
2221 3819 2287 3875 ad
2312 3821 2665 3891 sepulcrum;
2705 3819 2798 3874 sed
2819 3820 2910 3874 ille
2935 3817 3219 3888 praevenit.
3259 3817 3423 3874 Cum-

1820 3931 1925 3986 que
1955 3923 2139 3970 esseut
2183 3916 2234 3968 in
2263 3915 2383 3968 navi
2431 3920 2489 3968 et
2534 3913 2875 3982 piscarentur
2925 3910 2980 3963 in
3020 3910 3138 3963 lacu
3179 3907 3426 3966 Genets.

1823 4010 1962 4071 retb,
1997 4007 2154 4063 Jesus
2196 4008 2376 4061 stabat
2422 4007 2473 4060 in
2528 4006 2732 4067 littore,
2764 4019 2864 4059 nec
2898 4003 3146 4058 sciebant
3175 4003 3422 4073 Apostuli

1820 4116 1981 4171 quem
2038 4101 2285 4154 viderent
2332 4115 2344 4152 :
2399 4099 2554 4152 solus
2600 4099 2755 4168 virgo
2816 4097 3078 4167 virginem
3136 4098 3421 4165 agnoscit,

1820 4204 1876 4252 et
1912 4195 2044 4249 dicit
2074 4194 2266 4249 Petro:
2300 4192 2553 4246 Dominus
2580 4202 2678 4247 est.
2732 4191 2965 4250 Rursum
3022 4199 3144 4258 post
3177 4189 3415 4244 auditam

1817 4288 2177 4350 sententiam,
2209 4283 2352 4356 quod
2387 4286 2456 4338 ab
2493 4285 2604 4340 alio
2645 4282 2945 4352 eingendus
2997 4291 3147 4336 esset
3197 4281 3414 4348 Petrus,

1818 4391 1874 4438 et
1892 4380 2172 4436 ducendus
2193 4394 2301 4448 quo
2334 4378 2497 4450 279
2532 4377 2721 4439 nollet,
2765 4383 2819 4427 ct
2863 4374 3041 4428 crucis
3089 4372 3282 4426 fuisset
3342 4375 3415 4427 illi

1816 4475 1998 4546 passio
2056 4470 2399 4543 prophetata,
2458 4479 2512 4523 et
2549 4468 2637 4522 ille
2693 4465 2900 4520 diceret
2941 4481 2955 4518 :
3005 4462 3244 4532 Domine,
3290 4465 3416 4535 quid

1815 4567 1954 4619 iste?
2000 4566 2191 4618 nolens
2235 4562 2493 4617 deserere
2539 4559 2838 4622 Joannem,
2881 4573 3003 4611 cum
3057 4573 3166 4629 quo
3196 4573 3414 4628 semper

152 4673 275 4720 :as.
319 4670 389 4715 ut
420 4661 724 4727 diximus,
746 4673 864 4730 qum
891 4661 961 4716 de
987 4676 1083 4715 sua
1113 4661 1411 4714 substantia
1435 4659 1704 4714 ministra-
1737 4667 1790 4726 D
1817 4659 1988 4712 itterat
2015 4655 2322 4725 copulatus,
2385 4652 2516 4708 dicit
2545 4653 2594 4706 ei
2629 4651 2918 4705 Dominus:
2951 4647 2978 4686 ιι
3009 4650 3148 4716 Quid
3201 4651 3271 4706 ad
3300 4663 3346 4706 to
3369 4654 3416 4708 si

155 4793 160 4801 .
195 4751 390 4818 Quod
424 4763 491 4808 et
531 4759 600 4808 in
640 4755 808 4809 Veteri
835 4751 975 4825 Lege
998 4751 1067 4809 de
1087 4750 1427 4808 Sunamitide
1457 4751 1545 4805 illa
1575 4751 1710 4806 scri-

155 4894 637 4953 Tasunatensis
677 4913 799 4953 cum
840 4898 959 4970 ipso
1002 4891 1329 4963 Veronensi,
1366 4903 1576 4967 prapter
1607 4893 1709 4947 Su-

154 4983 178 5020 ?
216 4970 571 5023 historiam
614 4979 664 5023 cl
691 4976 1034 5034 occasionem,
1065 4979 1171 5022 etc.

157 5060 291 5114 'res
325 5075 504 5117 mss.
557 5060 706 5117 Ecce
737 5080 829 5117 nos
851 5065 1022 5117 omnia
1049 5072 1222 5116 nostra
1244 5060 1606 5133 relinquentes,
1632 5076 1710 5112 se—

155 5150 347 5187 nmus
380 5143 447 5187 te
469 5149 496 5187 :
526 5135 646 5204 qui
676 5145 730 5190 et
761 5136 923 5204 paulo
953 5137 1087 5189 intra
1116 5147 1309 5188 vocem
1330 5133 1571 5203 Apostoli
1601 5145 1706 5187 non

157 5211 362 5258 cuul.

155 5294 606 5368 ertnllianus
641 5294 712 5350 de
740 5295 1096 5366 Monogamia,
1125 5309 1278 5368 penes
1326 5295 1534 5351 Graecos
1569 5309 1709 5350 conto

159 5364 502 5420 vocabulo
578 5381 868 5422 censentur
894 5364 1136 5421 mulieres
1156 5380 1204 5420 et
1232 5381 1436 5422 uxores.

173 5439 319 5490 lem
366 5451 556 5493 mss.
602 5441 686 5491 sic
708 5442 952 5508 infertur.

159 5512 628 5564 isanatensis
657 5512 713 5564 in
741 5514 927 5580 spiritu
954 5511 1390 5583 fuisseconjuges.

162 5610 410 5672 ‘galur
449 5601 526 5656 in
567 5604 865 5681 περιόδοις.
889 5599 1148 5681 Pet-iulius
1175 5603 1714 5681 attribuil‘Clementi

180 5693 254 5725 in
328 5690 511 5741 cap.
594 5694 611 5729 ι
652 5675 845 5734 Ἐιιιδι.
880 5678 944 5730 ad
978 5678 1154 5732 Galal.
1200 5679 1385 5730 «lienus
1413 5675 1479 5730 de
1513 5676 1712 5730 Petro:

174 5745 558 5820 Clemens
577 5748 640 5800 in
667 5746 898 5820 periodis
926 5749 1037 5820 ejus
1066 5753 1244 5818 refert,
1278 5748 1533 5801 calt'iticm
1562 5747 1716 5800 Imbe-

168 5819 441 5889 :apite.
491 5819 810 5874 ΜΑιιτιΑΝ.
840 5849 912 5860 --
949 5819 1285 5874 Memor-amr
1323 5822 1539 5888 quidem
1583 5835 1718 5873 uxor

173 5889 725 5963 iecognitionum
758 5892 854 5948 lib.
885 5907 955 5945 vn
986 5901 1037 5947 et
1071 5892 1204 5946 libro
1234 5906 1310 5956 Ix,
1339 5892 1560 5948 minime
1592 5905 1721 5946 vero

1819 4765 1932 4804 eum
1953 4747 2152 4803 t'olosic
2175 4761 2282 4800 esse
2311 4744 2492 4816 (Joan.
2524 4755 2637 4809 xxi,
2658 4741 2790 4812 αξη
2819 4742 2974 4800 Unde
3024 4754 3080 4800 et
3099 4758 3282 4802 sermo
3303 4747 3422 4801 cxi.

1814 4890 1943 4945 ﬁlia.
1977 4889 2157 4956 Quare
2187 4887 2464 4956 diversum,
2489 4885 2719 4956 fortasse
2747 4886 2812 4940 ab
2838 4887 2986 4942 edito
3011 4889 3290 4955 exemplar
3316 4887 3412 4944 ba-

1813 4955 2139 5029 buisse’prze
2169 4957 2416 5029 humilius
2447 4955 2506 5011 S.
2538 4955 2824 5029 Ductorem
2855 4959 3214 5025 suSpicamur.
3241 4962 3414 5014 (inde.

1813 5050 1931 5088 rum
1964 5027 2139 5086 innuit
2184 5031 2284 5082 hoc
2331 5027 2470 5089 loco,
2502 5036 2557 5081 ut
2602 5028 2833 5090 videtur,
2865 5029 3140 5082 dimissam
3171 5044 3198 5082 τι
3252 5031 3412 5086 Petro

1813 5117 2060 5164 uxorem,
2096 5100 2746 5171 postquamcredidisset.
2780 5099 2939 5154 Certe
2963 5098 3106 5155 idem
3138 5109 3323 5156 statuit
3355 5103 3407 5158 in

1812 5178 1972 5247 epist.
2007 5169 2218 5247 lituo.
2247 5172 2302 5247 4,
2333 5170 2396 5224 ad
2420 5169 2715 5247 lulianum,
2742 5173 2826 5227 ubi
2857 5187 2998 5238 eam,
3031 5185 3146 5227 cum
3173 5174 3410 5228 navicula

1810 5244 1861 5302 et
1888 5249 1983 5300 reti
2014 5245 2340 5312 dereliquisset
2360 5244 2544 5297 tradit.

1894 5327 1918 5365 ε
1950 5318 2114 5372 Vetus
2139 5314 2304 5370 editio
2332 5331 2393 5369 ex
2410 5331 2532 5387 quo,
2558 5323 2634 5377 et,
2658 5314 2793 5385 quod
2812 5317 2923 5387 ipse
2947 5318 3294 5388 interrogare:
3315 5317 3410 5371 de-

1823 5391 1985 5460 nique
2021 5389 2153 5442 infra
2180 5401 2300 5442 cum
2324 5393 2544 5459 optimis
2593 5404 2753 5455 tuss.,
2793 5388 3057 5458 Virginem
3089 5389 3409 5458 recognoscit

1821 5478 1919 5534 ιπει
1949 5460 2202 5534 agnoscit:

1891 5527 1916 5570 ιι
1961 5525 2100 5599 Quid
2127 5532 2195 5583 ad
2220 5537 2290 5594 te,
2321 5529 2384 5593 si,
2411 5538 2515 5585 etc.
2543 5525 2751 5584 Similis
2774 5529 2857 5581 hic
2883 5541 3038 5582 error
3059 5529 3406 5599 antiquorum

1818 5597 2168 5660 librariorum
2194 5609 2299 5660 est.
2331 5602 2446 5672 ejus
2468 5603 2557 5667 qui
2585 5602 2800 5672 irrepsit
2822 5599 2876 5652 in
2899 5608 3213 5654 contextum
3235 5597 3410 5654 Evan-

1818 5677 2051 5748 gelicnm
2083 5671 2434 5748 Jo:innis,_sic
2475 5689 2586 5748 eum
2618 5671 2742 5748 ιὀιοΔ
2764 5683 2989 5748 nutriere,
3019 5681 3126 5748 etc.
3159 5673 3309 5748 ﬁam
3355 5674 3407 5748 in

1819 5740 1991 5803 litbus
2022 5760 2153 5800 mss.
2181 5745 2456 5798 codicibus
2489 5745 2590 5796 huc
2621 5741 2782 5794 modo
2810 5740 3034 5809 legitur:
3067 5742 3207 5808 Quid
3232 5745 3300 5795 nd
3327 5747 3409 5799 te?

1820 5823 1894 5874 sic
1921 5835 2033 5871 eum
2064 5818 2176 5869 volo
2200 5829 2348 5879 esse;
2386 5829 2482 5883 pro
2511 5815 2742 5882 genuina
2779 5813 3028 5877 leCtiotte,
3058 5815 3100 5866 si
3138 5827 3253 5868 eunt
3296 5815 3409 5870 colo

1823 5892 1898 5946 sic
1930 5885 2501 5944 esse.MaartsN.—lta
2523 5884 3355 5961 praferttutnostriomnestuss.
3388 5903 3419 5943 e
