4062 6370
519 340 623 394 αι’]

1779 335 1837 390 5.
1883 330 2143 390 EUSEBII
2184 326 2439 386 HIERON
2451 328 2566 385 YMI

3710 320 3837 378 948

517 456 595 511 vit
614 456 757 510 inter
786 453 1005 516 fratres,
1041 453 1190 508 illum
1241 451 1567 521 discipulum
1601 464 1712 506 non
1766 449 2112 505 moriturum.
2144 449 2196 511 Α
2220 442 2377 498 ham:
2403 441 2581 499 Lucas
2610 458 2640 496 a
2669 439 2976 496 sacerdotio
3006 438 3291 495 Zachariae
3324 457 3336 490 :
3371 438 3581 493 Marcus
3619 452 3649 493 a
3686 450 3839 508 pro—

517 549 594 603 Ex
621 560 732 618 quo
751 545 1086 613 ostenditur,
1120 546 1493 619 virginitatem
1519 560 1627 599 non
1652 545 1813 609 mori,
1845 556 1945 599 nec
1992 556 2113 596 sor-

516 641 611 696 des
641 638 952 707 nuptiarum
977 647 1003 675 α
1027 639 1250 696 abluere
1272 652 1468 693 cruore
1496 635 1763 708 martyrii,
1783 634 1880 691 sed
1899 648 2117 690 manere

512 747 635 787 eum
664 732 909 797 Christo,
938 738 995 787 et
1020 731 1405 787 dormitionem
1446 729 1585 800 ejus,
1641 729 1930 783 transitum
1969 740 2114 792 esse,

512 842 620 881 non
650 835 902 881 mortem.
926 824 985 879 Si
1013 833 1192 879 autem
1219 823 1417 879 obnixe
1447 821 1813 887 contenderit,
1851 819 2115 875 Joannem

517 919 784 989 virginem
818 933 923 972 non
953 916 1149 983 fuisse,
1181 924 1239 972 et
1264 930 1365 971 nos
1389 915 1593 970 amoris
1625 914 1878 984 praecipui
1899 927 2116 968 causam

518 1010 882 1081 virginitatem
914 1009 1174 1074 diximus,
1204 1017 1442 1077 exponat
1472 1008 1585 1073 ille,
1606 1007 1651 1062 si
1684 1007 1835 1078 virgo
1858 1024 1964 1063 nnn
1996 1005 2137 1075 fuit,

520 1121 618 1161 cur
645 1107 863 1162 caeteris
888 1105 1161 1176 Apostolis
1191 1105 1309 1174 plus
1340 1112 1554 1157 amatus
1584 1102 1691 1156 sit?
1738 1105 1803 1157 At
1836 1101 1991 1168 dicis,
2023 1117 2118 1157 su-

524 1213 623 1267 per
645 1197 864 1253 Petrum
908 1196 1166 1252 fundatur
1195 1195 1469 1251 Ecclesia:
1498 1193 1526 1232 ι)
1556 1195 1682 1250 licet
1729 1195 1780 1249 id
1831 1197 2006 1265 ipsum
2062 1196 2116 1250 in

519 1290 630 1344 alio
653 1290 775 1346 loco
797 1305 965 1359 super
992 1304 1183 1344 «mittes
1209 1287 1503 1358 Apostolus
1547 1288 1659 1352 liat,
1690 1300 1742 1342 et
1772 1287 1952 1342 cuncti
2010 1287 2119 1341 cla-

519 1396 612 1436 ves
636 1382 787 1452 regni
814 1382 1079 1436 caelorum
1120 1379 1407 1451 accipiant,
1439 1389 1495 1435 et
1535 1396 1600 1434 ex
1627 1394 1784 1450 sequo
1811 1395 1975 1448 super
2026 1396 2121 1435 eos

526 1475 788 1530 Ecclesiae
810 1472 1073 1528 fortitudo
1102 1472 1391 1539 solidetur,
1425 1480 1603 1526 tamen
1645 1481 1935 1543 propterea
1978 1472 2120 1527 inter

519 1567 810 1623 duodecim
854 1581 992 1622 unus
1034 1566 1277 1638 eligitur,
1304 1575 1362 1622 ut
1388 1568 1567 1638 capite
1618 1568 1941 1632 constituto,
1976 1568 2122 1623 schi-

517 1662 709 1719 smatis
742 1662 962 1718 tollatur
990 1662 1225 1717 occasio.
1244 1661 1350 1717 Sed
1382 1676 1478 1716 cur
1510 1677 1618 1717 non
1646 1661 1885 1718 Joannes
1915 1662 2123 1718 electus

518 1768 606 1813 est
630 1757 817 1827 virgo?
864 1754 1036 1811 Etati
1086 1755 1328 1810 delatum
1373 1764 1474 1821 est,
1532 1757 1658 1825 quia
1690 1755 1883 1811 Petrus
1936 1758 2121 1812 senior

2221 536 2401 607 phetia
2432 534 2715 590 Malachize
2748 542 2771 570 ε
2797 532 3101 604 prophetae,
3134 542 3191 587 et
3217 530 3390 586 Isaiae.
3411 531 3626 586 Primus
3649 528 3839 585 habet

2219 631 2408 687 faciem
2445 631 2697 698 hominis,
2735 639 2959 701 propter
2985 627 3694 701 genealogiam;secundus
3743 626 3837 682 fa-

2217 728 2358 783 ciem
2402 727 2579 793 vituli,
2644 737 2871 797 propter
2920 725 3333 791 Sacerdotium;
3386 727 3582 781 tertius
3621 723 3834 780 faciem

2219 821 2417 887 leonie,
2440 830 2663 892 prepter
2692 834 2878 876 vocem
2909 819 3196 875 clamantis
3222 818 3275 874 iu
3324 819 3577 873 deserto:
3627 816 3840 873 Parate

2220 916 2354 969 viam
2385 913 2612 978 Domini,
2648 921 2815 967 restas
2843 912 2997 981 facile
3017 912 3224 965 semitas
3266 910 3377 974 eius
3418 909 3575 979 (lsai.
3604 924 3690 974 χι..
3748 911 3786 964 5
3818 924 3835 974 ;

2222 1005 2354 1061 Luc.
2386 1021 2465 1072 Ill,
2492 1005 2574 1076 4).
2602 1004 2846 1060 Joannes
2875 1019 3007 1058 vero
3031 1012 3236 1069 noster,
3259 1002 3410 1072 quasi
3433 1000 3610 1069 aquila
3640 1000 3711 1055 ad
3732 1015 3840 1054 su-

2224 1113 2391 1169 perna
2418 1099 2582 1163 volat,
2616 1109 2672 1154 et
2697 1097 2764 1153 ad
2795 1098 2973 1167 ipsum
3026 1096 3239 1153 Patrem
3299 1093 3562 1166 pervenit.
3592 1095 3789 1149 dicens
3820 1111 3837 1148 :

2224 1193 2289 1249 In
2315 1192 2568 1263 principio
2598 1201 2711 1245 erat
2744 1190 2993 1253 Verbum,
3022 1199 3067 1245 et
3093 1187 3313 1244 Verbum
3327 1199 3435 1244 erat
3460 1189 3601 1261 apud
3628 1188 3839 1254 Deum,

2224 1298 2271 1342 et
2290 1286 2431 1343 Deus
2452 1296 2562 1342 erat
2590 1286 2832 1342 Verbum.
2853 1285 2973 1340 Hoc
2996 1294 3106 1340 erat
3127 1286 3181 1339 in
3199 1285 3451 1357 principio
3468 1284 3609 1358 apud
3636 1284 3834 1354 Deum,

2223 1389 2280 1438 et
2304 1389 2522 1436 caetera.
2560 1380 2822 1453 Exposuit
2869 1378 3178 1451 virginitas,
3230 1377 3375 1449 quod
3422 1377 3624 1448 nuptiae
3678 1376 3840 1432 scire

2226 1491 2335 1531 non
2363 1484 2635 1547 poterant,
2659 1483 2715 1530 et
2742 1483 2802 1529 ut
2819 1474 2971 1531 brevi
2995 1488 3255 1530 sermone
3280 1473 3445 1528 multa
3464 1475 3841 1544 comprehen-

2224 1570 2373 1634 dam,
2406 1569 2740 1639 doceamque
2767 1567 2921 1639 cujus
2943 1567 3214 1639 privilegii
3246 1566 3320 1621 sit
3342 1564 3603 1631 Joannes,
3657 1565 3839 1620 immo

2226 1663 2279 1717 in
2304 1661 2513 1718 Joanne
2537 1662 2839 1733 virginitas,
2864 1675 2894 1715 a
2924 1660 3155 1715 Domino
3180 1658 3409 1730 virgine,
3446 1668 3618 1714 mater
3647 1660 3837 1730 virgo,

2225 1755 2426 1828 virgini
2452 1755 2721 1825 discipulo
2743 1753 3181 1809 commendatur.

519 1857 661 1918 erat,
690 1865 759 1904 ne
785 1847 965 1904 adhuc
992 1848 1317 1905 adolescens
1341 1863 1404 1902 ac
1438 1862 1577 1919 pene
1605 1864 1759 1918 puer,
1812 1862 2113 1919 progressae.
2150 1853 2193 1912 Β
2290 1848 2381 1904 27.
2413 1848 2663 1903 Materna:
2689 1848 2994 1921 virginitatis
3024 1846 3257 1910 amissio,
3305 1855 3628 1918 compensata
3667 1846 3840 1919 virgi-

518 1945 698 1997 aetatis
742 1941 1055 1998 hominibus
1108 1941 1560 2013 pra-ferretur,et
1610 1942 1869 2013 magister
1920 1942 2119 2008 bonus,

514 2035 607 2105 qui
639 2035 983 2090 occasionem
1013 2034 1172 2105 iurgii
1195 2032 1462 2088 debuerat
1483 2032 1697 2089 auferre
1736 2033 2040 2103 discipulis,
2070 2043 2127 2088 et

513 2128 605 2199 qui
628 2128 839 2184 dixerat
864 2129 975 2183 eis:
1011 2126 1202 2182 Pacem
1231 2144 1396 2182 meam
1417 2128 1484 2181 do
1514 2128 1676 2193 vobis,
1694 2143 1869 2195 pacem
1889 2126 2124 2198 relinquo

517 2220 657 2275 vobis
681 2216 862 2292 (Joan.
898 2235 1009 2285 xtv,
1036 2219 1167 2291 27);
1198 2229 1274 2286 et,
1296 2220 1386 2292 qui
1415 2218 1633 2275 voluerit
1663 2221 1793 2275 inter
1825 2237 1912 2275 vos
1958 2224 2129 2289 major

516 2327 647 2377 esse,
670 2312 941 2366 minimum
958 2313 1188 2367 omnium
1216 2313 1280 2365 sit
1326 2310 1504 2385 (Matt.
1545 2328 1634 2374 xx.
1665 2311 1782 2384 26),
1826 2313 1879 2367 in
1907 2313 2125 2368 adoles-

514 2412 730 2460 centem
754 2421 916 2476 quem
948 2404 1237 2472 dilexerat,
1276 2419 1497 2461 cauSam
1545 2405 1790 2475 praebere
1849 2406 2127 2461 videretur

517 2499 760 2555 invidiae.
783 2499 854 2556 Ut
887 2509 1068 2555 autem
1095 2502 1334 2557 sciamus
1354 2500 1620 2557 Joannem
1656 2512 1784 2557 tunc
1809 2502 1979 2559 fuisse
1998 2520 2125 2572 pue-

515 2608 661 2657 rum,
688 2590 1135 2649 manifestissime
1178 2592 1379 2650 docent
1423 2593 1830 2651 Ecclesiasticce
1860 2593 2126 2662 historiae,

517 2686 661 2757 quod
689 2700 861 2757 usque
890 2684 957 2740 ad
982 2684 1203 2755 Trajani
1229 2686 1430 2741 vixerit
1455 2688 1769 2756 imperium,
1798 2687 1852 2742 id
1882 2697 1985 2755 est,
2007 2694 2130 2757 post

517 2778 830 2847 passionem
845 2778 1054 2832 Domini
1077 2780 1429 2848 sexagesimo
1440 2786 1635 2833 octavo
1650 2792 1792 2834 anno
1806 2778 2126 2833 dormierit:

519 2868 665 2938 quod
686 2879 740 2923 et
771 2884 871 2923 nos
898 2879 919 2906 ε
952 2868 1008 2922 in
1035 2867 1176 2924 libro
1230 2870 1298 2925 de
1344 2868 1654 2924 lllustribus
1700 2868 1845 2924 Viris
1888 2870 2131 2924 breviter

524 2961 964 3034 perstrinximus.
1024 2961 1222 3017 Petrus
1280 2961 1579 3032 Apostolus
1609 2971 1730 3027 est;
1786 2972 1842 3018 et
1889 2960 2132 3017 Joannes

523 3055 842 3124 Apostolus,
892 3054 1141 3117 maritus.
1172 3062 1230 3110 et
1258 3054 1430 3124 virgo,
1484 3054 1580 3109 sed
1608 3054 1802 3109 Petrus
1840 3054 2133 3125 Apostolus

522 3155 763 3202 tantum:
791 3145 1030 3202 Joannes
1059 3157 1114 3203 et
1141 3147 1437 3218 Apostolus
1468 3147 1905 3218 etEvangelista,
1925 3162 1975 3201 et
1996 3147 2131 3203 Pro-

2226 1944 2383 1998 nitate
2411 1943 2656 2013 ﬁliorum.
2687 1972 2760 1983 —
2786 1940 2986 1997 Verum
3009 1956 3167 1996 casso
3197 1940 3385 1996 labore
3407 1937 3686 1996 sttdamus.
3717 1939 3842 1995 0b-

2226 2032 3079 2105 jicitquippenobisatlversarius
3098 2032 3460 2102 Apostolicam
3472 2031 3838 2098 sententiam,

2229 2136 2285 2184 ct
2309 2128 2415 2182 ait:
2445 2127 2612 2180 Adam
2643 2127 2841 2197 primus
2893 2130 3148 2198 formatus
3200 2137 3301 2191 est,
3358 2125 3546 2180 deinde
3598 2123 3734 2191 Eva,
3782 2134 3836 2179 et

2231 2222 2397 2277 Adam
2423 2237 2526 2276 non
2554 2230 2631 2276 est
2660 2221 2900 2300 seductus
2917 2239 2945 2300 ί
2968 2221 3157 2277 mulier
3185 2231 3360 2276 autem
3379 2221 3597 2276 seducta
3616 2222 3667 2276 in
3693 2236 3838 2292 pra!-

2233 2317 2601 2373 varicationem
2631 2320 2775 2388 facta
2803 2326 2893 2371 est.
2928 2316 3088 2372 Salva
3127 2326 3299 2371 autem
3335 2317 3421 2387 ﬁet
3471 2332 3561 2385 per
3600 2316 3835 2387 ﬁliorum

2229 2411 2607 2484 generationem
2627 2451 2642 2475 ,
2675 2410 2721 2463 si
2750 2410 3123 2479 permanserint
3146 2410 3199 2463 in
3229 2409 3353 2479 ﬁde,
3380 2418 3429 2463 et
3461 2406 3754 2470 dilectione,
3781 2416 3837 2461 et

2227 2504 2631 2574 sanctiﬁcatione
2655 2520 2771 2558 cunt
2799 2503 3073 2558 sobrietate
3095 2503 3136 2575 (Ι
3168 2501 3307 2557 Tim.
3336 2517 3397 2568 tt,
3442 2501 3651 2573 15—15).
3683 2499 3836 2556 Con-

2228 2596 2532 2652 sideremus
2562 2609 2659 2651 cur
2688 2595 3059 2666 Apostolusad
3080 2594 3650 2661 bancsententiam,et
3680 2593 3829 2649 unde

2226 2690 2563 2762 pervenerit:
2593 2688 2724 2743 Volo
2746 2706 2866 2761 ergo
2895 2691 3027 2744 viros
3056 2706 3207 2744 orare
3237 2690 3289 2743 in
3321 2689 3461 2743 ontni
3485 2687 3624 2750 loco,
3646 2684 3831 2742 leran-

2230 2793 2304 2838 tes
2347 2792 2554 2837 sanctas
2602 2798 2785 2836 manus
2824 2783 2933 2836 sine
2971 2781 3052 2835 ira
3099 2791 3148 2835 et
3208 2780 3615 2853 cogitationibus
3650 2777 3830 2853 (Ibid.

2231 2874 2336 2947 8).
2409 2876 2821 2946 Consequenter
2884 2875 3064 2946 itaque
3130 2874 3458 2929 mulieribus
3521 2874 3681 2947 281
3740 2871 3837 2927 dat

2234 2980 2501 3037 pramepta
2542 2968 2667 3023 vitae
2688 3010 2702 3033 ,
2726 2977 2782 3023 et
2813 2968 2887 3023 ait
2916 2984 2930 3020 :
2990 2967 3243 3023 Similiter
3286 2977 3334 3021 et
3370 2968 3611 3021 mulieres
3651 2968 3703 3020 in
3732 2966 3835 3019 Ita-

2234 3061 2339 3115 bitu
2387 3068 2568 3115 ornato
2591 3102 2606 3126 ,
2651 3076 2768 3114 cum
2820 3060 3126 3115 verecundia
3178 3068 3226 3114 et
3267 3061 3500 3114 castitate
3523 3099 3539 3126 ,
3590 3068 3834 3114 amantes

2231 3171 2316 3219 se,
2345 3169 2447 3207 non
2467 3152 2520 3207 in
2542 3153 2687 3207 tortis
2712 3152 2972 3218 crinibus,
3027 3163 3115 3207 aut
3172 3168 3330 3218 auro,
3376 3151 3453 3206 vel
3497 3150 3829 3220 margaritis,

523 3239 714 3312 pheta.
742 3238 1062 3308 Apostolus,
1086 3243 1212 3311 quia
1244 3240 1463 3310 scripsit
1505 3239 1573 3295 ad
1606 3239 1882 3296 Ecclesias
1914 3249 1970 3293 ut
2019 3255 2133 3294 ma-
2161 3234 2207 3296 C
2237 3246 2341 3301 sive
2364 3255 2497 3299 veste
2518 3245 2743 3317 pretiosa
2766 3262 2785 3300 :
2811 3245 2902 3299 sed
2936 3244 2952 3283 ί
2985 3245 3270 3299 secundum
3300 3244 3439 3316 quod
3478 3244 3625 3298 decet
3652 3243 3835 3297 mulie-

521 3333 732 3405 gister:
784 3332 1150 3403 Evangelista,
1202 3334 1326 3404 quia
1382 3333 1548 3407 280
1591 3332 1788 3389 librum
1848 3332 2135 3404 Evangelii

526 3424 790 3490 condidit,
820 3425 965 3494 quod
989 3434 1221 3497 excepto
1267 3426 1541 3491 Matthaeo,
1572 3425 1664 3481 alii
1728 3441 1793 3482 ex
1844 3426 2131 3482 duodecim

528 3519 776 3588 Apostoli
808 3532 914 3572 ηοιι
941 3517 1207 3573 fecerunt.
1223 3517 1532 3588 Propheta:
1560 3518 1697 3573 vidit
1717 3518 1862 3574 enim
1883 3520 1934 3574 in
1966 3518 2130 3573 Path-

526 3626 646 3667 mos
689 3611 897 3678 insula,
941 3613 995 3665 in
1025 3625 1131 3681 qua
1174 3609 1351 3665 fuerat
1380 3614 1428 3678 al
1451 3610 1759 3665 Domitiano
1786 3610 2034 3682 principe
2064 3610 2134 3665 ob

533 3702 745 3758 Domini
796 3704 1119 3774 martyrium
1157 3702 1453 3772 relegatus,
1489 3702 1873 3774 Apocalypsim
1926 3701 2132 3758 inﬁnita

530 3793 842 3851 luturorum
869 3797 1128 3868 mysteria
1150 3796 1547 3851 continentem.
1568 3795 1761 3852 Refert
1784 3805 1965 3852 autem
1993 3796 2131 3852 Ter-

534 3886 815 3956 tullianus,
844 3885 873 3925 ἀ
895 3887 1044 3958 quod
1077 3886 1266 3942 Roma:
1292 3887 1493 3943 missus
1526 3888 1579 3943 in
1624 3888 2011 3944 ferventisolei
2039 3887 2137 3943 de-

529 3980 687 4044 lium.
716 3982 905 4053 purior
934 3991 990 4038 et
1016 3982 1261 4053 vegetior
1316 3983 1570 4047 exiverit,
1611 3998 1769 4054 quam
1818 3984 2126 4040 intraverit.

527 4073 639 4131 Sed
655 4084 710 4130 et
728 4075 905 4146 ipsum
936 4074 1057 4145 ejus
1082 4073 1438 4145 Evangelium
1468 4074 1697 4130 multum
1719 4075 1887 4131 distat
1908 4091 1934 4129 a
1967 4088 2129 4133 cate-

531 4169 630 4224 ris.
659 4169 945 4224 llatthaeus
970 4168 1129 4239 quasi
1146 4168 1215 4225 de
1242 4168 1465 4225 homine
1493 4169 1681 4242 incipit
1710 4170 1985 4229 scribere:
2038 4171 2131 4227 Li-

531 4263 620 4319 ber
643 4265 989 4334 generationis
1009 4262 1143 4320 Iesu
1168 4262 1384 4330 Christi,
1440 4264 1542 4333 lilii
1572 4262 1764 4331 David,
1818 4266 1918 4336 filii
1965 4266 2130 4322 Abra-

527 4436 931 4499 vetusquoque
959 4425 1130 4499 editio
1150 4426 1392 4499 concinit
1412 4444 1425 4480 :
1444 4427 1492 4499 si
1522 4427 1634 4499 volo
1683 4443 1800 4499 eum
1829 4443 1957 4499 esse.
2011 4430 2138 4499 quid

530 4497 598 4550 ad
628 4497 712 4550 te?
741 4496 854 4551 Non
886 4506 1066 4552 tamen
1097 4496 1402 4553 inliciamur
1435 4498 1543 4565 jam
1574 4498 1664 4551 ditt
1681 4498 1810 4551 olim
1831 4500 1882 4552 in
1912 4496 2137 4556 Joannis

535 4566 824 4635 Evangelio
847 4567 1193 4623 librariorum
1218 4583 1407 4625 errore
1425 4567 1753 4633 obtinuisse,
1786 4570 1859 4623 sic
1884 4587 1997 4625 eum
2022 4573 2139 4626 uolo

534 4651 769 4714 manere,
802 4645 933 4714 etc.,
966 4639 1110 4708 quod
1160 4641 1326 4696 etiam
1340 4639 1440 4714 uin!
1464 4640 1906 4714 Hieronymianis
1932 4644 2141 4714 aliquot

532 4722 666 4784 mss.
700 4708 1045 4784 Martianatus
1075 4713 1305 4768 invenit.
1339 4710 1478 4767 Vide
1526 4727 1649 4784 quae
1675 4708 1742 4767 ad
1797 4727 1923 4768 eum
1956 4708 2136 4771 locum

534 4777 822 4847 Evangelii
849 4793 1195 4838 annutamus.

608 4848 764 4933 {Pro
813 4850 1055 4933 abluere,
1093 4853 1235 4921 quod
1270 4854 1564 4933 praeierunt
1595 4869 1751 4922 mss.,
1792 4855 2137 4933 Martianteus

531 4921 735 4991 aliique
782 4931 947 4978 antea
972 4924 1211 4981 editores
1259 4921 1402 4982 ablui
1427 4928 1632 4998 legunt,
1666 4921 1834 4984 sensu
1864 4944 1971 4984 non
2000 4930 2136 4985 satis

531 5008 795 5059 congruo.

600 5062 629 5103 1»
653 5064 914 5147 Yideatur
942 5064 1329 5147 Hieronymus,
1355 5069 1583 5147 Joannis
1626 5070 1899 5147 Apostoli,
1949 5085 2019 5127 ex
2058 5087 2135 5147 eo

534 5135 679 5204 quod
709 5137 862 5210 virgo
907 5135 1239 5210 perstiterit,
1282 5141 1534 5194 meritum
1575 5135 1833 5210 praeferre
1886 5135 2131 5210 caeteris;

532 5214 771 5274 attamen
796 5204 1055 5260 Ecclesiae
1079 5204 1246 5274 caput
1271 5225 1297 5261 a
1333 5210 1561 5265 Domino
1576 5204 1941 5269 constitutum
1967 5204 2134 5271 fuisse

534 5290 643 5330 non
672 5272 961 5340 Joannem,
994 5276 1089 5332 sed
1123 5272 1363 5344 Petrum,
1392 5282 1614 5337 minime
1642 5283 1925 5340 difﬁtetur.
1963 5285 2134 5340 Immo

534 5346 686 5402 hisce
705 5345 895 5426 sorbis
915 5345 1137 5426 deﬁnite
1159 5349 1426 5415 declarat,
1453 5353 1745 5422 Αροειοιος
1766 5357 1987 5426 quidem
2020 5372 2131 5413 ca:-

534 5426 681 5496 ter_os
704 5416 916 5472 honore
946 5420 1106 5496 simul
1130 5416 1692 5496 et_po_lestale'pares
1732 5416 1900 5481 fuisse
1945 5426 2129 5496 Petro,

535 5489 658 5558 quia
686 5491 1106 5567 omnes‘pariter
1126 5505 1158 5545 a
1178 5489 1396 5549 Christo
1436 5489 1867 5567 evangelizandi,
1901 5489 2129 5565 ligandi,

536 5572 599 5614 ac
619 5558 891 5637 solvendi
884 5558 1194 5619 facultatem
1217 5565 1549 5637 acceperint,
1572 5558 1816 5622 oninium
1840 5558 2019 5637 {arinen
2040 5558 2131 5622 cal

536 5638 633 5706 ριη
660 5644 827 5682 unum
857 5630 1074 5706 Petrum
1092 5630 1404 5706 exstitisse;
1434 5651 1592 5706 quam
1621 5635 2133 5706 potestatisdisgre.

538 5700 742 5779 tionem
769 5700 1012 5779 vpcatS.
1044 5702 1154 5779 Leo
1180 5704 1251 5779 Μ.
1278 5700 1569 5779 φέρτε,
1594 5700 1645 5759 η’.
1684 5706 1752 5762 ﬂ
1780 5705 1961 5779 :Jnter
1990 5704 2129 5762 Bea-

540 5766 1058 5852 tissimosdpattolos
1087 5774 1140 5827 in
1170 5766 1508 5852 similitudine
1531 5766 1742 5832 honoris
1767 5778 1866 5848 fuit
1890 5782 2129 5852 quadam

543 5836 783 5887 discretio
812 5838 1095 5925 potestatis.
1126 5852 1173 5896 et
1202 5860 1316 5899 eum
1369 5845 1595 5900 omnium
1624 5863 1720 5911 par
1763 5836 2126 5919 essct'clectio',

2234 3355 2346 3405 res,
2366 3340 2719 3411 promittentes
2749 3338 2992 3408 pietatem
3037 3354 3129 3410 per
3176 3353 3335 3408 opera
3360 3338 3513 3391 bona.
3549 3334 3742 3390 Mulier
3777 3336 3834 3390 in

2235 3432 2443 3487 silentio
2469 3431 2634 3486 discat
2655 3447 2772 3484 cum
2795 3431 2934 3484 omni
2951 3430 3290 3504 subjectione.
3313 3428 3509 3485 Docere
3536 3438 3707 3484 autem
3721 3444 3837 3482 mu—

2239 3526 2355 3581 lieri
2376 3540 2478 3578 non
2506 3524 2742 3592 perntitto
2762 3565 2776 3587 ,
2811 3539 2971 3593 neque
3020 3523 3278 3578 dominari
3306 3525 3360 3577 in
3389 3524 3585 3589 cirum;
3613 3522 3703 3576 sed
3727 3538 3838 3577 esse

2238 3620 2292 3672 in
2321 3617 2525 3672 silentio
2551 3614 2743 3688 (Ibid.,
2772 3618 2806 3673 9
2829 3633 2970 3685 seqq.
2995 3615 3014 3688 )
3057 3616 3129 3673 Et
3178 3633 3246 3674 ne
3286 3604 3563 3673 videretur
3592 3615 3836 3672 mulieris

2243 3712 2374 3767 dura
2396 3710 2669 3778 conditio,
2694 3725 2816 3781 qua:
2843 3726 2963 3765 eam
2997 3712 3050 3766 in
3077 3712 3254 3768 mariti
3297 3712 3571 3783 redigeret
3613 3710 3841 3768 servitu-

2241 3813 2347 3859 tem
2369 3844 2385 3869 ,
2416 3802 2551 3873 legis
2581 3801 2907 3858 recordatur
2931 3804 3170 3875 antiqua:
3192 3818 3244 3861 et
3270 3805 3336 3861 ad
3366 3804 3637 3874 originale
3656 3819 3841 3860 exem-

2238 3897 2386 3967 plum
2419 3894 2601 3951 redit:
2644 3893 2793 3965 quod
2832 3894 3007 3951 Adam
3037 3900 3246 3967 primus
3287 3897 3462 3953 factus
3491 3899 3591 3963 sit,
3639 3896 3839 3952 deinde

2236 3991 2433 4045 mulier
2452 4006 2513 4044 ex
2534 3999 2685 4045 costa
2708 3989 2826 4059 ejus
2851 4008 2864 4044 :
2885 4000 2936 4045 et
2952 3992 3096 4061 quod
3110 3991 3285 4047 Adam
3308 3992 3554 4049 diabolus
3575 3991 3839 4049 seducere

2237 4099 2344 4140 non
2372 4085 2645 4155 potuerit,
2668 4084 2765 4141 sed
2792 4084 2960 4140 Evam
2996 4104 3008 4139 :
3035 4095 3092 4142 et
3115 4086 3260 4157 quod
3286 4097 3408 4158 post
3434 4088 3695 4144 oll‘ensam
3746 4087 3837 4142 Dei

2234 4176 2419 4230 statim
2449 4175 2565 4230 viro
2591 4175 2839 4245 subjecta
2890 4176 2961 4231 sit
2994 4220 3010 4244 ,
3060 4187 3114 4233 et
3136 4177 3202 4234 ad
3235 4179 3485 4234 maritum
3514 4178 3662 4233 illius
3691 4176 3832 4234 facta

2233 4268 2525 4325 conversio
2550 4286 2563 4322 :
2593 4268 2846 4340 quodque
2871 4284 3112 4326 errorem
3158 4281 3396 4328 veterem
3416 4273 3504 4329 illa
3530 4287 3650 4344 quae
3672 4276 3837 4331 semel

2244 4432 2333 4485 uni
2363 4440 2533 4485 tamen
2563 4431 2745 4486 datum
2771 4442 2867 4499 est,
2900 4442 2955 4487 ut
2982 4435 3178 4489 cmteris
3191 4437 3559 4502 praemineret.
3576 4437 3703 4496 Haec
3726 4442 3841 4496 ohi-

2164 4536 2219 4597 D
2245 4511 2328 4558 ter
2350 4504 2410 4597 in
2442 4517 2662 4597 eorumn
2681 4506 2936 4575 gratiam,
2962 4505 3109 4597 .quin
3130 4505 3443 4597 llierony'mi
3487 4510 3663 4597 loct'ti‘m
3703 4511 3841 4570 hunc

2246 4574 2588 4645 cavillantur.
2621 4573 2895 4629 Caiterum
2925 4574 3049 4630 vide
3069 4573 3348 4632 Gelasium
3360 4578 3560 4645 Papam
3583 4580 3839 4642 Tractatu

2246 4648 2300 4725 ἦ.
2333 4662 2388 4700 n.
2414 4644 2549 4725 5,_et
2570 4644 2641 4725 de
2664 4658 2923 4725 perpetua
2948 4645 3173 4725 Joannis
3201 4644 3511 4725 virginitate
3536 4652 3599 4708 S.
3629 4652 3838 4725 Augus-

2247 4716 2416 4779 tinum
2450 4716 2544 4771 lib.
2576 4716 2641 4769 de
2668 4715 2815 4771 Bono
2839 4718 3103 4790 conjugali
3124 4737 3174 4773 (ε.
3210 4715 3381 4787 aliIn.
3406 4722 3499 4789 26,
3525 4734 3629 4777 etc.
3717 4715 3745 4725 ”

2318 4799 2341 4825 ε’
2382 4787 2449 4842 In
2480 4787 2610 4841 libro
2636 4788 2700 4841 de
2729 4785 3031 4842 Illustribus
3070 4787 3226 4845 Viris.
3258 4792 3337 4848 Ex
3370 4794 3472 4848 hoc
3509 4793 3630 4848 loco
3667 4799 3807 4848 mani

2318 4799 2341 4825 υ
2382 4793 2449 4842 In
2480 4793 2610 4841 libro
2636 4793 2700 4841 de
2729 4793 3031 4842 lllustribus
3070 4793 3226 4845 Viris.
3258 4793 3337 4848 Ex
3370 4794 3472 4849 hoc
3509 4793 3630 4850 loco
3667 4799 3839 4853 mani-

2244 4857 2539 4934 festissime
2566 4858 2983 4934 comprobamus
3006 4859 3205 4934 librum
3232 4863 3302 4918 de
3329 4862 3703 4934 Scriptoribns
3733 4867 3836 4924 Ec-

2242 4928 2565 5011 clesiasticis
2617 4932 2878 5011 scriptum
2948 4929 3117 5011 fuisse
3170 4948 3255 5011 ac_
3294 4928 3498 5011 editum
3551 4949 3836 5011 antequam

2243 5000 2607 5074 Hieronymus
2635 5001 2909 5056 scriberet
2938 5000 3203 5059 adversus
3228 5005 3601 5062 Jovinianum.

2309 5138 2335 5179 δ
2378 5142 2530 5218 Quod
2560 5142 2761 5218 Rome:
2793 5142 2897 5195 Pro
2924 5141 3125 5208 Rom,
3156 5148 3340 5218 plures
3370 5076 3743 5208 ΜΞ»ῗέἷῶξῇ
3763 5152 3834 5210 le-

2238 5221 2376 5285 gunt
2394 5230 2427 5266 a
2459 5212 2686 5285 1_V_erone.
2713 5211 3190 5285 Maurum—Mss.
3216 5233 3408 5274 omnes
3423 5230 3479 5274 et
3504 5231 3660 5277 vetus
3674 5223 3831 5280 editio

2237 5281 2430 5364 quodsi
2459 5281 2899 5364 Nerone_n_tissus,
2925 5292 3031 5364 etc.
3067 5288 3433 5364 Tertullianus
3462 5292 3529 5346 de
3553 5292 3833 5364 Przescrip-

2239 5352 2474 5436 tionibus
2513 5368 2632 5423 cap.
2664 5352 2737 5436 ἥδ
2771 5368 2784 5406 :
2811 5353 3112 5436 Apostolus
3139 5358 3369 5415 Joannes
3418 5374 3742 5436 posteaquam
3778 5352 3830 5421 in

2235 5426 2639 5568 :lfugngliqneum
2667 5425 2949 5491 demersus,
2981 5428 3112 5484 nihil
3150 5447 3330 5503 passus
3357 5425 3464 5498 est,
3508 5435 3564 5489 in
3607 5425 3830 5493 insulam

2264 5516 2291 5553 e
2316 5516 2339 5551 ι’
2431 5515 2462 5551 u
2500 5538 2514 5550 .

2310 5568 2731 5638 cExpunximus
2761 5573 2849 5628 hic
2902 5586 3094 5630 vocem
3144 5572 3447 5646 PrOphetw,
3498 5591 3664 5647 qttam
3704 5595 3826 5637 mss.

2237 5654 2345 5694 non
2376 5650 2702 5707 agnosmtnt.

2311 5711 2331 5750 ί
2363 5710 2565 5789 [ecula
2593 5714 2874 5769 secundum
2902 5732 3002 5773 nec
3024 5718 3223 5774 habent
3253 5717 3471 5774 codices
3493 5720 3694 5789 nostri,
3735 5737 3829 5779 nec

2235 5780 2349 5852 ipse
2371 5781 2632 5851 Vulgatus
2664 5789 2958 5855 interpres.
