4068 6376
231 383 335 445 9‘9

1328 387 1703 445 ADVERSUS
1740 388 2154 447 JOVINIANUM
2197 390 2325 445 LIB.
2370 391 2408 444 l.

3420 402 3528 458 230

232 503 494 559 connubio
546 502 798 573 copulata
832 513 915 557 est
942 545 957 569 ,
1009 512 1061 558 et
1115 502 1334 559 redacta
1367 503 1417 557 in
1446 503 1817 559 conditionem
1848 503 2000 565 Aris
2046 504 2207 575 erigit
2256 519 2483 560 uxorem
2528 506 2581 560 in
2624 508 2933 578 superbiam
2961 551 2977 576 ,
3031 519 3089 564 et
3146 511 3525 568 contumeliam

231 597 372 661 Erae,
402 597 636 651 ﬁliarum
664 597 1040 666 procreatione
1057 596 1301 652 deleret:
1336 596 1410 651 lta
1436 606 1638 661 tamen,
1664 597 1709 650 si
1736 596 1819 665 ip-

230 704 315 745 sos
339 690 477 743 filios
505 689 745 744 erudiret
774 690 826 743 in
858 691 962 744 title
1000 698 1053 744 et
1093 690 1385 745 dilectione
1412 689 1614 743 (ΗΠ-ἱειί
1643 731 1658 755 ,
1682 699 1732 743 el
1767 689 1819 743 in

228 782 659 837 sanctificatione
681 792 735 837 et
765 782 1017 851 pudicitia
1040 802 1051 836 :
1071 797 1175 837 non
1201 783 1347 838 enim
1374 782 1456 853 (ut
1487 784 1627 837 male
1658 781 1822 835 habe-

228 882 316 929 tur
349 877 400 929 in
431 875 636 929 Latinis
657 874 971 946 t'OdlClllllS)
1024 876 1277 929 sobrietas
1304 888 1389 930 est
1415 874 1639 943 legenda
1666 916 1680 940 ,
1725 874 1817 929 sed

226 968 461 1031 castitas,
486 967 534 1021 id
564 977 648 1023 est
672 1010 684 1033 ,
720 970 1044 1044 σωφροσύνη.
1080 968 1215 1022 Vide
1261 968 1423 1037 igitur
1450 966 1723 1037 quomodo
1754 983 1820 1021 ex

227 1059 329 1115 hoc
360 1076 576 1130 quoque
605 1061 723 1131 ipso
753 1061 1062 1115 testimonio
1089 1061 1367 1130 supereris
1396 1077 1407 1111 :
1465 1068 1519 1113 ct
1561 1059 1701 1129 quod
1726 1074 1821 1128 pu-

226 1155 380 1211 tabas
412 1171 537 1211 esse
559 1172 657 1226 pro
687 1158 892 1225 nuptiis
912 1200 926 1223 ,
954 1173 1052 1227 pro
1070 1157 1381 1228 virginitate
1428 1156 1631 1211 sentire
1661 1172 1820 1227 coga-

225 1248 323 1305 ris.
356 1249 491 1303 Nam
526 1249 572 1304 si
598 1249 834 1304 salvator
857 1251 1054 1305 mulier
1085 1251 1135 1304 in
1168 1250 1397 1304 ﬁliorum
1430 1249 1817 1319 generatiOue,

224 1348 281 1397 et
312 1342 605 1397 liberorum
643 1359 903 1398 numerus
928 1344 1075 1398 salus
1106 1356 1336 1398 matrum
1383 1355 1463 1398 est
1485 1386 1499 1410 ,
1543 1360 1639 1400 cur
1666 1344 1819 1398 addi-

223 1432 322 1499 dit,
356 1444 381 1469 λ
411 1436 455 1487 si
480 1438 847 1502 permanserint
870 1437 969 1506 ﬁlii
994 1439 1047 1491 in
1075 1438 1323 1491 cltttritate
1345 1448 1392 1491 et
1416 1439 1821 1507 sanctiﬁcatione

220 1542 341 1580 cum
370 1530 602 1582 castitate
628 1530 651 1583 ?
680 1529 830 1583 Tunc
853 1546 983 1601 ergo
1013 1531 1306 1585 salvabilur
1354 1532 1573 1596 tttulier,
1622 1532 1665 1585 si
1700 1533 1819 1586 illos

220 1621 653 1689 genueritftlios,
687 1624 776 1692 qui
800 1624 1035 1694 virgines
1060 1626 1399 1694 permansuri
1417 1633 1580 1680 sunt:
1612 1624 1817 1695 siquod

222 1712 337 1782 ipsa
360 1713 627 1785 perdidit,
662 1716 909 1785 acquirat
942 1716 996 1771 iu
1027 1716 1248 1783 liberis,
1302 1728 1358 1772 et
1389 1718 1648 1772 damnum
1680 1717 1818 1771 radi-

221 1805 303 1859 cis
324 1814 380 1859 et
402 1806 602 1861 cariem
629 1849 642 1872 ,
678 1808 809 1862 llore
835 1819 1156 1878 compenset
1184 1820 1237 1865 et
1266 1810 1461 1880 pontis.

1926 596 2043 651 viro
2102 596 2230 651 facit
2261 615 2274 651 :
2304 608 2509 669 quanto
2535 601 2706 671 magis
2739 602 2784 656 si
2811 601 2976 657 ditior
3005 618 3148 657 uxor
3172 601 3365 666 fuerit,
3393 614 3447 657 et
3472 606 3524 659 in

1925 688 2086 743 dotno
2117 690 2238 759 ejus
2258 692 2343 745 vir
2367 693 2664 748 manserit!
2690 693 2881 762 Incipit
2910 697 3053 751 enim
3081 712 3189 751 non
3221 712 3358 751 uxor
3385 711 3528 762 esse,

1925 782 2020 838 sed
2047 783 2313 849 domina;
2347 798 2401 839 et
2444 787 2565 840 viro
2597 787 2639 840 si
2688 786 3015 855 offenderit,
3052 788 3394 859 migrandum
3429 798 3534 843 est.

1925 875 2211 932 Stillicidia
2239 878 2471 948 ejiciunt
2500 877 2773 935 hominem
2822 881 2871 935 in
2899 882 2988 937 die
3016 882 3231 937 hiemali
3265 883 3333 937 de
3359 883 3527 937 domo

1924 985 2019 1025 sua
2047 1012 2061 1034 ,
2102 970 2361 1027 similiter
2390 983 2442 1027 et
2476 973 2671 1028 mulier
2700 975 2962 1029 maledica
3006 975 3073 1030 de
3103 977 3318 1045 propria
3361 979 3526 1030 domo

1927 1062 2049 1135 (Pr.
2076 1081 2242 1130 xxvn,
2284 1064 2392 1136 l5).
2420 1067 2669 1121 Assiduis
2698 1070 2896 1138 quippe
2923 1070 3113 1139 iurgiis
3135 1070 3523 1141 etquolidiana

1924 1156 2245 1227 garrulitate
2295 1157 2423 1213 facit
2456 1155 2480 1194 ά
2524 1162 2795 1229 perﬂuere
2841 1160 3061 1214 domum
3106 1162 3265 1229 ejus,
3296 1173 3345 1214 et
3380 1160 3527 1230 ejirit

1923 1264 2045 1304 eum
2081 1251 2149 1305 de
2179 1249 2385 1305 sedibus
2429 1252 2578 1315 suis,
2614 1252 2663 1305 id
2698 1262 2783 1307 est
2809 1292 2822 1315 ,
2872 1252 2938 1307 de
2974 1252 3238 1307 Eetlesia.
3276 1252 3427 1307 Unde
3468 1264 3524 1308 et

1924 1357 2087 1412 supra
2122 1343 2189 1396 ab
2218 1344 2409 1399 eodem
2437 1344 2731 1399 Salomone
2751 1346 3095 1416 praecipitur:
3114 1344 3245 1411 Fili,
3268 1362 3524 1413 nesuper-

1924 1436 2133 1505 efﬂuas.
2181 1435 2247 1489 Et
2285 1436 2577 1506 Apostolus
2626 1436 2690 1490 ad
2723 1437 3022 1492 Hebraeos:
3070 1436 3377 1507 Propterea,
3433 1437 3518 1489 in-

1922 1532 2061 1601 quit,
2084 1529 2325 1583 debemus
2350 1532 2611 1585 intendere
2642 1532 2869 1602 amplius
2900 1531 2981 1584 Itis
3017 1547 3131 1600 qua:
3157 1530 3424 1592 dicuntur,
3457 1547 3523 1584 ne

1921 1626 2058 1694 forte
2100 1623 2525 1693 supereﬂluamus
2572 1622 2761 1694 (Hebr.
2816 1640 2877 1689 ll,
2927 1624 3005 1693 1).
3049 1623 3183 1677 Illud
3228 1639 3357 1678 vero
3400 1624 3522 1693 quis

1926 1724 2129 1779 taceat,
2182 1715 2325 1783 quod
2364 1714 2464 1768 sub
2507 1716 2793 1783 :enigntate
2836 1715 3134 1770 scribitur?
3177 1714 3523 1787 Sanguisugw

1921 1814 2024 1860 tres
2054 1808 2179 1876 ﬁlia:
2208 1817 2357 1861 erant
2379 1807 2657 1861 dilectione
2685 1806 2907 1871 dilectae,
2934 1808 3024 1861 sed
3051 1808 3163 1861 ista:
3187 1824 3289 1861 non
3314 1820 3522 1860 satura-

291 1898 382 1953 28.
420 1898 559 1953 Vitia
595 1902 891 1955 mulierum.
930 1901 1179 1956 Diabolus
1218 1912 1266 1954 et
1295 1903 1421 1971 ﬁlice
1460 1905 1569 1973 ejus
1603 1902 1820 1954 insatia-
1851 1907 1897 1965 B
1923 1909 2104 1953 verunt
2130 1916 2265 1963 eant,
2297 1911 2342 1953 et
2364 1910 2562 1969 quarta?
2593 1917 2694 1953 non
2726 1901 2919 1969 sufﬁcit
2946 1899 3117 1954 dicere
3138 1902 3263 1955 satis
3288 1912 3359 1954 est
3388 1916 3405 1955 :
3433 1898 3524 1954 In-

219 1993 367 2047 biles.
408 1995 566 2049 Amor
608 1998 838 2051 mulieris
868 1998 995 2066 quid
1024 2013 1197 2051 secum
1233 1996 1433 2049 trahit?
1459 2026 1527 2034 —
1556 1996 1730 2065 Supra
1768 1998 1817 2048 in

219 2090 475 2156 transitu,
510 2090 600 2142 ubi
625 2090 781 2143 nobis
810 2091 1157 2144 advt'rsat-ius
1193 2102 1551 2159 proposuerat
1578 2089 1824 2143 Salomo-

216 2194 345 2234 nem
377 2180 768 2241 tnultinubum,
801 2181 894 2250 qui
919 2180 1207 2249 Templum
1230 2180 1324 2235 Dei
1352 2180 1643 2242 exstruxit,
1667 2182 1825 2232 stric-

212 2272 321 2327 tim
349 2272 741 2340 responderam
762 2313 778 2339 ,
813 2285 870 2326 ut
895 2289 989 2343 per
1016 2276 1351 2343 qumsuooes
1374 2272 1611 2341 reliquas
1640 2287 1827 2327 curre-

214 2379 361 2425 rent.
417 2363 572 2418 Nunc
617 2381 686 2420 ne
728 2365 1014 2431 clamitet,
1058 2368 1289 2421 ethunc
1335 2378 1387 2422 et
1415 2370 1555 2425 alios
1589 2370 1641 2426 in
1687 2371 1828 2442 Lege

218 2456 568 2527 patriarchas
601 2467 654 2511 et
683 2460 978 2526 prapltetas
1029 2470 1084 2513 et
1126 2469 1346 2516 sanctos
1395 2464 1547 2517 viros
1589 2479 1618 2517 a
1670 2465 1827 2520 nobis

222 2568 347 2608 esse
379 2562 697 2621 temeratos,
727 2554 751 2591 δ
775 2572 1144 2625 proponamus
1173 2559 1331 2629 hujus
1358 2563 1545 2631 ipsius,
1572 2564 1661 2634 qui
1691 2566 1833 2619 mul-

224 2656 307 2701 tas
328 2663 532 2702 uxores
554 2657 609 2701 et
634 2650 967 2704 concubinas
998 2651 1206 2717 habuit,
1234 2654 1301 2707 de
1327 2657 1538 2726 nuptiis
1577 2659 1829 2712 volunta-

227 2750 353 2795 tcm.
382 2740 552 2796 Nemo
589 2743 734 2797 enim
775 2746 973 2799 melius
1005 2748 1145 2800 scire
1189 2756 1366 2816 potest
1410 2751 1535 2819 quid
1572 2752 1642 2805 sit
1672 2768 1828 2819 uxor,

226 2834 389 2906 282
416 2835 499 2889 vel
534 2837 750 2902 mulier,
785 2838 877 2892 illo
903 2840 992 2907 qui
1029 2855 1220 2910 passus
1249 2850 1350 2896 est.
1386 2843 1651 2913 Loquitur
1695 2863 1827 2917 ergo

226 2928 281 2981 in
314 2926 622 2983 Proverbiis
654 2947 667 2982 :
699 2928 897 2984 Mulier
927 2932 1170 3003 insipiens
1195 2943 1240 2986 et
1265 2934 1464 2999 audax,
1499 2937 1647 3009 inops
1675 2940 1825 3009 panis

223 3021 454 3092 efﬁcitur
496 3020 676 3089 (Pror.
713 3038 793 3088 Ix,
834 3024 947 3092 l5).
991 3024 1155 3093 Cujus
1196 3027 1389 3095 panis?
1430 3026 1635 3098 Nempe
1680 3030 1827 3084 illius

224 3113 318 3182 qui
342 3114 409 3167 de
436 3113 579 3168 casio
611 3114 897 3168 descendit
935 3134 949 3168 :
981 3121 1274 3187 statimque
1296 3120 1572 3191 subjungit
1602 3140 1614 3176 :
1653 3121 1827 3177 Terri-

224 3228 372 3280 gemv
400 3212 543 3279 apud
573 3227 686 3264 eam
716 3221 963 3280 pereunt,
996 3224 1043 3265 et
1092 3214 1143 3266 in
1173 3215 1488 3285 profundunt
1520 3218 1710 3289 inferni
1744 3220 1826 3271 in-

1924 1998 2131 2063 fernus,
2178 2006 2223 2048 et
2254 2011 2402 2048 amor
2446 1994 2708 2058 mulieris,
2751 2005 2797 2047 et
2843 2004 2979 2048 terra
3016 2012 3131 2065 qua:
3164 2013 3265 2049 non
3306 1996 3524 2049 satiatur

1925 2104 2078 2157 aqu't,
2114 2097 2160 2140 et
2193 2088 2327 2157 ignis
2351 2099 2373 2124 ε
2403 2106 2505 2142 non
2528 2088 2656 2140 dicit
2682 2087 2808 2140 satis
2836 2098 2909 2140 est
2932 2086 3051 2158 (Pr.
3085 2103 3211 2153 xxx,
3253 2086 3363 2157 16).
3390 2085 3528 2141 San-

1927 2181 2153 2251 guisuga
2203 2182 2455 2235 diabolus
2486 2190 2605 2246 cst,
2651 2180 2851 2234 diaboli
2887 2180 3007 2235 filize
3054 2190 3181 2235 sunt
3228 2181 3527 2235 dilictionc

1929 2276 2162 2341 dilectas,
2196 2291 2316 2345 qua:
2342 2277 2525 2330 satiari
2558 2275 2968 2330 interfectorum
3003 2277 3165 2349 283
3192 2290 3387 2330 cruore
3420 2291 3525 2331 tton

1930 2378 2161 2440 possunt
2196 2386 2208 2422 :
2236 2368 2486 2436 lufernus
2505 2411 2519 2435 ,
2547 2381 2593 2424 et
2621 2386 2766 2422 amor
2795 2370 3053 2434 mulieris,
3084 2380 3130 2422 et
3167 2379 3301 2423 terra
3333 2384 3482 2423 arens
3510 2411 3524 2435 ,

1930 2470 1976 2515 et
2004 2462 2137 2530 ignis
2167 2471 2453 2525 extestuaus
2483 2461 2601 2533 (Pr.
2635 2478 2763 2525 xxx,
2798 2462 2910 2534 16).
2955 2463 3065 2517 Non
3098 2462 3185 2517 hic
3231 2463 3301 2519 de
3351 2478 3528 2517 mcre-

1932 2553 2108 2617 trice,
2156 2570 2262 2609 nou
2314 2555 2380 2609 de
2420 2556 2664 2611 adultera
2702 2556 2923 2623 dicitur,
2968 2556 3062 2611 sed
3106 2572 3260 2611 amor
3286 2557 3533 2611 mulieris

1930 2649 2262 2717 generaliter
2292 2658 2604 2714 accusatur,
2654 2650 2745 2715 qtti
2788 2666 3007 2720 semper
3060 2650 3384 2704 insatiabilis
3411 2661 3532 2713 est,

1929 2743 2020 2812 qui
2070 2742 2376 2796 exstinctus
2424 2740 2767 2801 accenditur,
2800 2752 2855 2794 et
2906 2751 3025 2811 post
3070 2740 3279 2810 copiam
3315 2756 3530 2795 rursum

1932 2835 2091 2903 inolts
2117 2846 2222 2901 est,
2257 2834 2613 2904 animumque
2647 2834 2860 2888 virilem
2895 2835 3201 2896 clfetninat,
3233 2845 3537 2904 etexccpta

1930 2928 2188 2998 passione
2236 2942 2396 2995 qnam
2430 2926 2668 2980 sustinet
2701 2968 2716 2991 ,
2770 2926 2916 2979 aliud
2970 2944 3073 2980 non
3105 2926 3521 2994 sinitcogitarc.

1929 3024 2122 3081 Simile
2167 3023 2295 3093 quid
2339 3031 2395 3077 et
2442 3025 2492 3076 in
2546 3023 2796 3092 sequenti
2833 3022 3082 3092 paraliola
3118 3023 3346 3092 legimus
3381 3038 3393 3075 :
3429 3020 3534 3075 Per

1930 3120 2029 3172 tria
2057 3127 2285 3172 movetur
2316 3129 2486 3183 terra,
2537 3129 2775 3186 quartum
2826 3130 2999 3170 autent
3036 3134 3135 3170 non
3179 3126 3344 3187 potest
3396 3119 3533 3186 ferre

1932 3210 2086 3284 [Mss.
2131 3210 2284 3283 ferri]
2316 3230 2328 3265 :
2363 3212 2407 3264 si
2448 3227 2625 3264 servus
2654 3220 2863 3281 regnet,
2898 3222 2943 3262 et
2967 3210 3152 3265 stultus
3183 3212 3226 3263 si
3266 3220 3529 3264 saturetur

219 3314 469 3358 currunt.
511 3304 615 3369 Qui
647 3312 775 3357 sunt
806 3306 1088 3374 terrigenae
1117 3309 1208 3377 qui
1242 3310 1383 3377 apud
1407 3325 1524 3364 eam
1564 3314 1826 3381 pereunt?
1855 3276 1899 3337 Ο
1934 3304 2154 3374 portibus
2180 3344 2195 3368 ,
2257 3313 2302 3357 et
2351 3302 2532 3356 odiosa
2557 3320 2686 3356 uxor
2718 3304 2761 3355 si
2808 3303 2990 3355 habeat
3015 3304 3201 3355 bonunt
3234 3302 3395 3355 virum
3430 3318 3447 3353 :
3485 3310 3535 3353 et

224 3398 433 3469 Utique
461 3398 558 3465 illi,
578 3399 669 3467 qui
694 3410 995 3469 sequuntur
1020 3402 1246 3469 primum
1268 3403 1459 3469 Adam,
1486 3405 1575 3475 qtti
1594 3405 1661 3459 de
1689 3416 1828 3460 terra

221 3506 335 3557 est,
368 3503 423 3547 et
455 3508 560 3545 non
593 3492 893 3547 secundum
920 3535 933 3555 ,
974 3493 1064 3562 qtti
1096 3495 1162 3549 de
1190 3496 1331 3551 cmlo
1377 3505 1483 3551 est.
1520 3497 1584 3550 Et
1613 3512 1825 3552 rursum

226 3586 281 3640 in
312 3584 419 3638 alio
450 3584 573 3639 loco
606 3602 618 3637 :
665 3583 815 3637 Sicut
853 3586 903 3639 in
932 3586 1073 3656 ligno
1104 3589 1315 3654 vermis,
1347 3590 1418 3642 ita
1448 3590 1619 3660 perdit
1663 3591 1827 3644 virum

226 3694 376 3731 suum
427 3694 559 3731 uxor
588 3678 823 3747 maleﬁca
855 3678 1038 3745 (Prov.
1070 3696 1194 3745 XXV,
1237 3680 1350 3749 9.0).
1382 3681 1438 3736 Si
1465 3693 1645 3737 autem
1678 3698 1828 3738 asse-

226 3774 527 3841 veraveris,
563 3771 669 3826 hoc
712 3775 783 3827 de
824 3773 983 3825 ntalis
1012 3774 1335 3843 coniugibus
1363 3774 1564 3830 dictum
1595 3791 1740 3841 esse,
1774 3785 1829 3831 et

225 3878 328 3935 ego
376 3865 471 3918 tibi
505 3864 747 3919 breviter
791 3864 1129 3933 respondcht
1161 3882 1173 3919 :
1208 3866 1338 3933 Qum
1369 3868 1515 3922 enim
1560 3868 1690 3922 mihi
1740 3867 1824 3923 in-

227 3958 432 4013 cumbit
464 3958 763 4012 necessitas
798 3958 983 4011 venire
1025 3959 1076 4011 itt
1105 3958 1345 4025 dubium,
1382 3970 1558 4013 utrum
1588 3960 1728 4015 bona
1758 3976 1824 4014 an

225 4054 369 4112 mala
402 4052 579 4106 futura
612 4056 681 4106 sit
719 4067 881 4122 quam
913 4052 1165 4107 duxero?
1210 4054 1398 4107 Melius
1446 4066 1556 4119 est,
1608 4055 1824 4123 inquit,

226 4145 458 4200 habitare
484 4147 539 4199 in
570 4157 707 4199 terra
732 4146 935 4200 deserta
954 4188 968 4211 ,
1008 4163 1161 4216 quam
1196 4164 1309 4200 cum
1342 4165 1501 4202 uxore
1525 4148 1755 4219 litigiosa
1782 4157 1827 4201 et

225 4240 481 4294 iracunda
503 4238 687 4309 (Prov.
714 4254 825 4303 xxI,
852 4239 929 4309 9).
958 4240 1128 4306 Quam
1157 4256 1338 4294 rarum
1362 4243 1433 4295 sit
1456 4256 1681 4295 uxorem
1709 4241 1830 4294 sine

228 4331 313 4387 bis
344 4332 494 4387 vitiis
516 4332 769 4395 inveniri,
807 4332 956 4385 novit
989 4332 1081 4385 ille
1106 4333 1196 4401 qui
1220 4332 1374 4387 duxit
1397 4314 1644 4386 uxorem.
1675 4331 1828 4387 Unde

226 4427 453 4497 pulchre
482 4436 504 4463 θ
534 4424 728 4480 Varius
758 4425 1021 4480 Geminus
1055 4425 1306 4479 sublimis
1334 4426 1550 4489 Orator,
1582 4425 1686 4491 Qui
1719 4442 1826 4479 non

227 4518 419 4588 litigat,
454 4518 651 4588 inquit,
690 4518 893 4573 caelebs
925 4527 1029 4572 est.
1066 4516 1257 4570 Melius
1284 4526 1359 4570 est
1388 4516 1618 4570 habitare
1638 4519 1692 4569 in
1735 4534 1829 4569 an-

226 4617 349 4686 gulo
372 4617 510 4680 tecti,
531 4632 688 4686 quam
714 4632 833 4669 cum
857 4631 1016 4669 uxore.
1041 4612 1295 4667 maledica
1316 4612 1367 4664 in
1401 4611 1553 4663 domo
1573 4613 1830 4664 communi

232 4707 412 4783 (Prov.
446 4726 573 4773 xxv.
606 4707 722 4780 24).
756 4709 812 4764 Si
847 4708 1042 4763 domus
1063 4705 1369 4762 communis
1400 4704 1579 4759 mariti
1610 4713 1665 4758 et
1693 4720 1832 4759 uxo-

300 4853 323 4881 ³
349 4843 487 4899 Tres
508 4860 668 4911 mss.,
701 4844 1077 4913 permanserint
1118 4843 1213 4910 ﬁlii
1243 4843 1296 4895 in
1319 4842 1420 4907 ﬁde
1456 4851 1504 4895 et
1535 4841 1822 4907 cltaritote,

227 4926 339 4971 etc.
375 4916 552 4971 Grzvc.
574 4957 590 4982 ,
621 4920 672 4971 ἓν
718 4919 913 4981 πίστει,
949 4932 1109 4985 quam
1142 4930 1328 4969 vocem
1364 4915 1483 4969 alia:
1510 4914 1676 4967 etiam
1709 4924 1830 4967 lex-

228 4997 319 5042 tus
350 4990 628 5043 editiones
660 4987 886 5043 habent.

301 5057 605 5126 bPlerique
654 5075 810 5122 mss.,
843 5074 1191 5129 proponamus
1238 5058 1357 5111 ltuic
1408 5057 1609 5129 ipsius,
1644 5066 1719 5121 ct,
1765 5057 1828 5108 de

224 5132 424 5200 nuptiis
455 5132 792 5199 voluptatem.

307 5214 328 5240 ο
379 5202 570 5255 Varius
621 5200 888 5255 Geminus.
922 5201 1105 5254 Altum
1140 5200 1279 5269 apud
1322 5211 1573 5255 auctores
1605 5200 1825 5253 histori-

226 5288 324 5329 cas
354 5274 634 5329 silentium
666 5275 733 5327 de
757 5273 860 5327 iSto
886 5272 1049 5325 Vario
1076 5271 1306 5327 Gemino
1329 5271 1550 5326 sublimi
1573 5270 1848 5325 Oratore.-

228 5344 406 5413 Quare
440 5360 543 5400 nec
571 5359 671 5415 ego
700 5346 843 5398 scire
876 5358 1121 5412 p05~um,
1156 5346 1278 5411 quis
1311 5345 1473 5397 fuerit
1507 5343 1700 5397 Varius
1728 5340 1831 5395 Ge-

229 5418 433 5482 minus;
467 5431 570 5471 nec
592 5417 904 5469 temeritate
931 5415 1146 5468 dit-cudi
1178 5416 1381 5481 lingere
1403 5416 1528 5467 volo
1545 5416 1828 5468 Oratm-em

227 5491 419 5543 nes:io
451 5503 611 5558 quem
641 5487 781 5558 apud
812 5484 1204 5540 Grammaticos
1229 5485 1558 5558 divinatores
1591 5484 1829 5558 fu_t_urum

230 5554 788 5627 forsitan'aliquaudo
818 5558 1257 5627 Celeberritnttm.
1291 5556 1412 5627 Fuit
1443 5570 1606 5627 porro
1631 5554 1831 5627 (Varius

230 5631 369 5685 alius
386 5641 548 5699 poeta
572 5625 833 5696 tragicus,
852 5627 1058 5697 Virgilii
1082 5639 1133 5681 et
1157 5626 1363 5681 Horatii
1390 5625 1673 5699 familiaris
1700 5642 1828 5681 :nec

234 5718 337 5754 non
353 5695 496 5757 alter
512 5695 674 5770 poeta
685 5699 843 5767 hujus
858 5695 1116 5764 nominis,
1131 5700 1283 5763 cujus
1299 5695 1823 5770 lllt‘lltlllllVlfgillllS.

234 5771 368 5827 Vide
402 5768 597 5834 llorat,
634 5772 779 5836 libat
807 5770 982 5825 Serm.
1004 5814 1018 5835 ,
1050 5770 1164 5825 Sat.
1196 5770 1264 5831 5,
1293 5779 1346 5821 et
1375 5768 1522 5821 alibi.
1560 5770 1823 5825 MAR‘I'IAN.

236 5865 304 5885 «~—
330 5844 551 5898 Variutn
574 5841 861 5897 GemihUnt
904 5838 1188 5897 sublimem
1219 5839 1503 5907 Oratorem
1540 5849 1650 5909 tam
1682 5856 1830 5909 saepe

242 5922 508 5972 memorat
548 5912 761 5969 Seneca
816 5913 866 5967 in
916 5910 1188 5966 Suasoriis
1223 5905 1271 5963 et
1304 5905 1725 5977 (Tontroversils,
1767 5905 1828 5965 ut

1930 3394 2125 3449 ancilla
2156 3396 2200 3448 si
2219 3396 2390 3464 ejiciat
2414 3396 2677 3448 dominam
2701 3412 2847 3448 suam
2872 3393 3054 3466 (Prov.
3094 3410 3225 3457 xxx,
3250 3393 3315 3448 21
3339 3398 3529 3462 seqq.).

1933 3489 2099 3553 Ecce,
2134 3497 2188 3543 et
2218 3490 2305 3543 hic
2331 3490 2473 3543 inter
2501 3489 2767 3543 malorum
2797 3488 3225 3557 nntgnitndinent
3269 3499 3405 3539 uxor
3437 3496 3532 3550 po-

1933 3585 2097 3638 nitur.
2133 3582 2286 3651 Quod
2306 3584 2353 3637 si
2383 3584 2734 3653 responderis
2758 3623 2773 3648 ,
2827 3581 2919 3636 sed
2956 3596 3091 3634 uxor
3114 3579 3325 3642 odiosa,
3354 3576 3529 3629 dicant

1934 3678 2029 3733 tibi
2071 3678 2213 3748 quod
2244 3688 2505 3747 etsupra.
2541 3676 2557 3713 ί
2602 3678 2760 3746 Atqui
2793 3676 2896 3730 hoc
2920 3676 3219 3745 periculum
3254 3674 3305 3725 in
3334 3680 3533 3724 mcmt-t

1932 3772 2051 3827 tieri
2082 3788 2246 3841 grave
2277 3782 2379 3827 est.
2412 3770 2510 3838 Qui
2533 3770 2675 3824 enim
2711 3770 2859 3823 ducit
2894 3783 3139 3828 uxorem,
3192 3766 3243 3819 in
3275 3762 3533 3831 ambiguo

1934 3874 2035 3929 est,
2064 3876 2239 3919 utrum
2267 3864 2508 3917 odiosam
2529 3903 2542 3926 ,
2569 3879 2635 3914 au
2658 3861 2944 3915 amabilem
2988 3858 3167 3913 ducat.
3199 3857 3255 3911 Si
3280 3855 3528 3909 odiosam

1934 3960 2175 4025 duxerit,
2211 3958 2339 4013 ferri
2369 3973 2475 4012 non
2508 3965 2705 4025 potest.
2741 3954 2797 4009 Si
2829 3953 3116 4007 amabilem
3144 3993 3158 4015 ,
3206 3965 3361 4004 arnor
3389 3948 3535 4003 illius

1936 4052 2171 4117 inferno,
2204 4062 2258 4107 et
2287 4053 2462 4105 arenti
2493 4059 2679 4113 terrm,
2715 4058 2769 4102 et
2792 4046 3048 4102 incendio
3080 4052 3453 4111 comparatur.

2004 4146 2095 4201 99.
2133 4145 2406 4215 Sapientia
2436 4143 2606 4195 carnis
2639 4151 2685 4194 et
2718 4141 2955 4209 Spiritus.
2992 4136 3124 4189 Boni
3167 4134 3329 4189 creati
3356 4150 3532 4185 sumus

1935 4256 1964 4292 a
1998 4237 2139 4303 Deo;
2169 4238 2292 4290 vitio
2318 4248 2495 4289 nostro
2520 4236 2672 4305 lapsi.
2705 4264 2776 4273 —
2801 4233 3097 4287 Veniamus
3129 4230 3193 4283 ad
3230 4227 3532 4283 Ecdesias-

1935 4341 2062 4395 ten,
2109 4329 2176 4383 de
2222 4331 2339 4401 ipso
2382 4344 2599 4397 quoque
2647 4341 2813 4396 pauca
2877 4324 3189 4377 testirnooia
3245 4329 3531 4389 ponentes.

1938 4422 2191 4476 Omnibus
2241 4434 2439 4495 tempus
2489 4433 2560 4473 est
2590 4463 2602 4485 ,
2646 4432 2691 4473 et
2721 4430 2921 4486 tempus
2963 4416 3102 4468 outui
3146 4415 3218 4467 rei
3252 4414 3345 4466 sub
3383 4414 3527 4467 t'tl’lu.

1933 4514 2157 4583 Tempus
2198 4514 2474 4585 pariendi,
2520 4523 2563 4564 et
2605 4522 2804 4577 tempus
2840 4506 3118 4569 moriendi,
3162 4518 3358 4577 tempus
3388 4505 3538 4576 plau-

1937 4606 2104 4670 tandi,
2132 4616 2179 4659 et
2213 4617 2412 4676 tempus
2448 4602 2699 4659 evellendi
2728 4600 2867 4671 quod
2901 4601 3193 4669 plautatum
3231 4611 3303 4655 est
3334 4598 3533 4669 (Eccle.

1942 4717 2022 4766 ιιι,
2059 4701 2081 4753 l
2110 4702 2297 4772 seqq.).
2332 4699 2655 4769 Peperitnus
2686 4697 2737 4749 itt
2770 4695 2913 4764 Lege
2942 4711 3062 4748 cum
3098 4696 3303 4767 Moyse,
3336 4695 3537 4749 moria-

1932 4838 2302 4893 Martianteum
2330 4837 2496 4891 mirer
2522 4842 2890 4894 asserentem,
2918 4835 3085 4887 altum
3114 4836 3251 4904 apud
3283 4846 3535 4890 auctores

1930 4919 1986 4965 et
2012 4908 2308 4961 historicos
2332 4909 2399 4959 de
2433 4906 2526 4959 illo
2574 4904 2850 4959 silentium
2891 4921 3033 4959 esse.
3086 4905 3257 4960 Porro
3305 4905 3536 4960 Gravius

1933 4979 2189 5034 festivum
2242 4975 2514 5042 quoddam
2547 4976 2892 5045 Epigramma
2947 4978 2997 5029 itt
3031 4978 3149 5039 ejus
3208 4979 3537 5031 sententiam

1934 5050 2115 5109 affert,
2173 5047 2339 5109 lfeus,
2366 5047 2551 5113 uiator,
2588 5044 2892 5099 miraculum
2929 5046 3012 5101 Itic
3037 5064 3055 5102 :
3083 5048 3159 5100 vir
3195 5058 3241 5100 et
3274 5062 3403 5101 uxor
3432 5063 3535 5101 non

1933 5121 2160 5231 litipant.

2060 5192 2160 5231 Mue

2058 5192 2185 5246 Mss.
2232 5201 2287 5243 ut
2342 5189 2573 5250 videtur,
2608 5189 2851 5254 rectius,
2900 5200 2953 5246 et
2998 5190 3270 5263 perpluere
3289 5199 3344 5245 et
3375 5190 3538 5261 paulo

1937 5276 2054 5333 post
2087 5264 2337 5334 perﬂuas,
2370 5274 2443 5325 et,
2476 5264 2792 5333 per/luamus
2829 5278 2927 5333 pro
2951 5266 3278 5334 super/luas,
3333 5277 3380 5317 et
3402 5306 3417 5329 ,
3453 5280 3541 5315 su-

1937 5336 2327 5405 periit/luamus.

2013 5416 2035 5443 ε
2068 5407 2257 5468 Iidem,
2296 5404 2417 5459 Non
2449 5406 2617 5460 dicent
2642 5406 2767 5459 satis
2798 5418 2907 5469 est;
2960 5407 3108 5473 juxta
3135 5407 3340 5467 Grave,
3379 5406 3436 5458 οὐ
3467 5412 3538 5476 μὴ

1936 5476 2181 5543 sinuata;
2241 5488 2376 5540 tum,
2435 5480 2725 5547 prteposila
2779 5479 2821 5530 si
2862 5479 3146 5546 particula,
3208 5494 3331 5530 cum
3366 5478 3538 5531 veteri

1937 5550 2201 5622 editione,
2226 5553 2271 5603 si
2301 5553 2637 5622 sanguisuga.

2015 5620 2034 5658 ί
2070 5622 2174 5676 Pro
2197 5622 2336 5689 atqui
2356 5619 2451 5673 hoc
2482 5619 2765 5690 periculum
2795 5620 2845 5673 in
2874 5629 3053 5672 memet
3078 5619 3213 5687 ﬁeri,
3245 5629 3379 5681 elc.,
3406 5634 3533 5673 nos-

1938 5695 2005 5747 tri
2038 5695 2263 5747 codices
2295 5693 2527 5747 fortasse
2552 5693 2883 5747 correctoris
2919 5705 3135 5743 manom
3186 5691 3397 5755 experti
3424 5731 3439 5755 ,
3489 5701 3541 5745 at

1939 5768 2036 5819 Itoc
2081 5765 2369 5835 periculum
2409 5765 2672 5829 imminet,
2699 5763 2832 5831 ﬁeri.
2877 5760 3165 5816 Terentius
3194 5761 3247 5817 in
3285 5762 3483 5818 Andria
3519 5783 3528 5816 :

2035 5920 2095 5974 At
2121 5916 2236 5971 illul!
2267 5914 2540 5981 periculum
2565 5916 2613 5973 tu
2638 5912 2731 5969 ulla
2758 5914 2863 5971 ﬁeri
2892 5930 3038 5984 gravo
3066 5924 3159 5971 est.
