4062 6362
591 0 712 18 -Ι-Ιήῗ
693 0 702 4 1
715 0 830 22 τ-ᾞ
831 2 924 22 -ν
931 11 976 19 -

577 409 680 465 ‘23!

1837 401 1895 456 S.
1941 397 2214 458 EUSEBII
2255 391 2634 456 HlEllOSYlll

3764 397 3889 453 25?.

580 543 700 578 mur
735 523 784 575 in
811 520 1106 591 Evangelia
1137 537 1259 574 cum
1284 517 1521 575 Chrism.
1551 516 1920 572 Piaatavimus
1952 515 2004 570 In
2035 531 2170 586 nnp-
2199 517 2243 578 Α
2274 516 2530 586 loquatur
2558 525 2758 584 sponsa
2791 553 2806 578 ,
2849 519 3142 584 antequam
3195 525 3427 580 Spl‘nSllS
3456 513 3573 583 ejus
3599 510 3665 567 ad
3700 517 3886 569 terras

574 617 684 678 liis,
716 615 1015 670 evellamus
1048 630 1144 684 per
1183 613 1494 684 pudicitiam
1523 612 1667 682 quod
1709 611 2012 680 plautatum
2063 613 2166 664 est.

577 706 798 778 Tempus
825 707 1177 776 ainplexaudi,
1204 716 1253 760 et
1277 718 1472 777 tempus
1499 705 1651 776 longe
1671 704 1783 772 ﬁeri
1812 703 1874 756 ab
1905 701 2168 771 amplexu.

573 797 796 870 Temims
834 800 1065 860 amandi,
1100 807 1146 851 et
1178 809 1376 866 tempus
1405 797 1637 850 odiendi.
1673 794 1895 867 Tempus
1938 795 2093 860 belli,
2128 803 2174 850 et

575 901 776 960 tempus
820 891 984 959 pacis.
1033 888 1316 960 Simulque
1354 901 1451 942 nos
1481 894 1828 950 commonet,
1869 902 1936 942 ne
1973 887 2170 958 Legem

579 983 874 1053 Evangelia
915 982 1298 1053 praeferamus;
1334 997 1435 1036 nec
1481 983 1774 1051 puritatem
1811 979 2168 1050 virginitatis,

578 1080 780 1148 nuptiis
808 1088 1057 1146 putemus
1075 1076 1417 1147 aequandam.
1438 1073 1662 1128 Meliora
1682 1084 1824 1140 sunt,
1850 1072 2060 1140 dicens,
2078 1087 2171 1126 no.

576 1173 784 1226 vissima
820 1173 1103 1234 sermonis,
1138 1185 1289 1235 quam
1323 1167 1529 1222 initium
1560 1171 1675 1239 ejus
1716 1163 1918 1232 (Eccle.
1955 1181 2051 1231 vn,
2089 1161 2169 1235 9).

575 1265 882 1335 Statimque
926 1263 1201 1333 subjnngit
1234 1279 1246 1315 :
1283 1259 1366 1315 Ne
1399 1261 1627 1327 dixeris,
1666 1259 1795 1333 quid
1834 1257 2031 1330 factum
2059 1268 2168 1325 est,

575 1359 696 1429 quia
735 1359 844 1412 dies
889 1359 1089 1427 priores
1132 1353 1367 1411 meliores
1400 1366 1574 1418 erant,
1608 1369 1762 1423 quam
1795 1353 1866 1406 Itl.
1905 1353 2042 1418 Quia
2070 1366 2172 1406 non

569 1451 828 1521 sapienter
876 1449 1208 1520 interrogasti
1249 1448 1314 1503 de
1357 1449 1451 1502 hoc
1500 1444 1689 1519 (Ibid,
1718 1443 1851 1516 ll):
1894 1455 1951 1501 et
1993 1441 2172 1502 reddit

574 1559 795 1598 causam
846 1555 1019 1614 quare
1056 1541 1173 1595 dies
1220 1540 1549 1612 posteriores
1588 1539 1846 1596 meliores
1875 1537 1986 1594 sint
2009 1552 2168 1609 quam

577 1638 788 1710 priores
819 1656 832 1690 :
862 1635 983 1706 quia
1012 1635 1165 1701 bona,
1200 1637 1370 1705 inquit
1394 1680 1405 1697 ,
1429 1643 1503 1689 cst
1524 1634 1780 1705 sapientia
1811 1647 1924 1687 cum
1949 1631 2172 1686 htcredl-

575 1740 693 1786 tate.
728 1728 781 1784 ln
811 1727 954 1801 Lege
975 1729 1118 1784 enim
1142 1727 1462 1798 sapientiam
1488 1727 1687 1790 carnis,
1715 1741 1862 1780 mors
1895 1725 2166 1795 sequeba—

575 1835 662 1880 tur
691 1821 946 1879 occidens
977 1842 989 1877 :
1025 1823 1076 1876 in
1109 1821 1405 1893 Evangelii)
1430 1818 1759 1890 sapientiam
1778 1819 2026 1890 spiritus,
2061 1818 2170 1872 lice-

2282 611 2486 673 veniat,
2521 608 2778 676 patiatur,
2826 601 3031 661 inferos
3071 613 3351 676 penetret,
3385 620 3448 661 ac
3481 616 3746 677 resurgat.
3781 604 3884 662 εξ.

2277 701 2591 756 militudines
2621 697 2737 754 auri
2760 701 3012 772 faciemus
3049 701 3141 755 tibi
3179 717 3294 755 cum
3321 699 3739 756 distinctionibus
3781 713 3883 756 ar-

2276 798 2434 870 genti,
2465 796 2800 865 quoadusque
2826 812 2917 848 re:
2947 795 2998 848 in
3023 796 3261 849 accubitu
3283 811 3380 848 suo
3409 805 3483 850 cst
3507 794 3682 864 (Cant.
3716 812 3754 858 t,
3783 793 3878 863 10,

2279 889 2392 961 ll).
2427 891 2730 960 Antequam
2755 897 3067 960 resurgeret
3097 891 3379 955 Do::.inus,
3432 901 3486 946 et
3517 891 3881 963 Evangelium

2276 989 2614 1048 eorusearct,
2663 997 2768 1036 non
2812 981 3047 1037 habebat
3083 993 3277 1038 aurum
3307 999 3528 1054 sponsa,
3556 984 3648 1038 Sed
3679 979 3885 1039 simili—

2278 1073 2494 1130 tudines
2520 1076 2659 1129 auri.
2706 1075 3004 1146 Argentum
3045 1083 3224 1130 antem
3257 1075 3401 1146 quod
3445 1076 3498 1129 in
3531 1077 3731 1145 nuptiis
3778 1075 3887 1130 ba-

2277 1168 2407 1222 bere
2430 1183 2487 1220 se
2512 1165 2823 1236 pollicetur,
2857 1163 3089 1221 habebat
3118 1167 3326 1221 varium
3356 1177 3518 1238 atque
3547 1167 3881 1223 distinctum

2277 1261 2329 1315 in
2362 1259 2563 1321 viduis,
2597 1258 3028 1326 continentibus,
3059 1273 3123 1314 ac
3155 1259 3443 1314 maritalis.
3475 1259 3679 1315 Deinde
3706 1271 3884 1330 spon-

2277 1367 2370 1408 sus
2399 1352 2696 1419 reSpOndet
2724 1353 2789 1406 ad
2823 1363 3103 1422 Sponsam,
3129 1361 3184 1407 et
3212 1365 3331 1408 eam
3360 1352 3551 1418 docet,
3585 1352 3728 1423 quod
3777 1367 3884 1407 ve-

2279 1445 2409 1501 teris
2459 1443 2619 1516 Legis
2660 1445 2848 1500 umbra
2881 1445 3205 1513 transierit,
3240 1453 3296 1500 et
3344 1445 3544 1500 veritas
3591 1442 3882 1516 Evangelii

2275 1540 2508 1594 venerit.
2555 1537 2717 1611 285
2753 1537 2939 1609 Surge,
2967 1538 3114 1604 veni,
3145 1536 3384 1610 proxima
3428 1553 3578 1601 mea,
3617 1548 3637 1575 ε
3681 1547 3882 1607 sponsa

2274 1647 2423 1697 mea,
2476 1633 2722 1702 quoniam
2766 1645 2880 1686 ecce
2924 1631 3086 1685 hiems
3118 1631 3353 1695 transiit,
3398 1632 3573 1699 pluvia
3601 1627 3726 1684 abiit
3775 1629 3883 1685 sibi

2276 1723 2464 1792 (Cant.
2516 1739 2582 1790 n,
2645 1723 2772 1794 10).
2811 1724 2926 1779 Hoc
2967 1724 3034 1780 de
3080 1725 3253 1780 veteri
3313 1723 3681 1779 Testamento.
3731 1721 3882 1777 Rur-

2273 1837 2391 1875 sum
2435 1820 2501 1876 de
2543 1821 2836 1890 Evangelii)
2862 1829 2915 1874 et
2939 1819 3270 1889 virginitate.
3302 1815 3488 1873 Flores
3539 1819 3634 1872 visi
3663 1825 3782 1872 sunt
3819 1818 3880 1873 in

575 1915 781 1974 reditas
831 1926 1110 1990 exspectat
1163 1926 1392 1972 aalerna.
1452 1909 1587 1968 Ecce
1641 1913 1737 1968 hoc
1777 1913 1980 1980 inveni,
2036 1911 2170 1967 dicit
2200 1921 2244 1984 Β
2275 1924 2434 1980 terra,
2467 1921 2667 1984 tempus
2689 1914 2929 1968 sectionis
2967 1912 3176 1966 advertit
3202 1911 3390 1984 (Ibid.,
3424 1911 3532 1984 l2).
3560 1911 3750 1968 Nonne
3775 1910 3880 1969 tibi

577 2009 944 2066 Ecclesiastes
963 2053 977 2075 ,
1004 2011 1260 2064 hominem
1295 2025 1454 2064 unum
1482 2009 1544 2062 de
1569 2006 1711 2062 mille
1735 2009 1933 2074 inveni,
1975 2017 2022 2062 et
2059 2020 2170 2061 mtt-

574 2105 749 2160 lierem
777 2106 830 2159 in
860 2107 939 2159 Itis
970 2104 1204 2159 omnibus
1231 2122 1332 2158 non
1355 2104 1546 2157 inveni.
1582 2100 1946 2156 Verumtamen
1977 2101 2169 2173 reperi,

568 2199 705 2269 quod
725 2199 845 2265 fecit
861 2198 996 2253 Deus
1009 2196 1175 2272 284
1185 2196 1444 2251 hominem
1461 2207 1676 2263 rectum;
1691 2208 1738 2252 et
1753 2197 1855 2266 ipsi
1865 2197 2175 2266 qttazsicrunt

569 2295 903 2364 cagitationes
925 2291 1110 2346 malas.
1139 2292 1362 2346 licetum
1389 2292 1663 2347 hominem
1698 2291 1980 2347 invenisse
2004 2303 2063 2348 se
2085 2283 2170 2345 dl-

572 2386 668 2440 cit.
698 2383 995 2441 Considera
1027 2387 1134 2440 vim
1165 2385 1334 2441 verbi.
1370 2385 1426 2440 In
1461 2384 1776 2450 hominem,
1799 2396 1852 2441 et
1883 2386 1966 2441 vir
1996 2393 2052 2441 et
2096 2384 2175 2442 fe-

574 2479 715 2534 mina
738 2481 1054 2534 continetur
1081 2498 1093 2532 :
1126 2490 1176 2535 et
1199 2480 1487 2546 mulierem,
1515 2481 1710 2551 inquit.
1745 2482 1796 2534 in
1826 2480 1905 2534 Itis
1936 2475 2173 2535 omnibus

572 2589 674 2625 non
707 2571 895 2626 inveni.
927 2569 1196 2643 Legamus
1222 2573 1550 2643 principium
1578 2572 1854 2630 Geneseos
1878 2617 1892 2638 ,
1938 2585 1990 2627 et
2019 2574 2170 2628 inve-

572 2665 785 2720 niemus
817 2665 1013 2730 Adam,
1049 2666 1150 2721 hoc
1178 2673 1284 2732 est,
1319 2667 1630 2733 hominem,
1664 2677 1772 2722 tam
1805 2669 1978 2722 virum
2012 2679 2174 2737 quam

572 2764 596 2793 ⁸
622 2753 880 2811 ientinam
913 2760 1238 2828 nunCnpari.
1280 2759 1412 2812 Cum
1446 2772 1576 2827 ergo
1624 2759 1751 2813 honi
1799 2760 1967 2813 creati
2002 2760 2175 2812 simus

569 2858 622 2903 et
645 2849 782 2903 recti
808 2864 836 2901 a
860 2847 998 2911 Deo,
1027 2849 1129 2918 ipsi
1156 2849 1291 2904 vitio
1327 2859 1518 2905 nostro
1555 2864 1745 2904 sumus
1776 2851 1840 2904 ad
1871 2851 2059 2920 pejora
2081 2847 2175 2906 de-

575 2939 710 3008 lapsi
746 2949 838 2995 :et
866 2940 1009 3009 quod
1051 2943 1101 2995 in
1148 2941 1403 3011 paradiso
1433 2949 1640 2997 rectum
1672 2944 1722 2997 in
1763 2942 1918 2998 nobis
1954 2943 2132 2999 luerat
2157 2985 2173 3012 ,

574 3033 988 3103 egredientibus
1013 3034 1080 3089 de
1119 3034 1372 3104 paradiso
1399 3036 1756 3106 depravatum
1779 3045 1884 3092 est.
1929 3037 2083 3105 Quod
2129 3038 2173 3093 st

570 3122 862 3193 objeceris,
885 3134 1176 3195 antequam
1203 3135 1515 3195 peccarenl,
1536 3137 1727 3183 sexum
1749 3127 1848 3183 viri
1878 3135 1931 3185 et
1958 3125 2174 3184 femina:

575 3216 746 3272 fuisse
768 3217 1002 3273 divisum
1023 3262 1036 3285 ,
1067 3230 1124 3276 et
1150 3221 1356 3292 absque
1390 3234 1612 3293 peccato
1641 3237 1734 3279 eos
1764 3223 2004 3296 potuisse
2043 3237 2176 3281 eon-

2277 2009 2492 2064 videtur
2517 2004 2753 2077 idipsntn
2782 2002 2986 2072 dicere,
3015 2005 3160 2076 quod
3183 2015 3238 2061 et
3265 2005 3593 2074 Apostolus:
3621 2004 3881 2074 Superest

2276 2111 2331 2155 ut
2367 2109 2415 2154 et
2459 2103 2547 2171 qui
2577 2099 2762 2154 habent
2803 2111 3026 2163 uxores,
3067 2098 3144 2152 sic
3192 2097 3294 2151 sint
3330 2097 3479 2167 quasi
3514 2111 3616 2151 non
3651 2095 3878 2151 habeant

2275 2191 2321 2262 (ι
2349 2190 2471 2247 Cor.
2505 2205 2604 2257 vn,
2633 2190 2769 2258 29;?
2794 2189 2859 2245 Et
2888 2190 3229 2246 manifestius
3258 2188 3325 2245 de
3359 2189 3634 2260 praeconio
3655 2189 3881 2244 castita-

2278 2285 2344 2342 tis
2376 2308 2389 2342 :
2429 2281 2562 2349 Vox,
2597 2285 2790 2354 inquit,
2827 2286 3044 2339 turturis
3083 2285 3265 2338 audita
3303 2293 3378 2339 est
3418 2285 3472 2338 in
3521 2293 3658 2337 terra
3697 2289 3879 2337 nostra

2277 2377 2450 2452 (Cant.
2489 2396 2548 2448 tt,
2581 2379 2690 2450 12).
2727 2378 2929 2434 'l‘urtnr
2956 2379 3076 2434 avis
3108 2377 3480 2448 pudicissima,
3513 2391 3730 2449 semper
3778 2377 3880 2433 ba-

2277 2471 2455 2528 bitans
2484 2473 2536 2526 in
2572 2473 2920 2534 sublimibus,
2957 2481 3115 2542 typus
3139 2479 3224 2526 est
3252 2471 3577 2527 Salvatoris.
3604 2471 3877 2541 Legamus

2278 2565 2627 2638 pltysiologos
2651 2565 2812 2638 (l'ide
2839 2565 2982 2618 Plin.
3011 2564 3101 2618 tib.
3126 2579 3179 2627 x,
3214 2581 3260 2618 c.
3295 2563 3410 2635 54),
3431 2573 3485 2620 et
3508 2565 3872 2633 reperiemus,

2279 2659 2509 2714 turturis
2533 2660 2672 2714 hanc
2701 2674 2822 2714 esse
2851 2667 3132 2722 naturam,
3169 2667 3225 2710 ttt
3248 2660 3290 2711 si
3323 2669 3506 2726 parem
3539 2654 3874 2725 perdiderit,

2276 2755 2434 2809 alteri
2470 2767 2574 2807 non
2605 2753 2896 2823 jungatur;
2930 2749 3876 2821 etinteltigemusdigamiametiam

2277 2861 2306 2899 a
2338 2845 2364 2884 ἀ
2395 2847 2557 2900 mutis
2588 2847 2784 2901 avibus
2829 2847 3130 2916 rept-obari.
3164 2845 3472 2914 Statimque
3514 2851 3692 2898 turtur
3741 2837 3876 2898 dicit

2277 2941 2344 2994 ad
2390 2945 2652 2995 turturem
2688 2936 2889 2993 :Ficus
2920 2939 3134 3010 protulit
3164 2950 3371 3008 grassos
3420 2947 3542 2991 suos
3600 2935 3774 3007 (Cant.
3808 2943 3872 3002 tt,

2279 3033 2392 3104 l3),
2421 3033 2472 3087 id
2498 3043 2605 3099 est,
2638 3033 2838 3088 veteris
2869 3031 3026 3103 Legis
3053 3041 3322 3100 pra-Cepta
3351 3030 3690 3093 ceciderunt,
3720 3035 3773 3082 et
3800 3023 3872 3084 de

2284 3125 2583 3198 Evangelia
2613 3127 2750 3180 vites
2788 3124 3047 3180 ﬂorentes
3077 3123 3338 3177 dederunt
3364 3123 3610 3176 odorem.
3640 3118 3792 3176 Unde
3815 3126 3875 3176 et

2279 3215 2572 3292 Apostolus
2603 3219 2834 3274 :Cltristi
2865 3219 3027 3272 bonus
3049 3219 3178 3272 odor
3202 3229 3379 3269 sumus
3405 3214 3472 3287 (ll
3503 3213 3627 3268 Cor.
3659 3227 3718 3275 n.
3755 3212 3870 3285 l5).

565 3312 737 3383 iungi.
764 3311 905 3381 Quid
934 3313 1172 3370 futurum
1196 3314 1357 3372 fuerit
1381 3317 1648 3373 incertum
1676 3329 1780 3375 est.
1808 3316 1995 3390 Neque
2023 3319 2166 3376 enim
2198 3321 2242 3382 C
2276 3313 2467 3387 Surge,
2501 3313 2637 3377 veni,
2659 3312 2895 3383 proxima
2923 3325 3056 3375 utea,
3077 3323 3268 3380 sponsa
3294 3321 3428 3372 utea,
3447 3317 3496 3360 et
3522 3309 3654 3360 veni.
3687 3305 3763 3359 Tu
3784 3319 3876 3360 co.

577 3405 670 3460 llei
719 3420 1004 3476 possumus
1037 3411 1178 3464 seire
1211 3408 1416 3480 judicia
1438 3453 1453 3477 ,
1479 3421 1533 3466 et
1569 3426 1638 3466 ex
1687 3417 1880 3467 nostro
1906 3409 2166 3480 arbitrio,

572 3499 715 3555 illius
748 3503 1036 3557 sententiae
1069 3503 1448 3574 przejudicare.
1491 3503 1603 3561 lloc
1627 3506 1769 3576 quod
1819 3505 2018 3564 factum
2050 3514 2168 3574 est,

571 3593 622 3645 in
650 3593 936 3661 propatulo
965 3602 1068 3657 est,
1100 3593 1244 3664 quod
1277 3597 1366 3663 qui
1396 3598 1448 3651 in
1495 3596 1750 3668 paradiso
1783 3600 2022 3670 virgines
2047 3613 2172 3671 per-

573 3693 930 3752 tnan~erttnt,
979 3685 1140 3755 eji-eti
1187 3688 1254 3742 de
1301 3690 1557 3758 paradiso
1600 3691 1837 3761 copulati
1870 3699 2014 3747 sunt.
2065 3691 2173 3749 Aut

573 3775 698 3846 quid
725 3775 977 3845 nocebat,
1013 3779 1056 3834 si
1094 3780 1378 3850 paradisus
1416 3785 1633 3852 nuptias
1666 3784 1894 3856 recipit,
1937 3797 1992 3842 et
2022 3785 2170 3842 nulla

575 3879 659 3924 est
683 3870 821 3926 inter
852 3868 879 3910 ι’
911 3872 1219 3927 maritatam
1246 3873 1621 3946 virginemque
1648 3877 1937 3932 diversitas
1959 3921 1973 3945 ,
2007 3879 2171 3934 etiam

577 3962 629 4016 in
661 3965 912 4032 paradiso
934 3982 1029 4022 eos
1052 3974 1176 4022 ante
1204 3969 1442 4024 sociati?
1468 3969 1774 4041 Ejiciuntnr
1798 3973 1866 4028 de
1887 3969 2165 4043 paradiso:

573 4058 789 4126 etquod
822 4058 897 4114 ibi
929 4077 1035 4114 non
1067 4059 1342 4130 fecerunt,
1378 4064 1428 4118 in
1462 4072 1603 4120 terra
1637 4065 1868 4130 iaciunt,
1901 4069 1957 4121 ttt
1985 4067 2166 4124 statim

573 4168 602 4206 a
635 4153 900 4224 principio
940 4155 1274 4211 conditionis
1301 4155 1586 4224 bumanm,
1617 4161 1983 4230 virginitatetn
2012 4176 2170 4232 para-

573 4241 744 4308 disus,
779 4257 832 4300 et
866 4256 1014 4302 terra
1045 4251 1262 4319 nuptias
1291 4247 1651 4307 dedieaveril.
1684 4250 1748 4307 In
1772 4253 1912 4308 ataui
1941 4265 2169 4322 tempore

573 4337 673 4390 sint
698 4339 995 4394 vestimenta
1024 4351 1109 4396 tua
1132 4344 1357 4398 candida
1387 4342 1556 4419 (Eccl.
1584 4363 1658 4410 Ix,
1693 4347 1773 4418 8).
1799 4344 2016 4404 Candor
2040 4366 2162 4408 ves-

572 4428 704 4484 litun
731 4433 1127 4502 sempiternus,
1163 4434 1493 4505 virginitatis
1525 4447 1609 4492 est
1648 4440 1871 4508 purilas.
1900 4437 1955 4494 in
1985 4450 2165 4498 matu-

573 4519 686 4576 tino
717 4527 1104 4584 seminavimus
1151 4546 1336 4586 semen
1381 4543 1628 4587 nostrum
1657 4575 1670 4598 ,
1697 4539 1751 4588 et
1780 4531 1846 4588 ad
1881 4549 2163 4606 vesperam

574 4629 680 4668 non
711 4631 1008 4674 cessemus.
1035 4622 1136 4690 Qui
1162 4623 1486 4679 servivimns
1515 4625 1567 4681 in
1599 4621 1743 4698 Lege
1775 4628 1979 4698 nuptiis
2005 4669 2019 4695 ,
2048 4628 2158 4686 vir-

574 4705 780 4775 ginitati
809 4711 859 4764 itt
894 4709 1190 4786 Evangelio
1221 4717 1544 4773 serviamus.

639 4800 729 4856 50.
790 4801 1054 4860 Canticum
1104 4810 1422 4864 canticorum
1486 4828 1590 4865 non
1633 4813 1894 4883 signiﬁcat
1938 4831 2165 4871 antorem

570 4893 760 4948 carnis.
791 4923 863 4936 —
891 4896 1133 4955 Transeo
1165 4903 1231 4956 ad
1258 4905 1536 4959 Canticum
1560 4907 1918 4974 canticorum,
1944 4920 1996 4964 et
2017 4907 2162 4980 quod

569 4987 912 5045 adversarius
947 5000 1116 5048 totum
1141 5005 1433 5066 putatesse
1466 5013 1564 5070 pro
1611 4999 1836 5072 nuptiis,
1872 5001 2157 5073 virginita-

569 5079 634 5134 tis
651 5082 932 5137 continere
950 5098 1286 5143 sacramenta
1317 5095 1652 5148 monstrabo.
1697 5095 1998 5152 Audiamus
2017 5095 2148 5167 quid

639 5300 664 5328 α
689 5291 1054 5376 Reposnimus
1086 5311 1117 5351 e
1143 5311 1273 5350 mss.
1317 5308 1369 5354 et
1402 5301 1568 5356 veteri
1614 5302 1858 5361 editione
1911 5306 2156 5376 fentinam

566 5379 664 5434 pro
694 5363 983 5419 mulierem.

636 5434 662 5473 δ
684 5436 882 5514 ludent.
912 5440 1083 5514 veleri
1115 5455 1331 5514 quoque
1371 5443 1611 5502 editione
1643 5447 2000 5514 assentiente,
2029 5449 2160 5506 inter

565 5508 811 5580 virginem
839 5508 1180 5581 maritumque
1209 5513 1499 5572 diversitas.

636 5591 657 5618 ε
694 5582 1091 5636 llnt'susiidetn
1136 5598 1265 5659 mss.
1294 5589 1530 5659 speciosa
1578 5605 1713 5653 mea,
1740 5585 1978 5644 columba
2022 5607 2152 5659 mea,

561 5661 692 5728 etc;
725 5665 1050 5706 constanter
1095 5657 1260 5728 etiam
1293 5657 1454 5722 inira,
1508 5659 1668 5728 idque
1704 5659 1858 5727 juxta
1907 5657 2154 5717 (inuento

563 5723 843 5802 salapiae,
873 5737 938 5776 es
971 5741 1078 5802 qtto
1123 5725 1312 5780 itidem
1357 5729 1437 5782 bis
1469 5723 1720 5799 repetunt
1763 5744 1952 5784 vocent
2008 5731 2154 5802 abiit,

566 5787 801 5868 adid",
817 5795 1079 5868 ἐπορεύθη.

639 5859 676 5946 ιι.
699 5859 998 5946 Perperaut
1021 5870 1460 5946 ltactentts_cdit.,
1481 5873 1660 5930 multis
1689 5887 1788 5946 pt‘o
1810 5873 1987 5938 mutis,
2016 5877 2158 5946 quod

587 5949 634 5986 ,ι
663 5931 885 6005 ingenio
911 5941 1070 5990 antea
1099 5931 1536 6016 emendaveram,
1560 5931 1705 6004 nunc
1729 5931 2062 6005 Veronensis
2093 5931 2156 6009 li:

2275 3406 2448 3461 tumba
2475 3421 2588 3458 mea
2619 3407 2671 3458 in
2729 3402 3014 3457 velamento
3060 3410 3222 3472 petra:
3254 3402 3414 3470 jua'ta
3461 3397 3790 3467 pronturale,
3823 3406 3875 3452 et

2273 3500 2487 3558 ostende
2513 3496 2638 3551 mihi
2661 3497 2848 3569 facient
2881 3506 3052 3562 tuam,
3083 3504 3133 3548 et
3157 3492 3391 3546 auditam
3417 3496 3503 3564 fac
3541 3489 3667 3543 mihi
3696 3504 3871 3543 vocem

2275 3603 2436 3660 tuam,
2468 3595 2714 3664 quoniam
2739 3605 2837 3646 vox
2877 3597 2966 3647 tua
2997 3591 3169 3644 suavis
3189 3631 3204 3657 ,
3228 3598 3276 3643 et
3311 3589 3474 3660 facies
3505 3597 3593 3640 tua
3640 3585 3869 3656 speciosa

2275 3688 2447 3761 (Cant.
2482 3699 2542 3756 tt,
2587 3687 2686 3753 15,
2722 3683 2830 3756 id).
2865 3685 2997 3738 Dum
3041 3685 3246 3739 vultutn
3289 3693 3439 3737 tuum
3492 3690 3705 3751 tegetes
3742 3691 3866 3733 cum

2274 3781 2491 3854 Moyse,
2524 3787 2579 3838 et
2627 3779 2994 3837 velamentum
3041 3788 3187 3835 esset
3229 3779 3280 3832 in
3312 3777 3490 3847 Lege,
3527 3791 3625 3830 nec
3677 3774 3866 3828 faciem

2274 3886 2418 3936 tuam
2453 3877 2728 3945 videbant,
2785 3893 2885 3933 nec
2929 3890 3116 3931 vocem
3150 3884 3295 3930 tuatn
3336 3873 3604 3944 dignabar
3640 3869 3866 3937 audito,

2272 3973 2460 4031 dicens
2494 3991 2507 4028 :
2553 3969 2618 4028 Et
2656 3975 2702 4027 si
2737 3971 3201 4045 multiplicaveritis
3245 3985 3417 4038 preces
3454 3976 3643 4022 vestras
3683 3957 3867 4038 [Forte

2273 4075 2486 4136 precem
2503 4065 2784 4140 vestram],
2812 4083 2900 4119 nec
2920 4066 2992 4118 sic
3009 4063 3285 4118 exaudiam
3303 4075 3387 4115 vos
3411 4059 3628 4130 (Jerem.
3654 4073 3727 4120 ιι,
3748 4053 3863 4127 ll).

2271 4160 2428 4218 Nunc
2479 4169 2659 4217 autem
2713 4161 2954 4216 revelata
3002 4158 3140 4214 facie
3203 4156 3581 4224 contemplare
3640 4151 3868 4223 gloriam

2273 4269 2468 4320 tneatn,
2505 4257 2560 4309 et
2587 4265 2752 4322 petra:
2790 4253 3116 4308 tlrtnissinue
3146 4259 3332 4321 tegere
3364 4244 3683 4319 pronntrali.
3709 4238 3864 4308 Quod

2269 4348 2498 4405 audiens
2529 4361 2725 4418 sponsa
2775 4347 2950 4418 aperit
2997 4355 3336 4402 sacramenta
3379 4341 3652 4414 pudicitia-
3678 4355 3688 4390 :
3719 4333 3865 4390 Fra-

2270 4443 2449 4497 truelis
2503 4457 2645 4496 meus
2689 4441 2813 4496 ntiiti
2833 4484 2848 4509 ,
2892 4451 2941 4496 et
2982 4457 3074 4512 ego
3102 4440 3182 4493 illi
3209 4438 3296 4509 qui
3326 4445 3349 4473 ο
3378 4437 3539 4506 pascit
3586 4435 3721 4486 inter
3750 4429 3866 4488 tttta

2268 4533 2440 4609 (Cant.
2473 4551 2532 4603 tt,
2568 4535 2678 4608 16),
2702 4536 2803 4592 hoc
2825 4541 2932 4602 est,
2965 4536 3109 4589 inter
3141 4530 3408 4602 virginum
3440 4526 3862 4582 candidissimos

2268 4631 2488 4685 choros.
2526 4628 2616 4684 Vis
2649 4630 2826 4696 scire,
2880 4628 3042 4698 quale
3089 4639 3253 4681 verus
3295 4623 3554 4678 Salomon
3604 4618 3860 4690 paciﬁcus

2192 4714 2245 4775 D
2272 4731 2457 4777 noster
2483 4721 2702 4787 solium,
2727 4723 2914 4793 quales
2948 4721 3144 4774 habeat
3166 4714 3508 4786 armigerae?
3557 4711 3715 4775 Ecce.
3766 4706 3859 4776 υἷι.

2271 4813 2430 4869 lectus
2481 4813 2779 4870 Salomonis
2804 4855 2820 4880 ,
2877 4813 3146 4881 sexaginta
3173 4821 3399 4869 ualentes
3428 4809 3481 4862 in
3501 4807 3722 4862 circuitu
3749 4805 3858 4870 eius

2271 4907 2335 4960 tle
2369 4907 2662 4978 potentibus
2699 4904 2896 4972 Israel,
2937 4920 3114 4957 omnes
3157 4901 3173 4940 ί
3219 4911 3445 4958 tenentes
3483 4903 3765 4972 frameam,
3812 4905 3860 4950 et

2269 5002 2402 5056 docti
2435 5001 2601 5066 bello,
2650 5002 3053 5072 uniuscujusque
3087 4998 3180 5052 viri
3211 4995 3417 5069 gladius
3467 4997 3520 5048 in
3551 4997 3745 5063 femore
3782 4992 3862 5061 ip-

2254 5097 2361 5149 sius
2394 5090 2568 5166 (Cant.
2597 5109 2678 5159 m,
2712 5095 2766 5159 7,
2789 5091 2868 5165 8).
2895 5091 3000 5161 Qui
3029 5092 3079 5147 in
3107 5091 3339 5147 circuitu
3371 5087 3680 5144 Salomonis
3709 5093 3860 5154 Sunt,

2239 5285 2341 5360 ibri
2370 5299 2703 5358 auctoritate
2741 5298 3031 5368 conﬁrmo,
3081 5308 3134 5354 et
3165 5295 3366 5354 Gravio
3419 5295 3582 5352 etiam
3645 5297 3861 5366 probari

2260 5371 2556 5502 νιιὲἒθῗίεξιιιε
2613 5441 3120 5514 editio,_pascitur;
3175 5436 3750 5514 tnoxCasrtllaleIISi‘.
3787 5437 3856 5514 vis

2259 5522 2390 5577 scire
2434 5517 2610 5590 quales
2646 5515 2779 5570 viros
2811 5507 3082 5580 Sttiomou,
3120 5522 3165 5567 et
3217 5509 3459 5586 paciﬁcus
3495 5517 3667 5564 noster
3704 5507 3857 5581 quale

2265 5594 2767 5721 salit‘tiils‘sfiginnes.
2794 5659 3010 5730 ferentes
3041 5659 3393 5730 ft'arueattt,_e_t
3421 5651 3562 5730 docti
3588 5645 3719 5730 bello
3741 5652 3854 5730 uiri,

2265 5731 2473 5810 gladius
2525 5731 2579 5785 in
2610 5721 2814 5810 femore
2863 5733 2999 5803 ejus,
3041 5721 3221 5810 insta
3257 5721 3419 5807 LXX.
3473 5721 3856 5810 Craviqsilegi

2264 5797 2489 5860 omnino
2534 5797 2672 5870 vult,
2705 5800 2810 5870 vir,
2840 5797 3077 5873 eumque
3129 5797 3506 5858 llebraismutn
3549 5807 3671 5852 esse
3723 5809 3854 5850 con~

2267 5875 2461 5938 tendit.
