4062 6404
524 10 755 27 σ-ὸρ-
688 10 703 11 7
760 10 907 30 7—,..—

496 374 603 431 255

1735 378 1792 435 S.
1836 378 2111 436 EUSEBII
2151 380 2533 441 HlERONYMI
3692 396 3803 449 256

496 496 678 565 dirigis
705 498 837 548 viam
859 510 1029 549 meam
1056 511 1147 564 per
1173 511 1328 567 quam
1357 510 1450 565 ego
1481 494 1746 567 ingredior
1766 537 1781 563 ,
1831 512 1947 550 ecce
1977 496 2101 550 dum
2126 513 2177 573 Α
2206 506 2304 552 eta
2329 500 2628 556 victoribus
2648 503 2858 573 accepit
2881 504 3172 572 stipendia,
3214 513 3271 561 et
3298 505 3682 575 Nabuzardan,
3714 509 3807 564 cui

492 596 675 642 uetera
729 604 885 658 super
917 593 1113 660 fontem
1160 604 1326 659 aqum,
1361 588 1503 661 virgo
1544 605 1658 659 qua!
1704 590 2015 663 egredietur,
2047 598 2101 641 ut

494 680 704 735 hauriat
732 697 943 753 aquam,
976 693 1023 737 et
1050 684 1232 737 dixero
1258 683 1326 735 ad
1369 699 1479 735 eam
1506 699 1523 735 :
1558 680 1639 736 Da
1670 682 1798 736 mihi
1828 682 2103 752 paululum

494 790 669 844 aqum,
708 784 761 829 ut
799 776 967 830 bibam
995 777 1059 830 de
1084 774 1275 846 hydria
1307 785 1428 841 tua;
1474 783 1522 829 et
1572 775 1915 844 respoudcrit,
1957 784 2005 830 et
2050 785 2103 829 tu

498 868 633 935 bibe,
682 878 727 921 et
759 869 971 923 camelis
1004 869 1105 921 tuis
1152 868 1431 921 hauriam:
1461 867 1571 921 haec
1614 869 1711 921 erit
1741 882 1895 930 uxor,
1948 885 2103 939 quam

492 963 810 1035 praeparavit
840 960 1095 1016 Dominus
1127 963 1237 1032 ﬁlio
1268 962 1465 1015 domini
1480 963 1580 1016 mei
1604 961 1815 1035 (Cenes.
1851 978 2003 1027 xxrv,
2036 964 2106 1017 42

497 1055 694 1126 seqq.).
724 1054 780 1110 ln
806 1071 871 1109 eo
904 1057 1049 1110 enim
1075 1055 1218 1121 luco,
1264 1056 1316 1109 in
1339 1070 1449 1126 quo
1485 1056 1559 1108 ait
1594 1073 1607 1109 :
1644 1054 1805 1126 Virgo
1826 1072 1941 1127 qua:
1967 1072 2108 1126 egre-

497 1146 690 1213 dietur,
735 1158 789 1201 ut
830 1147 1037 1203 hauriat
1078 1164 1285 1217 aqmnn.
1311 1147 1367 1202 In
1397 1147 1666 1202 llebraico
1710 1148 1973 1218 scriptum
2024 1157 2110 1203 est

500 1258 674 1310 ALIA,
706 1242 759 1299 id
785 1252 890 1310 est,
926 1244 1067 1314 virgo
1107 1254 1321 1308 secreta,
1373 1253 1429 1299 et
1478 1243 1643 1298 nimia
1677 1251 1962 1313 parentum
1986 1241 2111 1297 dili-

499 1335 684 1405 gentia
713 1335 1007 1391 custodita.
1037 1336 1142 1391 Aut
1172 1347 1322 1389 certe
1354 1336 1650 1390 ostendant
1689 1336 1822 1390 mihi
1867 1335 1958 1389 ubi
2006 1335 2111 1389 hoc

414 1457 419 1461 ι
501 1430 669 1484 verbo
699 1431 1041 1500 appellentur
1067 1441 1121 1485 et
1165 1438 1367 1500 nuptze,
1401 1440 1458 1485 et
1508 1432 1835 1501 imperitiam
1872 1431 2110 1485 confite-

500 1524 623 1579 bor.
658 1521 793 1577 Ecce
813 1526 955 1596 virgo
977 1524 1030 1578 in
1055 1534 1198 1579 utero
1230 1524 1502 1595 concipiet,
1536 1534 1586 1579 et
1615 1528 1781 1595 pariet
1826 1524 2016 1593 filium.
2054 1523 2109 1579 Si

504 1630 615 1671 non
663 1614 951 1686 praefertur
1000 1617 1204 1687 nuptiis
1235 1617 1552 1687 virginitas,
1582 1618 1819 1688 Spiritus
1865 1628 2110 1680 sanctus,

506 1724 604 1766 cur
632 1711 965 1776 maritatam,
997 1727 1095 1765 cur
1128 1711 1345 1767 viduam
1403 1729 1511 1766 non
1564 1711 1782 1783 elegit?
1839 1711 1975 1766 Nam
2019 1713 2113 1767 illo

502 1813 757 1875 tempore
787 1812 906 1859 erat
961 1806 1113 1860 Anna
1160 1804 1723 1875 lilia,Phanuelis;de
1764 1806 1907 1860 tribu
1952 1806 2109 1871 Aser,

2204 588 2272 643 de
2304 590 2520 646 Sanctis
2568 605 2881 649 sanctorum
2929 593 3441 652 Nabuchodonosor
3463 616 3569 653 non
3603 615 3809 671 praece‘

2207 693 2379 753 perat,
2406 687 2665 756 percepit
2690 687 2759 743 de
2788 686 3050 743 Jeretnia.
3092 689 3205 746 lloc
3228 693 3370 747 enim
3397 709 3584 748 verum
3632 695 3807 750 Tem-

2207 776 2351 845 plum
2390 778 2480 831 Dei
2506 788 2612 843 est,
2654 788 2708 832 et
2731 779 2847 834 lucc
2875 779 3071 835 Sancta
3104 791 3439 849 sanctorum,
3470 802 3591 855 quae
3632 785 3808 857 virgi-

2208 868 2396 921 nitatis
2425 870 2656 937 puritate
2687 870 2918 927 Domino
2940 886 3349 930 consecrantur.
3386 882 3453 933 At
3478 880 3809 935 econtrario

2208 962 2459 1016 Ezechiel
2514 964 2603 1033 qui
2635 966 2878 1033 captivus
2912 967 3200 1023 tenebatur
3250 970 3305 1024 in
3361 969 3656 1042 Babylone,
3709 973 3814 1043 qui

2210 1063 2586 1124 tempestatem
2609 1057 2678 1111 ab
2705 1057 2973 1130 Aquilone
3004 1062 3312 1118 venientem
3349 1064 3578 1133 viderat,
3609 1076 3663 1121 et
3692 1080 3820 1122 tur-

2210 1146 2393 1201 binem
2440 1159 2635 1204 cuncta
2667 1152 2989 1221 rapientem,
3038 1154 3116 1209 ait
3146 1173 3158 1208 :
3193 1154 3405 1210 Mortua
3432 1167 3507 1211 est
3536 1174 3667 1211 uxor
3698 1175 3820 1213 mea

2209 1240 2279 1292 ad
2300 1257 2583 1309 vesperam,
2617 1255 2664 1297 et
2686 1245 2787 1313 feci
2814 1262 2966 1300 mane
2994 1246 3127 1299 sicut
3159 1259 3477 1320 praeceptum
3524 1252 3651 1304 milii
3676 1262 3814 1306 erat.

2212 1333 2428 1406 (Ezecli.
2463 1337 2632 1408 xxiv).
2660 1338 2999 1395 Przedixerat
3022 1341 3163 1396 enim
3191 1343 3241 1397 ei
3274 1342 3556 1410 Dominus,
3580 1347 3725 1415 quod
3762 1347 3820 1401 in

2214 1428 2299 1480 die
2332 1428 2419 1481 illa
2452 1432 2760 1498 aperiretur
2790 1448 2851 1485 os
2883 1432 3024 1502 ejus,
3049 1445 3105 1489 et
3136 1433 3470 1505 loqueretur,
3518 1447 3569 1492 et
3602 1453 3706 1492 non
3735 1449 3824 1493 ta-

2214 1528 2365 1574 ceret
2383 1521 2635 1590 amplius.
2660 1524 2959 1595 Diligenter
2987 1504 3229 1592 attende,
3249 1528 3423 1583 donec
3448 1545 3583 1584 uxor
3614 1531 3825 1587 viveret

2216 1626 2321 1666 non
2356 1611 2591 1669 habebat
2626 1616 2933 1673 libertatem
2962 1621 3219 1689 populant
3268 1624 3670 1679 commonendi.
3702 1624 3821 1680 Mo-

2217 1708 2357 1764 ritur
2408 1725 2571 1775 uxor,
2601 1720 2659 1766 et
2687 1713 2975 1784 conjugale
3008 1714 3283 1770 vinculum
3317 1717 3578 1779 solvitur,
3607 1726 3662 1772 et
3692 1719 3824 1775 abs-

2215 1817 2320 1872 que
2348 1803 2460 1857 ulla
2490 1805 2857 1876 trepidatione
2903 1824 3121 1879 semper
3154 1812 3206 1863 in
3268 1809 3450 1865 ofﬁcio
3505 1810 3823 1883 PrOphetali

504 1895 733 1966 insignis
783 1896 1085 1963 pudicitia,
1115 1906 1169 1951 et
1194 1912 1414 1967 semper
1444 1912 1645 1952 vacans
1693 1898 2031 1951 orationibus
2059 1907 2113 1953 et
2145 1908 2193 1968 Β
2219 1906 2324 1949 cst.
2373 1894 2477 1963 Qui
2521 1898 2663 1952 enim
2712 1898 2851 1953 liber
2897 1907 3120 1954 vocatus
3176 1908 3282 1968 est,
3336 1917 3465 1957 vere
3504 1914 3589 1957 cst
3627 1919 3826 1959 servus

501 1988 732 2061 jejuniis
781 1990 835 2045 in
887 1991 1095 2059 templo
1136 1991 1249 2046 Dei.
1296 1990 1353 2045 Si
1399 1991 1745 2045 conversatio
1797 1998 2007 2045 tantum
2056 2000 2112 2046 et

506 2082 655 2140 bona
688 2098 855 2153 opera
905 2094 962 2139 et
991 2084 1195 2155 jejunio
1249 2084 1455 2155 absque
1495 2084 1842 2155 virginitate,
1876 2083 2113 2154 Spiritus

502 2176 683 2234 sancti
719 2176 786 2231 ad
817 2191 876 2231 se
911 2186 1193 2232 merentur
1224 2174 1545 2243 adventum,
1573 2175 1748 2246 pomit
1780 2183 1835 2231 et
1857 2176 1964 2230 ista
2000 2190 2114 2229 ma-

507 2276 595 2325 ter
620 2284 746 2325 esse
796 2269 1032 2324 Domini.
1078 2268 1375 2325 Curramus
1404 2270 1473 2325 ad
1508 2270 1716 2341 reliqua
1746 2289 1760 2326 :
1796 2271 1998 2342 Sprevit
2043 2281 2111 2334 te,

512 2366 712 2436 inquit,
745 2376 793 2421 et
840 2367 1097 2439 despexit,
1129 2369 1271 2441 virgo
1296 2366 1409 2437 ﬁlia
1444 2367 1573 2422 Sion
1603 2365 1760 2438 (Isai.
1788 2381 1965 2433 xxvu,
1994 2362 2112 2434 92).

514 2460 689 2528 Quam
738 2458 903 2514 ﬁliam
946 2461 1180 2524 dixerat,
1219 2460 1512 2532 appellavit
1541 2471 1595 2516 et
1625 2460 1886 2531 virginem
1924 2477 1936 2511 :
1970 2475 2039 2513 ne
2070 2457 2117 2513 si

514 2561 724 2609 tantum
757 2552 923 2608 tiliam
976 2556 1341 2619 nominasset,
1370 2554 1726 2611 arbitrareris
1767 2563 1823 2610 et
1869 2563 2113 2623 nuptam.

513 2650 644 2707 llaec
668 2658 759 2707 est
804 2652 957 2721 virgo
992 2650 1099 2706 ﬁlia
1132 2651 1199 2705 ad
1249 2667 1411 2721 quam
1453 2650 1585 2705 alibi
1617 2649 1856 2704 dicitur:
1893 2648 2115 2713 Laetare,

514 2744 728 2810 sterilis,
760 2762 876 2816 (μιαί
920 2762 1023 2799 non
1071 2747 1233 2813 paris,
1290 2760 1520 2814 erumpe,
1554 2753 1601 2795 et
1645 2744 1812 2795 clama
1848 2758 1962 2812 (μίαν
2015 2757 2119 2793 non

510 2839 764 2915 parturis.
796 2841 1045 2909 quoniam
1072 2840 1222 2893 multi
1250 2838 1349 2908 ﬁlii
1371 2838 1592 2892 deserta!
1613 2838 1799 2909 magis,
1826 2854 1980 2907 qnam
2009 2839 2121 2909 ejus

514 2943 634 2999 quia
660 2928 811 2981 habet
844 2929 1009 2981 virum
1052 2927 1208 2999 (Isai.
1240 2944 1347 2994 LIV,
1379 2930 1452 2997 l).
1505 2930 1607 2982 Ista
1637 2938 1721 2982 est
1762 2929 1832 2982 de
1881 2942 1983 2995 qua
2028 2941 2123 2993 per

518 3018 813 3075 Jeremiam
848 3019 1088 3090 loquitur
1130 3021 1296 3084 Deus,
1335 3022 1569 3075 dicens:
1598 3020 1870 3092 Numquid
1917 3020 2126 3075 oblivis-

520 3121 668 3167 cetur
696 3128 885 3180 sponsa
916 3114 1205 3166 ornamenti
1231 3114 1332 3179 sui,
1362 3123 1452 3166 aut
1474 3117 1616 3183 virgo
1643 3114 1824 3184 fascia:
1848 3113 2123 3184 pectoralis

517 3222 630 3260 sua:
677 3203 918 3273 (JeremJ
948 3223 1007 3270 ιι,
1051 3207 1171 3277 52)?
1213 3207 1289 3262 De
1340 3206 1440 3261 hac
1490 3208 1543 3261 in
1603 3207 1794 3263 eadem
1839 3208 2122 3277 pr0phetia

2212 1987 2434 2043 Christi.
2469 1988 2585 2045 Non
2634 2007 2774 2063 nego
2804 1993 2992 2048 beatas
3030 2010 3154 2049 esse
3195 1995 3410 2062 viduas,
3444 2012 3564 2067 qua:
3593 1998 3663 2051 ita
3699 2006 3829 2068 post

2215 2082 2543 2153 baptismum
2592 2085 2892 2140 manserint
2923 2105 2937 2141 :
2971 2102 3071 2142 nec
3098 2088 3313 2143 illarum
3344 2089 3574 2144 detraho
3599 2094 3824 2157 merito,

2215 2174 2378 2245 29o
2405 2189 2526 2245 qua:
2555 2190 2677 2231 cum
2706 2179 2837 2233 viris
2866 2180 2919 2233 in
2945 2178 3196 2234 castitate
3225 2181 3557 2250 perdurant;
3592 2181 3685 2236 sed
3716 2186 3826 2236 sic-

2218 2271 2291 2323 uti
2354 2271 2437 2324 ltze
2477 2271 2707 2341 majoris
2762 2272 2902 2341 apud
2951 2273 3125 2328 Deum
3179 2274 3388 2345 pra-inii
3444 2283 3604 2342 sunt,
3660 2292 3827 2346 quam

2217 2370 2399 2429 nuptae
2423 2363 2696 2432 eonjngali
2732 2365 2915 2420 officio
2956 2368 3283 2434 servientes,
3318 2367 3391 2422 ita
3423 2376 3481 2422 et
3506 2368 3639 2438 ipsa:
3666 2384 3830 2439 aequo

2218 2458 2400 2511 animo
2431 2460 2707 2528 patiantur
2734 2460 3102 2530 virginitatem
3151 2461 3254 2516 sibi
3290 2462 3557 2532 praferri.
3592 2462 3648 2518 Si
3675 2463 3829 2519 enim

2218 2552 2343 2607 illas
2384 2566 2511 2607 sera
2562 2553 2818 2623 pudicitia
2859 2566 2978 2624 post
3010 2555 3366 2625 deSpumatas
3396 2555 3641 2626 corporis
3669 2556 3835 2609 volu-

2222 2654 2398 2715 ptates
2426 2645 2588 2713 erigit
2618 2657 2808 2701 contra
2841 2652 3123 2703 maritatas
3145 2648 3267 2720 [ΑΙ.
3297 2647 3581 2719 maritas],
3607 2662 3830 2703 curnou

2224 2737 2363 2792 infra
2396 2750 2714 2807 perpetuam
2746 2740 3051 2796 castitatem
3082 2756 3206 2797 esse
3232 2757 3291 2797 se
3318 2741 3616 2795 noverint?

2294 2832 2386 2889 54.
2402 2833 2618 2888 Leviora
2639 2844 2898 2905 prazcepta
2921 2835 3042 2887 data
3060 2837 3179 2888 rudi
3200 2836 3369 2889 adhuc
3386 2834 3651 2889 Ecclesiae.
3700 2832 3832 2888 Ele-

2225 2930 2453 2983 ctionum
2482 2945 2651 2983 causa:
2677 2929 2852 2983 variat.
2888 2928 3127 2999 Offensio
3179 2928 3439 2982 nmlorum
3470 2937 3565 2989 est,
3600 2944 3702 2981 non
3736 2928 3835 2981 lto-

2228 3040 2435 3077 norum.
2453 3022 2645 3077 Vitium
2659 3025 2929 3095 antiquum
2946 3022 3584 3093 inEcclesia.0[ﬁciorum
3599 3022 3831 3087 nomina,

2229 3133 2330 3171 non
2358 3117 2679 3171 meritorum.
2702 3147 2775 3158 -—-
2810 3135 2828 3169 ι
2865 3117 3111 3182 Frustra,
3148 3114 3347 3185 inquit,
3400 3112 3518 3168 haec
3564 3112 3832 3183 loqueris,

2229 3210 2354 3280 quia
2377 3220 2429 3265 et
2451 3210 2689 3281 episcOpi
2709 3220 2760 3265 et
2802 3209 3103 3280 presbyteri
3136 3220 3189 3263 et
3216 3207 3453 3271 diaconi,
3490 3207 3649 3261 tutius
3696 3221 3834 3260 uxo-

519 3299 730 3371 grande
768 3300 1092 3355 miraculum
1136 3310 1239 3367 est,
1275 3301 1399 3370 quia
1453 3301 1653 3356 femina
1703 3301 2126 3357 circumdederit
2155 3306 2202 3370 C
2232 3303 2308 3357 ris
2330 3303 2451 3367 viri,
2482 3311 2541 3357 et
2566 3302 2828 3357 habentes
2860 3300 3027 3366 filios,
3047 3300 3116 3355 ab
3141 3300 3402 3371 Apostolo
3429 3298 3456 3337 δ
3489 3300 3837 3355 constituun-

524 3394 740 3457 virum,
799 3394 967 3466 289
1004 3406 1059 3449 et
1107 3394 1477 3449 universitatis
1556 3404 1837 3465 parentem
1895 3396 2122 3466 virginis

524 3499 718 3545 venter
742 3489 1042 3545 incluserit.

597 3584 688 3639 55.
713 3580 971 3638 Ieremia:
987 3584 1153 3652 virgo,
1185 3587 1298 3656 ejus
1325 3584 1620 3656 privilegia.
1649 3584 1836 3641 Verum
1855 3584 2125 3655 Templum

528 3673 647 3742 Dei,
674 3675 858 3746 quod?
886 3706 954 3716 —-
985 3694 1005 3727 ι
1046 3674 1200 3740 Esto,
1236 3676 1449 3747 inquit,
1475 3680 1786 3748 nuptiarum
1820 3691 1875 3733 et
1901 3678 2128 3747 virgini-

526 3766 652 3821 tatis
675 3770 745 3821 sit
772 3768 990 3822 diversa
1022 3767 1286 3829 conditio.
1317 3769 1445 3837 quid
1478 3770 1545 3824 ad
1588 3769 1693 3822 hoc
1732 3779 1884 3837 potes
1909 3769 2126 3824 dicere?

526 3861 584 3917 Si
617 3862 768 3931 virgo
797 3871 851 3917 et
881 3862 1041 3917 vidua
1069 3861 1269 3917 fuerint
1293 3863 1604 3931 baptizatac,
1637 3872 1691 3918 et
1719 3862 1787 3917 ita
1815 3878 2131 3934 permanse-

530 3952 665 4019 rint,
692 3969 811 4021 quaa
842 3954 945 4009 erit
965 3953 1108 4009 inter
1138 3965 1426 4026 utramque
1449 3954 1783 4009 diversitas?
1816 3974 1835 4007 ι
1869 3955 2023 4023 Quod
2061 3955 2128 4008 de

531 4046 692 4103 Petro
744 4056 799 4104 et
842 4048 1079 4114 Joanne,
1132 4048 1284 4102 Anna
1318 4056 1373 4104 et
1411 4048 1575 4103 Maria
1634 4046 1835 4102 dudum
1867 4048 2125 4114 diximus,

528 4145 633 4199 hoc
667 4144 921 4214 prteseuti
956 4145 1077 4200 loco
1108 4144 1375 4213 proficiat.
1404 4144 1458 4200 Si
1492 4144 1636 4198 enim
1692 4144 1837 4199 inter
1862 4144 2127 4214 virginem

529 4248 585 4294 et
615 4236 834 4293 viduam
884 4238 1186 4309 baptizalas
1217 4236 1349 4292 nihil
1385 4237 1633 4303 interest,
1683 4238 1806 4308 quia
1865 4237 2127 4307 baptisma

527 4347 729 4387 novum
782 4333 1061 4388 hominem
1117 4332 1267 4395 facit,
1297 4332 1486 4413 eadem
1516 4332 1837 4387 conditione
1865 4341 1921 4387 et
1945 4342 2128 4387 scorta

529 4435 694 4496 atque
742 4426 1045 4496 prostibula
1096 4427 1140 4481 si
1204 4426 1407 4481 l‘uerint
1446 4426 1766 4495 baptizatur,
1823 4425 2125 4497 virginibus

530 4521 907 4591 aequabantur.
931 4521 987 4576 Si
1011 4523 1154 4577 enim
1184 4521 1477 4592 praeteritae
1507 4520 1712 4589 nuptire
1759 4519 1892 4574 nihil
1936 4530 2132 4575 nocent

535 4610 715 4665 viduae
746 4611 1049 4682 baptizatzr,
1086 4624 1143 4669 et
1176 4614 1467 4685 praeterita:
1499 4612 1550 4666 in
1576 4611 1954 4667 meretricibus
1977 4612 2132 4667 volu-

2228 3404 2334 3450 tttr.
2375 3414 2395 3447 ι
2430 3394 2715 3462 Quomodo
2740 3394 2810 3449 de
2839 3394 3140 3463 virginibus
3172 3392 3465 3461 Apostolus
3492 3390 3698 3445 dicitse
3722 3405 3831 3445 non

2228 3488 2431 3544 habere
2478 3496 2835 3558 praeceptum,
2861 3496 2916 3541 et
2949 3496 3128 3542 tamen
3170 3488 3262 3540 dat
3310 3485 3621 3550 consilium,
3677 3483 3836 3553 quasi

2228 3579 2660 3636 misericordiam
2719 3589 3048 3634 consecutus
3068 3594 3098 3633 a
3130 3578 3385 3642 Domino,
3419 3588 3471 3632 et
3499 3576 3602 3630 hoc
3632 3576 3740 3646 agit
3766 3576 3823 3629 in

2228 3674 2376 3729 omni
2403 3674 2493 3728 illa
2518 3673 2906 3742 disputatione,
2943 3684 3000 3726 ut
3020 3672 3384 3743 virginitatem
3432 3671 3689 3741 praeferat
3718 3683 3839 3724 ma-

2233 3767 2513 3830 trimonio,
2548 3775 2603 3821 et
2633 3765 2824 3820 suadet
2845 3764 2991 3835 quod
3022 3766 3291 3836 imperare
3318 3779 3424 3818 non
3454 3762 3638 3827 audet,
3672 3762 3836 3816 nein-

2226 3861 2395 3930 jicere
2418 3859 2664 3914 videatur
2694 3860 2967 3927 laqueum,
3003 3866 3057 3913 et
3089 3858 3210 3927 plus
3240 3857 3521 3927 imponere
3551 3854 3829 3927 ponderis,

2231 3968 2391 4023 quam
2451 3961 2630 4022 potest
2676 3950 2958 4005 hominum
3011 3950 3286 4004 sustinere
3330 3958 3518 4003 natura
3553 3966 3567 4003 :
3601 3952 3672 4001 ila
3695 3954 3751 4001 et
3780 3945 3835 4001 in

2233 4044 2626 4101 Ecclesiastico
2681 4045 2876 4098 ordine
2925 4043 3334 4106 Constituendo,
3386 4040 3511 4109 quia
3564 4038 3718 4093 rudis
3771 4055 3839 4093 ex

2231 4141 2485 4211 gentibus
2512 4138 2948 4195 constituebatur
2983 4137 3251 4201 Ecclesia,
3287 4136 3487 4190 leviora
3524 4148 3696 4202 nuper
3716 4147 3837 4187 cre-

2232 4235 2487 4290 dentibus
2518 4234 2608 4287 dat
2637 4240 2926 4301 pra-cepta,
2954 4246 3021 4285 ne
3054 4230 3229 4285 territi
3275 4230 3418 4281 terre
3449 4240 3557 4280 non
3587 4234 3833 4292 possent.

2235 4326 2477 4396 Denique
2504 4334 2558 4379 et
2589 4322 2835 4395 Apostoli
2874 4331 2929 4377 et
2953 4321 3200 4376 seniores
3222 4318 3291 4373 de
3325 4314 3716 4385 Hierosolymis
3744 4313 3837 4368 lit-

2234 4430 2379 4475 teras
2405 4418 2649 4481 mittunt,
2680 4424 2741 4470 ut
2767 4429 2873 4470 non
2906 4413 3137 4480 amplius
3164 4410 3478 4476 imponatur
3506 4403 3693 4458 oneris
3721 4402 3832 4469 itis,

2233 4512 2323 4582 qui
2363 4510 2431 4566 de
2470 4508 2724 4580 gentibus
2778 4504 3151 4565 crediderunt,
3209 4499 3311 4554 nisi
3343 4508 3401 4552 ut
3431 4496 3744 4550 ahStineant
3774 4511 3835 4550 se

2235 4606 2303 4660 ab
2328 4603 2656 4673 idololatria,
2690 4612 2746 4657 et
2769 4598 3154 4662 fornicatione,
3202 4604 3257 4650 et
3306 4607 3335 4647 a
3384 4591 3673 4662 sanguine,
3727 4598 3834 4645 cla

532 4712 733 4773 ptates,
784 4706 1139 4777 expositaque
1178 4683 1421 4777 publica:
1454 4704 1665 4760 libidini
1706 4719 1958 4773 corpora,
2012 4714 2131 4773 post
2161 4702 2216 4762 D
2239 4695 2553 4761 SUﬂocaliS;
2582 4703 2637 4749 οι
2662 4692 2816 4763 (Ιυεδεί
2842 4690 3083 4762 Ρπνυιίε
3112 4697 3275 4756 mque
3303 4683 3712 4777 il'f‘m‘ib‘r’srlac
3745 4696 3839 4777 ΙΨ·

536 4792 814 4849 lavacrum
852 4795 1180 4867 virginitatis
1214 4797 1434 4866 pra‘mia
1481 4804 1911 4867 consequentur.
1974 4797 2133 4852 Aliud

531 4897 616 4942 est
667 4889 1011 4957 purissimam
1042 4900 1279 4947 mentem
1308 4902 1362 4947 ct
1394 4892 1538 4945 nulla
1595 4891 1981 4947 recordatione
2015 4892 2133 4961 pol-

532 4982 703 5039 lutam
734 4982 846 5039 Deo
868 4985 1123 5055 jungere,
1150 4986 1295 5040 aliud
1320 4986 1638 5040 meminisse
1661 4984 2015 5055 amplexuum
2034 4986 2133 5040 viri

538 5075 696 5130 fmdae
728 5076 1072 5131 necessitatis
1101 5094 1114 5129 :
1149 5088 1203 5132 et
1235 5077 1375 5145 quod
1407 5092 1641 5147 corpore
1673 5094 1780 5133 non
1814 5093 1964 5148 agas,
1992 5086 2015 5114 ε
2050 5094 2135 5133 re-

536 5167 856 5221 cordatione
881 5168 1166 5223 simulare.
1211 5169 1475 5225 Jeremias
1504 5172 1595 5241 qui
1629 5173 1679 5227 in
1712 5182 1867 5227 utero
1892 5172 2136 5227 sanctili-

536 5268 693 5314 catus
718 5267 824 5323 est,
858 5269 911 5313 et
951 5262 1201 5327 cognitus
1233 5261 1285 5315 in
1305 5263 1464 5314 vulva
1498 5263 1711 5329 matris,
1740 5263 1864 5319 ideo
1892 5263 1996 5318 hoc
2027 5262 2139 5332 pri-

537 5352 740 5424 vilegio
765 5353 982 5420 fruitur,
1010 5354 1134 5425 quia
1174 5354 1499 5424 virginitatis
1526 5366 1646 5411 erat
1676 5356 1999 5411 beatitudini
2047 5356 2142 5410 de—

541 5450 800 5504 stinatus.
841 5448 905 5502 Et
960 5463 1082 5502 cum
1115 5463 1309 5502 omnes
1361 5452 1501 5518 capti
1552 5452 1706 5513 sint,
1760 5464 1891 5503 vasa
1928 5463 2148 5517 quoque

542 5541 753 5613 Templi
807 5542 1110 5615 BnbleuiO
1142 5558 1269 5613 rege
1301 5551 1547 5596 vastante
1595 5542 1833 5608 direpta,
1869 5541 1970 5592 iste
1996 5538 2145 5591 solus

542 5634 683 5690 liber
707 5635 775 5689 ab
800 5635 1048 5691 hostibus
1065 5646 1170 5703 est,
1220 5643 1276 5689 et
1323 5632 1654 5701 captivitatis
1695 5630 1871 5684 nescit
1894 5626 2145 5697 injurias,

622 5743 649 5770 ‘
686 5744 1071 5798 Casanatensis
1091 5743 1446 5796 recordatione
1475 5738 1798 5793 dissimrlare
1825 5754 1926 5789 non
1964 5750 2132 5805 posse.

550 5809 824 5873 Jeremias.
854 5826 959 5866 etc.
990 5814 1147 5881 paulo
1171 5812 1309 5867 infra
1337 5810 1627 5877 Babylonio
1656 5814 1883 5861 vastante
1908 5805 2139 5862 habetur

552 5884 604 5933 in
632 5895 761 5934 mss.
804 5878 1008 5943 absque
1034 5878 1209 5952 Rege”

2242 4799 2355 4844 tum
2382 4786 2537 4854 dant,
2571 4801 2680 4840 non
2731 4784 2965 4838 solidum
2998 4780 3181 4834 cibum
3220 4796 3234 4832 :
3275 4792 3377 4832 nec
3404 4776 3725 4847 przecipiunt
3769 4772 3837 4828 de

2240 4882 2602 4945 continentia,
2629 4892 2729 4933 nec
2750 4875 2818 4932 de
2841 4871 3153 4943 virginitate
3173 4868 3510 4940 signiﬁcant,
3538 4880 3637 4923 nec
3666 4866 3732 4919 ad
3755 4866 3835 4935 je-

2234 4973 2387 5043 junia
2418 4977 2734 5041 provocant,
2766 4978 2942 5035 neque
2967 4963 3157 5018 dicunt
3183 4960 3313 5015 illud
3340 4958 3481 5031 quod
3514 4959 3566 5012 in
3601 4958 3839 5027 Evange-

2238 5067 2315 5121 lio
2341 5066 2407 5121 ad
2433 5064 2726 5134 Apostolos
2752 5072 2774 5101 ο
2794 5058 3069 5130 dirigitur,
3097 5071 3166 5112 ne
3192 5053 3575 5109 habeantduas
3605 5052 3833 5117 tunicas,

2241 5174 2309 5214 ne
2338 5171 2547 5228 peram,
2594 5170 2661 5209 ne
2689 5168 2763 5207 aes
2794 5154 2846 5206 in
2872 5152 3048 5217 zonis,
3102 5165 3168 5203 ne
3199 5147 3408 5218 virgam
3455 5146 3507 5200 in
3558 5160 3744 5206 manu.
3775 5159 3840 5199 ne

2241 5253 2616 5308 calceamenta
2649 5247 2701 5301 in
2730 5245 2982 5316 pedibus,
3006 5254 3099 5299 aut
3130 5252 3279 5299 certe
3312 5239 3441 5295 illud
3476 5258 3491 5295 :
3522 5239 3584 5295 Si
3626 5241 3702 5294 vis
3726 5256 3840 5306 per-

2245 5345 2406 5413 fectus
2437 5356 2565 5405 esse,
2590 5338 2717 5393 vade
2748 5350 2793 5392 et
2816 5336 2978 5391 vende
2998 5337 3172 5390 omnia
3204 5346 3315 5397 tua,
3339 5343 3388 5387 et
3414 5331 3484 5385 da
3506 5332 3837 5403 pauperibus:

2246 5446 2295 5492 et
2322 5434 2435 5490 veni
2460 5447 2670 5496 sequere
2696 5446 2777 5483 me
2806 5428 3023 5501 (Matth.
3057 5443 3171 5489 xta,
3198 5425 3316 5495 2l).
3349 5425 3404 5481 Si
3460 5423 3605 5479 enim
3658 5420 3843 5477 adole-

2249 5545 2406 5585 scens
2431 5526 2522 5581 ille
2544 5524 2635 5593 qui
2660 5540 2717 5579 se
2733 5523 3035 5594 iactaverat
3067 5529 3262 5575 cuncta
3293 5518 3485 5573 fecisse
3532 5530 3655 5585 qua:
3714 5515 3843 5584 legis

2251 5633 2399 5685 sunt,
2429 5621 2659 5677 audiens
2682 5619 2807 5684 hoc,
2837 5614 3008 5671 tristis
3027 5613 3181 5679 abiit,
3215 5612 3337 5682 quia
3362 5608 3597 5663 habebat
3632 5622 3843 5677 posses-

2325 5734 2352 5773 δ
2401 5732 2549 5788 Idem
2570 5725 2954 5784 Casauatensis
2967 5725 3031 5777 ab
3060 5724 3307 5793 Apostolo
3332 5738 3431 5775 non
3456 5720 3844 5789 confunduntur

2256 5818 2351 5873 pro
2385 5800 2793 5873 constituuntur.
2871 5865 2882 5873 -
2933 5866 2945 5873 _
3060 5866 3067 5873 Α
3110 5855 3123 5873 Δ
3176 5870 3181 5873 Δ
3228 5861 3265 5873 η

2322 5855 2344 5915 ξ
2383 5855 2479 5925 νς.
2594 5868 2775 5922 (trucis
2817 5865 2882 5917 ad
2912 5855 3183 5935 Λρρετοισρ
3212 5860 3416 5915 dicitur.
