4068 6372
163 368 271 430 957
1278 368 1317 423 Λ
1329 366 1647 423 DVERSL’S
1688 362 1764 419 .IO

1856 359 2099 419 ςιΑΝυΜ
2131 358 2264 415 LIB.
2312 357 2351 410 1.
3356 358 3462 415 ἳὸε

170 484 352 537 siones
377 480 596 546 multas,
629 492 685 536 et
707 480 967 537 Pharistei
998 480 1373 550 hujuscemodi
1399 479 1613 535 Domini
1648 494 1773 533 scn-
1801 490 1850 550 Α
1879 474 2067 530 liditati
2093 472 2251 544 quasi
2287 469 2510 526 malitia:
2541 473 2911 539 opponuntur.
2942 466 3359 537 Nonnumquam
3385 484 3471 523 er-

178 578 400 630 tentiam
428 575 838 630 subsannabant
868 587 1103 645 :quauto
1136 573 1305 644 magis
1349 581 1496 626 tanta
1529 570 1772 641 gentium
1880 578 1957 621 rat
1989 566 2161 637 plebis
2191 561 2736 635 vulgiqnejudicium,
2758 560 2891 615 etin
2926 560 3305 614 sacerdotibus
3328 575 3474 613 com-

180 666 496 727 multitudo.
530 667 617 721 cui
649 682 857 721 summa
890 668 1059 721 virtus
1089 674 1208 722 erat
1236 665 1418 719 aliena
1468 678 1575 719 non
1622 678 1775 733 rape-
1880 660 2198 733 probandis,
2235 658 2608 727 unusquisque
2656 656 2769 710 snis
2814 655 3055 711 moribus
3088 654 3255 720 favet,
3281 662 3344 707 ut
3375 667 3479 709 non

181 776 267 827 re,
301 776 410 815 non
439 759 678 815 habebat
729 774 951 817 necesse
997 769 1327 830 prmceptum
1356 758 1425 813 de
1449 757 1702 812 castitate
1728 765 1781 810 et
1884 762 1989 805 tam
2019 752 2247 814 bonum,
2278 764 2440 819 quam
2474 748 2556 802 sui
2583 747 2819 802 similem
2850 755 3059 818 quairat
3101 746 3479 817 praepositum.

178 854 522 909 continentia
557 864 838 922 perpetua,
862 854 1058 925 quibus
1073 852 1440 919 scribebatur,
1462 860 1519 906 ut
1541 850 1782 907 abstine-
1886 845 2085 901 Evenit
2134 842 2444 914 aliquoties.
2481 850 2541 896 ut
2572 841 2774 905 mariti,
2798 855 2919 910 qua:
2950 855 3071 909 pars
3098 842 3277 909 major
3301 838 3355 892 iu
3390 852 3488 909 ρο-

180 955 309 1001 rent
339 961 399 1000 se
427 944 495 1001 ab
524 945 705 1009 idolis,
732 954 786 1002 et
806 960 833 999 a
863 945 1245 1009 fornicatione,
1278 953 1334 999 et
1374 944 1427 997 in
1459 943 1651 1013 quibus
1682 957 1781 996 au-
1887 938 2016 1008 pulo
2045 946 2148 1003 est,
2200 934 2415 990 maritis
2443 934 2597 1005 quasi
2630 933 2733 987 sibi
2765 933 3112 1003 applautlant,
3146 940 3202 987 et
3246 932 3298 986 in
3329 946 3396 986 eo
3426 947 3487 986 se

184 1016 445 1092 dit-batur
472 1037 778 1105 fornicatio,
813 1050 866 1093 et
894 1038 1017 1092 talis
1067 1036 1375 1103 fornicatio,
1403 1052 1519 1106 qua:
1551 1050 1619 1090 ne
1648 1035 1788 1091 inter
1816 1022 1825 1035 “
1889 1030 2230 1085 arbitrentur
2251 1026 2489 1082 minores
2515 1040 2622 1079 non
2654 1038 2775 1079 esse
2799 1022 3124 1093 virginibus,
3156 1023 3201 1077 si
3234 1023 3487 1077 maritum

186 1142 382 1201 gentes
406 1129 623 1201 quidem
648 1133 768 1187 est!
830 1130 939 1187 Sed
990 1139 1048 1186 et
1092 1131 1250 1203 291
1302 1129 1418 1200 ipsa
1468 1129 1787 1200 episeOpalis
1896 1123 2091 1193 virgini
2127 1121 2438 1193 prmferant.
2492 1119 2677 1173 Dicam
2710 1118 2908 1189 aliquid
2938 1116 3082 1187 quod
3109 1117 3336 1173 forsitan
3367 1132 3491 1173 cum

189 1223 392 1279 electio
434 1239 649 1279 mecum
701 1223 847 1279 facit.
882 1222 1001 1279 Non
1029 1223 1175 1278 enim
1205 1222 1337 1278 dicit
1363 1243 1375 1276 :
1401 1221 1649 1293 Eligatur
1677 1221 1793 1291 epi—
1896 1215 2193 1270 multorum
2226 1213 2430 1267 ot'feusa
2461 1211 2707 1267 dicturus
2738 1225 2893 1273 sum;
2926 1210 3019 1265 sed
3048 1210 3181 1266 boni
3210 1210 3341 1265 mihi
3387 1228 3492 1266 non

189 1332 412 1386 scapus,
443 1317 536 1387 qui
565 1333 730 1373 unam
761 1316 925 1372 ducat
956 1332 1206 1383 uxorem,
1230 1326 1283 1372 et,
1310 1316 1450 1371 ﬁlios
1467 1314 1627 1371 faciat
1656 1315 1793 1373 :sed
1898 1308 2225 1370 irascentur,
2247 1305 2371 1375 quia
2398 1318 2495 1359 eos
2526 1303 2739 1374 peccati
2770 1302 3105 1357 conscientia
3138 1318 3243 1357 non
3295 1317 3501 1358 remor-

193 1411 290 1482 qui
313 1426 473 1465 unam
506 1411 757 1467 habuerit
782 1428 1027 1477 uxorem,
1049 1421 1104 1467 et
1130 1412 1269 1466 ﬁlios
1293 1412 1345 1466 in
1368 1412 1517 1467 omni
1545 1412 1795 1467 subditos
1902 1400 2072 1456 debil-
2106 1398 2385 1453 lnlel‘dum
2417 1399 2519 1452 Ιιοο
2548 1406 2601 1450 ει
2633 1395 2948 1466 Ροηιίίῖευηι
2980 1396 3115 1450 Vitio
3154 1395 3377 1462 θεοίάίίν
3408 1395 3498 1462 (ιιιί

194 1504 488 1575 disciplina
522 1505 569 1576 (ι
602 1504 733 1559 Tim.
766 1522 853 1569 Ill,
886 1515 933 1558 et
977 1506 1047 1559 ad
1097 1505 1197 1560 Tit.
1229 1506 1288 1577 ι).
1313 1505 1477 1561 Certe
1516 1505 1798 1561 conﬁteris
1904 1510 2013 1550 non
2040 1495 2321 1559 meliores,
2346 1492 2442 1548 sed
2468 1491 2771 1562 argutiores
2802 1491 2854 1544 in
2885 1490 3095 1546 clerum
3127 1487 3365 1559 allegant
3389 1485 3498 1559 [ΑΙ.

200 1613 311 1652 non
341 1612 498 1668 posse
527 1613 647 1653 esse
668 1600 1004 1668 episcopum,
1058 1600 1148 1669 qui
1205 1599 1255 1653 in
1304 1598 1617 1669 episcopatu
1658 1594 1801 1651 ﬁlios
1906 1586 2158 1659 eligunt],
2191 1597 2247 1643 et
2268 1586 2634 1655 simpliciores
2688 1600 2932 1655 quosque
2961 1595 3127 1653 atque
3183 1582 3507 1640 innocentes

201 1692 389 1748 faciat.
411 1695 651 1765 ΑΙίυίμιίν
677 1696 720 1750 si
748 1696 1122 1766 deprehensus
1172 1696 1356 1761 fuerit,
1386 1711 1493 1751 ιιοη
1513 1694 1671 1767 quasi
1715 1693 1803 1749 νίιι
1906 1682 2178 1738 inhabiles
2212 1690 2423 1757 putant,
2458 1681 2540 1735 vel
2563 1679 2823 1735 afﬁnibus
2850 1691 2900 1733 ΘΙ
2932 1679 3183 1749 cognatis
3211 1678 3363 1739 quasi
3398 1688 3505 1734 ter-

209 1785 506 1851 lencliitur,
545 1786 640 1842 sed
670 1789 823 1857 quasi
854 1787 1070 1842 adulter
1100 1787 1465 1842 damnabitur.
1520 1789 1627 1843 Αιιι
1673 1801 1801 1858 per-
1911 1791 2061 1830 rente
2091 1775 2299 1828 militia:
2325 1775 2497 1829 oflieia
2517 1774 2837 1844 largiuntur,
2858 1774 2973 1827 sive
2999 1772 3225 1827 divitum
3249 1772 3515 1829 obediunt

210 1879 366 1934 mitte
411 1880 786 1935 sacerdotibus
815 1895 1082 1937 exercere
1135 1896 1303 1951 opera
1366 1879 1709 1950 nuptiarum,
1750 1888 1808 1932 ut
1838 1883 1885 1943 Β
1911 1874 2161 1945 iussioni.
2188 1874 2455 1943 Quodque
2484 1873 2569 1928 bis
2599 1872 2756 1944 pejus
2783 1883 2889 1939 est,
2923 1873 3030 1929 illis
3076 1874 3369 1930 clericatus
3415 1874 3512 1930 do-

206 1972 348 2027 idem
378 1972 487 2027 sint
511 1972 750 2043 virgines
779 1974 926 2043 quod
956 1972 1132 2027 mariti
1167 1989 1179 2025 :
1209 1981 1302 2025 aut
1342 1972 1388 2025 si
1432 1970 1814 2027 sacerdotibus
1919 1980 2051 2023 nant
2073 1969 2325 2039 gradum,
2360 1984 2591 2040 quorum
2620 1980 2747 2023 sunt
2774 1968 3048 2039 obsequiis
3075 1968 3308 2024 deliniti.
3363 1970 3518 2025 Alio-

209 2082 318 2121 non
344 2067 472 2120 licet
495 2081 703 2121 uxores
727 2075 971 2134 tangere,
999 2066 1049 2117 in
1074 2078 1140 2119 eo
1169 2064 1340 2117 sancti
1368 2073 1517 2128 sunt,
1548 2062 1675 2134 quia
1696 2062 1817 2117 imi-
1921 2063 2013 2133 qui
2037 2066 2080 2116 si
2109 2063 2265 2131 juxta
2296 2065 2623 2119 sententiam
2656 2061 2900 2132 Aposmli
2946 2078 3051 2116 non
3083 2072 3246 2118 erunt
3273 2063 3518 2133 episcopi

211 2167 394 2213 tantur
418 2157 736 2228 pudicitiam
754 2157 1101 2217 virginalem.
1134 2155 1241 2210 Sed
1258 2155 1427 2210 ethoc
1449 2155 1814 2211 inferendum.
1924 2155 2030 2209 nisi
2064 2156 2263 2221 mariti,
2296 2157 2410 2226 ipse
2460 2155 2756 2225 Apostolus
2783 2154 3069 2224 episcopus
3102 2170 3225 2210 esse
3264 2171 3371 2210 non
3425 2155 3521 2212 de-

210 2252 269 2308 Si
303 2252 473 2306 laicus
499 2259 555 2303 et
576 2250 905 2319 quicumque
932 2249 1108 2304 ﬁdelis
1141 2264 1302 2303 orare
1328 2264 1435 2303 non
1468 2258 1672 2319 potest,
1717 2249 1821 2303 nisi
1928 2247 2068 2313 buit,
2088 2248 2180 2317 qtti
2211 2247 2347 2301 dixit
2373 2264 2388 2300 :
2421 2246 2557 2301 Volo
2582 2259 2752 2301 autem
2803 2264 2979 2302 omnes
3010 2249 3083 2301 sic
3104 2264 3234 2315 esse,
3264 2248 3399 2303 sicut
3430 2264 3521 2321 ego

212 2353 405 2399 careat
434 2342 615 2397 ofﬁcio
641 2342 939 2412 conjugali,
968 2342 1264 2406 sacerdoti,
1323 2344 1407 2396 cui
1452 2356 1674 2412 semper
1728 2356 1827 2412 pro
1931 2358 2046 2395 sum
2069 2341 2111 2413 (Ι
2140 2340 2257 2395 Cor.
2290 2357 2383 2408 vn,
2414 2341 2491 2413 7).
2524 2341 2591 2396 Et
2628 2341 2865 2397 Joannes
2918 2342 3170 2413 indignus
3221 2342 3325 2398 hoc
3355 2342 3525 2413 gradu

213 2438 424 2511 populo
468 2436 747 2492 olferenda
783 2448 908 2491 sunt
958 2436 1254 2501 sacriﬁcia,
1287 2451 1507 2506 semper
1555 2437 1825 2490 orandum
1931 2433 2375 2499 existimabitur,
2434 2443 2488 2488 et
2536 2448 2728 2489 omnes
2757 2434 3026 2505 virgines,
3078 2445 3134 2491 et
3161 2436 3531 2505 continentes,

220 2542 324 2588 est.
361 2530 417 2587 Si
443 2543 662 2599 semper
686 2529 951 2584 orandum
984 2537 1088 2593 est,
1116 2544 1248 2598 ergo
1277 2543 1496 2597 semper
1534 2528 1829 2583 carendum
1934 2526 2135 2596 quibus
2160 2526 2312 2597 quasi
2348 2526 2727 2596 pulcherrimis
2755 2529 2985 2597 genuuis
3012 2529 3271 2585 Ecclesia:
3326 2530 3532 2586 monile

224 2625 601 2682 matrimonio.
647 2622 782 2678 Nam
814 2624 948 2679 etin
1001 2623 1170 2678 veteri
1207 2624 1327 2693 lege
1354 2626 1443 2693 qui
1492 2639 1592 2692 pro
1631 2622 1833 2693 populo
1938 2617 2255 2673 decoratur.
2316 2619 2617 2690 Epise0pns
2647 2629 2701 2675 et
2728 2621 3014 2693 presbyter
3035 2632 3091 2677 et
3118 2622 3382 2679 diaconus
3426 2640 3535 2680 non

224 2717 438 2774 hostias
465 2716 787 2781 oﬁ'erebant,
833 2731 941 2771 non
974 2715 1150 2771 solum
1201 2716 1255 2771 in
1302 2716 1553 2771 domibus
1582 2717 1695 2770 suis
1725 2732 1832 2770 non
1938 2725 2066 2767 sunt
2092 2712 2411 2767 meritorum
2439 2712 2791 2777 nomina,sed
2825 2715 3147 2770 ciliciorum.
3179 2716 3289 2773 Nec
3315 2716 3537 2773 dicitur:

228 2822 405 2879 erant,
434 2812 531 2869 sed
566 2811 994 2884 puriﬁcabantur
1021 2810 1088 2864 ad
1114 2818 1325 2879 tempus
1354 2809 1426 2863 ab
1458 2808 1721 2864 uxoribus
1749 2824 1834 2864 sc-
1942 2804 2005 2860 Si
2027 2806 2143 2876 quis
2171 2803 2541 2876 Episc0patum
2595 2806 2882 2874 desiderat,
2913 2808 3103 2862 bonum
3128 2810 3388 2864 desiderat
3415 2828 3537 2884 gra—

232 2908 427 2978 parati.
453 2914 508 2961 et
536 2907 719 2959 vinum
763 2913 818 2959 et
847 2903 1079 2958 siceram
1112 2916 1219 2957 non
1265 2900 1527 2957 bibebant
1547 2943 1563 2967 ,
1595 2916 1718 2971 qua:
1744 2914 1837 2955 so—
1941 2896 2099 2962 dum;
2120 2896 2214 2951 sed
2246 2896 2435 2950 bonum
2460 2913 2592 2967 opus
2616 2897 2873 2952 desiderat
2899 2914 2917 2951 :
2947 2900 3089 2970 quod
3124 2900 3176 2955 in
3209 2901 3403 2973 majori
3442 2918 3537 2959 or-

234 3001 349 3057 Ient
377 2998 656 3055 libidinem
685 3013 1006 3069 provocare.
1040 2996 1327 3068 Eliguutur
1356 2995 1535 3050 mariti
1564 2994 1617 3049 io
1651 3009 1836 3048 saeer-
1940 2989 2067 3043 dine
2111 2990 2464 3055 constitutus,
2491 2990 2686 3060 possit,
2728 2992 2773 3045 si
2804 2992 2966 3061 velit,
2999 2994 3346 3051 occasionem
3380 3010 3541 3052 exer-

237 3093 476 3157 dotium,
532 3106 642 3146 non
691 3106 864 3161 nego:
894 3091 1022 3161 quia
1065 3104 1175 3143 non
1226 3098 1355 3142 sunt
1400 3088 1535 3142 tanti
1565 3086 1833 3158 virgines,
1942 3085 2237 3140 cendarum
2273 3086 2477 3141 habere
2509 3087 2789 3142 virtutum.

239 3186 427 3258 quanti
464 3182 763 3239 necessarii
792 3191 917 3236 sunt
957 3181 1291 3235 sacerdotes.
1338 3178 1602 3249 Numquid
1629 3180 1753 3249 quia
1785 3179 1838 3233 in
2017 3178 2111 3233 55.
2154 3178 2355 3248 Regula
2386 3179 2694 3235 sobrietatis.
2735 3180 2910 3236 Virtus
2944 3185 3137 3254 gradus
3166 3187 3545 3244 ecclesiasticos

239 3276 488 3333 exercitu
540 3272 880 3341 fortissimus
927 3272 1159 3342 quisque
1194 3269 1475 3342 eligendus
1505 3280 1608 3335 εει,
1640 3270 1841 3324 idcirco
1869 3264 1915 3328 C
1947 3273 2118 3327 beatos
2139 3273 2616 3346 efﬁcit—Oportet
2663 3293 2783 3349 ergo
2832 3278 3128 3350 episcopum
3173 3280 3552 3355 irreprehensi-

244 3387 355 3428 non
390 3377 745 3424 assumentur
773 3376 827 3421 et
854 3366 1216 3431 inﬁrmim-es,
1270 3381 1392 3419 eum
1439 3379 1629 3419 omnes
1680 3364 1845 3420 fortes
1951 3364 2102 3418 bilem
2125 3382 2233 3419 esse
2264 3366 2305 3437 (Ι
2339 3367 2457 3421 (.‘or.
2494 3366 2576 3439 ιι),
2609 3379 2665 3422 ιιι
2708 3369 2841 3423 nulli
2871 3368 3002 3426 vitio
3042 3373 3386 3443 mancipatus
3432 3372 3502 3425 sit
3533 3389 3548 3428 :

243 3477 372 3519 esse
404 3475 514 3514 non
549 3458 801 3528 pessint?
825 3457 884 3513 Si
916 3458 1191 3513 exercitus
1225 3456 1428 3512 viribus
1484 3464 1691 3511 tantum
1719 3471 1848 3511 eon-
1952 3459 2106 3513 unius
2134 3461 2310 3514 uxoris
2338 3461 2523 3527 virum,
2554 3462 2645 3532 qui
2671 3477 2829 3516 unam
2884 3479 3109 3520 uxorem
3141 3465 3414 3532 habuerit,
3440 3479 3549 3524 non

246 3561 447 3621 staret,
479 3562 533 3606 et
564 3566 669 3606 non
714 3552 875 3606 etiam
911 3565 1140 3604 numero
1172 3548 1427 3615 militum,
1484 3548 1849 3618 abjicerentur
1959 3551 2153 3606 habeat
2186 3569 2199 3604 :
2227 3551 2491 3619 Sobrium,
2525 3555 2661 3617 sive.
2720 3565 2775 3609 ut
2805 3556 3004 3612 melius
3036 3558 3089 3611 in
3112 3557 3308 3614 Graeco
3333 3557 3553 3628 dicitur,

250 3646 665 3704 imbecilliores.
713 3644 867 3700 Nune
908 3655 962 3699 et
991 3644 1349 3699 secundarum
1378 3653 1432 3699 et
1461 3647 1738 3700 tertiarum
1773 3646 1854 3699 vi-

1956 3645 2253 3716 vigilantem
2290 3663 2303 3701 :
2334 3645 2385 3700 id
2411 3656 2517 3713 est,
2543 3648 2783 3719 νηφάλιον
2813 3646 2935 3719 [ΑΙ.
2968 3651 3193 3723 νηφάλιον
3216 3650 3552 3723 ]:pudicum,

252 3743 392 3799 rium
424 3740 631 3813 gradus
653 3741 969 3804 assumitur,
991 3746 1052 3792 ut
1084 3738 1235 3793 turba
1260 3747 1314 3792 et
1338 3753 1565 3793 numero
1582 3738 1855 3794 exercitus

1958 3736 2062 3792 hoc
2084 3742 2226 3793 enim
2250 3738 2522 3809 signiﬁcat
2567 3744 2768 3817 σῶφρον
2806 3739 2821 3811 [
2848 3740 2933 3797 ΑΙ.
2964 3742 3239 3818 saepem],
3272 3752 3511 3798 ornatum
3541 3790 3554 3811 ,

260 3838 621 3908 compleatur.
659 3834 721 3887 Et
744 3832 1042 3903 quomodo,
1074 3832 1309 3902 inquies,
1345 3832 1656 3904 frequenter
1682 3833 1734 3888 in
1763 3848 1855 3888 or-
1960 3840 2016 3887 et
2065 3834 2322 3887 castitate
2376 3843 2432 3887 et
2489 3835 2779 3887 moribus:
2814 3834 3160 3903 hospitalem,
3213 3847 3269 3889 ut
3319 3836 3566 3896 imitetur

260 3928 539 3983 diuatione
566 3924 1064 3995 sacerdotalivirgo
1094 3924 1400 3996 negligitur,
1436 3936 1491 3980 et
1518 3924 1743 3981 maritus
1773 3941 1859 3980 as-
1966 3925 2236 3980 Abraham
2251 3934 2439 3980 etcum
2458 3925 2970 3996 peregrinis,immo
2990 3927 3040 3981 in
3061 3928 3562 3999 peregrinis,Chri-

262 4021 537 4076 sumitur?
562 4019 697 4085 Quia
726 4018 867 4073 forte
895 4028 1090 4073 ctetera
1119 4033 1282 4088 opera
1308 4034 1414 4074 non
1449 4018 1608 4075 habet
1635 4020 1860 4091 virgiui-
1964 4027 2106 4072 stum
2130 4020 2414 4088 suscipiat.
2448 4016 2727 4073 Doctorem
2756 4036 2777 4073 :
2801 4019 2932 4074 nihil
2972 4021 3120 4077 enim
3174 4024 3391 4090 prodest
3432 4040 3565 4079 con-

266 4114 357 4169 tati
396 4112 778 4182 congruentia,
804 4120 898 4166 aut
926 4113 1076 4183 virgo
1104 4122 1414 4183 putatur,et
1442 4129 1548 4169 non
1572 4122 1692 4170 est:
1719 4124 1745 4151 α
1773 4125 1861 4170 aut
1967 4112 2193 4167 scientia
2220 4110 2483 4165 virtutum
2512 4110 2637 4177 frui,
2669 4113 2771 4167 nisi
2796 4123 2851 4167 et
2875 4113 3142 4169 creditum
3172 4113 3274 4168 sibi
3307 4116 3567 4186 populum

268 4216 347 4263 est
371 4206 701 4275 virginitatis
734 4204 955 4260 infamis
985 4223 997 4258 :
1028 4217 1117 4261 aut
1142 4218 1293 4262 certe
1326 4209 1442 4279 ipsa
1486 4208 1772 4279 virginitas
1814 4209 1866 4266 ei
1966 4207 2138 4275 possit
2193 4206 2485 4270 instruere,
2531 4214 2591 4261 ut
2612 4206 2787 4262 valeat
2808 4207 3087 4263 exhortari
3122 4209 3173 4263 in
3199 4208 3471 4275 doctrina,
3512 4221 3570 4269 et

273 4303 410 4371 parit
438 4300 779 4370 superbiam,
803 4310 858 4354 et
883 4299 1009 4354 dum
1045 4300 1150 4354 sibi
1199 4301 1481 4371 applaudit
1508 4302 1573 4355 de
1602 4301 1717 4356 sola
1743 4317 1867 4357 eor-
1969 4316 2064 4356 eos
2117 4302 2210 4371 qui
2261 4300 2648 4356 contradicunt
2678 4303 3035 4373 redarguere.
3073 4301 3198 4358 Non
3229 4304 3571 4373 vinolentum,

274 4395 416 4466 poris
448 4394 723 4456 castitate,
747 4392 976 4447 virtutes
998 4403 1225 4449 caeteras
1268 4394 1510 4464 negligit.
1558 4392 1674 4449 Non
1727 4394 1872 4451 fovet
1972 4394 2094 4465 quia
2124 4396 2214 4467 qui
2252 4406 2272 4433 ε
2308 4411 2528 4467 semper
2555 4395 2610 4451 in
2641 4397 2861 4452 Sanctis
2890 4406 3204 4453 sanctorum
3258 4407 3365 4465 est,
3398 4408 3453 4455 et
3492 4402 3577 4455 of-

276 4501 541 4559 pauperes
573 4504 587 4540 :
616 4488 861 4556 pecunia:
917 4486 1169 4557 cupidior
1212 4494 1315 4539 est.
1362 4486 1559 4542 Evenit
1599 4489 1871 4544 interdum
1977 4488 2078 4544 fert
2102 4489 2328 4557 hostias,
2355 4490 2537 4545 vinum
2564 4501 2617 4545 et
2649 4492 2881 4545 siceram
2926 4506 3035 4547 non
3066 4492 3234 4559 bibet,
3265 4493 3387 4565 quia
3414 4494 3577 4569 293

278 4590 332 4635 ut
361 4580 573 4636 tristior
602 4578 809 4645 vultus,
842 4578 1135 4635 adductum
1161 4577 1539 4646 supercilium,
1564 4578 1591 4617 ιι
1625 4580 1872 4635 incessus
1978 4582 2033 4637 iu
2061 4584 2189 4638 vino
2219 4585 2432 4639 luxuria
2457 4595 2561 4641 est.
2586 4584 2678 4640 Sic
2698 4585 2846 4639 bibat
2870 4587 3181 4658 episcopus,
3211 4600 3267 4644 ut
3291 4605 3357 4647 an
3383 4590 3583 4648 biberit

281 4687 600 4744 pomparum
624 4671 845 4727 ferculis
872 4672 1088 4736 similis,
1112 4670 1357 4727 olTendat
1382 4671 1663 4741 populum,
1684 4682 1736 4728 et
1756 4676 1880 4744 quia
1908 4660 1960 4721 ι)
1986 4676 2286 4745 ignoretur.
2318 4676 2441 4731 Non
2467 4693 2843 4749 percussorem,
2877 4678 2930 4733 id
2953 4688 3058 4745 est,
3089 4681 3177 4750 qui
3211 4684 3582 4741 conscientias

284 4769 413 4822 nihil
439 4766 604 4823 habet
631 4765 777 4836 quod
809 4764 1174 4837 reprehendat
1200 4766 1253 4819 in
1284 4764 1414 4831 vita,
1447 4763 1687 4819 habitum
1702 4768 1875 4823 solum
1989 4785 2093 4823 non
2123 4770 2389 4839 percutiat
2417 4770 2776 4840 singulorum.
2810 4771 2994 4843 Neque
3019 4774 3162 4829 enim
3204 4778 3442 4848 pugilem
3490 4778 3588 4835 dc-

285 4860 460 4915 oderit
490 4866 547 4914 et
572 4859 869 4914 incessum.
924 4858 1073 4913 Multi
1104 4859 1374 4929 eliguntur
1399 4872 1507 4912 non
1557 4872 1745 4913 amore
1772 4858 1877 4925 sui,
1988 4862 2175 4917 scribit
2221 4878 2403 4917 sermo
2450 4862 2801 4932 apostolicus,
2848 4865 2945 4919 sed
2978 4867 3286 4935 pontificem
3331 4871 3585 4935 instituit,

289 4953 381 5009 sed
408 4952 635 5008 alterius
679 4951 824 5007 odio.
860 4951 917 5006 In
949 4951 1231 5023 plerisque
1278 4949 1592 5021 suﬁ‘raginm
1642 4961 1885 5007 meretur
1990 4954 2118 5025 quid
2150 4953 2332 5008 facere
2360 4968 2469 5008 non
2492 4952 2711 5007 debeat.
2746 4955 2916 5011 Docet
2946 4972 3088 5013 nunc
3116 4974 3148 5015 e
3180 4960 3403 5030 regione
3456 4962 3587 5029 quid

290 5048 403 5105 sola
430 5047 777 5119 simplicitas,
806 5057 861 5103 et
889 5046 1049 5118 292
1079 5046 1307 5102 alterius
1358 5044 1663 5117 prudentia:
1692 5055 1749 5102 et
1776 5046 1883 5102 cal-
1996 5046 2179 5102 faciat.
2212 5044 2320 5100 Sed
2343 5044 2653 5116 modestum,
2684 5064 2789 5102 non
2818 5047 3124 5120 litigiosum,
3158 5068 3257 5107 non
3300 5053 3547 5124 cupidum
3572 5070 3591 5121 ;

366 5291 391 5318 ⁸
416 5281 519 5336 Aut
536 5288 611 5355 est
630 5279 935 5351 virginitatis
962 5277 1192 5355 infamis.
1224 5277 1600 5355 Virginitatem
1631 5278 1886 5333 infamem
1996 5278 2064 5332 56
2090 5274 2427 5355 spatiandum
2480 5283 2589 5355 est,
2618 5294 2680 5332 ne
2725 5280 3053 5337 tarditatibus
3092 5293 3300 5338 utamur
3325 5284 3377 5338 in
3422 5300 3599 5355 gressu

302 5368 493 5408 vocare
527 5347 740 5407 videtur
768 5368 887 5423 eam
910 5391 925 5417 ,
959 5365 1082 5423 quae
1109 5348 1304 5423 injuria
1330 5347 1415 5423 'aci
1452 5349 1688 5423 violenta
1730 5365 1889 5423 manu
1994 5348 2339 5423 mollioribus,
2374 5354 2430 5401 ut
2451 5347 2643 5403 similes
2683 5368 2990 5421 pomparum
3033 5355 3243 5423 ferculis
3271 5371 3382 5408 esse
3422 5347 3603 5408 uidea-

306 5425 584 5479 hominum
610 5423 840 5477 efﬁcitur
873 5422 925 5476 iu
958 5422 1045 5483 iis,
1069 5420 1159 5489 qui
1183 5420 1250 5474 ab
1274 5421 1587 5475 hominibus
1619 5421 1744 5476 facti
1768 5429 1892 5493 sunt
1999 5435 2133 5474 mur.
2167 5418 2336 5493 Erant
2378 5434 2573 5491 nempe
2612 5418 2912 5487 gestamina
2952 5418 3196 5490 quicdam
3238 5427 3434 5493 quibus
3465 5426 3605 5478 deo-

307 5497 561 5561 eunuchi,
585 5494 667 5549 vel
696 5494 785 5565 qui
820 5493 890 5547 ita
928 5496 1036 5546 uati
1068 5504 1188 5565 sunt
1219 5507 1285 5545 ex
1319 5500 1491 5565 utero
1516 5494 1731 5565 matris.
1769 5491 1893 5547 llaec
2000 5508 2119 5565 rum
2170 5490 2455 5565 simulacra
2503 5494 2553 5565 in
2604 5497 2817 5563 pompis
2884 5490 3289 5551 deferebantur.
3354 5494 3490 5551 Vide
3546 5496 3600 5553 in

310 5568 586 5638 virginitas
610 5561 945 5639 infamisest,
968 5563 1299 5639 impediique
1319 5562 1527 5617 ordinis
1548 5563 1891 5633 dignitatem,
2001 5564 2177 5639 Epist.
2210 5561 2299 5629 Ill,
2322 5563 2390 5617 ad
2422 5561 2675 5619 Ruﬁnum
2700 5565 2752 5619 iu
2786 5567 2911 5632 line,
2942 5575 2995 5619 et
3016 5566 3081 5619 ad
3113 5566 3418 5630 Rusticum,
3443 5579 3607 5639 atque

313 5649 362 5693 et
387 5633 709 5693 electionem
742 5637 794 5690 in
824 5635 1064 5690 Clernm.
1092 5635 1360 5688 Maurus.
2007 5633 2156 5690 alibi.

380 5708 405 5748 δ
436 5708 683 5764 Incessus
710 5724 1017 5779 ροηιρρνιιηι
1042 5706 1273 5779 ferculis.
1300 5704 1473 5772 Supra
1500 5704 1551 5758 in
1576 5704 1806 5769 epistola
1833 5706 1900 5761 ad
2084 5717 2105 5779 ς
2152 5706 2402 5776 Legimus
2432 5722 2499 5762 ex
2540 5723 2674 5763 mss.
2699 5716 3032 5779 _nostrorum
3082 5711 3390 5779 consensu;
3448 5720 3609 5769 antea

317 5781 567 5858 Rufinum
590 5775 761 5835 eolﬁt
790 5796 803 5833 :
832 5775 1061 5858 'Fulgeut
1081 5775 1505 5858 quilibetuauro,_
1531 5779 1907 5858 etpompaticis
2015 5778 2159 5858 enim
2186 5775 2309 5849 quia
2349 5795 2547 5850 semper
2596 5780 2649 5833 in
2681 5777 2893 5833 Sanctis
2949 5777 3264 5839 Sanctorum
3291 5775 3411 5853 est,
3442 5794 3499 5841 et
3524 5787 3621 5857 qui

327 5853 529 5921 ferculis
550 5859 806 5921 coruscet.
831 5859 877 5902 et
902 5845 1119 5921 sarcinis
1150 5845 1366 5921 metalla
1388 5845 1817 5921 radiantqllabes
1836 5848 1909 5903 ibi
2023 5845 2325 5914 offer-“etc,

332 5916 642 5997 pomparum
674 5920 895 5976 ferenla.
922 5918 1457 5976 usurum—Cicero
1480 5917 1653 5987 primo
1675 5916 1829 5973 Olﬁe.
1866 5936 1912 5975 e.
