4062 6402
503 351 608 405 259

1755 341 1813 398 s.
1859 340 2132 401 EUSEBII
2170 317 2547 400 uteuonvtu

3712 312 3837 390 eoo

508 467 723 519 domum
752 477 894 518 suam
917 460 1043 515 bene
1070 468 1346 532 regentem,
1401 457 1542 528 ﬁlios
1573 458 1843 513 habentem
1871 457 2104 514 subditos
2131 461 2180 521 Α
2208 459 2388 514 stolus
2420 458 2473 511 in
2511 453 2796 512 suadendo
2823 464 2843 493 ι’
2879 467 2986 507 non
3024 449 3326 521 trepidaret
3352 465 3364 503 :
3403 447 3482 503 De
3527 447 3838 518 virginibus

509 572 624 609 cum
654 555 796 608 omni
819 553 1072 608 castitate.
1112 552 1247 610 Vide
1271 560 1469 622 quanta
1505 551 1763 621 pudicitia
1787 552 2037 623 exigatur
2065 553 2117 606 in

510 649 796 717 episcopo,
829 657 886 704 ut
919 647 966 702 si
994 646 1098 702 filii
1135 647 1254 717 ejus
1286 644 1544 715 impudici
1574 644 1797 706 fuerint.
1844 645 1962 715 ipse
2008 647 2123 715 epi-

510 752 715 810 scopus
766 753 891 795 esse
950 754 1062 794 non
1112 739 1309 810 possit,
1369 748 1423 792 et
1477 737 1674 794 eodem
1723 737 1855 792 vitio
1883 736 2124 791 offendat

514 829 709 897 Deum,
751 845 858 902 quo
887 829 1118 887 offendit
1167 830 1285 885 lleli
1328 828 1599 900 pontifex,
1645 831 1739 899 qui
1783 830 2126 898 corripuerat

507 922 730 994 quidem
764 923 933 987 ﬁlios;
966 922 1066 978 sed
1101 922 1228 992 quia
1256 938 1364 976 non
1405 923 1686 992 abiecerat
1714 921 2120 991 delinquentes,

505 1025 804 1070 retrorsum
837 1015 1059 1082 cecidit,
1089 1027 1142 1070 et
1168 1024 1422 1069 mortuus
1445 1026 1550 1080 est,
1577 1025 1868 1086 antequam
1900 1015 2122 1068 lucerna

515 1108 612 1164 Dei
639 1111 1078 1182 exstingueretur
1103 1109 1146 1178 (l
1169 1108 1302 1182 Reg.
1333 1110 1385 1176 2,
1417 1120 1464 1163 et
1491 1111 1568 1180 4).
1600 1108 1848 1164 Mulieres
1889 1109 2127 1163 similiter

519 1202 756 1271 pudicas,
786 1211 840 1258 et
869 1202 1097 1272 reliqua.
1126 1201 1186 1256 lu
1208 1203 1356 1256 οι)ιηί
1383 1202 1552 1273 gradu
1580 1212 1635 1257 et
1664 1217 1820 1269 sexu,
1854 1209 2006 1257 tenet.
2030 1215 2130 1271 pu-

516 1291 702 1349 dicitia
732 1295 1125 1365 principatum.
1165 1295 1356 1352 Cernis
1408 1296 1593 1365 igitur,
1621 1295 1767 1365 quod
1809 1294 2127 1364 episcopus,

521 1388 838 1458 presbyter,
892 1397 947 1443 et
987 1387 1249 1444 diaconus
1297 1403 1404 1443 non
1447 1389 1570 1444 ideo
1623 1390 1731 1443 sint
1779 1387 1951 1455 beati,
2002 1386 2131 1456 quia

525 1480 794 1551 episcopi,
846 1482 930 1536 vel
990 1483 1298 1555 presbyteri
1348 1483 1484 1549 sint,
1530 1493 1628 1540 aut
1677 1483 1916 1550 diaconi,
1966 1482 2060 1537 sed
2088 1481 2132 1536 si

525 1579 552 1608 ι
583 1572 810 1628 virtutes
839 1573 1128 1630 habuerint
1155 1577 1439 1632 nominum
1467 1591 1691 1632 suorum
1722 1587 1779 1632 et
1802 1577 2130 1631 ciliciorum.

525 1663 752 1737 Alioqui
784 1666 831 1721 si
859 1666 1120 1723 diacoiius
1154 1670 1398 1724 Sanctior
1416 1671 1674 1740 episcopo
1697 1685 1798 1724 suo
1823 1669 2004 1735 luerit,
2025 1667 2132 1722 non

523 1772 591 1812 ex
623 1774 688 1813 eo
717 1759 860 1830 quod
891 1760 1121 1816 inferior
1166 1762 1336 1832 gradu
1361 1773 1469 1826 est,
1499 1763 1639 1832 apud
1668 1762 1948 1818 Christum
1976 1760 2133 1817 dete-

2221 561 2397 606 autem
2438 559 2754 623 praceptnm
2799 545 3017 601 Domini
3044 561 3144 600 non
3167 543 3329 598 habeo
3359 541 3400 615 (l
3423 541 3544 596 Cor.
3573 558 3668 609 vn,
3700 540 3836 613 25).

2225 643 2434 708 Eteur,
2462 642 2902 713 itiqttie:,creata
2952 647 3081 693 sunt
3107 636 3388 707 genitalia,
3421 643 3477 690 et
3521 634 3599 688 sic
3639 649 3844 688 acon-

2224 735 2400 792 ditore.
2430 733 2836 805 sapientissimo
2858 729 3107 787 fabricati
3131 744 3339 791 sumus,
3370 737 3427 783 ut
3449 734 3694 782 mutuum
3728 741 3841 782 no—

2225 828 2326 883 stri
2350 827 2622 897 patiamur
2672 824 2953 889 ardorem,
2983 832 3038 880 et
3080 824 3378 895 gestiamus
3424 821 3476 876 in
3519 819 3841 880 naturalem

2224 922 2481 992 copulam
2509 921 2532 974 2
2556 920 2940 975 Periclitamur
2967 917 3345 987 responsionis
3391 913 3744 978 verecundia,
3777 921 3847 968 et

2227 1015 2378 1086 quasi
2412 1015 2558 1068 inter
2586 1013 2722 1068 duos
2749 1010 3028 1084 scopulos,
3061 1018 3112 1064 et
3160 1007 3424 1080 quasdam
3481 1006 3847 1064 necessitatis

2225 1120 2278 1165 et
2305 1108 2581 1182 pudicitia:
2603 1104 2632 1144 ἀ
2660 1104 3062 1181 eammeam,
3087 1103 3214 1159 hinc
3260 1113 3422 1172 atque
3447 1101 3589 1166 inde,
3615 1102 3698 1156 vel
3735 1118 3851 1172 pu-

2227 1198 2403 1267 doris,
2425 1201 2514 1255 vel
2537 1215 2714 1255 causa:
2766 1197 3104 1269 naufragium
3137 1195 3492 1251 sustinemus.
3525 1193 3581 1250 Si
3607 1193 3672 1249 ad
3703 1209 3848 1265 pro-

2230 1293 2406 1364 posita
2441 1293 2892 1364 respondeamus,
2920 1289 3127 1362 pudore
3154 1286 3539 1344 sulfundimur.
3572 1287 3626 1343 Si
3660 1286 3850 1355 pudor

2231 1385 2544 1455 impetrarit
2588 1383 2890 1450 silentium,
2945 1379 3103 1454 quasi
3151 1381 3220 1437 de
3268 1381 3388 1435 loco
3418 1379 3723 1435 videbimur
3744 1393 3850 1434 ee—

2231 1480 2385 1547 dere,
2413 1488 2472 1536 et
2494 1479 2810 1535 adversario
2835 1477 3068 1533 feriendi
3092 1477 3437 1532 occasionem
3470 1472 3619 1528 dare.
3644 1472 3849 1528 Melius

2231 1582 2318 1628 est
2343 1581 2529 1627 tamen
2555 1571 2786 1638 clausis,
2812 1569 2954 1641 quod
2982 1569 3204 1634 dicitur,
3221 1569 3400 1623 oculis
3423 1566 3846 1626 Andabatarum

2234 1680 2390 1723 more
2448 1681 2709 1738 pugnare,
2770 1681 2930 1736 quam
2961 1663 3172 1720 directa
3227 1663 3458 1733 Spicula,
3503 1662 3695 1736 clypeo
3729 1678 3848 1722 non

2235 1762 2508 1832 repellere
2538 1760 2805 1816 veritatis.
2845 1758 3098 1814 Poteram
3152 1757 3370 1828 quidem
3431 1757 3658 1813 dicere:
3689 1756 3848 1824 Quo-

522 1849 636 1904 rior
661 1851 784 1906 erit.
809 1853 913 1906 Aut
936 1853 1246 1924 Stephanus
1294 1853 1579 1916 diaconus.
1607 1855 1701 1925 qui
1723 1855 1935 1925 primus
1989 1870 2133 1908 mar-
2162 1866 2211 1928 Β
2238 1855 2404 1910 modo
2429 1853 2701 1924 posterior
2745 1867 2873 1922 pars
2920 1849 3171 1919 corporis
3207 1859 3261 1904 et
3288 1860 3498 1906 meatus
3533 1864 3631 1918 per
3670 1863 3847 1917 quem

526 1943 670 2014 tyrio
700 1955 995 2001 coronatus
1043 1957 1151 2012 est,
1184 1948 1358 2003 minor
1386 1950 1596 2004 futurus
1639 1958 1724 2005 est
1752 1949 1804 2008 in
1829 1963 1996 2018 regno
2023 1963 2136 2006 ct»-

526 2035 702 2092 lorum
757 2038 941 2093 tuultis
973 2041 1264 2112 episcopis,
1296 2051 1351 2098 et
1382 2040 1673 2097 Timotheo
1700 2057 1766 2098 ac
1813 2041 1955 2104 Tito,
1997 2056 2135 2110 quos

528 2138 590 2183 ut
620 2128 889 2198 subjicere
919 2149 1025 2187 non
1058 2134 1254 2200 audeo,
1288 2136 1356 2190 ita
1387 2150 1489 2191 nec
1525 2144 1865 2204 anteponere
1896 2135 2031 2206 (Act.
2057 2151 2131 2203 vt,

529 2232 578 2276 et
609 2221 716 2295 vn).
743 2224 1028 2292 Quomodo
1058 2228 1108 2281 in
1132 2227 1434 2300 legionibus
1454 2230 1770 2285 etexereitu
1791 2237 1914 2284 sunt
1941 2229 2131 2296 duces,

532 2327 660 2374 sunt
711 2320 936 2388 tribuni,
995 2332 1123 2378 sunt
1171 2325 1553 2390 centuriones,
1583 2335 1710 2382 sunt
1733 2324 2040 2392 ferentarii,
2070 2338 2136 2381 ac

531 2407 670 2465 levis
719 2424 1031 2480 armaturae,
1065 2426 1120 2472 et
1164 2419 1323 2474 miles
1368 2420 1676 2490 gregarius,
1727 2430 1785 2475 et
1829 2408 2133 2490 manipuli:

531 2506 1158 2579 commissaquepugna,
1209 2522 1403 2566 vacant
1446 2511 1667 2567 notitias
1706 2511 2054 2582 dignitatum,
2083 2518 2140 2568 et

531 2598 651 2654 sola
675 2597 935 2655 fortitudo
962 2603 1225 2673 quaeritur
1259 2622 1272 2658 :
1304 2605 1378 2662 ita
1411 2605 1464 2660 in
1487 2605 1590 2661 hoc
1609 2619 1808 2674 campo
1836 2613 1895 2660 et
1929 2603 2134 2675 praelia,

531 2706 640 2764 quo
694 2703 886 2750 contra
933 2695 1209 2752 daemones
1259 2697 1605 2763 ditnicamus,
1655 2712 1766 2752 non
1818 2704 2141 2766 quaeruntur

530 2787 775 2850 nomina,
805 2788 899 2842 sed
933 2803 1133 2858 opera;
1160 2798 1216 2844 et
1240 2789 1532 2859 glorio:ior
1561 2789 1655 2845 ille
1681 2789 1784 2846 sub
1807 2803 1938 2844 vero
1971 2791 2140 2857 impe-

535 2889 721 2933 ratore
749 2881 994 2946 Christo,
1027 2898 1134 2936 ηυυ
1166 2882 1259 2950 qui
1281 2882 1538 2945 nobilior,
1569 2880 1668 2938 sed
1695 2881 1790 2949 qui
1815 2880 2008 2935 fortior
2032 2888 2138 2935 est.

609 2971 764 3027 56.1"
773 2983 950 3026 ntttum
972 2975 1198 3043 patimur
1212 2974 1372 3030 nostri
1387 2974 1645 3030 ardorem.
1673 2973 1740 3028 1η
1769 2975 2142 3028 resurrectione

537 3069 716 3124 eadem
742 3069 1026 3124 substantia
1044 3073 1161 3123 erit.
1187 3070 1422 3137 Atdices
1442 3088 1455 3123 :
1472 3069 1528 3126 Si
1549 3083 1742 3125 omnes
1762 3069 2005 3139 virgines
2023 3068 2144 3123 fue-

535 3164 668 3230 rint,
696 3163 977 3234 quomodo
1003 3164 1168 3218 stabit
1196 3163 1496 3218 humanum
1537 3178 1706 3234 genus
1733 3163 1756 3217 ?
1779 3163 1887 3218 Par
1915 3162 2029 3233 pari
2057 3179 2143 3219 re-

536 3253 730 3311 feram.
768 3254 825 3312 Si
855 3271 1045 3311 omnes
1070 3255 1248 3311 viduae
1278 3255 1506 3323 fuerint,
1558 3257 1642 3312 vel
1691 3257 1744 3311 in
1789 3254 2140 3311 matrimonio
2166 3249 2212 3311 C

538 3351 913 3414 centincntes,
961 3350 1236 3420 quomodo
1264 3350 1434 3422 stirps
1464 3352 1782 3407 mortalium
1812 3351 2143 3423 propagabi-

542 3443 679 3498 tur?
713 3441 824 3500 Hac
856 3443 1070 3498 ratione
1099 3442 1236 3498 nihil
1286 3443 1512 3499 omnino
1552 3445 1680 3509 erit,
1719 3460 1790 3499 ne
1817 3444 1968 3498 aliud
2021 3459 2144 3500 esse

538 3535 786 3591 desistat.
841 3534 1000 3590 Verbi
1059 3537 1272 3606 gratia:
1325 3537 1370 3590 si
1426 3537 1610 3592 cuncti
1663 3537 1980 3608 philosophi
2007 3536 2138 3604 sint,

539 3627 800 3698 agricola:
829 3643 934 3682 non
967 3636 1148 3684 erunt.
1188 3629 1330 3699 Quid
1360 3629 1552 3700 loquar
1583 3629 1652 3685 de
1698 3631 1954 3700 agriColis
1981 3630 2005 3684 ?
2035 3647 2141 3686 non

541 3730 811 3788 oratores,
847 3720 1012 3794 294
1058 3736 1164 3777 non
1185 3721 1600 3791 juriseousulti,
1657 3738 1764 3778 non
1808 3723 2142 3793 reliquarum

546 3815 744 3869 artium
772 3825 1167 3887 prteceptores.
1206 3813 1266 3869 Si
1307 3815 1552 3871 universi
1581 3815 1875 3886 principes,
1903 3816 2023 3887 quis
2042 3817 2148 3871 erit

549 3909 844 3967 tniles?Si
886 3925 1079 3967 omnes
1113 3919 1316 3980 caput,
1365 3910 1524 3980 cujus
1574 3911 1917 3964 vocabuntur
1959 3918 2141 3980 caput,

548 4018 673 4057 cum
707 4013 901 4058 caetera
951 4002 1199 4058 membra
1248 4002 1570 4058 defuerint?
1593 4002 1842 4069 Yet-eris,
1876 4019 1943 4058 ne
1963 4003 2008 4058 si
2043 4004 2147 4058 vir-

539 4097 823 4168 ginitatetu
856 4097 1040 4167 plures
1067 4097 1420 4167 appetierint,
1450 4096 1711 4154 cessentb
1736 4099 1898 4167 lupte,
1929 4107 2146 4154 cessent

545 4191 802 4247 adulterae
836 4208 850 4243 :
882 4207 949 4246 ne
997 4189 1230 4246 infantes
1276 4190 1330 4245 in
1373 4192 1599 4247 urbibus
1624 4191 1875 4262 villisque
1919 4207 2029 4247 non
2054 4207 2147 4246 va-

545 4283 716 4355 giant.
743 4283 997 4353 Quotidie
1029 4283 1373 4340 moechorum
1397 4285 1618 4355 sanguis
1649 4283 1968 4349 eliunditur,
1994 4283 2149 4339 adul-

548 4379 683 4434 teria
714 4377 1065 4446 damnantur,
1096 4389 1149 4436 et
1192 4380 1337 4435 inter
1392 4380 1544 4450 ipsas
1575 4380 1727 4450 leges
1755 4389 1810 4435 et
1837 4393 2058 4435 secures
2085 4393 2150 4434 ac

548 4472 837 4529 tribunalia
865 4472 1100 4545 ﬂagrans
1149 4473 1318 4528 libido
1371 4473 1704 4530 dominatur.
1733 4471 1854 4528 Noli
1876 4471 2150 4542 {metuere

550 4581 618 4622 ne
647 4581 844 4620 omnes
897 4565 1140 4636 virgines
1185 4566 1351 4629 fiant;
1384 4565 1624 4622 difficilis
1672 4579 1762 4620 res
1789 4576 1873 4621 est
1925 4564 2150 4633 virgini-

2236 1948 2347 2002 alvi
2399 1957 2640 2002 stercora
2673 1954 2970 2015 egeruntur
3002 1944 3277 2016 relegatus
3307 1949 3392 1997 est
3447 1940 3517 1997 ab
3560 1942 3762 2008 oculis,
3789 1949 3853 1996 ct

2236 2042 2392 2113 quasi
2421 2051 2542 2111 post
2573 2048 2783 2110 tergunt
2835 2039 3065 2110 positus,
3098 2038 3170 2093 ita
3201 2045 3256 2093 et
3286 2037 3372 2093 hic
3398 2035 3490 2108 qui
3521 2037 3622 2092 sub
3650 2047 3852 2093 ventre

2237 2146 2343 2205 est,
2387 2146 2410 2174 ε
2440 2135 2506 2191 ad
2539 2135 2868 2206 digerendus
2909 2134 3166 2189 humores
3189 2141 3243 2188 et
3270 2139 3452 2204 potus,
3470 2130 3664 2203 quibus
3690 2146 3851 2189 vena:

2236 2233 2486 2303 corporis
2521 2231 2843 2302 irrigantur,
2877 2244 2906 2282 a
2940 2228 3076 2283 Deo'
3102 2227 3357 2282 conditus
3403 2234 3503 2282 est,
3542 2225 3650 2280 Sed
3704 2239 3851 2296 quo-

2236 2327 2382 2383 niam
2417 2326 2530 2396 ipsa
2561 2338 2765 2395 organa
2791 2332 2844 2377 et
2868 2321 3188 2393 genitalium
3212 2318 3434 2385 fabrica,
3469 2327 3524 2375 et
3545 2327 3730 2374 nostra
3758 2317 3848 2373 fe-

2239 2421 2620 2488 minarumque
2672 2416 2973 2484 discretio,
3029 2424 3079 2470 et
3142 2413 3483 2483 receptacula
3539 2411 3720 2464 vulvae
3772 2408 3847 2464 ad

2239 2513 2624 2584 suscipiendos
2641 2521 2695 2567 et
2725 2509 3020 2566 coalendos
3064 2510 3204 2564 fetus
3227 2507 3468 2574 condita,
3495 2520 3657 2561 sexus
3684 2503 3851 2561 diffe-

2239 2607 2830 2678 rentiam-prmdicant,
2866 2607 2971 2660 hoc
3000 2603 3238 2662 breviter
3266 2600 3608 2674 respondebo
3634 2619 3646 2656 :
3668 2600 3848 2656 Num-

2241 2720 2401 2776 quam
2425 2717 2558 2774 ergo
2589 2715 2872 2758 cessemus
2900 2716 2928 2754 a
2962 2699 3206 2763 libidine,
3241 2714 3308 2755 ne
3338 2699 3536 2753 frustra
3586 2697 3849 2768 hujusce-

2244 2797 2390 2853 modi
2422 2795 2668 2851 membra
2701 2803 3002 2866 portemus.
3047 2794 3159 2849 Cur
3189 2791 3332 2848 enim
3383 2792 3614 2846 maritus
3658 2805 3718 2845 se
3746 2789 3851 2844 ab-

2244 2891 2442 2946 Stineat
2469 2891 2536 2944 ab
2567 2904 2740 2944 uxore
2765 2887 2790 2942 ?
2813 2888 2974 2961 295
2998 2885 3107 2943 Cur
3134 2896 3282 2943 casta
3309 2885 3472 2942 vidua
3505 2891 3846 2954 perseveret,

2243 2985 2288 3040 si
2331 2983 2397 3039 ad
2424 2983 2529 3037 hoc
2556 2991 2769 3037 tantum
2802 2982 2914 3034 uati
2946 2995 3159 3044 sumus,
3194 2995 3249 3034 ut
3283 2978 3548 3050 pecudum
3583 2992 3738 3034 more
3763 2977 3850 3032 vi-

2244 3090 2434 3131 vamus
2460 3076 2484 3124 2
2517 3077 2623 3130 Aut
2647 3075 2773 3146 quid
2817 3073 2946 3128 mihi
2996 3071 3232 3140 nocebit,
3282 3071 3325 3126 si
3357 3087 3478 3126 eum
3526 3086 3692 3127 uxore
3723 3084 3845 3126 mea

2245 3171 2384 3225 alius
2411 3167 2809 3224 concubuerit?
2836 3166 3124 3236 Quomodo
3151 3167 3294 3222 enim
3327 3166 3570 3226 dentium
3603 3163 3845 3221 officium

2245 3273 2327 3318 εει
2349 3261 2632 3326 mandere,
2657 3270 2712 3316 et
2762 3260 2813 3314 in
2846 3259 3029 3314 alvum
3060 3275 3123 3315 ea
3149 3274 3270 3330 quae
3296 3267 3423 3314 sunt
3451 3273 3637 3313 mansa
3663 3267 3845 3312 trans-

2247 3355 2490 3421 mittere,
2520 3363 2704 3409 etnon
2737 3351 2901 3407 habet
2945 3353 3156 3408 crimen
3187 3351 3276 3423 qui
3326 3351 3542 3424 conjngi
3591 3365 3728 3406 mea:
3752 3365 3848 3421 pa-

2247 3464 2370 3504 nem
2403 3447 2616 3504 dederit
2648 3465 2659 3500 :
2689 3446 2758 3500 ita
2809 3445 2851 3501 si
2884 3445 3202 3517 genitalium
3238 3447 3342 3500 hoc
3371 3455 3454 3500 est
3496 3443 3756 3511 officium,
3785 3454 3847 3500 ut

2249 3559 2466 3614 semper
2492 3540 2746 3596 fruantur
2769 3551 2963 3596 natura
2997 3557 3116 3606 sua,
3154 3557 3329 3597 meam
3351 3540 3731 3598 lassitudinem
3757 3541 3842 3596 al-

2246 3639 2421 3692 terius
2456 3635 2603 3690 vires
2637 3634 2656 3672 τ
2691 3644 2990 3704 superent:
3023 3643 3078 3691 et
3131 3634 3340 3701 uxoris,
3373 3642 3432 3688 ut
3485 3635 3558 3689 ita
3587 3633 3844 3700 dixerim.

2248 3731 2695 3787 ardentissimam
2711 3729 2892 3801 gulam
2922 3729 3145 3787 fortuita
3168 3729 3337 3784 libido
3367 3728 3687 3800 restinguat.
3704 3727 3843 3800 Quid

2248 3824 2348 3878 sibi
2378 3831 2560 3879 autem
2584 3823 2700 3878 vult
2725 3821 3029 3893 apostolus,
3058 3833 3114 3877 ut
3136 3820 3202 3876 ad
3231 3820 3622 3877 continentiam
3649 3820 3843 3876 cohor-

2249 3926 2422 3984 tetur,
2465 3919 2511 3973 si
2535 3927 2724 3974 contra
2776 3924 3024 3971 naturam
3074 3914 3368 3985 est?Quid
3415 3916 3530 3985 ipse
3584 3914 3842 3969 Dominus

2249 4012 2341 4082 qui
2370 4011 2745 4066 cunuchorum
2783 4009 3029 4080 praecipit
3071 4007 3367 4063 varietates
3388 4008 3410 4061 ?
3439 4008 3602 4063 Certe
3630 4017 3843 4078 aposto-

2249 4105 2357 4172 lus,
2379 4105 2469 4176 qui
2501 4104 2567 4160 ad
2591 4119 2743 4159 suam
2766 4119 2862 4158 nos
2884 4111 3148 4173 provocat
3165 4099 3509 4172 pudicitiam,
3529 4099 3691 4157 debet
3713 4115 3841 4157 eon-

2250 4211 2460 4259 stanter
2486 4199 2693 4266 audire,
2727 4213 2826 4253 cur
2866 4207 3054 4268 portas
3096 4208 3397 4261 veretrum,
3432 4210 3464 4250 ο
3493 4193 3659 4249 Paule
3687 4193 3710 4246 ?
3738 4193 3843 4253 Cur

2251 4310 2280 4349 a
2309 4309 2442 4349 sexu
2488 4290 2834 4354 feminarum,
2883 4289 3072 4356 barba,
3106 4287 3252 4360 pilis,
3300 4287 3516 4358 aliaque
3571 4283 3841 4342 membro-

2252 4404 2371 4443 rum
2404 4383 2665 4456 qualitate
2694 4384 3099 4456 distingueris?
3138 4393 3162 4431 8
3185 4384 3295 4440 Cur
3323 4392 3427 4438 tua:
3464 4396 3568 4437 non
3611 4381 3843 4442 intume-

2253 4489 2411 4535 scunt
2439 4478 2680 4549 papilla},
2711 4492 2820 4533 non
2848 4475 3149 4533 dilatantur
3191 4490 3374 4538 renes,
3404 4489 3509 4528 non
3540 4482 3732 4542 pectus
3753 4488 3840 4528 ar-

2254 4571 2478 4627 ctatitr?
2515 4571 2636 4626 Vox
2697 4569 3001 4626 obsoletior
3055 4576 3182 4635 est,
3225 4580 3407 4622 sermo
3466 4562 3700 4628 ferocior
3733 4606 3746 4632 ,
3791 4576 3843 4621 et

551 4669 656 4724 tas,
688 4667 742 4712 et
766 4657 889 4712 ideo
920 4673 1066 4727 rara,
1091 4659 1220 4729 quia
1248 4657 1488 4714 difficilis
1520 4677 1534 4712 :
1569 4656 1730 4716 Multi
1775 4658 1960 4724 uocati,
1993 4658 2148 4728 pauci
2175 4628 2226 4690 Β
2255 4665 2526 4720 hirsutius
2573 4663 2949 4735 supercilium.
2978 4661 3198 4717 Frustra
3225 4659 3344 4716 haec
3385 4658 3571 4715 omnia
3604 4656 3840 4713 virorum

545 4752 695 4808 electi
727 4749 908 4824 (Matt.
936 4751 1129 4820 xx,l6,
1153 4763 1200 4807 et
1230 4752 1486 4822 unﬁt).
1515 4752 1764 4821 Incipere
1784 4751 2145 4822 plurimorum

549 4855 656 4911 est,
693 4859 1051 4916 perseverare
1105 4861 1428 4916 paucorum.
1461 4846 1613 4908 Uade
1665 4855 1722 4902 et
1760 4846 1970 4916 grande
2010 4861 2150 4915 prte-

547 4938 716 4994 mium
746 4954 958 5002 eorum,
991 4937 1082 5009 qui
1117 4939 1611 5008 perseveraverint.
1647 4938 1705 4994 Si
1756 4952 1952 4994 omnes
1982 4938 2149 5007 virgi-

547 5048 644 5089 nes
672 5048 794 5089 esse
824 5040 1069 5103 possent,
1121 5046 1414 5100 numquam
1471 5041 1529 5086 et
1579 5029 1842 5088 Dominus
1890 5031 2144 5088 diceret:

548 5126 650 5191 Qui
685 5135 849 5190 potest
878 5139 1079 5193 capere,
1113 5124 1284 5194 capiat
1321 5123 1536 5195 (Matth.
1579 5139 1690 5189 ιιι,
1726 5123 1814 5194 12)
1844 5139 1858 5189 ;
1891 5132 1946 5179 et
1996 5123 2145 5195 Apo-

619 5314 646 5344 ⁸
671 5303 934 5360 Voculam
959 5304 1004 5358 ei
1030 5319 1094 5359 ex
1119 5311 1350 5371 quatuor
1378 5304 1579 5359 nostris
1601 5320 1732 5360 mss.
1762 5303 2002 5360 etvetcri
2031 5303 2146 5362 edi-

545 5381 692 5437 tione
714 5379 1053 5442 suffecimus,
1081 5376 1242 5444 paulo
1266 5386 1386 5446 post
1413 5375 1572 5430 iidem
1607 5391 1738 5431 mss.
1763 5374 1863 5428 sub
1908 5376 2143 5431 interro-

542 5453 701 5525 gandi
731 5463 857 5507 nota
901 5466 1022 5505 mon
1048 5464 1112 5525 ex
1140 5463 1198 5502 eo
1217 5446 1374 5525 quod
1410 5448 1644 5517 inferior,
1669 5461 1777 5503 etc.

617 5525 643 5563 ι’
672 5525 803 5582 Mss.
885 5523 1060 5578 nostri
1108 5528 1165 5576 et
1209 5521 1444 5575 Gravius
1493 5535 1708 5591 quotiue
1783 5527 1979 5572 cessent
2035 5535 2142 5574 esse

544 5597 712 5722 “and
723 5608 891 5736 ligone
911 5663 1141 5733 negandi
1174 5663 1439 5736 particula
1457 5662 1583 5736 fere
1612 5661 1917 5736 elegantius
1940 5659 2145 5736 habent

544 5729 876 5795 Veronensis
901 5748 962 5792 et
983 5729 1367 5790 Casanalensis
1409 5734 1610 5790 libriin
1660 5729 1933 5787 suadendo
1983 5733 2142 5802 trepi-

542 5811 848 5934 dagciiostri
877 5875 1073 5931 iubent
1100 5874 1741 5948 wyxayidachpressa
1769 5880 1949 5932 autem
1982 5873 2145 5934 lectio

2255 4757 2446 4821 babes,
2481 4757 2526 4811 si
2557 4756 2848 4828 complexu
2878 4769 2986 4808 non
3011 4752 3182 4808 uteris
3215 4751 3567 4808 feminarum.
3590 4748 3838 4820 Compel-

2253 4849 2335 4904 lor
2364 4847 2567 4918 aliquid
2617 4847 2763 4918 loqui
2809 4855 2862 4900 et
2903 4845 3170 4917 insipiens
3203 4845 3317 4902 ﬁeri
3348 4860 3362 4911 ;
3394 4842 3489 4900 sed
3512 4858 3609 4898 vos
3653 4857 3760 4905 me.
3789 4850 3841 4897 ιιι

2248 4941 2396 5012 loqui
2427 4941 2677 5007 audeam,
2711 4937 2990 5010 eoegistis.
3027 4937 3296 4998 Dominus
3325 4945 3513 4993 noster
3541 4942 3706 5006 atque
3729 4933 3842 4994 Sal-

2252 5042 2430 5100 vatur,
2462 5033 2551 5103 qui
2603 5047 2727 5087 cum
2775 5030 2829 5086 in
2865 5029 3038 5086 forma
3093 5029 3190 5086 Dei
3235 5039 3402 5097 esset,
3443 5028 3672 5084 formam
3705 5026 3840 5083 servi

2252 5127 2502 5198 dignatus
2527 5135 2610 5180 est
2657 5139 2960 5188 assumere.
2992 5124 3165 5180 factus
3196 5122 3463 5180 obedieus
3504 5121 3652 5177 Patri
3679 5136 3840 5193 usque

2247 5307 2420 5378 magis
2449 5305 2677 5369 arridet,
2702 5317 2856 5361 erant
2884 5321 3078 5377 nempe
3095 5305 3488 5379 Symplegades
3514 5305 3703 5360 insulze
3731 5305 3840 5362 dua).

2246 5377 2364 5434 sive
2419 5380 2626 5450 mtrpuli
2678 5380 2730 5450 itt
2780 5379 3068 5445 Busttltoro
3111 5377 3150 5432 α’
3192 5377 3600 5450 conflictatione
3635 5379 3839 5450 Vsicgap-

2246 5453 2480 5533 pellam.
2518 5447 2653 5507 'Mox
2700 5448 3087 5506 Casanateusis
3126 5451 3169 5506 si
3195 5447 3364 5520 pudor
3394 5449 3664 5521 imperarit
3693 5448 3843 5504 silens

2247 5533 2395 5577 trum.

2323 5595 2502 5678 {Erat
2533 5601 2692 5650 antea
2738 5594 2808 5648 ad
2847 5593 3182 5664 amystidas,
3221 5590 3364 5672 quod
3391 5588 3689 5648 emendant
3712 5607 3837 5650 mss.

2250 5675 2423 5720 nostri
2442 5681 2654 5722 omnes.

2330 5737 2346 5774 ί
2385 5735 2717 5794 Veronensis
2767 5752 2872 5792 ms.
2904 5744 3205 5807 suppurent.

2325 5817 2349 5855 Β
2382 5808 2528 5864 Idem
2547 5808 2752 5878 absque
2774 5804 3075 5878 μειβοσὶιο
3089 5804 3349 5862 adverbio
3373 5819 3485 5856 cur.
