4068 6344
515 340 623 401 965

1778 326 1835 381 S.
1878 321 2145 381 EUSEBII
2188 318 2575 378 IllERONYMl

3716 325 3821 387 164

510 456 693 509 num".
728 449 838 506 Sed
886 461 983 503 nos
1028 445 1123 517 qui
1162 457 1389 515 corpora
1418 449 1607 498 nostra
1652 439 1913 496 exhibere
1946 441 2111 497 debe-
2140 442 2182 500 Λ
2216 436 2555 492 credentium
2588 433 2829 489 volueris
2869 434 3096 497 referre,
3145 441 3198 489 et
3230 434 3280 489 in
3315 435 3418 491 hac
3456 435 3819 505 desponsione

507 559 647 606 tuus,
682 542 915 597 hostiam
963 542 1175 604 vivam,
1210 545 1477 599 sanctam,
1510 534 1812 604 placentem
1854 533 1987 596 Deo,
2023 548 2107 587 ra—

504 635 760 691 tionabile
808 634 1129 701 obsequium
1178 640 1447 694 nostrum,
1500 642 1607 683 non
1660 626 1787 697 quid
1842 625 2109 680 concedat

503 728 675 795 Deus,
708 726 802 784 sed
832 726 959 798 quid
1005 724 1156 789 velit,
1189 721 1599 779 consideremus
1638 738 1649 772 :
1683 729 1741 774 ut
1791 721 2102 788 probemus,

500 840 623 895 quas
646 821 718 877 sit
746 821 996 875 voluntas
1013 816 1109 873 Dei
1135 818 1272 871 bona
1303 825 1357 871 et
1380 814 1743 884 beneplacens
1765 821 1820 868 et
1842 811 2104 882 perfecta.

504 918 648 989 Ergo
678 914 823 987 quod
868 911 1143 974 concedit,
1195 924 1297 964 nec
1340 908 1562 970 bonum,
1599 922 1700 962 nec
1745 906 2109 974 beneplacens

506 1019 612 1074 est,
644 1021 743 1063 nec
771 1004 1089 1076 perlectum.
1124 1000 1429 1070 Redditque
1473 1014 1667 1054 causas
1708 1013 1804 1051 cur
1837 996 1939 1049 hoc
1979 1011 2103 1049 sna-

507 1102 632 1159 deat
660 1123 671 1154 ;
703 1099 933 1155 Scientes
958 1106 1179 1161 tempus,
1210 1096 1334 1163 quia
1356 1091 1488 1145 hora
1509 1101 1581 1145 est
1595 1095 1715 1164 jam
1730 1106 1823 1144 nos
1843 1092 1905 1143 de
1930 1104 2109 1141 somno

508 1213 736 1269 surgere.
783 1191 934 1248 Nunc
978 1199 1148 1244 autem
1177 1189 1386 1259 prapior
1418 1196 1489 1241 est
1533 1195 1709 1239 nostra
1757 1183 1921 1247 salus,
1953 1198 2108 1253 quam

509 1306 626 1345 cum
655 1286 989 1342 credidimus.
1028 1281 1077 1335 Ν
1085 1298 1151 1336 ox
1178 1279 1462 1349 prwcessit,
1488 1278 1599 1331 dies
1628 1289 1799 1331 autem
1826 1275 2112 1347 appropin-

507 1381 705 1452 quavit.
758 1379 823 1432 Et
855 1378 904 1429 itt
935 1384 1182 1430 extremo
1218 1389 1230 1425 :
1262 1370 1551 1424 Indaimini
1602 1368 1879 1422 Dominum
1931 1365 2111 1420 Iesum

509 1472 792 1535 Christunt,
822 1476 869 1521 et
917 1465 1087 1519 carnis
1117 1477 1296 1517 curam
1326 1476 1388 1514 ne
1442 1461 1667 1530 feceritis
1720 1460 1771 1512 in
1818 1457 2107 1511 desideriis.

509 1564 670 1622 Aliud
695 1570 779 1618 est
809 1560 1058 1615 voluntas
1092 1557 1204 1625 Dei,
1236 1555 1383 1610 aliud
1412 1554 1773 1625 indulgentia.
1793 1552 1947 1609 Unde
1969 1563 2022 1607 et
2043 1550 2109 1604 ad

510 1656 825 1713 Corinthios
853 1650 1251 1716 scribens,ait:
1279 1649 1407 1721 Ego,
1437 1650 1644 1719 fratres,
1674 1663 1777 1701 non
1807 1647 1949 1715 potui
1975 1646 2111 1714 loqui

512 1751 650 1807 vobis
704 1750 834 1803 sicut
883 1742 1239 1816 spiritualibus
1276 1756 1294 1795 :
1342 1741 1432 1794 sed
1474 1740 1604 1794 sicut
1649 1738 1943 1792 carnalibus
1976 1734 1995 1807 [
2025 1737 2108 1791 Al.

2209 530 2506 595 Christi,et
2528 530 2810 584 maritatas
2836 536 2892 581 et
2911 528 3249 598 digamas,et
3272 529 3485 594 viduas,
3513 530 3821 601 etvirgines

2209 626 2498 691 contineri,
2531 625 2633 679 hoc
2660 637 2876 694 quoque
2902 638 2999 693 pro
3030 623 3187 677 nobis
3210 622 3362 679 facit.
3388 623 3520 679 Nam
3550 624 3675 678 dum
3701 640 3821 679 om-

2212 734 2311 774 nes
2354 718 2419 772 ad
2464 716 2778 788 pudicitiam
2808 726 2860 771 et
2905 716 3187 784 prremium
3219 716 3553 788 virginitatis
3604 717 3815 783 invitat,

2211 812 2449 868 ostendit
2470 811 2684 867 cunctis
2705 811 2963 881 gradibus
2986 811 3353 880 virginitatem
3379 827 3502 866 esse
3527 810 3816 879 potiorem.

2212 906 2558 975 Rursumque
2603 904 2666 958 ad
2716 903 2974 959 Galatas:
3013 902 3093 957 Ea:
3120 904 3382 975 aperibus,
3420 903 3615 973 inquit,
3646 902 3818 976 Legis,

2213 1017 2313 1053 non
2332 998 2710 1072 justiﬁcabitur
2742 998 2907 1050 omnis
2940 1013 3060 1049 caro
3087 995 3227 1065 (Cal.
3260 1012 3319 1061 ιι,
3348 996 3459 1066 16).
3489 996 3664 1065 Opera
3690 995 3823 1067 legis

2211 1104 2267 1149 et
2299 1094 2501 1163 nuptire
2532 1100 2678 1156 sunt,
2711 1093 2853 1147 unde
2880 1101 2933 1145 et
2968 1091 3370 1145 maledicuntur
3394 1091 3446 1145 in
3479 1106 3565 1155 ea,
3593 1091 3685 1161 qui
3709 1090 3819 1160 Ml.

2211 1184 2354 1257 qum]
2387 1202 2493 1241 non
2529 1186 2733 1241 habent
2781 1184 2943 1238 ﬁlios.
2992 1182 3125 1251 Quae
3175 1184 3218 1237 si
3251 1182 3629 1238 Conceduntur
3656 1184 3821 1237 etiam

2214 1279 2266 1333 in
2296 1278 2610 1349 Evangelio,
2643 1276 2787 1331 aliud
2832 1284 2919 1332 est
2962 1276 3351 1345 indulgentiam
3384 1276 3685 1330 infirmitati
3725 1277 3821 1330 tri-

2214 1373 2403 1438 buere,
2436 1374 2578 1426 aliud
2614 1372 2906 1427 virtutibus
2937 1372 3162 1441 prsentia
3193 1372 3458 1442 polliceri.

2286 1470 2375 1523 58.
2408 1468 2593 1523 Dicam
2620 1476 2675 1523 et
2698 1483 2798 1537 ego
2827 1468 3231 1538 nuptiatoribns
3259 1469 3415 1534 meis,
3440 1469 3530 1538 qui
3557 1477 3681 1539 post
3704 1486 3824 1525 cas-

2216 1562 2423 1615 titatem
2454 1570 2508 1615 ct
2530 1560 2849 1614 diuturnam
2876 1560 3267 1615 continentiam
3290 1561 3484 1616 saltant
3505 1561 3571 1617 ad
3592 1563 3820 1630 coitmn,

2213 1663 2268 1706 et
2296 1652 2559 1721 pecudum
2612 1668 2763 1707 more
2809 1654 3140 1707 lasciviunt:
3179 1653 3266 1709 Sic
3314 1654 3634 1723 insipientes
3665 1657 3819 1720 estis,

2216 1755 2276 1800 ιιι
2301 1761 2423 1800 cum
2458 1747 2735 1812 cmperitis
2757 1747 2977 1815 spiritu,
3009 1761 3149 1801 nunc
3175 1762 3339 1801 carne
3366 1749 3819 1805 consummemini

508 1844 664 1915 quasi
681 1839 722 1913 1;
748 1840 880 1894 sicut
908 1836 1134 1907 parvulis
1165 1836 1217 1887 in
1239 1831 1464 1897 Christo,
1483 1833 1567 1885 lac
1589 1830 1729 1884 vobis
1757 1841 1934 1899 potant
1966 1828 2107 1891 dedi,

2219 1840 2361 1911 (Gal.
2397 1857 2479 1904 tn,
2506 1841 2603 1907 3)?
2634 1839 2799 1894 Tanta
2835 1842 2973 1907 passi
3000 1842 3121 1895 estis
3163 1842 3271 1895 sine
3301 1843 3496 1896 causa?
3524 1843 3823 1912 Apostolus

513 1954 618 1993 non
649 1951 819 1990 escam
851 1949 868 1987 :
898 1930 1145 1986 Nondum
1182 1927 1318 1982 enim
1367 1925 1650 1998 poteratis;
1677 1924 1765 1978 sed
1796 1939 1957 1992 neque
1984 1938 2119 1974 nunc

514 2030 745 2102 potestis.
794 2025 977 2081 Adhuc
1017 2023 1153 2077 enim
1198 2018 1437 2075 carnales
1468 2018 1589 2072 estis
1623 2017 1666 2089 (I
1690 2013 1812 2069 Cor.
1844 2031 1925 2081 ιιι,
1958 2014 2016 2081 2,
2044 2014 2115 2085 ι).

513 2123 614 2191 Qui
643 2119 894 2176 animalis
922 2125 1095 2182 est,et
1128 2131 1233 2171 non
1271 2115 1467 2183 recipit
1490 2112 1598 2183 [AL
1630 2108 1878 2181 percipit]
1904 2124 1968 2165 ea
1996 2124 2119 2179 quas

508 2216 735 2287 spiritus
763 2213 859 2267 Dei
891 2220 1017 2267 sunt
1046 2209 1301 2282 (stultitia
1350 2205 1492 2262 enim
1546 2204 1624 2259 illi
1656 2214 1757 2270 est,
1800 2219 1899 2257 nec
1942 2210 2119 2272 potest

510 2310 840 2380 intelligere,
871 2307 993 2378 quia
1027 2302 1385 2374 Spiritualiter
1417 2312 1439 2335 ει
1471 2298 1851 2369 dijudicatur),
1876 2297 1979 2350 iste
2009 2312 2114 2349 tton

511 2404 769 2475 perfecta:
815 2399 1086 2457 castitatis
1132 2397 1278 2462 cibo,
1307 2394 1402 2449 sed
1453 2393 1574 2448 rudi
1619 2392 1927 2462 nuptiarum
1979 2390 2117 2444 lacte

512 2502 769 2556 nutritur.
803 2495 955 2553 Sicut
986 2510 1082 2565 per
1112 2492 1387 2547 hominem
1422 2504 1590 2556 mors,
1624 2489 1702 2543 sic
1732 2495 1787 2540 et
1815 2501 1909 2555 per
1944 2485 2117 2539 homi-

508 2607 633 2649 nem
666 2587 998 2647 resurrectio
1020 2595 1379 2641 mortuorum.
1407 2580 1691 2649 Quomodo
1721 2580 1773 2633 in
1805 2577 1977 2632 Adam
2001 2593 2114 2631 om-

512 2698 611 2741 nes
642 2686 926 2748 tnorimnr,
958 2681 1036 2734 sic
1078 2680 1130 2732 in
1183 2676 1403 2731 Christo
1449 2689 1641 2731 omnes
1696 2669 2112 2725 viviIiCahimur.

513 2777 848 2833 Servivimus
868 2775 922 2828 in
953 2774 1071 2843 lege
1096 2771 1269 2827 veteri
1294 2769 1467 2824 Adam
1494 2786 1507 2821 :
1533 2766 1837 2822 serviamus
1866 2762 1918 2817 in
1938 2762 2116 2815 Evan-

513 2869 657 2940 gelio
708 2882 847 2923 novo
900 2867 1090 2920 Adam.
1128 2864 1325 2920 Factus
1373 2871 1457 2917 est
1505 2858 1647 2914 enim
1696 2857 1902 2928 primus
1955 2854 2114 2907 homo

514 2962 714 3025 Adam,
740 2962 794 3015 in
825 2959 1059 3013 animum
1090 2960 1386 3021 viventem,
1411 2963 1466 3009 et
1498 2951 1826 3007 novissimus
1859 2947 2030 3002 Adam
2061 2951 2111 3000 in

511 3053 767 3124 spiritum
784 3051 1168 3107 viviﬁcantem.
1203 3047 1413 3101 Primus
1437 3047 1588 3100 homo
1610 3048 1672 3097 de
1699 3057 1836 3097 terra
1858 3052 2111 3095 terrenus.

516 3147 787 3203 Secundus
814 3143 966 3199 homo
990 3144 1053 3198 de
1081 3142 1209 3197 cmlo
1239 3140 1475 3195 ccclesiis.
1496 3138 1683 3206 Qualis
1705 3149 1960 3199 terrenus,
1986 3131 2112 3186 tales

2224 1934 2369 2005 qunti
2396 1934 2743 1989 continentia:
2769 1934 3090 2002 quibusdam
3115 1936 3288 1989 nodos
3310 1936 3539 1999 relaxat,
3563 1935 3823 1991 etdimil-

2224 2026 2287 2081 tit
2336 2025 2484 2079 frena
2539 2025 2910 2089 currentibus,
2948 2036 3167 2095 propter
3211 2026 3576 2081 inlirmitatem
3636 2028 3823 2082 carnis

2223 2121 2327 2177 hoc
2371 2122 2522 2176 facit.
2575 2119 2771 2175 Contra
2802 2137 2961 2190 quam
3012 2122 3256 2176 scribens
3300 2122 3481 2177 denuo
3528 2122 3820 2191 loquitur:

2223 2218 2425 2290 Spiritu
2455 2216 2736 2284 ambulate,
2768 2228 2814 2271 et
2842 2218 3155 2271 desiderium
3187 2218 3355 2271 carnis
3388 2235 3491 2271 non
3520 2218 3820 2287 perﬁcietis.

2221 2310 2357 2365 Caro
2396 2312 2532 2365 enim
2578 2312 2895 2380 concupiscit
2941 2310 3187 2365 adversus
3230 2312 3488 2383 spiritum,
3522 2323 3568 2365 et
3603 2314 3823 2383 spiritus

2220 2406 2466 2459 adversus
2515 2421 2721 2459 carnem
2745 2403 2889 2477 (Gal.
2927 2422 2977 2469 v,
3034 2405 3123 2470 16,
3159 2406 3268 2473 Π).
3317 2406 3433 2461 Non
3482 2422 3711 2462 necesse
3741 2418 3824 2463 est

2221 2514 2362 2553 nunc
2391 2498 2457 2552 de
2484 2499 2743 2569 operibus
2770 2499 2949 2553 carnis
2980 2498 3185 2566 dicere,
3218 2502 3343 2569 quia
3372 2501 3591 2571 longum
3636 2512 3742 2567 est,
3771 2512 3824 2559 et

2220 2590 2375 2646 facile
2400 2602 2596 2662 potest,
2628 2592 2697 2646 de
2743 2591 2990 2661 Apostoli
3023 2592 3266 2662 Epistola
3312 2609 3551 2660 sumere,
3582 2595 3672 2663 qui
3708 2593 3820 2667 [Αἰ.

2217 2682 2362 2753 quia.
2390 2683 2523 2754 etc.]
2566 2683 2822 2737 voluerit.
2858 2684 3041 2738 Dicam
3068 2694 3273 2739 tantum
3315 2684 3381 2738 de.
3414 2687 3633 2755 spiritu,
3664 2689 3824 2753 cujus

2218 2774 2423 2829 fructos
2452 2787 2597 2843 sunt,
2624 2776 2885 2841 Charitas,
2912 2776 3166 2847 gaudium
3186 2820 3200 2843 ,
3239 2793 3361 2846 pax,
3411 2779 3820 2849 longanimitas,

2219 2866 2541 2937 benignitas,
2574 2867 2807 2931 bonitas,
2844 2868 3002 2936 fides,
3038 2867 3062 2905 ἀ
3095 2870 3477 2937 mansuetudo,
3528 2872 3822 2929 continen-

2218 2960 2313 3014 tia.
2364 2960 2563 3015 Omnes
2620 2963 2849 3016 virtutes
2905 2962 3162 3030 spiritus,
3216 2964 3369 3033 qnasi
3423 2964 3820 3020 Solidissimum

2218 3052 2648 3119 fundamentum,
2669 3062 2723 3108 et
2740 3054 2969 3109 sublime
2988 3055 3226 3120 culmen,
3244 3057 3583 3110 continentia
3603 3066 3823 3112 susten-

2218 3155 2294 3201 tat
2323 3154 2376 3201 et
2400 3148 2648 3216 protegit.
2692 3148 2993 3202 Adversum
3028 3148 3250 3219 hujusce
3281 3150 3425 3203 modi
3460 3162 3675 3206 nonest
3702 3151 3821 3207 lex.

512 3252 560 3298 et
633 3240 863 3305 terreni;
910 3246 955 3291 et
1027 3236 1195 3308 qualis
1250 3234 1498 3299 cwleslis,
1555 3232 1680 3286 tales
1742 3240 1789 3284 et
1862 3229 2105 3281 cwlestes.

2222 3238 2323 3305 Qui
2371 3248 2535 3293 autem
2586 3250 2705 3293 sunt
2755 3239 2966 3303 Christi,
3010 3257 3216 3294 carnem
3269 3259 3414 3295 suam
3450 3243 3823 3312 cruciﬁxerunt

518 3336 665 3392 Sicut
724 3332 1036 3405 portavimus
1101 3328 1380 3400 imaginem
1449 3325 1672 3389 terreni,
1734 3330 1991 3395 portemus
2067 3329 2112 3373 et

514 3428 787 3500 imaginem
831 3423 1068 3479 ctelestis.
1104 3421 1215 3476 Hoc
1242 3431 1411 3474 autem
1443 3421 1582 3483 dico,
1612 3422 1819 3489 fratres,
1839 3417 1961 3487 quia
1992 3430 2113 3468 caro

513 3530 561 3574 et
589 3518 803 3593 sanguis
831 3532 1047 3589 regnum
1084 3514 1178 3570 Dei
1219 3513 1480 3587 possidere
1527 3528 1629 3565 non
1674 3519 1909 3581 possunt,
1953 3521 2115 3575 neque

514 3612 777 3679 corruptio
831 3610 1270 3679 incorruptionem
1312 3606 1339 3643 ι)
1383 3604 1661 3678 possidebit
1700 3602 1879 3674 (ICor.
1911 3616 1999 3665 xv,
2045 3599 2111 3651 77

515 3704 741 3776 etseq.).
770 3702 881 3757 Hoc
943 3713 1050 3756 tam
1097 3702 1302 3756 clarum
1332 3708 1523 3765 est,ut
1571 3698 1716 3751 nulla
1775 3693 2113 3763 expositione

513 3807 679 3866 queat
708 3794 1050 3851 manifestius
1091 3792 1207 3848 lieri
1239 3810 1251 3845 :
1285 3791 1441 3858 Caro,
1467 3790 1661 3861 inquit,
1705 3798 1749 3843 et
1777 3788 1987 3859 sanguis
2033 3802 2115 3839 re-

513 3904 675 3963 gnum
705 3887 801 3941 Dei
835 3886 1098 3959 possidere
1142 3901 1246 3939 non
1276 3893 1506 3955 possunt,
1555 3896 1717 3951 neque
1745 3880 2007 3950 corruptio
2034 3879 2114 3931 in—

511 3981 907 4053 corruptionem.
962 3979 1018 4036 Si
1051 3978 1330 4049 corruptio
1357 3977 1423 4032 ad
1463 3991 1685 4032 omnem
1712 3975 1915 4029 coitum
1949 3970 2114 4042 perti-

514 4083 627 4137 net,
666 4074 999 4141 incorruptio
1032 4081 1212 4127 autem
1257 4070 1475 4142 pr0prie
1505 4067 1767 4124 castitatis
1815 4077 1927 4133 est,
1972 4082 2111 4137 prac-

511 4171 620 4227 mia
650 4170 924 4241 pudicitiae
946 4170 1149 4240 nuptiae
1172 4169 1452 4239 possidere
1500 4184 1604 4222 non
1631 4176 1881 4237 possunt.
1908 4166 2115 4221 Scimus

512 4264 648 4319 enim
714 4267 959 4336 quoniam
1021 4264 1065 4316 si
1134 4274 1332 4317 terrena
1382 4261 1566 4315 domus
1619 4259 1776 4331 hujus
1833 4259 2111 4313 habitatio-

511 4358 593 4412 uis
621 4358 785 4430 299
812 4360 1077 4412 destructa
1107 4357 1284 4426 fuerit,
1309 4354 1705 4423 rediﬁcationem
1745 4352 2022 4406 habeamus
2052 4368 2116 4406 ex

512 4451 648 4519 Deo,
681 4455 892 4507 domum
937 4470 1039 4506 non
1067 4452 1443 4521 manufactam,
1474 4449 1839 4517 sempiternam
1869 4449 1921 4501 in
1954 4448 2110 4501 malis.

512 4543 581 4599 In
622 4562 725 4615 quo
756 4547 1155 4619 ingemiscimus,
1185 4543 1540 4599 habitaculum
1586 4553 1843 4607 nostrum,
1883 4540 2022 4612 quod
2050 4541 2113 4595 de

2216 3350 2329 3386 cum
2355 3334 2489 3387 vitiis
2525 3345 2571 3388 et
2601 3336 3045 3401 concupiscentiis.
3081 3337 3139 3391 Si
3174 3336 3337 3408 300
3371 3338 3580 3392 vivimus
3606 3340 3818 3407 spiritu,

2214 3428 2401 3495 spiritu
2430 3438 2476 3481 et
2517 3428 2829 3481 ambulemus
2871 3427 2975 3499 (Ib.
3017 3428 3109 3491 24,
3140 3429 3258 3497 95).
3301 3430 3401 3497 Qtti
3447 3445 3568 3484 cum
3599 3429 3823 3487 Christo

2218 3534 2437 3575 carnem
2470 3529 2735 3585 nostram,
2765 3530 2821 3575 et
2846 3522 3127 3590 paSsiones
3154 3522 3270 3592 ejus
3294 3522 3673 3593 desideriaque
3695 3539 3823 3578 cru—

2218 3614 2507 3677 ciliximus,
2544 3615 2673 3685 quid
2706 3630 2941 3679 rursum,
2974 3631 3036 3672 ea
3079 3632 3199 3687 qua:
3247 3619 3426 3671 carnis
3476 3630 3605 3673 sunt
3657 3635 3822 3689 agere

2217 3707 2501 3777 cupimus?
2532 3708 2902 3780 Quodcumque
2930 3712 3256 3765 seminaverit
3285 3711 3461 3778 homo,
3495 3714 3591 3766 hoc
3625 3722 3672 3767 ct
3714 3731 3821 3769 me-

2218 3809 2304 3854 tet.
2352 3798 2449 3864 Qui
2480 3802 2698 3854 seminat
2728 3803 2780 3855 in
2810 3819 2965 3856 carne
2997 3820 3111 3869 sua,
3153 3804 3215 3857 de
3246 3821 3403 3859 carne
3430 3815 3580 3859 metet
3605 3822 3823 3873 corrup-

2217 3893 2426 3946 tionem.
2465 3893 2565 3960 Qui
2592 3905 2765 3949 autem
2796 3897 3012 3949 seminat
3039 3898 3090 3950 in
3122 3899 3331 3969 spiritu,
3364 3900 3428 3953 dc
3457 3901 3644 3971 spiritu
3671 3911 3821 3955 metet

2216 3986 2369 4038 vitam
2397 3997 2642 4041 retentam
2675 3987 2819 4059 (Gal.
2854 4006 2922 4056 γι,
2957 3990 3037 4060 8).
3066 3990 3335 4046 Existimo
3375 3992 3519 4060 quod
3550 3995 3637 4063 qtti
3686 4009 3822 4047 uxo-

2220 4094 2333 4132 rem
2362 4080 2545 4143 habet,
2574 4080 2829 4149 quamdiu
2856 4078 3149 4137 revertitur
3170 4084 3235 4137 ad
3272 4082 3523 4152 idipsum,
3554 4099 3619 4139 nc
3648 4094 3819 4141 tentet

2219 4189 2341 4228 cum
2372 4173 2623 4239 Satanas,
2658 4175 2707 4228 in
2738 4190 2901 4229 carne
2952 4177 3211 4242 seminet,
3238 4185 3292 4232 et
3333 4192 3440 4231 non
3496 4178 3548 4232 in
3599 4178 3818 4241 Spiritu.

2218 4265 2320 4332 Qui
2344 4278 2523 4321 autem
2557 4267 2607 4319 in
2635 4281 2801 4321 carne
2829 4268 3206 4339 seminat(non
3241 4284 3363 4336 ego,
3393 4269 3487 4323 sed
3528 4270 3820 4338 Apostolus

2218 4363 2478 4435 loquitur)
2511 4366 2668 4419 metit
2692 4366 3118 4434 corruptionem.
3153 4365 3330 4435 Elegit
3362 4367 3566 4420 nosein
3598 4365 3818 4421 Christo

2222 4458 2362 4513 Dens
2400 4458 2558 4513 Pater
2584 4468 2709 4513 ante
2759 4458 2941 4512 mundi
2989 4456 3455 4523 constitutionem,
3488 4469 3542 4513 ut
3566 4472 3817 4514 essemus

2221 4551 2392 4606 sancti
2422 4560 2475 4605 et
2500 4551 2829 4606 immaculati
2850 4566 3033 4606 coram
3062 4565 3146 4605 eo.
3174 4549 3584 4606 Ambulavimus
3605 4550 3659 4606 in
3687 4567 3819 4607 con-

510 4640 638 4695 ctelo
673 4650 767 4705 est,
795 4651 815 4677 ε
845 4642 1145 4712 superiudui
1174 4642 1454 4713 cupientes.
1505 4638 1751 4709 Cupimus
1784 4638 1918 4692 enim
1944 4636 2111 4709 egredi

2218 4643 2566 4713 cupiscentiis
2591 4645 2790 4710 carnis,
2826 4644 3087 4697 facientes
3114 4644 3448 4698 voluntatem
3476 4645 3616 4713 ejus,
3649 4654 3704 4698 et
3726 4660 3818 4699 co-

512 4733 577 4788 de
602 4748 834 4800 corpore,
862 4744 908 4789 et
936 4733 1168 4789 habitare
1210 4750 1325 4787 cum
1360 4732 1561 4787 Christo
1586 4749 1603 4799 ;
1640 4742 1851 4803 propter
1897 4730 2035 4802 quod
2064 4738 2111 4784 et

509 4829 886 4885 studiosissime
905 4830 1136 4893 nitimur,
1165 4832 1268 4884 sive
1296 4830 1351 4883 in
1375 4820 1606 4901 corpore,
1624 4829 1727 4882 sive
1749 4838 1895 4881 extra
1925 4842 2109 4896 corpus

512 4921 719 4992 placere
744 4920 854 4976 Deo
869 4920 934 4992 (Il
959 4921 1077 4978 Cor.
1094 4922 1193 4984 v.1
1217 4931 1263 4976 et
1284 4924 1439 4993 seq.).
1468 4920 1532 4975 Et
1555 4930 1609 4975 ιιι
1640 4921 1853 4991 plenius
1873 4933 2112 4988 expone-

510 5017 823 5086 ret,quales
856 5031 960 5070 non
979 5030 1099 5070 esse
1127 5015 1308 5081 vellet,
1332 5016 1383 5069 in
1414 5016 1522 5069 alio
1545 5015 1665 5069 loco
1690 5014 2107 5079 docet,dicens:

510 5110 775 5181 Despondi
803 5112 937 5163 enim
977 5126 1063 5162 vos
1094 5109 1183 5161 uni
1212 5110 1341 5175 viro,
1372 5110 1618 5179 virginem
1649 5119 1841 5162 castam
1877 5108 2112 5162 exhibere

511 5202 716 5260 Christo
743 5202 808 5275 (ll
855 5203 976 5259 Cor.
1016 5220 1093 5267 ιι,
1120 5203 1199 5273 2).
1234 5203 1388 5271 Quod
1419 5204 1463 5257 si
1495 5205 1558 5258 ad
1591 5213 1760 5259 totam
1803 5204 2101 5259 Ecclesiam

583 5358 609 5386 ι
648 5344 1036 5404 Casanatensis
1057 5359 1179 5398 cum
1211 5344 1441 5411 negandi
1469 5345 1736 5413 particula
1765 5361 1866 5398 non
1912 5345 2109 5415 dijudi-

514 5429 684 5476 catur.
711 5417 878 5473 Paulo
920 5424 1047 5489 post
1067 5416 1358 5489 moriuntur
1386 5430 1439 5489 et
1472 5416 1862 5489 viviﬁcabuntur
1891 5415 1942 5467 in
1976 5431 2107 5470 mss.

515 5492 794 5548 invenitur
819 5486 1187 5559 pro—morimur
1208 5498 1260 5541 et
1288 5486 1682 5557 vivi/icabtmur.

585 5564 613 5601 b
656 5563 782 5619 M-s.
821 5555 1263 5631 incorruptionem
1298 5555 1619 5614 luereditabit
1665 5558 1815 5627 juxta
1862 5555 2111 5611 Graecum

516 5635 831 5713 zlnpovopri'.

594 5702 621 5744 ε
662 5702 827 5761 Iidem
852 5720 985 5760 mss.
1019 5705 1394 5767 superinduere
1421 5702 1792 5755 desiderantes.

589 5773 616 5810 δ
655 5776 713 5831 lu
746 5774 1098 5831 Casanutensi
1123 5776 1341 5831 additur
1372 5774 1647 5829 modestia.

595 5854 618 5893 ν
662 5845 717 5901 ln
746 5844 937 5898 eodem
965 5846 1310 5903 desideratur
1337 5850 1391 5902 in
1417 5846 1639 5902 Christo.

2220 4736 2562 4806 gitationum,
2594 4748 2643 4791 et
2672 4736 2867 4791 fuimus
2903 4734 2996 4788 lilii
3030 4734 3145 4799 iraa,
3175 4734 3315 4789 sicut
3343 4745 3399 4790 et
3424 4737 3631 4791 emteri.
3663 4735 3817 4790 Nunc

2220 4840 2397 4885 autem
2420 4828 2887 4893 conresuscitavit,
2920 4835 2975 4880 et
3002 4825 3303 4882 consedere
3337 4843 3433 4882 nos
3464 4827 3589 4883 fecit
3625 4828 3677 4880 in
3702 4842 3818 4883 co:-

2220 4924 2447 4980 lestibus
2479 4924 2531 4978 in
2583 4922 2800 4977 Christo
2850 4920 3002 4985 Jesu,
3035 4930 3092 4975 ut
3135 4920 3470 4990 deponamus
3517 4920 3813 4974 secundum

2220 5018 2454 5087 priorem
2485 5014 2958 5071 conversationem
2987 5023 3223 5071 veterem
3252 5015 3547 5079 hominem,
3577 5015 3668 5083 qui
3693 5028 3815 5069 cor—

2220 5112 2485 5180 rumpitur
2510 5110 2664 5178 juxta
2695 5107 2964 5163 desideria
2994 5108 3217 5171 erroris,
3241 5116 3296 5162 et
3321 5108 3493 5177 aptari
3539 5106 3693 5161 nobis
3725 5106 3809 5161 illa

2212 5203 2521 5258 benedictio
2537 5202 2731 5271 possit,
2747 5216 2866 5270 qua:
2884 5198 2903 5236 ί
2929 5201 3209 5271 mysticam
3232 5200 3298 5255 ad
3321 5200 3582 5269 Ephesios
3604 5199 3813 5268 Episto-

2294 5344 2311 5382 τ
2357 5344 2516 5398 Falso
2551 5343 2811 5396 hactenus
2835 5342 3068 5396 obtinuit
3099 5342 3255 5395 missa
3284 5356 3380 5410 pro
3410 5341 3702 5411 mysticam,
3730 5356 3816 5396 re-

2220 5416 2508 5471 nuentibus
2548 5430 2762 5484 quoque
2806 5430 2937 5468 mss.
2992 5415 3263 5479 Mysticam
3311 5428 3472 5484 porro
3523 5413 3814 5484 Epistulam

2216 5491 2281 5541 ad
2318 5483 2586 5557 Ephesios
2613 5496 2770 5540 Vocat
2799 5486 2939 5555 quod
2975 5487 3268 5554 Apostolus
3293 5488 3343 5537 in
3374 5483 3474 5536 hac
3493 5483 3569 5536 vel
3606 5484 3815 5553 pot‘ssi-

2217 5576 2355 5613 mum
2377 5560 2619 5613 obscuros
2641 5576 2820 5611 sensus
2850 5568 2896 5610 et
2933 5560 3107 5627 ignota
3135 5558 3312 5609 δωρηιὶ
3332 5567 3657 5609 sacramenta
3688 5572 3815 5609 cott-

2216 5632 2447 5703 gesserit,
2475 5640 2531 5684 ut
2559 5634 2673 5701 ipse
2706 5626 3067 5703 Hieronymus
3098 5630 3149 5679 in
3174 5626 3810 5703 prteiatione(inminen-

2219 5698 2476 5757 tariornm
2503 5720 2553 5756 tn
2577 5698 2823 5755 eamdem
2850 5698 3142 5764 Epistulam
3174 5698 3431 5764 loquitor.
3459 5698 3584 5751 Mox
3616 5698 3815 5753 habent

2217 5789 2347 5827 mss.
2381 5772 2563 5827 Cratia
2588 5788 2701 5825 cum
2723 5771 2975 5832 omnibus,
3002 5772 3205 5837 absque
3230 5768 3391 5833 vobis,
3416 5771 3540 5837 quia
3566 5770 3815 5828 voculam

2217 5860 2319 5901 nec
2348 5845 2567 5900 Grarcns
2598 5855 2773 5897 textus
2795 5841 3060 5911 agnoscit.
