4068 6372
256 328 367 391 185

1375 337 1740 398 ADVERSUS
1778 333 2193 398 ιονιΝιΑΝυΜ
2231 338 2359 396 LIB.
2401 338 2445 395 1.

3425 360 3549 429 [$66

263 444 389 513 iam,
424 446 515 501 tali
547 447 655 504 ﬁne
695 448 974 504 concludit
1010 462 1025 503 :
1059 449 1242 504 Gratia
1286 451 1431 506 vobis
1457 470 1573 506 cum
1620 452 1855 507 omnibus
1882 464 1935 521 Α
1960 467 2117 521 quem
2148 451 2351 505 Paulus
2377 464 2498 506 cum
2532 448 2654 505 Tito
2682 452 3040 523 Barnabaque
3067 459 3347 529 pergebat,
3380 462 3553 538 loqui-

261 541 349 610 qui
380 541 606 613 diligunt
639 540 918 597 Dominum
950 545 1003 598 in
1029 544 1414 615 incorruptione
1443 546 1539 617 (vt,
1571 545 1688 616 24).
1721 545 1857 601 Con-

260 636 481 689 versatia
502 645 684 690 nostra
704 636 757 689 in
780 637 919 691 caelis
940 646 1033 690 est.
1061 636 1209 691 Unde
1232 649 1277 690 et
1301 638 1622 692 Salvatorem
1645 655 1857 708 exspec-

258 735 429 780 tantus
455 725 731 781 Dominum
757 740 985 783 nostrum
1012 730 1193 784 Iesum
1210 729 1495 795 Christum,
1522 732 1610 801 qui
1647 731 1854 799 trans/i-

258 820 467 889 gurabit
510 836 693 893 corpus
725 820 1026 877 humilitatis
1056 832 1265 888 nastrw,
1296 826 1560 895 conforme
1589 822 1700 890 ﬁeri
1740 838 1855 875 car-

259 915 377 982 pori
418 914 601 985 gloria:
647 932 753 971 sua:
784 916 950 989 (Phil.
992 933 1072 982 ιιι,
1102 917 1204 977 20;
1251 933 1329 982 tv,
1360 916 1438 985 3).
1487 916 1851 985 Qua-cumque

256 1021 390 1076 ergo
442 1017 570 1063 sunt
621 1022 773 1075 vera,
816 1023 1170 1079 quiscumque
1218 1008 1443 1077 pudica,
1499 1022 1850 1077 quaecumque

249 1098 435 1169 iusta,
486 1115 842 1170 quaecumque
886 1102 955 1157 ad
1008 1103 1311 1157 castitatem
1353 1101 1681 1170 pertinentia
1709 1142 1723 1165 ,
1766 1100 1849 1155 his

251 1191 617 1261 capulemur,
686 1192 805 1248 haec
880 1209 1194 1264 sequamur.
1261 1193 1655 1249 Reconciliavit
1748 1209 1846 1249 nos

248 1285 501 1342 Christus
541 1288 593 1342 in
646 1303 876 1358 corpore
921 1304 1043 1354 suo,
1089 1290 1197 1345 Deo
1242 1289 1383 1345 Patri
1445 1305 1542 1359 per
1589 1299 1839 1357 mortem,

248 1387 305 1435 et
370 1379 620 1435 exhibuit
710 1393 951 1447 satietas,
1029 1392 1083 1436 et
1141 1382 1559 1447 immaculatos,
1624 1392 1678 1437 et
1721 1383 1845 1437 abs-

245 1489 355 1546 que
382 1474 494 1530 ulla
526 1476 950 1546 reprehensione
974 1491 1154 1531 coram
1184 1490 1277 1531 se:
1312 1475 1364 1529 in
1398 1491 1505 1545 quo
1526 1485 1582 1530 et
1608 1475 1847 1529 circum-

245 1568 344 1623 cisi
377 1582 568 1624 sumus
610 1568 1027 1624 circumcisione
1060 1584 1166 1623 non
1200 1568 1527 1634 manul‘acta,
1565 1569 1618 1622 in
1648 1583 1844 1637 exspo-

242 1660 523 1717 liationem
550 1662 793 1733 corporis
818 1662 1021 1727 carnis,
1047 1662 1140 1717 sed
1169 1661 1591 1716 circumcisione
1618 1660 1839 1725 Christi,

240 1755 544 1825 consepulti
574 1755 625 1809 ei
666 1755 719 1809 in
753 1756 1045 1825 baptismo,
1070 1756 1122 1808 in
1160 1771 1267 1823 quo
1294 1763 1349 1809 et
1371 1754 1835 1810 consurreximus.

1959 556 2044 600 tur
2068 547 2120 601 in
2151 548 2394 616 Epistola
2417 562 2513 600 sua
2541 564 2555 600 :
2591 545 2771 600 Nolite
2791 566 2984 616 errare,
3016 557 3205 619 fratres
3229 556 3327 608 mei
3356 557 3547 616 dilecti.

1959 638 2121 693 Omne
2147 639 2325 693 datunt
2343 640 2551 707 bonum,
2580 649 2629 693 et
2660 642 2823 693 omnis
2853 644 3081 711 perfecta
3104 647 3338 712 donatio,
3355 649 3417 702 de
3437 667 3551 703 δαν.

1952 748 2066 785 sum
2092 742 2188 795 est,
2213 732 2521 786 descendens
2550 749 2581 785 a
2608 730 2769 785 Patre
2799 732 3073 803 luminum,
3099 738 3242 808 apud
3265 756 3419 809 quem
3446 760 3545 797 non

1955 836 2023 879 est
2063 826 2357 892 diﬂ'erentia
2382 867 2397 893 ,
2425 836 2514 880 aut
2540 837 2561 865 ο
2585 828 2861 880 eversionis
2886 830 3326 886 obumbraculum.
3367 834 3551 891 Valens

1953 919 2125 987 genuit
2157 935 2245 972 nos
2264 919 2413 972 verba
2443 919 2669 972 veritatis
2694 960 2710 985 ,
2738 929 2793 971 ut
2823 921 2981 973 simus
3012 923 3250 991 primitia:
3279 937 3549 981 creatura-

1951 1025 2069 1063 rum
2098 1014 2210 1082 ejus
2242 1009 2383 1081 (Iac.
2416 1026 2454 1075 ι,
2485 1011 2575 1077 16,
2598 1011 2710 1081 1'7).
2749 1011 2908 1082 Virgo
2931 1015 3160 1085 mystice
3182 1018 3545 1088 virginitatem

1951 1103 2138 1159 docet.
2165 1104 2338 1159 Omne
2368 1104 2669 1175 perfectum
2699 1106 2900 1162 donum
2946 1109 3015 1163 de
3061 1126 3275 1167 sursum
3307 1114 3539 1172 descen-

1950 1194 2068 1261 dit,
2099 1196 2187 1252 ubi
2222 1212 2327 1252 non
2358 1207 2485 1252 sunt
2514 1198 2717 1267 nuptiae
2742 1216 2755 1251 :
2784 1209 2838 1254 et
2884 1199 3186 1265 descendit,
3216 1221 3322 1259 non
3345 1222 3373 1261 a
3405 1225 3543 1277 quo-

1948 1288 2105 1353 libet,
2126 1289 2220 1343 sed
2245 1304 2275 1342 a
2298 1289 2458 1345 Patre
2511 1290 2775 1344 luminum
2795 1332 2808 1355 ,
2841 1294 2928 1361 qui
2960 1294 3095 1349 dicit
3124 1298 3190 1350 ad
3213 1297 3502 1367 Apostolos
3532 1323 3543 1357 :

1957 1378 2059 1432 Vos
2081 1382 2199 1432 estis
2226 1379 2318 1434 luat
2339 1381 2518 1434 mundi
2549 1380 2759 1451 (Matth.
2793 1398 2848 1449 v,
2886 1383 3008 1453 1i).
3051 1387 3209 1454 Apud
3239 1405 3401 1457 quem
3433 1407 3539 1448 non

1948 1482 2031 1528 est
2061 1472 2363 1528 diﬂ‘erentia
2391 1474 2567 1529 Judaei
2592 1516 2606 1540 ,
2637 1476 2752 1530 sive
2781 1474 3013 1532 Geutilis
3033 1520 3047 1543 ,
3085 1494 3185 1533 nec
3227 1482 3315 1535 illa
3350 1485 3540 1539 umbra

1947 1582 2069 1636 quae
2092 1567 2415 1624 versabatur
2440 1568 2493 1621 in
2523 1568 2663 1637 Lege
2684 1609 2696 1630 ,
2730 1570 3045 1638 premiteos
3092 1572 3181 1639 qui
3207 1571 3274 1626 de
3304 1576 3539 1630 nationi-

1944 1659 2044 1714 bus
2072 1659 2455 1715 credideruut:
2486 1660 2578 1714 sed
2606 1661 2771 1716 verbo
2799 1676 2900 1716 nos
2928 1664 3136 1732 genuit,
3156 1675 3210 1721 et
3239 1666 3399 1740 302
3420 1685 3540 1725 ver.

1943 1749 2012 1804 bo
2038 1752 2280 1807 veritatis
2305 1752 2460 1823 :quia
2488 1753 2678 1807 umbra
2702 1766 2756 1808 et
2777 1753 2954 1825 imago
2978 1764 3032 1809 et
3058 1758 3265 1826 species
3288 1762 3536 1831 quaedam

238 1846 293 1903 Si
324 1863 455 1919 ergo
479 1848 923 1903 consurreximus
950 1863 1074 1901 cum
1116 1846 1359 1911 Christo,
1379 1860 1439 1900 ea
1472 1862 1593 1917 quae
1625 1860 1840 1900 sursum
1868 1848 1918 1909 B
1947 1846 2190 1901 veritatis
2222 1847 2503 1915 praecessit
2530 1848 2580 1901 in
2610 1847 2749 1916 Lege
2775 1888 2791 1913 ,
2825 1859 2882 1902 ut
2906 1850 3075 1905 simus
3109 1852 3357 1919 primitiae
3378 1871 3536 1913 crea-

236 1954 362 1997 sunt
389 1957 730 2013 quaeramus,
762 1941 854 1997 ubi
885 1941 1141 1996 Christus
1173 1949 1257 1995 est
1289 1941 1342 1994 in
1371 1939 1593 1995 dextera
1626 1940 1720 1993 Dei
1752 1954 1836 1994 se-

234 2033 403 2099 dens;
427 2049 488 2089 ea
516 2036 799 2103 sapiamus
820 2048 943 2102 quae
982 2047 1199 2086 sursum
1222 2040 1370 2098 sunt,
1399 2046 1506 2085 non
1529 2046 1650 2101 qua:
1674 2047 1838 2102 super

234 2135 461 2182 terram.
496 2126 691 2181 Mortui
719 2127 863 2180 enim
884 2142 1091 2191 sumus,
1113 2137 1168 2181 et
1189 2126 1297 2179 vita
1315 2133 1495 2178 nostra
1519 2124 1837 2178 abscondita

233 2229 321 2274 est
346 2232 470 2272 cum
484 2216 725 2284 Christo,
742 2218 794 2271 in
819 2217 953 2272 Deo.
972 2216 1106 2271 Cum
1136 2218 1279 2271 enim
1302 2215 1555 2271 Christus
1573 2231 1836 2286 apparue-

234 2310 312 2363 rit
335 2308 445 2363 vita
462 2320 808 2377 nostra,tunc
828 2319 997 2364 etnos
1013 2310 1563 2381 apparebimu3301
1581 2324 1704 2364 cum
1721 2312 1838 2379 ipso

234 2406 287 2460 in
320 2406 498 2476 gloria
538 2404 675 2478 (Cal.
706 2423 765 2474 ιι,
797 2407 900 2473 12;
932 2424 1013 2471 ιιι,
1047 2410 1067 2461 1
1098 2416 1144 2462 et
1173 2407 1330 2478 seq.).
1362 2415 1387 2443 ει
1412 2406 1585 2461 Nemo
1612 2405 1837 2460 militans

236 2500 369 2568 Dea,
413 2501 655 2570 implicat
696 2517 750 2555 se
798 2502 1012 2571 negotiis
1081 2499 1433 2568 secularibus,
1476 2511 1531 2555 ut
1573 2501 1733 2571 possit
1790 2501 1839 2553 ei

238 2594 463 2664 placere,
492 2594 581 2659 qui
606 2610 660 2647 se
688 2594 838 2664 elegit
864 2593 931 2665 (II
968 2593 1104 2647 Tim.
1155 2609 1218 2658 tt,
1248 2593 1326 2661 4).
1360 2594 1674 2665 Apparuerit
1699 2592 1836 2645 enim

238 2690 408 2760 gratia
448 2686 547 2741 Dei
602 2686 888 2742 Saluatoris
945 2687 1182 2741 omnibus
1227 2686 1544 2749 hominibus,
1596 2686 1835 2740 erudiens

239 2797 352 2848 nos,
382 2789 436 2834 ut
479 2779 786 2853 abnegantes
819 2781 1126 2852 impietatem
1157 2788 1207 2833 et
1236 2779 1509 2834 saecularia
1548 2778 1830 2845 desideria,

237 2886 379 2929 caste
400 2884 447 2929 et
469 2875 611 2945 juste
657 2884 703 2928 et
734 2876 814 2945 pie
840 2875 1067 2929 vivamus
1094 2874 1146 2927 in
1170 2873 1412 2944 praesenti
1454 2871 1647 2927 steculo
1679 2872 1699 2943 (
1722 2871 1828 2925 Tit.

239 2983 299 3033 ιι,
334 2968 424 3032 11,
452 2967 519 3021 η
544 2970 582 3035 ).

306 3061 400 3116 39.
447 3059 604 3115 Filia
633 3059 866 3133 Philippi
915 3062 1137 3132 virgines
1198 3061 1253 3114 in
1298 3060 1550 3115 Caesarea.
1599 3056 1829 3113 Iacobus

235 3159 395 3226 frater
411 3154 638 3209 Domini.
664 3154 857 3209 Umbra
883 3164 929 3208 et
956 3157 1126 3228 imago
1138 3156 1361 3209 veritatis
1384 3156 1437 3208 in
1452 3155 1559 3228 lege
1581 3153 1831 3209 veteri.—

1942 1947 2185 1992 turarum
2234 1938 2376 2007 ejus.
2428 1939 2494 1993 Et
2542 1939 2816 2008 quomodo
2863 1942 2979 2011 ipse
3023 1943 3417 2015 primogenitus
3467 1966 3534 2007 ex

1939 2028 2197 2093 mortuis,
2231 2042 2422 2083 omnes
2448 2028 2502 2083 in
2530 2043 2590 2083 se
2617 2038 2861 2084 mortuos
2911 2032 3228 2088 suscitavit:
3290 2040 3370 2093 sic
3416 2040 3534 2108 ipse

1941 2119 2126 2189 virgo,
2156 2121 2427 2189 primitias
2459 2123 2730 2191 virginum
2760 2138 2982 2178 suorum
3014 2124 3068 2180 in
3100 2141 3161 2182 se
3188 2130 3396 2200 virgine
3436 2134 3531 2189 de-

1940 2211 2161 2266 dicavit.
2197 2212 2391 2267 Petrus
2420 2228 2636 2283 quoque
2692 2216 2821 2285 quid
2855 2218 2921 2271 de
2968 2221 3256 2275 vocatione
3278 2222 3533 2281 Gentium

1942 2306 2161 2372 sentiat,
2194 2308 2662 2376 contemplemur:
2699 2308 3041 2379 Benedictus,
3095 2313 3315 2384 inquit,
3359 2316 3532 2388 Deus,

1941 2408 1986 2454 et
2016 2398 2172 2453 Pater
2193 2398 2406 2454 Domini
2427 2404 2587 2456 nostri
2606 2402 2731 2457 Iesu
2752 2403 2972 2469 Christi,
2996 2407 3084 2475 qui
3113 2410 3396 2463 secundum
3416 2427 3530 2465 ma-

1939 2508 2095 2563 gnam
2142 2493 2545 2547 misericordiam
2573 2511 2751 2562 suam,
2809 2502 3123 2567 regeneravit
3178 2516 3271 2552 nos
3305 2501 3356 2553 in
3385 2519 3529 2573 spent

1938 2584 2082 2646 vitta,
2109 2600 2200 2655 per
2229 2587 2653 2639 resurrectionem
2700 2584 2826 2641 Iesu
2874 2587 3064 2642 Christi
3094 2607 3157 2645 ex
3201 2594 3449 2659 mortuis,
3478 2598 3533 2650 in

1938 2676 2283 2733 hereditatem
2313 2680 2665 2747 incorruptam
2690 2691 2738 2734 et
2760 2682 3143 2737 immaculatum
3172 2695 3217 2737 et
3240 2686 3535 2742 immarces—

1937 2769 2134 2823 sibilem
2155 2811 2170 2836 ,
2189 2788 2306 2841 qua!
2328 2785 2561 2826 servatur
2590 2774 2642 2827 in
2666 2774 2839 2842 caelis,
2893 2778 2948 2829 in
2976 2793 3060 2830 ras
3104 2780 3191 2847 qui
3220 2781 3406 2836 virtute
3436 2781 3535 2836 Dei

1934 2863 2264 2918 custodimini
2281 2880 2370 2936 per
2391 2865 2575 2933 ﬁdem,
2618 2867 2671 2919 in
2709 2866 2960 2933 salutem,
2987 2885 3103 2938 qua:
3142 2883 3433 2941 prarparata
3455 2882 3532 2927 est

1934 2958 2148 3012 revelari
2176 2960 2233 3013 in
2257 2972 2479 3031 tempore
2501 2962 2776 3015 novissimo
2807 2964 2824 3027 (
2853 2961 3007 3017 lPet.
3034 2979 3051 3016 I
3082 3004 3097 3031 ,
3127 2964 3375 3035 5seqq.).
3423 2967 3527 3023 Ubi

1934 3053 2249 3124 incorrupta
2280 3036 2607 3123 praedicatur
2630 3054 2953 3123 bmreditas,
2990 3064 3045 3111 et
3073 3058 3441 3123 immaculata,
3474 3070 3530 3113 et

1934 3146 2404 3202 immarcescibilis
2422 3188 2437 3213 ,
2462 3157 2517 3203 et
2537 3158 2839 3219 praeparata
2864 3150 2916 3203 in
2944 3150 3098 3204 coalis
3120 3190 3134 3215 ,
3154 3162 3207 3205 et
3236 3151 3287 3205 in
3315 3158 3529 3221 tempus

235 3249 362 3305 Dies
394 3264 481 3304 me
505 3248 745 3315 deﬁciet,
769 3249 815 3302 si
843 3248 1067 3303 voluero
1092 3250 1270 3303 omnia
1303 3249 1566 3303 castitatis
1588 3247 1654 3302 de
1677 3250 1826 3317 Apo-

1936 3238 2288 3294 novissimum
2318 3253 2595 3295 reservata
2618 3282 2632 3306 ,
2661 3250 2856 3310 etspes
2886 3246 3009 3295 vita:
3032 3254 3254 3297 mterua:
3275 3284 3290 3306 ,
3309 3246 3527 3313 quando

234 3346 381 3398 stolo
415 3351 686 3411 prtecepta
716 3357 1040 3397 memorare.
1099 3341 1201 3397 Ista
1233 3350 1391 3402 sunt,
1424 3341 1493 3396 de
1538 3341 1733 3410 quibus
1759 3339 1826 3394 ad

232 3435 536 3506 Apostolos
561 3434 818 3489 Dominus
871 3434 1194 3503 loquebatur
1225 3453 1236 3487 :
1267 3431 1451 3487 Adhuc
1479 3433 1643 3486 multa
1666 3431 1827 3485 habeo

231 3528 374 3582 vobis
401 3529 598 3593 dicere,
619 3528 709 3581 sed
738 3544 840 3581 nan
891 3529 1099 3596 potestis
1140 3544 1199 3581 ea
1243 3535 1448 3598 portare
1474 3526 1647 3580 modo.
1696 3525 1826 3579 Cum

230 3630 402 3676 autem
431 3622 621 3674 venerit
652 3620 740 3674 ille
760 3619 991 3692 Spiritus
1014 3620 1261 3681 veritatis,
1296 3619 1491 3673 docebit
1510 3635 1594 3671 vos
1624 3633 1825 3671 omnem

230 3714 493 3768 veritatem
520 3711 699 3783 (Jaan.
731 3728 850 3775 xvt,
888 3712 954 3765 12
979 3754 993 3777 ,
1028 3713 1094 3766 15
1118 3712 1158 3781 ).
1191 3712 1318 3767 Post
1340 3726 1554 3766 crucem
1586 3710 1819 3775 Christi,

227 3808 409 3861 statim
461 3806 515 3860 in
571 3805 720 3860 Actis
772 3804 1165 3874 Apostolorum
1211 3819 1313 3857 una
1358 3803 1553 3858 domus
1582 3800 1822 3872 Philippi

227 3901 618 3972 Evangelislaz,
651 3898 966 3970 quadrigam
988 3898 1234 3968 producit
1253 3899 1520 3967 virginum
1553 3897 1818 3950 ﬁliarum:

225 4004 284 4051 ut
309 3996 557 4049 Ctesarea
580 4033 597 4059 ,
625 3990 678 4046 in
710 4008 814 4061 qua
844 4007 911 4046 ex
942 3991 1194 4061 gentibus
1224 3991 1462 4046 Ecclesia
1496 4005 1591 4059 per
1628 3997 1815 4043 centu‘

224 4088 431 4143 rionem
455 4085 771 4141 Cornelium
814 4084 990 4138 fuerat
1015 4082 1295 4147 dedicata,
1340 4082 1503 4138 etiam
1542 4080 1817 4150 virginum

222 4183 532 4252 puellarum
564 4180 835 4249 praaberet
862 4177 1135 4248 exempla.
1196 4178 1437 4245 Cumque
1465 4176 1733 4229 Dominus
1761 4171 1815 4227 in

224 4273 518 4345 Evangelia
543 4272 773 4327 dixerit:
804 4271 914 4325 Lex
940 4280 988 4325 et
1022 4269 1294 4342 Prapheta:
1318 4286 1477 4341 usque
1532 4268 1601 4321 ad
1644 4267 1814 4321 Ioan—

224 4381 367 4431 nem,
401 4365 521 4419 ἰδίω
565 4363 689 4433 quia
719 4361 954 4432 virgines
976 4371 1162 4425 erant,
1195 4361 1356 4415 etiam
1382 4370 1502 4429 post
1548 4358 1814 4413 Joannem

225 4457 578 4528 proiihetasse
598 4454 930 4511 referuntur.
956 4454 1141 4523 Neque
1165 4451 1309 4505 enim
1343 4460 1592 4519 poterant
1613 4450 1815 4505 veteris

222 4548 552 4604 Testamenti
586 4547 700 4618 lege
732 4545 949 4602 retineri
976 4543 1097 4616 [ΑΙ.
1124 4540 1556 4611 detineri],qure
1589 4540 1816 4611 virgini-

1933 3346 2039 3387 non
2068 3335 2294 3399 nubent,
2326 3348 2501 3403 neque
2528 3332 2823 3399 nubentur,
2855 3333 2922 3388 ibi
2948 3334 3071 3389 aliis
3090 3335 3272 3390 verbis
3298 3336 3530 3403 virgini-

1934 3426 2060 3479 tatis
2092 3425 2375 3497 privilegia
2399 3426 2798 3481 describuntur.
2830 3424 2963 3481 Nam
2987 3438 3041 3481 et
3092 3428 3144 3483 in
3172 3426 3527 3497 sequentibus

1930 3517 2034 3571 hoc
2054 3518 2229 3584 ipsum
2255 3516 2450 3572 docet:
2481 3516 2703 3587 Prapter
2730 3516 2829 3570 hac
2862 3520 3077 3573 accincti
3107 3518 3306 3573 lumbos
3340 3520 3521 3571 mentis

1929 3619 2131 3677 vestrte,
2172 3608 2438 3683 vigilantes
2480 3618 2732 3682 perfecte,
2775 3622 2974 3683 sperate
3024 3613 3078 3665 in
3115 3628 3226 3663 eam
3256 3610 3482 3679 gratiam
3506 3652 3523 3677 ,

1925 3720 2039 3775 qua:
2084 3704 2222 3758 vobis
2258 3704 2537 3776 defunda
2591 3715 2663 3759 est
2710 3706 2764 3759 in
2805 3704 3112 3759 reuelatione
3139 3703 3265 3758 Iesu
3306 3702 3519 3762 Christi.

1928 3798 2086 3863 Quasi
2134 3797 2233 3867 ﬁlii
2283 3798 2583 3853 obedientia:
2633 3814 2735 3852 non
2800 3798 3191 3868 conformemini
3262 3800 3516 3866 prioribus

1924 3888 1950 3928 ἀ
1972 3892 2278 3965 ignorantia:
2302 3902 2482 3947 vestra?
2504 3892 2812 3959 desideriis;
2836 3894 2926 3946 sed
2945 3892 3226 3945 secundum
3254 3910 3369 3949 eum
3390 3939 3403 3963 ,
3428 3901 3518 3967 qui

1922 3998 2007 4036 vos
2037 3983 2257 4047 vacavit,
2286 3982 2614 4049 Sanctum,et
2641 3984 2740 4055 ipsi
2760 3985 2926 4037 sancti
2947 3993 3121 4049 estate,
3150 3986 3203 4038 in
3232 3991 3371 4043 omni
3392 4006 3518 4045 can-

1922 4075 2223 4128 versatiane.
2259 4074 2521 4147 Scriptum
2550 4085 2625 4129 est
2648 4077 2817 4131 enim:
2841 4077 3020 4132 Sancti
3048 4088 3235 4145 estate,
3275 4084 3399 4149 quia
3423 4100 3515 4153 ego

1920 4176 2127 4221 sanctus
2152 4183 2285 4220 sum.
2322 4166 2505 4237 Neque
2530 4169 2666 4221 enim
2696 4169 3019 4240 corruptibili
3046 4188 3172 4225 aura
3221 4181 3268 4225 et
3309 4189 3518 4246 argento

1920 4259 2172 4331 redempti
2198 4274 2374 4312 sumus
2397 4275 2418 4324 ;
2445 4260 2536 4311 sed
2557 4261 2776 4330 pretiosa
2788 4262 3041 4333 sanguine
3059 4263 3374 4320 immaculati
3394 4274 3513 4341 agni

1919 4347 2045 4403 Iesu
2065 4347 2258 4403 Christi
2279 4392 2294 4416 ,
2328 4360 2379 4404 ut
2402 4350 2747 4418 castiﬁcemus
2765 4353 2965 4406 animas
2982 4365 3183 4408 nostras
3204 4356 3256 4409 in
3279 4357 3515 4415 obedien-

1920 4445 1991 4498 tia
2017 4444 2277 4510 veritatis,
2312 4443 2477 4497 renati
2505 4458 2609 4495 non
2658 4459 2722 4497 ea:
2755 4445 2893 4497 coitu
2924 4446 3278 4517 corruptibili,
3311 4450 3398 4502 sed
3452 4470 3516 4507 ea:

1918 4538 2334 4609 incorruptione,
2363 4552 2455 4608 per
2480 4540 2686 4589 verbum
2706 4535 2916 4589 viventis
2945 4533 3044 4591 Dei
3068 4550 3115 4591 et
3136 4545 3513 4611 permanentis;

224 4643 343 4697 tatis
371 4617 653 4697 l‘ulserautr
671 4640 940 4694 claritate.
979 4637 1343 4692 Transeamus
1387 4631 1454 4685 ad
1506 4631 1762 4685 Iacobum
1791 4674 1805 4698 ,
1834 4617 1889 4676 Ῑ)
1915 4638 1963 4682 et
1989 4629 2122 4682 sicut
2147 4628 2346 4699 lapides
2375 4628 2473 4680 vivi
2494 4626 2808 4695 (ediﬁcemur
2838 4628 2889 4680 in
2931 4628 3138 4684 domum
3155 4633 3472 4703 spiritualem
3495 4680 3510 4706 ,

223 4735 308 4804 qui
339 4735 505 4789 frater
540 4733 754 4787 Domini
791 4731 1094 4795 dicebatur,
1127 4736 1292 4784 tanta:
1319 4723 1625 4779 sanctitatis
1653 4763 1669 4788 ,
1693 4732 1810 4778 tan-

225 4834 398 4896 taeque
422 4826 651 4896 justiti-ae
672 4867 686 4892 ,
708 4834 764 4879 et
796 4834 1072 4894 perpetuae
1096 4819 1440 4893 virginitatis,
1463 4826 1522 4872 ut
1540 4815 1810 4886 Iosephus

222 4934 434 4990 quoque
459 4919 753 4973 historicus
779 4918 1114 4981 Judaaorum,
1134 4916 1160 4953 ι)
1178 4924 1398 4985 propter
1427 4911 1586 4982 hujus
1619 4925 1807 4965 necem

222 5009 617 5082 Jerosolytnam
664 5010 982 5065 subversam
1013 5007 1236 5063 referat.
1295 5006 1391 5060 Hic
1434 5004 1642 5075 primus
1694 5004 1809 5070 epi-

222 5117 415 5175 scopus
443 5118 509 5159 ex
531 5102 732 5158 Iudaeis
748 5101 1101 5172 lerosolymac
1122 5097 1393 5154 credentis
1425 5094 1709 5161 Ecclesitc,
1743 5093 1807 5148 ad

289 5247 315 5275 ⁸
345 5238 501 5303 Mss»,
555 5253 703 5291 nemo
752 5238 979 5289 militans
1004 5235 1295 5306 implicatur
1320 5233 1494 5287 surculi
1544 5232 1804 5306 negotiis:

218 5309 360 5378 juxta
374 5310 625 5366 ϐιωοιιιιι
644 5321 845 5381 textum
860 5306 1039 5381 -οὐδείς
1061 5305 1454 5381 ἁτρατςγόμενος
1479 5305 1800 5377 ἐμπλέκεται,

224 5391 322 5438 etc.
360 5382 429 5436 Et
454 5382 582 5435 illud
607 5380 824 5450 quidem
847 5378 959 5432 Deo
989 5378 1056 5432 ab
1088 5377 1200 5445 ipso
1229 5377 1450 5450 Vulgata
1506 5384 1801 5450 interprete

224 5453 458 5507 additum
487 5443 734 5506 autumat
758 5450 962 5515 Estius,
997 5443 1138 5518 quod
1172 5464 1275 5501 non
1305 5448 1436 5518 satis
1459 5445 1707 5498 consulto
1733 5443 1801 5497 ad

223 5536 407 5579 Sensus
435 5523 805 5591 integritatem
838 5516 1103 5588 putaverit
1123 5516 1441 5591 desiderari.

286 5594 315 5633 δ
338 5595 454 5651 Non
486 5584 738 5663 equidem
770 5584 945 5646 exstat
979 5594 1029 5644 in
1063 5590 1338 5663 hodieruis
1362 5584 1802 5663 librisistudflo-

224 5667 367 5736 sephi
390 5668 460 5721 de
485 5654 689 5720 Iacobo
715 5671 1082 5736 testimonium
1102 5678 1116 5725 ;
1134 5660 1226 5715 sed
1251 5656 1613 5736 lege:_-at_t_tlim_
1641 5654 1801 5709 etiam

226 5723 479 5808 Qr'igeues
502 5738 599 5790 lib.
620 5746 720 5808 tet
750 5743 995 5808 tt_cuutr_a
1027 5723 1266 5808 Celsum,
1297 5723 1352 5783 et
1380 5725 1433 5808 in
1467 5723 1800 5808 hiantisxttt.

226 5795 483 5866 Euanthius
513 5821 600 5872 ιι,
630 5805 723 5871 25,
756 5805 916 5871 Hist.,
946 5802 1130 5858 Graeca
1173 5802 1286 5870 ipsa
1316 5796 1476 5853 verba
1504 5795 1705 5861 laudat,
1750 5805 1805 5851 et

645 5899 923 5958 Parnm.
973 5892 1212 5955 XXIII.

1916 4732 2151 4774 sanctum
2176 4718 2518 4772 sacerdotium
2540 4758 2552 4780 ,
2608 4715 2875 4781 afferentes
2919 4720 3212 4788 spirituales
3244 4730 3471 4784 victimas
3495 4774 3510 4797 ,

1917 4828 2007 4883 per
2032 4810 2294 4865 Christum
2315 4809 2599 4863 Dominunt
2622 4820 2853 4863 nostrum
2872 4809 3062 4880 (Ibid.,
3089 4818 3157 4871 15
3183 4824 3371 4890 seqq.).
3397 4822 3513 4877 Nos

1916 4908 2053 4960 enim
2080 4921 2256 4959 sumus
2276 4918 2434 4975 genus
2457 4902 2701 4965 electum,
2746 4901 2920 4972 regale
2958 4909 3330 4973 sacerdotium,
3386 4931 3510 4983 gens

1916 5006 2094 5052 sancta
2111 5035 2127 5061 ,
2152 4991 2373 5064 populus
2394 4990 2765 5060 acquisitionis.
2789 4993 3022 5050 Christus
3069 5014 3163 5068 pro
3185 5001 3329 5055 nobis
3357 5019 3511 5061 carne

1919 5100 2148 5145 mortuus
2171 5094 2267 5139 est.
2295 5084 2565 5139 Armemur
2589 5084 2765 5140 eadem
2815 5090 3200 5145 conversatione
3224 5108 3327 5164 qua
3361 5093 3511 5151 Chri-

1911 5236 2099 5308 noster
2146 5237 2366 5308 quoque
2395 5221 2543 5308 Hier.
2592 5224 2644 5278 in
2676 5223 2953 5298 Catalogo,
2979 5243 3099 5301 cap.
3131 5231 3166 5286 2
3187 5240 3243 5289 et
3269 5248 3388 5308 cap.
3419 5240 3505 5295 15.

1911 5299 2034 5353 για.
2060 5295 2277 5368 mimihi
2306 5303 2646 5351 annotamus.

1989 5382 2009 5409 c
2045 5366 2330 5423 Maluintus
2356 5382 2421 5421 ex
2452 5381 2579 5421 mss.
2614 5378 2926 5446 nostrorum
2958 5376 3261 5446 veterisque
3312 5379 3507 5434 editio-

1911 5442 1995 5497 nis
2043 5452 2316 5495 consensu
2363 5452 2632 5509 reponere
2656 5444 2939 5496 aversionis
2987 5459 3086 5512 pro
3132 5442 3497 5506 conversionis.

1911 5516 2099 5585 Graece
2119 5518 2336 5585 τροπῆς·

1984 5581 2009 5619 ἀ
2039 5579 2295 5639 Sanctius
2314 5581 2513 5657 Graeco
2539 5579 3036 5657 adhae_rentes_mss.
3062 5586 3266 5652 nostri,
3295 5587 3505 5657 ignora-

1913 5656 2051 5730 tione
2077 5660 2241 5730 vestra
2260 5694 2275 5718 ,
2302 5656 2352 5707 ἐν
2372 5660 2435 5730 τῇ
2465 5654 2645 5730 ἀγνοέει
2677 5653 2853 5730 ὑμῶν..
2874 5652 3008 5730 Tum
3038 5666 3249 5730 argenta
3276 5652 3333 5712 εἰ
3348 5678 3500 5730 auro,

1913 5728 2143 5802 ἀργυρίῳ
2168 5722 2201 5782 ἣ
2225 5722 2435 5798 χρυσίῲ
2454 5763 2469 5788 ,
2498 5722 2552 5778 et
2573 5722 2945 5790 at'iaquaedam
2971 5722 3189 5782 levio'ris
3218 5722 3499 5791 momenti;

2988 5904 3029 5968 6
