4062 6394
453 330 568 390 ὀἵ

1726 306 1785 367 S.
1827 302 2106 367 EUSBBII
2140 300 2525 365 BIERONYMI

3663 300 3773 362 968

461 457 575 503 stus
594 486 612 512 ,
642 439 883 515 quoniam
903 437 997 507 qui
1014 448 1195 509 passus
1213 438 1285 489 est
1310 430 1365 486 in
1384 444 1533 485 carne
1549 469 1563 492 ,
1585 426 1771 498 quierit
1791 443 1821 480 a
1838 435 2065 499 peccato,
2095 430 2150 489 Α
2176 425 2337 480 verba
2365 424 2717 479 trutinantetn
2746 462 2758 487 ,
2791 420 3258 515 repromittentem
3283 422 3338 515 in
3368 416 3522 479 oculis
3546 421 3775 479 liberta—

469 550 522 592 ut
550 545 875 607 nequaquam
907 534 962 585 in
980 530 1247 583 desideriis
1272 526 1570 588 hominum,
1593 520 1682 575 sed
1726 520 1779 573 in
1806 520 2073 573 voluntate

474 629 607 694 Dei,
640 626 898 697 reliquum
921 626 973 677 in
998 637 1152 677 carne
1171 631 1367 689 ternpus
1388 617 1671 688 exigamus.
1706 612 1915 683 Sufﬁcit
1941 610 2073 666 enim

472 721 621 775 nobis
673 718 992 792 prceteritum
1015 728 1231 787 tempus,
1256 708 1416 783 303
1444 710 1653 781 quando
1702 706 2073 761 ambulavimus

470 816 528 868 in
555 811 779 867 luxuriis
800 820 848 863 et
871 808 1142 864 desideriis
1160 808 1457 875 caterisque
1481 803 1639 856 vitiis.
1667 798 1901 855 Grandia
1931 798 2074 852 nobis

474 917 524 962 et
554 909 783 979 pretiosa
812 904 1125 977 virginitatis
1152 901 1406 973 promissa
1436 898 1647 952 donavit
1669 939 1683 963 ,
1729 905 1787 951 ut
1828 910 1921 967 per
1941 894 2076 946 hanc

476 1001 770 1069 efﬁciamur
795 997 985 1050 divina:
1005 1001 1260 1049 consortes
1286 1000 1515 1057 naturas,
1547 990 1798 1062 fugientes
1826 1002 1937 1041 eam
1965 1000 2078 1055 qua:

475 1094 534 1147 in
563 1093 755 1145 mundo
781 1096 854 1143 est
882 1086 1349 1157 concupiscentiam
1388 1081 1733 1151 corruptionis
1779 1077 1823 1149 (l
1850 1077 1968 1132 Pet.
2001 1092 2039 1131 tt
2061 1118 2074 1142 ,

477 1186 513 1240 9
538 1184 725 1255 seqq.).
754 1181 913 1236 Novit
945 1180 1194 1234 Dominus
1220 1180 1331 1251 pios
1367 1178 1430 1231 de
1457 1178 1732 1231 tentatione
1752 1175 1951 1245 eripere
1975 1213 1990 1238 ,
2031 1180 2079 1225 et

475 1278 681 1348 iniquos
704 1273 1007 1328 cruciandos
1024 1274 1079 1327 in
1106 1273 1243 1325 diem
1268 1284 1525 1325 reservare
1547 1266 1738 1341 judicii
1754 1307 1770 1333 ,
1818 1266 2077 1334 prtecipue

474 1384 563 1421 eos
592 1368 679 1437 qui
707 1375 821 1437 post
849 1379 1057 1419 carnem
1085 1365 1139 1416 in
1161 1361 1426 1416 desideriis
1452 1359 1755 1430 pollutionis
1783 1356 2076 1423 ambulant,

472 1467 523 1513 et
549 1458 924 1511 dominationes
945 1457 1267 1527 despiciunt,
1323 1454 1543 1508 audaces
1580 1462 1629 1506 et
1676 1465 1937 1524 procaces.
1982 1447 2080 1503 Isti

479 1550 617 1603 enim
646 1548 795 1619 quasi
816 1545 1193 1602 irrationabilia
1214 1548 1445 1613 iumenta
1466 1547 1519 1599 in
1552 1555 1777 1599 ventrem
1813 1554 1861 1599 et
1908 1542 2083 1596 libidi-

477 1657 596 1695 nem
624 1640 774 1709 proni
798 1653 916 1694 sunt
942 1681 957 1705 ,
986 1638 1430 1711 blasphemantes,
1458 1640 1546 1709 qui
1574 1644 1621 1692 et
1650 1640 1703 1691 in
1747 1639 2081 1709 corruptione

481 1750 583 1788 sua
615 1745 1009 1805 corrumpentur
1037 1774 1052 1799 ,
1075 1733 1419 1803 recipientque
1466 1731 1752 1784 mercedem
1793 1729 2085 1800 iniquitatis

2180 527 2311 582 tem,
2341 527 2363 556 ε
2395 531 2517 572 eum
2547 516 2663 586 ipse
2690 528 2885 570 servus
2910 518 2983 569 sit
3010 514 3264 571 vitiorum
3306 514 3414 589 [ΑΙ.
3466 516 3777 586 corruptio-

2180 608 2288 681 nis]
2320 617 2486 678 atque
2543 608 2815 672 luxurias,
2874 609 3027 662 canis
3078 620 3362 665 revertens
3410 607 3479 663 ad
3508 611 3777 664 vomitum

2178 716 2359 758 suum.
2388 701 2523 755 Nam
2550 700 2717 773 304
2742 714 2866 756 cum
2889 702 3212 756 monachum
3246 716 3371 757 esse
3411 714 3470 756 se
3521 701 3774 772 jactitet:

2179 805 2233 852 et
2265 803 2389 866 post
2414 796 2689 849 sordidam
2716 795 2951 849 tunicam
2995 805 3049 850 et
3078 796 3257 850 nudos
3284 793 3485 865 pedes,
3530 804 3585 851 et
3629 794 3779 850 ciba-

2176 888 2317 943 rium
2342 898 2620 959 panem,et
2637 901 2791 958 aquae
2815 896 3029 958 potum,
3049 886 3154 943 add
3180 888 3440 943 candidas
3470 887 3776 961 veSIes[Al.

2178 981 2465 1037 candidam
2497 992 2703 1037 vestem
2732 980 2751 1053 ]
2777 1024 2791 1049 ,
2826 992 2881 1037 et
2908 982 3132 1037 nitidam
3160 992 3361 1049 cutem,
3396 983 3463 1038 ad
3495 985 3729 1039 mulsum
3762 1026 3778 1052 ,

2180 1083 2235 1131 et
2256 1076 2567 1131 elaboratas
2596 1088 2819 1139 carnes,
2862 1074 2928 1130 ad
2958 1075 3079 1145 jura
3123 1074 3288 1146 Apitii
3317 1080 3371 1132 et
3414 1071 3636 1131 Paxami
3667 1072 3781 1149 [ΑΙ.

2181 1166 2471 1239 parantis],
2499 1167 2566 1221 ad
2588 1176 2610 1204 ε
2636 1167 2857 1223 balneas
2880 1182 3096 1239 quoque
3118 1182 3180 1224 ac
3208 1168 3515 1226 fricticulas
3538 1167 3645 1243 [AL
3680 1168 3787 1227 fri-

2181 1260 2383 1332 tillas],
2418 1270 2473 1316 et
2503 1263 2730 1332 p0pinas
2748 1278 2806 1316 se
2832 1264 3107 1331 conferat,
3140 1265 3485 1321 manifestum
3510 1274 3616 1333 est,
3637 1259 3787 1337 quod

2182 1363 2386 1410 terram
2414 1355 2576 1419 cmlo,
2638 1356 2770 1409 vitia
2800 1357 3117 1424 virtutibus,
3159 1354 3178 1394 τ
3227 1371 3473 1414 ventrem
3526 1358 3785 1429 prarlerat

2182 1445 2425 1511 Chrism,
2474 1454 2530 1501 et
2561 1460 2855 1518 purpuram
2908 1449 3113 1503 coloris
3140 1450 3277 1519 ejus,
3312 1456 3465 1521 putet
3487 1466 3651 1522 regna
3678 1462 3793 1507 εω-

2184 1538 2382 1593 lorttm.
2416 1537 2485 1592 Et
2507 1548 2687 1593 tamen
2714 1541 2817 1595 iste
2848 1540 3121 1596 formosus
3152 1544 3451 1598 monachus
3476 1589 3489 1611 ,
3524 1558 3746 1599 crassus
3775 1588 3789 1612 ,

2184 1633 2411 1698 nitidus,
2437 1633 2738 1701 dealbatus,
2766 1642 2821 1689 et
2842 1637 2994 1705 quasi
3009 1648 3245 1705 sponsus
3264 1650 3479 1708 semper
3500 1635 3791 1705 incedens,

2189 1736 2281 1780 aut
2305 1740 2536 1781 uxorem
2570 1726 2763 1793 ducat,
2798 1734 2857 1781 ut
2882 1729 3145 1798 aequalem
3180 1728 3548 1799 virginitatem
3581 1731 3792 1801 nuptiis

481 1826 885 1897 luxuriam:qui
914 1836 1097 1895 putant
1118 1824 1333 1879 delicias
1354 1842 1493 1890 esse,
1525 1826 1854 1899 injustitiam,
1880 1823 2077 1890 sordes,
2111 1816 2160 1880 Β
2190 1817 2414 1887 probet:
2444 1824 2538 1872 aut
2561 1818 2607 1873 si
2632 1830 2737 1874 non
2770 1817 3006 1883 duxerit,
3044 1819 3243 1875 frustra
3276 1831 3464 1876 contra
3486 1837 3583 1877 nos
3608 1824 3794 1879 verbis

479 1928 529 1974 et
553 1917 784 1972 maculas
802 1957 817 1984 ,
841 1927 889 1971 et
919 1916 1049 1970 nihil
1078 1915 1224 1969 aliud
1252 1916 1349 1969 nisi
1377 1916 1441 1970 de
1480 1913 1824 1987 voluptatibus
1856 1916 2085 1987 regitan—

478 2020 575 2066 tes.
613 2012 715 2077 Qui
739 2010 927 2063 habent
949 2008 1124 2063 oculos
1153 2007 1331 2075 plenos
1353 2009 1611 2063 adulterio
1639 2017 1684 2062 et
1706 2006 1990 2061 insatiabili
2019 2004 2086 2059 li-

479 2104 730 2169 bidine,“
750 2104 1011 2173 decipiunt
1039 2102 1237 2156 annuas
1270 2101 1488 2156 necdum
1513 2100 1704 2155 Christi
1725 2099 1976 2154 charitate
2002 2114 2086 2153 ro-

478 2196 673 2251 bustas.
714 2194 1020 2268 Loquuntur
1058 2197 1194 2249 enim
1238 2198 1387 2251 verba
1439 2196 1725 2260 tumentia,
1769 2203 1819 2249 et
1847 2195 2087 2250 indoctos

482 2290 637 2362 facile
654 2290 908 2345 illecebris
928 2291 1099 2344 carnis
1116 2292 1354 2344 irretiunt
1377 2306 1395 2345 :
1414 2292 1823 2359 repromittentes
1842 2290 1913 2344 eis
1935 2288 2089 2343 liber-

481 2391 667 2446 tatem,
699 2399 819 2437 cum
867 2385 969 2453 ipsi
1002 2384 1132 2437 servi
1156 2391 1183 2420 ι
1216 2385 1455 2437 ritiorunt
1483 2384 1584 2437 sint
1617 2393 1766 2453 atque
1789 2383 2012 2437 luxuria:
2040 2388 2088 2435 et

481 2476 850 2543 corruptionis.
885 2474 1246 2545 Unusquisque
1274 2476 1410 2530 enim
1432 2476 1477 2528 ei
1508 2474 1739 2539 subiacet
1771 2475 2002 2545 passioni
2023 2515 2037 2540 ,
2056 2489 2090 2527 a

481 2584 587 2639 qua
606 2569 851 2622 vincitur.
885 2567 1040 2634 Quod
1070 2568 1115 2623 si
1139 2568 1389 2639 fugientes
1429 2566 1876 2638 coinquinationes
1903 2564 2089 2620 mundi

482 2677 575 2729 per
597 2660 869 2714 scientiam
926 2660 1218 2714 Saluatoris
1251 2661 1414 2713 nostri
1463 2659 1591 2713 Jesu
1619 2658 1813 2713 Christi
1842 2701 1856 2724 ,
1905 2657 2089 2712 iisdem

479 2767 689 2807 rursum
709 2762 1043 2821 superantur,
1073 2766 1188 2821 qua:
1209 2759 1330 2804 ante
1353 2759 1726 2819 supermerant
1748 2791 1763 2816 ,
1809 2750 1948 2819 facta
1970 2754 2091 2802 sunt

482 2846 1025 2915 sinovissimapejora
1052 2844 1329 2912 prioribus.
1392 2841 1682 2911 Meliusque
1725 2842 1798 2895 eis
1851 2851 1958 2894 erat
1988 2853 2092 2894 non

487 2950 637 2989 nosse
670 2936 803 2986 viam
822 2934 1079 3004 justitiw,
1131 2947 1284 3002 quam
1305 2942 1420 3003 post
1449 2932 1765 3004 agnitionem
1806 2942 2093 2985 retrorsum

486 3028 711 3082 converti
737 3066 751 3089 ,
779 3036 824 3079 et
854 3024 1144 3093 relinquere
1197 3034 1433 3077 sanctum
1488 3025 1791 3077 mandatum
1809 3060 1823 3089 ,
1852 3025 1991 3093 quod
2018 3024 2091 3079 eis

487 3118 739 3173 traditum
768 3114 955 3183 fuerat.
989 3113 1411 3186 Completumquc
1429 3124 1502 3170 est
1546 3116 1603 3169 in
1642 3115 1715 3169 eis
1766 3115 2091 3168 verissimum

2186 1912 2333 1980 agit,
2363 1924 2486 1964 cum
2534 1925 2702 1980 opere
2757 1912 3042 1966 nobiscum
3096 1913 3183 1967 sit.
3237 1912 3343 1969 Sed
3375 1922 3428 1969 et
3453 1913 3692 1970 Joannes
3725 1915 3781 1971 in

2186 2002 2377 2057 eadem
2407 2004 2569 2057 verba
2613 2002 2956 2059 concordat:
3020 2003 3200 2059 Nolite
3236 2006 3453 2077 diligere
3501 2008 3753 2062 mundum
3778 2051 3794 2076 ,

2187 2113 2354 2168 neque
2380 2112 2439 2150 ea
2464 2110 2578 2163 qua:
2605 2098 2659 2151 in
2682 2099 2878 2152 mundo
2904 2107 3043 2153 sunt.
3079 2098 3141 2153 Si
3165 2100 3278 2170 quis
3305 2099 3477 2172 diligit
3504 2103 3754 2156 mundum
3777 2144 3794 2170 ,

2188 2208 2292 2247 non
2323 2201 2397 2246 est
2417 2192 2643 2246 charitas
2673 2190 2848 2246 Patris
2892 2194 2945 2246 in
2993 2208 3070 2247 eo.
3105 2194 3365 2259 Quoniam
3395 2212 3542 2251 omne
3569 2197 3709 2268 quod
3739 2199 3798 2251 in

2188 2286 2383 2340 mundo
2409 2295 2484 2340 est
2505 2325 2521 2351 ,
2553 2284 2865 2340 desiderium
2893 2288 3063 2340 carnis
3091 2295 3163 2341 est
3182 2330 3195 2353 ,
3238 2296 3287 2341 et
3313 2287 3623 2343 desiderium
3671 2306 3797 2345 ocu-

2190 2378 2390 2446 lorum,
2423 2391 2475 2434 et
2499 2379 2741 2449 superbia
2768 2379 2926 2452 hujus
2952 2382 3100 2448 vitae,
3126 2395 3241 2450 quae
3273 2397 3375 2435 non
3401 2388 3475 2435 est
3502 2385 3565 2435 de
3591 2380 3754 2437 Patre
3774 2426 3789 2445 ,

2189 2475 2279 2527 sed
2302 2475 2366 2528 de
2392 2477 2587 2529 mundo
2621 2481 2636 2539 (
2676 2473 2696 2528 Ι
2718 2472 2875 2528 Joan.
2903 2488 2943 2530 ll
2968 2518 2981 2543 ,
3009 2476 3197 2546 seqq.).
3234 2476 3322 2541 Et,
3350 2474 3581 2531 Mundus
3612 2486 3801 2547 priete-

2190 2566 2257 2620 rit
2284 2564 2394 2637 {AL
2430 2567 2749 2637 praeteriet],
2775 2577 2823 2620 et
2853 2567 3169 2621 desiderium
3196 2570 3327 2637 ejus.
3359 2570 3460 2636 Qui
3481 2582 3651 2625 autem
3672 2571 3801 2640 facit

2192 2657 2513 2712 voluntatem
2538 2658 2637 2712 Dei
2657 2702 2670 2725 ,
2696 2668 2866 2714 manet
2885 2660 2939 2714 in
2968 2668 3239 2715 (sternunt.
3268 2660 3578 2717 Mandatum
3610 2680 3801 2719 notum

2192 2750 2377 2819 scripsi
2403 2752 2544 2803 vobis
2564 2792 2576 2814 ,
2611 2752 2750 2821 quod
2780 2760 2853 2805 est
2882 2752 3196 2807 verissimum
3217 2794 3232 2821 ,
3288 2762 3339 2808 et
3365 2755 3421 2810 in
3452 2752 3659 2810 Christo
3685 2799 3699 2821 ,
3750 2769 3801 2812 ct

2192 2842 2243 2894 in
2275 2842 2421 2895 nobis
2448 2846 2607 2913 :quia
2640 2844 2861 2900 tenebrte
2888 2849 3245 2918 praeterierunt
3270 2891 3283 2914 ,
3308 2858 3357 2903 et
3380 2851 3470 2904 tua:
3511 2854 3628 2924 jam
3658 2851 3800 2906 lucet

2193 2934 2384 3007 (Ibid.,
2417 2937 2492 3009 8).
2515 2938 2834 2995 Etrursum:
2864 2940 3169 2997 Churissimi
3188 2961 3323 2998 nunc
3352 2946 3452 3015 ﬁlii
3481 2946 3578 3002 Dei
3593 2964 3795 3015 sumus,

2192 3036 2241 3081 et
2265 3028 2481 3082 necdum
2511 3032 2752 3102 apparuit
2776 3034 2903 3104 quid
2929 3036 3095 3105 futuri
3116 3048 3317 3092 sumus.
3352 3036 3557 3094 Scimus
3582 3055 3755 3094 autem
3780 3084 3793 3105 ,

2191 3122 2316 3190 quia
2342 3134 2456 3174 cum
2479 3128 2809 3195 apparuerit,
2839 3127 3035 3183 similes
3080 3131 3129 3182 ei
3167 3132 3354 3185 erimus
3384 3146 3404 3186 .·
3431 3133 3675 3202 quoniam
3724 3135 3805 3188 vi-

484 3208 621 3263 illud
649 3206 979 3277 proverbium
1003 3224 1019 3260 :
1070 3207 1223 3261 Canis
1278 3221 1510 3261 reversus
1539 3208 1604 3260 ad
1632 3208 1885 3299 vomitum
1901 3223 2050 3262 suum
2073 3247 2088 3274 ,
2120 3205 2167 3273 C
2197 3214 2426 3268 debimus
2446 3231 2561 3269 eum
2590 3218 2740 3271 sicuti
2770 3221 2867 3273 est.
2898 3219 2966 3274 Et
2992 3223 3159 3276 omnis
3183 3225 3271 3293 qui
3300 3223 3453 3278 habet
3480 3224 3613 3279 hanc
3631 3243 3797 3299 spem,

488 3312 536 3357 et
567 3316 656 3355 sus
687 3299 795 3353 lota
818 3300 871 3351 in
898 3298 1163 3353 volutabra
1191 3298 1289 3352 luti
1319 3300 1383 3371 (ll
1412 3297 1529 3353 Pet.
1564 3314 1632 3365 tt,
1674 3298 1851 3371 9—22).
1876 3298 1904 3337 ὶ)
1936 3299 2092 3355 Nolui

489 3408 714 3449 omnem
743 3392 919 3446 locum
948 3392 1202 3447 secunda:
1235 3391 1380 3447 Petri
1414 3392 1675 3461 Epistolas
1725 3406 1932 3463 ponere
1956 3433 1972 3460 ,
2025 3408 2096 3449 ne

489 3488 710 3558 longum
741 3487 1012 3551 facerem,
1059 3486 1156 3540 sed
1203 3484 1581 3540 tantummodo
1610 3488 1827 3542 ostendi
1857 3488 2093 3557 Spiritus

493 3581 668 3636 sancti
698 3577 957 3633 vaticinia
977 3616 992 3645 ,
1020 3577 1182 3647 hujus
1208 3580 1470 3647 tetttporis
1500 3589 1555 3633 et
1580 3579 1833 3635 doctores
1855 3580 1965 3651 [ΑΙ.
1998 3582 2095 3635 do-

492 3672 724 3746 ctorem]
746 3683 801 3728 et
830 3674 1079 3726 haeresim
1103 3674 1547 3741 praenuntiatum.
1587 3673 1828 3743 Denique
1866 3675 2097 3730 manife-

498 3766 633 3820 stius
664 3764 888 3819 eosdem
917 3770 1104 3827 notat,
1139 3762 1364 3816 dicens:
1405 3762 1620 3817 Ve'nient
1640 3764 1773 3817 enim
1807 3765 1862 3817 in
1881 3766 2098 3820 novissi-

498 3858 597 3911 mis
618 3856 795 3910 diebus
820 3855 1065 3910 illusores
1086 3856 1387 3911 seducentss
1408 3894 1422 3921 ,
1458 3859 1618 3929 juxta
1645 3859 1861 3931 propria
1890 3860 2097 3915 desides

495 3952 577 4004 ria
603 3949 927 4005 ambulantes
946 3988 961 4016 ,
993 3960 1048 4005 et
1077 3958 1300 4006 cetera.

566 4045 656 4099 40.
675 4041 968 4097 Monachus
981 4042 1291 4097 Iovinianus
1314 4044 1456 4099 canis
1468 4055 1725 4101 revertens
1749 4047 1817 4100 ad
1830 4048 2093 4105 vomitum.

494 4138 684 4193 Tribus
714 4137 835 4192 Levi
866 4154 961 4208 pro
995 4138 1133 4191 tribu
1169 4135 1285 4191 Dan
1305 4138 1494 4207 posita.
1525 4139 1711 4195 Omnia
1729 4154 1886 4211 opera
1908 4145 2100 4214 imper-

508 4234 641 4301 fecta
660 4233 772 4285 sine
787 4233 1030 4300 puritate.
1047 4228 1299 4284 eretici
1312 4232 1562 4285 damnant
1581 4235 1842 4306 coniugia.
1870 4233 2104 4291 Ecclesia

500 4323 682 4393 probat
704 4334 751 4378 et
781 4325 1065 4395 dispensat.
1092 4350 1163 4364 -
1193 4324 1495 4393 Descripsit
1533 4336 1714 4381 sermo
1755 4328 2100 4397 Apostoiicus

497 4418 843 4476 Joviniauum
868 4418 1180 4488 loquentem
1212 4416 1395 4473 buccis
1453 4420 1788 4477 tumentibus
1819 4428 1874 4477 et
1915 4422 2096 4480 innata

2197 3308 2450 3375 castiﬁcat
2475 3313 2804 3380 semetipsum
2828 3355 2842 3377 ,
2868 3315 3003 3367 sicut
3033 3325 3081 3370 et
3112 3315 3204 3369 ille
3229 3329 3401 3371 castas
3444 3328 3538 3371 est.
3598 3317 3664 3372 In
3701 3319 3802 3374 hoc

2197 3404 2425 3473 perfecta
2471 3414 2546 3457 cst
2576 3416 2750 3460 nostra
2776 3407 3032 3474 charitas,
3064 3413 3109 3464 si
3139 3410 3382 3479 ﬁduciam
3430 3411 3707 3468 habeamus
3745 3414 3802 3469 in

2198 3496 2331 3547 diem
2350 3495 2577 3569 judicii;
2599 3507 2655 3551 ut
2681 3502 2938 3570 quomodo
2962 3502 3053 3557 ille
3081 3514 3187 3571 est,
3241 3506 3316 3560 sic
3356 3514 3407 3560 et
3450 3522 3544 3561 nos
3565 3506 3724 3562 simus
3748 3508 3801 3562 in

2197 3586 2294 3640 hoc
2317 3591 2507 3643 steculo
2527 3590 2570 3662 (Ι
2594 3590 2750 3645 Joan.
2789 3606 2900 3655 rm,
2925 3595 2980 3662 2,
3011 3597 3044 3651 ὅ
3064 3596 3104 3667 ).
3130 3597 3370 3668 Epi5tola
3403 3613 3615 3669 quoque
3645 3599 3800 3657 Jutlsc

2198 3680 2306 3733 tale
2338 3681 2470 3749 quid
2503 3682 2798 3752 significat,
2836 3685 3080 3742 0dientes
3098 3699 3146 3743 et
3174 3692 3348 3744 carnis
3375 3691 3629 3763 pollutam
3659 3696 3799 3749 tuni-

2198 3790 2311 3829 cam
2343 3774 2534 3845 (Ibid.,
2567 3778 2637 3833 23
2660 3780 2699 3849 ).
2735 3779 3002 3851 Legamus
3027 3783 3409 3857 ApttCalypsim
3439 3785 3668 3844 Joannis
3693 3831 3706 3855 ,
3744 3798 3802 3845 et

2199 3871 2272 3925 ibi
2298 3872 2637 3941 reperiemus
2669 3876 2882 3946 Agnum
2910 3889 3075 3947 super
3096 3884 3335 3933 montem
3368 3879 3501 3936 Sion
3524 3926 3536 3948 ,
3574 3890 3629 3937 et
3676 3898 3798 3938 cunt

2200 3980 2267 4023 eo
2288 3975 2509 4022 centum
2536 3968 2895 4041 quadraginta
2927 3984 3162 4043 quatuor
3208 3972 3376 4028 millia
3418 3977 3753 4046 signatorum
3783 4020 3797 4042 ,

2197 4059 2514 4115 habentium
2548 4076 2743 4118 nomen
2771 4063 2911 4134 ejus,
2929 4075 2981 4119 et
2998 4080 3195 4121 nomen
3211 4066 3384 4121 Patris
3397 4064 3518 4137 ejus
3538 4069 3798 4135 scriptum

2207 4151 2260 4204 in
2277 4150 2544 4207 frontibus
2556 4154 2690 4218 suis,
2708 4157 2797 4225 qui
2812 4156 3171 4211 cantantCant
3185 4158 3322 4212 icum
3338 4170 3557 4226 novum,
3574 4168 3803 4216 etnemo

2207 4252 2388 4316 potest
2408 4246 2592 4303 dicere
2612 4246 2894 4305 Canticum
2922 4248 3083 4319 illud,
3109 4251 3212 4306 nisi
3235 4252 3286 4305 hi
3316 4254 3406 4321 qui
3463 4253 3627 4324 empti
3676 4263 3803 4310 sunt

2209 4337 2277 4390 de
2309 4343 2471 4392 terra.
2501 4339 2590 4393 Isti
2623 4343 2865 4411 suntqui
2891 4357 3012 4397 cum
3046 4342 3369 4398 mulieribus
3408 4354 3468 4400 se
3516 4360 3621 4399 non
3649 4346 3802 4401 coin-

2209 4429 2605 4500 quinavcrtmt,
2638 4433 2877 4503 virgines
2907 4435 3053 4492 enim
3079 4446 3518 4507 permanserunt.
3553 4437 3713 4510 305
3737 4438 3799 4496 lii

575 4634 600 4663 α
629 4624 757 4705 Mss,
788 4623 955 4705 nostri
977 4667 991 4691 ,
1032 4624 1164 4679 servi
1185 4626 1284 4705 sint
1307 4624 1653 4705 corruptionis
1680 4626 1885 4705 absque
1914 4630 2099 4705 ittlru—
2125 4636 2180 4697 1)
2206 4634 2424 4690 Paxatni
2459 4654 2587 4692 vero
2612 4638 2942 4697 mentionem
2980 4643 3103 4699 facit
3131 4642 3431 4701 Columella
3480 4646 3615 4701 libro
3649 4648 3715 4704 de
3744 4666 3800 4705 re

502 4699 578 4753 sis
605 4695 787 4749 verbis
816 4698 1049 4747 vitiorum
1077 4709 1230 4766 atque
1254 4697 1479 4750 luxnriw
1505 4713 1521 4750 :
1547 4698 1768 4752 omnino
1797 4695 1862 4753 ex
1907 4701 2100 4758 (ἶνινοο

499 4777 651 4823 textu
682 4769 829 4822 αὐτοὶ
858 4765 1025 4822 δοῦλοι
1046 4768 1376 4844 ὐπᾴφχογςσς
1407 4778 1499 4829 τῆς
1524 4770 1711 4843 φθορᾶς
1732 4774 1862 4844 ,_cui
1895 4785 1949 4827 et
1973 4773 2101 4828 νηι-

498 4850 656 4909 gatus
690 4852 847 4909 tltlt't't
873 4854 954 4891 tos
982 4856 1098 4891 cont
1124 4840 1217 4891 it'ttt
1275 4840 1395 4893 Mox
1427 4856 1488 4893 ex
1516 4840 1709 4895 eodem
1741 4842 1935 4897 Grmcn
1969 4844 2095 4899 Sal-

496 4908 686 4985 uatoris
706 4908 832 4985 Iesu
865 4910 1066 4977 absque
1097 4909 1257 4962 nostri
1280 4951 1292 4971 ,
1339 4918 1389 4985 et
1439 4911 1603 4985 paulo
1627 4924 1745 4980 [)UHI
1800 4931 1950 4983 quam
1983 4927 2097 4985 post

495 4983 731 5063 notitiam.
754 4983 867 5063 ejus
897 4992 1008 5049 pus‘l
1040 4988 1235 5063 tergunt
1266 4982 1437 5063 redire
1461 4992 1506 5035 et
1530 4984 1852 5063 relinquere.
1888 4982 1993 5040 etc.

566 5053 592 5091 δ
625 5051 787 5106 Nolui
822 5066 1021 5104 omnem
1057 5052 1221 5102 locum
1252 5056 1484 5105 secundm
1520 5051 1702 5117 Petri,
1748 5067 1854 5108 etc.
1893 5060 1963 5111 lic
1994 5060 2095 5111 Ca-

495 5139 637 5177 ltttltt‘.
667 5123 803 5174 dixit
832 5134 993 5191 supra
1022 5136 1236 5191 otttnt-tn
1263 5136 1395 5191 esse
1414 5122 1873 5191 dtSputattonent;
1901 5143 2096 5181 Ctittse-

494 5202 727 5260 ηηριιιρτ
749 5192 865 5256 ᾕρεε
887 5196 943 5260 et
964 5187 1599 5260 JuvittianusEpistulattt
1630 5194 1771 5248 Petri
1794 5187 2093 5254 secundum

494 5258 859 5320 admittebant
905 5258 956 5311 itt
991 5272 1253 5311 cntionem
1292 5259 1553 5315 ltbrorum
1594 5278 1898 5321 sacrorum.

1076 5398 1086 5409 .
1426 5400 1451 5409 γ’
1530 5402 1538 5409 1
1672 5333 1939 5391 Mantua.

570 5418 592 5446 ε
632 5404 864 5479 Victor,
908 5414 1025 5452 cum
1070 5400 1180 5467 ipse
1224 5400 1567 5470 corruptionis
1613 5418 1788 5458 servus
1836 5414 1904 5459 sit
1953 5418 2103 5479 atque

498 5481 639 5532 lusui
655 5477 738 5529 iw.

564 5546 590 5584 ιι
624 5540 1043 5613 RescriptuntS.
1068 5538 1337 5613 Ambrosii
1367 5540 1433 5595 ad
1454 5540 1713 5613 Siricium
1728 5543 1793 5597 de
1811 5546 2094 5605 Jovin'mto

494 5619 718 5687 ejusque
740 5611 985 5669 asseclis.
1011 5627 1064 5687 se
1090 5611 1264 5687 dolent
1295 5611 1380 5665 isti
1405 5612 1829 5687 aliquotempore
1855 5629 1966 5670 esse
1986 5635 2096 5673 ma-

496 5681 694 5741 ceratus
717 5724 734 5752 ,
767 5695 812 5739 et
844 5685 1112 5754 propriam
1160 5681 1481 5735 ulciscuntur
1521 5682 1803 5754 iniuriam,
1830 5689 2093 5752 quaﬁdia.

493 5758 671 5824 nisque
698 5751 950 5824 conviviis
978 5769 1172 5824 usuque
1215 5755 1435 5824 luxuriw
1456 5796 1469 5819 ,
1520 5751 1747 5805 laborent
1776 5751 2095 5814 abstinentia:

494 5821 801 5896 proputsare
845 5821 1159 5875 desiderant.
1214 5822 1408 5879 Notum
1456 5836 1624 5895 porro
1664 5824 1831 5893 Apitii
1860 5842 2089 5897 nomen;

2208 4707 2449 4793 Rustica,
2475 4710 2781 4793 et§uida<3
2808 4716 3022 4793 scripsit
3049 4719 3591 4793 πρῑεξηιρψαρτυτικά.
3622 4718 3675 4773 1η
3707 4720 3803 4774 ali-

2205 4791 2335 4846 quot
2368 4780 2781 4857 ntsssPuxamii
2808 4780 3026 4853 legitur.
3087 4786 3196 4841 Pro
3223 4780 3513 4857 fri'cu'culus
3562 4792 3798 4844 Gravius

2205 4854 2415 4927 mavult
2444 4851 2645 4919 fitillas.
2679 4854 2839 4909 Certe
2866 4851 3147 4912 'Arnohitts
3173 4851 3267 4913 Iih.
3296 4876 3363 4914 vn
3387 4878 3400 4914 :
3435 4861 3572 4925 Quid
3595 4863 3799 4927 fitillas,

2201 4923 2327 4999 quid
2366 4924 2571 4999 frumeu
2598 4966 2609 4983 ,
2641 4939 2763 4999 qum
2788 4936 2903 4979 sunt
2925 4929 3154 4999 pulicum
3196 4934 3405 4985 nomina
3432 4923 3469 4984 ?_
3494 4933 3567 4986 lie
3595 4923 3803 4988 ’tttutala

2200 4990 2469 5066 JOi'ilLitltti
2502 4990 2802 5051 veSIe'vitlc
2830 4990 2947 5066 qure-
2979 5008 3302 5053 :tnnotamus
3327 5002 3462 5055 infra
3496 5003 3531 5055 l.
3562 5019 3619 5056 ll.

2278 5072 2301 5135 εξ
2336 5061 2557 5117 Baiuras
2579 5081 2780 5134 quoque
2818 5061 2879 5119 ac
2909 5070 3219 5135 fricticulns.
3247 5071 3435 5127 Nullus
3487 5074 3660 5127 codex
3694 5088 3801 5130 ms.

2206 5133 2482 5215 EgleCllti’l
2509 5133 2669 5188 editis
2692 5133 2924 5215 fritillus,
2951 5141 3042 5194 sed
3072 5142 3351 5215 ﬁcrticulas,
3381 5145 3460 5196 vel
3489 5144 3795 5210 fricticulas.

2205 5202 2513 5285 Prii-ﬁculna
2541 5218 2673 5285 vero
2693 5202 2958 5264 dicuntur
2993 5202 3091 5285 alis
3123 5202 3467 5285 Hieronymo
3489 5202 3692 5269 culinae
3723 5218 3803 5270 ci-

2207 5274 2399 5358 ltornm
2430 5275 2712 5358 trictttrnm
2731 5295 2771 5358 _:_
2789 5291 2960 5347 quare
2992 5282 3214 5351 pulchre
3245 5274 3527 5358 conjungit
3554 5285 3802 5341 friction-

2205 5343 2287 5397 las
2313 5357 2435 5397 cum
2468 5347 2701 5413 popinis.
2728 5343 2992 5406 Maurum

2286 5413 2305 5451 ί
2340 5416 2446 5469 Pro
2486 5431 2619 5497 voce
2651 5430 2873 5474 ventrem
2903 5438 3032 5477 mss.
3092 5426 3262 5480 nostri
3319 5425 3504 5497 legunt
3548 5428 3805 5490 accipient

2209 5502 2408 5551 aerem,
2442 5488 2525 5543 vel
2555 5505 2695 5568 aera,
2726 5505 2957 5561 quorum
2989 5496 3091 5568 etsi
3122 5507 3341 5551 sensum
3372 5488 3490 5553 "non
3516 5488 3803 5568 assequar,

2204 5570 2431 5641 moneor
2456 5560 3010 5641 tamendeprava‘tum
3036 5564 3177 5622 hunc
3209 5584 3337 5641 esse,
3371 5560 3685 5641 Hieronymi
3718 5572 3803 5625 lo-

2204 5640 2325 5707 cum
2352 5643 2366 5707 ξ
2400 5629 2704 5707 ᾳυὶό-Αθηιιη
2734 5629 2856 5702 post
2888 5636 3004 5690 haec
3033 5641 3274 5707 praeferat
3299 5638 3536 5706 Christo,
3566 5629 3669 5694 s'ihi
3707 5653 3804 5694 vo-

2205 5696 2322 5781 luttt
2352 5696 2465 5753 huic
2490 5700 2591 5781 alia
2610 5739 2625 5768 ,
2681 5696 2751 5781 et:
2772 5696 3059 5773 purpuram
3087 5696 3417 5781 colorisejus
3461 5696 3608 5778 putet
3638 5725 3801 5781 regna

2202 5769 2466 5889 cistarum.
2519 5768 2688 5827 Miror
2731 5768 2846 5828 hinc
2875 5768 2921 5827 'a
2982 5778 3201 5835 nemine
3230 5768 3498 5835 ediiorut'n
3552 5768 3801 5836 animad-

2223 5853 2230 5863 ’
2274 5853 2381 5889 r53.

2223 5852 2381 5893 versa.
