  <div class='ocr_page' id='page_1' title='image "/cluster/home/n/w/nwhite01/storage/ocr_20150623/23/uva.x000775467/142.png"; bbox 0 0 4068 6336; ppageno 0'>
   <div class='ocr_carea' id='block_1_1' title="bbox 193 348 288 404">
    <p class='ocr_par' dir='ltr' id='par_1_1' title="bbox 193 348 288 404">
     <span class='ocr_line' id='line_1_1' title="bbox 193 348 288 404; baseline 0 0"><span class='ocrx_word' id='word_1_1' title='bbox 193 348 288 404; x_wconf 74' lang='lat'><strong>269</strong></span> 
     </span>
    </p>
   </div>
   <div class='ocr_carea' id='block_1_2' title="bbox 1269 344 2366 404">
    <p class='ocr_par' dir='ltr' id='par_1_2' title="bbox 1269 344 2366 404">
     <span class='ocr_line' id='line_1_2' title="bbox 1269 344 2366 404; baseline -0.004 -1"><span class='ocrx_word' id='word_1_2' title='bbox 1269 345 1664 404; x_wconf 81' lang='lat' dir='ltr'><strong>&#39;ADVERSUS</strong></span> <span class='ocrx_word' id='word_1_3' title='bbox 1702 346 2116 404; x_wconf 76' lang='lat' dir='ltr'><strong>JOVINIANUM</strong></span> <span class='ocrx_word' id='word_1_4' title='bbox 2156 344 2284 401; x_wconf 69' lang='grc' dir='ltr'><strong>[ΑΒ.</strong></span> <span class='ocrx_word' id='word_1_5' title='bbox 2327 344 2366 401; x_wconf 89' lang='grc'><strong>1.</strong></span> 
     </span>
    </p>
   </div>
   <div class='ocr_carea' id='block_1_3' title="bbox 3383 345 3488 405">
    <p class='ocr_par' dir='ltr' id='par_1_3' title="bbox 3383 345 3488 405">
     <span class='ocr_line' id='line_1_3' title="bbox 3383 345 3488 405; baseline 0.029 -3"><span class='ocrx_word' id='word_1_6' title='bbox 3383 345 3488 405; x_wconf 79' lang='lat'><strong>270</strong></span> 
     </span>
    </p>
   </div>
   <div class='ocr_carea' id='block_1_4' title="bbox 195 452 3493 533">
    <p class='ocr_par' dir='ltr' id='par_1_4' title="bbox 195 452 3493 533">
     <span class='ocr_line' id='line_1_4' title="bbox 195 452 3493 533; baseline -0.001 -18"><span class='ocrx_word' id='word_1_7' title='bbox 195 472 487 533; x_wconf 84' lang='lat' dir='ltr'><strong>sequuntur</strong></span> <span class='ocrx_word' id='word_1_8' title='bbox 548 461 756 531; x_wconf 78' lang='lat' dir='ltr'><strong>Agnum</strong></span> <span class='ocrx_word' id='word_1_9' title='bbox 796 474 1141 533; x_wconf 89' lang='lat' dir='ltr'><strong>quocumque</strong></span> <span class='ocrx_word' id='word_1_10' title='bbox 1179 462 1328 516; x_wconf 99' lang='lat' dir='ltr'><strong>vadit</strong></span> <span class='ocrx_word' id='word_1_11' title='bbox 1362 478 1375 514; x_wconf 90' lang='lat'><strong>:</strong></span> <span class='ocrx_word' id='word_1_12' title='bbox 1425 462 1592 532; x_wconf 91' lang='lat' dir='ltr'><strong>empti</strong></span> <span class='ocrx_word' id='word_1_13' title='bbox 1657 469 1785 515; x_wconf 89' lang='lat' dir='ltr'><strong>sunt</strong></span> <span class='ocrx_word' id='word_1_14' title='bbox 1813 472 1864 533; x_wconf 77' lang='grc' dir='ltr'>Α</span> <span class='ocrx_word' id='word_1_15' title='bbox 1892 460 2050 516; x_wconf 96' lang='lat' dir='ltr'><strong>laude</strong></span> <span class='ocrx_word' id='word_1_16' title='bbox 2077 460 2276 515; x_wconf 76' lang='lat' dir='ltr'><strong>dixerit</strong></span> <span class='ocrx_word' id='word_1_17' title='bbox 2302 458 2411 531; x_wconf 81' lang='lat' dir='ltr'><strong>[AL</strong></span> <span class='ocrx_word' id='word_1_18' title='bbox 2434 456 2695 529; x_wconf 76' lang='lat' dir='ltr'><strong>dixerint]</strong></span> <span class='ocrx_word' id='word_1_19' title='bbox 2726 454 3044 525; x_wconf 80' lang='lat' dir='ltr'><strong>nuptiarum</strong></span> <span class='ocrx_word' id='word_1_20' title='bbox 3072 498 3088 525; x_wconf 94' lang='lat'><strong>,</strong></span> <span class='ocrx_word' id='word_1_21' title='bbox 3132 452 3368 514; x_wconf 89' lang='lat' dir='ltr'><strong>libenter</strong></span> <span class='ocrx_word' id='word_1_22' title='bbox 3397 476 3493 514; x_wconf 83' lang='lat' dir='ltr'><strong>au-</strong></span> 
     </span>
    </p>
   </div>
   <div class='ocr_carea' id='block_1_5' title="bbox 194 554 1785 625">
    <p class='ocr_par' dir='ltr' id='par_1_5' title="bbox 194 554 1785 625">
     <span class='ocr_line' id='line_1_5' title="bbox 194 554 1785 625; baseline -0.001 -15"><span class='ocrx_word' id='word_1_23' title='bbox 194 556 332 610; x_wconf 87' lang='lat' dir='ltr'><strong>enim</strong></span> <span class='ocrx_word' id='word_1_24' title='bbox 359 571 431 611; x_wconf 77' lang='lat' dir='ltr'><strong>ex</strong></span> <span class='ocrx_word' id='word_1_25' title='bbox 454 554 769 610; x_wconf 84' lang='lat' dir='ltr'><strong>hominibus</strong></span> <span class='ocrx_word' id='word_1_26' title='bbox 797 555 1051 625; x_wconf 85' lang='lat' dir='ltr'><strong>primitiae</strong></span> <span class='ocrx_word' id='word_1_27' title='bbox 1082 554 1198 609; x_wconf 89' lang='lat' dir='ltr'><strong>Deo</strong></span> <span class='ocrx_word' id='word_1_28' title='bbox 1229 564 1283 609; x_wconf 87' lang='lat' dir='ltr'><strong>et</strong></span> <span class='ocrx_word' id='word_1_29' title='bbox 1310 556 1494 625; x_wconf 82' lang='lat' dir='ltr'><strong>Agno,</strong></span> <span class='ocrx_word' id='word_1_30' title='bbox 1521 565 1578 608; x_wconf 88' lang='lat' dir='ltr'><strong>et</strong></span> <span class='ocrx_word' id='word_1_31' title='bbox 1610 554 1662 607; x_wconf 88' lang='lat' dir='ltr'><strong>in</strong></span> <span class='ocrx_word' id='word_1_32' title='bbox 1688 567 1785 609; x_wconf 89' lang='lat' dir='ltr'><strong>ore</strong></span> 
     </span>
    </p>
   </div>
   <div class='ocr_carea' id='block_1_6' title="bbox 195 646 1785 716">
    <p class='ocr_par' dir='ltr' id='par_1_6' title="bbox 195 646 1785 716">
     <span class='ocr_line' id='line_1_6' title="bbox 195 646 1785 716; baseline 0 -17"><span class='ocrx_word' id='word_1_33' title='bbox 195 646 433 716; x_wconf 89' lang='lat' dir='ltr'><strong>ipsorum</strong></span> <span class='ocrx_word' id='word_1_34' title='bbox 451 663 560 701; x_wconf 92' lang='lat' dir='ltr'><strong>non</strong></span> <span class='ocrx_word' id='word_1_35' title='bbox 574 656 657 701; x_wconf 89' lang='lat' dir='ltr'><strong>est</strong></span> <span class='ocrx_word' id='word_1_36' title='bbox 679 648 951 702; x_wconf 86' lang='lat' dir='ltr'><strong>inventum</strong></span> <span class='ocrx_word' id='word_1_37' title='bbox 973 647 1335 711; x_wconf 78' lang='lat' dir='ltr'><strong>mendacium,</strong></span> <span class='ocrx_word' id='word_1_38' title='bbox 1365 658 1418 701; x_wconf 88' lang='lat' dir='ltr'><strong>et</strong></span> <span class='ocrx_word' id='word_1_39' title='bbox 1434 647 1552 702; x_wconf 87' lang='lat' dir='ltr'><strong>sine</strong></span> <span class='ocrx_word' id='word_1_40' title='bbox 1575 646 1785 700; x_wconf 82' lang='lat' dir='ltr'><strong>macula</strong></span> 
     </span>
    </p>
   </div>
   <div class='ocr_carea' id='block_1_7' title="bbox 195 738 1786 809">
    <p class='ocr_par' dir='ltr' id='par_1_7' title="bbox 195 738 1786 809">
     <span class='ocr_line' id='line_1_7' title="bbox 195 738 1786 809; baseline 0 -18"><span class='ocrx_word' id='word_1_41' title='bbox 195 748 336 791; x_wconf 83' lang='lat' dir='ltr'><strong>Sunt.</strong></span> <span class='ocrx_word' id='word_1_42' title='bbox 373 738 449 792; x_wconf 87' lang='lat' dir='ltr'><strong>De</strong></span> <span class='ocrx_word' id='word_1_43' title='bbox 474 739 704 809; x_wconf 84' lang='lat' dir='ltr'><strong>singulis</strong></span> <span class='ocrx_word' id='word_1_44' title='bbox 734 739 1012 805; x_wconf 83' lang='lat' dir='ltr'><strong>tribubus,</strong></span> <span class='ocrx_word' id='word_1_45' title='bbox 1063 749 1289 808; x_wconf 85' lang='lat' dir='ltr'><strong>excepta</strong></span> <span class='ocrx_word' id='word_1_46' title='bbox 1322 739 1461 793; x_wconf 85' lang='lat' dir='ltr'><strong>tribu</strong></span> <span class='ocrx_word' id='word_1_47' title='bbox 1505 738 1655 804; x_wconf 85' lang='lat' dir='ltr'><strong>Dan,</strong></span> <span class='ocrx_word' id='word_1_48' title='bbox 1687 752 1786 806; x_wconf 88' lang='lat' dir='ltr'><strong>pro</strong></span> 
     </span>
    </p>
   </div>
   <div class='ocr_carea' id='block_1_8' title="bbox 196 828 1787 901">
    <p class='ocr_par' dir='ltr' id='par_1_8' title="bbox 196 828 1787 901">
     <span class='ocr_line' id='line_1_8' title="bbox 196 828 1787 901; baseline -0.001 -17"><span class='ocrx_word' id='word_1_49' title='bbox 196 848 299 901; x_wconf 87' lang='lat' dir='ltr'><strong>qua</strong></span> <span class='ocrx_word' id='word_1_50' title='bbox 331 833 611 900; x_wconf 90' lang='lat' dir='ltr'><strong>reponitur</strong></span> <span class='ocrx_word' id='word_1_51' title='bbox 625 841 649 869; x_wconf 75' lang='grc'><strong><em>⁸</em></strong></span> <span class='ocrx_word' id='word_1_52' title='bbox 670 833 842 887; x_wconf 89' lang='lat' dir='ltr'><strong>tribus</strong></span> <span class='ocrx_word' id='word_1_53' title='bbox 864 832 1316 899; x_wconf 83' lang='lat' dir='ltr'><strong>Levi,duodecim</strong></span> <span class='ocrx_word' id='word_1_54' title='bbox 1334 831 1502 885; x_wconf 84' lang='lat' dir='ltr'><strong>millia</strong></span> <span class='ocrx_word' id='word_1_55' title='bbox 1520 828 1787 899; x_wconf 88' lang='lat' dir='ltr'><strong>virginum</strong></span> 
     </span>
    </p>
   </div>
   <div class='ocr_carea' id='block_1_9' title="bbox 197 922 1791 992">
    <p class='ocr_par' dir='ltr' id='par_1_9' title="bbox 197 922 1791 992">
     <span class='ocr_line' id='line_1_9' title="bbox 197 922 1791 992; baseline -0.001 -14"><span class='ocrx_word' id='word_1_56' title='bbox 197 924 533 991; x_wconf 82' lang='lat' dir='ltr'><strong>signatorum</strong></span> <span class='ocrx_word' id='word_1_57' title='bbox 564 924 835 979; x_wconf 86' lang='lat' dir='ltr'><strong>creditura</strong></span> <span class='ocrx_word' id='word_1_58' title='bbox 865 925 1151 988; x_wconf 88' lang='lat' dir='ltr'><strong>dicuntur,</strong></span> <span class='ocrx_word' id='word_1_59' title='bbox 1181 924 1275 992; x_wconf 87' lang='lat' dir='ltr'><strong>qui</strong></span> <span class='ocrx_word' id='word_1_60' title='bbox 1305 938 1425 978; x_wconf 91' lang='lat' dir='ltr'><strong>cum</strong></span> <span class='ocrx_word' id='word_1_61' title='bbox 1475 922 1791 978; x_wconf 83' lang='lat' dir='ltr'><strong>mulieribus</strong></span> 
     </span>
    </p>
   </div>
   <div class='ocr_carea' id='block_1_10' title="bbox 198 1013 1788 1086">
    <p class='ocr_par' dir='ltr' id='par_1_10' title="bbox 198 1013 1788 1086">
     <span class='ocr_line' id='line_1_10' title="bbox 198 1013 1788 1086; baseline 0.001 -19"><span class='ocrx_word' id='word_1_62' title='bbox 198 1030 302 1067; x_wconf 89' lang='lat' dir='ltr'><strong>non</strong></span> <span class='ocrx_word' id='word_1_63' title='bbox 332 1024 456 1069; x_wconf 89' lang='lat' dir='ltr'><strong>sunt</strong></span> <span class='ocrx_word' id='word_1_64' title='bbox 486 1015 844 1086; x_wconf 89' lang='lat' dir='ltr'><strong>coinquinati.</strong></span> <span class='ocrx_word' id='word_1_65' title='bbox 878 1016 958 1071; x_wconf 79' lang='lat' dir='ltr'><strong>Ac</strong></span> <span class='ocrx_word' id='word_1_66' title='bbox 986 1031 1057 1071; x_wconf 87' lang='lat' dir='ltr'><strong>ne</strong></span> <span class='ocrx_word' id='word_1_67' title='bbox 1082 1024 1401 1085; x_wconf 78' lang='lat' dir='ltr'><strong>putaremus</strong></span> <span class='ocrx_word' id='word_1_68' title='bbox 1432 1014 1498 1069; x_wconf 91' lang='lat' dir='ltr'><strong>de</strong></span> <span class='ocrx_word' id='word_1_69' title='bbox 1530 1014 1615 1068; x_wconf 89' lang='lat' dir='ltr'><strong>his</strong></span> <span class='ocrx_word' id='word_1_70' title='bbox 1645 1013 1750 1068; x_wconf 90' lang='lat' dir='ltr'><strong>dici</strong></span> <span class='ocrx_word' id='word_1_71' title='bbox 1772 1056 1788 1081; x_wconf 95' lang='lat'><strong>,</strong></span> 
     </span>
    </p>
   </div>
   <div class='ocr_carea' id='block_1_11' title="bbox 196 1107 1792 1180">
    <p class='ocr_par' dir='ltr' id='par_1_11' title="bbox 196 1107 1792 1180">
     <span class='ocr_line' id='line_1_11' title="bbox 196 1107 1792 1180; baseline -0.001 -18"><span class='ocrx_word' id='word_1_72' title='bbox 196 1108 283 1177; x_wconf 89' lang='lat' dir='ltr'><strong>qui</strong></span> <span class='ocrx_word' id='word_1_73' title='bbox 310 1116 497 1163; x_wconf 89' lang='lat' dir='ltr'><strong>scorta</strong></span> <span class='ocrx_word' id='word_1_74' title='bbox 525 1125 632 1162; x_wconf 91' lang='lat' dir='ltr'><strong>non</strong></span> <span class='ocrx_word' id='word_1_75' title='bbox 661 1120 882 1174; x_wconf 87' lang='lat' dir='ltr'><strong>norunt,</strong></span> <span class='ocrx_word' id='word_1_76' title='bbox 917 1110 1101 1163; x_wconf 83' lang='lat' dir='ltr'><strong>statim</strong></span> <span class='ocrx_word' id='word_1_77' title='bbox 1127 1108 1303 1164; x_wconf 85' lang='lat' dir='ltr'><strong>intulit</strong></span> <span class='ocrx_word' id='word_1_78' title='bbox 1333 1125 1346 1161; x_wconf 91' lang='lat'>:</span> <span class='ocrx_word' id='word_1_79' title='bbox 1391 1107 1623 1180; x_wconf 72' lang='lat' dir='ltr'><strong>Virgines</strong></span> <span class='ocrx_word' id='word_1_80' title='bbox 1657 1109 1792 1162; x_wconf 83' lang='lat' dir='ltr'><strong>enim</strong></span> 
     </span>
    </p>
   </div>
   <div class='ocr_carea' id='block_1_12' title="bbox 198 1202 1793 1273">
    <p class='ocr_par' dir='ltr' id='par_1_12' title="bbox 198 1202 1793 1273">
     <span class='ocr_line' id='line_1_12' title="bbox 198 1202 1793 1273; baseline 0.001 -19"><span class='ocrx_word' id='word_1_81' title='bbox 198 1212 610 1269; x_wconf 71' lang='lat' dir='ltr'><strong>permanserant.</strong></span> <span class='ocrx_word' id='word_1_82' title='bbox 674 1204 755 1256; x_wconf 67' lang='lat' dir='ltr'><strong>lix</strong></span> <span class='ocrx_word' id='word_1_83' title='bbox 788 1218 895 1271; x_wconf 90' lang='lat' dir='ltr'><strong>quo</strong></span> <span class='ocrx_word' id='word_1_84' title='bbox 926 1203 1168 1256; x_wconf 84' lang='lat' dir='ltr'><strong>ostendit</strong></span> <span class='ocrx_word' id='word_1_85' title='bbox 1202 1217 1391 1257; x_wconf 89' lang='lat' dir='ltr'><strong>omnes</strong></span> <span class='ocrx_word' id='word_1_86' title='bbox 1428 1202 1517 1273; x_wconf 88' lang='lat' dir='ltr'><strong>qui</strong></span> <span class='ocrx_word' id='word_1_87' title='bbox 1553 1202 1793 1269; x_wconf 79' lang='lat' dir='ltr'><strong>virgines</strong></span> 
     </span>
    </p>
   </div>
   <div class='ocr_carea' id='block_1_13' title="bbox 199 1293 1794 1362">
    <p class='ocr_par' dir='ltr' id='par_1_13' title="bbox 199 1293 1794 1362">
     <span class='ocr_line' id='line_1_13' title="bbox 199 1293 1794 1362; baseline 0 -16"><span class='ocrx_word' id='word_1_88' title='bbox 199 1306 305 1346; x_wconf 84' lang='lat' dir='ltr'><strong>non</strong></span> <span class='ocrx_word' id='word_1_89' title='bbox 340 1303 783 1361; x_wconf 86' lang='lat' dir='ltr'><strong>permanserunt,</strong></span> <span class='ocrx_word' id='word_1_90' title='bbox 814 1295 879 1348; x_wconf 83' lang='lat' dir='ltr'><strong>ad</strong></span> <span class='ocrx_word' id='word_1_91' title='bbox 911 1293 1368 1362; x_wconf 77' lang='lat' dir='ltr'><strong>comparationem</strong></span> <span class='ocrx_word' id='word_1_92' title='bbox 1411 1293 1717 1361; x_wconf 70' lang='lat' dir='ltr'><strong>purissima:</strong></span> <span class='ocrx_word' id='word_1_93' title='bbox 1740 1301 1794 1346; x_wconf 88' lang='lat' dir='ltr'><strong>et</strong></span> 
     </span>
    </p>
   </div>
   <div class='ocr_carea' id='block_1_14' title="bbox 200 1385 1795 1456">
    <p class='ocr_par' dir='ltr' id='par_1_14' title="bbox 200 1385 1795 1456">
     <span class='ocr_line' id='line_1_14' title="bbox 200 1385 1795 1456; baseline -0.001 -15"><span class='ocrx_word' id='word_1_94' title='bbox 200 1386 475 1456; x_wconf 68' lang='lat' dir='ltr'><strong>Angelicae</strong></span> <span class='ocrx_word' id='word_1_95' title='bbox 502 1388 774 1441; x_wconf 85' lang='lat' dir='ltr'><strong>castitatis</strong></span> <span class='ocrx_word' id='word_1_96' title='bbox 800 1429 813 1453; x_wconf 91' lang='lat'><strong>,</strong></span> <span class='ocrx_word' id='word_1_97' title='bbox 866 1398 919 1442; x_wconf 90' lang='lat' dir='ltr'><strong>et</strong></span> <span class='ocrx_word' id='word_1_98' title='bbox 972 1389 1140 1455; x_wconf 79' lang='lat' dir='ltr'><strong>ipsius</strong></span> <span class='ocrx_word' id='word_1_99' title='bbox 1183 1386 1396 1441; x_wconf 83' lang='lat' dir='ltr'><strong>Domini</strong></span> <span class='ocrx_word' id='word_1_100' title='bbox 1453 1387 1623 1441; x_wconf 87' lang='lat' dir='ltr'><strong>nostri</strong></span> <span class='ocrx_word' id='word_1_101' title='bbox 1664 1385 1795 1440; x_wconf 85' lang='lat' dir='ltr'><strong>Jesu</strong></span> 
     </span>
    </p>
   </div>
   <div class='ocr_carea' id='block_1_15' title="bbox 201 1477 1795 1549">
    <p class='ocr_par' dir='ltr' id='par_1_15' title="bbox 201 1477 1795 1549">
     <span class='ocr_line' id='line_1_15' title="bbox 201 1477 1795 1549; baseline -0.002 -15"><span class='ocrx_word' id='word_1_102' title='bbox 201 1478 445 1545; x_wconf 78' lang='lat' dir='ltr'><strong>Christi,</strong></span> <span class='ocrx_word' id='word_1_103' title='bbox 469 1494 593 1534; x_wconf 77' lang='lat' dir='ltr'><strong>esse</strong></span> <span class='ocrx_word' id='word_1_104' title='bbox 622 1481 873 1548; x_wconf 81' lang='lat' dir='ltr'><strong>pollutos.</strong></span> <span class='ocrx_word' id='word_1_105' title='bbox 919 1479 993 1532; x_wconf 83' lang='lat' dir='ltr'><strong>Hi</strong></span> <span class='ocrx_word' id='word_1_106' title='bbox 1018 1489 1134 1532; x_wconf 84' lang='lat' dir='ltr'><strong>sunt</strong></span> <span class='ocrx_word' id='word_1_107' title='bbox 1164 1481 1251 1549; x_wconf 84' lang='lat' dir='ltr'><strong>qui</strong></span> <span class='ocrx_word' id='word_1_108' title='bbox 1280 1488 1486 1532; x_wconf 79' lang='lat' dir='ltr'><strong>cantant</strong></span> <span class='ocrx_word' id='word_1_109' title='bbox 1526 1477 1795 1532; x_wconf 79' lang='lat' dir='ltr'><strong>Canticum</strong></span> 
     </span>
    </p>
   </div>
   <div class='ocr_carea' id='block_1_16' title="bbox 202 1568 1797 1645">
    <p class='ocr_par' dir='ltr' id='par_1_16' title="bbox 202 1568 1797 1645">
     <span class='ocr_line' id='line_1_16' title="bbox 202 1568 1797 1645; baseline -0.001 -21"><span class='ocrx_word' id='word_1_110' title='bbox 202 1586 408 1635; x_wconf 73' lang='lat' dir='ltr'><strong>novant,</strong></span> <span class='ocrx_word' id='word_1_111' title='bbox 441 1572 576 1640; x_wconf 79' lang='lat' dir='ltr'><strong>quod</strong></span> <span class='ocrx_word' id='word_1_112' title='bbox 597 1587 741 1625; x_wconf 74' lang='lat' dir='ltr'><strong>nemo</strong></span> <span class='ocrx_word' id='word_1_113' title='bbox 766 1582 928 1639; x_wconf 79' lang='lat' dir='ltr'><strong>potest</strong></span> <span class='ocrx_word' id='word_1_114' title='bbox 957 1588 1156 1637; x_wconf 82' lang='lat' dir='ltr'><strong>canere,</strong></span> <span class='ocrx_word' id='word_1_115' title='bbox 1190 1572 1289 1625; x_wconf 80' lang='lat' dir='ltr'><strong>nisi</strong></span> <span class='ocrx_word' id='word_1_116' title='bbox 1315 1573 1402 1642; x_wconf 80' lang='lat' dir='ltr'><strong>qui</strong></span> <span class='ocrx_word' id='word_1_117' title='bbox 1426 1573 1565 1645; x_wconf 80' lang='lat' dir='ltr'><strong>virgo</strong></span> <span class='ocrx_word' id='word_1_118' title='bbox 1591 1580 1685 1626; x_wconf 80' lang='lat' dir='ltr'><strong>est.</strong></span> <span class='ocrx_word' id='word_1_119' title='bbox 1722 1568 1797 1623; x_wconf 82' lang='lat' dir='ltr'><strong>Hi</strong></span> 
     </span>
    </p>
   </div>
   <div class='ocr_carea' id='block_1_17' title="bbox 203 1663 1799 1735">
    <p class='ocr_par' dir='ltr' id='par_1_17' title="bbox 203 1663 1799 1735">
     <span class='ocr_line' id='line_1_17' title="bbox 203 1663 1799 1735; baseline 0.001 -20"><span class='ocrx_word' id='word_1_120' title='bbox 203 1673 325 1715; x_wconf 72' lang='lat' dir='ltr'><strong>sunt</strong></span> <span class='ocrx_word' id='word_1_121' title='bbox 351 1665 589 1732; x_wconf 66' lang='lat' dir='ltr'><strong>primitur:</strong></span> <span class='ocrx_word' id='word_1_122' title='bbox 618 1663 710 1716; x_wconf 83' lang='lat' dir='ltr'><strong>Dei</strong></span> <span class='ocrx_word' id='word_1_123' title='bbox 733 1673 780 1717; x_wconf 79' lang='lat' dir='ltr'><strong>et</strong></span> <span class='ocrx_word' id='word_1_124' title='bbox 808 1665 940 1735; x_wconf 72' lang='lat' dir='ltr'><strong>Agnt&#39;</strong></span> <span class='ocrx_word' id='word_1_125' title='bbox 964 1706 978 1729; x_wconf 94' lang='lat'><strong>,</strong></span> <span class='ocrx_word' id='word_1_126' title='bbox 1006 1675 1051 1719; x_wconf 88' lang='lat' dir='ltr'><strong>et</strong></span> <span class='ocrx_word' id='word_1_127' title='bbox 1080 1667 1190 1719; x_wconf 83' lang='lat' dir='ltr'><strong>sine</strong></span> <span class='ocrx_word' id='word_1_128' title='bbox 1212 1666 1437 1719; x_wconf 79' lang='lat' dir='ltr'><strong>macula.</strong></span> <span class='ocrx_word' id='word_1_129' title='bbox 1475 1666 1529 1721; x_wconf 88' lang='lat' dir='ltr'><strong>Si</strong></span> <span class='ocrx_word' id='word_1_130' title='bbox 1561 1666 1799 1735; x_wconf 81' lang='lat' dir='ltr'><strong>virgines</strong></span> 
     </span>
    </p>
   </div>
   <div class='ocr_carea' id='block_1_18' title="bbox 203 1758 1801 1829">
    <p class='ocr_par' dir='ltr' id='par_1_18' title="bbox 203 1758 1801 1829">
     <span class='ocr_line' id='line_1_18' title="bbox 203 1758 1801 1829; baseline 0.001 -18"><span class='ocrx_word' id='word_1_131' title='bbox 203 1759 455 1827; x_wconf 67' lang='lat' dir='ltr'><strong>primitiae</strong></span> <span class='ocrx_word' id='word_1_132' title='bbox 486 1758 576 1812; x_wconf 87' lang='lat' dir='ltr'><strong>Dei</strong></span> <span class='ocrx_word' id='word_1_133' title='bbox 609 1770 770 1813; x_wconf 88' lang='lat' dir='ltr'><strong>sunt:</strong></span> <span class='ocrx_word' id='word_1_134' title='bbox 831 1776 962 1829; x_wconf 87' lang='lat' dir='ltr'><strong>ergo</strong></span> <span class='ocrx_word' id='word_1_135' title='bbox 991 1760 1169 1814; x_wconf 59' lang='lat' dir='ltr'><strong>viduae</strong></span> <span class='ocrx_word' id='word_1_136' title='bbox 1226 1767 1281 1814; x_wconf 82' lang='lat' dir='ltr'><strong>et.</strong></span> <span class='ocrx_word' id='word_1_137' title='bbox 1338 1760 1391 1813; x_wconf 89' lang='lat' dir='ltr'><strong>in</strong></span> <span class='ocrx_word' id='word_1_138' title='bbox 1448 1758 1801 1813; x_wconf 86' lang='lat' dir='ltr'><strong>matrimonio</strong></span> 
     </span>
    </p>
   </div>
   <div class='ocr_carea' id='block_1_19' title="bbox 1890 546 3494 613">
    <p class='ocr_par' dir='ltr' id='par_1_19' title="bbox 1890 546 3494 613">
     <span class='ocr_line' id='line_1_19' title="bbox 1890 546 3494 613; baseline -0.001 -6"><span class='ocrx_word' id='word_1_139' title='bbox 1890 554 2086 607; x_wconf 84' lang='lat' dir='ltr'><strong>dinms.</strong></span> <span class='ocrx_word' id='word_1_140' title='bbox 2122 550 2375 607; x_wconf 86' lang='lat' dir='ltr'><strong>Ecclesia</strong></span> <span class='ocrx_word' id='word_1_141' title='bbox 2406 549 2551 604; x_wconf 91' lang='lat' dir='ltr'><strong>enim</strong></span> <span class='ocrx_word' id='word_1_142' title='bbox 2579 548 2920 603; x_wconf 90' lang='lat' dir='ltr'><strong>matrimonia</strong></span> <span class='ocrx_word' id='word_1_143' title='bbox 2954 563 3059 603; x_wconf 90' lang='lat' dir='ltr'><strong>non</strong></span> <span class='ocrx_word' id='word_1_144' title='bbox 3090 546 3316 604; x_wconf 85' lang='lat' dir='ltr'><strong>damnat</strong></span> <span class='ocrx_word' id='word_1_145' title='bbox 3344 590 3357 613; x_wconf 95' lang='lat'><strong>,</strong></span> <span class='ocrx_word' id='word_1_146' title='bbox 3399 551 3494 605; x_wconf 89' lang='lat' dir='ltr'><strong>sed</strong></span> 
     </span>
    </p>
   </div>
   <div class='ocr_carea' id='block_1_20' title="bbox 1890 641 3496 715">
    <p class='ocr_par' dir='ltr' id='par_1_20' title="bbox 1890 641 3496 715">
     <span class='ocr_line' id='line_1_20' title="bbox 1890 641 3496 715; baseline -0.002 -13"><span class='ocrx_word' id='word_1_147' title='bbox 1890 646 2141 715; x_wconf 86' lang='lat' dir='ltr'><strong>snhjicit:</strong></span> <span class='ocrx_word' id='word_1_148' title='bbox 2168 659 2271 699; x_wconf 91' lang='lat' dir='ltr'><strong>nec</strong></span> <span class='ocrx_word' id='word_1_149' title='bbox 2291 642 2477 713; x_wconf 86' lang='lat' dir='ltr'><strong>abjicit</strong></span> <span class='ocrx_word' id='word_1_150' title='bbox 2495 683 2509 708; x_wconf 93' lang='lat'><strong>,</strong></span> <span class='ocrx_word' id='word_1_151' title='bbox 2544 641 2639 698; x_wconf 89' lang='lat' dir='ltr'><strong>sed</strong></span> <span class='ocrx_word' id='word_1_152' title='bbox 2669 642 2947 713; x_wconf 89' lang='lat' dir='ltr'><strong>dispensat</strong></span> <span class='ocrx_word' id='word_1_153' title='bbox 2974 660 2986 695; x_wconf 88' lang='lat'><strong>:</strong></span> <span class='ocrx_word' id='word_1_154' title='bbox 3014 642 3219 709; x_wconf 89' lang='lat' dir='ltr'><strong>sciens,</strong></span> <span class='ocrx_word' id='word_1_155' title='bbox 3244 651 3305 697; x_wconf 89' lang='lat' dir='ltr'><strong>ut</strong></span> <span class='ocrx_word' id='word_1_156' title='bbox 3329 657 3496 712; x_wconf 87' lang='lat' dir='ltr'><strong>supra</strong></span> 
     </span>
    </p>
   </div>
   <div class='ocr_carea' id='block_1_21' title="bbox 1891 734 3500 805">
    <p class='ocr_par' dir='ltr' id='par_1_21' title="bbox 1891 734 3500 805">
     <span class='ocr_line' id='line_1_21' title="bbox 1891 734 3500 805; baseline -0.002 -12"><span class='ocrx_word' id='word_1_157' title='bbox 1891 738 2127 793; x_wconf 81' lang='lat' dir='ltr'><strong>diximus</strong></span> <span class='ocrx_word' id='word_1_158' title='bbox 2146 778 2159 802; x_wconf 95' lang='lat'><strong>,</strong></span> <span class='ocrx_word' id='word_1_159' title='bbox 2192 735 2247 790; x_wconf 89' lang='lat' dir='ltr'><strong>in</strong></span> <span class='ocrx_word' id='word_1_160' title='bbox 2277 734 2441 789; x_wconf 88' lang='lat' dir='ltr'><strong>domo</strong></span> <span class='ocrx_word' id='word_1_161' title='bbox 2459 749 2654 805; x_wconf 88' lang='lat' dir='ltr'><strong>magna</strong></span> <span class='ocrx_word' id='word_1_162' title='bbox 2682 746 2790 789; x_wconf 92' lang='lat' dir='ltr'><strong>non</strong></span> <span class='ocrx_word' id='word_1_163' title='bbox 2823 736 2996 789; x_wconf 82' lang='lat' dir='ltr'><strong>solum</strong></span> <span class='ocrx_word' id='word_1_164' title='bbox 3027 748 3151 790; x_wconf 89' lang='lat' dir='ltr'><strong>esse</strong></span> <span class='ocrx_word' id='word_1_165' title='bbox 3176 749 3306 789; x_wconf 87' lang='lat' dir='ltr'><strong>vasa</strong></span> <span class='ocrx_word' id='word_1_166' title='bbox 3329 750 3500 791; x_wconf 89' lang='lat' dir='ltr'><strong>aurea</strong></span> 
     </span>
    </p>
   </div>
   <div class='ocr_carea' id='block_1_22' title="bbox 1892 824 3499 907">
    <p class='ocr_par' dir='ltr' id='par_1_22' title="bbox 1892 824 3499 907">
     <span class='ocr_line' id='line_1_22' title="bbox 1892 824 3499 907; baseline -0.001 -21"><span class='ocrx_word' id='word_1_167' title='bbox 1892 840 1947 887; x_wconf 88' lang='lat' dir='ltr'><strong>et</strong></span> <span class='ocrx_word' id='word_1_168' title='bbox 1972 838 2270 907; x_wconf 75' lang='lat' dir='ltr'><strong>argentea,</strong></span> <span class='ocrx_word' id='word_1_169' title='bbox 2321 831 2416 884; x_wconf 90' lang='lat' dir='ltr'><strong>sed</strong></span> <span class='ocrx_word' id='word_1_170' title='bbox 2439 838 2493 884; x_wconf 87' lang='lat' dir='ltr'><strong>et</strong></span> <span class='ocrx_word' id='word_1_171' title='bbox 2514 828 2690 897; x_wconf 87' lang='lat' dir='ltr'><strong>lignea</strong></span> <span class='ocrx_word' id='word_1_172' title='bbox 2722 837 2777 885; x_wconf 90' lang='lat' dir='ltr'><strong>et</strong></span> <span class='ocrx_word' id='word_1_173' title='bbox 2806 824 2993 884; x_wconf 82' lang='lat' dir='ltr'><strong>fictilia</strong></span> <span class='ocrx_word' id='word_1_174' title='bbox 3022 846 3035 883; x_wconf 93' lang='lat'>:</span> <span class='ocrx_word' id='word_1_175' title='bbox 3068 836 3124 885; x_wconf 89' lang='lat' dir='ltr'><strong>et</strong></span> <span class='ocrx_word' id='word_1_176' title='bbox 3150 829 3259 883; x_wconf 89' lang='lat' dir='ltr'><strong>alia</strong></span> <span class='ocrx_word' id='word_1_177' title='bbox 3290 844 3414 885; x_wconf 90' lang='lat' dir='ltr'><strong>esse</strong></span> <span class='ocrx_word' id='word_1_178' title='bbox 3440 828 3499 884; x_wconf 88' lang='lat' dir='ltr'><strong>in</strong></span> 
     </span>
    </p>
   </div>
   <div class='ocr_carea' id='block_1_23' title="bbox 1895 920 3504 993">
    <p class='ocr_par' dir='ltr' id='par_1_23' title="bbox 1895 920 3504 993">
     <span class='ocr_line' id='line_1_23' title="bbox 1895 920 3504 993; baseline -0.001 -15"><span class='ocrx_word' id='word_1_179' title='bbox 1895 927 2158 979; x_wconf 82' lang='lat' dir='ltr'><strong>honorem</strong></span> <span class='ocrx_word' id='word_1_180' title='bbox 2184 966 2197 989; x_wconf 92' lang='lat'><strong>,</strong></span> <span class='ocrx_word' id='word_1_181' title='bbox 2227 923 2333 977; x_wconf 90' lang='lat' dir='ltr'><strong>alia</strong></span> <span class='ocrx_word' id='word_1_182' title='bbox 2387 921 2439 976; x_wconf 90' lang='lat' dir='ltr'><strong>in</strong></span> <span class='ocrx_word' id='word_1_183' title='bbox 2493 922 2883 977; x_wconf 88' lang='lat' dir='ltr'><strong>contumeliam</strong></span> <span class='ocrx_word' id='word_1_184' title='bbox 2927 940 2939 977; x_wconf 92' lang='lat'>:</span> <span class='ocrx_word' id='word_1_185' title='bbox 2972 928 3026 976; x_wconf 88' lang='lat' dir='ltr'><strong>et</strong></span> <span class='ocrx_word' id='word_1_186' title='bbox 3071 920 3401 993; x_wconf 87' lang='lat' dir='ltr'><strong>quicumque</strong></span> <span class='ocrx_word' id='word_1_187' title='bbox 3441 937 3504 977; x_wconf 88' lang='lat' dir='ltr'><strong>se</strong></span> 
     </span>
    </p>
   </div>
   <div class='ocr_carea' id='block_1_24' title="bbox 1896 1014 3501 1083">
    <p class='ocr_par' dir='ltr' id='par_1_24' title="bbox 1896 1014 3501 1083">
     <span class='ocr_line' id='line_1_24' title="bbox 1896 1014 3501 1083; baseline 0 -12"><span class='ocrx_word' id='word_1_188' title='bbox 1896 1018 2243 1073; x_wconf 89' lang='lat' dir='ltr'><strong>mundaverit</strong></span> <span class='ocrx_word' id='word_1_189' title='bbox 2267 1058 2281 1083; x_wconf 94' lang='lat'><strong>,</strong></span> <span class='ocrx_word' id='word_1_190' title='bbox 2311 1032 2432 1073; x_wconf 91' lang='lat' dir='ltr'><strong>eum</strong></span> <span class='ocrx_word' id='word_1_191' title='bbox 2464 1014 2703 1071; x_wconf 85' lang='lat' dir='ltr'><strong>futurum</strong></span> <span class='ocrx_word' id='word_1_192' title='bbox 2746 1031 2867 1071; x_wconf 91' lang='lat' dir='ltr'><strong>esse</strong></span> <span class='ocrx_word' id='word_1_193' title='bbox 2911 1029 3007 1070; x_wconf 81' lang='lat' dir='ltr'><strong>vas</strong></span> <span class='ocrx_word' id='word_1_194' title='bbox 3047 1015 3369 1071; x_wconf 88' lang='lat' dir='ltr'><strong>bonorabile</strong></span> <span class='ocrx_word' id='word_1_195' title='bbox 3396 1057 3409 1081; x_wconf 93' lang='lat'><strong>,</strong></span> <span class='ocrx_word' id='word_1_196' title='bbox 3444 1025 3501 1071; x_wconf 86' lang='lat' dir='ltr'><strong>et</strong></span> 
     </span>
    </p>
   </div>
   <div class='ocr_carea' id='block_1_25' title="bbox 1898 1108 3354 1179">
    <p class='ocr_par' dir='ltr' id='par_1_25' title="bbox 1898 1108 3354 1179">
     <span class='ocr_line' id='line_1_25' title="bbox 1898 1108 3354 1179; baseline 0.001 -16"><span class='ocrx_word' id='word_1_197' title='bbox 1898 1110 2265 1166; x_wconf 90' lang='lat' dir='ltr'><strong>necessarium</strong></span> <span class='ocrx_word' id='word_1_198' title='bbox 2294 1110 2346 1163; x_wconf 94' lang='lat' dir='ltr'><strong>in</strong></span> <span class='ocrx_word' id='word_1_199' title='bbox 2374 1122 2536 1163; x_wconf 91' lang='lat' dir='ltr'><strong>omne</strong></span> <span class='ocrx_word' id='word_1_200' title='bbox 2560 1123 2697 1179; x_wconf 90' lang='lat' dir='ltr'><strong>opus</strong></span> <span class='ocrx_word' id='word_1_201' title='bbox 2728 1108 2930 1163; x_wconf 89' lang='lat' dir='ltr'><strong>bonum</strong></span> <span class='ocrx_word' id='word_1_202' title='bbox 2964 1118 3354 1179; x_wconf 65' lang='lat' dir='ltr'><strong>praeparatum.</strong></span> 
     </span>
    </p>
   </div>
   <div class='ocr_carea' id='block_1_26' title="bbox 1967 1198 3500 1272">
    <p class='ocr_par' dir='ltr' id='par_1_26' title="bbox 1967 1198 3500 1272">
     <span class='ocr_line' id='line_1_26' title="bbox 1967 1198 3500 1272; baseline -0.002 -16"><span class='ocrx_word' id='word_1_203' title='bbox 1967 1202 2058 1256; x_wconf 64' lang='lat' dir='ltr'><strong>il.</strong></span> <span class='ocrx_word' id='word_1_204' title='bbox 2103 1200 2361 1269; x_wconf 70' lang='lat' dir='ltr'><strong>Exempla</strong></span> <span class='ocrx_word' id='word_1_205' title='bbox 2406 1217 2431 1253; x_wconf 89' lang='lat' dir='ltr'><strong>e</strong></span> <span class='ocrx_word' id='word_1_206' title='bbox 2474 1198 2653 1253; x_wconf 70' lang='lat' dir='ltr'><strong>siccati</strong></span> <span class='ocrx_word' id='word_1_207' title='bbox 2695 1198 2947 1254; x_wconf 80' lang='lat' dir='ltr'><strong>historiis.</strong></span> <span class='ocrx_word' id='word_1_208' title='bbox 3019 1198 3305 1272; x_wconf 81' lang='lat' dir='ltr'><strong>Virginitas</strong></span> <span class='ocrx_word' id='word_1_209' title='bbox 3354 1200 3500 1267; x_wconf 81' lang='lat' dir='ltr'><strong>apud</strong></span> 
     </span>
    </p>
   </div>
   <div class='ocr_carea' id='block_1_27' title="bbox 1902 1290 3508 1365">
    <p class='ocr_par' dir='ltr' id='par_1_27' title="bbox 1902 1290 3508 1365">
     <span class='ocr_line' id='line_1_27' title="bbox 1902 1290 3508 1365; baseline 0 -18"><span class='ocrx_word' id='word_1_210' title='bbox 1902 1294 2175 1347; x_wconf 79' lang='lat' dir='ltr'><strong>Ethnicos.</strong></span> <span class='ocrx_word' id='word_1_211' title='bbox 2210 1290 2443 1363; x_wconf 78' lang='lat' dir='ltr'><strong>Virgines</strong></span> <span class='ocrx_word' id='word_1_212' title='bbox 2476 1294 2667 1346; x_wconf 83' lang='lat' dir='ltr'><strong>honore</strong></span> <span class='ocrx_word' id='word_1_213' title='bbox 2694 1308 2892 1365; x_wconf 67' lang='lat' dir='ltr'><strong>sMper</strong></span> <span class='ocrx_word' id='word_1_214' title='bbox 2925 1290 3111 1346; x_wconf 76' lang='lat' dir='ltr'><strong>habitw</strong></span> <span class='ocrx_word' id='word_1_215' title='bbox 3141 1294 3282 1364; x_wconf 82' lang='lat' dir='ltr'><strong>apud</strong></span> <span class='ocrx_word' id='word_1_216' title='bbox 3310 1290 3508 1347; x_wconf 82' lang='lat' dir='ltr'><strong>Roma-</strong></span> 
     </span>
    </p>
   </div>
   <div class='ocr_carea' id='block_1_28' title="bbox 1901 1384 3509 1459">
    <p class='ocr_par' dir='ltr' id='par_1_28' title="bbox 1901 1384 3509 1459">
     <span class='ocr_line' id='line_1_28' title="bbox 1901 1384 3509 1459; baseline -0.001 -17"><span class='ocrx_word' id='word_1_217' title='bbox 1901 1406 2013 1442; x_wconf 82' lang='lat' dir='ltr'><strong>nos.</strong></span> <span class='ocrx_word' id='word_1_218' title='bbox 2044 1388 2423 1459; x_wconf 84' lang='lat' dir='ltr'><strong>Spartanorum</strong></span> <span class='ocrx_word' id='word_1_219' title='bbox 2455 1387 2699 1457; x_wconf 73' lang='lat' dir='ltr'><strong>virginea.</strong></span> <span class='ocrx_word' id='word_1_220' title='bbox 2727 1384 2845 1440; x_wconf 75' lang='lat' dir='ltr'><strong>Alia</strong></span> <span class='ocrx_word' id='word_1_221' title='bbox 2873 1387 3131 1459; x_wconf 78' lang='lat' dir='ltr'><strong>virginum</strong></span> <span class='ocrx_word' id='word_1_222' title='bbox 3159 1387 3413 1459; x_wconf 67' lang='lat' dir='ltr'><strong>exempla.</strong></span> <span class='ocrx_word' id='word_1_223' title='bbox 3440 1418 3509 1429; x_wconf 93' lang='grc'><strong>--</strong></span> 
     </span>
    </p>
   </div>
   <div class='ocr_carea' id='block_1_29' title="bbox 1902 1478 3512 1551">
    <p class='ocr_par' dir='ltr' id='par_1_29' title="bbox 1902 1478 3512 1551">
     <span class='ocr_line' id='line_1_29' title="bbox 1902 1478 3512 1551; baseline -0.001 -12"><span class='ocrx_word' id='word_1_224' title='bbox 1902 1482 2044 1539; x_wconf 90' lang='lat' dir='ltr'><strong>Satis</strong></span> <span class='ocrx_word' id='word_1_225' title='bbox 2068 1480 2395 1550; x_wconf 85' lang='lat' dir='ltr'><strong>abundeque</strong></span> <span class='ocrx_word' id='word_1_226' title='bbox 2414 1478 2739 1535; x_wconf 69' lang='lat' dir='ltr'><strong>Christianae</strong></span> <span class='ocrx_word' id='word_1_227' title='bbox 2768 1478 3044 1549; x_wconf 77' lang='lat' dir='ltr'><strong>pudicitize</strong></span> <span class='ocrx_word' id='word_1_228' title='bbox 3087 1489 3141 1534; x_wconf 88' lang='lat' dir='ltr'><strong>et</strong></span> <span class='ocrx_word' id='word_1_229' title='bbox 3178 1480 3512 1551; x_wconf 79' lang='lat' dir='ltr'><strong>virginitatis</strong></span> 
     </span>
    </p>
   </div>
   <div class='ocr_carea' id='block_1_30' title="bbox 1903 1570 3507 1646">
    <p class='ocr_par' dir='ltr' id='par_1_30' title="bbox 1903 1570 3507 1646">
     <span class='ocr_line' id='line_1_30' title="bbox 1903 1570 3507 1646; baseline 0.001 -16"><span class='ocrx_word' id='word_1_230' title='bbox 1903 1570 2200 1646; x_wconf 68' lang='lat' dir='ltr'><strong>Angelicm,</strong></span> <span class='ocrx_word' id='word_1_231' title='bbox 2250 1572 2319 1629; x_wconf 90' lang='lat' dir='ltr'><strong>de</strong></span> <span class='ocrx_word' id='word_1_232' title='bbox 2364 1574 2566 1628; x_wconf 86' lang='lat' dir='ltr'><strong>divinis</strong></span> <span class='ocrx_word' id='word_1_233' title='bbox 2611 1571 2793 1628; x_wconf 88' lang='lat' dir='ltr'><strong>Libris</strong></span> <span class='ocrx_word' id='word_1_234' title='bbox 2840 1574 3091 1644; x_wconf 75' lang='lat' dir='ltr'><strong>exempla</strong></span> <span class='ocrx_word' id='word_1_235' title='bbox 3147 1574 3507 1645; x_wconf 75' lang='lat' dir='ltr'><strong>przebuimus.</strong></span> 
     </span>
    </p>
   </div>
   <div class='ocr_carea' id='block_1_31' title="bbox 1902 1665 3511 1738">
    <p class='ocr_par' dir='ltr' id='par_1_31' title="bbox 1902 1665 3511 1738">
     <span class='ocr_line' id='line_1_31' title="bbox 1902 1665 3511 1738; baseline 0.002 -14"><span class='ocrx_word' id='word_1_236' title='bbox 1902 1668 2012 1725; x_wconf 87' lang='lat' dir='ltr'><strong>Sed</strong></span> <span class='ocrx_word' id='word_1_237' title='bbox 2050 1668 2305 1736; x_wconf 89' lang='lat' dir='ltr'><strong>quoniam</strong></span> <span class='ocrx_word' id='word_1_238' title='bbox 2350 1667 2594 1723; x_wconf 80' lang='lat' dir='ltr'><strong>intellexi</strong></span> <span class='ocrx_word' id='word_1_239' title='bbox 2640 1666 2691 1721; x_wconf 91' lang='lat' dir='ltr'><strong>iu</strong></span> <span class='ocrx_word' id='word_1_240' title='bbox 2729 1665 3141 1723; x_wconf 89' lang='lat' dir='ltr'><strong>commentariis</strong></span> <span class='ocrx_word' id='word_1_241' title='bbox 3185 1668 3511 1738; x_wconf 84' lang='lat' dir='ltr'><strong>adversarii,</strong></span> 
     </span>
    </p>
   </div>
   <div class='ocr_carea' id='block_1_32' title="bbox 1907 1756 3513 1835">
    <p class='ocr_par' dir='ltr' id='par_1_32' title="bbox 1907 1756 3513 1835">
     <span class='ocr_line' id='line_1_32' title="bbox 1907 1756 3513 1835; baseline 0.002 -18"><span class='ocrx_word' id='word_1_242' title='bbox 1907 1761 2193 1832; x_wconf 86' lang='lat' dir='ltr'><strong>provocari</strong></span> <span class='ocrx_word' id='word_1_243' title='bbox 2242 1777 2342 1817; x_wconf 93' lang='lat' dir='ltr'><strong>nos</strong></span> <span class='ocrx_word' id='word_1_244' title='bbox 2391 1762 2553 1816; x_wconf 89' lang='lat' dir='ltr'><strong>etiam</strong></span> <span class='ocrx_word' id='word_1_245' title='bbox 2597 1760 2664 1814; x_wconf 91' lang='lat' dir='ltr'><strong>ad</strong></span> <span class='ocrx_word' id='word_1_246' title='bbox 2721 1759 2905 1814; x_wconf 91' lang='lat' dir='ltr'><strong>mundi</strong></span> <span class='ocrx_word' id='word_1_247' title='bbox 2963 1756 3313 1831; x_wconf 84' lang='lat' dir='ltr'><strong>sapientiam,</strong></span> <span class='ocrx_word' id='word_1_248' title='bbox 3365 1764 3513 1835; x_wconf 89' lang='lat' dir='ltr'><strong>quod</strong></span> 
     </span>
    </p>
   </div>
   <div class='ocr_carea' id='block_1_33' title="bbox 199 1849 3518 1931">
    <p class='ocr_par' dir='ltr' id='par_1_33' title="bbox 199 1849 3518 1931">
     <span class='ocr_line' id='line_1_33' title="bbox 199 1849 3518 1931; baseline 0.003 -28"><span class='ocrx_word' id='word_1_249' title='bbox 199 1852 569 1917; x_wconf 80' lang='lat' dir='ltr'><strong>continentes,</strong></span> <span class='ocrx_word' id='word_1_250' title='bbox 605 1860 766 1906; x_wconf 86' lang='lat' dir='ltr'><strong>erunt</strong></span> <span class='ocrx_word' id='word_1_251' title='bbox 788 1859 909 1921; x_wconf 88' lang='lat' dir='ltr'><strong>post</strong></span> <span class='ocrx_word' id='word_1_252' title='bbox 932 1852 1218 1921; x_wconf 84' lang='lat' dir='ltr'><strong>primitias,</strong></span> <span class='ocrx_word' id='word_1_253' title='bbox 1253 1852 1305 1904; x_wconf 90' lang='lat' dir='ltr'><strong>id</strong></span> <span class='ocrx_word' id='word_1_254' title='bbox 1336 1862 1439 1917; x_wconf 87' lang='lat' dir='ltr'><strong>est,</strong></span> <span class='ocrx_word' id='word_1_255' title='bbox 1471 1853 1522 1904; x_wconf 91' lang='lat' dir='ltr'><strong>in</strong></span> <span class='ocrx_word' id='word_1_256' title='bbox 1554 1849 1793 1905; x_wconf 70' lang='lat' dir='ltr'><strong>secundo</strong></span> <span class='ocrx_word' id='word_1_257' title='bbox 1832 1870 1880 1931; x_wconf 80' lang='grc' dir='ltr'><strong>Β</strong></span> <span class='ocrx_word' id='word_1_258' title='bbox 1907 1870 2202 1925; x_wconf 83' lang='lat' dir='ltr'><strong>numquam</strong></span> <span class='ocrx_word' id='word_1_259' title='bbox 2234 1854 2335 1909; x_wconf 90' lang='lat' dir='ltr'><strong>hoc</strong></span> <span class='ocrx_word' id='word_1_260' title='bbox 2364 1869 2535 1923; x_wconf 85' lang='lat' dir='ltr'><strong>genus</strong></span> <span class='ocrx_word' id='word_1_261' title='bbox 2567 1854 2620 1906; x_wconf 91' lang='lat' dir='ltr'><strong>in</strong></span> <span class='ocrx_word' id='word_1_262' title='bbox 2656 1852 2860 1907; x_wconf 60' lang='lat' dir='ltr'><strong>sarculo</strong></span> <span class='ocrx_word' id='word_1_263' title='bbox 2897 1852 2965 1907; x_wconf 90' lang='lat' dir='ltr'><strong>sit</strong></span> <span class='ocrx_word' id='word_1_264' title='bbox 3000 1854 3309 1923; x_wconf 89' lang='lat' dir='ltr'><strong>probatum,</strong></span> <span class='ocrx_word' id='word_1_265' title='bbox 3338 1866 3392 1913; x_wconf 91' lang='lat' dir='ltr'><strong>et</strong></span> <span class='ocrx_word' id='word_1_266' title='bbox 3418 1872 3518 1914; x_wconf 90' lang='lat' dir='ltr'><strong>no-</strong></span> 
     </span>
    </p>
   </div>
   <div class='ocr_carea' id='block_1_34' title="bbox 202 1940 1804 2015">
    <p class='ocr_par' dir='ltr' id='par_1_34' title="bbox 202 1940 1804 2015">
     <span class='ocr_line' id='line_1_34' title="bbox 202 1940 1804 2015; baseline -0.001 -16"><span class='ocrx_word' id='word_1_267' title='bbox 202 1955 256 1999; x_wconf 85' lang='lat' dir='ltr'><strong>et</strong></span> <span class='ocrx_word' id='word_1_268' title='bbox 277 1946 441 1999; x_wconf 88' lang='lat' dir='ltr'><strong>tertio</strong></span> <span class='ocrx_word' id='word_1_269' title='bbox 486 1946 653 2015; x_wconf 83' lang='lat' dir='ltr'><strong>gradu</strong></span> <span class='ocrx_word' id='word_1_270' title='bbox 680 1962 694 1998; x_wconf 86' lang='lat'><strong>:</strong></span> <span class='ocrx_word' id='word_1_271' title='bbox 725 1960 827 1999; x_wconf 86' lang='lat' dir='ltr'><strong>nec</strong></span> <span class='ocrx_word' id='word_1_272' title='bbox 856 1948 1006 2014; x_wconf 86' lang='lat' dir='ltr'><strong>prius</strong></span> <span class='ocrx_word' id='word_1_273' title='bbox 1038 1945 1282 2015; x_wconf 82' lang='lat' dir='ltr'><strong>perditus</strong></span> <span class='ocrx_word' id='word_1_274' title='bbox 1329 1940 1559 2013; x_wconf 87' lang='lat' dir='ltr'><strong>p0pulus</strong></span> <span class='ocrx_word' id='word_1_275' title='bbox 1602 1943 1804 1997; x_wconf 84' lang='lat' dir='ltr'><strong>salvari</strong></span> 
     </span>
    </p>
   </div>
   <div class='ocr_carea' id='block_1_35' title="bbox 203 2033 1803 2104">
    <p class='ocr_par' dir='ltr' id='par_1_35' title="bbox 203 2033 1803 2104">
     <span class='ocr_line' id='line_1_35' title="bbox 203 2033 1803 2104; baseline 0 -17"><span class='ocrx_word' id='word_1_276' title='bbox 203 2036 444 2104; x_wconf 85' lang='lat' dir='ltr'><strong>poterit,</strong></span> <span class='ocrx_word' id='word_1_277' title='bbox 475 2036 576 2088; x_wconf 86' lang='lat' dir='ltr'><strong>nisi</strong></span> <span class='ocrx_word' id='word_1_278' title='bbox 611 2037 749 2088; x_wconf 86' lang='lat' dir='ltr'><strong>tales</strong></span> <span class='ocrx_word' id='word_1_279' title='bbox 790 2036 1001 2089; x_wconf 75' lang='lat' dir='ltr'><strong>hostias</strong></span> <span class='ocrx_word' id='word_1_280' title='bbox 1028 2033 1297 2088; x_wconf 86' lang='lat' dir='ltr'><strong>castitatis</strong></span> <span class='ocrx_word' id='word_1_281' title='bbox 1337 2034 1448 2087; x_wconf 88' lang='lat' dir='ltr'><strong>Deo</strong></span> <span class='ocrx_word' id='word_1_282' title='bbox 1501 2034 1803 2099; x_wconf 89' lang='lat' dir='ltr'><strong>obtulerit,</strong></span> 
     </span>
    </p>
   </div>
   <div class='ocr_carea' id='block_1_36' title="bbox 205 2126 1809 2195">
    <p class='ocr_par' dir='ltr' id='par_1_36' title="bbox 205 2126 1809 2195">
     <span class='ocr_line' id='line_1_36' title="bbox 205 2126 1809 2195; baseline -0.001 -14"><span class='ocrx_word' id='word_1_283' title='bbox 205 2138 257 2181; x_wconf 87' lang='lat' dir='ltr'><strong>et</strong></span> <span class='ocrx_word' id='word_1_284' title='bbox 286 2128 702 2181; x_wconf 88' lang='lat' dir='ltr'><strong>immaculatum</strong></span> <span class='ocrx_word' id='word_1_285' title='bbox 738 2132 947 2195; x_wconf 80' lang='lat' dir='ltr'><strong>Agnum</strong></span> <span class='ocrx_word' id='word_1_286' title='bbox 971 2169 985 2193; x_wconf 89' lang='lat'><strong>,</strong></span> <span class='ocrx_word' id='word_1_287' title='bbox 1019 2126 1325 2195; x_wconf 85' lang='lat' dir='ltr'><strong>purissimis</strong></span> <span class='ocrx_word' id='word_1_288' title='bbox 1359 2126 1593 2180; x_wconf 87' lang='lat' dir='ltr'><strong>victimis</strong></span> <span class='ocrx_word' id='word_1_289' title='bbox 1619 2141 1809 2180; x_wconf 82' lang='lat' dir='ltr'><strong>recon-</strong></span> 
     </span>
    </p>
   </div>
   <div class='ocr_carea' id='block_1_37' title="bbox 204 2217 1811 2287">
    <p class='ocr_par' dir='ltr' id='par_1_37' title="bbox 204 2217 1811 2287">
     <span class='ocr_line' id='line_1_37' title="bbox 204 2217 1811 2287; baseline -0.001 -14"><span class='ocrx_word' id='word_1_290' title='bbox 204 2220 504 2273; x_wconf 84' lang='lat' dir='ltr'><strong>ciliaverit.</strong></span> <span class='ocrx_word' id='word_1_291' title='bbox 537 2217 815 2272; x_wconf 85' lang='lat' dir='ltr'><strong>Infinitum</strong></span> <span class='ocrx_word' id='word_1_292' title='bbox 844 2226 928 2272; x_wconf 87' lang='lat' dir='ltr'><strong>est</strong></span> <span class='ocrx_word' id='word_1_293' title='bbox 954 2218 1023 2272; x_wconf 89' lang='lat' dir='ltr'><strong>de</strong></span> <span class='ocrx_word' id='word_1_294' title='bbox 1037 2218 1330 2287; x_wconf 86' lang='lat' dir='ltr'><strong>Evangelio</strong></span> <span class='ocrx_word' id='word_1_295' title='bbox 1345 2218 1530 2272; x_wconf 89' lang='lat' dir='ltr'><strong>decem</strong></span> <span class='ocrx_word' id='word_1_296' title='bbox 1546 2220 1811 2287; x_wconf 86' lang='lat' dir='ltr'><strong>virginum</strong></span> 
     </span>
    </p>
   </div>
   <div class='ocr_carea' id='block_1_38' title="bbox 206 2310 1813 2381">
    <p class='ocr_par' dir='ltr' id='par_1_38' title="bbox 206 2310 1813 2381">
     <span class='ocr_line' id='line_1_38' title="bbox 206 2310 1813 2381; baseline -0.002 -15"><span class='ocrx_word' id='word_1_297' title='bbox 206 2325 490 2379; x_wconf 75' lang='lat' dir='ltr'><strong>exponere</strong></span> <span class='ocrx_word' id='word_1_298' title='bbox 514 2321 915 2365; x_wconf 84' lang='lat' dir='ltr'><strong>sacramentum</strong></span> <span class='ocrx_word' id='word_1_299' title='bbox 941 2312 1181 2381; x_wconf 91' lang='lat' dir='ltr'><strong>quinque</strong></span> <span class='ocrx_word' id='word_1_300' title='bbox 1212 2310 1501 2364; x_wconf 84' lang='lat' dir='ltr'><strong>stnltnrum</strong></span> <span class='ocrx_word' id='word_1_301' title='bbox 1559 2320 1613 2364; x_wconf 90' lang='lat' dir='ltr'><strong>et</strong></span> <span class='ocrx_word' id='word_1_302' title='bbox 1658 2310 1813 2380; x_wconf 85' lang='lat' dir='ltr'><strong>quin-</strong></span> 
     </span>
    </p>
   </div>
   <div class='ocr_carea' id='block_1_39' title="bbox 208 2406 1814 2477">
    <p class='ocr_par' dir='ltr' id='par_1_39' title="bbox 208 2406 1814 2477">
     <span class='ocr_line' id='line_1_39' title="bbox 208 2406 1814 2477; baseline -0.001 -16"><span class='ocrx_word' id='word_1_303' title='bbox 208 2423 317 2477; x_wconf 83' lang='lat' dir='ltr'><strong>que</strong></span> <span class='ocrx_word' id='word_1_304' title='bbox 344 2409 681 2477; x_wconf 80' lang='lat' dir='ltr'><strong>sapientum.</strong></span> <span class='ocrx_word' id='word_1_305' title='bbox 707 2408 823 2463; x_wconf 88' lang='lat' dir='ltr'><strong>Hoc</strong></span> <span class='ocrx_word' id='word_1_306' title='bbox 850 2408 1027 2462; x_wconf 91' lang='lat' dir='ltr'><strong>solum</strong></span> <span class='ocrx_word' id='word_1_307' title='bbox 1060 2422 1204 2461; x_wconf 92' lang='lat' dir='ltr'><strong>nunc</strong></span> <span class='ocrx_word' id='word_1_308' title='bbox 1231 2407 1386 2473; x_wconf 90' lang='lat' dir='ltr'><strong>dico,</strong></span> <span class='ocrx_word' id='word_1_309' title='bbox 1418 2406 1563 2477; x_wconf 89' lang='lat' dir='ltr'><strong>quod</strong></span> <span class='ocrx_word' id='word_1_310' title='bbox 1586 2422 1814 2476; x_wconf 87' lang='lat' dir='ltr'><strong>quomo-</strong></span> 
     </span>
    </p>
   </div>
   <div class='ocr_carea' id='block_1_40' title="bbox 210 2498 1817 2571">
    <p class='ocr_par' dir='ltr' id='par_1_40' title="bbox 210 2498 1817 2571">
     <span class='ocr_line' id='line_1_40' title="bbox 210 2498 1817 2571; baseline -0.001 -16"><span class='ocrx_word' id='word_1_311' title='bbox 210 2500 279 2555; x_wconf 89' lang='lat' dir='ltr'><strong>do</strong></span> <span class='ocrx_word' id='word_1_312' title='bbox 307 2502 517 2571; x_wconf 80' lang='lat' dir='ltr'><strong>absque</strong></span> <span class='ocrx_word' id='word_1_313' title='bbox 545 2502 761 2557; x_wconf 69' lang='lat' dir='ltr'><strong>ceteris</strong></span> <span class='ocrx_word' id='word_1_314' title='bbox 790 2500 1050 2571; x_wconf 86' lang='lat' dir='ltr'><strong>operibus</strong></span> <span class='ocrx_word' id='word_1_315' title='bbox 1082 2499 1365 2569; x_wconf 75' lang='lat' dir='ltr'><strong>virginitas</strong></span> <span class='ocrx_word' id='word_1_316' title='bbox 1407 2500 1525 2555; x_wconf 89' lang='lat' dir='ltr'><strong>sola</strong></span> <span class='ocrx_word' id='word_1_317' title='bbox 1574 2516 1678 2555; x_wconf 93' lang='lat' dir='ltr'><strong>non</strong></span> <span class='ocrx_word' id='word_1_318' title='bbox 1709 2498 1817 2555; x_wconf 86' lang='lat' dir='ltr'><strong>sal-</strong></span> 
     </span>
    </p>
   </div>
   <div class='ocr_carea' id='block_1_41' title="bbox 214 2594 1811 2664">
    <p class='ocr_par' dir='ltr' id='par_1_41' title="bbox 214 2594 1811 2664">
     <span class='ocr_line' id='line_1_41' title="bbox 214 2594 1811 2664; baseline 0.002 -18"><span class='ocrx_word' id='word_1_319' title='bbox 214 2604 321 2661; x_wconf 84' lang='lat' dir='ltr'><strong>vat,</strong></span> <span class='ocrx_word' id='word_1_320' title='bbox 349 2597 429 2649; x_wconf 88' lang='lat' dir='ltr'><strong>sic</strong></span> <span class='ocrx_word' id='word_1_321' title='bbox 460 2595 639 2649; x_wconf 87' lang='lat' dir='ltr'><strong>omnia</strong></span> <span class='ocrx_word' id='word_1_322' title='bbox 694 2608 859 2664; x_wconf 81' lang='lat' dir='ltr'><strong>opera</strong></span> <span class='ocrx_word' id='word_1_323' title='bbox 904 2595 1112 2663; x_wconf 78' lang='lat' dir='ltr'><strong>absque</strong></span> <span class='ocrx_word' id='word_1_324' title='bbox 1144 2594 1460 2663; x_wconf 80' lang='lat' dir='ltr'><strong>virginitate</strong></span> <span class='ocrx_word' id='word_1_325' title='bbox 1488 2636 1501 2658; x_wconf 96' lang='lat'><strong>,</strong></span> <span class='ocrx_word' id='word_1_326' title='bbox 1533 2594 1774 2663; x_wconf 87' lang='lat' dir='ltr'><strong>puritate</strong></span> <span class='ocrx_word' id='word_1_327' title='bbox 1798 2638 1811 2662; x_wconf 87' lang='lat'><strong>,</strong></span> 
     </span>
    </p>
   </div>
   <div class='ocr_carea' id='block_1_42' title="bbox 214 2686 1816 2757">
    <p class='ocr_par' dir='ltr' id='par_1_42' title="bbox 214 2686 1816 2757">
     <span class='ocr_line' id='line_1_42' title="bbox 214 2686 1816 2757; baseline -0.002 -13"><span class='ocrx_word' id='word_1_328' title='bbox 214 2689 580 2752; x_wconf 84' lang='lat' dir='ltr'><strong>continentia,</strong></span> <span class='ocrx_word' id='word_1_329' title='bbox 610 2688 884 2749; x_wconf 88' lang='lat' dir='ltr'><strong>castitate,</strong></span> <span class='ocrx_word' id='word_1_330' title='bbox 920 2686 1243 2757; x_wconf 85' lang='lat' dir='ltr'><strong>imperfecta</strong></span> <span class='ocrx_word' id='word_1_331' title='bbox 1274 2697 1419 2741; x_wconf 85' lang='lat' dir='ltr'><strong>sunt.</strong></span> <span class='ocrx_word' id='word_1_332' title='bbox 1472 2686 1549 2741; x_wconf 83' lang='lat' dir='ltr'><strong>Ex</strong></span> <span class='ocrx_word' id='word_1_333' title='bbox 1579 2703 1689 2757; x_wconf 87' lang='lat' dir='ltr'><strong>quo</strong></span> <span class='ocrx_word' id='word_1_334' title='bbox 1722 2702 1816 2742; x_wconf 90' lang='lat' dir='ltr'><strong>ne-</strong></span> 
     </span>
    </p>
   </div>
   <div class='ocr_carea' id='block_1_43' title="bbox 214 2778 1818 2852">
    <p class='ocr_par' dir='ltr' id='par_1_43' title="bbox 214 2778 1818 2852">
     <span class='ocr_line' id='line_1_43' title="bbox 214 2778 1818 2852; baseline -0.002 -17"><span class='ocrx_word' id='word_1_335' title='bbox 214 2795 480 2852; x_wconf 84' lang='lat' dir='ltr'><strong>quaquam</strong></span> <span class='ocrx_word' id='word_1_336' title='bbox 513 2793 611 2834; x_wconf 92' lang='lat' dir='ltr'><strong>nos</strong></span> <span class='ocrx_word' id='word_1_337' title='bbox 642 2779 770 2833; x_wconf 89' lang='lat' dir='ltr'><strong>illud</strong></span> <span class='ocrx_word' id='word_1_338' title='bbox 803 2779 1002 2848; x_wconf 88' lang='lat' dir='ltr'><strong>poterit</strong></span> <span class='ocrx_word' id='word_1_339' title='bbox 1029 2779 1295 2847; x_wconf 90' lang='lat' dir='ltr'><strong>impedire</strong></span> <span class='ocrx_word' id='word_1_340' title='bbox 1321 2819 1334 2843; x_wconf 94' lang='lat'><strong>,</strong></span> <span class='ocrx_word' id='word_1_341' title='bbox 1371 2780 1513 2848; x_wconf 89' lang='lat' dir='ltr'><strong>quod</strong></span> <span class='ocrx_word' id='word_1_342' title='bbox 1560 2778 1818 2833; x_wconf 79' lang='lat' dir='ltr'><strong>adversa-</strong></span> 
     </span>
    </p>
   </div>
   <div class='ocr_carea' id='block_1_44' title="bbox 218 2870 1817 2943">
    <p class='ocr_par' dir='ltr' id='par_1_44' title="bbox 218 2870 1817 2943">
     <span class='ocr_line' id='line_1_44' title="bbox 218 2870 1817 2943; baseline -0.003 -14"><span class='ocrx_word' id='word_1_343' title='bbox 218 2874 333 2929; x_wconf 84' lang='lat' dir='ltr'><strong>rius</strong></span> <span class='ocrx_word' id='word_1_344' title='bbox 362 2874 591 2943; x_wconf 80' lang='lat' dir='ltr'><strong>objicit,</strong></span> <span class='ocrx_word' id='word_1_345' title='bbox 627 2872 795 2927; x_wconf 79' lang='lat' dir='ltr'><strong>fuisse</strong></span> <span class='ocrx_word' id='word_1_346' title='bbox 848 2872 1136 2927; x_wconf 90' lang='lat' dir='ltr'><strong>Dominum</strong></span> <span class='ocrx_word' id='word_1_347' title='bbox 1188 2872 1243 2925; x_wconf 94' lang='lat' dir='ltr'><strong>in</strong></span> <span class='ocrx_word' id='word_1_348' title='bbox 1275 2870 1422 2926; x_wconf 85' lang='lat' dir='ltr'><strong>Cana</strong></span> <span class='ocrx_word' id='word_1_349' title='bbox 1452 2871 1729 2937; x_wconf 65' lang='lat' dir='ltr'><strong>Galilaeae,</strong></span> <span class='ocrx_word' id='word_1_350' title='bbox 1763 2880 1817 2927; x_wconf 92' lang='lat' dir='ltr'><strong>et</strong></span> 
     </span>
    </p>
   </div>
   <div class='ocr_carea' id='block_1_45' title="bbox 220 2963 1816 3037">
    <p class='ocr_par' dir='ltr' id='par_1_45' title="bbox 220 2963 1816 3037">
     <span class='ocr_line' id='line_1_45' title="bbox 220 2963 1816 3037; baseline -0.004 -14"><span class='ocrx_word' id='word_1_351' title='bbox 220 2968 532 3037; x_wconf 80' lang='lat' dir='ltr'><strong>nuptiarum</strong></span> <span class='ocrx_word' id='word_1_352' title='bbox 567 2964 701 3021; x_wconf 88' lang='lat' dir='ltr'><strong>festa</strong></span> <span class='ocrx_word' id='word_1_353' title='bbox 729 2965 1061 3030; x_wconf 89' lang='lat' dir='ltr'><strong>celebrasse,</strong></span> <span class='ocrx_word' id='word_1_354' title='bbox 1095 2963 1310 3034; x_wconf 88' lang='lat' dir='ltr'><strong>quando</strong></span> <span class='ocrx_word' id='word_1_355' title='bbox 1342 2978 1506 3035; x_wconf 88' lang='lat' dir='ltr'><strong>aquas</strong></span> <span class='ocrx_word' id='word_1_356' title='bbox 1550 2965 1714 3019; x_wconf 86' lang='lat' dir='ltr'><strong>vertit</strong></span> <span class='ocrx_word' id='word_1_357' title='bbox 1762 2964 1816 3018; x_wconf 92' lang='lat' dir='ltr'><strong>in</strong></span> 
     </span>
    </p>
   </div>
   <div class='ocr_carea' id='block_1_46' title="bbox 218 3054 1819 3126">
    <p class='ocr_par' dir='ltr' id='par_1_46' title="bbox 218 3054 1819 3126">
     <span class='ocr_line' id='line_1_46' title="bbox 218 3054 1819 3126; baseline -0.002 -12"><span class='ocrx_word' id='word_1_358' title='bbox 218 3061 429 3114; x_wconf 90' lang='lat' dir='ltr'><strong>vinum.</strong></span> <span class='ocrx_word' id='word_1_359' title='bbox 463 3059 577 3113; x_wconf 91' lang='lat' dir='ltr'><strong>lloc</strong></span> <span class='ocrx_word' id='word_1_360' title='bbox 599 3059 746 3112; x_wconf 86' lang='lat' dir='ltr'><strong>enim</strong></span> <span class='ocrx_word' id='word_1_361' title='bbox 774 3058 1097 3112; x_wconf 79' lang='lat' dir='ltr'><strong>brevissime</strong></span> <span class='ocrx_word' id='word_1_362' title='bbox 1126 3056 1475 3126; x_wconf 85' lang='lat' dir='ltr'><strong>respondebo</strong></span> <span class='ocrx_word' id='word_1_363' title='bbox 1507 3098 1521 3122; x_wconf 93' lang='lat'><strong>,</strong></span> <span class='ocrx_word' id='word_1_364' title='bbox 1556 3055 1703 3126; x_wconf 90' lang='lat' dir='ltr'><strong>quod</strong></span> <span class='ocrx_word' id='word_1_365' title='bbox 1725 3054 1819 3125; x_wconf 86' lang='lat' dir='ltr'><strong>qui</strong></span> 
     </span>
    </p>
   </div>
   <div class='ocr_carea' id='block_1_47' title="bbox 220 3148 1818 3220">
    <p class='ocr_par' dir='ltr' id='par_1_47' title="bbox 220 3148 1818 3220">
     <span class='ocr_line' id='line_1_47' title="bbox 220 3148 1818 3220; baseline -0.004 -12"><span class='ocrx_word' id='word_1_366' title='bbox 220 3164 416 3209; x_wconf 89' lang='lat' dir='ltr'><strong>octava</strong></span> <span class='ocrx_word' id='word_1_367' title='bbox 445 3153 535 3207; x_wconf 89' lang='lat' dir='ltr'><strong>die</strong></span> <span class='ocrx_word' id='word_1_368' title='bbox 560 3150 920 3206; x_wconf 87' lang='lat' dir='ltr'><strong>circumcisus</strong></span> <span class='ocrx_word' id='word_1_369' title='bbox 950 3159 1066 3217; x_wconf 83' lang='lat' dir='ltr'><strong>est,</strong></span> <span class='ocrx_word' id='word_1_370' title='bbox 1109 3160 1164 3203; x_wconf 77' lang='lat' dir='ltr'><strong>et</strong></span> <span class='ocrx_word' id='word_1_371' title='bbox 1188 3160 1298 3220; x_wconf 88' lang='lat' dir='ltr'><strong>pro</strong></span> <span class='ocrx_word' id='word_1_372' title='bbox 1326 3166 1431 3219; x_wconf 90' lang='lat' dir='ltr'><strong>quo</strong></span> <span class='ocrx_word' id='word_1_373' title='bbox 1455 3148 1484 3187; x_wconf 69' lang='grc' dir='ltr'><strong>ι)</strong></span> <span class='ocrx_word' id='word_1_374' title='bbox 1514 3165 1610 3220; x_wconf 89' lang='lat' dir='ltr'><strong>par</strong></span> <span class='ocrx_word' id='word_1_375' title='bbox 1641 3159 1818 3204; x_wconf 85' lang='lat' dir='ltr'><strong>turtu—</strong></span> 
     </span>
    </p>
   </div>
   <div class='ocr_carea' id='block_1_48' title="bbox 1912 1942 3514 2020">
    <p class='ocr_par' dir='ltr' id='par_1_48' title="bbox 1912 1942 3514 2020">
     <span class='ocr_line' id='line_1_48' title="bbox 1912 1942 3514 2020; baseline 0.003 -18"><span class='ocrx_word' id='word_1_376' title='bbox 1912 1965 2034 2003; x_wconf 91' lang='lat' dir='ltr'><strong>vum</strong></span> <span class='ocrx_word' id='word_1_377' title='bbox 2056 1947 2251 2017; x_wconf 83' lang='lat' dir='ltr'><strong>dogma</strong></span> <span class='ocrx_word' id='word_1_378' title='bbox 2278 1956 2465 2002; x_wconf 87' lang='lat' dir='ltr'><strong>contra</strong></span> <span class='ocrx_word' id='word_1_379' title='bbox 2487 1955 2737 2001; x_wconf 89' lang='lat' dir='ltr'><strong>naturam</strong></span> <span class='ocrx_word' id='word_1_380' title='bbox 2758 1942 2952 2017; x_wconf 90' lang='lat' dir='ltr'><strong>religio</strong></span> <span class='ocrx_word' id='word_1_381' title='bbox 2969 1958 3153 2002; x_wconf 87' lang='lat' dir='ltr'><strong>nostra</strong></span> <span class='ocrx_word' id='word_1_382' title='bbox 3181 1950 3514 2020; x_wconf 85' lang='lat' dir='ltr'><strong>prodiderit,</strong></span> 
     </span>
    </p>
   </div>
   <div class='ocr_carea' id='block_1_49' title="bbox 1912 2036 3521 2116">
    <p class='ocr_par' dir='ltr' id='par_1_49' title="bbox 1912 2036 3521 2116">
     <span class='ocr_line' id='line_1_49' title="bbox 1912 2036 3521 2116; baseline 0.002 -20"><span class='ocrx_word' id='word_1_383' title='bbox 1912 2056 2225 2109; x_wconf 85' lang='lat' dir='ltr'><strong>percurram</strong></span> <span class='ocrx_word' id='word_1_384' title='bbox 2255 2041 2499 2096; x_wconf 89' lang='lat' dir='ltr'><strong>breviter</strong></span> <span class='ocrx_word' id='word_1_385' title='bbox 2524 2038 2745 2096; x_wconf 77' lang='lat' dir='ltr'><strong>Graecas</strong></span> <span class='ocrx_word' id='word_1_386' title='bbox 2787 2051 2835 2095; x_wconf 92' lang='lat' dir='ltr'><strong>et</strong></span> <span class='ocrx_word' id='word_1_387' title='bbox 2871 2036 3093 2095; x_wconf 86' lang='lat' dir='ltr'><strong>Latinas</strong></span> <span class='ocrx_word' id='word_1_388' title='bbox 3139 2042 3521 2116; x_wconf 82' lang='lat' dir='ltr'><strong>Barbarasque</strong></span> 
     </span>
    </p>
   </div>
   <div class='ocr_carea' id='block_1_50' title="bbox 1916 2132 3524 2204">
    <p class='ocr_par' dir='ltr' id='par_1_50' title="bbox 1916 2132 3524 2204">
     <span class='ocr_line' id='line_1_50' title="bbox 1916 2132 3524 2204; baseline 0.004 -17"><span class='ocrx_word' id='word_1_389' title='bbox 1916 2133 2195 2197; x_wconf 87' lang='lat' dir='ltr'><strong>historias,</strong></span> <span class='ocrx_word' id='word_1_390' title='bbox 2237 2142 2293 2187; x_wconf 90' lang='lat' dir='ltr'><strong>et</strong></span> <span class='ocrx_word' id='word_1_391' title='bbox 2335 2132 2541 2188; x_wconf 89' lang='lat' dir='ltr'><strong>docebo</strong></span> <span class='ocrx_word' id='word_1_392' title='bbox 2591 2132 2959 2203; x_wconf 79' lang='lat' dir='ltr'><strong>virginitatem</strong></span> <span class='ocrx_word' id='word_1_393' title='bbox 3010 2148 3233 2204; x_wconf 89' lang='lat' dir='ltr'><strong>semper</strong></span> <span class='ocrx_word' id='word_1_394' title='bbox 3278 2138 3524 2193; x_wconf 89' lang='lat' dir='ltr'><strong>tenuisse</strong></span> 
     </span>
    </p>
   </div>
   <div class='ocr_carea' id='block_1_51' title="bbox 1918 2223 3524 2293">
    <p class='ocr_par' dir='ltr' id='par_1_51' title="bbox 1918 2223 3524 2293">
     <span class='ocr_line' id='line_1_51' title="bbox 1918 2223 3524 2293; baseline 0.005 -15"><span class='ocrx_word' id='word_1_395' title='bbox 1918 2224 2191 2293; x_wconf 81' lang='lat' dir='ltr'><strong>pudicitiae</strong></span> <span class='ocrx_word' id='word_1_396' title='bbox 2223 2223 2608 2293; x_wconf 87' lang='lat' dir='ltr'><strong>principatmn.</strong></span> <span class='ocrx_word' id='word_1_397' title='bbox 2656 2223 2925 2280; x_wconf 83' lang='lat' dir='ltr'><strong>Referunt</strong></span> <span class='ocrx_word' id='word_1_398' title='bbox 2966 2224 3166 2281; x_wconf 68' lang='lat' dir='ltr'><strong>fabula:</strong></span> <span class='ocrx_word' id='word_1_399' title='bbox 3211 2229 3524 2287; x_wconf 86' lang='lat' dir='ltr'><strong>Atalantam</strong></span> 
     </span>
    </p>
   </div>
   <div class='ocr_carea' id='block_1_52' title="bbox 1916 2316 3522 2396">
    <p class='ocr_par' dir='ltr' id='par_1_52' title="bbox 1916 2316 3522 2396">
     <span class='ocr_line' id='line_1_52' title="bbox 1916 2316 3522 2396; baseline 0.005 -23"><span class='ocrx_word' id='word_1_400' title='bbox 1916 2316 2271 2387; x_wconf 87' lang='lat' dir='ltr'><strong>Calydoniam</strong></span> <span class='ocrx_word' id='word_1_401' title='bbox 2322 2317 2584 2388; x_wconf 88' lang='lat' dir='ltr'><strong>virginem</strong></span> <span class='ocrx_word' id='word_1_402' title='bbox 2616 2334 2837 2388; x_wconf 90' lang='lat' dir='ltr'><strong>semper</strong></span> <span class='ocrx_word' id='word_1_403' title='bbox 2866 2320 2917 2373; x_wconf 93' lang='lat' dir='ltr'><strong>in</strong></span> <span class='ocrx_word' id='word_1_404' title='bbox 2957 2320 3270 2388; x_wconf 87' lang='lat' dir='ltr'><strong>venatibus,</strong></span> <span class='ocrx_word' id='word_1_405' title='bbox 3303 2338 3522 2396; x_wconf 86' lang='lat' dir='ltr'><strong>semper</strong></span> 
     </span>
    </p>
   </div>
   <div class='ocr_carea' id='block_1_53' title="bbox 1917 2410 3521 2489">
    <p class='ocr_par' dir='ltr' id='par_1_53' title="bbox 1917 2410 3521 2489">
     <span class='ocr_line' id='line_1_53' title="bbox 1917 2410 3521 2489; baseline 0.009 -26"><span class='ocrx_word' id='word_1_406' title='bbox 1917 2410 1969 2465; x_wconf 93' lang='lat' dir='ltr'><strong>in</strong></span> <span class='ocrx_word' id='word_1_407' title='bbox 2001 2412 2173 2477; x_wconf 86' lang='lat' dir='ltr'><strong>silvis,</strong></span> <span class='ocrx_word' id='word_1_408' title='bbox 2204 2428 2308 2465; x_wconf 92' lang='lat' dir='ltr'><strong>non</strong></span> <span class='ocrx_word' id='word_1_409' title='bbox 2336 2422 2606 2469; x_wconf 86' lang='lat' dir='ltr'><strong>tumentes</strong></span> <span class='ocrx_word' id='word_1_410' title='bbox 2630 2424 2817 2470; x_wconf 87' lang='lat' dir='ltr'><strong>uterus</strong></span> <span class='ocrx_word' id='word_1_411' title='bbox 2846 2413 3170 2471; x_wconf 81' lang='lat' dir='ltr'><strong>feminarum</strong></span> <span class='ocrx_word' id='word_1_412' title='bbox 3195 2417 3521 2489; x_wconf 83' lang='lat' dir='ltr'><strong>fastidiaque</strong></span> 
     </span>
    </p>
   </div>
   <div class='ocr_carea' id='block_1_54' title="bbox 1919 2504 3526 2575">
    <p class='ocr_par' dir='ltr' id='par_1_54' title="bbox 1919 2504 3526 2575">
     <span class='ocr_line' id='line_1_54' title="bbox 1919 2504 3526 2575; baseline 0.006 -18"><span class='ocrx_word' id='word_1_413' title='bbox 1919 2512 2305 2575; x_wconf 86' lang='lat' dir='ltr'><strong>conceptunm,</strong></span> <span class='ocrx_word' id='word_1_414' title='bbox 2343 2505 2438 2559; x_wconf 90' lang='lat' dir='ltr'><strong>sed</strong></span> <span class='ocrx_word' id='word_1_415' title='bbox 2470 2504 2781 2575; x_wconf 80' lang='lat' dir='ltr'><strong>expeditam</strong></span> <span class='ocrx_word' id='word_1_416' title='bbox 2811 2518 2866 2562; x_wconf 88' lang='lat' dir='ltr'><strong>et</strong></span> <span class='ocrx_word' id='word_1_417' title='bbox 2918 2517 3123 2563; x_wconf 87' lang='lat' dir='ltr'><strong>castam</strong></span> <span class='ocrx_word' id='word_1_418' title='bbox 3171 2526 3386 2567; x_wconf 82' lang='lat' dir='ltr'><strong>amasse</strong></span> <span class='ocrx_word' id='word_1_419' title='bbox 3419 2513 3526 2567; x_wconf 88' lang='lat' dir='ltr'><strong>vir-</strong></span> 
     </span>
    </p>
   </div>
   <div class='ocr_carea' id='block_1_55' title="bbox 1922 2596 3527 2669">
    <p class='ocr_par' dir='ltr' id='par_1_55' title="bbox 1922 2596 3527 2669">
     <span class='ocr_line' id='line_1_55' title="bbox 1922 2596 3527 2669; baseline 0.006 -20"><span class='ocrx_word' id='word_1_420' title='bbox 1922 2604 2113 2651; x_wconf 88' lang='lat' dir='ltr'><strong>tutem.</strong></span> <span class='ocrx_word' id='word_1_421' title='bbox 2144 2596 2466 2666; x_wconf 75' lang='lat' dir='ltr'><strong>Harpzilieen</strong></span> <span class='ocrx_word' id='word_1_422' title='bbox 2501 2611 2715 2669; x_wconf 85' lang='lat' dir='ltr'><strong>quoque</strong></span> <span class='ocrx_word' id='word_1_423' title='bbox 2744 2599 3007 2669; x_wconf 88' lang='lat' dir='ltr'><strong>virginem</strong></span> <span class='ocrx_word' id='word_1_424' title='bbox 3033 2600 3349 2669; x_wconf 83' lang='lat' dir='ltr'><strong>Thraciam,</strong></span> <span class='ocrx_word' id='word_1_425' title='bbox 3392 2602 3527 2658; x_wconf 83' lang='lat' dir='ltr'><strong>insi-</strong></span> 
     </span>
    </p>
   </div>
   <div class='ocr_carea' id='block_1_56' title="bbox 1919 2688 3528 2767">
    <p class='ocr_par' dir='ltr' id='par_1_56' title="bbox 1919 2688 3528 2767">
     <span class='ocr_line' id='line_1_56' title="bbox 1919 2688 3528 2767; baseline 0.006 -26"><span class='ocrx_word' id='word_1_426' title='bbox 1919 2689 2041 2759; x_wconf 90' lang='lat' dir='ltr'><strong>gnis</strong></span> <span class='ocrx_word' id='word_1_427' title='bbox 2084 2689 2247 2744; x_wconf 88' lang='lat' dir='ltr'><strong>Poeta</strong></span> <span class='ocrx_word' id='word_1_428' title='bbox 2282 2688 2497 2761; x_wconf 86' lang='lat' dir='ltr'><strong>(Virgil.</strong></span> <span class='ocrx_word' id='word_1_429' title='bbox 2547 2708 2562 2745; x_wconf 86' lang='grc' dir='ltr'>ι</span> <span class='ocrx_word' id='word_1_430' title='bbox 2594 2690 2841 2762; x_wconf 71' lang='grc' dir='ltr'><strong>ίΕηρίά.)</strong></span> <span class='ocrx_word' id='word_1_431' title='bbox 2872 2693 3162 2760; x_wconf 89' lang='lat' dir='ltr'><strong>describit;</strong></span> <span class='ocrx_word' id='word_1_432' title='bbox 3198 2706 3254 2750; x_wconf 91' lang='lat' dir='ltr'><strong>et</strong></span> <span class='ocrx_word' id='word_1_433' title='bbox 3283 2697 3528 2767; x_wconf 88' lang='lat' dir='ltr'><strong>reginam</strong></span> 
     </span>
    </p>
   </div>
   <div class='ocr_carea' id='block_1_57' title="bbox 1921 2779 3527 2854">
    <p class='ocr_par' dir='ltr' id='par_1_57' title="bbox 1921 2779 3527 2854">
     <span class='ocr_line' id='line_1_57' title="bbox 1921 2779 3527 2854; baseline 0.005 -19"><span class='ocrx_word' id='word_1_434' title='bbox 1921 2779 2246 2836; x_wconf 84' lang='lat' dir='ltr'><strong>Volscorum</strong></span> <span class='ocrx_word' id='word_1_435' title='bbox 2269 2779 2579 2851; x_wconf 87' lang='lat' dir='ltr'><strong>Camillam,</strong></span> <span class='ocrx_word' id='word_1_436' title='bbox 2610 2798 2772 2854; x_wconf 89' lang='lat' dir='ltr'><strong>quam</strong></span> <span class='ocrx_word' id='word_1_437' title='bbox 2805 2785 3045 2853; x_wconf 89' lang='lat' dir='ltr'><strong>Turnus,</strong></span> <span class='ocrx_word' id='word_1_438' title='bbox 3075 2787 3164 2841; x_wconf 92' lang='lat' dir='ltr'><strong>cui</strong></span> <span class='ocrx_word' id='word_1_439' title='bbox 3196 2788 3401 2843; x_wconf 81' lang='lat' dir='ltr'><strong>auxilio</strong></span> <span class='ocrx_word' id='word_1_440' title='bbox 3431 2805 3527 2843; x_wconf 87' lang='lat' dir='ltr'><strong>ve-</strong></span> 
     </span>
    </p>
   </div>
   <div class='ocr_carea' id='block_1_58' title="bbox 1921 2871 3530 2949">
    <p class='ocr_par' dir='ltr' id='par_1_58' title="bbox 1921 2871 3530 2949">
     <span class='ocr_line' id='line_1_58' title="bbox 1921 2871 3530 2949; baseline 0.006 -23"><span class='ocrx_word' id='word_1_441' title='bbox 1921 2882 2097 2939; x_wconf 90' lang='lat' dir='ltr'><strong>nerat,</strong></span> <span class='ocrx_word' id='word_1_442' title='bbox 2141 2871 2365 2928; x_wconf 85' lang='lat' dir='ltr'><strong>laudare</strong></span> <span class='ocrx_word' id='word_1_443' title='bbox 2389 2874 2597 2938; x_wconf 81' lang='lat' dir='ltr'><strong>volens,</strong></span> <span class='ocrx_word' id='word_1_444' title='bbox 2644 2890 2751 2928; x_wconf 91' lang='lat' dir='ltr'><strong>non</strong></span> <span class='ocrx_word' id='word_1_445' title='bbox 2781 2876 3021 2946; x_wconf 88' lang='lat' dir='ltr'><strong>amplius</strong></span> <span class='ocrx_word' id='word_1_446' title='bbox 3049 2878 3242 2932; x_wconf 83' lang='lat' dir='ltr'><strong>habuit</strong></span> <span class='ocrx_word' id='word_1_447' title='bbox 3272 2880 3416 2949; x_wconf 89' lang='lat' dir='ltr'><strong>quod</strong></span> <span class='ocrx_word' id='word_1_448' title='bbox 3444 2880 3530 2936; x_wconf 89' lang='lat' dir='ltr'><strong>di-</strong></span> 
     </span>
    </p>
   </div>
   <div class='ocr_carea' id='block_1_59' title="bbox 1921 2964 3529 3044">
    <p class='ocr_par' dir='ltr' id='par_1_59' title="bbox 1921 2964 3529 3044">
     <span class='ocr_line' id='line_1_59' title="bbox 1921 2964 3529 3044; baseline 0.005 -25"><span class='ocrx_word' id='word_1_449' title='bbox 1921 2973 2090 3030; x_wconf 83' lang='lat' dir='ltr'><strong>ceret,</strong></span> <span class='ocrx_word' id='word_1_450' title='bbox 2122 2965 2222 3017; x_wconf 89' lang='lat' dir='ltr'><strong>nisi</strong></span> <span class='ocrx_word' id='word_1_451' title='bbox 2255 2965 2521 3034; x_wconf 88' lang='lat' dir='ltr'><strong>virginem</strong></span> <span class='ocrx_word' id='word_1_452' title='bbox 2553 2964 2885 3021; x_wconf 86' lang='lat' dir='ltr'><strong>nominaret.</strong></span> <span class='ocrx_word' id='word_1_453' title='bbox 2907 2968 3122 3023; x_wconf 78' lang='lat' dir='ltr'><strong>Odecus</strong></span> <span class='ocrx_word' id='word_1_454' title='bbox 3149 2968 3347 3037; x_wconf 66' lang='lat' dir='ltr'><strong>Italica,</strong></span> <span class='ocrx_word' id='word_1_455' title='bbox 3380 2972 3529 3044; x_wconf 81' lang='lat' dir='ltr'><strong>virgo</strong></span> 
     </span>
    </p>
   </div>
   <div class='ocr_carea' id='block_1_60' title="bbox 1925 3053 3521 3131">
    <p class='ocr_par' dir='ltr' id='par_1_60' title="bbox 1925 3053 3521 3131">
     <span class='ocr_line' id='line_1_60' title="bbox 1925 3053 3521 3131; baseline 0.006 -23"><span class='ocrx_word' id='word_1_456' title='bbox 1925 3054 2121 3127; x_wconf 82' lang='lat' dir='ltr'><strong>(Idem,</strong></span> <span class='ocrx_word' id='word_1_457' title='bbox 2153 3054 2244 3109; x_wconf 79' lang='lat' dir='ltr'><strong>lib.</strong></span> <span class='ocrx_word' id='word_1_458' title='bbox 2271 3055 2385 3127; x_wconf 78' lang='lat' dir='ltr'><strong>xi)!</strong></span> <span class='ocrx_word' id='word_1_459' title='bbox 2412 3053 2434 3093; x_wconf 72' lang='grc' dir='ltr'>ἀ</span> <span class='ocrx_word' id='word_1_460' title='bbox 2463 3055 2847 3113; x_wconf 75' lang='lat' dir='ltr'><strong>Chalcbimcus</strong></span> <span class='ocrx_word' id='word_1_461' title='bbox 2877 3075 3098 3131; x_wconf 88' lang='lat' dir='ltr'><strong>quoque</strong></span> <span class='ocrx_word' id='word_1_462' title='bbox 3120 3061 3214 3116; x_wconf 90' lang='lat' dir='ltr'><strong>illa</strong></span> <span class='ocrx_word' id='word_1_463' title='bbox 3248 3062 3358 3115; x_wconf 87' lang='lat' dir='ltr'><strong>lilia</strong></span> <span class='ocrx_word' id='word_1_464' title='bbox 3382 3061 3521 3129; x_wconf 89' lang='lat' dir='ltr'><strong>Leo,</strong></span> 
     </span>
    </p>
   </div>
   <div class='ocr_carea' id='block_1_61' title="bbox 1924 3148 3530 3225">
    <p class='ocr_par' dir='ltr' id='par_1_61' title="bbox 1924 3148 3530 3225">
     <span class='ocr_line' id='line_1_61' title="bbox 1924 3148 3530 3225; baseline 0.005 -25"><span class='ocrx_word' id='word_1_465' title='bbox 1924 3148 2074 3218; x_wconf 85' lang='lat' dir='ltr'><strong>virgo</strong></span> <span class='ocrx_word' id='word_1_466' title='bbox 2106 3159 2387 3218; x_wconf 87' lang='lat' dir='ltr'><strong>perpetua,</strong></span> <span class='ocrx_word' id='word_1_467' title='bbox 2422 3148 2787 3218; x_wconf 84' lang='lat' dir='ltr'><strong>pestilentiam</strong></span> <span class='ocrx_word' id='word_1_468' title='bbox 2824 3152 3015 3220; x_wconf 74' lang='lat' dir='ltr'><strong>patriae</strong></span> <span class='ocrx_word' id='word_1_469' title='bbox 3048 3152 3308 3208; x_wconf 89' lang='lat' dir='ltr'><strong>scribitur</strong></span> <span class='ocrx_word' id='word_1_470' title='bbox 3353 3168 3530 3225; x_wconf 86' lang='lat' dir='ltr'><strong>spon-</strong></span> 
     </span>
    </p>
   </div>
   <div class='ocr_carea' id='block_1_62' title="bbox 225 3240 3535 3316">
    <p class='ocr_par' dir='ltr' id='par_1_62' title="bbox 225 3240 3535 3316">
     <span class='ocr_line' id='line_1_62' title="bbox 225 3240 3535 3316; baseline 0 -15"><span class='ocrx_word' id='word_1_471' title='bbox 225 3262 379 3313; x_wconf 90' lang='lat' dir='ltr'><strong>rum,</strong></span> <span class='ocrx_word' id='word_1_472' title='bbox 414 3256 472 3301; x_wconf 90' lang='lat' dir='ltr'><strong>et</strong></span> <span class='ocrx_word' id='word_1_473' title='bbox 496 3244 604 3298; x_wconf 87' lang='lat' dir='ltr'><strong>duo</strong></span> <span class='ocrx_word' id='word_1_474' title='bbox 625 3244 758 3312; x_wconf 89' lang='lat' dir='ltr'><strong>pulli</strong></span> <span class='ocrx_word' id='word_1_475' title='bbox 784 3241 1165 3297; x_wconf 89' lang='lat' dir='ltr'><strong>columbarum</strong></span> <span class='ocrx_word' id='word_1_476' title='bbox 1194 3242 1280 3296; x_wconf 89' lang='lat' dir='ltr'><strong>die</strong></span> <span class='ocrx_word' id='word_1_477' title='bbox 1298 3242 1632 3311; x_wconf 80' lang='lat' dir='ltr'><strong>purgationis</strong></span> <span class='ocrx_word' id='word_1_478' title='bbox 1654 3240 1820 3295; x_wconf 86' lang='lat' dir='ltr'><strong>oblati</strong></span> <span class='ocrx_word' id='word_1_479' title='bbox 1848 3254 1894 3316; x_wconf 72' lang='grc' dir='ltr'>ρ</span> <span class='ocrx_word' id='word_1_480' title='bbox 1929 3250 2085 3297; x_wconf 88' lang='lat' dir='ltr'><strong>tanea</strong></span> <span class='ocrx_word' id='word_1_481' title='bbox 2128 3252 2304 3296; x_wconf 89' lang='lat' dir='ltr'><strong>morte</strong></span> <span class='ocrx_word' id='word_1_482' title='bbox 2348 3240 2609 3307; x_wconf 87' lang='lat' dir='ltr'><strong>solvisse;</strong></span> <span class='ocrx_word' id='word_1_483' title='bbox 2640 3254 2693 3297; x_wconf 91' lang='lat' dir='ltr'><strong>et</strong></span> <span class='ocrx_word' id='word_1_484' title='bbox 2722 3240 3021 3313; x_wconf 65' lang='lat' dir='ltr'><strong>Iphigeniae</strong></span> <span class='ocrx_word' id='word_1_485' title='bbox 3051 3245 3278 3315; x_wconf 89' lang='lat' dir='ltr'><strong>virginis</strong></span> <span class='ocrx_word' id='word_1_486' title='bbox 3310 3246 3535 3314; x_wconf 87' lang='lat' dir='ltr'><strong>sanguis</strong></span> 
     </span>
    </p>
   </div>
   <div class='ocr_carea' id='block_1_63' title="bbox 216 3332 1822 3402">
    <p class='ocr_par' dir='ltr' id='par_1_63' title="bbox 216 3332 1822 3402">
     <span class='ocr_line' id='line_1_63' title="bbox 216 3332 1822 3402; baseline -0.005 -9"><span class='ocrx_word' id='word_1_487' title='bbox 216 3347 382 3401; x_wconf 84' lang='lat' dir='ltr'><strong>sunt,</strong></span> <span class='ocrx_word' id='word_1_488' title='bbox 411 3350 537 3390; x_wconf 90' lang='lat' dir='ltr'><strong>cum</strong></span> <span class='ocrx_word' id='word_1_489' title='bbox 580 3333 816 3400; x_wconf 68' lang='lat' dir='ltr'><strong>cwteris,</strong></span> <span class='ocrx_word' id='word_1_490' title='bbox 871 3345 1159 3402; x_wconf 90' lang='lat' dir='ltr'><strong>antequam</strong></span> <span class='ocrx_word' id='word_1_491' title='bbox 1191 3340 1487 3401; x_wconf 86' lang='lat' dir='ltr'><strong>pateretur,</strong></span> <span class='ocrx_word' id='word_1_492' title='bbox 1540 3332 1822 3385; x_wconf 84' lang='lat' dir='ltr'><strong>Judaicam</strong></span> 
     </span>
    </p>
   </div>
   <div class='ocr_carea' id='block_1_64' title="bbox 217 3422 1822 3494">
    <p class='ocr_par' dir='ltr' id='par_1_64' title="bbox 217 3422 1822 3494">
     <span class='ocr_line' id='line_1_64' title="bbox 217 3422 1822 3494; baseline -0.005 -9"><span class='ocrx_word' id='word_1_493' title='bbox 217 3427 681 3485; x_wconf 75' lang='lat' dir='ltr'><strong>consuetudinem</strong></span> <span class='ocrx_word' id='word_1_494' title='bbox 735 3426 1148 3494; x_wconf 86' lang='lat' dir='ltr'><strong>comprobavit:</strong></span> <span class='ocrx_word' id='word_1_495' title='bbox 1205 3440 1274 3479; x_wconf 91' lang='lat' dir='ltr'><strong>ne</strong></span> <span class='ocrx_word' id='word_1_496' title='bbox 1325 3422 1433 3478; x_wconf 89' lang='lat' dir='ltr'><strong>illis</strong></span> <span class='ocrx_word' id='word_1_497' title='bbox 1481 3426 1822 3478; x_wconf 73' lang='lat' dir='ltr'><strong>occasionem</strong></span> 
     </span>
    </p>
   </div>
   <div class='ocr_carea' id='block_1_65' title="bbox 209 3516 1823 3591">
    <p class='ocr_par' dir='ltr' id='par_1_65' title="bbox 209 3516 1823 3591">
     <span class='ocr_line' id='line_1_65' title="bbox 209 3516 1823 3591; baseline -0.005 -14"><span class='ocrx_word' id='word_1_498' title='bbox 209 3523 370 3591; x_wconf 85' lang='lat' dir='ltr'><strong>jttste</strong></span> <span class='ocrx_word' id='word_1_499' title='bbox 393 3519 829 3574; x_wconf 82' lang='lat' dir='ltr'><strong>seinterliciendi</strong></span> <span class='ocrx_word' id='word_1_500' title='bbox 856 3519 1094 3572; x_wconf 90' lang='lat' dir='ltr'><strong>tribuere</strong></span> <span class='ocrx_word' id='word_1_501' title='bbox 1122 3516 1419 3581; x_wconf 88' lang='lat' dir='ltr'><strong>videretur,</strong></span> <span class='ocrx_word' id='word_1_502' title='bbox 1447 3518 1600 3587; x_wconf 90' lang='lat' dir='ltr'><strong>quasi</strong></span> <span class='ocrx_word' id='word_1_503' title='bbox 1630 3516 1823 3587; x_wconf 68' lang='lat' dir='ltr'><strong>Legem</strong></span> 
     </span>
    </p>
   </div>
   <div class='ocr_carea' id='block_1_66' title="bbox 218 3612 1825 3682">
    <p class='ocr_par' dir='ltr' id='par_1_66' title="bbox 218 3612 1825 3682">
     <span class='ocr_line' id='line_1_66' title="bbox 218 3612 1825 3682; baseline -0.004 -10"><span class='ocrx_word' id='word_1_504' title='bbox 218 3618 516 3673; x_wconf 75' lang='lat' dir='ltr'><strong>destructis</strong></span> <span class='ocrx_word' id='word_1_505' title='bbox 547 3614 921 3682; x_wconf 86' lang='lat' dir='ltr'><strong>damnansque</strong></span> <span class='ocrx_word' id='word_1_506' title='bbox 963 3621 1233 3665; x_wconf 88' lang='lat' dir='ltr'><strong>naturam.</strong></span> <span class='ocrx_word' id='word_1_507' title='bbox 1269 3612 1603 3679; x_wconf 77' lang='lat' dir='ltr'><strong>Quamquam</strong></span> <span class='ocrx_word' id='word_1_508' title='bbox 1637 3620 1690 3663; x_wconf 90' lang='lat' dir='ltr'><strong>et</strong></span> <span class='ocrx_word' id='word_1_509' title='bbox 1720 3612 1825 3665; x_wconf 91' lang='lat' dir='ltr'><strong>hoc</strong></span> 
     </span>
    </p>
   </div>
   <div class='ocr_carea' id='block_1_67' title="bbox 223 3703 1822 3781">
    <p class='ocr_par' dir='ltr' id='par_1_67' title="bbox 223 3703 1822 3781">
     <span class='ocr_line' id='line_1_67' title="bbox 223 3703 1822 3781; baseline -0.004 -17"><span class='ocrx_word' id='word_1_510' title='bbox 223 3727 319 3781; x_wconf 90' lang='lat' dir='ltr'><strong>pro</strong></span> <span class='ocrx_word' id='word_1_511' title='bbox 351 3710 530 3764; x_wconf 89' lang='lat' dir='ltr'><strong>nobis.</strong></span> <span class='ocrx_word' id='word_1_512' title='bbox 556 3709 659 3776; x_wconf 81' lang='lat' dir='ltr'><strong>Qui</strong></span> <span class='ocrx_word' id='word_1_513' title='bbox 688 3707 831 3762; x_wconf 89' lang='lat' dir='ltr'><strong>enim</strong></span> <span class='ocrx_word' id='word_1_514' title='bbox 861 3707 1030 3761; x_wconf 90' lang='lat' dir='ltr'><strong>semel</strong></span> <span class='ocrx_word' id='word_1_515' title='bbox 1063 3707 1213 3759; x_wconf 84' lang='lat' dir='ltr'><strong>venit</strong></span> <span class='ocrx_word' id='word_1_516' title='bbox 1252 3705 1319 3759; x_wconf 90' lang='lat' dir='ltr'><strong>ad</strong></span> <span class='ocrx_word' id='word_1_517' title='bbox 1366 3706 1580 3775; x_wconf 87' lang='lat' dir='ltr'><strong>nuptias</strong></span> <span class='ocrx_word' id='word_1_518' title='bbox 1605 3747 1619 3771; x_wconf 90' lang='lat'><strong>,</strong></span> <span class='ocrx_word' id='word_1_519' title='bbox 1650 3703 1822 3759; x_wconf 90' lang='lat' dir='ltr'><strong>semel</strong></span> 
     </span>
    </p>
   </div>
   <div class='ocr_carea' id='block_1_68' title="bbox 222 3796 1821 3870">
    <p class='ocr_par' dir='ltr' id='par_1_68' title="bbox 222 3796 1821 3870">
     <span class='ocr_line' id='line_1_68' title="bbox 222 3796 1821 3870; baseline -0.005 -11"><span class='ocrx_word' id='word_1_520' title='bbox 222 3804 408 3859; x_wconf 86' lang='lat' dir='ltr'><strong>docuit</strong></span> <span class='ocrx_word' id='word_1_521' title='bbox 459 3814 581 3856; x_wconf 88' lang='lat' dir='ltr'><strong>esse</strong></span> <span class='ocrx_word' id='word_1_522' title='bbox 629 3800 963 3854; x_wconf 90' lang='lat' dir='ltr'><strong>nubendum.</strong></span> <span class='ocrx_word' id='word_1_523' title='bbox 1024 3798 1188 3870; x_wconf 76' lang='lat'><strong>306</strong></span> <span class='ocrx_word' id='word_1_524' title='bbox 1237 3798 1301 3851; x_wconf 84' lang='lat' dir='ltr'><strong>Et</strong></span> <span class='ocrx_word' id='word_1_525' title='bbox 1346 3807 1473 3852; x_wconf 89' lang='lat' dir='ltr'><strong>tunc</strong></span> <span class='ocrx_word' id='word_1_526' title='bbox 1519 3796 1821 3868; x_wconf 85' lang='lat' dir='ltr'><strong>virginitati</strong></span> 
     </span>
    </p>
   </div>
   <div class='ocr_carea' id='block_1_69' title="bbox 227 3889 1821 3965">
    <p class='ocr_par' dir='ltr' id='par_1_69' title="bbox 227 3889 1821 3965">
     <span class='ocr_line' id='line_1_69' title="bbox 227 3889 1821 3965; baseline -0.004 -14"><span class='ocrx_word' id='word_1_527' title='bbox 227 3906 410 3965; x_wconf 86' lang='lat' dir='ltr'><strong>posset</strong></span> <span class='ocrx_word' id='word_1_528' title='bbox 436 3894 658 3949; x_wconf 72' lang='lat' dir='ltr'><strong>ofﬁcere</strong></span> <span class='ocrx_word' id='word_1_529' title='bbox 681 3936 695 3959; x_wconf 94' lang='lat'><strong>,</strong></span> <span class='ocrx_word' id='word_1_530' title='bbox 727 3893 771 3947; x_wconf 91' lang='lat' dir='ltr'><strong>si</strong></span> <span class='ocrx_word' id='word_1_531' title='bbox 803 3892 1022 3962; x_wconf 85' lang='lat' dir='ltr'><strong>nuptias</strong></span> <span class='ocrx_word' id='word_1_532' title='bbox 1050 3901 1173 3960; x_wconf 81' lang='lat' dir='ltr'><strong>post</strong></span> <span class='ocrx_word' id='word_1_533' title='bbox 1208 3889 1575 3960; x_wconf 83' lang='lat' dir='ltr'><strong>virginitatem</strong></span> <span class='ocrx_word' id='word_1_534' title='bbox 1608 3933 1622 3957; x_wconf 92' lang='lat'><strong>,</strong></span> <span class='ocrx_word' id='word_1_535' title='bbox 1656 3900 1711 3945; x_wconf 91' lang='lat' dir='ltr'><strong>et</strong></span> <span class='ocrx_word' id='word_1_536' title='bbox 1739 3889 1821 3944; x_wconf 90' lang='lat' dir='ltr'><strong>vi—</strong></span> 
     </span>
    </p>
   </div>
   <div class='ocr_carea' id='block_1_70' title="bbox 222 3985 1817 4057">
    <p class='ocr_par' dir='ltr' id='par_1_70' title="bbox 222 3985 1817 4057">
     <span class='ocr_line' id='line_1_70' title="bbox 222 3985 1817 4057; baseline -0.003 -11"><span class='ocrx_word' id='word_1_537' title='bbox 222 3990 445 4047; x_wconf 84' lang='lat' dir='ltr'><strong>duitatis</strong></span> <span class='ocrx_word' id='word_1_538' title='bbox 470 3989 844 4044; x_wconf 86' lang='lat' dir='ltr'><strong>castimoniam</strong></span> <span class='ocrx_word' id='word_1_539' title='bbox 876 4002 982 4042; x_wconf 90' lang='lat' dir='ltr'><strong>non</strong></span> <span class='ocrx_word' id='word_1_540' title='bbox 1013 3989 1065 4041; x_wconf 91' lang='lat' dir='ltr'><strong>in</strong></span> <span class='ocrx_word' id='word_1_541' title='bbox 1086 3985 1252 4057; x_wconf 88' lang='lat' dir='ltr'><strong>gradu</strong></span> <span class='ocrx_word' id='word_1_542' title='bbox 1280 3989 1440 4043; x_wconf 91' lang='lat' dir='ltr'><strong>tertio</strong></span> <span class='ocrx_word' id='word_1_543' title='bbox 1470 4000 1817 4057; x_wconf 87' lang='lat' dir='ltr'><strong>poneremus.</strong></span> 
     </span>
    </p>
   </div>
   <div class='ocr_carea' id='block_1_71' title="bbox 228 4080 1822 4140">
    <p class='ocr_par' dir='ltr' id='par_1_71' title="bbox 228 4080 1822 4140">
     <span class='ocr_line' id='line_1_71' title="bbox 228 4080 1822 4140; baseline -0.004 0"><span class='ocrx_word' id='word_1_544' title='bbox 228 4096 251 4123; x_wconf 74' lang='grc' dir='ltr'><strong>ο</strong></span> <span class='ocrx_word' id='word_1_545' title='bbox 283 4085 438 4140; x_wconf 83' lang='lat' dir='ltr'><strong>Nunc</strong></span> <span class='ocrx_word' id='word_1_546' title='bbox 485 4091 669 4139; x_wconf 86' lang='lat' dir='ltr'><strong>autem</strong></span> <span class='ocrx_word' id='word_1_547' title='bbox 713 4099 835 4138; x_wconf 90' lang='lat' dir='ltr'><strong>cum</strong></span> <span class='ocrx_word' id='word_1_548' title='bbox 869 4083 1256 4137; x_wconf 67' lang='lat' dir='ltr'><strong>haereticorum</strong></span> <span class='ocrx_word' id='word_1_549' title='bbox 1301 4080 1370 4135; x_wconf 92' lang='lat' dir='ltr'><strong>sit</strong></span> <span class='ocrx_word' id='word_1_550' title='bbox 1400 4081 1659 4137; x_wconf 89' lang='lat' dir='ltr'><strong>damnare</strong></span> <span class='ocrx_word' id='word_1_551' title='bbox 1692 4096 1822 4136; x_wconf 86' lang='lat' dir='ltr'><strong>con-</strong></span> 
     </span>
    </p>
   </div>
   <div class='ocr_carea' id='block_1_72' title="bbox 220 4174 1821 4251">
    <p class='ocr_par' dir='ltr' id='par_1_72' title="bbox 220 4174 1821 4251">
     <span class='ocr_line' id='line_1_72' title="bbox 220 4174 1821 4251; baseline -0.003 -17"><span class='ocrx_word' id='word_1_552' title='bbox 220 4179 400 4251; x_wconf 86' lang='lat' dir='ltr'><strong>jugia,</strong></span> <span class='ocrx_word' id='word_1_553' title='bbox 431 4189 490 4234; x_wconf 90' lang='lat' dir='ltr'><strong>et</strong></span> <span class='ocrx_word' id='word_1_554' title='bbox 518 4179 611 4233; x_wconf 86' lang='lat' dir='ltr'><strong>Dei</strong></span> <span class='ocrx_word' id='word_1_555' title='bbox 667 4191 928 4247; x_wconf 88' lang='lat' dir='ltr'><strong>spernere</strong></span> <span class='ocrx_word' id='word_1_556' title='bbox 985 4175 1391 4243; x_wconf 89' lang='lat' dir='ltr'><strong>conditionem,</strong></span> <span class='ocrx_word' id='word_1_557' title='bbox 1445 4175 1701 4247; x_wconf 87' lang='lat' dir='ltr'><strong>quidquid</strong></span> <span class='ocrx_word' id='word_1_558' title='bbox 1751 4174 1821 4230; x_wconf 91' lang='lat' dir='ltr'><strong>de</strong></span> 
     </span>
    </p>
   </div>
   <div class='ocr_carea' id='block_1_73' title="bbox 299 4310 1823 4380">
    <p class='ocr_par' dir='ltr' id='par_1_73' title="bbox 299 4310 1823 4380">
     <span class='ocr_line' id='line_1_73' title="bbox 299 4310 1823 4380; baseline -0.003 -11"><span class='ocrx_word' id='word_1_559' title='bbox 299 4322 321 4353; x_wconf 68' lang='grc' dir='ltr'>α</span> <span class='ocrx_word' id='word_1_560' title='bbox 367 4313 619 4378; x_wconf 81' lang='lat' dir='ltr'><strong>Videtur,</strong></span> <span class='ocrx_word' id='word_1_561' title='bbox 657 4312 833 4380; x_wconf 79' lang='lat' dir='ltr'><strong>inquit</strong></span> <span class='ocrx_word' id='word_1_562' title='bbox 866 4312 1113 4372; x_wconf 86' lang='lat' dir='ltr'><strong>Gravius.</strong></span> <span class='ocrx_word' id='word_1_563' title='bbox 1145 4312 1325 4379; x_wconf 87' lang='lat' dir='ltr'><strong>potius</strong></span> <span class='ocrx_word' id='word_1_564' title='bbox 1368 4311 1539 4365; x_wconf 89' lang='lat' dir='ltr'><strong>tribus</strong></span> <span class='ocrx_word' id='word_1_565' title='bbox 1574 4310 1823 4365; x_wconf 84' lang='lat' dir='ltr'><strong>Manasse</strong></span> 
     </span>
    </p>
   </div>
   <div class='ocr_carea' id='block_1_74' title="bbox 226 4380 1817 4454">
    <p class='ocr_par' dir='ltr' id='par_1_74' title="bbox 226 4380 1817 4454">
     <span class='ocr_line' id='line_1_74' title="bbox 226 4380 1817 4454; baseline -0.004 -15"><span class='ocrx_word' id='word_1_566' title='bbox 226 4385 319 4440; x_wconf 85' lang='lat' dir='ltr'><strong>filii</strong></span> <span class='ocrx_word' id='word_1_567' title='bbox 344 4383 550 4453; x_wconf 80' lang='lat' dir='ltr'><strong>Joseplt</strong></span> <span class='ocrx_word' id='word_1_568' title='bbox 582 4399 681 4454; x_wconf 88' lang='lat' dir='ltr'><strong>pro</strong></span> <span class='ocrx_word' id='word_1_569' title='bbox 710 4383 848 4437; x_wconf 90' lang='lat' dir='ltr'><strong>tribu</strong></span> <span class='ocrx_word' id='word_1_570' title='bbox 880 4383 989 4436; x_wconf 83' lang='lat' dir='ltr'><strong>Dan</strong></span> <span class='ocrx_word' id='word_1_571' title='bbox 1021 4383 1281 4454; x_wconf 75' lang='lat' dir='ltr'><strong>repnsita_,</strong></span> <span class='ocrx_word' id='word_1_572' title='bbox 1307 4380 1584 4454; x_wconf 61' lang='lat' dir='ltr'><strong>ruanevi</strong></span> <span class='ocrx_word' id='word_1_573' title='bbox 1617 4397 1682 4435; x_wconf 80' lang='lat' dir='ltr'><strong>ex</strong></span> <span class='ocrx_word' id='word_1_574' title='bbox 1716 4382 1817 4434; x_wconf 81' lang='lat' dir='ltr'><strong>l’a-</strong></span> 
     </span>
    </p>
   </div>
   <div class='ocr_carea' id='block_1_75' title="bbox 225 4450 1621 4516">
    <p class='ocr_par' dir='ltr' id='par_1_75' title="bbox 225 4450 1621 4516">
     <span class='ocr_line' id='line_1_75' title="bbox 225 4450 1621 4516; baseline -0.006 -5"><span class='ocrx_word' id='word_1_575' title='bbox 225 4450 792 4513; x_wconf 77' lang='lat' dir='ltr'><strong>triarchisduudecim</strong></span> <span class='ocrx_word' id='word_1_576' title='bbox 818 4456 886 4507; x_wconf 66' lang='lat' dir='ltr'><strong>sit</strong></span> <span class='ocrx_word' id='word_1_577' title='bbox 914 4450 1126 4516; x_wconf 84' lang='lat' dir='ltr'><strong>tertius,</strong></span> <span class='ocrx_word' id='word_1_578' title='bbox 1155 4461 1205 4505; x_wconf 88' lang='lat' dir='ltr'><strong>et</strong></span> <span class='ocrx_word' id='word_1_579' title='bbox 1241 4450 1410 4503; x_wconf 60' lang='lat' dir='ltr'><strong>Filius</strong></span> <span class='ocrx_word' id='word_1_580' title='bbox 1434 4451 1621 4504; x_wconf 82' lang='lat' dir='ltr'><strong>Jacob.</strong></span> 
     </span>
    </p>
   </div>
   <div class='ocr_carea' id='block_1_76' title="bbox 1930 3335 3531 3408">
    <p class='ocr_par' dir='ltr' id='par_1_76' title="bbox 1930 3335 3531 3408">
     <span class='ocr_line' id='line_1_76' title="bbox 1930 3335 3531 3408; baseline 0.002 -17"><span class='ocrx_word' id='word_1_581' title='bbox 1930 3335 2190 3392; x_wconf 83' lang='lat' dir='ltr'><strong>adversos</strong></span> <span class='ocrx_word' id='word_1_582' title='bbox 2234 3338 2482 3407; x_wconf 83' lang='lat' dir='ltr'><strong>placasse</strong></span> <span class='ocrx_word' id='word_1_583' title='bbox 2537 3347 2747 3393; x_wconf 90' lang='lat' dir='ltr'><strong>ventos.</strong></span> <span class='ocrx_word' id='word_1_584' title='bbox 2801 3337 2941 3405; x_wconf 89' lang='lat' dir='ltr'><strong>Quid</strong></span> <span class='ocrx_word' id='word_1_585' title='bbox 2992 3339 3226 3395; x_wconf 85' lang='lat' dir='ltr'><strong>referam</strong></span> <span class='ocrx_word' id='word_1_586' title='bbox 3287 3338 3531 3408; x_wconf 87' lang='lat' dir='ltr'><strong>Sibyllas</strong></span> 
     </span>
    </p>
   </div>
   <div class='ocr_carea' id='block_1_77' title="bbox 1930 3429 3530 3503">
    <p class='ocr_par' dir='ltr' id='par_1_77' title="bbox 1930 3429 3530 3503">
     <span class='ocr_line' id='line_1_77' title="bbox 1930 3429 3530 3503; baseline 0.004 -21"><span class='ocrx_word' id='word_1_587' title='bbox 1930 3429 2256 3484; x_wconf 73' lang='lat' dir='ltr'><strong>Eritliraram</strong></span> <span class='ocrx_word' id='word_1_588' title='bbox 2288 3440 2449 3500; x_wconf 85' lang='lat' dir='ltr'><strong>atque</strong></span> <span class='ocrx_word' id='word_1_589' title='bbox 2479 3431 2794 3497; x_wconf 88' lang='lat' dir='ltr'><strong>Cumanam,</strong></span> <span class='ocrx_word' id='word_1_590' title='bbox 2827 3441 2881 3486; x_wconf 90' lang='lat' dir='ltr'><strong>et</strong></span> <span class='ocrx_word' id='word_1_591' title='bbox 2912 3444 3035 3487; x_wconf 90' lang='lat' dir='ltr'><strong>octo</strong></span> <span class='ocrx_word' id='word_1_592' title='bbox 3066 3434 3304 3503; x_wconf 88' lang='lat' dir='ltr'><strong>reliquas</strong></span> <span class='ocrx_word' id='word_1_593' title='bbox 3337 3448 3349 3483; x_wconf 91' lang='lat'><strong>:</strong></span> <span class='ocrx_word' id='word_1_594' title='bbox 3404 3446 3530 3488; x_wconf 89' lang='lat' dir='ltr'><strong>nam</strong></span> 
     </span>
    </p>
   </div>
   <div class='ocr_carea' id='block_1_78' title="bbox 1932 3521 3533 3594">
    <p class='ocr_par' dir='ltr' id='par_1_78' title="bbox 1932 3521 3533 3594">
     <span class='ocr_line' id='line_1_78' title="bbox 1932 3521 3533 3594; baseline 0.002 -19"><span class='ocrx_word' id='word_1_595' title='bbox 1932 3522 2101 3577; x_wconf 81' lang='lat' dir='ltr'><strong>Varro</strong></span> <span class='ocrx_word' id='word_1_596' title='bbox 2128 3522 2312 3577; x_wconf 90' lang='lat' dir='ltr'><strong>decem</strong></span> <span class='ocrx_word' id='word_1_597' title='bbox 2348 3522 2513 3578; x_wconf 82' lang='lat' dir='ltr'><strong>fuisse</strong></span> <span class='ocrx_word' id='word_1_598' title='bbox 2553 3532 2821 3587; x_wconf 89' lang='lat' dir='ltr'><strong>autumat,</strong></span> <span class='ocrx_word' id='word_1_599' title='bbox 2857 3540 3086 3594; x_wconf 90' lang='lat' dir='ltr'><strong>quarum</strong></span> <span class='ocrx_word' id='word_1_600' title='bbox 3120 3524 3333 3593; x_wconf 87' lang='lat' dir='ltr'><strong>insigne</strong></span> <span class='ocrx_word' id='word_1_601' title='bbox 3364 3521 3533 3591; x_wconf 84' lang='lat' dir='ltr'><strong>virgi-</strong></span> 
     </span>
    </p>
   </div>
   <div class='ocr_carea' id='block_1_79' title="bbox 1928 3614 3531 3686">
    <p class='ocr_par' dir='ltr' id='par_1_79' title="bbox 1928 3614 3531 3686">
     <span class='ocr_line' id='line_1_79' title="bbox 1928 3614 3531 3686; baseline 0.005 -20"><span class='ocrx_word' id='word_1_602' title='bbox 1928 3614 2066 3667; x_wconf 84' lang='lat' dir='ltr'><strong>nitas</strong></span> <span class='ocrx_word' id='word_1_603' title='bbox 2099 3623 2203 3681; x_wconf 89' lang='lat' dir='ltr'><strong>est,</strong></span> <span class='ocrx_word' id='word_1_604' title='bbox 2236 3615 2638 3686; x_wconf 88' lang='lat' dir='ltr'><strong>etvirginitatis</strong></span> <span class='ocrx_word' id='word_1_605' title='bbox 2662 3616 2948 3685; x_wconf 69' lang='lat' dir='ltr'><strong>praemium</strong></span> <span class='ocrx_word' id='word_1_606' title='bbox 2976 3615 3275 3670; x_wconf 88' lang='lat' dir='ltr'><strong>divinatio?</strong></span> <span class='ocrx_word' id='word_1_607' title='bbox 3302 3615 3461 3680; x_wconf 83' lang='lat' dir='ltr'><strong>Quod</strong></span> <span class='ocrx_word' id='word_1_608' title='bbox 3484 3622 3531 3674; x_wconf 92' lang='lat' dir='ltr'><strong>si</strong></span> 
     </span>
    </p>
   </div>
   <div class='ocr_carea' id='block_1_80' title="bbox 1927 3706 3528 3782">
    <p class='ocr_par' dir='ltr' id='par_1_80' title="bbox 1927 3706 3528 3782">
     <span class='ocr_line' id='line_1_80' title="bbox 1927 3706 3528 3782; baseline 0.002 -21"><span class='ocrx_word' id='word_1_609' title='bbox 1927 3706 2123 3764; x_wconf 62' lang='lat' dir='ltr'><strong>Eolici</strong></span> <span class='ocrx_word' id='word_1_610' title='bbox 2147 3725 2347 3780; x_wconf 88' lang='lat' dir='ltr'><strong>genere</strong></span> <span class='ocrx_word' id='word_1_611' title='bbox 2376 3711 2651 3765; x_wconf 90' lang='lat' dir='ltr'><strong>sermonis</strong></span> <span class='ocrx_word' id='word_1_612' title='bbox 2678 3710 2883 3781; x_wconf 85' lang='lat' dir='ltr'><strong>Sibylla</strong></span> <span class='ocrx_word' id='word_1_613' title='bbox 2915 3711 3168 3781; x_wconf 78' lang='grc' dir='ltr'><strong>Θεοβούλη</strong></span> <span class='ocrx_word' id='word_1_614' title='bbox 3196 3708 3528 3782; x_wconf 85' lang='lat' dir='ltr'><strong>appellatur,</strong></span> 
     </span>
    </p>
   </div>
   <div class='ocr_carea' id='block_1_81' title="bbox 1925 3800 3533 3875">
    <p class='ocr_par' dir='ltr' id='par_1_81' title="bbox 1925 3800 3533 3875">
     <span class='ocr_line' id='line_1_81' title="bbox 1925 3800 3533 3875; baseline 0.002 -21"><span class='ocrx_word' id='word_1_615' title='bbox 1925 3814 2070 3856; x_wconf 87' lang='lat' dir='ltr'><strong>recte</strong></span> <span class='ocrx_word' id='word_1_616' title='bbox 2096 3800 2369 3855; x_wconf 82' lang='lat' dir='ltr'><strong>consilium</strong></span> <span class='ocrx_word' id='word_1_617' title='bbox 2404 3800 2499 3855; x_wconf 87' lang='lat' dir='ltr'><strong>Dei</strong></span> <span class='ocrx_word' id='word_1_618' title='bbox 2531 3801 2647 3855; x_wconf 89' lang='lat' dir='ltr'><strong>sola</strong></span> <span class='ocrx_word' id='word_1_619' title='bbox 2671 3800 2831 3872; x_wconf 65' lang='lat'><strong>307</strong></span> <span class='ocrx_word' id='word_1_620' title='bbox 2864 3801 3123 3855; x_wconf 88' lang='lat' dir='ltr'><strong>scribitur</strong></span> <span class='ocrx_word' id='word_1_621' title='bbox 3165 3816 3328 3855; x_wconf 87' lang='lat' dir='ltr'><strong>nosse</strong></span> <span class='ocrx_word' id='word_1_622' title='bbox 3368 3802 3533 3875; x_wconf 86' lang='lat' dir='ltr'><strong>virgi-</strong></span> 
     </span>
    </p>
   </div>
   <div class='ocr_carea' id='block_1_82' title="bbox 1927 3888 3533 3969">
    <p class='ocr_par' dir='ltr' id='par_1_82' title="bbox 1927 3888 3533 3969">
     <span class='ocr_line' id='line_1_82' title="bbox 1927 3888 3533 3969; baseline 0.006 -26"><span class='ocrx_word' id='word_1_623' title='bbox 1927 3892 2086 3945; x_wconf 89' lang='lat' dir='ltr'><strong>nitas.</strong></span> <span class='ocrx_word' id='word_1_624' title='bbox 2113 3890 2475 3945; x_wconf 87' lang='lat' dir='ltr'><strong>Cassandram</strong></span> <span class='ocrx_word' id='word_1_625' title='bbox 2498 3906 2716 3962; x_wconf 89' lang='lat' dir='ltr'><strong>qnoque</strong></span> <span class='ocrx_word' id='word_1_626' title='bbox 2746 3903 2797 3946; x_wconf 93' lang='lat' dir='ltr'><strong>et</strong></span> <span class='ocrx_word' id='word_1_627' title='bbox 2825 3888 3094 3965; x_wconf 83' lang='lat' dir='ltr'><strong>Chrysein</strong></span> <span class='ocrx_word' id='word_1_628' title='bbox 3127 3904 3281 3951; x_wconf 90' lang='lat' dir='ltr'><strong>vates</strong></span> <span class='ocrx_word' id='word_1_629' title='bbox 3318 3907 3340 3934; x_wconf 75' lang='grc' dir='ltr'>ε</span> <span class='ocrx_word' id='word_1_630' title='bbox 3368 3899 3533 3969; x_wconf 80' lang='lat' dir='ltr'><strong>Apol-</strong></span> 
     </span>
    </p>
   </div>
   <div class='ocr_carea' id='block_1_83' title="bbox 1926 3983 3535 4057">
    <p class='ocr_par' dir='ltr' id='par_1_83' title="bbox 1926 3983 3535 4057">
     <span class='ocr_line' id='line_1_83' title="bbox 1926 3983 3535 4057; baseline 0.006 -19"><span class='ocrx_word' id='word_1_631' title='bbox 1926 3985 2071 4052; x_wconf 91' lang='lat' dir='ltr'><strong>linis,</strong></span> <span class='ocrx_word' id='word_1_632' title='bbox 2122 3999 2186 4040; x_wconf 91' lang='lat' dir='ltr'><strong>ac</strong></span> <span class='ocrx_word' id='word_1_633' title='bbox 2230 3983 2459 4038; x_wconf 85' lang='lat' dir='ltr'><strong>Junonis</strong></span> <span class='ocrx_word' id='word_1_634' title='bbox 2506 3984 2742 4053; x_wconf 84' lang='lat' dir='ltr'><strong>virgines</strong></span> <span class='ocrx_word' id='word_1_635' title='bbox 2791 3985 3042 4057; x_wconf 88' lang='lat' dir='ltr'><strong>legimus.</strong></span> <span class='ocrx_word' id='word_1_636' title='bbox 3092 3986 3159 4041; x_wconf 81' lang='lat' dir='ltr'><strong>Et</strong></span> <span class='ocrx_word' id='word_1_637' title='bbox 3200 3988 3535 4048; x_wconf 87' lang='lat' dir='ltr'><strong>Sacerdotes</strong></span> 
     </span>
    </p>
   </div>
   <div class='ocr_carea' id='block_1_84' title="bbox 1926 4074 3533 4141">
    <p class='ocr_par' dir='ltr' id='par_1_84' title="bbox 1926 4074 3533 4141">
     <span class='ocr_line' id='line_1_84' title="bbox 1926 4074 3533 4141; baseline 0.003 -10"><span class='ocrx_word' id='word_1_638' title='bbox 1926 4077 2112 4131; x_wconf 74' lang='lat' dir='ltr'><strong>Diana:</strong></span> <span class='ocrx_word' id='word_1_639' title='bbox 2165 4076 2431 4139; x_wconf 78' lang='lat' dir='ltr'><strong>Tauricte,</strong></span> <span class='ocrx_word' id='word_1_640' title='bbox 2477 4087 2531 4129; x_wconf 92' lang='lat' dir='ltr'><strong>et</strong></span> <span class='ocrx_word' id='word_1_641' title='bbox 2577 4074 2779 4141; x_wconf 65' lang='lat' dir='ltr'><strong>Vesta),</strong></span> <span class='ocrx_word' id='word_1_642' title='bbox 2834 4079 3265 4134; x_wconf 88' lang='lat' dir='ltr'><strong>innumerabiles</strong></span> <span class='ocrx_word' id='word_1_643' title='bbox 3307 4079 3533 4136; x_wconf 80' lang='lat' dir='ltr'><strong>exstite-</strong></span> 
     </span>
    </p>
   </div>
   <div class='ocr_carea' id='block_1_85' title="bbox 1926 4169 3529 4244">
    <p class='ocr_par' dir='ltr' id='par_1_85' title="bbox 1926 4169 3529 4244">
     <span class='ocr_line' id='line_1_85' title="bbox 1926 4169 3529 4244; baseline 0.001 -17"><span class='ocrx_word' id='word_1_644' title='bbox 1926 4181 2074 4227; x_wconf 89' lang='lat' dir='ltr'><strong>runt.</strong></span> <span class='ocrx_word' id='word_1_645' title='bbox 2102 4170 2342 4237; x_wconf 87' lang='lat' dir='ltr'><strong>Quarum</strong></span> <span class='ocrx_word' id='word_1_646' title='bbox 2374 4186 2479 4223; x_wconf 91' lang='lat' dir='ltr'><strong>una</strong></span> <span class='ocrx_word' id='word_1_647' title='bbox 2512 4169 2735 4226; x_wconf 86' lang='lat' dir='ltr'><strong>Minutia</strong></span> <span class='ocrx_word' id='word_1_648' title='bbox 2768 4182 2991 4243; x_wconf 90' lang='lat' dir='ltr'><strong>propter</strong></span> <span class='ocrx_word' id='word_1_649' title='bbox 3020 4173 3387 4244; x_wconf 75' lang='lat' dir='ltr'><strong>suSpicionem</strong></span> <span class='ocrx_word' id='word_1_650' title='bbox 3418 4182 3529 4229; x_wconf 84' lang='lat' dir='ltr'><strong>stu-</strong></span> 
     </span>
    </p>
   </div>
   <div class='ocr_carea' id='block_1_86' title="bbox 1929 4304 3528 4380">
    <p class='ocr_par' dir='ltr' id='par_1_86' title="bbox 1929 4304 3528 4380">
     <span class='ocr_line' id='line_1_86' title="bbox 1929 4304 3528 4380; baseline 0.004 -19"><span class='ocrx_word' id='word_1_651' title='bbox 1929 4307 2058 4361; x_wconf 83' lang='lat' dir='ltr'><strong>taria</strong></span> <span class='ocrx_word' id='word_1_652' title='bbox 2085 4315 2316 4380; x_wconf 78' lang='lat' dir='ltr'><strong>pestem,</strong></span> <span class='ocrx_word' id='word_1_653' title='bbox 2343 4304 2569 4380; x_wconf 75' lang='lat' dir='ltr'><strong>deorum</strong></span> <span class='ocrx_word' id='word_1_654' title='bbox 2596 4306 2755 4380; x_wconf 67' lang='lat' dir='ltr'><strong>iram,</strong></span> <span class='ocrx_word' id='word_1_655' title='bbox 2787 4307 3356 4380; x_wconf 79' lang='lat' dir='ltr'><strong>plaraverit;eamque</strong></span> <span class='ocrx_word' id='word_1_656' title='bbox 3389 4307 3528 4367; x_wconf 87' lang='lat' dir='ltr'><strong>forte</strong></span> 
     </span>
    </p>
   </div>
   <div class='ocr_carea' id='block_1_87' title="bbox 1926 4376 3522 4449">
    <p class='ocr_par' dir='ltr' id='par_1_87' title="bbox 1926 4376 3522 4449">
     <span class='ocr_line' id='line_1_87' title="bbox 1926 4376 3522 4449; baseline 0.004 -20"><span class='ocrx_word' id='word_1_657' title='bbox 1926 4378 2361 4449; x_wconf 77' lang='lat' dir='ltr'><strong>cognominatam</strong></span> <span class='ocrx_word' id='word_1_658' title='bbox 2392 4392 2419 4429; x_wconf 88' lang='lat' dir='ltr'><strong>a</strong></span> <span class='ocrx_word' id='word_1_659' title='bbox 2448 4377 2665 4431; x_wconf 83' lang='lat' dir='ltr'><strong>Pallade</strong></span> <span class='ocrx_word' id='word_1_660' title='bbox 2684 4376 3084 4449; x_wconf 66' lang='lat' dir='ltr'><strong>Chalcimeurn.</strong></span> <span class='ocrx_word' id='word_1_661' title='bbox 3117 4376 3364 4435; x_wconf 46' lang='lat' dir='ltr'><strong>Nota-ex</strong></span> <span class='ocrx_word' id='word_1_662' title='bbox 3397 4382 3522 4449; x_wconf 84' lang='lat' dir='ltr'><strong>plu-</strong></span> 
     </span>
    </p>
   </div>
   <div class='ocr_carea' id='block_1_88' title="bbox 1924 4447 3526 4517">
    <p class='ocr_par' dir='ltr' id='par_1_88' title="bbox 1924 4447 3526 4517">
     <span class='ocr_line' id='line_1_88' title="bbox 1924 4447 3526 4517; baseline 0.004 -15"><span class='ocrx_word' id='word_1_663' title='bbox 1924 4447 2077 4503; x_wconf 81' lang='lat' dir='ltr'><strong>rimis</strong></span> <span class='ocrx_word' id='word_1_664' title='bbox 2124 4450 2482 4517; x_wconf 86' lang='lat' dir='ltr'><strong>scriptoribus</strong></span> <span class='ocrx_word' id='word_1_665' title='bbox 2514 4463 2650 4515; x_wconf 86' lang='lat' dir='ltr'><strong>quos</strong></span> <span class='ocrx_word' id='word_1_666' title='bbox 2681 4447 2944 4504; x_wconf 73' lang='lat' dir='ltr'><strong>Meursius</strong></span> <span class='ocrx_word' id='word_1_667' title='bbox 2966 4447 3308 4506; x_wconf 81' lang='lat' dir='ltr'><strong>iuCernmic.</strong></span> <span class='ocrx_word' id='word_1_668' title='bbox 3343 4447 3526 4509; x_wconf 83' lang='lat' dir='ltr'><strong>laudat</strong></span> 
     </span>
    </p>
   </div>
   <div class='ocr_carea' id='block_1_89' title="bbox 298 4518 3527 4596">
    <p class='ocr_par' dir='ltr' id='par_1_89' title="bbox 298 4518 3527 4596">
     <span class='ocr_line' id='line_1_89' title="bbox 298 4518 3527 4596; baseline -0.001 -14"><span class='ocrx_word' id='word_1_669' title='bbox 298 4528 325 4567; x_wconf 71' lang='grc' dir='ltr'><strong>ι)</strong></span> <span class='ocrx_word' id='word_1_670' title='bbox 362 4527 622 4582; x_wconf 83' lang='lat' dir='ltr'><strong>Voculam</strong></span> <span class='ocrx_word' id='word_1_671' title='bbox 654 4542 749 4596; x_wconf 86' lang='lat' dir='ltr'><strong>par</strong></span> <span class='ocrx_word' id='word_1_672' title='bbox 778 4524 1094 4581; x_wconf 74' lang='lat' dir='ltr'><strong>suffecturus</strong></span> <span class='ocrx_word' id='word_1_673' title='bbox 1139 4538 1203 4577; x_wconf 80' lang='lat' dir='ltr'><strong>ex</strong></span> <span class='ocrx_word' id='word_1_674' title='bbox 1235 4534 1366 4574; x_wconf 88' lang='lat' dir='ltr'><strong>mss.</strong></span> <span class='ocrx_word' id='word_1_675' title='bbox 1403 4530 1457 4573; x_wconf 86' lang='lat' dir='ltr'><strong>et</strong></span> <span class='ocrx_word' id='word_1_676' title='bbox 1494 4520 1663 4574; x_wconf 88' lang='lat' dir='ltr'><strong>veteri</strong></span> <span class='ocrx_word' id='word_1_677' title='bbox 1708 4520 1821 4575; x_wconf 86' lang='lat' dir='ltr'><strong>edi-</strong></span> <span class='ocrx_word' id='word_1_678' title='bbox 1849 4525 1902 4585; x_wconf 78' lang='grc' dir='ltr'><strong>Ι)</strong></span> <span class='ocrx_word' id='word_1_679' title='bbox 1928 4521 2197 4596; x_wconf 79' lang='lat' dir='ltr'><strong>historia;</strong></span> <span class='ocrx_word' id='word_1_680' title='bbox 2229 4518 2551 4596; x_wconf 71' lang='lat' dir='ltr'><strong>qurerefert</strong></span> <span class='ocrx_word' id='word_1_681' title='bbox 2581 4526 2691 4572; x_wconf 84' lang='lat' dir='ltr'><strong>tres</strong></span> <span class='ocrx_word' id='word_1_682' title='bbox 2733 4534 2837 4573; x_wconf 89' lang='lat' dir='ltr'><strong>una</strong></span> <span class='ocrx_word' id='word_1_683' title='bbox 2898 4535 3089 4596; x_wconf 59' lang='lat' dir='ltr'><strong>omnes</strong></span> <span class='ocrx_word' id='word_1_684' title='bbox 3136 4520 3382 4579; x_wconf 67' lang='lat' dir='ltr'><strong>Minerva:</strong></span> <span class='ocrx_word' id='word_1_685' title='bbox 3429 4540 3527 4595; x_wconf 90' lang='lat' dir='ltr'><strong>pro</strong></span> 
     </span>
    </p>
   </div>
   <div class='ocr_carea' id='block_1_90' title="bbox 226 4601 392 4655">
    <p class='ocr_par' dir='ltr' id='par_1_90' title="bbox 226 4601 392 4655">
     <span class='ocr_line' id='line_1_90' title="bbox 226 4601 392 4655; baseline -0.012 -1"><span class='ocrx_word' id='word_1_686' title='bbox 226 4601 392 4655; x_wconf 85' lang='lat' dir='ltr'><strong>tione.</strong></span> 
     </span>
    </p>
   </div>
   <div class='ocr_carea' id='block_1_91' title="bbox 306 4661 1821 4739">
    <p class='ocr_par' dir='ltr' id='par_1_91' title="bbox 306 4661 1821 4739">
     <span class='ocr_line' id='line_1_91' title="bbox 306 4661 1821 4739; baseline -0.005 -17"><span class='ocrx_word' id='word_1_687' title='bbox 306 4682 325 4710; x_wconf 79' lang='grc' dir='ltr'><strong><em>ο</em></strong></span> <span class='ocrx_word' id='word_1_688' title='bbox 368 4670 575 4739; x_wconf 76' lang='lat' dir='ltr'><strong>(lolligo</strong></span> <span class='ocrx_word' id='word_1_689' title='bbox 599 4684 664 4723; x_wconf 79' lang='lat' dir='ltr'><strong>ex</strong></span> <span class='ocrx_word' id='word_1_690' title='bbox 698 4668 785 4721; x_wconf 88' lang='lat' dir='ltr'><strong>his</strong></span> <span class='ocrx_word' id='word_1_691' title='bbox 809 4666 1047 4721; x_wconf 89' lang='lat' dir='ltr'><strong>rumoris</strong></span> <span class='ocrx_word' id='word_1_692' title='bbox 1078 4665 1366 4739; x_wconf 74' lang='lat' dir='ltr'><strong>falsitatem</strong></span> <span class='ocrx_word' id='word_1_693' title='bbox 1394 4705 1407 4727; x_wconf 92' lang='lat'><strong>,</strong></span> <span class='ocrx_word' id='word_1_694' title='bbox 1444 4674 1563 4716; x_wconf 92' lang='lat' dir='ltr'><strong>cum</strong></span> <span class='ocrx_word' id='word_1_695' title='bbox 1616 4661 1821 4739; x_wconf 64' lang='lat' dir='ltr'><strong>abbre-</strong></span> 
     </span>
    </p>
   </div>
   <div class='ocr_carea' id='block_1_92' title="bbox 224 4733 1824 4805">
    <p class='ocr_par' dir='ltr' id='par_1_92' title="bbox 224 4733 1824 4805">
     <span class='ocr_line' id='line_1_92' title="bbox 224 4733 1824 4805; baseline -0.008 -8"><span class='ocrx_word' id='word_1_696' title='bbox 224 4742 435 4805; x_wconf 86' lang='lat' dir='ltr'><strong>reticis,</strong></span> <span class='ocrx_word' id='word_1_697' title='bbox 481 4733 619 4794; x_wconf 49' lang='lat' dir='ltr'><strong>triste</strong></span> <span class='ocrx_word' id='word_1_698' title='bbox 651 4742 949 4795; x_wconf 66' lang='lat' dir='ltr'><strong>Auanstitto</strong></span> <span class='ocrx_word' id='word_1_699' title='bbox 997 4740 1087 4792; x_wconf 89' lang='lat' dir='ltr'><strong>lib.</strong></span> <span class='ocrx_word' id='word_1_700' title='bbox 1141 4752 1175 4789; x_wconf 81' lang='grc' dir='ltr'>ιι</span> <span class='ocrx_word' id='word_1_701' title='bbox 1226 4737 1490 4795; x_wconf 82' lang='lat' dir='ltr'><strong>lletract.,</strong></span> <span class='ocrx_word' id='word_1_702' title='bbox 1539 4747 1586 4786; x_wconf 92' lang='lat' dir='ltr'><strong>c.</strong></span> <span class='ocrx_word' id='word_1_703' title='bbox 1635 4733 1722 4796; x_wconf 68' lang='lat'><strong>12,</strong></span> <span class='ocrx_word' id='word_1_704' title='bbox 1756 4733 1824 4785; x_wconf 88' lang='lat' dir='ltr'><strong>de</strong></span> 
     </span>
    </p>
   </div>
   <div class='ocr_carea' id='block_1_93' title="bbox 228 4805 1823 4884">
    <p class='ocr_par' dir='ltr' id='par_1_93' title="bbox 228 4805 1823 4884">
     <span class='ocr_line' id='line_1_93' title="bbox 228 4805 1823 4884; baseline -0.006 -18"><span class='ocrx_word' id='word_1_705' title='bbox 228 4810 901 4884; x_wconf 63' lang='lat' dir='ltr'><strong>llii-runyruojactabatnr,</strong></span> <span class='ocrx_word' id='word_1_706' title='bbox 954 4807 1231 4884; x_wconf 61' lang='lat' dir='ltr'><strong>Jottiniano</strong></span> <span class='ocrx_word' id='word_1_707' title='bbox 1263 4805 1570 4884; x_wconf 61' lang='lat' dir='ltr'><strong>respondere</strong></span> <span class='ocrx_word' id='word_1_708' title='bbox 1600 4820 1698 4857; x_wconf 88' lang='lat' dir='ltr'><strong>non</strong></span> <span class='ocrx_word' id='word_1_709' title='bbox 1729 4819 1823 4875; x_wconf 86' lang='lat' dir='ltr'><strong>po-</strong></span> 
     </span>
    </p>
   </div>
   <div class='ocr_carea' id='block_1_94' title="bbox 226 4877 1714 4947">
    <p class='ocr_par' dir='ltr' id='par_1_94' title="bbox 226 4877 1714 4947">
     <span class='ocr_line' id='line_1_94' title="bbox 226 4877 1714 4947; baseline -0.007 -10"><span class='ocrx_word' id='word_1_710' title='bbox 226 4885 389 4938; x_wconf 72' lang='lat' dir='ltr'><strong>tuisse</strong></span> <span class='ocrx_word' id='word_1_711' title='bbox 416 4877 533 4937; x_wconf 62' lang='lat' dir='ltr'><strong>cum</strong></span> <span class='ocrx_word' id='word_1_712' title='bbox 561 4877 736 4947; x_wconf 65' lang='lat' dir='ltr'><strong>lucide,</strong></span> <span class='ocrx_word' id='word_1_713' title='bbox 756 4881 843 4935; x_wconf 58' lang='lat' dir='ltr'><strong>sed</strong></span> <span class='ocrx_word' id='word_1_714' title='bbox 866 4897 982 4933; x_wconf 85' lang='lat' dir='ltr'><strong>cum</strong></span> <span class='ocrx_word' id='word_1_715' title='bbox 1007 4878 1375 4947; x_wconf 80' lang='lat' dir='ltr'><strong>vituperatione</strong></span> <span class='ocrx_word' id='word_1_716' title='bbox 1400 4877 1714 4946; x_wconf 83' lang='lat' dir='ltr'><strong>nuptiarum.</strong></span> 
     </span>
    </p>
   </div>
   <div class='ocr_carea' id='block_1_95' title="bbox 304 4946 1823 5023">
    <p class='ocr_par' dir='ltr' id='par_1_95' title="bbox 304 4946 1823 5023">
     <span class='ocr_line' id='line_1_95' title="bbox 304 4946 1823 5023; baseline -0.009 -14"><span class='ocrx_word' id='word_1_717' title='bbox 304 4951 332 4992; x_wconf 67' lang='grc' dir='ltr'><em>ά</em></span> <span class='ocrx_word' id='word_1_718' title='bbox 358 4946 955 5023; x_wconf 75' lang='lat' dir='ltr'><strong>Clmlcltitecusquoque,</strong></span> <span class='ocrx_word' id='word_1_719' title='bbox 979 4964 1083 5005; x_wconf 85' lang='lat' dir='ltr'><strong>etc.</strong></span> <span class='ocrx_word' id='word_1_720' title='bbox 1108 4946 1229 5023; x_wconf 72' lang='lat' dir='ltr'><strong>Non</strong></span> <span class='ocrx_word' id='word_1_721' title='bbox 1247 4958 1423 5023; x_wconf 74' lang='lat' dir='ltr'><strong>exstat</strong></span> <span class='ocrx_word' id='word_1_722' title='bbox 1445 4946 1823 5023; x_wconf 47' lang='lat' dir='ltr'><strong>ltzi‘cliistiit:i_a,</strong></span> 
     </span>
    </p>
   </div>
   <div class='ocr_carea' id='block_1_96' title="bbox 226 5016 1828 5095">
    <p class='ocr_par' dir='ltr' id='par_1_96' title="bbox 226 5016 1828 5095">
     <span class='ocr_line' id='line_1_96' title="bbox 226 5016 1828 5095; baseline -0.007 -14"><span class='ocrx_word' id='word_1_723' title='bbox 226 5027 375 5095; x_wconf 89' lang='lat' dir='ltr'><strong>quod</strong></span> <span class='ocrx_word' id='word_1_724' title='bbox 420 5029 633 5088; x_wconf 85' lang='lat' dir='ltr'><strong>sciam,</strong></span> <span class='ocrx_word' id='word_1_725' title='bbox 683 5016 825 5090; x_wconf 77' lang='lat' dir='ltr'><strong>apud</strong></span> <span class='ocrx_word' id='word_1_726' title='bbox 852 5016 1142 5095; x_wconf 17' lang='lat' dir='ltr'><strong>’Anctores</strong></span> <span class='ocrx_word' id='word_1_727' title='bbox 1181 5021 1534 5095; x_wconf 49' lang='lat' dir='ltr'><strong>fabularum.</strong></span> <span class='ocrx_word' id='word_1_728' title='bbox 1584 5018 1661 5095; x_wconf 79' lang='lat' dir='ltr'><strong>De</strong></span> <span class='ocrx_word' id='word_1_729' title='bbox 1707 5016 1828 5070; x_wconf 90' lang='lat' dir='ltr'><strong>aliis</strong></span> 
     </span>
    </p>
   </div>
   <div class='ocr_carea' id='block_1_97' title="bbox 227 5090 1828 5165">
    <p class='ocr_par' dir='ltr' id='par_1_97' title="bbox 227 5090 1828 5165">
     <span class='ocr_line' id='line_1_97' title="bbox 227 5090 1828 5165; baseline -0.005 -16"><span class='ocrx_word' id='word_1_730' title='bbox 227 5090 397 5165; x_wconf 77' lang='lat' dir='ltr'><strong>porro</strong></span> <span class='ocrx_word' id='word_1_731' title='bbox 438 5096 738 5163; x_wconf 84' lang='lat' dir='ltr'><strong>virginibus</strong></span> <span class='ocrx_word' id='word_1_732' title='bbox 792 5109 854 5149; x_wconf 88' lang='lat' dir='ltr'><strong>ac</strong></span> <span class='ocrx_word' id='word_1_733' title='bbox 889 5094 1103 5163; x_wconf 81' lang='lat' dir='ltr'><strong>Sibyllis</strong></span> <span class='ocrx_word' id='word_1_734' title='bbox 1128 5092 1261 5165; x_wconf 70' lang='lat' dir='ltr'><strong>vide</strong></span> <span class='ocrx_word' id='word_1_735' title='bbox 1297 5091 1560 5165; x_wconf 79' lang='lat' dir='ltr'><strong>Nasonem</strong></span> <span class='ocrx_word' id='word_1_736' title='bbox 1601 5090 1695 5165; x_wconf 85' lang='lat' dir='ltr'><strong>lib.</strong></span> <span class='ocrx_word' id='word_1_737' title='bbox 1735 5102 1828 5142; x_wconf 87' lang='lat' dir='ltr'><strong>vut</strong></span> 
     </span>
    </p>
   </div>
   <div class='ocr_carea' id='block_1_98' title="bbox 228 5162 1824 5232">
    <p class='ocr_par' dir='ltr' id='par_1_98' title="bbox 228 5162 1824 5232">
     <span class='ocr_line' id='line_1_98' title="bbox 228 5162 1824 5232; baseline -0.007 -10"><span class='ocrx_word' id='word_1_738' title='bbox 228 5162 286 5222; x_wconf 83' lang='lat' dir='ltr'><strong>et</strong></span> <span class='ocrx_word' id='word_1_739' title='bbox 324 5185 352 5222; x_wconf 78' lang='grc' dir='ltr'><strong><em>ι</em></strong></span> <span class='ocrx_word' id='word_1_740' title='bbox 382 5162 626 5229; x_wconf 75' lang='lat' dir='ltr'><strong>Melam.,</strong></span> <span class='ocrx_word' id='word_1_741' title='bbox 656 5166 901 5221; x_wconf 84' lang='lat' dir='ltr'><strong>Lactant.</strong></span> <span class='ocrx_word' id='word_1_742' title='bbox 935 5162 1030 5217; x_wconf 83' lang='lat' dir='ltr'><strong>lib.</strong></span> <span class='ocrx_word' id='word_1_743' title='bbox 1062 5180 1077 5217; x_wconf 81' lang='grc' dir='ltr'><em>ι</em></span> <span class='ocrx_word' id='word_1_744' title='bbox 1106 5164 1169 5215; x_wconf 87' lang='lat' dir='ltr'><strong>de</strong></span> <span class='ocrx_word' id='word_1_745' title='bbox 1199 5164 1348 5217; x_wconf 83' lang='lat' dir='ltr'><strong>Falsa</strong></span> <span class='ocrx_word' id='word_1_746' title='bbox 1378 5163 1572 5229; x_wconf 72' lang='lat' dir='ltr'><strong>lielig.;</strong></span> <span class='ocrx_word' id='word_1_747' title='bbox 1598 5162 1824 5232; x_wconf 82' lang='lat' dir='ltr'><strong>August.</strong></span> 
     </span>
    </p>
   </div>
   <div class='ocr_carea' id='block_1_99' title="bbox 227 5232 1826 5303">
    <p class='ocr_par' dir='ltr' id='par_1_99' title="bbox 227 5232 1826 5303">
     <span class='ocr_line' id='line_1_99' title="bbox 227 5232 1826 5303; baseline -0.006 -10"><span class='ocrx_word' id='word_1_748' title='bbox 227 5243 300 5293; x_wconf 89' lang='lat' dir='ltr'><strong>de</strong></span> <span class='ocrx_word' id='word_1_749' title='bbox 323 5239 485 5294; x_wconf 81' lang='lat' dir='ltr'><strong>Civil.</strong></span> <span class='ocrx_word' id='word_1_750' title='bbox 512 5240 602 5293; x_wconf 90' lang='lat' dir='ltr'><strong>Dei</strong></span> <span class='ocrx_word' id='word_1_751' title='bbox 628 5238 723 5291; x_wconf 92' lang='lat' dir='ltr'><strong>lib.</strong></span> <span class='ocrx_word' id='word_1_752' title='bbox 746 5252 901 5301; x_wconf 69' lang='grc' dir='ltr'>χχιιι,</span> <span class='ocrx_word' id='word_1_753' title='bbox 925 5250 1047 5303; x_wconf 86' lang='lat' dir='ltr'><strong>cap.</strong></span> <span class='ocrx_word' id='word_1_754' title='bbox 1069 5234 1159 5299; x_wconf 70' lang='lat'><strong>23;</strong></span> <span class='ocrx_word' id='word_1_755' title='bbox 1186 5235 1292 5287; x_wconf 78' lang='lat' dir='ltr'><strong>&#39;l‘it.</strong></span> <span class='ocrx_word' id='word_1_756' title='bbox 1318 5234 1434 5287; x_wconf 88' lang='lat' dir='ltr'><strong>Liv.</strong></span> <span class='ocrx_word' id='word_1_757' title='bbox 1455 5249 1545 5287; x_wconf 83' lang='lat' dir='ltr'><strong>vui</strong></span> <span class='ocrx_word' id='word_1_758' title='bbox 1566 5232 1761 5287; x_wconf 57' lang='lat' dir='ltr'><strong>Deciid.</strong></span> <span class='ocrx_word' id='word_1_759' title='bbox 1787 5248 1826 5297; x_wconf 87' lang='lat' dir='ltr'><strong>t;</strong></span> 
     </span>
    </p>
   </div>
   <div class='ocr_carea' id='block_1_100' title="bbox 229 5304 1831 5373">
    <p class='ocr_par' dir='ltr' id='par_1_100' title="bbox 229 5304 1831 5373">
     <span class='ocr_line' id='line_1_100' title="bbox 229 5304 1831 5373; baseline -0.004 -9"><span class='ocrx_word' id='word_1_760' title='bbox 229 5309 417 5364; x_wconf 78' lang='lat' dir='ltr'><strong>Valer.</strong></span> <span class='ocrx_word' id='word_1_761' title='bbox 455 5311 591 5363; x_wconf 80' lang='lat' dir='ltr'><strong>Max.</strong></span> <span class='ocrx_word' id='word_1_762' title='bbox 638 5310 731 5362; x_wconf 89' lang='lat' dir='ltr'><strong>lib.</strong></span> <span class='ocrx_word' id='word_1_763' title='bbox 768 5324 879 5372; x_wconf 82' lang='lat' dir='ltr'><strong>vru,</strong></span> <span class='ocrx_word' id='word_1_764' title='bbox 915 5322 1035 5373; x_wconf 76' lang='lat' dir='ltr'><strong>cap.</strong></span> <span class='ocrx_word' id='word_1_765' title='bbox 1068 5306 1087 5357; x_wconf 87' lang='grc'><strong>1</strong></span> <span class='ocrx_word' id='word_1_766' title='bbox 1116 5347 1129 5369; x_wconf 87' lang='grc'><em>,</em></span> <span class='ocrx_word' id='word_1_767' title='bbox 1176 5315 1277 5359; x_wconf 88' lang='lat' dir='ltr'><strong>etc.</strong></span> <span class='ocrx_word' id='word_1_768' title='bbox 1315 5306 1581 5360; x_wconf 68' lang='lat' dir='ltr'><strong>Murrum.</strong></span> <span class='ocrx_word' id='word_1_769' title='bbox 1614 5334 1683 5344; x_wconf 86' lang='lat'><strong>-</strong></span> <span class='ocrx_word' id='word_1_770' title='bbox 1715 5304 1831 5357; x_wconf 85' lang='lat' dir='ltr'><strong>Duo</strong></span> 
     </span>
    </p>
   </div>
   <div class='ocr_carea' id='block_1_101' title="bbox 230 5374 1830 5451">
    <p class='ocr_par' dir='ltr' id='par_1_101' title="bbox 230 5374 1830 5451">
     <span class='ocr_line' id='line_1_101' title="bbox 230 5374 1830 5451; baseline -0.006 -16"><span class='ocrx_word' id='word_1_771' title='bbox 230 5382 567 5451; x_wconf 81' lang='lat' dir='ltr'><strong>exemplaria</strong></span> <span class='ocrx_word' id='word_1_772' title='bbox 641 5376 1219 5451; x_wconf 15' lang='lat' dir='ltr'><strong>nostraAChalcoazcos.</strong></span> <span class='ocrx_word' id='word_1_773' title='bbox 1281 5377 1663 5451; x_wconf 80' lang='lat' dir='ltr'><strong>Casnnatensis</strong></span> <span class='ocrx_word' id='word_1_774' title='bbox 1708 5374 1830 5427; x_wconf 81' lang='lat' dir='ltr'><strong>Cal-</strong></span> 
     </span>
    </p>
   </div>
   <div class='ocr_carea' id='block_1_102' title="bbox 230 5448 1834 5520">
    <p class='ocr_par' dir='ltr' id='par_1_102' title="bbox 230 5448 1834 5520">
     <span class='ocr_line' id='line_1_102' title="bbox 230 5448 1834 5520; baseline -0.004 -16"><span class='ocrx_word' id='word_1_775' title='bbox 230 5448 497 5520; x_wconf 72' lang='lat' dir='ltr'><strong>coquos,</strong></span> <span class='ocrx_word' id='word_1_776' title='bbox 548 5451 618 5504; x_wconf 92' lang='lat' dir='ltr'><strong>al.</strong></span> <span class='ocrx_word' id='word_1_777' title='bbox 671 5448 977 5503; x_wconf 73' lang='lat' dir='ltr'><strong>Ca&#39;lcodccns</strong></span> <span class='ocrx_word' id='word_1_778' title='bbox 1009 5448 1324 5520; x_wconf 87' lang='lat' dir='ltr'><strong>:qnndnam</strong></span> <span class='ocrx_word' id='word_1_779' title='bbox 1377 5463 1439 5520; x_wconf 62' lang='lat' dir='ltr'><strong>ex</strong></span> <span class='ocrx_word' id='word_1_780' title='bbox 1489 5448 1571 5500; x_wconf 89' lang='lat' dir='ltr'><strong>bis</strong></span> <span class='ocrx_word' id='word_1_781' title='bbox 1615 5452 1834 5520; x_wconf 58' lang='lat' dir='ltr'><strong>praestet</strong></span> 
     </span>
    </p>
   </div>
   <div class='ocr_carea' id='block_1_103' title="bbox 231 5518 1834 5592">
    <p class='ocr_par' dir='ltr' id='par_1_103' title="bbox 231 5518 1834 5592">
     <span class='ocr_line' id='line_1_103' title="bbox 231 5518 1834 5592; baseline -0.006 -15"><span class='ocrx_word' id='word_1_782' title='bbox 231 5518 573 5592; x_wconf 68' lang='lat' dir='ltr'><strong>ignoramus.</strong></span> <span class='ocrx_word' id='word_1_783' title='bbox 641 5521 984 5592; x_wconf 63' lang='lat' dir='ltr'><strong>Chalcioecos</strong></span> <span class='ocrx_word' id='word_1_784' title='bbox 1039 5518 1289 5572; x_wconf 71' lang='lat' dir='ltr'><strong>Minervm</strong></span> <span class='ocrx_word' id='word_1_785' title='bbox 1346 5518 1489 5592; x_wconf 73' lang='lat' dir='ltr'><strong>mdes</strong></span> <span class='ocrx_word' id='word_1_786' title='bbox 1545 5518 1834 5592; x_wconf 69' lang='lat' dir='ltr'><strong>voc-ibatur</strong></span> 
     </span>
    </p>
   </div>
   <div class='ocr_carea' id='block_1_104' title="bbox 232 5586 1834 5657">
    <p class='ocr_par' dir='ltr' id='par_1_104' title="bbox 232 5586 1834 5657">
     <span class='ocr_line' id='line_1_104' title="bbox 232 5586 1834 5657; baseline -0.006 -10"><span class='ocrx_word' id='word_1_787' title='bbox 232 5586 286 5648; x_wconf 66' lang='lat' dir='ltr'><strong>n3</strong></span> <span class='ocrx_word' id='word_1_788' title='bbox 332 5592 772 5655; x_wconf 79' lang='lat' dir='ltr'><strong>Lacedtemonia,</strong></span> <span class='ocrx_word' id='word_1_789' title='bbox 818 5591 959 5644; x_wconf 88' lang='lat' dir='ltr'><strong>unde</strong></span> <span class='ocrx_word' id='word_1_790' title='bbox 995 5592 1105 5657; x_wconf 86' lang='lat' dir='ltr'><strong>ipsa</strong></span> <span class='ocrx_word' id='word_1_791' title='bbox 1154 5603 1365 5657; x_wconf 83' lang='lat' dir='ltr'><strong>quoque</strong></span> <span class='ocrx_word' id='word_1_792' title='bbox 1406 5588 1642 5641; x_wconf 86' lang='lat' dir='ltr'><strong>Minerva</strong></span> <span class='ocrx_word' id='word_1_793' title='bbox 1672 5586 1834 5641; x_wconf 86' lang='lat' dir='ltr'><strong>Chal-</strong></span> 
     </span>
    </p>
   </div>
   <div class='ocr_carea' id='block_1_105' title="bbox 231 5656 1838 5733">
    <p class='ocr_par' dir='ltr' id='par_1_105' title="bbox 231 5656 1838 5733">
     <span class='ocr_line' id='line_1_105' title="bbox 231 5656 1838 5733; baseline -0.003 -16"><span class='ocrx_word' id='word_1_794' title='bbox 231 5665 442 5720; x_wconf 73' lang='lat' dir='ltr'><strong>ciwcus</strong></span> <span class='ocrx_word' id='word_1_795' title='bbox 504 5662 809 5733; x_wconf 83' lang='lat' dir='ltr'><strong>appellatur</strong></span> <span class='ocrx_word' id='word_1_796' title='bbox 861 5676 890 5714; x_wconf 91' lang='lat' dir='ltr'><strong>a</strong></span> <span class='ocrx_word' id='word_1_797' title='bbox 963 5656 1229 5730; x_wconf 79' lang='lat' dir='ltr'><strong>plerisque</strong></span> <span class='ocrx_word' id='word_1_798' title='bbox 1292 5656 1494 5733; x_wconf 67' lang='lat' dir='ltr'><strong>Gr‘mcis</strong></span> <span class='ocrx_word' id='word_1_799' title='bbox 1547 5658 1838 5733; x_wconf 51' lang='lat' dir='ltr'><strong>Scriptori-</strong></span> 
     </span>
    </p>
   </div>
   <div class='ocr_carea' id='block_1_106' title="bbox 229 5730 1834 5799">
    <p class='ocr_par' dir='ltr' id='par_1_106' title="bbox 229 5730 1834 5799">
     <span class='ocr_line' id='line_1_106' title="bbox 229 5730 1834 5799; baseline -0.004 -10"><span class='ocrx_word' id='word_1_800' title='bbox 229 5736 361 5789; x_wconf 74' lang='lat' dir='ltr'><strong>lius.</strong></span> <span class='ocrx_word' id='word_1_801' title='bbox 399 5730 672 5790; x_wconf 75' lang='lat' dir='ltr'><strong>Victorius</strong></span> <span class='ocrx_word' id='word_1_802' title='bbox 715 5748 875 5786; x_wconf 88' lang='lat' dir='ltr'><strong>unam</strong></span> <span class='ocrx_word' id='word_1_803' title='bbox 922 5748 990 5785; x_wconf 82' lang='lat' dir='ltr'><strong>ex</strong></span> <span class='ocrx_word' id='word_1_804' title='bbox 1040 5734 1121 5783; x_wconf 84' lang='lat' dir='ltr'><strong>bis</strong></span> <span class='ocrx_word' id='word_1_805' title='bbox 1163 5739 1313 5797; x_wconf 86' lang='lat' dir='ltr'><strong>putat</strong></span> <span class='ocrx_word' id='word_1_806' title='bbox 1352 5730 1597 5794; x_wconf 87' lang='lat' dir='ltr'><strong>indicari,</strong></span> <span class='ocrx_word' id='word_1_807' title='bbox 1637 5746 1756 5799; x_wconf 61' lang='lat' dir='ltr'><strong>qum.</strong></span> <span class='ocrx_word' id='word_1_808' title='bbox 1806 5744 1834 5783; x_wconf 68' lang='grc' dir='ltr'><strong>ει</strong></span> 
     </span>
    </p>
   </div>
   <div class='ocr_carea' id='block_1_107' title="bbox 233 5798 1832 5869">
    <p class='ocr_par' dir='ltr' id='par_1_107' title="bbox 233 5798 1832 5869">
     <span class='ocr_line' id='line_1_107' title="bbox 233 5798 1832 5869; baseline -0.006 -6"><span class='ocrx_word' id='word_1_809' title='bbox 233 5805 405 5863; x_wconf 77' lang='lat' dir='ltr'><strong>Suitla</strong></span> <span class='ocrx_word' id='word_1_810' title='bbox 439 5807 541 5860; x_wconf 62' lang='lat' dir='ltr'><strong>sub</strong></span> <span class='ocrx_word' id='word_1_811' title='bbox 564 5804 687 5859; x_wconf 83' lang='lat' dir='ltr'><strong>aliis</strong></span> <span class='ocrx_word' id='word_1_812' title='bbox 712 5803 1019 5857; x_wconf 88' lang='lat' dir='ltr'><strong>nominibus</strong></span> <span class='ocrx_word' id='word_1_813' title='bbox 1046 5801 1296 5867; x_wconf 82' lang='lat' dir='ltr'><strong>Tlteopes</strong></span> <span class='ocrx_word' id='word_1_814' title='bbox 1325 5814 1540 5869; x_wconf 87' lang='lat' dir='ltr'><strong>nempe,</strong></span> <span class='ocrx_word' id='word_1_815' title='bbox 1577 5798 1832 5867; x_wconf 79' lang='lat' dir='ltr'><strong>Eubules,</strong></span> 
     </span>
    </p>
   </div>
   <div class='ocr_carea' id='block_1_108' title="bbox 232 5874 1837 5940">
    <p class='ocr_par' dir='ltr' id='par_1_108' title="bbox 232 5874 1837 5940">
     <span class='ocr_line' id='line_1_108' title="bbox 232 5874 1837 5940; baseline -0.004 -7"><span class='ocrx_word' id='word_1_816' title='bbox 232 5888 289 5933; x_wconf 83' lang='lat' dir='ltr'><strong>et</strong></span> <span class='ocrx_word' id='word_1_817' title='bbox 323 5876 610 5932; x_wconf 83' lang='lat' dir='ltr'><strong>Pasitlteas</strong></span> <span class='ocrx_word' id='word_1_818' title='bbox 638 5884 1027 5938; x_wconf 87' lang='lat' dir='ltr'><strong>memorantur,</strong></span> <span class='ocrx_word' id='word_1_819' title='bbox 1062 5885 1288 5940; x_wconf 87' lang='lat' dir='ltr'><strong>quarum</strong></span> <span class='ocrx_word' id='word_1_820' title='bbox 1312 5884 1417 5925; x_wconf 89' lang='lat' dir='ltr'><strong>una</strong></span> <span class='ocrx_word' id='word_1_821' title='bbox 1447 5882 1620 5927; x_wconf 86' lang='lat' dir='ltr'><strong>morte</strong></span> <span class='ocrx_word' id='word_1_822' title='bbox 1647 5874 1837 5928; x_wconf 86' lang='lat' dir='ltr'><strong>volun-</strong></span> 
     </span>
    </p>
   </div>
   <div class='ocr_carea' id='block_1_109' title="bbox 1926 4590 3528 4654">
    <p class='ocr_par' dir='ltr' id='par_1_109' title="bbox 1926 4590 3528 4654">
     <span class='ocr_line' id='line_1_109' title="bbox 1926 4590 3528 4654; baseline 0.005 -10"><span class='ocrx_word' id='word_1_823' title='bbox 1926 4593 2101 4644; x_wconf 85' lang='lat' dir='ltr'><strong>salute</strong></span> <span class='ocrx_word' id='word_1_824' title='bbox 2123 4594 2269 4643; x_wconf 84' lang='lat' dir='ltr'><strong>urbis</strong></span> <span class='ocrx_word' id='word_1_825' title='bbox 2287 4591 2549 4643; x_wconf 84' lang='lat' dir='ltr'><strong>Atltenar.</strong></span> <span class='ocrx_word' id='word_1_826' title='bbox 2572 4601 2857 4654; x_wconf 84' lang='lat' dir='ltr'><strong>mactatas,</strong></span> <span class='ocrx_word' id='word_1_827' title='bbox 2873 4591 3017 4644; x_wconf 88' lang='lat' dir='ltr'><strong>unde</strong></span> <span class='ocrx_word' id='word_1_828' title='bbox 3038 4590 3317 4649; x_wconf 83' lang='lat' dir='ltr'><strong>Leocorion</strong></span> <span class='ocrx_word' id='word_1_829' title='bbox 3341 4590 3528 4654; x_wconf 70' lang='lat' dir='ltr'><strong>sancte</strong></span> 
     </span>
    </p>
   </div>
   <div class='ocr_carea' id='block_1_110' title="bbox 1926 4663 3528 4722">
    <p class='ocr_par' dir='ltr' id='par_1_110' title="bbox 1926 4663 3528 4722">
     <span class='ocr_line' id='line_1_110' title="bbox 1926 4663 3528 4722; baseline 0.004 -6"><span class='ocrx_word' id='word_1_830' title='bbox 1926 4663 2232 4716; x_wconf 82' lang='lat' dir='ltr'><strong>dedicatum</strong></span> <span class='ocrx_word' id='word_1_831' title='bbox 2263 4674 2344 4715; x_wconf 88' lang='lat' dir='ltr'><strong>est</strong></span> <span class='ocrx_word' id='word_1_832' title='bbox 2372 4663 2423 4714; x_wconf 91' lang='lat' dir='ltr'><strong>in</strong></span> <span class='ocrx_word' id='word_1_833' title='bbox 2455 4674 2641 4713; x_wconf 89' lang='lat' dir='ltr'><strong>earum</strong></span> <span class='ocrx_word' id='word_1_834' title='bbox 2671 4664 3013 4716; x_wconf 86' lang='lat' dir='ltr'><strong>memoriam.</strong></span> <span class='ocrx_word' id='word_1_835' title='bbox 3048 4663 3323 4721; x_wconf 81' lang='lat' dir='ltr'><strong>Laudatus</strong></span> <span class='ocrx_word' id='word_1_836' title='bbox 3350 4667 3528 4722; x_wconf 86' lang='lat' dir='ltr'><strong>Meur-</strong></span> 
     </span>
    </p>
   </div>
   <div class='ocr_carea' id='block_1_111' title="bbox 1928 4728 3525 4800">
    <p class='ocr_par' dir='ltr' id='par_1_111' title="bbox 1928 4728 3525 4800">
     <span class='ocr_line' id='line_1_111' title="bbox 1928 4728 3525 4800; baseline 0.005 -15"><span class='ocrx_word' id='word_1_837' title='bbox 1928 4733 2037 4786; x_wconf 50' lang='lat' dir='ltr'><strong>sius</strong></span> <span class='ocrx_word' id='word_1_838' title='bbox 2071 4732 2297 4799; x_wconf 87' lang='lat' dir='ltr'><strong>proinde</strong></span> <span class='ocrx_word' id='word_1_839' title='bbox 2320 4729 2702 4795; x_wconf 79' lang='lat' dir='ltr'><strong>corrigendum</strong></span> <span class='ocrx_word' id='word_1_840' title='bbox 2737 4731 2850 4785; x_wconf 75' lang='lat' dir='ltr'><strong>vult</strong></span> <span class='ocrx_word' id='word_1_841' title='bbox 2884 4748 2977 4800; x_wconf 89' lang='lat' dir='ltr'><strong>pro</strong></span> <span class='ocrx_word' id='word_1_842' title='bbox 3001 4728 3351 4791; x_wconf 73' lang='lat' dir='ltr'><strong>Clialchiwcus</strong></span> <span class='ocrx_word' id='word_1_843' title='bbox 3388 4740 3525 4793; x_wconf 86' lang='lat' dir='ltr'><strong>duo-</strong></span> 
     </span>
    </p>
   </div>
   <div class='ocr_carea' id='block_1_112' title="bbox 1928 4800 3529 4870">
    <p class='ocr_par' dir='ltr' id='par_1_112' title="bbox 1928 4800 3529 4870">
     <span class='ocr_line' id='line_1_112' title="bbox 1928 4800 3529 4870; baseline 0.004 -13"><span class='ocrx_word' id='word_1_844' title='bbox 1928 4804 2029 4857; x_wconf 81' lang='lat' dir='ltr'><strong>bus</strong></span> <span class='ocrx_word' id='word_1_845' title='bbox 2060 4802 2242 4855; x_wconf 76' lang='lat' dir='ltr'><strong>verbis</strong></span> <span class='ocrx_word' id='word_1_846' title='bbox 2286 4800 2443 4855; x_wconf 83' lang='lat' dir='ltr'><strong>Haud</strong></span> <span class='ocrx_word' id='word_1_847' title='bbox 2487 4816 2653 4862; x_wconf 79' lang='lat' dir='ltr'><strong>secus,</strong></span> <span class='ocrx_word' id='word_1_848' title='bbox 2701 4803 2841 4868; x_wconf 82' lang='lat' dir='ltr'><strong>quod</strong></span> <span class='ocrx_word' id='word_1_849' title='bbox 2892 4802 3126 4870; x_wconf 81' lang='lat' dir='ltr'><strong>probare</strong></span> <span class='ocrx_word' id='word_1_850' title='bbox 3173 4809 3320 4860; x_wconf 88' lang='lat' dir='ltr'><strong>nullo</strong></span> <span class='ocrx_word' id='word_1_851' title='bbox 3366 4811 3529 4863; x_wconf 85' lang='lat' dir='ltr'><strong>modo</strong></span> 
     </span>
    </p>
   </div>
   <div class='ocr_carea' id='block_1_113' title="bbox 1932 4872 3525 4943">
    <p class='ocr_par' dir='ltr' id='par_1_113' title="bbox 1932 4872 3525 4943">
     <span class='ocr_line' id='line_1_113' title="bbox 1932 4872 3525 4943; baseline 0.005 -18"><span class='ocrx_word' id='word_1_852' title='bbox 1932 4888 2174 4942; x_wconf 87' lang='lat' dir='ltr'><strong>possum.</strong></span> <span class='ocrx_word' id='word_1_853' title='bbox 2207 4872 2462 4925; x_wconf 57' lang='lat' dir='ltr'><strong>Fortasse</strong></span> <span class='ocrx_word' id='word_1_854' title='bbox 2490 4877 2669 4943; x_wconf 68' lang='lat' dir='ltr'><strong>autem</strong></span> <span class='ocrx_word' id='word_1_855' title='bbox 2708 4872 3180 4943; x_wconf 77' lang='lat' dir='ltr'><strong>llieronymianam</strong></span> <span class='ocrx_word' id='word_1_856' title='bbox 3234 4877 3525 4935; x_wconf 82' lang='lat' dir='ltr'><strong>lectiOnem</strong></span> 
     </span>
    </p>
   </div>
   <div class='ocr_carea' id='block_1_114' title="bbox 1933 4939 3525 5016">
    <p class='ocr_par' dir='ltr' id='par_1_114' title="bbox 1933 4939 3525 5016">
     <span class='ocr_line' id='line_1_114' title="bbox 1933 4939 3525 5016; baseline 0.004 -19"><span class='ocrx_word' id='word_1_857' title='bbox 1933 4939 2223 5005; x_wconf 83' lang='lat' dir='ltr'><strong>tuebimur,</strong></span> <span class='ocrx_word' id='word_1_858' title='bbox 2256 4943 2302 4995; x_wconf 91' lang='lat' dir='ltr'><strong>si</strong></span> <span class='ocrx_word' id='word_1_859' title='bbox 2346 4940 2729 5009; x_wconf 87' lang='lat' dir='ltr'><strong>appellativum</strong></span> <span class='ocrx_word' id='word_1_860' title='bbox 2763 4939 2894 4997; x_wconf 90' lang='lat' dir='ltr'><strong>illud</strong></span> <span class='ocrx_word' id='word_1_861' title='bbox 2913 4939 3120 4999; x_wconf 77' lang='lat' dir='ltr'><strong>nomen</strong></span> <span class='ocrx_word' id='word_1_862' title='bbox 3150 4944 3525 5016; x_wconf 75' lang='lat' dir='ltr'><strong>Chalchiaecus,</strong></span> 
     </span>
    </p>
   </div>
   <div class='ocr_carea' id='block_1_115' title="bbox 1934 5015 3528 5092">
    <p class='ocr_par' dir='ltr' id='par_1_115' title="bbox 1934 5015 3528 5092">
     <span class='ocr_line' id='line_1_115' title="bbox 1934 5015 3528 5092; baseline 0.004 -22"><span class='ocrx_word' id='word_1_863' title='bbox 1934 5031 2037 5092; x_wconf 81' lang='lat' dir='ltr'><strong>non</strong></span> <span class='ocrx_word' id='word_1_864' title='bbox 2064 5015 2343 5092; x_wconf 67' lang='lat' dir='ltr'><strong>proprium</strong></span> <span class='ocrx_word' id='word_1_865' title='bbox 2369 5024 2656 5081; x_wconf 82' lang='lat' dir='ltr'><strong>agnoscas,</strong></span> <span class='ocrx_word' id='word_1_866' title='bbox 2683 5028 2859 5083; x_wconf 79' lang='lat' dir='ltr'><strong>eoque</strong></span> <span class='ocrx_word' id='word_1_867' title='bbox 2885 5017 3026 5092; x_wconf 73' lang='lat' dir='ltr'><strong>scias</strong></span> <span class='ocrx_word' id='word_1_868' title='bbox 3054 5015 3317 5074; x_wconf 82' lang='lat' dir='ltr'><strong>voeabulo</strong></span> <span class='ocrx_word' id='word_1_869' title='bbox 3340 5023 3528 5092; x_wconf 84' lang='lat' dir='ltr'><strong>appel-</strong></span> 
     </span>
    </p>
   </div>
   <div class='ocr_carea' id='block_1_116' title="bbox 1934 5084 3529 5153">
    <p class='ocr_par' dir='ltr' id='par_1_116' title="bbox 1934 5084 3529 5153">
     <span class='ocr_line' id='line_1_116' title="bbox 1934 5084 3529 5153; baseline 0.007 -15"><span class='ocrx_word' id='word_1_870' title='bbox 1934 5084 2093 5141; x_wconf 75' lang='lat' dir='ltr'><strong>latam</strong></span> <span class='ocrx_word' id='word_1_871' title='bbox 2124 5084 2392 5153; x_wconf 86' lang='lat' dir='ltr'><strong>virginem</strong></span> <span class='ocrx_word' id='word_1_872' title='bbox 2428 5098 2587 5137; x_wconf 87' lang='lat' dir='ltr'><strong>unam</strong></span> <span class='ocrx_word' id='word_1_873' title='bbox 2622 5101 2649 5136; x_wconf 90' lang='lat' dir='ltr'><strong>e</strong></span> <span class='ocrx_word' id='word_1_874' title='bbox 2683 5095 2915 5151; x_wconf 85' lang='lat' dir='ltr'><strong>quatuor</strong></span> <span class='ocrx_word' id='word_1_875' title='bbox 2948 5088 3204 5144; x_wconf 71' lang='lat' dir='ltr'><strong>Minerva:</strong></span> <span class='ocrx_word' id='word_1_876' title='bbox 3226 5084 3529 5149; x_wconf 71' lang='lat' dir='ltr'><strong>sacerdoti-</strong></span> 
     </span>
    </p>
   </div>
   <div class='ocr_carea' id='block_1_117' title="bbox 1934 5154 3528 5233">
    <p class='ocr_par' dir='ltr' id='par_1_117' title="bbox 1934 5154 3528 5233">
     <span class='ocr_line' id='line_1_117' title="bbox 1934 5154 3528 5233; baseline 0.008 -26"><span class='ocrx_word' id='word_1_877' title='bbox 1934 5160 2032 5233; x_wconf 71' lang='lat' dir='ltr'><strong>bus</strong></span> <span class='ocrx_word' id='word_1_878' title='bbox 2074 5173 2207 5233; x_wconf 43' lang='lat' dir='ltr'><strong>quas</strong></span> <span class='ocrx_word' id='word_1_879' title='bbox 2236 5154 2566 5233; x_wconf 64' lang='lat' dir='ltr'><strong>Arrephoria</strong></span> <span class='ocrx_word' id='word_1_880' title='bbox 2603 5154 2723 5209; x_wconf 71' lang='lat' dir='ltr'><strong>Dea:</strong></span> <span class='ocrx_word' id='word_1_881' title='bbox 2756 5154 3023 5233; x_wconf 86' lang='lat' dir='ltr'><strong>ferebant</strong></span> <span class='ocrx_word' id='word_1_882' title='bbox 3070 5162 3368 5228; x_wconf 88' lang='lat' dir='ltr'><strong>percelebri</strong></span> <span class='ocrx_word' id='word_1_883' title='bbox 3409 5165 3528 5233; x_wconf 84' lang='lat' dir='ltr'><strong>ejus</strong></span> 
     </span>
    </p>
   </div>
   <div class='ocr_carea' id='block_1_118' title="bbox 1935 5227 3526 5303">
    <p class='ocr_par' dir='ltr' id='par_1_118' title="bbox 1935 5227 3526 5303">
     <span class='ocr_line' id='line_1_118' title="bbox 1935 5227 3526 5303; baseline 0.009 -25"><span class='ocrx_word' id='word_1_884' title='bbox 1935 5227 2163 5303; x_wconf 75' lang='lat' dir='ltr'><strong>Athenis</strong></span> <span class='ocrx_word' id='word_1_885' title='bbox 2187 5228 2343 5293; x_wconf 87' lang='lat' dir='ltr'><strong>festo,</strong></span> <span class='ocrx_word' id='word_1_886' title='bbox 2378 5227 2525 5303; x_wconf 84' lang='lat' dir='ltr'><strong>qu_od_</strong></span> <span class='ocrx_word' id='word_1_887' title='bbox 2550 5227 2680 5303; x_wconf 75' lang='lat' dir='ltr'><strong>item</strong></span> <span class='ocrx_word' id='word_1_888' title='bbox 2706 5232 2771 5285; x_wconf 80' lang='grc' dir='ltr'><strong>τὰ</strong></span> <span class='ocrx_word' id='word_1_889' title='bbox 2788 5232 3020 5303; x_wconf 72' lang='grc' dir='ltr'><strong>χαλκεῖα</strong></span> <span class='ocrx_word' id='word_1_890' title='bbox 3040 5227 3356 5290; x_wconf 82' lang='lat' dir='ltr'><strong>vocabatur.</strong></span> <span class='ocrx_word' id='word_1_891' title='bbox 3388 5227 3526 5292; x_wconf 73' lang='lat' dir='ltr'><strong>Vide</strong></span> 
     </span>
    </p>
   </div>
   <div class='ocr_carea' id='block_1_119' title="bbox 1935 5250 3526 5363">
    <p class='ocr_par' dir='ltr' id='par_1_119' title="bbox 1935 5250 3526 5363">
     <span class='ocr_line' id='line_1_119' title="bbox 1935 5250 3526 5297; baseline 0.008 -18"><span class='ocrx_word' id='word_1_892' title='bbox 1935 5250 2163 5287; x_wconf 68' lang='lat' dir='ltr'><strong>Attttrtus</strong></span> <span class='ocrx_word' id='word_1_893' title='bbox 2188 5250 2343 5293; x_wconf 74' lang='lat' dir='ltr'><strong>ICSlU,</strong></span> <span class='ocrx_word' id='word_1_894' title='bbox 2378 5250 2519 5297; x_wconf 81' lang='lat' dir='ltr'><strong>quuu</strong></span> <span class='ocrx_word' id='word_1_895' title='bbox 2556 5250 2680 5281; x_wconf 72' lang='lat' dir='ltr'><strong>Item</strong></span> <span class='ocrx_word' id='word_1_896' title='bbox 2706 5252 2771 5285; x_wconf 81' lang='grc' dir='ltr'><strong>τα</strong></span> <span class='ocrx_word' id='word_1_897' title='bbox 2840 5250 3020 5287; x_wconf 64' lang='lat' dir='ltr'><strong>amata</strong></span> <span class='ocrx_word' id='word_1_898' title='bbox 3040 5250 3356 5290; x_wconf 80' lang='lat' dir='ltr'><strong>vocabatur.</strong></span> <span class='ocrx_word' id='word_1_899' title='bbox 3396 5250 3526 5292; x_wconf 77' lang='grc' dir='ltr'><strong>νιαο</strong></span> 
     </span>
     <span class='ocr_line' id='line_1_120' title="bbox 1935 5250 3526 5363; baseline 0.006 -9"><span class='ocrx_word' id='word_1_900' title='bbox 1935 5300 1998 5354; x_wconf 90' lang='lat' dir='ltr'><strong>ad</strong></span> <span class='ocrx_word' id='word_1_901' title='bbox 2033 5299 2169 5353; x_wconf 91' lang='lat' dir='ltr'><strong>hanc</strong></span> <span class='ocrx_word' id='word_1_902' title='bbox 2198 5312 2386 5354; x_wconf 89' lang='lat' dir='ltr'><strong>vocem</strong></span> <span class='ocrx_word' id='word_1_903' title='bbox 2432 5298 2653 5353; x_wconf 83' lang='lat' dir='ltr'><strong>Suidam</strong></span> <span class='ocrx_word' id='word_1_904' title='bbox 2686 5310 2740 5355; x_wconf 89' lang='lat' dir='ltr'><strong>et</strong></span> <span class='ocrx_word' id='word_1_905' title='bbox 2781 5250 3074 5357; x_wconf 47' lang='lat' dir='ltr'><strong>ﬁeursium</strong></span> <span class='ocrx_word' id='word_1_906' title='bbox 3104 5304 3150 5359; x_wconf 88' lang='lat' dir='ltr'><strong>si</strong></span> <span class='ocrx_word' id='word_1_907' title='bbox 3180 5305 3327 5361; x_wconf 89' lang='lat' dir='ltr'><strong>lubet</strong></span> <span class='ocrx_word' id='word_1_908' title='bbox 3358 5304 3526 5363; x_wconf 81' lang='lat' dir='ltr'><strong>Attic.</strong></span> 
     </span>
    </p>
   </div>
   <div class='ocr_carea' id='block_1_120' title="bbox 1936 5371 2673 5439">
    <p class='ocr_par' dir='ltr' id='par_1_120' title="bbox 1936 5371 2673 5439">
     <span class='ocr_line' id='line_1_121' title="bbox 1936 5371 2673 5439; baseline -0.005 -12"><span class='ocrx_word' id='word_1_909' title='bbox 1936 5372 2177 5427; x_wconf 88' lang='lat' dir='ltr'><strong>Lection.</strong></span> <span class='ocrx_word' id='word_1_910' title='bbox 2208 5371 2300 5425; x_wconf 90' lang='lat' dir='ltr'><strong>lib.</strong></span> <span class='ocrx_word' id='word_1_911' title='bbox 2330 5387 2404 5435; x_wconf 88' lang='lat' dir='ltr'><strong>tv,</strong></span> <span class='ocrx_word' id='word_1_912' title='bbox 2436 5386 2556 5439; x_wconf 86' lang='lat' dir='ltr'><strong>cap.</strong></span> <span class='ocrx_word' id='word_1_913' title='bbox 2587 5372 2673 5427; x_wconf 81' lang='lat' dir='ltr'><strong>l9.</strong></span> 
     </span>
    </p>
   </div>
   <div class='ocr_carea' id='block_1_121' title="bbox 2012 5442 3529 5517">
    <p class='ocr_par' dir='ltr' id='par_1_121' title="bbox 2012 5442 3529 5517">
     <span class='ocr_line' id='line_1_122' title="bbox 2012 5442 3529 5517; baseline 0.001 -20"><span class='ocrx_word' id='word_1_914' title='bbox 2012 5452 2035 5517; x_wconf 59' lang='grc' dir='ltr'>ἐ</span> <span class='ocrx_word' id='word_1_915' title='bbox 2076 5443 2408 5517; x_wconf 74' lang='lat' dir='ltr'><strong>Alias__erat,_</strong></span> <span class='ocrx_word' id='word_1_916' title='bbox 2445 5452 2580 5517; x_wconf 76' lang='lat' dir='ltr'><strong>vates</strong></span> <span class='ocrx_word' id='word_1_917' title='bbox 2605 5442 2863 5517; x_wconf 74' lang='lat' dir='ltr'><strong>Apollinis</strong></span> <span class='ocrx_word' id='word_1_918' title='bbox 2890 5444 3023 5517; x_wconf 71' lang='lat' dir='ltr'><strong>Aetii</strong></span> <span class='ocrx_word' id='word_1_919' title='bbox 3044 5460 3145 5517; x_wconf 81' lang='lat' dir='ltr'><strong>non</strong></span> <span class='ocrx_word' id='word_1_920' title='bbox 3178 5445 3277 5497; x_wconf 81' lang='lat' dir='ltr'><strong>nisi</strong></span> <span class='ocrx_word' id='word_1_921' title='bbox 3306 5444 3529 5517; x_wconf 72' lang='lat' dir='ltr'><strong>virgines</strong></span> 
     </span>
    </p>
   </div>
   <div class='ocr_carea' id='block_1_122' title="bbox 1940 5513 3529 5583">
    <p class='ocr_par' dir='ltr' id='par_1_122' title="bbox 1940 5513 3529 5583">
     <span class='ocr_line' id='line_1_123' title="bbox 1940 5513 3529 5583; baseline 0.004 -14"><span class='ocrx_word' id='word_1_922' title='bbox 1940 5515 2174 5579; x_wconf 79' lang='lat' dir='ltr'><strong>leqimus.</strong></span> <span class='ocrx_word' id='word_1_923' title='bbox 2210 5513 2344 5569; x_wconf 84' lang='lat' dir='ltr'><strong>Vide</strong></span> <span class='ocrx_word' id='word_1_924' title='bbox 2379 5515 2446 5569; x_wconf 87' lang='lat' dir='ltr'><strong>de</strong></span> <span class='ocrx_word' id='word_1_925' title='bbox 2478 5515 2699 5583; x_wconf 65' lang='lat' dir='ltr'><strong>reliquis</strong></span> <span class='ocrx_word' id='word_1_926' title='bbox 2729 5515 3065 5569; x_wconf 85' lang='lat' dir='ltr'><strong>Lactantium</strong></span> <span class='ocrx_word' id='word_1_927' title='bbox 3110 5516 3183 5568; x_wconf 88' lang='lat' dir='ltr'><strong>lib</strong></span> <span class='ocrx_word' id='word_1_928' title='bbox 3216 5530 3254 5580; x_wconf 88' lang='lat' dir='ltr'><strong>l,</strong></span> <span class='ocrx_word' id='word_1_929' title='bbox 3295 5531 3341 5570; x_wconf 80' lang='grc' dir='ltr'><strong><em>ε.</em></strong></span> <span class='ocrx_word' id='word_1_930' title='bbox 3376 5513 3431 5583; x_wconf 77' lang='grc'><strong>6,</strong></span> <span class='ocrx_word' id='word_1_931' title='bbox 3460 5519 3529 5575; x_wconf 84' lang='lat' dir='ltr'><strong>de</strong></span> 
     </span>
    </p>
   </div>
   <div class='ocr_carea' id='block_1_123' title="bbox 1939 5584 3525 5667">
    <p class='ocr_par' dir='ltr' id='par_1_123' title="bbox 1939 5584 3525 5667">
     <span class='ocr_line' id='line_1_124' title="bbox 1939 5584 3525 5667; baseline -0.001 -27"><span class='ocrx_word' id='word_1_932' title='bbox 1939 5586 2094 5641; x_wconf 89' lang='lat' dir='ltr'><strong>Falsa</strong></span> <span class='ocrx_word' id='word_1_933' title='bbox 2123 5585 2409 5667; x_wconf 58' lang='lat' dir='ltr'><strong>religione,</strong></span> <span class='ocrx_word' id='word_1_934' title='bbox 2435 5597 2491 5667; x_wconf 51' lang='lat' dir='ltr'><strong>et</strong></span> <span class='ocrx_word' id='word_1_935' title='bbox 2509 5600 2556 5667; x_wconf 77' lang='lat' dir='ltr'><strong>c.</strong></span> <span class='ocrx_word' id='word_1_936' title='bbox 2586 5586 2771 5667; x_wconf 55' lang='lat' dir='ltr'><strong>‘32,_d_e</strong></span> <span class='ocrx_word' id='word_1_937' title='bbox 2796 5586 2874 5667; x_wconf 51' lang='lat' dir='ltr'><strong>l-ra</strong></span> <span class='ocrx_word' id='word_1_938' title='bbox 2903 5584 3016 5665; x_wconf 85' lang='lat' dir='ltr'><strong>Dei;</strong></span> <span class='ocrx_word' id='word_1_939' title='bbox 3045 5586 3403 5667; x_wconf 73' lang='lat' dir='ltr'><strong>Augustinum</strong></span> <span class='ocrx_word' id='word_1_940' title='bbox 3430 5590 3525 5647; x_wconf 77' lang='lat' dir='ltr'><strong>lib,</strong></span> 
     </span>
    </p>
   </div>
   <div class='ocr_carea' id='block_1_124' title="bbox 1943 5655 3529 5732">
    <p class='ocr_par' dir='ltr' id='par_1_124' title="bbox 1943 5655 3529 5732">
     <span class='ocr_line' id='line_1_125' title="bbox 1943 5655 3529 5732; baseline 0.003 -20"><span class='ocrx_word' id='word_1_941' title='bbox 1943 5673 2073 5713; x_wconf 85' lang='lat' dir='ltr'><strong>xvm</strong></span> <span class='ocrx_word' id='word_1_942' title='bbox 2106 5655 2434 5732; x_wconf 75' lang='lat' dir='ltr'><strong>de_Civita_te</strong></span> <span class='ocrx_word' id='word_1_943' title='bbox 2458 5656 2572 5732; x_wconf 86' lang='lat' dir='ltr'><strong>Dei,</strong></span> <span class='ocrx_word' id='word_1_944' title='bbox 2606 5655 2781 5732; x_wconf 57' lang='lat' dir='ltr'><strong>c._25_;</strong></span> <span class='ocrx_word' id='word_1_945' title='bbox 2807 5655 3017 5732; x_wconf 70' lang='lat' dir='ltr'><strong>Livium</strong></span> <span class='ocrx_word' id='word_1_946' title='bbox 3045 5670 3259 5725; x_wconf 85' lang='lat' dir='ltr'><strong>quoque</strong></span> <span class='ocrx_word' id='word_1_947' title='bbox 3289 5657 3381 5732; x_wconf 85' lang='lat' dir='ltr'><strong>lib.</strong></span> <span class='ocrx_word' id='word_1_948' title='bbox 3419 5678 3529 5732; x_wconf 84' lang='lat' dir='ltr'><strong>vin,</strong></span> 
     </span>
    </p>
   </div>
   <div class='ocr_carea' id='block_1_125' title="bbox 1940 5725 3535 5798">
    <p class='ocr_par' dir='ltr' id='par_1_125' title="bbox 1940 5725 3535 5798">
     <span class='ocr_line' id='line_1_126' title="bbox 1940 5725 3535 5798; baseline -0.004 -15"><span class='ocrx_word' id='word_1_949' title='bbox 1940 5732 2060 5785; x_wconf 84' lang='lat' dir='ltr'><strong>dcc.</strong></span> <span class='ocrx_word' id='word_1_950' title='bbox 2096 5730 2155 5793; x_wconf 75' lang='lat' dir='ltr'><strong>l;</strong></span> <span class='ocrx_word' id='word_1_951' title='bbox 2182 5730 2309 5782; x_wconf 89' lang='lat' dir='ltr'><strong>item</strong></span> <span class='ocrx_word' id='word_1_952' title='bbox 2340 5726 2615 5798; x_wconf 68' lang='lat' dir='ltr'><strong>Valerium</strong></span> <span class='ocrx_word' id='word_1_953' title='bbox 2641 5725 3057 5798; x_wconf 72' lang='lat' dir='ltr'><strong>Maximumlib.</strong></span> <span class='ocrx_word' id='word_1_954' title='bbox 3086 5742 3197 5789; x_wconf 87' lang='lat' dir='ltr'><strong>vttt,</strong></span> <span class='ocrx_word' id='word_1_955' title='bbox 3230 5744 3279 5783; x_wconf 92' lang='lat' dir='ltr'><strong>c.</strong></span> <span class='ocrx_word' id='word_1_956' title='bbox 3320 5731 3377 5798; x_wconf 83' lang='lat' dir='ltr'><strong>l;</strong></span> <span class='ocrx_word' id='word_1_957' title='bbox 3408 5725 3535 5791; x_wconf 74' lang='lat' dir='ltr'><strong>Ovi&#39;.</strong></span> 
     </span>
    </p>
   </div>
   <div class='ocr_carea' id='block_1_126' title="bbox 1942 5794 3534 5870">
    <p class='ocr_par' dir='ltr' id='par_1_126' title="bbox 1942 5794 3534 5870">
     <span class='ocr_line' id='line_1_127' title="bbox 1942 5794 3534 5870; baseline 0.003 -17"><span class='ocrx_word' id='word_1_958' title='bbox 1942 5801 2089 5853; x_wconf 86' lang='lat' dir='ltr'><strong>dium</strong></span> <span class='ocrx_word' id='word_1_959' title='bbox 2119 5798 2357 5865; x_wconf 79' lang='lat' dir='ltr'><strong>denique</strong></span> <span class='ocrx_word' id='word_1_960' title='bbox 2389 5799 2439 5851; x_wconf 90' lang='lat' dir='ltr'><strong>in</strong></span> <span class='ocrx_word' id='word_1_961' title='bbox 2473 5795 2668 5862; x_wconf 85' lang='lat' dir='ltr'><strong>Fastis,</strong></span> <span class='ocrx_word' id='word_1_962' title='bbox 2705 5794 2901 5865; x_wconf 83' lang='lat' dir='ltr'><strong>quibus</strong></span> <span class='ocrx_word' id='word_1_963' title='bbox 2943 5796 3251 5870; x_wconf 82' lang='lat' dir='ltr'><strong>littjusmodi</strong></span> <span class='ocrx_word' id='word_1_964' title='bbox 3295 5794 3534 5863; x_wconf 70' lang='lat' dir='ltr'><strong>historia:</strong></span> 
     </span>
    </p>
   </div>
   <div class='ocr_carea' id='block_1_127' title="bbox 1944 5870 2488 5925">
    <p class='ocr_par' dir='ltr' id='par_1_127' title="bbox 1944 5870 2488 5925">
     <span class='ocr_line' id='line_1_128' title="bbox 1944 5870 2488 5925; baseline -0.009 0"><span class='ocrx_word' id='word_1_965' title='bbox 1944 5870 2116 5925; x_wconf 85' lang='lat' dir='ltr'><strong>fusius</strong></span> <span class='ocrx_word' id='word_1_966' title='bbox 2145 5877 2488 5924; x_wconf 85' lang='lat' dir='ltr'><strong>enarrantur.</strong></span> 
     </span>
    </p>
   </div>
  </div>
