4068 6348
498 352 603 410 271

1746 347 1804 404 S.
1846 343 2116 404 EUSEBII
2150 345 2539 405 HIERONYMI

3697 344 3804 400 272

495 469 584 540 pri
633 465 749 520 viva
795 462 1014 518 defossa
1044 466 1131 517 est
1174 474 1188 512 :
1236 460 1458 531 injusta,
1495 466 1556 516 ut
1599 475 1746 528 reor,
1776 478 1958 532 poena,
1993 463 2096 518 nisi
2125 463 2180 524 A
2205 480 2350 520 mum
2379 463 2709 520 concitatum
2741 470 2845 531 est,
2879 469 2934 518 et
2975 469 3099 531 post
3144 459 3372 516 multum
3398 457 3662 530 temporis
3691 458 3803 514 Ma-

498 557 702 630 grande
748 555 956 610 crimen
987 561 1268 625 putaretur
1295 554 1420 608 laesa
1455 552 1756 623 virginitas.
1796 554 1958 610 Certe
1992 555 2101 609 Ro-

497 665 693 706 manus
727 648 960 719 populus
991 656 1195 716 quanto
1223 647 1434 700 honore
1466 647 1709 717 virgines
1738 662 1959 718 semper
2007 649 2102 701 ha-

498 742 704 807 buerit,
733 741 863 796 hinc
892 750 1138 809 apparet,
1169 739 1314 809 quod
1345 740 1604 795 consules
1633 749 1687 794 ct
1715 741 2098 808 imperatores,

499 845 555 892 et
589 836 642 890 in
670 834 921 889 curribus
952 831 1370 901 triumphantes,
1396 832 1487 901 qui
1514 829 1584 885 de
1622 832 1894 901 superatis
1923 831 2103 901 genti-

495 929 605 985 bus
633 928 878 996 trophaea
911 923 1243 990 referebant,
1278 934 1332 979 et
1359 925 1535 979 omnis
1572 924 1851 996 dignitatis
1877 923 2100 994 gradus,

501 1020 584 1076 eis
624 1019 690 1074 de
721 1017 803 1072 via
835 1016 1031 1070 cedere
1058 1015 1252 1070 solitus
1279 1016 1369 1068 sit.
1399 1013 1626 1069 Claudia
1670 1016 1823 1086 virgo
1867 1015 2104 1069 Vestalis

497 1127 620 1167 cum
661 1112 712 1165 in
747 1108 1111 1178 suspicionem
1158 1107 1395 1162 venisset
1424 1107 1623 1178 stupri,
1661 1119 1716 1164 et
1747 1107 2103 1162 simulacrum

498 1205 692 1262 matris
725 1203 879 1258 [diem
926 1204 980 1257 in
1017 1201 1156 1257 Vado
1197 1201 1425 1272 Tyberis
1462 1201 1720 1269 haereret,
1749 1202 1816 1255 ad
1849 1215 2105 1270 compro-

498 1301 737 1357 bandam
766 1297 1084 1368 pudicitiam
1112 1312 1262 1350 suam
1298 1296 1470 1351 fertur
1501 1295 1722 1366 cingulo
1742 1294 1964 1350 duxisse
2002 1309 2102 1349 na-

495 1406 644 1453 vem,
672 1406 830 1459 quam
868 1389 1035 1442 multa
1071 1387 1241 1440 millia
1268 1386 1552 1440 hominum
1590 1385 1809 1441 trahere
1837 1388 2102 1456 nequive-

492 1491 640 1539 rant.
686 1481 878 1536 Melius
925 1488 1132 1544 tamen,
1181 1479 1358 1545 inquit
1398 1478 1603 1532 Lucani
1655 1485 1832 1547 poeta:
1879 1485 2104 1547 patruus

491 1572 649 1646 [SciL
680 1572 891 1628 Seneca
923 1580 1228 1640 praeceptor
1257 1569 1540 1641 Neronis],
1571 1586 1693 1624 cum
1721 1570 1810 1624 illa
1841 1580 1992 1626 esset
2017 1586 2106 1625 ac-

495 1674 638 1734 tum,
668 1667 714 1720 si
747 1668 848 1718 hoc
880 1664 1022 1734 quod
1053 1662 1258 1726 evenit,
1288 1670 1672 1716 ornamentum
1708 1662 1887 1730 potius
1911 1661 2102 1731 explo-

496 1771 633 1816 ratae
656 1759 846 1813 fuisset
874 1757 1172 1827 pudicitire,
1202 1770 1362 1824 quam
1381 1755 1558 1809 dubito
1585 1752 1971 1822 patrocinium.
1994 1753 2106 1808 Nec

2204 557 2398 612 mertia
2431 556 2694 611 subversa
2727 563 2832 611 est.
2865 554 3226 610 Aristoclides
3252 554 3582 610 Orchomcni
3624 564 3809 624 tyran-

2203 663 2304 703 nus
2349 647 2620 702 adamavit
2665 647 2930 718 virginem
2962 647 3426 719 Stymplialidem,
3481 662 3605 716 qua:
3655 660 3804 710 cum,

2205 750 2356 809 patre
2384 740 2586 806 occiso,
2640 739 2706 795 ad
2739 739 2998 809 templum
3031 739 3218 796 Diana:
3248 739 3605 809 confugisset,
3641 749 3698 794 et
3740 739 3786 792 si

2205 833 2506 886 mulacrum
2533 832 2652 902 ejus
2681 840 2916 897 teneret,
2963 848 3065 887 nec
3089 832 3140 887 vi
3173 843 3364 903 posset
3393 832 3574 896 avelli,
3624 831 3681 886 in
3713 820 3808 886 eo-

2207 923 2328 979 dem
2363 925 2484 979 loco
2513 924 2764 980 confossa
2797 935 2901 980 est.
2950 925 3033 980 0b
3063 925 3219 994 cujus
3251 940 3460 991 necem,
3493 932 3646 980 tanto
3693 940 3812 979 om-

2208 1014 2291 1069 nis
2321 1013 2550 1069 Arcadia
2599 1015 2787 1070 dolore
2817 1024 3088 1071 commota
3116 1027 3218 1082 est,
3252 1027 3310 1071 ut
3353 1015 3553 1071 bellum
3587 1015 3809 1086 publice

2207 1115 2477 1174 sumeret,
2497 1116 2554 1162 et
2577 1123 2765 1164 necem
2785 1109 3009 1179 virginis
3031 1110 3410 1165 ulcisceretur.
3433 1110 3810 1165 Aristomenes

2206 1198 2521 1263 Messenius,
2569 1200 2650 1253 vir
2693 1199 3052 1268 justissimus,
3074 1201 3228 1256 victis
3258 1201 3712 1267 Lacedzemoniis,
3745 1211 3804 1258 et

2205 1290 2438 1360 quodam
2472 1299 2717 1360 tempore
2749 1303 3016 1348 nocturna
3043 1308 3194 1349 sacra
3227 1294 3656 1359 celebrantibus,
3686 1310 3809 1362 qua:

2209 1384 2547 1437 vocabantur
2588 1381 2615 1420 ἀ
2663 1383 3011 1455 Hyacinthia,
3066 1387 3248 1456 rapuit
3295 1386 3363 1442 de
3404 1387 3590 1442 choris
3621 1387 3814 1442 luden-

2207 1475 2338 1528 tium
2363 1476 2601 1546 virgines
2622 1477 2958 1546 quindecim,
2985 1487 3043 1533 et
3067 1486 3175 1532 tota
3205 1491 3365 1534 nocte
3386 1479 3559 1549 gradu
3589 1482 3811 1536 concito

2207 1566 2437 1638 fugiens,
2478 1568 2715 1623 excessit
2759 1567 2828 1624 de
2861 1569 3056 1624 finibus
3104 1570 3518 1640 Spartanorum.
3564 1569 3810 1643 Cumque

2205 1673 2298 1714 eas
2340 1660 2572 1714 comites
2613 1660 2732 1729 ejus
2775 1661 2978 1717 vellent
3034 1662 3261 1729 violare,
3307 1663 3516 1719 monuit
3543 1673 3808 1734 quantum

2208 1753 2409 1824 potuit,
2456 1769 2525 1809 ne
2571 1753 2674 1809 hoc
2705 1753 2969 1820 facerent,
3003 1764 3059 1811 et
3101 1757 3166 1811 ad
3196 1765 3504 1812 extremum
3539 1757 3807 1828 quosdam

495 1852 698 1906 mirum
723 1849 826 1905 hoc
854 1849 922 1902 de
953 1848 1286 1912 hominibus,
1321 1862 1445 1900 cum
1479 1846 1773 1900 Minervam
1804 1862 2017 1916 quoque
2046 1855 2102 1901 et
2131 1845 2177 1906 Β
2206 1863 2312 1902 non
2338 1858 2596 1916 parentes
2630 1847 2735 1918 [ΑΙ.
2764 1848 3071 1921 parcentes]
3103 1849 3397 1916 interfecit,
3426 1850 3642 1904 caneris
3664 1857 3813 1905 metu

493 1944 724 2000 Dianam
770 1941 1006 2011 virgines
1034 1941 1166 1995 deas
1214 1939 1433 1994 ﬁnxerit
1479 1955 1636 1993 error
1681 1938 1997 2002 Gentilium,
2049 1947 2103 1991 et

491 2037 643 2094 inter
691 2034 977 2091 duodecim
1029 2035 1182 2104 signa
1222 2033 1368 2099 coeli,
1410 2033 1607 2102 quibus
1658 2032 1918 2086 mundum
1961 2031 2101 2086 volvi

493 2139 715 2200 putant,
750 2128 1030 2198 Virginem
1057 2125 1402 2181 collocarint.
1436 2125 1627 2193 Magna
1658 2122 1857 2192 injuria
1892 2123 2102 2191 nuptia-

489 2240 637 2287 rum,
686 2233 744 2278 ut
789 2238 858 2277 ne
900 2221 1043 2276 inter
1081 2217 1330 2288 scorpios
1372 2218 1591 2288 quidem
1620 2226 1675 2271 et
1700 2224 2014 2280 centauros,
2049 2226 2103 2270 et

491 2333 744 2381 cancros,
793 2327 849 2373 et
895 2317 1097 2385 pisces,
1129 2324 1185 2368 et
1234 2323 1570 2382 aegocerotas
1615 2310 1772 2380 [SciL
1827 2309 2103 2378 capricor-

491 2410 672 2482 num],
720 2423 946 2463 uxorem
999 2406 1366 2474 maritumque
1414 2403 1805 2458 contruserint.
1855 2402 2100 2472 Triginta

489 2502 912 2560 Atheniensium
953 2500 1168 2570 tyranni
1218 2514 1340 2552 cum
1379 2496 1684 2551 Phidonem
1731 2494 1840 2566 [AL
1887 2494 2100 2549 Phedo-

491 2594 648 2666 nem]
691 2595 742 2648 in
771 2592 1028 2648 convivio
1075 2599 1387 2656 necassent,
1421 2588 1561 2642 filias
1592 2588 1710 2658 ejus
1755 2587 1993 2657 virgines
2033 2585 2101 2640 ad

491 2703 558 2744 se
604 2688 794 2742 venire
831 2685 1136 2755 jusserunt,
1168 2692 1553 2737 etscortorum
1588 2695 1738 2734 more
1780 2679 2006 2741 nudari;
2039 2693 2102 2732 ac

491 2793 660 2848 super
694 2779 1025 2846 pavimenta,
1068 2774 1239 2842 patris
1276 2773 1539 2841 sanguine
1568 2781 1875 2836 cruentata,
1921 2773 2097 2839 impu-

493 2869 635 2923 dicis
682 2868 929 2936 gestibus
975 2864 1203 2918 ludere:
1256 2879 1374 2931 qua:
1431 2861 1712 2931 paulisper
1754 2861 2099 2915 dissimulato

494 2959 690 3017 dolore
720 2957 827 3029 [AL
860 2956 1064 3010 doloris
1082 2954 1309 3025 habita],
1334 2970 1456 3008 cum
1491 2953 1818 3008 temulentos
1839 2955 2098 3008 convivas

491 3060 814 3115 cernerent,
862 3048 1014 3118 quasi
1061 3047 1129 3101 ad
1171 3045 1434 3116 requisita
1482 3058 1689 3100 natura:
1729 3046 2096 3116 egredientes,

491 3146 728 3201 invicem
761 3158 822 3198 se
850 3143 1146 3211 coinplexae
1178 3141 1657 3210 praecipitaverunt
1684 3140 1733 3193 in
1764 3148 2008 3209 puteum,
2040 3150 2097 3194 ut

2205 1941 2479 1997 coercitis.
2514 1941 2829 2012 Redemptae
2854 1951 3040 2012 postea
3069 1958 3098 1996 a
3145 1943 3389 2012 cognatis
3437 1942 3655 2012 puellae,
3688 1958 3813 1998 cum

2206 2035 2607 2090 Aristomenem
2640 2036 2890 2092 viderent
2935 2037 3100 2091 caedis
3131 2053 3284 2092 reum
3331 2037 3470 2100 ﬁeri,
3507 2036 3708 2090 tamdiu
3741 2037 3812 2090 ad

2207 2128 2435 2196 patriam
2468 2144 2573 2182 non
2608 2137 2738 2182 sunt
2769 2144 3028 2194 reversw,
3065 2130 3319 2199 quamdiu
3347 2129 3592 2199 jndicum
3640 2129 3810 2184 advo-

2204 2219 2332 2275 lutae
2359 2222 2587 2292 genibus
2605 2221 2951 2277 defensorem
2978 2223 3252 2291 pudicitire
3274 2237 3386 2278 suze
3408 2232 3698 2278 cernerent
3718 2223 3816 2279 ab-

2205 2311 2461 2366 solutum.
2494 2314 2611 2378 Quo
2643 2329 2741 2369 ore
2771 2313 3060 2369 laudanda:
3089 2323 3217 2369 sunt
3251 2326 3272 2351 ο
3317 2316 3540 2373 Scedasi
3583 2316 3714 2373 ﬁlim
3759 2315 3815 2371 in

2204 2403 2451 2458 Leuctris
2497 2405 2740 2470 Boeotia),
2773 2421 2908 2476 quas
2946 2406 3202 2462 traditum
3231 2417 3334 2472 est,
3374 2409 3604 2463 absente
3634 2417 3810 2478 patre,

2202 2493 2340 2550 duos
2372 2497 2604 2565 juvenes
2634 2506 3025 2566 praetereuntes
3047 2500 3173 2566 jure
3205 2498 3425 2569 hospitii
3472 2500 3809 2570 suscepisse.

2203 2587 2304 2654 Qui
2331 2588 2560 2642 multum
2595 2589 2940 2658 indulgentes
2973 2589 3122 2656 vino,
3157 2589 3262 2644 vim
3295 2605 3391 2659 per
3423 2602 3639 2646 noctem
3671 2591 3818 2647 intu-

2201 2680 2314 2734 lere
2343 2680 2663 2750 virginibus.
2699 2681 2831 2750 Quae
2871 2682 3085 2737 amissa:
3117 2682 3388 2752 pudicitiae
3419 2685 3669 2739 nolentes
3710 2701 3812 2740 su-

2201 2772 2502 2841 pervivere,
2551 2776 2754 2829 mutuis
2798 2777 3161 2832 conciderunt
3198 2777 3541 2834 vulneribus.
3587 2778 3805 2838 Justum

2202 2874 2369 2921 estet
2416 2867 2674 2922 Locridas
2702 2868 2807 2939 [ΑΙ.
2840 2870 3125 2944 Lucrinas]
3156 2871 3397 2942 virgines
3445 2889 3552 2927 non
3597 2882 3806 2942 tacere,

2199 2973 2320 3026 quae
2351 2974 2472 3012 cum
2505 2958 2659 3013 llium
2691 2961 3038 3016 mitterentur
3068 2977 3133 3016 ex
3177 2977 3327 3018 more
3359 2978 3456 3031 per
3484 2979 3658 3019 annos
3699 2967 3810 3020 cir-

2199 3051 2334 3104 citer
2354 3050 2530 3115 mille,
2573 3051 2717 3105 nulla
2758 3053 3002 3108 obscaani
3036 3054 3272 3108 rumoris
3297 3063 3353 3110 et
3379 3055 3603 3124 polluta:
3633 3056 3807 3128 virgi-

2199 3140 2386 3196 nitatis
2437 3143 2601 3197 ullam
2650 3144 2886 3199 fabulam
2935 3143 3104 3199 dedit.
3169 3145 3301 3213 Quis
3355 3146 3539 3202 valeat
3581 3147 3811 3205 silentio

491 3235 859 3308 virginitatem
885 3243 1059 3287 morte
1082 3242 1393 3287 servarent.
1413 3244 1431 3267 α
1452 3231 2099 3303 DeniotionisAreopagi-
2124 3237 2168 3297 (ζ
2203 3233 2483 3303 praeterire
2535 3247 2741 3306 septem
2786 3237 3020 3293 Milesias
3067 3237 3328 3309 virgines,
3362 3256 3482 3310 qua;
3511 3242 3797 3298 Gallorum

494 3341 678 3386 tarum
713 3327 973 3398 principis
1002 3328 1157 3395 virgo
1186 3326 1316 3393 lilia,
1349 3326 1535 3380 audito
1556 3326 1743 3393 sponsi
1772 3324 2097 3380 Leosthenis

495 3421 750 3489 interitu,
784 3419 878 3490 qui
903 3419 1106 3474 bellum
1136 3418 1449 3473 Lamiacum
1484 3420 1810 3485 concitarat,
1846 3435 1905 3475 se
1932 3420 2102 3474 inter-

494 3515 671 3572 fecit:
719 3527 969 3568 asserens
1007 3511 1034 3550 ιι
1067 3528 1392 3582 quamquam
1436 3513 1631 3567 intacta
1668 3523 1814 3568 esset
1844 3529 2097 3582 corpore,

496 3617 682 3664 tamen
712 3608 756 3663 si
795 3608 1033 3662 alterum
1081 3605 1333 3674 accipere
1376 3615 1682 3674 cogeretur,
1717 3607 1870 3675 quasi
1907 3623 2103 3662 secun-

498 3703 628 3757 dum
680 3701 976 3771 acciperet,
1027 3714 1151 3753 cum
1188 3698 1354 3769 priori
1389 3707 1570 3753 mente
1601 3701 1895 3766 nupsisset.
1939 3699 2104 3771 308

497 3797 786 3868 Spartiatae
810 3805 866 3849 et
894 3791 1149 3849 Messenii
1167 3791 1260 3846 diu
1286 3791 1428 3846 inter
1451 3807 1508 3845 se
1537 3791 1779 3846 habuere
1803 3790 2098 3856 amicitias,

499 3891 560 3944 in
585 3898 790 3946 tantum
817 3896 878 3943 ut
903 3887 974 3942 ob
1005 3885 1252 3957 quaedam
1284 3899 1435 3938 sacra
1467 3885 1629 3939 etiam
1664 3883 1902 3953 virgines
1930 3883 1998 3938 ad
2043 3900 2103 3940 se

501 3992 698 4038 mutuo
742 3982 1040 4034 mitterent.
1091 3977 1337 4044 Quodam
1395 3976 1557 4045 igitur
1605 3985 1849 4045 tempore
1900 3991 2020 4030 cum
2081 3988 2101 4014 ο

503 4073 896 4146 quinquaginta
948 4070 1188 4140 virgines
1252 4068 1788 4124 Lacedaemoniorum
1852 4067 2107 4123 Messenii

503 4168 718 4222 violare
765 4172 1089 4229 tentassent,
1141 4164 1208 4217 de
1262 4172 1412 4216 tanto
1465 4178 1690 4218 numero
1740 4162 1808 4217 ad
1855 4172 2102 4231 stuprum

504 4261 657 4317 nulla
684 4259 988 4323 consensit,
1010 4256 1104 4312 sed
1123 4272 1314 4311 omnes
1339 4256 1703 4312 libentissime
1727 4271 1823 4327 pro
1846 4255 2103 4327 pudicitia

505 4355 900 4412 occubuerunt.
948 4351 1314 4419 Quamobrem
1343 4364 1510 4419 grave
1543 4349 1740 4404 bellum
1771 4359 1824 4404 et
1849 4348 2102 4420 longissi-

2201 3327 2405 3394 impetu
2427 3339 2620 3382 cuncta
2646 3338 2911 3396 vastante,
2935 3345 3003 3386 ne
3028 3331 3155 3401 quid
3181 3332 3438 3387 indecens
3459 3331 3528 3386 ab
3549 3332 3801 3391 hostibus

2203 3421 2367 3493 309
2419 3423 2778 3490 sustinerent,
2828 3424 3222 3494 turpitudinem
3276 3434 3454 3482 morte
3501 3425 3818 3497 fugerunt,

2205 3513 2517 3582 exemplum
2559 3514 2646 3568 sui
2685 3515 2896 3571 cunctis
2927 3517 3230 3586 virginibus
3272 3517 3672 3586 relinquentes,
3714 3520 3818 3575 lio-

2207 3607 2378 3661 uestis
2410 3607 2683 3661 mentibus
2715 3608 2888 3678 magis
2917 3609 3236 3678 pudicitiam
3261 3625 3406 3665 curae
3427 3626 3575 3674 esse,
3605 3610 3623 3652 ί
3650 3627 3814 3682 quam

2206 3701 2392 3757 vitam.
2427 3703 2683 3767 Nicanor,
2717 3702 2874 3757 victis
2905 3702 3106 3758 Thebis
3137 3713 3301 3775 atque
3317 3704 3620 3770 subversis,
3653 3706 3817 3761 unius

2208 3792 2436 3862 virginis
2465 3794 2695 3863 captivae
2736 3807 2922 3849 amore
2962 3803 3252 3862 superatus
3279 3803 3383 3849 est.
3415 3791 3582 3864 Cujus
3624 3795 3817 3864 c0nju-

2208 3885 2352 3956 gium
2385 3896 2667 3956 expetens,
2701 3896 2754 3941 et
2786 3886 3122 3942 voluntarios
3147 3887 3452 3958 amplexus,
3493 3888 3638 3956 quod
3670 3889 3819 3944 scili-

2207 3987 2295 4034 cet
2320 3981 2531 4047 captiva
2556 3987 2746 4047 optare
2775 3978 3057 4043 debuerat,
3089 3979 3263 4034 sensit
3293 3980 3505 4050 pudicis
3535 3983 3818 4039 mentibus

2209 4069 2330 4141 plus
2361 4070 2726 4141 virginitatem
2759 4085 2881 4126 esse
2906 4085 3065 4141 quam
3103 4087 3349 4142 regnum,
3383 4081 3436 4127 et
3463 4072 3810 4130 interfectam

2212 4164 2434 4235 propria
2465 4180 2650 4232 manu,
2699 4165 2836 4219 flens
2860 4177 2916 4221 et
2963 4166 3155 4237 lugens
3192 4176 3405 4222 amator
3437 4170 3632 4224 tenuit.
3679 4171 3817 4228 Nar-

2213 4268 2337 4314 rant
2372 4260 2666 4330 scriptores
2709 4259 2884 4315 Graeci
2935 4271 2958 4308 ε
3011 4269 3064 4316 et
3097 4261 3258 4316 aliain
3292 4261 3605 4317 Thebanam
3649 4265 3814 4336 virgi-

2212 4352 2416 4423 ginem,
2444 4367 2604 4421 quam
2632 4352 2800 4408 hostis
2824 4352 3045 4409 Macedo
3067 4364 3408 4425 corruperat,
3434 4354 3814 4413 dissimulasse

582 4479 608 4507 α
644 4467 961 4522 Demotion-is
993 4465 1456 4536 AreOpagitarum.
1482 4461 1780 4536 Numquam
1813 4462 2099 4536 consilium
2130 4465 2178 4524 Ι)
2205 4463 2345 4536 infra
2373 4473 2476 4529 est,
2507 4465 2726 4520 codices
2754 4467 2924 4521 nostri
2970 4464 3306 4532 Mamertina,
3336 4468 3808 4536 quemadmodum

509 4540 650 4596 mihi
677 4541 776 4593 l'uit
796 4537 1065 4591 scribendi
1095 4532 1527 4590 Commentarios
1553 4535 1604 4587 in
1627 4533 1802 4601 Opera
1827 4533 1883 4589 S.
1913 4532 2102 4589 Hiero-

513 4611 665 4681 nymi
688 4650 702 4672 ,
738 4610 838 4681 nisi
878 4607 1015 4661 forte
1052 4607 1104 4661 in
1144 4607 1338 4681 librum
1374 4605 1757 4681 l_lt_:braicoruin
1788 4605 2065 4681 nominum
2088 4648 2101 4669 ,

512 4675 676 4750 quem
704 4679 938 4733 sciebam
961 4679 1294 4746 contemptui
1319 4675 1720 4750 habitumapud
1751 4675 1968 4750 inultos.
1999 4679 2102 4750 Ita:

515 4746 625 4822 que
675 4764 857 4818 puram
884 4751 983 4822 hic
1015 4764 1097 4822 ac,
1127 4751 1412 4817 genuinam
1431 4748 1745 4822 _editionem
1793 4746 2105 4822 lslieronymi

515 4818 757 4891 requirat
777 4819 1049 4874 studiosus
1090 4821 1281 4882 lector,
1309 4833 1413 4873 noo
1431 4818 1851 4888 Pwtlagogorum
1872 4818 2071 4888 tliligeu
2086 4848 2104 4859 -

515 4893 648 4948 tiam
671 4894 1026 4960 Scriptorum,
1053 4892 1103 4944 in
1129 4892 1240 4944 suis
1268 4891 1418 4943 libris
1440 4890 1825 4944 ostentantium
1850 4891 2109 4945 eruditio-

518 4981 645 5020 nem
696 4963 1002 5018 Graicinum
1035 4975 1093 5013 ar
1121 4960 1541 5016 Romanensium
1576 4960 1896 5014 fabularum.
1929 4963 2103 5016 Caete-

520 5051 668 5099 rum,
694 5033 786 5102 qui
814 5034 953 5086 scize
985 5033 1246 5097 voluerit,
1277 5032 1420 5085 unde
1450 5043 1594 5085 tanta
1628 5032 1965 5101 antiqmtatis
1992 5049 2111 5088 mo-

522 5101 784 5159 numenta
808 5103 1092 5173 collegerit
1125 5103 1207 5151 vir
1230 5115 1450 5173 sanctus
1477 5101 2111 5173 Hteronymns,Consulat

519 5172 1239 5244 Chroniconjiusebiaiutm,
1264 5170 1924 5244 Strabonethtislinum,
1951 5173 2110 5244 Poly-

518 5243 704 5304 bium,
736 5242 796 5296 L.
828 5240 1049 5294 Florum
1070 5282 1082 5298 ,
1116 5238 1561 5309 Xenophontem,
1588 5241 1948 5306 Herodotum,
1983 5238 2110 5300 Plit-

519 5325 572 5367 ta
583 5318 792 5379 rclnnn,
810 5310 1264 5384 Theophrastum,
1277 5321 1333 5364 et
1349 5311 1609 5382 reliquos,
1629 5329 1763 5382 quos
1783 5316 1794 5366 i
1803 5330 1895 5383 pse
1913 5318 2112 5384 saepius

522 5384 778 5493 appellat.
805 5381 1072 5435 Maurus.

669 5457 697 5493 ι
712 5454 887 5493 “Lstin-
939 5467 1072 5493 Sinin

546 5450 622 5537 :5
669 5454 887 5509 Videtur
939 5450 1304 5522 Supplendum
1354 5455 1493 5523 quod
1543 5453 1607 5508 ad
1657 5469 1852 5508 sensus
1893 5452 2112 5524 elegan-

517 5537 675 5580 tiam.

599 5607 621 5634 ο
663 5596 894 5650 Consule
920 5594 1170 5650 Orosium
1211 5594 1303 5647 lib.
1339 5609 1398 5658 ιι,
1425 5609 1474 5648 c.
1508 5594 1599 5657 2t;
1627 5593 1946 5647 Strabonem
1979 5609 2109 5662 quo-

527 5680 633 5733 que
662 5667 758 5719 lib.
783 5683 853 5732 v1,
886 5665 1156 5720 Justinum
1188 5665 1280 5718 lib.
1327 5679 1403 5729 tu,
1431 5675 1482 5716 ct
1529 5663 1869 5733 Eustatliium
1901 5663 1952 5716 in
1989 5665 2110 5718 υἱυι

527 5732 762 5801 nysium.
795 5737 915 5788 Mox
955 5735 1362 5800 Casanateusis,
1415 5733 1650 5804 Virgines
1687 5732 2102 5789 Lacedaemonio-

521 5817 639 5858 tum
665 5809 840 5866 issent,
865 5815 911 5855 et
942 5820 1027 5858 eas
1071 5805 1328 5873 Messenii,
1355 5815 1460 5861 etc.
1489 5803 1593 5860 i‘ro
1616 5803 1910 5872 Mamertia,
1953 5806 2096 5876 quod

2212 4535 2271 4611 i_n_
2289 4535 2560 4611 Chronico
2587 4537 2652 4591 ad
2685 4543 2885 4611 annum
2914 4541 3098 4611 ututi-lt
3127 4537 3272 4611 H30_
3300 4554 3312 4590 :
3346 4535 3589 4611 Messana
3617 4557 3734 4611 qua:
3759 4551 3807 4597 et

2213 4605 2547 4672 Mamertina,
2591 4619 2699 4680 etc.
2730 4608 2938 4663 Plinius
2967 4609 3003 4661 I.
3038 4623 3214 4680 ttt,_c.
3249 4608 3282 4663 8
3309 4626 3319 4660 :
3357 4605 3640 4680 Oppidum'
3670 4611 3810 4666 Mes-

2209 4694 2337 4733 sana
2365 4680 2547 4733 cinium
2580 4677 2952 4743 Romanorum,
2976 4681 3066 4750 qui
3094 4677 3688 4736 Mamertinivomntur.
3717 4685 3808 4740 De-

2214 4765 2321 4821 nuo
2352 4752 2530 4805 recole
2563 4751 2853 4804 Eusebium
2888 4751 2953 4821 ad
2981 4749 3070 4803 an.
3093 4750 3254 4804 5670.
3287 4749 3430 4805 Infra
3456 4768 3554 4821 pro
3574 4753 3809 4808 Arcadia

2211 4820 2590 4876 Casanatemis
2615 4821 2776 4873 habet
2806 4820 3020 4873 Achaia.
3157 4831 3161 4834 '

2284 4889 2310 4927 ά
2353 4892 2511 4946 Fal~o
2559 4902 2678 4946 erat
2737 4889 3112 4961 Hyacinthina.
3172 4891 3338 4947 Erant
3384 4903 3563 4949 autem
3617 4895 3808 4952 isthmc

2214 4963 2477 5032 Apollini,
2503 4962 2614 5016 sive
2647 4961 2844 5016 Libero
2869 4973 3140 5032 nocmrna
3167 4977 3341 5018 sacra.
3375 4966 3684 5022 Macrobius
3711 4969 3804 5022 lib.

2214 5049 2229 5086 ι
2267 5031 2461 5098 Satyr.
2496 5050 2546 5085 (ε.
2583 5032 2650 5087 l8
2679 5050 2691 5085 :
2723 5031 2875 5103 Apud
2907 5031 3326 5104 Lacedarmonios
3359 5039 3510 5089 etiam
3538 5037 3592 5090 in
3615 5040 3800 5104 sacris,

2212 5120 2328 5174 qum
2368 5104 2600 5174 Apollini
2635 5105 2916 5167 celebrant,
2967 5103 3285 5174 Hyacinthia
3331 5117 3587 5173 vocantes,
3615 5109 3804 5163 hedera

2211 5184 2522 5247 coronantur
2566 5173 2821 5247 Bacchica
2866 5173 3276 5247 ritu._Mux_pro
3315 5180 3606 5247 quindecim
3651 5191 3805 5234 vetus

2213 5244 2383 5319 editio
2413 5243 2572 5298 liabet
2593 5245 2885 5299 duodecim.
2915 5245 3119 5301 Deinde
3139 5243 3520 5304 Casanateusis
3549 5252 3802 5319 quamdiu

2214 5316 2498 5385 potuitpro
2529 5329 2800 5378 quantum.

2293 5394 2316 5420 ο
2357 5384 2492 5459 Vtile
2518 5387 2868 5459 l'luiarchum
2897 5388 2949 5442 in
2995 5387 3274 5459 Pelopida,
3325 5397 3384 5444 et
3424 5388 3476 5444 in
3507 5391 3802 5447 Amatoriis

2214 5456 2638 5511 narrationibus.

2293 5530 2310 5563 τ
2351 5526 2487 5604 Fide
2521 5529 2571 5581 in
2623 5527 2777 5604 Jonm
2815 5543 2862 5604 c.
2894 5544 2908 5582 ι
2941 5546 2953 5581 :
2988 5528 3136 5584 Unde
3179 5542 3226 5585 et
3273 5533 3326 5585 in
3369 5534 3803 5604 persecutionibus

2214 5614 2323 5680 non.
2342 5595 2457 5718 (licet
2506 5600 2716 5669 propria
2746 5599 2915 5670 perire
2948 5617 3123 5668 manu,
3154 5604 3345 5674 absque
3369 5595 3430 5658 eo
3470 5606 3556 5658 ubi
3583 5607 3798 5658 castitas

2214 5685 2354 5718 verm
2379 5679 2554 5718 mitur.

2214 5679 2554 5738 permittatur.

2284 5749 2311 5786 ε
2336 5739 2608 5816 _Veto_slus
2636 5741 2808 5798 codex
2837 5741 2978 5813 apud
3019 5742 3274 5800 Gravium
3309 5759 3405 5816 pro
3435 5754 3482 5800 et
3512 5745 3673 5800 aliam
3704 5745 3802 5800 lia-

2203 5807 2611 5865 bet/Ethaliam.
