4068 6312
209 310 310 368 975

1311 312 1685 371 ADVERSUS
1722 312 2130 371 JOVINIANUM
2169 313 2303 369 LIB.
2345 313 2383 368 Ι.

3402 320 3508 378 επ

211 427 480 499 paulisper
509 427 780 496 dolorem,
810 439 864 485 et
890 430 1210 486 violatorem
1237 431 1566 502 virginitatis
1590 446 1703 486 sua:
1719 431 1807 500 ju«
1833 431 1888 492 Α
1915 431 2164 500 piendam
2196 447 2340 496 esse,
2386 429 2748 501 apprehensis
2788 430 2856 483 ab
2888 440 3121 500 utroque
3172 433 3342 487 latere
3385 447 3512 503 par-

205 521 419 591 gulasse
441 530 632 595 postea
655 523 1014 581 dormientem
1041 543 1053 578 :
1081 541 1248 597 seque
1276 527 1618 584 interfecisse
1633 536 1658 564 ει
1691 528 1804 597 gla-

204 611 316 678 dio,
348 623 405 668 ut
437 630 539 670 nec
565 617 746 672 vivere
769 617 1002 672 voluerit
1026 629 1148 688 post
1178 621 1444 688 perditam
1475 621 1802 688 castitatem,

207 720 308 762 nec
334 718 464 764 ante
491 709 648 771 mori,
678 724 836 778 quam
862 713 945 766 sui
977 713 1136 767 ultrix
1163 714 1439 768 existeret.

278 801 369 856 42.
413 805 455 857 A
503 805 782 878 virginibus
831 817 1217 878 procreatarum
1267 808 1480 879 fabulae.
1522 839 1591 851 -—-
1649 808 1805 879 Apud

208 892 700 965 Gymnosophislas
733 897 914 961 ludite,
947 902 1102 967 quasi
1139 915 1237 968 per
1264 915 1458 952 manus
1499 900 1660 968 hujus
1690 902 1808 969 opi-

207 985 387 1041 nionis
416 989 716 1043 auctoritas
749 989 1003 1058 traditur,
1032 992 1178 1061 quod
1209 989 1235 1028 δ
1265 991 1504 1046 Buddam
1539 990 1645 1063 [Αι.
1675 993 1807 1047 Bul-

207 1079 354 1151 dam]
387 1081 690 1151 principem
719 1082 992 1153 dogmatis
1021 1099 1233 1151 eorum,
1267 1101 1298 1139 e
1328 1085 1499 1140 latere
1527 1099 1628 1139 suo
1658 1087 1806 1155 virgo

205 1175 504 1242 generarit.
537 1173 648 1230 Nec
673 1173 776 1230 hoc
798 1177 996 1231 mirum
1026 1176 1096 1231 de
1130 1176 1380 1232 Barbaris
1407 1219 1421 1243 ,
1449 1194 1572 1232 cum
1602 1179 1806 1233 Miner-

205 1280 325 1321 vam
351 1282 570 1338 quoque
596 1267 666 1324 de
697 1270 876 1339 capite
903 1269 1076 1336 Jovis,
1123 1281 1177 1325 et
1206 1269 1461 1326 Liberum
1497 1282 1707 1342 patrem
1736 1271 1806 1326 de

210 1369 232 1397 ο
265 1359 475 1414 femore
517 1359 636 1431 ejus
669 1371 1009 1432 procreatos,
1037 1363 1351 1418 doctissima
1398 1364 1620 1420 finxerit
1647 1365 1803 1420 Grae-

207 1453 311 1509 cia.
344 1455 683 1526 Speusippus
730 1471 945 1527 quoque
998 1458 1204 1513 sororis
1249 1458 1492 1514 Platonis
1540 1458 1708 1525 filius,
1751 1467 1808 1514 et

206 1548 501 1605 Clearchus
530 1551 580 1604 in
613 1550 772 1606 laude
802 1551 1069 1616 Platonis,
1101 1565 1160 1607 et
1189 1549 1217 1588 ά
1248 1551 1568 1607 Anaxilides
1607 1552 1662 1606 in
1713 1566 1804 1605 se-

205 1639 386 1695 cundo
415 1642 554 1697 libro
597 1641 988 1711 Philosonhiae,
1023 1643 1382 1700 Perictiouem
1415 1655 1644 1699 matrem
1683 1644 1805 1700 Pla-

205 1732 365 1798 tanis,
397 1734 769 1802 phantasmate
827 1735 1099 1804 Apollinis
1154 1750 1470 1806 oppressam
1505 1735 1706 1801 ferunt,
1750 1744 1806 1791 et

1907 525 2045 579 vulis
2072 524 2220 589 filiis,
2250 523 2304 578 in
2332 522 2641 593 subjectum
2673 522 2866 578 domus
2892 538 3005 578 suae
3025 522 3299 579 devolavit
3322 523 3508 580 incen-

1906 617 2078 672 dium.

1977 708 2066 763 44.
2109 709 2247 775 Quid
2279 709 2467 780 loquar
2487 709 2720 764 Nicerati
2745 711 3192 780 conjugem,quae
3218 712 3511 780 impatiens

1907 801 2115 870 injuria:
2142 803 2266 867 viri,
2300 813 2526 856 mortem
2559 802 2663 857 sibi
2700 803 2810 872 ipsa
2844 805 3128 868 conscivit,
3179 820 3247 859 ne
3289 804 3511 874 triginta

1909 902 2283 964 tyrannorum,
2311 909 2448 964 quos
2486 894 2766 966 Lysander
2792 895 2950 948 victis
2980 893 3203 950 Athenis
3240 897 3514 962 imposue-

1908 995 2012 1049 rat,
2062 984 2340 1038 libidinem
2389 985 2728 1039 sustineret?
2778 985 3068 1040 Artemisia
3109 1001 3323 1054 quoque
3373 1002 3515 1042 uxor

1908 1077 2138 1132 Mausoli
2191 1078 2415 1146 insignis
2454 1077 2728 1147 pudicitim
2776 1076 2945 1131 fuisse
2997 1079 3333 1146 perhibetur.
3378 1079 3512 1147 Quae

1907 1186 2030 1224 cum
2083 1181 2227 1225 esset
2268 1171 2453 1241 regina
2483 1171 2681 1236 Cariae,
2727 1181 2780 1224 et
2812 1170 3072 1225 nobilium
3121 1187 3400 1241 poe.arum
3433 1181 3518 1227 at-

1908 1279 2013 1336 que
2055 1267 2438 1321 historicorum
2471 1265 2718 1319 laudibus
2745 1265 3106 1335 praedicetur,
3142 1275 3167 1311 κ
3195 1267 3248 1320 in
3293 1266 3396 1321 hoc
3425 1266 3516 1322 vel

1910 1358 2144 1411 maxime
2182 1357 2427 1422 ell‘ertur,
2455 1357 2598 1426 quod
2627 1356 2939 1412 defunctum
2971 1358 3226 1411 maritum
3268 1357 3346 1411 sic
3370 1371 3515 1412 sem-

1910 1462 2007 1517 per
2036 1448 2235 1502 amavit
2266 1457 2324 1502 ut
2351 1449 2552 1512 vivum,
2584 1457 2636 1502 et
2663 1448 3221 1517 mirmmaguitudinis
3251 1445 3275 1482 δ
3300 1459 3518 1503 exStru-

1911 1547 1987 1601 xit
2010 1546 2342 1616 sepulcrum,
2362 1546 2626 1600 iutantum
2657 1554 2714 1598 ut
2741 1560 2913 1614 usque
2941 1544 3102 1599 hodie
3123 1543 3302 1598 omnia
3334 1546 3518 1614 sepul-

1911 1653 2000 1692 cra
2029 1638 2261 1708 pretiosa
2303 1653 2367 1691 ex
2397 1638 2616 1692 nomine
2639 1637 2757 1706 ejus
2788 1636 3076 1692 Mausolzea
3111 1646 3509 1707 nuncupentur.

1910 1730 2080 1786 Teuta
2123 1731 2460 1801 Illyricorum
2514 1731 2729 1800 regina,
2783 1738 2840 1784 ut
2880 1729 3041 1798 longo
3090 1738 3332 1799 tempore
3383 1729 3512 1784 viris

201 1824 480 1895 sapientiae
510 1827 816 1897 principem
849 1843 957 1882 non
1007 1829 1165 1883 aliter
1195 1829 1550 1896 arbitrantur,
1604 1830 1704 1884 nisi
1735 1829 1803 1885 de
1834 1812 1882 1873 Β
1911 1823 2219 1878 fortissimis
2264 1825 2551 1892 imperaret
2571 1865 2585 1888 ,
2617 1833 2671 1876 et
2716 1821 2991 1875 Romanos
3023 1838 3166 1889 saepe
3210 1822 3509 1893 frangeret,

207 1927 356 1987 partu
386 1919 611 1988 virginis
643 1919 872 1975 editum.
905 1919 1013 1974 Sed
1043 1930 1098 1974 et
1122 1920 1359 1974 Timzeus
1390 1921 1579 1976 scribit
1611 1920 1811 1992 Pytha-

203 2025 349 2082 gora:
375 2012 643 2082 virginem
679 2013 847 2066 ﬁliam
891 2012 1065 2066 choro
1103 2013 1371 2082 virginum
1406 2013 1711 2082 praefuisse,
1759 2023 1812 2069 et

200 2105 472 2160 castitatis
501 2120 594 2158 eas
618 2105 924 2159 instituisse
946 2104 1228 2159 doetrinis.
1262 2104 1529 2160 Diodorus
1564 2114 1587 2141 θ
1617 2105 1814 2160 Socra-

203 2198 350 2250 ticus
376 2199 620 2265 quinque
646 2196 785 2250 filias
807 2195 1135 2250 Dialecticas
1165 2197 1393 2267 insignis
1421 2197 1690 2266 pudicitiae
1719 2197 1816 2251 ha-

201 2288 392 2344 buisse
427 2299 702 2353 narratur,
734 2289 803 2344 de
849 2289 1047 2359 quibus
1076 2301 1128 2345 et
1173 2290 1331 2345 Philo
1361 2291 1655 2347 Carneadis
1703 2308 1815 2348 ma-

199 2381 376 2452 gister
431 2381 803 2451 plenissimam
853 2382 1043 2436 scribit
1091 2383 1395 2438 historiam.
1430 2384 1507 2439 Ac
1556 2402 1622 2440 ne
1660 2386 1817 2441 nobis

203 2474 492 2530 Dominum
542 2475 880 2532 Salvatorem
925 2477 994 2532 de
1039 2477 1261 2547 Virgine
1306 2490 1650 2549 procreatum
1701 2481 1812 2534 lio-

206 2583 362 2623 mana
393 2568 752 2638 exprobraret
781 2569 1048 2639 potentia,
1093 2580 1346 2625 auctores
1373 2572 1538 2643 310
1582 2572 1731 2626 urbis
1759 2582 1816 2626 et

203 2659 382 2731 gentis
412 2675 546 2724 suae,
577 2659 671 2714 llia
705 2661 918 2728 virgine
940 2672 995 2715 et
1022 2661 1193 2718 Marte
1214 2663 1430 2732 genitos
1447 2663 1809 2718 arbitrantur.

272 2753 362 2809 45.
414 2752 602 2808 Vidua:
627 2751 861 2825 gentiles.
895 2782 968 2793 --
1004 2752 1130 2809 ﬂzec
1157 2753 1225 2808 de
1251 2753 1554 2824 virginibus
1598 2756 1810 2825 saeculi,

205 2860 429 2902 currens
460 2862 554 2916 per
577 2847 904 2916 multiplices
934 2847 1209 2915 historias,
1233 2856 1289 2902 et
1311 2863 1607 2919 properans
1628 2863 1812 2904 sermo

207 2939 608 3008 perstrinxerit.
662 2939 883 2994 Veniam
934 2939 1000 2992 ad
1049 2941 1332 2994 maritatas
1378 2939 1486 3010 [Αἰ.
1539 2940 1810 3013 maritas],

207 3047 324 3102 quae
368 3031 600 3087 mortuis
627 3029 716 3085 vel
767 3028 786 3066 ί
825 3029 1024 3084 occisis
1068 3030 1206 3085 viris
1232 3032 1582 3100 supervivere
1625 3032 1812 3087 nolue-

210 3132 359 3191 runt,
388 3137 478 3178 'ne
524 3129 854 3192 cogerentur
883 3121 1159 3176 secundos
1187 3137 1349 3177 nosse
1388 3125 1730 3190 concubitus,
1757 3134 1812 3179 et

1913 1916 2175 1969 miraculo
2218 1915 2404 1984 utique
2447 1913 2645 1968 meruit
2687 1914 2974 1967 castitatis.
3021 1913 3162 1978 Indi,
3214 1923 3272 1968 ut
3320 1930 3513 1971 omnes

1914 2008 2074 2080 311
2107 2024 2244 2077 pene
2271 2009 2509 2074 barbari,
2547 2022 2744 2062 uxores
2783 2007 3045 2077 plurimas
3093 2009 3313 2063 habent.
3353 2009 3515 2075 Apud

1915 2118 2011 2156 eos
2040 2104 2126 2156 lex
2151 2112 2254 2164 est,
2283 2112 2343 2156 ut
2366 2117 2504 2156 uxor
2527 2101 2845 2156 charissima
2873 2117 2998 2155 cum
3028 2099 3287 2156 defuncto
3318 2102 3515 2158 marito

1916 2205 2212 2248 cremetur.
2259 2195 2350 2248 Hie
2397 2196 2559 2264 igitur
2585 2193 2917 2248 contendunt
2964 2195 3108 2248 inter
3141 2208 3203 2249 se
3232 2195 3299 2248 de
3328 2209 3515 2250 amore

1917 2286 2018 2341 viri
2045 2304 2060 2351 ;
2091 2294 2146 2341 et
2172 2285 2400 2340 ambitio
2431 2301 2639 2340 summa
2669 2286 2995 2340 certantium
3018 2295 3124 2352 est,
3158 2300 3219 2340 ac
3272 2288 3515 2340 testimo-

1920 2378 2065 2434 nium
2095 2379 2384 2444 castitatis,
2415 2378 2631 2448 dignam
2675 2387 2847 2433 morte
2874 2379 3120 2434 decerni.
3172 2379 3354 2449 Itaque
3402 2379 3514 2434 vic-

1921 2471 2026 2526 trix
2059 2472 2110 2526 in
2143 2471 2328 2526 habitu
2361 2483 2664 2539 ornatuque
2707 2473 2937 2541 pristino
2975 2473 3131 2542 juxta
3159 2472 3394 2527 cadaver
3419 2487 3514 2528 ac-

1918 2565 2100 2631 cubat,
2131 2567 2451 2634 amplexans
2495 2565 2622 2620 illud
2653 2574 2709 2620 et
2744 2566 3089 2635 dCOSCIIIaIIS,
3119 2577 3175 2622 et
3205 2568 3516 2636 suppositos

1918 2657 2092 2728 ignes,
2135 2657 2412 2726 pudicitiae
2455 2657 2612 2713 laude
2660 2667 3039 2715 contemnens.
3087 2660 3226 2714 Puto
3271 2677 3390 2728 qua:
3437 2661 3518 2716 sic

1919 2750 2170 2816 moritur,
2204 2750 2472 2804 secundas
2522 2751 2736 2819 nuptias
2766 2766 2872 2806 non
2922 2753 3169 2820 requirit.
3207 2751 3516 2807 Alcibiades

1917 2841 2013 2896 ille
2041 2841 2380 2910 Socraticus,
2413 2843 2567 2898 victis
2598 2843 3045 2909 Atheniensibus,
3078 2845 3215 2910 fugit
3245 2845 3310 2900 ad
3341 2845 3513 2900 Phar-

1918 2933 2201 2988 nabazum.
2253 2935 2374 3002 Qui,
2407 2947 2629 3004 accepto
2674 2935 2847 3005 pretio
2883 2953 2912 2991 a
2960 2937 3239 3010 Lysandro
3268 2938 3512 3008 principe

1915 3025 2492 3090 Lacedaemoniorum,
2539 3028 2699 3098 jussit
2775 3043 2898 3083 eum
2949 3030 3204 3086 interfici.
3265 3032 3514 3098 Cumque

1916 3121 2178 3177 sulfocato
2218 3133 2380 3191 caput
2422 3133 2567 3178 esset
2595 3123 2857 3190 ablatum,
2891 3135 2945 3180 et
2977 3128 3199 3181 missum
3231 3126 3513 3198 Lysandro

207 3232 329 3286 quae
356 3215 499 3270 mire
524 3215 716 3268 unicos
743 3223 1063 3268 amaverunt
1084 3216 1340 3281 maritos;
1374 3225 1434 3270 ut
1462 3219 1697 3273 sciamus
1725 3217 1807 3273 di-
1836 3198 1880 3260 (ἶ
1914 3217 1965 3271 iu
1998 3219 2369 3272 testimonium
2394 3218 2562 3274 caedis
2587 3219 2836 3288 expletm,
2862 3221 3067 3289 reliqua
3092 3237 3218 3292 pars
3266 3219 3514 3289 corporis

205 3306 448 3376 gamiam
481 3303 623 3372 apud
653 3302 914 3358 Ethnicos
945 3305 1106 3357 etiam
1141 3306 1441 3373 reprobari.
1477 3307 1634 3376 Dido,
1659 3323 1812 3364 soror

210 3395 612 3467 PygmaliOnis,
647 3395 817 3450 multo
859 3395 976 3449 auri
1003 3404 1058 3450 et
1086 3397 1298 3466 argenti
1326 3398 1563 3466 pondere
1584 3414 1813 3469 congre-

207 3499 358 3562 gato,
391 3489 445 3544 in
477 3487 716 3543 Africam
752 3489 1047 3559 navigavit,
1079 3489 1260 3558 ibique
1299 3492 1488 3547 urbem
1529 3493 1814 3566 Carthagi-

212 3599 334 3639 nem
366 3580 636 3648 condidit,
687 3594 742 3637 et
778 3597 900 3637 cum
946 3584 1014 3637 ab
1040 3582 1200 3638 Iarba
1233 3583 1387 3655 [Mss.
1426 3585 1648 3657 Hiarba]
1683 3603 1811 3657 rege

213 3675 395 3749 Libym
450 3675 504 3730 in
564 3674 874 3745 conjugium
930 3684 1226 3743 peteretur,
1286 3679 1557 3746 paulisper
1606 3680 1816 3738 distulit

212 3767 453 3836 nuptias,
485 3767 661 3822 donec
703 3766 966 3822 conderet
995 3767 1292 3824 civitatem.
1337 3769 1447 3826 Nec
1479 3772 1650 3827 multo
1693 3783 1816 3842 post

211 3866 492 3914 exstructa
543 3859 598 3914 in
651 3859 971 3914 memoriam
1039 3860 1216 3915 mariti
1288 3861 1557 3932 quondam
1616 3865 1814 3921 Sichtei

214 3967 367 4024 pyra,
422 3951 617 4006 maluit
663 3951 860 4007 ardere
910 3967 1072 4021 quam
1125 3953 1348 4008 nubere.
1402 3953 1563 4010 Casta
1621 3959 1816 4013 mulier

213 4045 599 4114 Carthaginem
628 4043 890 4110 condidit,
921 4053 970 4098 et
992 4061 1203 4100 rursum
1235 4047 1426 4102 eadem
1457 4049 1583 4103 urbs
1614 4051 1664 4102 iu
1695 4066 1816 4105 cas-

215 4138 380 4193 litatis
410 4138 571 4193 laude
604 4137 753 4192 finita
784 4147 885 4191 est.
920 4135 1052 4191 Nam
1086 4138 1439 4195 Hasdrubalis
1471 4157 1629 4206 uxor,
1654 4153 1814 4212 capta

216 4240 269 4285 et
295 4231 518 4288 incensa
551 4230 707 4298 urbe,
750 4245 873 4285 eum
918 4245 978 4285 se
1028 4243 1277 4287 cerneret
1329 4247 1359 4286 a
1411 4233 1672 4288 Romanis
1722 4249 1819 4289 ca-

290 4466 316 4494 ει
359 4456 554 4512 Ferme
607 4455 909 4526 elegantius
966 4453 1169 4526 habent
1223 4464 1354 4503 mss.
1410 4452 1582 4526 nostri
1625 4459 1898 4526 omnesD

221 4543 340 4583 cum
372 4527 544 4582 veteri
575 4522 816 4581 editione
848 4525 1168 4594 interfecisse
1201 4536 1319 4574 cum
1363 4522 1552 4590 gaudio
1575 4537 1672 4591 pro
1695 4525 1813 4595 gla-

221 4601 324 4653 dio.

289 4671 316 4709 δ
357 4671 496 4725 Sunt
519 4670 609 4738 qui
654 4669 825 4722 velint
869 4667 1018 4738 hunc
1041 4679 1202 4735 quem
1243 4672 1507 4717 memorat
1536 4663 1596 4738 _S.
1628 4662 1814 4738 Pater,

224 4739 486 4805 Biultlam,
505 4734 586 4795 vel
607 4739 837 4801 Battum,
862 4734 1113 4793 eumdem
1137 4750 1257 4790 esse
1286 4749 1409 4787 cum
1439 4734 1818 4801 antiquissimo

226 4813 376 4881 cujus
404 4814 656 4867 meminit
696 4809 951 4864 Clemens
985 4807 1405 4881 Alexandrinus,
1448 4805 1820 4881 Sammonico-

229 4875 342 4938 ruin
399 4895 451 4938 et
491 4883 1084 4952 Gymnmopliistarum
1123 4876 1392 4945 principe.
1440 4875 1510 4952 At
1540 4886 1722 4927 natum
1758 4876 1823 4928 il-

229 4954 334 5009 lum
364 4970 433 5009 ex
465 4947 703 5023 Virgine,
741 4947 848 5007 non
871 4947 1324 5023 tlirxitICIetneus;
1361 4947 1504 5023 quod
1533 4957 1680 5023 certe
1713 4960 1821 5000 non

229 5017 641 5086 reticuissetfsi
688 5017 956 5092 ejusmodi
989 5023 1064 5092 de
1107 5017 1406 5092 illo_fabul_:t
1461 5017 1772 5071 traderetur
1807 5033 1819 5068 :

266 5113 385 5151 uani
437 5096 663 5150 omnino
711 5089 739 5146 εἰ
784 5092 970 5148 Budda
1022 5089 1318 5145 Manichaee
1376 5089 1644 5145 invectam
1702 5095 1826 5157 post

266 5113 385 5151 tiam
437 5113 663 5150 omnino
711 5113 739 5146 ιι
785 5113 970 5148 nuuua
1022 5113 1130 5145 mall

229 5113 431 5222 Ehrisri
459 5179 708 5235 tempora
735 5165 1130 5220 existimamus.

307 5249 327 5276 ο
375 5231 709 5292 Veronensis
737 5239 908 5306 prima
939 5248 1101 5306 manu
1142 5231 1205 5306 de
1255 5231 1468 5306 fortuna,
1498 5231 1641 5306 quod
1685 5231 1823 5306 alius

232 5309 458 5364 mutavit
487 5311 540 5362 in
571 5302 786 5369 semine,
833 5303 1283 5373 quemadmodum
1319 5302 1495 5373 etiam
1521 5302 1714 5358 codex
1766 5303 1824 5357 S.

229 5379 413 5435 Crucis
441 5381 626 5434 habet.
657 5380 810 5432 Alter
841 5371 980 5446 apud
1013 5373 1268 5446 Gravium
1293 5371 1358 5446 tle
1382 5374 1595 5442 femina.

301 5449 326 5488 ἀ
371 5451 518 5506 Idem
557 5440 891 5503 Veronensis
929 5444 1262 5506 Amaxilidis,
1297 5440 1684 5497 Casanatensis
1712 5441 1831 5495 Mu-

235 5521 498 5586 sciliadis,
549 5530 605 5575 et
655 5522 815 5587 paulo
866 5529 984 5587 post
1029 5516 1254 5587 {asmate
1299 5529 1396 5587 pro
1447 5513 1825 5587 phantasmate.

236 5583 504 5663 Diogenes
534 5583 902 5663 Laertiuslili.
934 5603 990 5642 ιιι
1018 5604 1030 5640 ι
1064 5588 1176 5663 xei,
1210 5584 1312 5663 ait,
1336 5583 1736 5663 ‘Axaznlidneév
1759 5593 1832 5658 τῷ

237 5652 457 5741 «ire;in
485 5661 960 5741 περιφλοσὸφωηλ
991 5656 1132 5726 quod
1169 5653 1351 5741 estld'e
1374 5652 1745 5741 Plti‘lgsop'ltis

240 5721 468 5790 fortasse
498 5721 718 5803 quiidém
753 5721 1144 5803 ipse_llieron.,
1199 5721 1834 5794 Philosophica'ltistoria

243 5807 454 5877 scripsit
484 5801 583 5875 pro
610 5801 986 5873 Philosophiae.

1910 3307 2125 3377 jacebat
2154 3309 2445 3378 insepulta.
2473 3310 2597 3365 Sola
2631 3312 2794 3381 igitur
2829 3314 3134 3368 concubina
3163 3323 3350 3367 contra
3383 3325 3515 3364 cru-

1915 3398 2180 3455 delissimi
2213 3400 2386 3456 hostis
2411 3403 2721 3472 imperium,
2748 3404 2890 3458 inter
2910 3415 3221 3468 extraneos,
3245 3413 3299 3457 et
3330 3401 3512 3454 immi-

1919 3504 2080 3548 nente
2109 3494 2444 3561 discrimine,
2472 3496 2644 3550 funeri
2671 3497 2814 3565 justa
2848 3499 3124 3565 persolvit,
3158 3496 3294 3550 mori
3328 3503 3515 3561 parata

1919 3599 2017 3654 pro
2048 3596 2283 3652 mortuo,
2314 3602 2472 3656 quem
2515 3588 2694 3642 vivum
2745 3587 3030 3642 dilexerat.
3080 3587 3362 3640 Imitentur
3403 3600 3518 3637 ma-

1919 3689 2114 3744 tronte,
2146 3689 2200 3734 et
2225 3691 2486 3734 matronae
2509 3681 2698 3734 saltem
2717 3677 3059 3742 Christianae,
3085 3677 3515 3734 concubinarum

1923 3773 2106 3839 ﬁdem,
2139 3787 2188 3830 et
2223 3784 2484 3844 prmstetit
2517 3777 2725 3839 liberae,
2780 3777 2923 3845 quod
2972 3773 3187 3841 captiva
3245 3773 3512 3829 serVavit.

1993 3866 2082 3922 45.
2125 3871 2304 3922 Strato
2333 3868 2546 3935 regulus
2572 3866 2788 3922 Sinodis
2815 3884 2974 3922 manu
3004 3864 3217 3936 propria
3244 3880 3303 3920 se
3327 3866 3516 3922 volens

1921 3957 2237 4021 confodere,
2271 3973 2338 4011 ue
2386 3959 2792 4012 imminentibus
2835 3959 3016 4014 Persis
3065 3956 3302 4011 ludibrio
3351 3957 3517 4024 foret,

1923 4065 2153 4120 quorum
2188 4049 2361 4104 foedus
2404 4049 2642 4121 .IEgyplii
2687 4051 2828 4122 regis
2867 4055 3127 4107 societate
3167 4048 3518 4119 neglexerat,

1926 4142 2306 4197 retrahebatur
2335 4141 2644 4209 formidine,
2674 4154 2726 4198 et
2754 4144 2992 4213 gladium
3022 4157 3181 4212 quem
3209 4142 3519 4211 arripuerat

1928 4236 2412 4306 circumspectans,
2471 4234 2708 4291 hostium
2770 4238 2994 4305 pavidus
3030 4234 3384 4307 exapectabat
3430 4233 3527 4289 ad-

1999 4465 2021 4492 ε
2063 4455 2263 4523 Accipe
2295 4456 2470 4509 locum
2503 4455 2644 4509 hunc
2671 4468 2734 4509 ex
2789 4452 3071 4510 Clemente
3117 4455 3377 4511 Stromat.
3426 4453 3523 4513 lib.

1924 4541 1978 4602 Iv
2004 4544 2016 4579 :
2052 4528 2105 4581 Αἱ
2133 4528 2229 4602 γὰρ
2256 4526 2509 4602 Διοδώρου
2529 4568 2541 4588 ,
2575 4532 2667 4602 rei}
2703 4526 2889 4602 κρόνου
2934 4527 3283 4602 ἓπιιςληθὲντρς
3307 4529 3525 4602 ,Λθυγαέ

1925 4600 2090 4671 τέρςς.
2121 4597 2292 4671 sese.
2337 4597 2657 4671 Διαλεκτικαί
2698 4597 2980 4671 ’χεςίὸνασιῃ
3004 4600 3085 4671 ’ὡς
3133 4601 3259 4670 φησὶ
3293 4597 3445 4652 Φίλωῦ
3497 4601 3526 4655 ὁ

1925 4665 2232 4743 Διαλεπικός
2255 4670 2301 4720 ἐν
2326 4676 2398 4736 τῷ
2423 4669 2668 4736 Μενεξένῳ
2692 4665 2716 4729 ,⁷
2738 4665 2802 4721 ὧν
2827 4670 2892 4720 τὰ
2939 4665 3160 4743 ὀνόματα
3190 4671 3530 4743 παρατίθεται

1926 4736 2065 4813 τᾷδε·
2118 4739 2388 4813 ὶιενεξὲγῃ,
2437 4739 2663 4813 Ἀργείατ
2701 4736 3292 4813 9.567?!§,_,4.076p10'ia',
3337 4743 3530 4813 Ιξαντὰ-

1927 4808 2084 4871 κλεια,
2103 4817 2208 4860 etc.
2227 4806 2382 4858 Filia:
2401 4806 2568 4876 autem
2598 4806 2919 4876 Diodori,cui
2931 4806 3325 4876 fuit'cognomen
3344 4809 3532 4863 Satur-

1930 4894 2046 4939 nus,
2078 4882 2284 4944 fuerunt
2319 4891 2490 4928 omnes
2521 4873 2831 4938 Diulecticre,
2867 4873 2939 4928 αι’
2967 4879 3035 4930 ait
3071 4877 3225 4930 Philo
3282 4877 3534 4933 Dialecti-

1931 4963 2018 5019 cus
2052 4949 2106 5000 in
2131 4945 2439 5019 Menexeuo,
2462 4960 2681 5019 q_n_orum
2711 4944 2818 5000 Ita'c
2844 4950 2907 5000 alt
2936 4965 2994 5000 eo
3021 4951 3258 5019 {ei-untur
3282 4948 3491 5002 nomina
3511 4967 3532 5004 :

1933 5016 2233 5088 Menexene,
2264 5017 2440 5088 Argia,
2475 5015 2748 5088 Thr-agnis,
2772 5015 3063 5083 Artemisio,
3099 5018 3401 5081 Patttaclea,
3426 5031 3536 5076 etc.

1975 5160 1984 5171 .
2078 5090 2206 5171 Mss.
2237 5087 2450 5156 omnes,
2485 5087 2668 5142 occisis
2699 5092 2958 5160 prioribus
2986 5093 3129 5162 viris,
3177 5104 3331 5148 vetus
3361 5092 3534 5150 editio

1934 5165 2058 5213 viris
2083 5165 2210 5212 suis.

2012 5240 2037 5277 ε
2076 5228 2462 5306 Casanatensis
2494 5231 2773 5290 interserit
2799 5250 2986 5306 parum
3012 5237 3221 5293 abrasis
3252 5235 3447 5291 litteris
3473 5235 3540 5290 de

1940 5318 2103 5366 more,
2132 5312 2188 5355 ut
2217 5302 2364 5357 solet.

2017 5370 2041 5446 "1
2076 5372 2302 5446 Addunt
2330 5389 2462 5430 mss.
2495 5392 2713 5442 omnes,
2743 5389 2794 5432 et
2826 5386 2979 5433 vetus
3026 5393 3242 5446 quoque
3273 5376 3464 5439 editio,
3494 5387 3544 5433 et

1944 5443 2723 5519 pulchritudinis.iSequentes
2763 5448 3017 5503 historias
3046 5443 3237 5519 recole
3265 5450 3405 5510 apud
3437 5447 3548 5503 Po-

1946 5519 2149 5587 lybium
2186 5517 2279 5573 lib.
2311 5534 2350 5582 ι,
2378 5517 2602 5573 Florum
2653 5521 2704 5574 in
2753 5521 3022 5588 Epitome,
3055 5517 3371 5589 Ciceronem
3415 5535 3550 5589 quo-

1947 5604 2051 5656 qui!
2098 5589 2234 5642 infra
2286 5590 2714 5644 'l'usculanarum
2757 5590 2960 5656 Quaest.
2997 5605 3050 5654 v,
3083 5588 3547 5656 Propertium’lib.

1949 5675 1998 5722 ν,
2031 5669 2192 5727 atque
2221 5661 2380 5714 alios.
2415 5660 2539 5716 Mss.
2571 5675 2762 5714 omnes
2788 5671 2842 5712 et
2871 5668 3022 5712 vetus
3053 5659 3242 5717 editio.
3273 5658 3440 5716 Tanta
3469 5661 3548 5718 ll-

1948 5729 2231 5800 lyricorum
2262 5731 2480 5801 Regina,
2508 5747 2603 5803 pro
2621 5731 2783 5785 Tento
2803 5727 3170 5800 Illyricorum;
3199 5731 3392 5793 Florus
3417 5734 3552 5793 Tett-

1947 5819 2058 5854 srtm
2079 5811 2256 5856 vocat.
