4062 6396
474 366 584 422 275

1736 360 1802 420 S.
1839 360 2114 424 EUSEBII
2153 364 2534 426 NERONYMI

3675 365 3786 422 976

479 490 730 537 ventum.
761 480 931 548 Quem
957 479 1071 550 jam
1113 480 1338 552 jamque
1367 475 1690 546 capiendum
1720 491 1854 533 uxor
1885 477 2086 536 iutelli-
2113 483 2164 544 Α
2194 481 2350 537 duxit
2379 497 2602 537 uxorem
2633 498 2646 534 :
2681 481 2938 536 Marciam
2993 479 3126 535 Cato
3179 495 3286 534 non
3337 481 3634 551 virginem;
3688 483 3788 538 sed

487 588 644 646 gens,
661 573 890 630 extorsit
911 574 1196 632 acinacem
1221 575 1288 630 de
1315 588 1500 642 mauu,
1523 580 1581 627 et
1603 570 1746 626 latus
1765 572 1882 642 ejus
1913 582 2089 629 trans-

488 665 821 721 verberavit.
853 665 1278 738 Compositoque
1309 684 1373 724 ex
1399 682 1553 724 more
1583 668 1832 723 cadaveri
1875 684 1936 724 se
1969 684 2088 724 mo-

485 758 639 814 rieas
679 759 1002 832 superjecit,
1031 776 1101 817 ne
1143 769 1264 830 post
1311 760 1595 829 virginalia
1631 759 1831 818 fmdera
1871 761 2091 816 alterius

485 851 692 907 coitum
721 852 1027 910 sustineret.
1070 852 1376 923 XenOphon
1406 853 1456 906 in
1485 852 1610 924 Cyri
1650 852 1874 918 majoris
1907 851 2091 908 scribit

488 943 745 1010 infantia,
773 944 954 1002 occiso
978 954 1003 982 ἰ
1033 943 1308 1001 Abradote
1332 945 1472 1012 viro,
1502 959 1662 1011 quem
1686 943 1926 999 Panthea
1958 960 2094 1000 uxor

489 1037 633 1094 miro
662 1053 845 1094 amore
873 1036 1166 1102 dilexerat,
1200 1037 1500 1094 collocasse
1527 1052 1588 1092 se
1610 1037 1764 1106 juxta
1787 1052 1986 1105 corpus
2013 1037 2093 1092 la-

492 1144 707 1198 cerum,
735 1140 789 1186 et
815 1129 1072 1186 confosso
1100 1137 1342 1199 pectore.
1376 1130 1693 1201 sanguinem
1726 1144 1884 1186 suum
1916 1129 2093 1186 mariti

490 1219 759 1276 infudisse
791 1220 1133 1280 vulneribus.
1167 1220 1376 1277 Justam
1405 1236 1626 1278 causam
1647 1222 1792 1292 regis
1813 1221 2094 1276 occidendi

491 1313 707 1386 putavit
735 1329 893 1380 uxor,
940 1329 1103 1385 quam
1133 1311 1161 1350 ὶ)
1193 1314 1420 1370 maritus
1451 1312 1650 1368 nudam
1695 1312 1869 1372 amico
1901 1328 1998 1367 suo
2043 1322 2097 1368 et

491 1405 834 1476 ignorantem
881 1412 1302 1462 monstraverat.
1361 1402 1636 1460 Judicavit.
1681 1405 1824 1459 enim
1879 1419 1939 1460 se
1988 1419 2096 1459 non

490 1499 684 1562 amari.
711 1515 832 1569 quae
858 1508 913 1554 et
936 1498 1097 1558 alteri
1125 1506 1312 1570 posset
1339 1497 1574 1556 ostendi.
1607 1511 1627 1536 ο
1675 1498 2010 1569 Rhodogune
2035 1499 2098 1554 tt-

494 1591 566 1646 lia
601 1589 773 1660 Darii,
803 1599 927 1664 post
975 1600 1207 1646 mortem
1239 1591 1364 1653 viri,
1415 1591 1682 1648 nutricem
1715 1606 1835 1660 quae
1883 1589 1963 1644 illi
2009 1605 2098 1644 se-

490 1681 698 1738 cundas
729 1681 946 1754 nuptias
976 1681 1360 1754 persuadebat,
1385 1682 1602 1738 occidit.
1633 1682 1879 1738 Alcestin
1910 1681 2100 1736 fabula:

490 1776 676 1832 ferunt
707 1791 806 1851 pro
835 1776 1070 1834 Admeto
1115 1785 1313 1845 sponte
1341 1775 1691 1843 defunctam;
1723 1775 1885 1849 312
1916 1784 1972 1832 et
2001 1775 2102 1830 Pe-

2196 581 2219 610 ο
2251 574 2450 630 Marcia
2481 577 2622 630 inter
2653 572 2998 629 llostensium
3023 571 3399 644 Catonemque
3427 573 3706 640 discurrit,
3734 583 3793 629 et

2192 669 2310 723 sine
2339 666 2543 724 Catone
2567 669 2756 723 vivere
2779 668 2972 726 Marcia
3006 668 3182 737 potuit
3211 686 3223 719 :
3251 668 3439 722 Porcia
3471 670 3590 723 sine
3621 669 3793 724 Bruto

2195 775 2304 815 non
2335 761 2529 830 potuit.
2562 760 2726 830 Magis
2753 761 2898 816 enim
2929 774 2990 815 se
3014 760 3192 815 unicis
3222 760 3359 814 viris
3403 761 3684 830 applicant
3713 760 3795 816 fon

2196 856 2388 916 mium;
2417 865 2465 908 et
2496 853 2629 906 nihil
2658 852 2804 908 aliud
2834 867 3014 916 nosse,
3050 867 3307 922 magnum
3337 853 3586 907 arctioris
3617 852 3796 907 indul-

2195 947 2392 1016 gentia:
2423 945 2694 1000 vinculum
2741 952 2844 999 est.
2878 943 3111 1000 Anniam
3143 959 3267 999 cum
3311 946 3648 1015 propinquus
3676 959 3798 1000 mo-

2199 1045 2374 1104 neret,
2405 1047 2461 1093 ut
2487 1037 2641 1092 alteri
2671 1037 2785 1091 viro
2815 1037 3045 1093 nuberet
3071 1035 3221 1106 (esse
3245 1037 3388 1090 enim
3419 1035 3470 1090 ei
3501 1049 3555 1090 et
3575 1046 3796 1090 aetatem

2198 1132 2490 1201 integram,
2539 1140 2593 1186 et
2624 1129 2816 1184 faciem
2867 1127 3116 1199 bonam),
3157 1126 3526 1197 Nequaquam,
3595 1128 3796 1197 inquit,

2200 1226 2300 1280 hoc
2333 1225 2548 1280 faciam.
2582 1224 2640 1278 Si
2671 1224 2815 1278 enim
2852 1223 3028 1278 virum
3061 1223 3260 1277 bonum
3293 1221 3556 1277 invenero
3589 1219 3633 1285 ί,
3664 1222 3801 1276 nolo

2199 1319 2394 1374 timere
2436 1317 2598 1389 313
2625 1333 2690 1371 ne
2740 1315 2995 1386 perdam;
3030 1315 3074 1370 si
3107 1313 3329 1379 malum,
3381 1313 3508 1382 quid
3566 1328 3800 1370 necesse

2202 1419 2286 1467 est
2313 1418 2436 1480 post
2461 1412 2685 1474 bonum,
2722 1409 3015 1478 pessimum
3046 1406 3358 1463 sustinere?
3391 1406 3584 1462 Porcia
3618 1408 3803 1461 minor

2201 1520 2324 1560 cum
2356 1504 2664 1560 laudaretur
2715 1502 2855 1572 apud
2905 1517 3023 1556 eam
3071 1500 3321 1570 quaedam
3376 1500 3518 1556 bene
3561 1510 3800 1568 morata,

2203 1615 2322 1667 qua!
2369 1597 2666 1653 secundum
2700 1596 2932 1650 habebat
2964 1596 3244 1660 maritum,
3295 1593 3614 1662 respondit:
3646 1594 3806 1648 Felix

2204 1703 2256 1748 et
2288 1691 2482 1763 pudica
2510 1699 2779 1756 matrona,
2804 1705 3098 1760 numquam
3122 1699 3482 1758 praeterquam
3505 1687 3672 1742 semel
3701 1701 3808 1742 uu-

2206 1784 2303 1838 bit.
2335 1783 2588 1840 Marcella
2640 1783 2813 1852 major
2842 1793 3027 1848 rogata
3060 1797 3089 1835 a
3118 1795 3290 1835 matre
3321 1795 3440 1844 sua,
3470 1778 3807 1848 gauderetne

493 1871 724 1940 nelopes
777 1868 1068 1942 pudicitia,
1109 1869 1331 1924 Homeri
1376 1884 1598 1926 carmen
1649 1880 1752 1924 est.
1806 1868 2100 1924 Laodamia
2133 1867 2178 1928 Β
2207 1894 2268 1934 se
2299 1879 2572 1948 nupsisse,
2605 1876 2884 1943 respondit
2917 1893 2930 1928 :
2965 1874 3040 1932 Ita
3071 1874 3250 1946 valde,
3275 1883 3330 1927 ut
3357 1872 3587 1941 amplius
3606 1871 3805 1927 nolim.

496 1977 716 2036 quoque
748 1970 1030 2038 poetarum
1062 1977 1159 2018 ore
1189 1971 1461 2030 cantatur,
1494 1963 1678 2024 occiso
1706 1963 1850 2034 apud
1880 1963 2100 2034 Trojam

494 2053 822 2122 Protesilae,
849 2057 1095 2112 noluisse
1121 2055 1498 2127 supervivere.

576 2147 666 2203 46.
711 2147 958 2204 Mulieres
1007 2147 1259 2205 Romana;
1308 2149 1558 2222 insignes.
1588 2177 1658 2189 —
1703 2148 1786 2206 Ad
1833 2147 2105 2208 Romanas

500 2241 734 2297 feminas
767 2249 1083 2306 transeam;
1140 2249 1194 2296 et
1245 2242 1472 2313 primam
1521 2256 1720 2312 ponam
1767 2241 2102 2307 Lucretiam,

502 2349 627 2408 quae
655 2335 874 2388 violata:
905 2333 1179 2404 pudicitiae
1209 2334 1401 2392 nolens
1433 2336 1805 2406 supervivere,
1838 2336 2104 2392 maculam

501 2426 752 2494 corporis
782 2440 980 2482 cruore
1007 2426 1231 2483 delevit.
1265 2427 1494 2484 Duillius
1535 2427 1644 2502 [AL
1694 2426 1963 2499 Duellius]
2013 2428 2106 2497 qui

499 2518 714 2589 primus
743 2516 933 2574 Romae
962 2518 1137 2573 navali
1170 2520 1469 2578 certamine.
1501 2519 1876 2588 triumphavit,
1916 2519 2106 2576 Bitiam

501 2610 771 2685 virginem
797 2611 951 2667 duxit
972 2629 1220 2676 uxorem,
1255 2622 1420 2670 tanta:
1451 2613 1739 2687 pudicitiae,
1766 2625 1821 2668 ut
1854 2613 1948 2668 illo
1975 2627 2110 2683 quo-

503 2720 612 2776 que
657 2706 859 2760 saeculo
911 2720 1009 2778 pro
1054 2707 1306 2776 exemplo
1357 2706 1550 2772 fuerit,
1605 2721 1713 2779 quo
1772 2705 2108 2776 impudicitia

508 2808 814 2856 monstrum
855 2808 1005 2866 erat,
1039 2815 1150 2854 non
1183 2797 1398 2856 vitium.
1432 2797 1482 2852 ls
1523 2797 1636 2866 jam
1682 2811 1848 2853 senex
1894 2806 1947 2852 et
1999 2803 2111 2856 tre-

508 2893 678 2948 menti
711 2906 965 2959 corpore,
1003 2891 1056 2946 in
1089 2891 1323 2960 quodam
1348 2890 1530 2962 jurgio
1555 2888 1763 2948 audivit
1793 2887 2110 2956 exprobrari

511 2982 616 3037 sibi
663 2996 724 3036 os
765 2981 1013 3045 fetidum,
1047 2991 1102 3035 et
1129 2981 1298 3036 tristis
1331 2996 1389 3034 se
1427 2981 1647 3034 domum
1675 2979 1925 3037 Contulit.
1951 2977 2115 3034 Cum-

516 3091 625 3146 que
679 3075 833 3130 uxori
866 3083 1089 3146 questus
1139 3082 1286 3128 esset
1333 3087 1505 3144 quare
1548 3087 1842 3144 numquam
1893 3086 1954 3127 se
1999 3085 2115 3126 mo-

510 3169 745 3236 nuisset,
784 3177 840 3221 ut
887 3167 1012 3221 huic
1054 3167 1189 3221 vitio
1219 3166 1570 3222 mederetur:
1603 3164 1904 3230 Fecis:em,
1937 3165 2114 3236 inquit

512 3263 627 3328 illa,
663 3262 764 3318 nisi
815 3270 1090 3336 putassem
1121 3259 1373 3318 omnibus
1404 3261 1534 3314 viris
1563 3260 1643 3316 sic
1672 3274 1734 3318 os
1771 3259 1942 3318 olere.
1975 3257 2108 3316 Lau-
2140 3254 2185 3316 C

516 3353 694 3407 danda
742 3353 794 3408 in
850 3364 1079 3424 utroque
1131 3353 1323 3422 pudica
1367 3361 1419 3408 et
1453 3353 1651 3408 nobilis
1697 3350 1920 3416 femina,
1966 3361 2020 3408 et
2069 3351 2114 3405 si

515 3448 783 3518 ignoravit
831 3446 1022 3502 vitium
1070 3446 1195 3516 viri,
1227 3453 1282 3502 et
1327 3446 1370 3502 si
1405 3447 1675 3516 patienter
1708 3446 1852 3512 tulit,
1885 3456 1939 3503 et
1971 3445 2116 3520 quod

519 3541 747 3595 maritus
781 3539 1152 3593 infelicitatem
1181 3538 1427 3608 corporis
1460 3539 1565 3604 sui,
1595 3551 1702 3594 non
1751 3539 1932 3594 uxoris
1964 3537 2116 3592 fasti-

519 3636 633 3701 dio,
665 3634 760 3690 sed
794 3633 1086 3692 maledicto
1113 3633 1286 3692 sensit
1319 3632 1543 3688 inimici.
1583 3629 1744 3686 Certe
1775 3647 1895 3702 quae
1923 3646 2120 3687 secun-

522 3732 650 3783 dum
696 3730 850 3787 ducit
907 3728 1182 3794 maritum,
1243 3727 1345 3782 hoc
1375 3741 1486 3780 non
1517 3732 1698 3794 potest
1741 3724 1945 3780 dicere.
1978 3724 2122 3780 Mar-

520 3824 602 3878 cia
628 3821 849 3878 Catonis
901 3822 1006 3880 lilia
1063 3821 1264 3888 minor,
1296 3835 1419 3876 cum
1463 3829 1799 3890 quaereretur
1829 3819 1896 3874 ab
1917 3834 2004 3883 ea,
2025 3832 2122 3874 cur

520 3923 645 3985 post
676 3915 932 3972 amissum
967 3914 1217 3970 maritum
1247 3913 1429 3968 denuo
1455 3927 1564 3966 non
1612 3912 1863 3977 nuberet,
1891 3925 2122 3981 respon-

522 4004 626 4073 dit,
678 4020 782 4060 non
837 4021 897 4062 se
939 4003 1184 4062 invenire
1228 4007 1425 4072 virum,
1466 4005 1558 4074 qui
1608 4019 1667 4060 se
1711 4004 1880 4073 magis
1934 4002 2119 4067 Vellet,

519 4113 681 4168 quam
728 4115 845 4154 sua.
899 4099 1020 4170 Quo
1062 4098 1212 4155 dicto
1251 4095 1278 4134 ἀ
1309 4099 1571 4167 ostendit,
1619 4098 1835 4154 divitias
1867 4099 2034 4166 magis
2067 4097 2122 4152 in

521 4191 792 4247 uxoribus
820 4192 944 4261 eligi
995 4192 1192 4258 solere,
1237 4207 1401 4262 quam
1452 4190 1787 4260 pudicitiam,
1823 4201 1878 4246 et
1924 4191 2124 4248 multos

523 4301 634 4340 non
661 4287 856 4354 oculis,
890 4286 985 4342 sed
1016 4287 1198 4358 digitis
1237 4303 1440 4344 uxores
1471 4288 1695 4344 ducere.
1745 4289 1962 4360 Optima
1994 4302 2125 4343 sane

521 4395 636 4448 res,
663 4395 823 4450 quam
855 4379 1080 4434 avaritia
1108 4380 1382 4436 conciliat.
1417 4380 1621 4435 Eadem
1654 4395 1778 4434 cum
1810 4381 2020 4450 lugeret
2047 4381 2126 4434 vi-

521 4487 668 4538 rum,
699 4481 755 4527 et
784 4463 1048 4526 matronae
1078 4472 1147 4527 ab
1184 4487 1247 4527 ea
1277 4480 1614 4541 qumrerent,
1663 4487 1823 4541 quem
1857 4473 2000 4526 diem
2035 4471 2130 4526 ha-

525 4569 683 4622 beret
712 4567 890 4622 luctus
917 4566 1192 4634 ultimum,
1242 4567 1348 4633 ait,
1398 4580 1558 4636 quem
1594 4574 1649 4620 et
1676 4566 1824 4624 vitae.
1860 4563 2127 4630 Arbitror,

2207 1970 2426 2028 Valeria
2474 1969 2832 2024 Messalarum
2893 1983 3083 2033 soror,
3143 1966 3344 2021 amisso
3397 1964 3589 2020 Servio
3647 1963 3806 2030 viro,

2209 2063 2344 2119 nulli
2373 2063 2589 2120 volebat
2632 2063 2858 2118 nubere.
2893 2061 3026 2125 Qum
3058 2061 3390 2129 interrogata
3436 2075 3533 2118 cur
3575 2058 3807 2124 laceret,

2209 2159 2307 2222 ait,
2339 2155 2438 2210 sibi
2471 2169 2687 2222 semper
2717 2152 2966 2208 maritum
2998 2152 3247 2207 Servium
3274 2154 3484 2207 vivere.

2280 2248 2371 2301 47.
2401 2244 2742 2317 TheOpItrasti
2764 2245 2826 2298 de
2860 2242 3076 2312 Nuptiis
3108 2243 3254 2298 liber.
3298 2242 3486 2298 Uror-is
3524 2241 3695 2295 ductu:
3727 2241 3812 2294 in.

2212 2338 2502 2394 commoda.
2529 2335 2752 2404 Propter
2773 2335 2908 2405 quod
2939 2335 3177 2390 dicuntur
3204 2350 3410 2389 uxores.
3445 2333 3686 2388 Stultitia
3711 2331 3812 2387 Ito-

2212 2434 2410 2490 minum
2448 2448 2552 2485 non
2585 2446 2726 2483 rara.
2761 2459 2831 2471 -—-
2857 2427 3048 2484 Sentio
3097 2427 3148 2484 in
3187 2425 3438 2495 catalogo
3483 2423 3812 2485 feminarum

2215 2529 2386 2585 multo
2417 2542 2502 2581 me
2536 2525 2686 2596 plura
2711 2524 2945 2588 dixisse,
2976 2536 3140 2591 quam
3178 2519 3560 2590 exemplorum
3605 2519 3814 2586 patitur

2214 2620 2580 2689 consuetudo,
2611 2631 2665 2675 et
2691 2635 2718 2672 a
2754 2619 2957 2674 lectore
2983 2616 3200 2672 erudito
3239 2614 3387 2684 juste
3419 2628 3579 2682 posse
3623 2627 3813 2682 repre-

2215 2714 2402 2768 hendi.
2433 2713 2537 2769 Sed
2580 2711 2707 2782 quid
2749 2711 2966 2773 faciam,
3002 2724 3123 2764 cum
3177 2708 3306 2764 mihi
3349 2707 3609 2762 mulieres
3639 2704 3814 2762 uestri

2219 2806 2504 2876 temporis,
2546 2803 2797 2874 Aptistoli
2837 2804 3088 2872 ingerunt
3127 2788 3542 2876 auctoritafupi;
3585 2807 3639 2850 et
3681 2811 3814 2851 nec-

2219 2811 2504 2876 temporis,
2546 2811 2797 2874 Apostoli
2837 2811 3088 2872 ingerunt
3127 2811 3420 2856 auctorum
3477 2814 3542 2860 n;
3585 2811 3639 2850 et
3681 2811 3814 2851 nec-

2216 2897 2344 2954 dum
2377 2896 2519 2952 elato
2563 2895 2752 2950 funere
2799 2893 2994 2964 prioris
3040 2892 3164 2954 viri,
3211 2811 3526 2958 inemori‘tgr
3563 2887 3817 2958 uigenti-.3

2219 2998 2491 3055 praecepta
2538 2985 2860 3042 decantent?
2900 2984 2968 3040 Ut
3009 2999 3129 3053 qua:
3166 2973 3518 3038 Christiana)"
3543 2979 3818 3048 pudicitizn

2219 3078 2529 3148 despiciunt
2557 3077 2738 3140 fidem,
2773 3076 2985 3134 discant
3015 3075 3209 3129 saltem
3237 3073 3304 3127 ah
3330 3072 3577 3128 Ethnicis
3599 3074 3821 3128 castita-

2224 3183 2349 3228 tem.
2365 3170 2848 3227 FerturAureolus
2871 3178 2895 3216 κ
2922 3167 3292 3236 Theophrasti
3319 3165 3459 3224 liber
3485 3166 3553 3220 de
3575 3164 3816 3235 Nuptiis,

2219 3268 2272 3324 in
2305 3281 2416 3338 quo
2468 3267 2680 3334 quaerit,
2725 3281 2795 3322 an
2841 3266 2924 3318 vir
2969 3263 3188 3330 sapiens
3236 3259 3403 3318 ducat
3453 3274 3702 3318 uxorem.
3753 3257 3825 3315 Et

2220 3376 2341 3416 cum
2365 3359 2668 3421 definisset,
2701 3357 2746 3412 si
2777 3356 3000 3425 pulchra
3029 3363 3197 3419 esset,
3232 3353 3278 3408 si
3317 3353 3457 3410 bene
3489 3361 3722 3416 morata,
3769 3352 3824 3412 si

2221 3454 2466 3513 honestis
2499 3452 2840 3522 parentibus,
2867 3451 2911 3503 si
2943 3449 3060 3518 ipse
3099 3463 3264 3503 sanus
3289 3462 3354 3502 ac
3396 3447 3584 3510 dives,
3620 3448 3699 3500 sic
3736 3459 3830 3502 sa-

2221 3546 2460 3616 pientem
2507 3542 2800 3613 aliquando
2847 3542 2984 3598 inire
3033 3541 3469 3605 matrimonium,
3514 3542 3697 3598 statim
3740 3540 3828 3594 in-

2223 3639 2348 3692 tulit
2382 3655 2395 3692 :
2431 3655 2449 3693 t
2497 3636 2624 3691 Haec
2653 3647 2834 3690 autem
2874 3635 2926 3688 in
2972 3633 3178 3704 nuptiis
3217 3648 3342 3692 raro
3389 3633 3648 3690 universa
3690 3646 3828 3687 con-

2223 3731 2470 3788 cordant.
2504 3729 2620 3784 Non
2657 3740 2738 3784 est
2780 3744 2908 3800 ergo
2935 3744 3075 3782 uxor
3119 3727 3375 3784 ducenda
3422 3726 3674 3796 sapienti.
3711 3724 3832 3779 Pri-

2227 3841 2371 3882 mum
2402 3825 2547 3882 enim
2592 3823 2848 3891 impediri
2882 3821 3060 3877 studia
3099 3820 3502 3890 PhilosOphirc;
3538 3833 3637 3874 nec
3667 3832 3832 3887 posse

2225 3933 2552 3989 quemquam
2596 3916 2747 3972 libris
2789 3925 2843 3970 et
2883 3914 3038 3969 uxori
3083 3913 3289 3983 pariter
3331 3911 3616 3967 inservire.
3661 3909 3829 3964 Multa

2226 4027 2348 4068 csse
2377 4027 2496 4081 qua!
2527 4023 2896 4066 matronarum
2933 4007 3116 4063 usibus
3147 4006 3456 4062 necessaria
3487 4007 3599 4060 sint
3619 4045 3635 4070 ,
3696 4017 3832 4074 pre-

2230 4104 2384 4159 tiosae
2407 4112 2851 4168 vestes,‘aurum,
2877 4117 3139 4172 gemmae,
3167 4111 3438 4168 sumptus,
3465 4099 3699 4163 ancillm,
3731 4111 3831 4151 stt-

2230 4197 2408 4266 pellex
2443 4197 2612 4259 varia,
2646 4196 2856 4251 lectica:
2885 4205 2938 4249 et
2968 4194 3162 4248 esseda
3187 4195 3471 4248 deaurata.
3498 4191 3706 4245 Deinde
3737 4203 3835 4259 per

2232 4301 2420 4344 noctes
2461 4298 2601 4344 totas
2645 4286 2882 4355 garrulae
2928 4285 3355 4353 conquestiones
3392 4301 3404 4336 :
3453 4283 3545 4338 llla
3579 4283 3836 4337 ornatior

2232 4379 2484 4451 procedit
2515 4381 2566 4433 in
2604 4380 2880 4449 publicum
2915 4397 2925 4431 :
2959 4379 3074 4433 haec
3116 4378 3417 4431 honoratur
3449 4376 3516 4428 ab
3555 4373 3833 4440 omnibus,

2233 4487 2336 4543 ego
2367 4474 2419 4526 in
2459 4483 2730 4527 conventu
2772 4471 3097 4527 feminarum
3145 4469 3359 4522 misella
3392 4466 3686 4536 despiciar.
3725 4464 3838 4520 Cur

2234 4565 2538 4636 aspiciebas
2569 4564 2847 4620 vicinam?
2875 4561 3004 4632 quid
3037 4575 3158 4616 cum
3192 4559 3448 4615 ancillula
3482 4555 3836 4628 loquebaris?

530 4669 655 4728 qua:
696 4655 769 4714 ita
796 4656 968 4714 virum
994 4657 1279 4729 quaerebat
1319 4657 1625 4723 absentem,
1651 4655 1719 4712 de
1749 4655 1988 4714 secundo
2015 4672 2129 4712 ma-
2155 4643 2208 4703 Ι)
2232 4659 2300 4714 de
2328 4659 2446 4714 foro
2475 4657 2699 4714 veniens
2730 4655 2862 4727 quid
2894 4653 3161 4709 attulisti?
3200 4653 3315 4708 Non
3353 4653 3586 4706 amicnm
3631 4650 3835 4704 habere

527 4749 789 4807 trimonio
818 4765 929 4806 non
979 4750 1270 4822 cogitabat.
1325 4749 1527 4806 Brutus
1556 4749 1807 4805 Porciam
1857 4750 2124 4820 virginem

603 4951 629 4979 ει
671 4940 1003 4998 Veronensis
1048 4939 1144 4996 lib.
1176 4938 1464 5005 Abradate,
1502 4937 1887 4998 Cisterciensis
1915 4936 2124 5001 Abrate,

531 5013 915 5072 Casanatensis
930 5010 1326 5068 Abradite.Vid.
1347 5010 1764 5080 Xenophontem
1780 5009 1874 5066 lib.
1895 5024 1982 5066 vn.
1999 5008 2130 5080 Mox

527 5102 747 5209 qlpoque
789 5084 1024 5140 Phantia
1077 5083 1132 5140 in
1165 5090 1357 5138 nostro
1387 5079 1516 5138 ms.’
1539 5083 1814 5138 invenitur
1855 5095 1956 5150 pro
1987 5079 2130 5138 Pan—

531 5167 550 5209 ι
595 5172 672 5209 ea.

531 5167 672 5216 mea.

606 5223 634 5263 ι»
676 5223 834 5279 Falso
855 5220 1202 5277 Martianmus
1224 5237 1379 5290 quam
1405 5224 1601 5276 amicus
1627 5224 1842 5288 nudam,
1874 5231 2005 5283 etc..
2032 5235 2129 5288 pro

528 5301 769 5364 maritus,
819 5303 878 5350 ut
926 5293 1312 5364 habentinss.
1339 5307 1528 5350 omnes
1579 5303 1742 5363 atque
1789 5293 1921 5350 editi
1961 5303 2133 5364 vetu-

529 5361 1085 5424 3tiores.'llistoriam
1137 5361 1441 5418 Herodotus
1481 5361 1668 5418 narrat
1713 5366 1780 5424 de
1820 5363 2122 5430 Candaule,

527 5439 650 5496 sive
680 5435 941 5509 Myrsillo.

607 5521 628 5548 α
669 5501 1025 5565 Casanatens.
1053 5504 1326 5562 Rhodone.
1350 5504 1474 5562 Vid.
1499 5504 1890 5562 Philostratum
1914 5501 1966 5557 in
1990 5501 2130 5562 lina-

527 5581 767 5662 ginihus.
801 5579 878 5661 De
904 5576 1489 5662 Alcestc‘Euripidem.
1529 5575 1775 5645 Reliquae
1805 5574 1983 5630 obviae
2022 5587 2134 5627 nia-

531 5647 620 5722 iis
651 5652 898 5705 historia:
925 5658 981 5704 et
1012 5647 1231 5703 fabulm.

608 5718 635 5757 ά
680 5721 835 5786 Mss.,
877 5735 981 5792 qua
1009 5719 1146 5792 dicto
1172 5718 1433 5792 eleganter
1468 5718 1712 5792 ostendit,
1746 5724 1856 5792 etc.
1896 5711 2140 5792 Yictorio

528 5797 707 5858 autem
740 5785 838 5858 pro
871 5785 1075 5843 Murcia
1119 5785 1409 5858 legendum
1435 5790 1718 5846 videretur
1746 5785 1982 5848 Porcia;
2013 5797 2138 5858 “Em

532 5851 757 5927 Marcia,
791 5868 846 5913 ut
875 5858 1063 5915 statim
1095 5851 1367 5934 subditur,
1402 5878 1508 5922 non
1557 5859 1686 5932 tilia,
1721 5858 1819 5917 sed
1870 5867 2006 5916 uxor
2034 5851 2132 5912 Ca-

2235 4765 2522 4822 possumus
2554 4749 2660 4824 [ΑΙ.
2694 4745 2957 4819 possum],
2989 4761 3096 4801 non
3121 4745 3389 4802 sodalem.
3414 4743 3654 4802 Alterius
3680 4756 3836 4798 amo-

2239 4935 2382 4991 tonis
2409 4935 2532 4992 fuit.

2310 5039 2333 5067 ο
2369 5028 2566 5082 Marcia
2595 5028 2725 5081 inter
2748 5025 3106 5091 Hortensium,
3134 5032 3236 5079 etc.
3258 5021 3605 5077 Discurrebat
3636 5020 3838 5075 Marcia

2234 5101 2376 5155 inter
2409 5100 2749 5154 Hortensium
2791 5108 2846 5152 et
2883 5099 3180 5160 Catonem,
3225 5093 3370 5168 quod
3413 5091 3841 5168 ιιιινὶι1ιιεβιιθτῑι

2234 5186 2393 5235 uxor,
2421 5181 2475 5226 et
2516 5179 2635 5234 post
2663 5169 2865 5223 liberos
2909 5177 3220 5236 procreatos
3245 5163 3457 5218 rediret
3486 5163 3551 5215 ad
3587 5163 3830 5236 priorem

2234 5233 2432 5296 virum.
2486 5233 2760 5295 MARTIAN.
2813 5233 3190 5292 —-'Marciam
3239 5254 3264 5288 a
3306 5236 3511 5288 (latone
3559 5233 3674 5302 ejus
3724 5233 3841 5288 viro

2235 5313 2560 5368 Hortensius
2585 5315 2893 5364 obtinuerat
2921 5309 3214 5364 liberorum
3241 5304 3698 5375 procreandorum
3719 5319 3842 5373 gra-

2236 5385 2306 5439 tia
2331 5400 2345 5448 ;
2375 5397 2508 5452 quos
2528 5398 2650 5436 cum
2681 5382 2756 5435 illi
2782 5379 3190 5452 peperisseILad
3205 5378 3463 5431 Catonem
3483 5389 3698 5430 reversa
3729 5384 3838 5429 est.

2236 5456 2314 5510 De
2343 5450 2529 5508 Porcia
2552 5454 2662 5508 vid.
2693 5450 2969 5506 Plutarch.
3001 5451 3052 5502 in
3085 5450 3272 5502 Bruto.

2313 5549 2332 5586 ῐ
2379 5547 2556 5606 Verba
2600 5557 2652 5601 ut
2679 5558 2797 5600 ante
2824 5543 2980 5599 habui
3018 5543 3105 5598 hic
3138 5541 3395 5611 suppient
3425 5537 3838 5594 cmendatiores

2242 5636 2378 5676 mss.
2413 5629 2467 5674 et
2491 5630 2648 5673 vetus
2671 5617 2860 5672 editio.

2316 5723 2339 5759 ε
2375 5710 2654 5768 intercidit
2681 5706 3048 5777 'l‘he0phrasti
3077 5705 3213 5777 liber
3237 5702 3338 5756 iste
3366 5701 3432 5777 de
3460 5701 3676 5777 i‘iuptiis
3706 5715 3736 5755 a
3759 5714 3847 5777 sa-

2248 5785 2433 5854 piente
2493 5771 3065 5854 ineundis,_'totaque
3115 5773 3408 5846 fragmeuti
3460 5772 3621 5850 hujus
3669 5771 3842 5850 gratia

2249 5848 2584 5928 Hieronymo
2609 5848 2862 5910 habenda
2891 5858 2995 5906 εει.
