4062 6356
189 332 235 385 Π
1126 330 1493 390 ADVERSUB
1530 328 1951 394 JOVINIANUH
1993 336 2124 392 LIB.
2170 336 2208 391 Ι.

3244 345 3349 403 ΠΒ

190 460 261 507 tm,
290 460 415 502 suum
446 446 609 505 odium
638 447 960 516 suspicatur.
1010 446 1069 501 Si
1109 446 1461 502 doctissimus
1500 461 1637 516 prze-
1661 445 1719 511 Α
1745 450 1824 506 dit
1847 450 1954 522 [ΑΙ.
1987 450 2215 522 vendas]
2247 451 2524 518 illuviem,
2556 462 2612 507 et
2645 454 3068 511 sollicitudinem
3114 456 3344 527 iactans.

190 549 301 608 apter
325 542 369 597 in
389 542 595 611 qualibet
628 542 836 598 urbium
867 540 1048 605 fuerit,
1082 558 1181 597 nec
1220 556 1446 598 uxorem
1476 543 1642 598 relin-

190 648 301 700 tere,
334 650 414 689 nec
435 650 538 691 eum
570 635 777 691 sarcina
823 636 901 689 ire
939 648 1225 703 possumus
1260 634 1369 705 [AL
1413 634 1638 706 potest].

190 740 387 793 raperem
410 728 553 793 alere,
584 728 797 783 difﬁcile
823 738 929 792 est;
954 728 1181 783 divitem
1207 729 1372 793 ferre,
1403 740 1642 785 tormen—

194 834 251 871 ιη.
282 828 303 854 ⁸
328 821 467 886 Adde,
494 822 625 887 quod
651 821 798 875 ttulla
828 830 911 877 est
937 823 1123 875 uxoris
1148 822 1368 885 electio,
1398 821 1493 876 sed
1517 838 1643 891 qua-

195 925 385 979 cumque
407 911 547 983 διε,
570 912 873 975 obvenerit,
902 912 1171 967 habenda.
1200 912 1257 968 Si
1288 912 1568 978 iracunda,
1594 914 1641 969 si

190 1019 269 1066 tua,
297 1004 334 1055 si
360 1004 617 1067 deformis,
649 1006 691 1059 si
725 1006 983 1074 superba,
1022 1005 1070 1059 si
1109 1006 1307 1069 fetida,
1345 1005 1646 1075 quodcum-

190 1108 215 1147 e
243 1093 339 1149 vitii
362 1104 449 1162 est,
481 1106 589 1163 post
622 1099 841 1166 nuptias
876 1097 1155 1153 discimus.
1192 1098 1400 1167 Equus,
1434 1097 1642 1162 asinus,

190 1206 224 1251 ε,
245 1204 392 1253 canis,
419 1199 465 1244 et
492 1189 757 1244 vilissima
790 1187 1077 1258 mancipia,
1105 1199 1288 1244 vestes
1317 1204 1556 1258 quoque,
1590 1198 1645 1245 et

189 1291 313 1348 tetes,
348 1282 496 1338 sedile
533 1284 803 1352 ligneum,
847 1283 1021 1346 calix,
1065 1292 1122 1337 et
1167 1283 1425 1339 urceolus
1468 1282 1648 1338 ﬁctilis

190 1374 380 1430 )bautur
420 1376 575 1445 prius,
631 1385 687 1430 et
729 1376 807 1430 sic
857 1385 1116 1431 emuntur
1148 1394 1160 1428 :
1191 1376 1305 1431 sola
1356 1391 1494 1430 uxor
1539 1390 1649 1430 non

192 1467 400 1532 euditur,
426 1483 485 1523 ne
504 1479 634 1524 ante
666 1467 976 1535 displiceat,
999 1483 1159 1538 quam
1184 1467 1435 1523 ducatur.
1458 1468 1651 1523 Atteno

192 1561 262 1615 ida
299 1577 491 1632 semper
529 1562 647 1630 ejus
689 1571 774 1617 est
812 1562 1005 1628 facies,
1046 1571 1101 1617 et
1145 1560 1498 1632 pulchritudo
1532 1564 1647 1616 lau-

190 1654 258 1707 Idl]
285 1672 295 1707 :
322 1670 383 1709 ne
405 1657 445 1709 si
471 1654 696 1710 alteram
727 1656 1037 1725 aspexeris,
1072 1670 1131 1711 se
1158 1655 1437 1710 existimet
1462 1655 1653 1724 displi-

192 1762 234 1798 e.
284 1746 510 1801 Vocanda
559 1745 810 1809 domina,
857 1746 1217 1802 celebrandus
1266 1744 1462 1801 natalis
1507 1746 1649 1815 ejus,

1745 546 2050 615 languentis
2077 547 2319 601 animum
2349 546 2736 615 desperatione
2772 550 3084 605 conturbat.
3117 552 3271 617 Quod
3301 556 3345 607 si

1747 638 1858 708 ipsa
1888 639 2183 708 lauguerit,
2222 641 2668 709 cozegrotandnm
2709 652 2819 703 est,
2850 652 2904 696 et
2950 658 3246 713 numquam
3281 645 3350 698 ab

1747 730 1867 799 ejus
1894 730 2096 785 lectulo
2122 731 2516 786 recedendum.
2551 736 2655 786 Aut
2685 740 2729 786 st
2762 735 2901 787 lmua
2933 734 3095 790 fuerit
3130 747 3185 791 et
3222 753 3350 791 sua-

1748 823 1827 876 vis
1867 838 2005 877 uxor
2050 823 2195 893 (qua:
2228 832 2411 878 tamen
2448 834 2473 871 ϐ
2516 840 2638 879 rara
2674 827 2792 879 avis
2830 828 2963 895 est),
3001 844 3123 883 eum
3168 839 3353 899 partu-

1749 916 1920 971 riente
1942 920 2233 987 gemimus,
2249 935 2371 973 cum
2393 921 2738 989 periclitante
2760 932 3097 991 torquemur.
3120 926 3353 992 Sapiens

1749 1018 1927 1062 autem
1982 1025 2273 1080 numquam
2320 1011 2473 1065 solus
2519 1026 2643 1066 esse
2695 1024 2894 1081 potest.
2946 1013 3119 1068 liabet
3164 1029 3347 1069 secum

1750 1116 1940 1156 omnes
1976 1104 2065 1171 qui
2105 1114 2255 1167 sunt,
2284 1106 2377 1173 qui
2417 1120 2675 1174 umquam
2713 1104 2931 1159 fuerqu
2968 1106 3114 1169 boni,
3148 1118 3201 1161 et
3230 1107 3352 1161 aui-

1750 1211 1894 1249 munt
1950 1196 2179 1250 lihermn
2222 1212 2571 1268 quocumque
2626 1197 2780 1261 vult,
2860 1198 3139 1251 transfert.
3193 1198 3350 1265 Quod

1750 1303 1982 1359 corpore
2015 1304 2120 1344 nou
2156 1299 2356 1359 p0test,
2388 1290 2720 1360 cogitatione
2759 1289 3168 1359 complectitur.
3202 1290 3267 1344 Et
3308 1289 3356 1344 si

1752 1384 2030 1437 hominum
2074 1383 2253 1451 inopia
2287 1383 2467 1448 fuerit,
2509 1382 2747 1451 loquitur
2786 1396 2912 1436 cum
2954 1380 3088 1435 Deo.
3121 1378 3147 1417 ιι
3186 1380 3354 1435 Νυιιι-

1752 1493 1913 1547 quam
1946 1477 2123 1531 minus
2148 1479 2296 1531 solus
2326 1478 2452 1543 erit,
2482 1492 2643 1547 quam
2672 1492 2795 1530 cum
2824 1476 2977 1531 solus
3008 1476 3138 1531 erit.
3176 1476 3351 1530 Porro

1754 1570 2052 1625 liberorum
2112 1584 2274 1623 causa
2331 1585 2552 1625 uxorem
2607 1569 2853 1633 ducere,
2909 1577 2967 1621 ut
3017 1568 3101 1623 vel
3156 1583 3354 1622 nomen

1755 1674 1998 1719 nostrum
2025 1678 2129 1718 non
2158 1665 2415 1727 intereat,
2448 1664 2532 1719 vel
2563 1663 2858 1718 habeamus
2887 1664 3189 1719 senectutis
3218 1678 3357 1732 prae-

1756 1760 1915 1824 sidia,
1947 1768 2003 1814 et
2022 1760 2185 1814 certis
2210 1767 2423 1813 utamur
2444 1758 2778 1822 hzeredibus,
2804 1758 3220 1812 stolidissimum
3246 1767 3355 1812 est.

190 1835 358 1893 indum
383 1853 471 1908 per
499 1838 728 1892 salutem
758 1838 926 1903 illius,
958 1849 1015 1893 ut
1050 1839 1121 1893 sit
1150 1846 1435 1907 superstes
1458 1848 1649 1906 optan-
1683 1837 1714 1898 Ε

1774 1852 1893 1919 Quid
1926 1852 2069 1905 enim
2111 1853 2176 1906 ad
2218 1867 2319 1907 nos
2348 1854 2588 1921 pertinet
2624 1852 2950 1906 recedentes
2978 1866 3007 1905 e
3038 1851 3274 1915 mundo,
3309 1849 3356 1903 si

189 1944 241 1992 u;
275 1929 569 1985 honoranda
594 1930 771 1984 nutrix
793 1929 937 1999 ejus,
968 1941 1023 1985 et
1050 1933 1260 2001 gerula,
1291 1946 1485 1986 servus
1510 1930 1537 1970 ι)
1562 1947 1654 2001 pa-

198 2038 277 2086 us,
307 2032 360 2078 et
386 2023 650 2087 alumnus,
678 2032 734 2078 et
759 2025 1033 2079 formosus
1061 2028 1294 2092 assecla,
1320 2036 1373 2081 et
1396 2042 1656 2095 procura-

197 2115 585 2169 ealatuistratus
608 2157 620 2177 ,
657 2126 709 2169 et
740 2116 793 2169 in
829 2117 1041 2182 longam
1090 2133 1448 2185 securamque
1485 2118 1660 2173 libidi-

195 2224 208 2258 ι
235 2218 478 2261 exsectos
499 2208 667 2277 spado
693 2226 705 2261 :
730 2209 834 2263 sub
858 2210 1055 2279 quibus
1084 2212 1399 2266 nominibus
1424 2212 1660 2267 adulteri

220 2296 503 2369 adulteria]
529 2300 872 2356 delitescunt.
918 2302 1302 2373 Quoscumque
1333 2304 1422 2358 illa
1458 2304 1665 2360 dilexe-

211 2389 433 2457 ingratis
457 2392 695 2445 amandi.
727 2392 781 2447 Si
822 2402 990 2448 totam
1028 2396 1250 2449 domum
1291 2397 1585 2467 regendam
1615 2399 1662 2454 ei

190 2483 426 2551 miseris,
461 2488 812 2541 serviendum
844 2499 946 2543 est.
981 2490 1039 2545 Si
1076 2491 1283 2561 aliquid
1318 2504 1407 2546 tuo
1437 2495 1665 2549 arbitrio

190 2577 465 2641 rrvaveris,
496 2577 656 2633 ﬁdetn
685 2582 788 2635 sibi
823 2582 1011 2637 haberi
1051 2599 1157 2639 non
1203 2586 1443 2654 putabit;
1486 2588 1580 2642 sed
1612 2588 1667 2643 in

190 2685 257 2723 tm
296 2678 539 2725 vertetur
567 2672 861 2744 aejurgia,
905 2685 960 2729 et
1003 2677 1109 2732 nisi
1149 2679 1259 2731 cito
1296 2682 1662 2748 consulueris,

192 2762 287 2815 ibit
317 2777 545 2820 venena.
574 2764 748 2831 Anus,
786 2780 841 2821 et
874 2780 895 2806 ε
926 2769 1229 2838 aruspices,
1264 2780 1319 2825 et
1350 2771 1589 2829 hariolos
1614 2782 1670 2829 et

190 2857 354 2912 itores
383 2872 719 2925 gemmarum
744 2862 1157 2931 sericarumque
1182 2865 1409 2918 vestium
1429 2866 1475 2919 si
1501 2867 1668 2921 intro-

190 2951 325 3015 eris,
375 2952 673 3021 periculum
722 2954 1004 3023 pudicitiae
1049 2966 1167 3019 est;
1212 2957 1255 3011 si
1299 2958 1666 3026 prohibueris,

190 3040 402 3097 )icionis
441 3044 660 3112 injuria.
698 3044 895 3101 Verum
928 3048 1058 3117 quid
1090 3049 1316 3119 prodest
1345 3051 1508 3105 etiam
1545 3050 1670 3105 dili-

189 3151 203 3190 ι
230 3137 505 3203 custodia,
533 3153 654 3192 cum
695 3155 839 3195 uxor
864 3143 1070 3196 servari
1105 3142 1370 3212 impudica
1410 3160 1514 3200 non
1546 3160 1672 3215 pos-

1758 1943 1977 1997 nomiue
2007 1951 2196 1997 nostro
2228 1942 2241 1979 ί
2278 1944 2416 1996 alius
2444 1944 2761 1997 nominetur
2791 1960 2803 1995 :
2837 1958 2961 1997 cum
2991 1952 3048 1997 et
3073 1943 3218 1996 ﬁlius
3246 1957 3355 1996 non

1760 2037 1944 2090 statim
1982 2038 2152 2105 patris
2195 2036 2520 2090 vocabulum
2561 2035 2786 2098 referat,
2830 2047 2883 2090 et
2930 2037 3359 2091 innumerabiles

1763 2129 1891 2190 sint,
1921 2128 2010 2195 qui
2041 2127 2232 2180 eodem
2275 2128 2624 2195 appellentur
2666 2127 2923 2180 nomine?
2970 2128 3077 2180 Aut
3118 2142 3239 2195 quae
3273 2142 3361 2181 se-

1764 2219 2001 2274 nectutis
2022 2219 2217 2272 auxilia
2245 2227 2394 2282 sunt,
2422 2218 2667 2271 enutrirc
2692 2217 2864 2279 domi,
2894 2218 2983 2286 qui
3009 2226 3106 2271 aut
3132 2220 3281 2286 prior
3307 2227 3365 2273 te

1766 2313 1906 2368 forte
1937 2312 2216 2375 moriatur,
2244 2322 2337 2365 aut
2373 2311 2811 2379 perversissimis
2842 2310 2912 2363 sit
2941 2310 3227 2365 moribus?
3256 2311 3364 2365 Aut

1768 2415 1916 2459 certe
1943 2418 2064 2457 cum
2095 2402 2159 2456 ad
2185 2414 2449 2456 maturam
2485 2410 2700 2455 tetatem
2732 2401 2973 2464 venerit,
3007 2402 3163 2457 tarde
3193 2404 3243 2456 ei
3284 2401 3365 2455 vi-

1768 2497 1949 2552 dearis
1988 2495 2162 2548 mori?
2196 2494 2453 2548 llzeredes
2491 2503 2671 2547 autem
2715 2493 2970 2547 meliores
3002 2503 3058 2547 et
3101 2495 3366 2547 certiores

1770 2587 1930 2642 amici
1959 2595 2085 2640 sunt
2111 2595 2163 2641 et
2189 2585 2500 2655 propinqui,
2534 2599 2669 2654 quos
2698 2584 2909 2653 judicio
2938 2584 3176 2653 deligas,
3204 2600 3365 2654 quam

1769 2694 1929 2750 quos,
1959 2678 2115 2739 velis,
2142 2677 2303 2741 nolis,
2333 2676 2536 2730 habere
2565 2676 2801 2745 cogaris.
2836 2674 2992 2730 Licet
3015 2676 3223 2730 certior
3255 2674 3368 2730 ha:-

1770 2771 1975 2826 reditas
2003 2770 2105 2835 sit;
2130 2768 2259 2824 dum
2288 2768 2517 2835 advivis,
2549 2767 2691 2823 bene
2718 2766 2871 2822 abuti
2908 2766 3209 2822 substantia
3251 2778 3365 2833 tua,

1769 2879 1928 2935 quam
1976 2873 2070 2917 tuo
2110 2863 2299 2917 labore
2348 2860 2577 2931 quaesita
2624 2860 2677 2914 in
2729 2861 2970 2915 incertos
3017 2874 3150 2915 usus
3202 2859 3368 2915 relin-

1770 2969 2150 3099 quigfb’mnia
2174 3043 2316 3098 mala
2346 3058 2409 3097 ea:
2433 3042 2759 3097 mulieribus.
2798 3040 3060 3111 Epicurus
3088 3043 3368 3113 voluptatis

1774 3148 2019 3195 assertor.
2052 3140 2199 3193 Iovis
2225 3136 2491 3192 Gamelius
2513 3146 2560 3190 et
2591 3133 2911 3190 Genetltlt'tts.
2940 3164 3011 3178 —
3044 3134 3171 3190 Haec
3195 3146 3251 3191 et
3275 3134 3375 3189 hu-

197 3228 392 3296 pudica
424 3245 534 3285 non
564 3231 792 3285 debeat?
824 3232 988 3286 infida
1015 3234 1159 3289 enim
1183 3206 1376 3289 custos
1401 3249 1482 3290 est
1509 3206 1675 3291 casti-
1699 3206 1744 3270 δ
1777 3232 2079 3303 juscentodi
2102 3229 2509 3300 Theophrastus
2529 3229 2824 3294 disserens,
2848 3243 3010 3298 quem
3036 3244 3146 3282 non
3166 3227 3369 3281 suffun-

189 3338 196 3371 ;
238 3322 579 3388 necessitas;
610 3336 661 3379 et
693 3325 779 3378 illa
811 3340 944 3380 vere
976 3325 1166 3393 pudica
1191 3328 1422 3382 dicenda
1448 3338 1553 3395 est,
1584 3328 1675 3384 cui

190 3415 223 3470 it
282 3432 521 3486 peccare
578 3420 622 3472 si
675 3420 872 3475 voluit.
931 3421 1160 3476 Pulchra
1208 3423 1319 3477 cito
1368 3422 1673 3487 adamatur,

190 3525 213 3563 a
246 3508 415 3565 facile
446 3514 811 3581 concupiscit.
844 3510 871 3550 ά
905 3513 1137 3568 Difﬁcile
1176 3514 1506 3581 custoditur,
1532 3515 1675 3585 quod

191 3616 251 3657 es
285 3612 502 3658 amant.
550 3604 833 3659 Molestum
866 3616 947 3660 est
987 3606 1289 3673 possidere,
1330 3607 1472 3674 qttod
1519 3622 1678 3661 nemo

190 3712 276 3751 are
330 3697 614 3767 dignetur.
664 3698 870 3753 Miuure
918 3707 1099 3754 tamen
1152 3700 1371 3755 miseria
1417 3700 1679 3754 deformis

190 3797 329 3854 etur,
369 3805 537 3858 quam
582 3790 821 3846 formosa
861 3801 1129 3847 servatur.
1164 3792 1307 3847 Nihil
1355 3800 1526 3847 tutum
1571 3802 1677 3857 est,

190 3883 299 3936 uod
347 3884 529 3939 totius
566 3886 749 3953 populi
798 3894 919 3938 vota
958 3886 1256 3953 suspirant.
1299 3882 1452 3941 Alius
1481 3883 1679 3949 forma,

189 3993 204 4032 ς
253 3978 512 4047 ingenio,
538 3978 676 4033 alius
703 3977 935 4043 facetiis,
962 3980 1102 4033 alius
1126 3978 1453 4035 liberalitate
1482 3980 1687 4033 sollici-

198 4070 419 4140 Aliquo
449 4069 638 4133 uiodo,
664 4080 687 4108 ι’
723 4072 807 4125 vel
837 4071 1131 4142 aliquando
1152 4084 1514 4143 expugnatur,
1539 4070 1685 4142 quod

190 4166 315 4232 Eque
352 4162 681 4218 incessitur.
712 4162 866 4231 Quod
897 4165 942 4218 si
977 4174 1197 4234 propter
1223 4164 1684 4234 dispensationem

196 4272 262 4311 us
308 4264 372 4310 et
424 4255 713 4325 languoris
755 4256 971 4319 solatia,
1017 4267 1072 4312 et
1111 4258 1291 4327 fugam
1340 4258 1687 4325 solitudinis,

190 4357 353 4404 tntur
400 4364 612 4404 uxores
648 4368 658 4401 :
700 4350 870 4403 multo
911 4350 1103 4403 melius
1135 4366 1323 4405 servus
1368 4352 1543 4406 ﬁdelis
1582 4352 1693 4406 dis-

1776 3326 1869 3380 dat
1898 3325 2360 3388 Christianorum,
2387 3336 2619 3391 quorum
2642 3320 2988 3375 conversatio
3009 3320 3165 3375 estin
3193 3318 3377 3384 cmlis,

1777 3420 1868 3488 qui
1924 3416 2168 3487 quotidie
2212 3416 2401 3470 dicunt
2448 3433 2462 3469 :
2512 3412 2677 3483 Cupio
2718 3413 2952 3478 dissolvi,
3005 3421 3051 3465 et
3097 3427 3207 3465 esse
3254 3426 3373 3464 cum

1779 3512 1981 3567 Christo
2009 3509 2271 3581 (Philipp.
2304 3525 2341 3576 ι,
2372 3509 2504 3578 25)?
2532 3508 2815 3563 Haaredem
2850 3508 3109 3561 nimirum
3150 3503 3373 3559 deside-

1777 3608 1918 3662 rabit
1951 3606 2253 3671 hominem,
2284 3604 2530 3659 coltzeres
2556 3604 2795 3658 Christi?
2820 3610 2876 3657 et
2896 3600 3109 3670 Optabit
3140 3599 3371 3667 liberos,

1781 3710 2147 3771 nepotnmque
2177 3699 2319 3753 serie
2344 3696 2740 3760 delectabitur,
2769 3709 2908 3764 quos
2932 3692 3159 3747 forsitan
3187 3690 3257 3745 sit
3281 3706 3377 3746 oc-

1782 3803 2079 3865 cupaturus
2120 3789 2523 3851 Antichristus;
2574 3804 2698 3842 cum
2749 3789 2997 3856 legamus
3049 3785 3270 3856 Moysen
3323 3794 3382 3841 et

1782 3888 2097 3943 Samuelem
2131 3884 2257 3938 liliis
2288 3884 2402 3937 suis
2429 3883 2567 3935 alios
2594 3881 2757 3953 316
2781 3878 3119 3950 praetulisse;
3151 3894 3253 3934 nec
3285 3895 3381 3949 pu-

1785 3987 1933 4033 tasse
1966 3978 2188 4044 liberos,
2216 3990 2349 4047 (ιιιοδ
2372 3973 2634 4029 videbant
2676 3973 2908 4027 Ilomino
2938 3970 3264 4039 displicere?
3294 3971 3384 4025 Ci-

1788 4090 1915 4129 cero
1942 4082 2163 4143 rogatus
2193 4072 2260 4125 ab
2288 4069 2484 4132 Hirtio,
2509 4075 2568 4121 ut
2603 4075 2725 4137 post
2760 4065 3047 4135 repudium
3084 4062 3382 4131 Terentina,

1787 4185 2033 4225 sororem
2062 4168 2179 4237 ejus
2206 4167 2447 4231 duceret,
2477 4164 2696 4219 omnino
2720 4162 2899 4217 facere
2931 4159 3262 4230 supersedit,
3300 4157 3382 4212 di-

1789 4278 1944 4329 cens,
1986 4277 2094 4315 non
2141 4276 2300 4331 posse
2338 4276 2399 4315 se
2445 4259 2601 4313 uxori
2650 4270 2702 4311 et
2750 4254 3118 4327 philosophia:
3171 4254 3377 4322 pariter

1792 4369 2013 4425 operam
2040 4353 2190 4408 dare.
2223 4350 2317 4405 Illa
2347 4349 2563 4405 interim
2594 4348 2789 4417 conjux
2822 4346 3067 4417 egregia,
3095 4353 3151 4399 et
3171 4360 3291 4414 quae
3320 4343 3388 4399 de

1796 4450 2036 4505 fontibus
2063 4447 2330 4502 Tullianis
2362 4447 2620 4499 hauserat
2649 4441 2995 4508 sapientiam,
3034 4437 3220 4508 nupsit
3264 4437 3387 4492 Sal-

1796 4542 1961 4595 lustio
2000 4540 2219 4593 iuimico
2248 4538 2402 4606 ejus,
2444 4544 2499 4588 et
2545 4532 2707 4587 tertio
2741 4530 2985 4586 Messalae
3032 4530 3295 4596 Corvino,
3336 4537 3395 4584 et

1796 4632 1947 4703 quasi
1979 4647 2074 4700 per
2104 4628 2366 4699 quosdam
2392 4624 2593 4696 gradus
2628 4623 2959 4693 eloquentiae
2998 4623 3255 4679 devoluta
3282 4631 3389 4677 est.

1796 4725 2057 4782 Socrates
2084 4720 2393 4788 Xantippen
2414 4726 2470 4773 et
2492 4715 2684 4787 Myron
2715 4724 2931 4784 neptem
2956 4716 3234 4781 Aristidis,
3261 4714 3397 4769 duas

1803 4816 2036 4871 habebat
2063 4827 2280 4866 uxores.
2306 4810 2438 4874 Quae
2472 4823 2595 4861 cum
2626 4806 2821 4860 crebro
2851 4804 2995 4861 inter
3023 4822 3083 4861 se
3108 4806 3399 4875 jurgaren-

1806 4916 1915 4972 tur,
1942 4914 1995 4959 et
2028 4902 2118 4958 ille
2146 4914 2241 4955 eas
2276 4898 2511 4954 irridere
2550 4902 2697 4951 esset
2724 4894 2939 4961 solitus,
2984 4895 3132 4964 quod
3176 4904 3402 4965 propter

1806 5014 1864 5056 se
1880 4994 2237 5054 lmdissimum
2256 4988 2559 5055 hominem,
2579 4988 2729 5045 simis
2747 4986 2990 5053 naribus.
3007 4986 3219 5044 recalva
3239 4984 3405 5057 [Μισ.

190 4454 285 4509 .at,
322 4442 607 4499 obediens
628 4444 939 4499 auctoritati
966 4443 1193 4507 domini,
1222 4456 1275 4498 et
1304 4443 1320 4481 ι
1348 4445 1691 4513 diSpositioni

219 4536 665 4604 obtemperans,
697 4535 859 4608 315
889 4550 1051 4606 quam
1091 4550 1249 4599 uxor,
1281 4550 1403 4603 qua:
1447 4536 1500 4589 in
1530 4551 1596 4591 eo
1628 4551 1687 4592 se

189 4628 354 4685 limat
398 4627 714 4693 dominam,
756 4628 800 4681 si
844 4627 1133 4683 adversum
1177 4626 1274 4680 viri
1312 4624 1473 4679 faciat
1504 4627 1693 4681 vulnu-

195 4738 253 4787 ιι,
292 4722 353 4778 id
389 4731 506 4789 est,
535 4722 680 4792 quod
714 4723 919 4792 placet,
954 4736 1063 4777 non
1094 4719 1238 4791 quod
1270 4719 1514 4788 jubetur.
1548 4720 1697 4775 Assi-

190 4840 193 4865 :
230 4826 441 4872 autem
474 4816 768 4886 egrotanti
814 4816 982 4885 magis
1010 4824 1233 4884 possunt
1266 4811 1466 4878 amici,
1492 4823 1547 4867 et
1579 4828 1700 4867 ver-

190 4925 208 4962 a
249 4909 565 4967 beneficiis
588 4910 833 4981 obligati,
851 4922 1011 4981 quam
1042 4908 1131 4961 illa
1149 4924 1268 4978 qtue
1294 4904 1451 4961 nobis
1470 4905 1704 4974 imputat

206 5002 493 5078 imputet]
526 5004 799 5079 lacrymas
827 5016 977 5071 suas,
1013 5010 1067 5059 et
1098 4998 1435 5059 ltmredilatis
1456 5012 1555 5069 spe
1573 5015 1704 5056 ven-

1813 5176 1962 5231 nium
1989 5172 2176 5228 ﬁdem.

1890 5257 1913 5293 Β
1944 5246 2118 5300 Penes
2164 5238 2509 5299 Abalardum
2538 5239 2628 5313 qui
2660 5238 2803 5295 hunc
2837 5242 3015 5296 locum
3055 5236 3259 5306 laudat,
3290 5251 3404 5307 quae

1815 5335 1959 5379 rat'a,
1988 5324 2074 5370 aut
2102 5315 2184 5370 vix
2206 5322 2301 5368 est.

1891 5388 1917 5425 ιι
1942 5377 2189 5444 Publium
2220 5384 2535 5460 scipionem
2564 5382 2733 5437 dicere
2767 5381 2978 5436 solitum
3018 5377 3406 5460 scripsit-Cato,

1818 5475 2097 5531 numquam
2123 5475 2175 5515 se
2210 5459 2378 5512 minus
2421 5455 2642 5509 otiosum
2682 5469 2810 5531 esse.
2841 5467 2996 5522 quam
3018 5466 3153 5531 funt
3181 5455 3407 5531 otiosus;

1820 5550 1912 5588 nec
1938 5518 2106 5585 minus
2135 5532 2322 5591 solum,
2354 5544 2506 5597 quam
2533 5540 2649 5581 cum
2674 5524 2829 5597 solus
2848 5518 2993 5597 esset.
3014 5518 3191 5597 Cicer.
3223 5519 3314 5572 ιιι).
3337 5533 3409 5597 _ttt

1821 5605 1984 5661 Ollio.
2018 5602 2191 5659 initio.
2224 5588 2432 5655 Vide'et
2453 5595 2799 5653 Plutarchum
2820 5595 2871 5649 iu
2898 5588 3406 5661 Apophthegmatis.

1902 5675 1915 5712 ί
1950 5676 2102 5736 Mss.,
2135 5674 2266 5728 alius
2298 5687 2399 5725 non
2424 5677 2653 5744 vocatur,
2688 5681 2800 5719 cum
2832 5672 2876 5719 et
2907 5664 3074 5744 ﬁlius,
3100 5671 3205 5715 etc.
3241 5660 3411 5744 Paulo

1818 5746 1961 5802 infra
1990 5744 2400 5810 Casanateusis,
2432 5755 2547 5795 cum
2574 5738 2641 5792 ad
2680 5746 2934 5795 maturam
2958 5742 3159 5793 wtatem
3184 5738 3407 5801 veneris,

1819 5817 1991 5888 tarde,
2023 5825 2127 5874 etc.

201 5184 351 5240 Erat
374 5183 547 5237 Adde
564 5181 809 5252 quoniam
826 5223 840 5247 ,
870 5178 1223 5234 renuentibus
1250 5195 1389 5235 mss.

205 5256 354 5309 Mss.
396 5268 610 5310 omnes
642 5267 765 5307 cum
799 5252 966 5305 veteri
999 5265 1214 5321 quoque
1252 5252 1497 5306 editione
1532 5266 1711 5305 servus

190 5343 377 5391 mus,
442 5324 697 5379 alumnus
730 5365 744 5389 ,
802 5333 905 5377 etc.
967 5322 1088 5377 Mox
1144 5337 1239 5391 pro
1302 5334 1532 5376 arrectus
1591 5331 1713 5377 erat

192 5410 210 5450 τ
295 5439 309 5451 .

190 5416 306 5523 Pii-so
338 5468 633 5554 arufpices
660 5481 770 5522 uno
790 5478 1055 5521 consensu
1087 5463 1289 5519 habent
1319 5478 1453 5518 mss.
1480 5470 1715 5520 etvetus

190 5544 243 5593 io
278 5541 584 5607 auriﬁces.

189 5612 337 5664 Publ
350 5651 364 5664 .
384 5610 626 5674 Minius,
650 5608 871 5678 Diﬁicile
888 5607 1175 5662 custoditur
1186 5608 1321 5675 quod
1334 5606 1506 5678 multis
1520 5606 1707 5677 placet.

204 5682 359 5735 |llud
397 5683 490 5735 uel
525 5676 812 5751 aliquando
842 5680 895 5734 in
921 5680 1134 5734 duobus
1165 5693 1295 5731 mss.
1324 5692 1428 5732 non
1456 5676 1707 5745 habetur,

189 5752 426 5806 Lravius
459 5752 700 5821 reapuit.

208 5822 419 5894 Minus
464 5820 621 5903 bene
662 5830 782 5888 erat
822 5820 1190 5905 dispensationi
1218 5828 1407 5883 contra
1434 5834 1567 5881 mss.
1598 5834 1714 5879 om-
