4062 6370
527 344 634 398 279

1774 337 1831 393 S.
1874 336 2147 393 EUSEBII
2185 335 2446 396 HIERON
2456 339 2569 395 YMI

3737 336 3851 393 280

528 471 757 511 recurva
762 456 781 525 J
810 453 989 508 fronte
1012 493 1028 519 ,
1057 454 1250 523 pilosis
1279 456 1540 518 humeris,
1569 464 1626 510 et
1662 455 1921 527 repandis
1948 452 2123 509 cruri-
2154 455 2209 514 Α
2233 453 2406 507 micus
2464 454 2794 508 fortunatum
2849 463 3037 525 putat,
3091 455 3183 523 qui
3244 468 3471 509 uxorem
3525 468 3845 525 numquam

529 549 652 613 bus,
686 546 1062 614 disceptarent
1094 563 1107 599 :
1142 546 1440 600 novissime
1470 554 1754 602 verterunt
1790 548 1843 602 in
1873 562 1997 602 eum
2030 546 2131 599 im»

534 648 741 707 petum,
776 646 831 692 et
857 637 999 692 male
1034 638 1352 693 mulctatum
1385 639 1784 709 fugientemque
1813 639 1905 693 diu
1945 652 2130 708 perse-

530 740 672 785 cutze
722 740 869 786 sunt.
922 730 1168 797 Quodam
1220 742 1403 785 autem
1452 740 1700 801 tempore
1743 747 1865 787 cum
1919 732 2126 786 infinita

532 824 779 879 convicia
807 839 874 878 ex
899 823 1168 891 superiori
1195 821 1320 878 loco
1352 825 1623 895 ingerenti
1650 824 1941 895 Xantippaz
1968 825 2132 881 resti-

534 917 723 983 tisset,
771 930 907 985 aqua
952 915 1206 985 perfusus
1248 916 1522 970 immunda
1548 960 1563 981 ,
1593 917 1725 972 nihil
1765 918 2003 987 amplius
2044 932 2131 973 rc-

531 1010 773 1081 spondit.
803 1026 963 1080 quam
988 1010 1167 1077 capite
1193 1009 1440 1064 deterso:
1469 1010 1739 1075 Sciebam,
1770 1011 1966 1080 inquit,
1989 1011 2129 1065 futu-

531 1121 672 1167 rum,
721 1116 779 1157 ut
828 1105 927 1157 ista
982 1102 1216 1157 tonitrua
1270 1104 1444 1158 imber
1483 1113 1822 1175 sequeretur.
1861 1105 1922 1159 1..
1966 1104 2129 1174 Sylla:

532 1198 684 1271 (Viti.
715 1196 1054 1252 Plutarchum
1076 1198 1129 1251 in
1153 1195 1352 1268 Sylla),
1382 1198 1581 1253 Felicis
1606 1200 1676 1269 (si
1708 1214 1817 1253 non
1846 1198 2129 1252 habuisset

533 1289 799 1358 uxorem)
838 1290 1053 1344 Metella
1100 1290 1299 1359 conjux
1344 1291 1519 1358 palam
1564 1299 1685 1345 erat
1724 1290 1993 1361 impudica
2027 1309 2039 1342 :
2074 1300 2129 1345 et

533 1384 682 1454 (quia
728 1383 1012 1437 novissimi
1063 1383 1201 1437 mala
1241 1394 1427 1437 nostra
1466 1382 1755 1454 discimus)
1805 1384 1854 1437 id
1899 1384 2129 1438 Athenis

535 1476 874 1538 cantabatur,
921 1484 974 1528 ct
1015 1473 1161 1545 Sylla
1206 1475 1524 1544 ignorabat;
1574 1482 1894 1545 secretaque
1935 1475 2127 1530 domus

535 1583 649 1623 suae
670 1568 902 1639 primum
935 1567 1171 1621 hostium
1210 1568 1461 1622 convicio
1490 1568 1701 1623 didicit.
1737 1569 1833 1622 Cn.
1864 1569 2127 1635 Pompeio

533 1662 683 1728 (ΓΜ.
716 1664 948 1715 eunzdem
980 1664 1032 1714 in
1063 1661 1330 1732 Pompeio)
1372 1662 1593 1716 Mutiam
1634 1677 1859 1718 uxorem
1891 1662 2125 1732 impudi-

526 1769 670 1817 cam,
710 1769 869 1823 qnam
914 1754 1124 1808 Pontici
1159 1753 1455 1823 spadones,
1495 1764 1543 1808 et
1594 1753 1975 1809 Mithridaticae
2012 1769 2127 1807 am-

2234 544 2470 600 tluxerit.
2501 546 2639 612 Quid
2666 545 2892 600 referam
2921 546 3243 617 Pasiphaen,
3269 546 3767 619 Clytemnestram,
3792 554 3853 602 et

2235 636 2550 708 Eriphylam
2586 653 2850 708 :quarum
2878 640 3047 708 prima
3077 640 3290 695 deliciis
3320 639 3605 706 difﬂuens,
3633 639 3846 709 quippe

2233 730 2377 799 regis
2400 746 2557 798 uxor,
2585 732 2721 785 tauri
2744 732 2942 786 dicitur
2963 732 3242 801 expetisse
3269 733 3595 787 concubitus
3628 750 3642 786 :
3666 732 3848 786 altera

2235 824 2499 879 occidisse
2528 825 2705 878 virum
2751 826 2818 879 ob
2851 840 3093 878 amorem
3132 824 3370 879 adulteri
3400 842 3411 877 :
3446 824 3607 879 tertia
3644 824 3845 893 prodi-

2234 916 2378 970 disse
2422 916 2836 986 Amphiaraum,
2892 927 2943 971 et
2995 918 3151 971 saluti
3203 916 3302 971 viri
3346 916 3549 971 monile
3601 930 3845 970 aureum

2234 1010 2557 1078 praetulisse.
2597 1009 2866 1081 Quidquid
2904 1009 3207 1080 Tragmdiae
3243 1016 3480 1075 tument,
3520 1018 3579 1063 et
3613 1008 3845 1074 domos,

2234 1101 2419 1167 nrbes,
2476 1116 2752 1173 regnaque
2805 1102 3114 1167 subvertit,
3166 1116 3395 1156 uxorum
3460 1100 3844 1170 pellicumque

2233 1196 2507 1250 contentio
2529 1204 2633 1250 est.
2653 1197 2947 1250 Armantur
2974 1205 3258 1265 parentum
3286 1196 3335 1248 in
3361 1193 3567 1248 liberos
3594 1208 3798 1248 manus
3827 1211 3841 1248 :

2232 1286 2484 1341 nefandae
2513 1298 2864 1357 apponuntur
2909 1288 3123 1357 epulae:
3151 1296 3205 1341 et
3234 1296 3458 1357 propter
3505 1286 3672 1341 unius
3714 1301 3846 1340 mu-

2237 1382 2471 1437 lierculie
2522 1392 2765 1452 raptum,
2815 1383 3026 1453 Europa
3079 1389 3246 1452 atque
3299 1380 3317 1419 ί
3366 1380 3493 1436 Asia
3534 1381 3845 1437 decennali

2234 1474 2376 1529 bello
2403 1475 2729 1545 conﬂigunt.
2760 1473 3031 1541 Quasdam
3054 1473 3393 1542 repudiatus,
3421 1473 3600 1528 altero
3628 1475 3849 1544 nuptia-

2232 1581 2349 1619 rum
2390 1565 2497 1629 die,
2533 1567 2714 1621 statim
2756 1566 3009 1633 nupsisse
3057 1565 3309 1634 legimus.
3346 1564 3591 1634 Uterque
3642 1579 3843 1635 reprc-

2234 1657 2550 1712 heudendus
2576 1660 2823 1725 maritus,
2851 1668 2907 1713 et
2935 1659 3020 1713 cui
3052 1667 3158 1713 tam
3190 1658 3299 1713 cito
3325 1657 3634 1728 displicuit,
3662 1668 3720 1713 et
3749 1658 3842 1714 cui

2234 1760 2341 1803 tam
2363 1751 2472 1805 cito
2496 1752 2713 1820 placuit.
2743 1751 3011 1821 Epicurus
3037 1753 3332 1817 voluptatis
3353 1763 3602 1806 assertor
3622 1751 3843 1823 (quam-

530 1846 749 1902 biebant
769 1856 1027 1911 catervae,
1058 1863 1179 1902 cum
1209 1862 1330 1902 eum
1365 1854 1623 1917 putarent
1651 1848 1837 1901 caeteri
1863 1848 2122 1902 scientem
2156 1842 2201 1900 Β
2229 1858 2388 1912 quam
2407 1843 2749 1897 Metrodorus
2768 1844 3065 1913 discipulus
3082 1844 3202 1914 ejus
3220 1844 3506 1898 Leontiam
3526 1843 3640 1916 [Αι.
3663 1846 3838 1901 Leon-

530 1938 667 2007 pati,
703 1939 962 1993 indicavit
1008 1939 1058 1992 in
1106 1939 1453 2009 expeditione
1491 1939 1817 2005 commilito,
1858 1949 1914 1993 et
1958 1939 2125 1993 victo-

528 2047 641 2085 rem
688 2033 855 2085 totius
882 2031 1030 2085 orbis
1065 2030 1206 2086 tristi
1239 2032 1433 2086 nuntio
1465 2031 1859 2086 consternavit.
1884 2030 1953 2084 M.
1993 2029 2126 2085 Cato

524 2123 822 2177 Censorius
855 2122 1043 2177 habuit
1073 2137 1303 2176 uxorem
1334 2122 1610 2176 Actoriam
1645 2121 1898 2187 Paulam,
1935 2120 2125 2175 humili

527 2215 645 2269 loco
692 2224 898 2282 natam,
950 2224 976 2252 ιι
1017 2215 1375 2277 vinolentam,
1429 2215 1812 2283 impotentem,
1856 2224 1912 2269 et
1958 2213 2125 2282 (quod

529 2322 691 2361 nemo
737 2316 925 2377 posset
965 2307 1213 2380 credere)
1257 2307 1450 2362 Catoni
1496 2309 1809 2378 superbam.
1850 2307 1963 2362 Hoc
2004 2307 2126 2361 ideo

526 2399 672 2467 dico,
702 2416 768 2456 ne
799 2402 920 2470 quis
962 2410 1135 2470 putet,
1181 2402 1225 2455 si
1264 2417 1559 2471 pauperem
1606 2402 1845 2468 duxerit,
1890 2402 2025 2457 satis
2066 2416 2127 2456 se

524 2495 836 2549 concordia!
860 2496 1184 2565 providisse.
1206 2494 1513 2566 Philippum
1537 2512 1715 2567 regem
1742 2496 2124 2564 Macedonum,

525 2598 716 2643 contra
762 2605 923 2660 quem
978 2590 1357 2646 Demosthenis
1401 2591 1718 2662 Philippica:
1765 2600 1991 2654 tonant,
2043 2592 2126 2646 in-

530 2689 833 2737 troeuntem
864 2697 933 2736 ex
963 2698 1115 2738 more
1149 2683 1462 2737 cubiculum
1494 2700 1631 2738 uxor
1658 2684 1904 2739 exclmit
1942 2686 2076 2739 irata
2111 2702 2123 2737 :

528 2771 619 2839 qui
643 2774 896 2827 exclusus
931 2775 1133 2839 tacuit,
1163 2786 1217 2829 et
1245 2775 1501 2844 injuriam
1533 2790 1685 2829 suam
1723 2791 1882 2831 versu
1920 2774 2127 2845 tragico

524 2862 843 2916 consolatus
870 2871 974 2916 est.
1006 2861 1032 2900 δ
1062 2863 1292 2933 Gorgias
1336 2864 1541 2919 lilietor
1581 2865 1778 2920 librum
1821 2865 2127 2935 pulcherri-

530 2967 677 3006 mum
718 2953 787 3008 de
815 2954 1104 3009 concordia
1136 2956 1344 3012 Graecis
1378 2968 1505 3013 tunc
1534 2958 1674 3012 inter
1714 2973 1773 3012 se
1813 2957 2128 3013 dissidenti-

527 3045 632 3099 bus
655 3047 903 3100 recitavit
927 3046 1208 3118 Olympize.
1235 3049 1328 3104 Cui
1352 3050 1679 3106 Melanthius
1702 3051 1953 3108 inimicus
1973 3054 2125 3120 ejus:

529 3134 629 3189 Hic
660 3137 838 3202 nobis,
883 3138 1080 3206 inquit,
1110 3140 1178 3195 de
1205 3141 1500 3196 concordia
1534 3144 1805 3213 prmcipit,
1850 3145 1940 3214 qui
1976 3159 2037 3199 se
2072 3154 2125 3199 et

2230 1935 2385 2008 tium]
2412 1936 2661 1992 ltabuerit
2702 1937 2952 2006 uxorem)
2984 1952 3110 1992 raro
3147 1937 3283 1993 dicit
3318 1939 3551 2008 sapienti
3592 1940 3839 1995 ineunda

2227 2030 2510 2099 conjugia,
2542 2030 2666 2099 quia
2699 2030 2863 2084 multa
2898 2030 3235 2085 incommoda
3274 2030 3518 2086 admixta
3557 2042 3693 2087 sunt
3736 2050 3841 2088 nu-

2231 2122 2375 2190 ptiis.
2413 2122 2480 2177 Et
2518 2120 2793 2191 quomodo
2826 2120 3032 2175 divitia:
3070 2131 3126 2176 et
3155 2122 3393 2176 honores
3432 2131 3487 2177 et
3528 2136 3836 2192 corporum

2228 2215 2516 2278 sanitates,
2550 2226 2603 2268 et
2646 2223 2842 2269 caetera
2880 2229 3001 2283 quae
3046 2212 3413 2269 indiderentia
3458 2215 3839 2283 nominamus,

2229 2324 2329 2364 nec
2367 2309 2510 2364 bona
2554 2323 2654 2363 nec
2696 2308 2835 2362 mala
2878 2317 3036 2373 sunt;
3080 2308 3177 2363 sed
3224 2307 3373 2363 velut
3417 2308 3471 2362 in
3523 2308 3837 2364 meditullio

2230 2403 2427 2471 posita,
2457 2402 2621 2473 318
2651 2416 2749 2455 usu
2771 2411 2825 2456 et
2854 2410 3050 2455 eventu
3082 2401 3165 2455 vel
3190 2402 3351 2467 bona,
3376 2401 3461 2456 vel
3484 2402 3631 2456 mala
3657 2402 3798 2457 fiunt
3822 2420 3836 2455 :

2228 2495 2300 2549 ita
2328 2503 2381 2549 et
2411 2510 2606 2548 uxores
2629 2495 2762 2547 sitas
2794 2494 2847 2547 in
2879 2493 3145 2548 bonorum
3170 2494 3550 2563 malorumque
3571 2495 3839 2553 conﬁnio.

2229 2586 2406 2641 Grave
2434 2598 2614 2640 autem
2653 2600 2774 2641 esse
2814 2586 2930 2639 viro
2971 2586 3203 2655 sapienti
3248 2587 3438 2642 venire
3482 2587 3539 2642 in
3583 2590 3839 2657 dubium,

2230 2688 2409 2733 utrum
2464 2678 2703 2746 bonam,
2748 2694 2821 2732 an
2872 2679 3067 2733 malam
3118 2678 3384 2735 ducturus
3432 2682 3524 2736 sit.
3586 2681 3843 2739 Ridicule

2230 2770 2566 2842 Chrysippus
2593 2770 2899 2825 ducendam
2930 2786 3158 2826 uxorem
3186 2773 3421 2842 sapienti
3454 2775 3730 2845 praecipit,
3771 2790 3840 2830 ne

2229 2860 2418 2917 Jovem
2459 2862 2760 2917 Gamelium
2801 2874 2855 2917 et
2893 2862 3244 2919 Genethlium
3288 2864 3475 2921 violet.
3525 2867 3642 2922 Isto
3688 2868 3837 2924 enim

2232 2955 2391 3009 modo
2420 2956 2563 3024 apud
2590 2954 2812 3010 Latinos
2838 2955 3090 3012 ducenda
3112 2974 3250 3012 uxor
3279 2974 3385 3012 non
3417 2958 3557 3026 erit,
3591 2962 3718 3031 quia
3746 2960 3836 3017 Jo-

2234 3066 2354 3104 vem
2401 3066 2506 3105 non
2548 3050 2750 3106 habent
2796 3051 3123 3121 Nuptialem.
3171 3052 3324 3120 Quod
3372 3052 3417 3107 si
3464 3052 3724 3121 deorum,
3776 3064 3836 3111 ut

2232 3154 2381 3214 putat
2408 3145 2513 3217 [ΑΙ.
2550 3145 2779 3217 putant],
2817 3148 3060 3213 nomina,
3097 3147 3220 3201 vitae
3258 3146 3542 3203 hominum
3576 3150 3834 3219 przejudi-

529 3244 752 3284 uxorem
793 3241 848 3285 et
889 3231 1145 3287 ancillam
1186 3242 1298 3289 tres
1344 3236 1394 3288 in
1437 3251 1542 3289 una
1582 3237 1743 3290 domo
1786 3238 2122 3297 concordare
2150 3227 2195 3290 C
2226 3249 2372 3305 cant,
2424 3240 2664 3296 oﬂ'endet
2703 3255 2836 3311 ergo
2878 3241 3148 3297 Statorem
3198 3239 3415 3309 Jovem,
3458 3243 3552 3312 qui
3597 3242 3831 3299 libenter

527 3336 637 3376 non
663 3322 857 3391 potuit.
890 3320 1269 3379 Emulabatur
1290 3326 1452 3399 317
1480 3328 1681 3397 quippe
1711 3345 1848 3384 uxor
1879 3330 1994 3399 ejus
2026 3347 2124 3386 an-

526 3413 725 3469 cillulae
756 3415 1181 3485 pulchritudini,
1225 3425 1281 3471 et
1322 3420 1688 3473 castissimum
1728 3422 1903 3475 virum
1945 3423 2124 3491 quoti-

526 3504 707 3561 dianis
730 3506 928 3576 jurgiis
951 3507 1281 3577 exagitabat.
1315 3509 1467 3563 Tota:
1494 3509 1773 3580 Euripidis
1818 3512 2123 3583 Tragtediae

530 3600 581 3651 in
627 3599 887 3655 mulieres
934 3600 1223 3655 maledicta
1271 3611 1420 3655 sunt.
1470 3601 1624 3657 Unde
1670 3613 1725 3658 et
1770 3615 1790 3640 ε
1824 3604 2120 3661 Hermione

521 3688 762 3757 loquitur
808 3707 822 3746 :
859 3689 1125 3743 Malorum
1166 3707 1245 3743 me
1282 3692 1557 3745 mulierum
1598 3693 1842 3764 decepere
1878 3697 2116 3751 consilia.

527 3781 581 3834 ιη
613 3780 763 3850 Lepti
795 3782 927 3837 urbe
959 3782 1353 3848 semibarbara,
1392 3791 1448 3838 et
1481 3786 1658 3854 posita
1700 3785 1755 3839 in
1798 3786 2115 3855 solitudine,

522 3872 689 3925 moris
716 3882 798 3926 est
828 3882 884 3927 ut
914 3889 1086 3928 nurus
1115 3876 1286 3927 altera
1315 3874 1402 3929 die
1431 3891 1648 3931 socrum
1683 3878 1849 3933 ollam
1876 3891 2115 3937 mutuam

525 3964 632 4037 [ΑΙ.
670 3967 935 4039 mutuum]
985 3969 1244 4037 postulet.
1286 3969 1384 4023 Cui
1433 3969 1528 4025 illa
1573 3973 1755 4027 statim
1807 3985 1965 4045 negat
2014 3986 2118 4031 :ut

521 4059 666 4115 scias
694 4060 825 4115 illud
865 4077 1053 4116 verum
1084 4076 1207 4117 esse
1233 4061 1504 4129 Terentii,
1538 4067 1683 4136 quod
1716 4070 1969 4124 consulto
2000 4086 2117 4125 am-

518 4151 679 4222 bigtte
716 4154 916 4207 extulit
948 4171 960 4207 :
1000 4154 1138 4221 Quid
1170 4164 1242 4208 est
1282 4154 1418 4210 hoc?
1454 4172 1627 4211 omnes
1676 4176 1855 4215 socrus
1900 4162 2115 4219 oderunt

521 4260 701 4299 nurus.
731 4243 757 4280 ιι
788 4244 1043 4314 Legimus
1068 4248 1359 4317 quemdam
1382 4250 1524 4319 apud
1552 4250 1828 4309 Romanos
1851 4255 2110 4321 nobilem,

517 4350 640 4389 cum
672 4352 793 4391 eum
818 4340 975 4391 amici
1001 4348 1316 4407 arguerent,
1355 4357 1526 4411 quare
1559 4358 1786 4399 uxorem
1818 4346 2110 4401 formosam

516 4439 789 4485 ctcastam
816 4441 869 4486 et
890 4432 1112 4488 divitem
1137 4436 1498 4503 repudiasset,
1527 4439 1870 4506 protendisse
1894 4442 2109 4511 pedem,

516 4532 571 4576 et
599 4524 802 4579 dixisse
822 4526 937 4580 eis:
969 4545 987 4578 ς
1021 4527 1083 4579 Et
1108 4526 1195 4582 hic
1222 4542 1415 4583 soccus
1437 4544 1597 4599 quem
1626 4532 1871 4601 cernitis,
1896 4535 2111 4591 videtur

2226 3333 2453 3389 sederit.

2296 3425 2384 3481 49.
2421 3426 2570 3481 Unde
2620 3427 2791 3481 hausit
2817 3443 2933 3498 qua:
2960 3427 3023 3479 de
3065 3428 3259 3499 nuptiis
3292 3428 3440 3482 dixit.
3491 3427 3826 3484 Muliebrium

2224 3518 2468 3572 virtutum
2498 3519 2819 3590 principatus
2844 3520 3117 3589 pudicitia.
3140 3549 3213 3559 ——
3231 3520 3583 3588 Scripserunt
3607 3521 3824 3577 Aristo-

2226 3611 2363 3666 teles
2391 3621 2440 3667 et
2476 3611 2804 3667 Plutarchus
2832 3621 2887 3667 et
2918 3623 3105 3668 noster
3133 3613 3339 3669 Seneca
3368 3612 3438 3670 de
3469 3614 3821 3670 matrimonio

2221 3706 2412 3771 libros,
2444 3722 2508 3762 ex
2539 3707 2737 3777 quibus
2767 3715 2822 3763 et
2847 3708 3130 3777 superiora
3162 3708 3424 3764 nonnulla
3452 3720 3604 3777 sunt,
3636 3719 3690 3765 et
3716 3709 3815 3764 ista

2222 3814 2340 3870 qua:
2370 3799 2693 3870 subjicimus
2720 3800 2930 3855 :‘Amor
2963 3802 3169 3867 fortnze,
3214 3804 3441 3858 rationis
3479 3804 3687 3859 oblivio
3713 3814 3814 3869 est,

2220 3902 2276 3947 et
2300 3894 2525 3948 insaniae
2556 3892 2870 3964 proximus:
2897 3893 3096 3950 foedum
3122 3895 3459 3967 minimeque
3484 3897 3817 3953 conveniens

2220 3985 2405 4039 animo
2436 3986 2629 4056 sospiti
2653 3986 2864 4041 vitium.
2900 3986 3106 4041 Turbat
3134 3989 3382 4055 consilia,
3411 3989 3554 4045 altos
3584 4003 3639 4046 et
3664 4004 3819 4061 geneo

2221 4096 2376 4135 rosos
2417 4080 2644 4151 spiritus
2694 4080 2912 4152 frangit,
2954 4097 2985 4135 a
3028 4084 3239 4152 magnis
3276 4085 3701 4154 cogitationibus
3745 4083 3812 4137 ad

2222 4172 2550 4228 humillimas
2599 4174 2838 4228 detrahit
2868 4193 2879 4228 :
2915 4175 3197 4244 querulos,
3232 4175 3542 4245 iracundos,
3580 4187 3812 4232 temera-

2219 4266 2350 4328 rios.
2379 4266 2515 4319 dure
2557 4267 2904 4335 imperiosas,
2953 4269 3229 4325 serviliter
3278 4270 3529 4339 blandos,
3559 4268 3809 4324 omnibus

2216 4360 2457 4425 inutiles,
2507 4361 2607 4429 ipsi
2660 4362 2958 4417 novissime
3017 4364 3193 4417 amori
3262 4362 3409 4419 facit.
3481 4362 3609 4417 Nam
3684 4372 3806 4413 cum

2215 4452 2432 4507 fruendi
2463 4453 2760 4523 cupiditate
2789 4453 3113 4509 insatiabilis
3144 4452 3356 4524 ﬂagrat,
3392 4456 3542 4526 plura
3566 4464 3806 4523 tempora

2217 4547 2646 4617 suspicionibus,
2704 4547 2985 4620 lacrymis,
3042 4548 3529 4617 conquestionibus
3582 4544 3802 4618 perdit:

520 4616 673 4671 vobis
714 4633 884 4673 novus
921 4629 976 4675 et
1014 4620 1234 4690 elegans
1276 4640 1290 4677 :
1321 4623 1415 4677 sed
1449 4638 1610 4679 nemo
1646 4626 1748 4680 scit
1790 4638 1987 4696 praeter
2024 4648 2112 4689 tne
2140 4610 2194 4668 D
2218 4638 2401 4693 odium
2451 4639 2535 4693 sui
2582 4639 2728 4703 facit.
2761 4610 2979 4707 et'ipsc
3007 4649 3032 4687 ε
3062 4640 3357 4695 novissime
3397 4642 3503 4695 sibi
3533 4640 3658 4694 odio
3700 4645 3803 4691 est.

514 4711 607 4767 ubi
657 4728 744 4767 me
780 4722 1007 4781 premat.
1037 4733 1055 4766 ι
1089 4714 1289 4772 Scribit
1324 4717 1657 4785 Herodotus,
1694 4730 1716 4755 ο
1744 4722 1888 4791 quod
1915 4726 2112 4781 mulier

508 4819 631 4859 cum
674 4813 823 4860 veste
858 4804 1094 4876 deponat
1133 4820 1188 4863 et
1222 4810 1624 4865 verecundiam.
1674 4811 1742 4867 Et
1785 4825 1971 4870 noster
2009 4818 2108 4872 Co-

581 4950 607 4978 α
640 4940 774 4996 illud
815 4943 1125 4996 rinolenlam
1164 4942 1555 5001 Casanatensis
1594 4962 1700 5002 non
1746 4948 1910 5004 habet
1943 4967 1954 5002 :
1988 4950 2095 5005 duo

506 5013 597 5088 alii
627 5028 760 5088 mss.
788 5013 1067 5088 rioleutam
1107 5015 1312 5083 legunt,
1346 5025 1401 5070 et
1432 5033 1531 5087 pro
1571 5019 1899 5088 impotentem
1941 5032 2095 5077 vetus

509 5083 679 5137 editio
707 5084 888 5134 mentis
916 5083 1177 5151 impotem.

581 5151 608 5189 δ
636 5151 895 5207 Mendese
921 5164 1039 5205 erat
1070 5151 1340 5220 Georgius.

582 5236 603 5260 ε
648 5224 902 5277 Notatum
949 5223 999 5275 in
1044 5221 1423 5280 Andromacha
1463 5227 1749 5295 Tragmdia
1793 5231 1932 5287 hanc
1978 5250 2097 5290 esse

505 5294 773 5371 senteltti‘a
783 5310 832 5347 nt
862 5302 1027 5371 κακῷγ
1045 5304 1303 5371 γυναικῶν.
1318 5296 1505 5371 εἴσοδοι
1526 5300 1575 5371 μ’
1590 5294 1887 5356 simam».

578 5364 604 5402 ἀ
634 5365 933 5441 Referte):
967 5364 1534 5441 i’ljitat‘chtdibrtrde'
1578 5373 1912 5440 nuptialibus
1962 5390 2101 5441 pric-

506 5439 676 5514 cep‘tis
704 5437 987 5514 Strobtens
1015 5436 1269 5514 δίδωμι.Ἱῖ
1297 5456 1310 5491 ;
1344 5438 1400 5493 '0
1426 5436 1684 5511 Ῥωμαῖοξ.
1710 5443 1813 5514 ὑπὸ
1832 5451 1929 5495 τῶν
1950 5436 2098 5514 ᾦίλων

502 5510 910 5582 νουθετούμενος.
957 5504 1037 5582 ῥ’τι
1076 5510 1310 5582 σὼφοονᾳ
1346 5504 1564 5582 ςίυναῖέα
1603 5516 1685 5566 καὶ
1710 5504 1984 5577 πλουσίαιί,
2017 5523 2098 5571 καὶ

502 5579 688 5664 ὡραίαν
728 5578 1115 5667 ἀπεπέμψατε..
1141 5578 1443 5667 τέρθκαλίδιον
1480 5583 2094 5667 αὖτοῐςλεροτνεέναςκιξνὶ

504 5648 607 5729 Ἰᾶρ
637 5657 787 5729 τοῦς)
809 5691 842 5729 ,Δ
868 5648 980 5720 ἔφη,
1008 5650 1150 5703 καλὸν
1172 5648 1294 5704 ἰδεῖν
1324 5655 1405 5703 καὶ
1444 5654 1624 5715 καινὸν,
1654 5648 1756 5704 ἀλλ’
1778 5649 1938 5711 οὐδεὶς
1966 5649 2095 5709 οἶδεν

496 5720 623 5785 ὅπου
645 5741 707 5785 με
730 5720 907 5773 θλίϐει.

574 5796 595 5821 ε
638 5784 752 5840 Non
800 5785 1060 5855 septimo,
1094 5786 1149 5839 ut
1203 5784 1443 5843 notatam
1478 5799 1560 5843 ρει
1606 5789 1751 5851 aliis,
1782 5787 1875 5846 sed
1914 5792 2087 5862 primo

2215 4730 2348 4785 Tota
2382 4733 2586 4787 amoris
2617 4732 2912 4787 insectatio
2941 4732 3080 4801 apud
3115 4732 3395 4788 Platonem
3428 4733 3522 4807 (In
3548 4727 3797 4797 Pluedro)

2213 4822 2462 4891 exposita
2490 4832 2613 4888 est;
2655 4834 2709 4878 et
2739 4823 2919 4878 omnia
2950 4824 3069 4894 ejus
3098 4824 3441 4881 incommoda
3488 4824 3678 4897 Lysias
3704 4836 3801 4876 ex-

2196 4954 2358 5035 libro,
2393 4957 2578 5035 cap.8,
2600 4959 2725 5035 haec
2750 4960 2940 5035 scribit
2972 4961 3283 5035 Herodotus
3316 4979 3383 5019 ex
3415 4963 3585 5035 Gygis
3613 4976 3709 5017 ore
3735 4961 3799 5017 ad

2199 5024 2530 5107 Candaulem
2558 5045 2569 5081 :
2599 5028 2821 5107 'Ayetﬁﬂi
2848 5034 3032 5102 χιθῶνι
3062 5033 3348 5107 ἐκδυομένῳ
3370 5024 3697 5107 consusurrat
3716 5036 3799 5088 καὶ

2199 5097 2471 5172 relatae
2513 5097 2671 5172 γυνή(
2705 5097 2920 5167 Μιιιόὲῖν,
2970 5115 3123 5158 exuta
3174 5097 3381 5169 tunica,
3439 5106 3797 5162 verecundiam

2201 5169 2361 5248 caruit.
2396 5169 2703 5248 S._quot_|_ue
2730 5172 3035 5248 Cyprianus
3067 5177 3133 5230 de
3172 5176 3468 5248 disciplina
3490 5178 3793 5246 Virginum.

2209 5237 2539 5311 Verecundia
2560 5241 2667 5292 illic
2688 5237 2852 5296 omnis
2880 5247 3108 5311 exuitur,
3144 5246 3303 5299 simul
3319 5237 3444 5300 cum
3472 5237 3663 5302 amictu
3685 5237 3795 5298 ves?-

2204 5311 2268 5361 tis
2289 5310 2458 5387 Itan-or
2474 5314 2714 5387 corporis
2739 5330 2799 5365 ac
2832 5317 2996 5381 pudor
3028 5319 3255 5387 ponitur.
3286 5317 3404 5371 Mox
3435 5319 3670 5387 plurium
3698 5329 3793 5369 nu-

2206 5395 2358 5457 mero
2384 5381 2578 5457 legitur
2602 5382 2653 5435 in
2677 5381 3037 5441 Casanateusi
3060 5381 3789 5457 Pasiphaes,Clytemnestras,

2204 5449 2504 5520 Eripltylas,
2533 5465 2638 5507 etc.

2278 5520 2600 5600 [Mssa-cunt
2634 5526 2801 5600 veteri
2829 5527 2989 5593 cdit.,
3016 5525 3243 5600 Europa:
3264 5537 3415 5597 atque
3442 5531 3578 5585 Asia!
3604 5530 3787 5583 decen-

2200 5592 2507 5665 ualia__bella
2533 5596 2838 5665 conﬂigunt.

2272 5672 2295 5707 ts
2338 5662 2665 5717 Veronensis
2692 5662 2745 5718 et
2774 5665 3174 5733 Cisterciensis,
3202 5668 3476 5724 nouissime
3497 5672 3670 5726 odium
3693 5678 3789 5731 est;

2194 5728 2576 5799 Casanateus.,
2609 5737 2939 5789 novissimum
2960 5741 3135 5793 odium
3158 5728 3250 5794 est.
