4062 6342
222 249 294 304 38l
1173 249 1533 308 ADVERSUS
1571 249 1988 308 JOVINIANUM
2030 253 2161 309 LIB.
2197 255 2263 309 ll.

3278 254 3386 312 182

219 360 353 432 plicat,
387 365 496 436 quod
532 383 625 421 non
669 365 904 438 judicio,
947 366 1044 422 sed
1094 365 1277 422 furore
1322 367 1552 422 ducatur
1582 387 1595 421 :
1630 375 1684 422 et
1709 369 1764 430 Α
1790 382 1888 422 vox
1918 378 2021 434 cst,
2059 369 2373 438 pudicitiam
2416 369 2468 424 in
2500 367 2691 440 primis
2719 382 2844 425 esse
2872 370 3259 436 retinendam,‘
3279 384 3384 442 qua

216 455 396 510 maxime
429 473 610 530 uxorum
660 459 1044 530 pulchritudini
1090 459 1444 530 gravissimus
1492 466 1681 514 custos

213 548 398 603 accubet.
446 523 600 608 ilefert
661 562 916 623 pra-terea
967 554 1194 619 Seneca,
1251 553 1569 624 cognovisse
1621 567 1680 608 se

208 643 424 709 quemdam
450 656 661 700 ornatum
696 647 986 711 hominem,
1019 647 1112 717 qui
1144 649 1392 703 exiturus
1420 647 1471 703 in
1499 647 1676 714 publi.

204 747 314 798 cuin,
353 737 476 791 fascia
507 739 672 794 uxoris
717 750 903 808 pectus
933 741 1246 812 colligabat,
1278 751 1333 796 et
1379 757 1446 796 ne
1475 751 1676 812 puncto

199 825 365 890 quidem
388 828 502 884 liora:
525 833 799 900 praesentia
829 832 946 902 ejus
973 848 1159 888 carere
1206 843 1420 902 poterat
1453 851 1465 886 :
1501 835 1673 904 potio-

194 931 373 986 nemque
403 919 587 984 nullatn,
633 923 737 976 nisi
769 923 1003 978 alternis
1033 923 1140 996 [ΑΙ.
1175 924 1431 996 alterius]
1474 933 1672 980 tactam

191 1006 314 1061 labris
333 1010 396 1063 vir
417 1020 461 1064 et
485 1026 599 1066 uxor
628 1012 952 1070 hauriebant
975 1033 988 1068 :
1021 1016 1126 1070 alia
1150 1016 1412 1086 deinceps
1442 1033 1547 1072 non
1575 1019 1675 1072 mi-

186 1115 260 1153 nus
284 1101 420 1169 inepta
444 1102 700 1171 facientes,
733 1106 784 1159 in
818 1123 940 1177 qua:
979 1109 1280 1176 improvida
1305 1109 1388 1164 vis
1429 1109 1672 1166 ardentis

181 1193 352 1249 affectus
374 1202 670 1267 erumpebat.
715 1200 880 1271 Origo
922 1202 1140 1272 quidem
1188 1203 1388 1258 amoris
1437 1203 1667 1259 honesta

176 1297 283 1353 erat,
306 1287 382 1341 sed
405 1289 682 1358 magnitudo
713 1291 995 1347 deformis.
1028 1293 1172 1348 Nihil
1203 1306 1384 1349 autem
1413 1294 1664 1361 interest,

169 1392 295 1446 quam
314 1395 368 1434 ex
395 1381 582 1437 honesta
617 1398 781 1438 causa
816 1387 939 1455 quis
961 1386 1213 1442 insaniat.
1237 1387 1389 1444 L'nde
1409 1399 1463 1443 et
1483 1390 1665 1460 “Xys-

163 1482 230 1526 tus
251 1473 294 1528 in
320 1477 592 1531 sententiis:
626 1477 856 1534 Adulter
883 1490 989 1546 est,
1015 1481 1211 1552 inquit,
1241 1483 1292 1536 in
1324 1482 1489 1555 319
1508 1498 1661 1538 suam

157 1582 343 1624 uxorem
385 1582 563 1627 amator
607 1575 912 1630 ardentior.
949 1577 1003 1630 In
1037 1577 1212 1633 aliena
1259 1580 1460 1648 quippe
1489 1595 1661 1634 uxore

151 1663 300 1715 omnis
323 1678 449 1718 amor
471 1667 626 1738 turpis
669 1677 776 1733 est,
824 1671 878 1723 in
926 1684 1021 1724 sua
1064 1671 1283 1726 nimius.
1320 1673 1550 1743 Sapiens
1580 1672 1660 1727 vir

1787 460 2003 525 amissa,
2036 459 2214 514 omnis
2245 460 2414 515 virtus
2444 459 2570 515 ruit.
2605 460 2662 515 In
2702 459 2802 514 hac
2841 460 3187 517 muliebrium
3217 461 3385 518 virtu-

1786 561 1896 607 tum
1954 553 2292 624 principatus
2345 564 2447 609 est.
2502 553 2628 610 Haec
2675 570 2974 625 pauperem
3015 557 3382 624 commendat,

1785 646 2003 702 divitem
2055 648 2298 713 extollit,
2348 647 2646 703 deformem
2699 647 2935 715 redimit,
2985 659 3216 703 exornat
3264 649 3385 720 pul-

1783 741 1966 795 cltram
1991 759 2004 793 :
2035 741 2175 797 bene
2198 751 2438 797 meretur
2464 742 2532 796 de
2561 741 2878 810 majoribus,-
2901 757 3132 810 quurum
3163 743 3383 813 sangui-

1782 849 1903 888 nem
1939 833 2132 888 furtiva
2164 833 2353 889 ειὼοιθ
2379 849 2486 888 non
2514 833 2707 888 vitiat:
2740 834 2876 889 bene
2914 834 2982 889 de
3013 834 3222 899 liberis,
3253 835 3377 904 qui-

1783 925 1880 980 bus
1909 939 2008 980 nec
2035 925 2103 979 de
2128 925 2291 996 320
2315 935 2486 980 matre
2507 924 2969 991 erubescendum,
3001 940 3101 980 nec
3123 925 3191 980 de
3218 935 3378 994 patro

1778 1016 2127 1072 dubitandum
2154 1027 2239 1072 est
2266 1037 2279 1070 :
2311 1020 2451 1074 bene
2484 1019 2536 1072 in
2567 1018 2755 1087 primis
2782 1017 2851 1072 de
2880 1033 2960 1083 se,
2992 1033 3153 1087 quam
3183 1036 3210 1071 a
3240 1033 3374 1075 con-

1777 1111 1993 1165 tumelia
2022 1111 2234 1165 externi
2266 1109 2372 1182 [ΑΙ.
2402 1110 2599 1182 exteri]
2648 1110 2899 1181 corporis
2927 1110 3182 1166 vindicat.
3221 1111 3367 1182 Cap-

1777 1204 1998 1257 tivitatis
2026 1203 2172 1256 nulla
2205 1203 2377 1273 major
2403 1203 2687 1259 calamitas
2712 1213 2817 1269 est,
2843 1219 3005 1274 quam
3031 1204 3097 1257 ad
3128 1204 3364 1260 alienam

1773 1297 2055 1351 libidinem
2093 1296 2252 1351 trahi.
2289 1296 2446 1353 Viros
2467 1299 2780 1352 consulatus
2801 1298 3073 1353 illustrat:
3107 1298 3369 1370 eloquen-

1774 1389 1842 1443 tia
1877 1389 1928 1444 in
1957 1403 2155 1444 nomen
2189 1399 2451 1442 aeternum
2475 1388 2937 1444 effertzmilitaris
2967 1389 3140 1458 gloria
3173 1391 3363 1444 trium-

1770 1485 2016 1554 phusque
2066 1498 2222 1538 nova:
2268 1483 2444 1553 gentis
2493 1493 2796 1539 consecrat.
2851 1483 3020 1538 Multa
3058 1492 3206 1550 sunt,
3238 1499 3360 1554 quae

1768 1577 2025 1648 praeclara
2060 1577 2276 1649 ingenia
2310 1578 2621 1633 nobilitent.
2671 1578 2916 1633 Mulieris
2940 1577 3113 1633 virtus
3141 1579 3360 1647 proprie

1765 1667 2020 1738 pudicitia
2049 1676 2151 1723 est.
2185 1667 2310 1722 Haec
2331 1667 2635 1722 Lucretiam
2661 1667 2828 1722 Bruto
2859 1671 3112 1739 aequavit.
3147 1667 3362 1724 nescias

138 1752 319 1820 judicio
346 1755 479 1812 debet
504 1773 683 1814 amare
726 1764 1014 1832 conjugem
1036 1804 1050 1829 ,
1095 1779 1203 1819 non
1235 1763 1454 1818 aﬂ‘eetu.
1486 1765 1654 1835 Regat
1691 1767 1734 1826 Β
1762 1776 1830 1815 an
1856 1770 1909 1815 et
1941 1760 2238 1828 pra-tulerit
2269 1778 2282 1814 :
2315 1763 2572 1830 quoniam
2596 1760 2798 1816 Brutus
2830 1774 2936 1814 non
2969 1775 3130 1830 posse
3149 1760 3358 1816 servire

131 1844 222 1914 [AL
252 1848 400 1922 reget]
442 1850 662 1920 impetus
688 1855 1015 1924 voluptatis,
1049 1872 1149 1912 nec
1177 1873 1421 1927 praeceps
1450 1858 1657 1914 feretur

123 1938 218 2006 Ml.
241 1940 441 2015 feratur]
469 1946 516 1999 in
543 1949 769 2001 coitum.
798 1947 944 2002 Nihil
984 1959 1065 2003 est
1113 1950 1307 2006 foedius
1332 1967 1493 2021 quam
1523 1969 1657 2008 uxo-

120 2047 218 2087 rem
261 2049 431 2091 amare
473 2039 616 2108 quasi
657 2039 996 2095 adulteram:
1022 2040 1186 2096 Certe
1235 2043 1324 2111 qui
1373 2043 1560 2098 dicunt
1599 2060 1658 2099 se

119 2140 253 2181 :ausa
282 2129 588 2197 reipublicae.
618 2141 672 2186 et
695 2133 916 2201 generis
935 2134 1180 2199 humani,
1201 2135 1458 2190 uxoribus
1478 2137 1655 2207 jungi,

119 2228 150 2272 et
206 2220 403 2274 liberos
448 2222 650 2287 tollere,
713 2225 996 2281 imitentur
1049 2227 1241 2282 saltem
1292 2228 1551 2298 pecudes,
1603 2239 1660 2284 et

119 2320 363 2380 tostquam
396 2329 610 2368 uxorum
661 2328 849 2372 venter
897 2319 1233 2378 intumuerit.
1281 2336 1388 2372 non
1429 2320 1657 2390 perdant

120 2404 249 2468 ilios;
286 2419 381 2458 nec
408 2415 673 2462 amatores
704 2409 965 2464 uxoribus
995 2425 1055 2464 se
1083 2411 1401 2478 exhibeant,
1425 2413 1520 2466 sed
1545 2429 1657 2466 ma-

119 2497 226 2550 itos.
282 2495 637 2563 Quorumdam
691 2501 1032 2556 matrimonia
1084 2502 1368 2558 adulteriis
1415 2505 1656 2561 cohaese-

125 2597 197 2640 nit
227 2605 242 2642 :
271 2598 343 2654 et,
377 2607 406 2642 υ
437 2606 545 2646 rem
587 2592 911 2661 improbam,
946 2595 1107 2649 iidem
1140 2593 1167 2633 δ
1201 2597 1307 2652 illis
1339 2597 1649 2665 pudicitiam

119 2690 454 2748 acceperunt,
483 2682 570 2751 qui
602 2682 963 2739 abstulerant.
1015 2686 1199 2755 Itaque
1237 2689 1345 2743 cito
1381 2690 1648 2759 ejusmodi

123 2769 278 2837 iptias
321 2772 538 2826 satietas
577 2773 759 2829 solvit.
795 2775 928 2830 Cum
957 2777 1187 2846 prinnnn
1219 2780 1547 2836 lenocinium
1584 2783 1646 2836 li-

120 2863 254 2915 dinis
281 2863 571 2930 abscessit;
600 2867 742 2937 quod
769 2867 991 2937 libebat,
1025 2871 1235 2926 eviluit.
1275 2885 1294 2907 ι·
1330 2872 1462 2928 Nam
1493 2875 1644 2945 quid,

173 2953 403 3021 Seneca,
435 2956 504 3011 de
538 2959 666 3012 viris
718 2963 1048 3030 panperilms
1099 2963 1298 3029 dicam,
1333 2981 1561 3036 quorum
1591 2967 1644 3022 in

123 3063 243 3101 men
273 3050 476 3115 mariti,
511 3051 576 3105 ad
607 3052 908 3109 eludendas
938 3054 1086 3125 leges
1124 3074 1244 3126 quae
1292 3068 1479 3114 contra
1533 3076 1643 3116 ca:—

1759 1869 1790 1907 a
1820 1855 2020 1908 femina
2047 1852 2258 1908 didicit.
2303 1852 2429 1907 Ha:c
2457 1853 2693 1924 mquavit
2715 1853 3021 1908 Corneliam
3059 1852 3310 1910 Graccho
3341 1870 3355 1908 :

1761 1945 1877 1998 lucc
1927 1945 2170 1999 I‘orciam
2223 1945 2380 1999 alteri
2428 1945 2616 1998 Bruto.
2667 1943 2855 1999 Notior
2897 1952 2981 2000 est
3031 1944 3226 2000 marito
3255 1958 3356 2000 suo

1759 2038 2098 2108 Tanaquilla.
2153 2038 2304 2092 Illum
2357 2039 2498 2093 inter
2532 2038 2703 2092 multa
2745 2053 2930 2107 regum
2983 2038 3202 2092 nomina
3242 2038 3353 2106 jam

1759 2130 2046 2185 abscondit
2077 2131 2392 2201 antiquitas.
2421 2130 2568 2184 Hanc
2594 2145 2714 2184 rara
2747 2131 2888 2184 inter
2909 2128 3138 2183 feminas
3158 2130 3352 2195 virtus,

1760 2223 1923 2276 altius
1951 2223 2272 2277 saeculorum
2304 2221 2546 2276 omnium
2597 2219 2895 2287 memorias,
2925 2235 3090 2289 quam
3124 2227 3182 2272 ut
3209 2219 3357 2274 exci-

1759 2317 1888 2370 dere
1914 2313 2105 2383 possit,
2157 2315 2349 2368 inlixit.
2377 2311 2660 2366 Imitentur
2689 2326 2818 2381 ergo
2837 2322 3018 2380 nuptae
3047 2306 3075 2346 ἀ
3107 2309 3353 2377 Theano,

1758 2405 2160 2473 Cleobulinam,
2210 2405 2550 2473 Gorgunten,
2582 2402 2928 2467 Timoeliam,
2959 2399 3234 2467 Claudias,
3269 2411 3353 2456 at-

1758 2517 1865 2571 que
1891 2500 2171 2556 Cornelias
2193 2518 2206 2560 ;
2230 2510 2282 2554 et
2313 2513 2435 2552 cum
2467 2494 2788 2566 Apostolum
2822 2493 2982 2550 malis
3029 2493 3352 2550 mulieribus

1757 2595 2045 2666 digamiam
2104 2591 2337 2647 viderint
2387 2591 2780 2658 ignoscentem,
2826 2587 3006 2658 legant
3060 2595 3350 2656 antequam

1755 2687 1948 2757 religio
1998 2694 2182 2740 nostra
2235 2685 2468 2754 fulgeret
2501 2683 2552 2735 in
2585 2681 2808 2745 mundo,
2841 2680 3106 2734 unicobas
3133 2693 3354 2749 semper

1755 2781 2010 2836 habuisse
2063 2780 2204 2834 inter
2254 2789 2531 2832 matronas
2560 2775 2756 2840 decus;
2805 2790 2902 2842 per
2946 2773 3065 2828 illas
3093 2772 3350 2828 Fortunae

1751 2873 2000 2928 muliebri
2028 2887 2180 2927 sacra
2210 2870 2328 2926 fieri
2359 2869 2576 2924 solitum
2613 2885 2626 2921 :
2661 2866 2867 2921 nullum
2898 2865 3240 2920 sacerdotem
3267 2863 3349 2920 di-

1747 2982 1996 3038 gamum,
2053 2965 2265 3019 nullum
2298 2974 2320 2998 ε·
2355 2962 2660 3017 Flaminem
2716 2959 3027 3014 bimaritum
3080 2976 3093 3010 :
3143 2958 3339 3014 Hiero-

1750 3059 1980 3129 pbantas
2022 3073 2238 3128 quoque
2277 3055 2697 3110 Atheniensium
2743 3068 2916 3122 usque
2956 3050 3121 3106 hodie
3147 3049 3346 3106 cicutae

120 3155 174 3193 es
209 3140 332 3195 latae
364 3151 512 3207 sunt,
561 3159 684 3213 pars
733 3162 925 3217 magna
974 3149 1332 3205 conducitur?
1360 3153 1639 3220 Quomodo
1669 3158 1713 3219 Ο
1747 3152 2048 3206 sorbitione
2069 3149 2318 3214 castrari,
2349 3157 2406 3204 et
2433 3158 2718 3218 postquam
2749 3147 2802 3202 in
2829 3145 3205 3217 pontificatum
3231 3144 3345 3200 fue-

119 3241 212 3283 est
245 3248 438 3302 regere
463 3250 648 3290 mores
678 3246 731 3290 et
761 3240 1058 3308 prtecipere
1089 3245 1413 3307 castitatem,
1448 3254 1502 3299 et
1523 3262 1634 3300 ma-

164 3327 559 3385 auetoritatetn
595 3338 804 3397 tenere,
837 3333 929 3403 qui
954 3335 1172 3405 nupsit?
1215 3336 1518 3393 Doctissimi
1544 3339 1641 3394 viri

156 3487 422 3569 Plerique
488 3506 684 3569 omnes
743 3509 876 3548 mss.
949 3495 1159 3569 Sextus.
1213 3499 1337 3554 Vid.
1396 3516 1516 3569 quae
1584 3502 1636 3556 in

119 3570 174 3612 ιι.
223 3561 523 3642 ξῆὸιρηε.
578 3565 720 3642 12th
752 3567 1157 3642 annotavimus.
1217 3561 1470 3627 Concinit
1519 3574 1638 3642 ejus

119 3633 308 3687 Lentiae
332 3633 553 3688 dictum
586 3635 655 3690 de
681 3635 930 3692 Othooe:

132 3743 329 3792 Uxoris
350 3745 588 3796 mcec'nus
611 3756 830 3811 ceperat
851 3763 965 3801 esse
989 3766 1110 3804 sum.

159 3849 419 3935 Gravius
465 3854 554 3907 sic
606 3855 710 3925 legi
765 3859 969 3936 mavult
1009 3877 1020 3911 :
1055 3859 1119 3913 In
1177 3862 1401 3936 alienam
1449 3867 1637 3936 quippe

123 3940 208 3975 em
246 3931 436 3978 omnis
485 3942 640 3980 antur
675 3931 873 3998 turpis;
904 3932 954 3982 in
984 3947 1131 3984 suam
1175 3934 1384 3996 nimius,
1434 3931 1630 4007 turpia-

121 4013 171 4046 5.

128 4065 312 4121 Vetus
373 4066 526 4121 edit.
587 4067 812 4124 fortasse
861 4073 1043 4128 verius
1086 4075 1239 4128 iidem
1285 4076 1382 4131 illi.
1427 4077 1544 4132 Mox
1577 4078 1629 4132 in

124 4138 302 4213 "ensi
331 4139 794 4213 etACisterciensi
832 4158 987 4213 mss.,
1030 4162 1145 4199 cum
1173 4149 1399 4213 primum
1441 4151 1632 4202 lenoci-

148 4209 464 4290 abscessi-1.,
497 4211 657 4290 timor
681 4213 816 4290 quod
842 4212 1045 4278 licebat,
1075 4209 1183 4272 etc.
1212 4219 1623 4284 Casanatensis,

119 4296 140 4324 ν-
172 4280 343 4353 quod
396 4278 636 4347 licebat;
684 4278 914 4340 fortasse
940 4297 1022 4342 est
1051 4290 1474 4353 emendandum,
1509 4278 1628 4346 tunc

133 4350 330 4418 quod,
361 4360 489 4405 etc.

119 4423 298 4503 Uias,
368 4419 542 4503 {Vaut
579 4425 703 4491 quid
727 4428 809 4503 ait
854 4427 1092 4503 Seneca?
1133 4429 1210 4483 De
1247 4433 1396 4503 uiris,
1433 4433 1624 4503 inquit.

120 4495 302 4546 tribue
329 4495 571 4572 edicam,
595 4505 701 4572 etc.
722 4497 1071 4572 Martianzrus
1098 4502 1357 4556 mendose
1384 4495 1485 4556 sub
1507 4495 1627 4572 ipsa

130 4563 369 4644 qgapdi
409 4576 559 4619 nota
597 4566 734 4644 Nam
775 4571 934 4637 quod,
968 4573 1061 4634 ait,
1091 4582 1201 4627 etc.
1236 4572 1440 4628 Deinde
1465 4563 1625 4628 Casa-

119 4639 209 4686 sis
242 4639 307 4687 in
342 4650 520 4690 omen
548 4639 722 4693 mariti
758 4656 860 4710 pro
892 4659 1096 4711 nomen,
1127 4655 1232 4699 etc.

1749 3248 1861 3303 rint
1890 3244 2095 3312 allecti,
2121 3245 2267 3299 viros
2306 3257 2430 3300 esse
2454 3242 2732 3298 desinere.

1817 3503 1844 3540 ά
1884 3504 2010 3559 Mss.
2043 3503 2306 3558 Theanum
2333 3518 2352 3556 :
2381 3499 2476 3555 sed
2509 3501 2664 3555 θεάνω
2702 3497 2892 3553 Grmce
2943 3491 3342 3549 indeclinabili-

1747 3584 1851 3630 ter.
1890 3575 1964 3631 De
2000 3577 2112 3640 ipsa
2165 3592 2293 3628 vero
2339 3572 2739 3644 sapientissima
2782 3565 3334 3644 Rytllagortenxore,

1743 3647 1918 3716 deque
1966 3633 2088 3702 aliis
2130 3633 2436 3716 illustribus
2464 3641 2720 3716 feminis,
2745 3633 2857 3693 vid'.
2891 3633 3336 3716 Plutarchum-in

1745 3703 1852 3772 line
1879 3721 2056 3794 rapte.
2089 3718 2388 3794 Politenum
2421 3715 2514 3767 lib.
2547 3729 2582 3794 LI
2610 3712 2847 3794 Stra‘tag.
2900 3721 2998 3777 pro
3035 3703 3339 3759 Cleobulina

1745 3781 2003 3845 mender
2033 3792 2084 3845 in
2115 3787 2500 3858 Cbronicorest
2534 3781 2849 3858 Deubulina.
2941 3847 2983 3858 Η

1819 3873 1841 3897 υ
1881 3844 2264 3917 Casanatensis
2315 3857 2516 3912 nullam
2563 3854 2892 3909 Sacerdotem
2935 3847 3211 3918 bigamnm.
3262 3844 3340 3900 De

1741 3931 2134 4001 Hieropbantis
2190 3940 2242 3985 et
2289 3929 2528 4002 cicutam
2551 3925 2889 4002 sorbitione,
2939 3918 3340 4002 itnrno__veritts

1739 3987 2054 4058 admoiione
2081 4002 2342 4056 masculis
2374 3997 2617 4069 partibus
2652 3996 2760 4073 vid.
2792 3992 3086 4073 Origenem
3241 4003 3333 4052 vn,

1738 4085 1928 4129 contra
1978 4076 2224 4129 Celstun.
2269 4064 2541 4126 Caeterum
2593 4083 2656 4122 ex
2704 4064 3069 4124 Tcrtnlliano,
3113 4072 3182 4111 ex
3228 4073 3338 4125 quo

1737 4147 1997 4215 pleraque
2036 4145 2140 4198 alia
2189 4145 2551 4215 Hieronymus
2580 4144 2860 4215 mutuatus
2887 4142 2992 4197 est,
3023 4129 3163 4211 hanc
3199 4142 3334 4215 quo.

1735 4201 1841 4287 que
1880 4201 2159 4288 expressit
2200 4201 2504 4288 periodum,
2557 4209 2647 4288 ubi
2678 4207 2764 4288 de
2813 4201 3182 4288 Monogatnia,

1734 4279 2244 4353 ultimm-Formati,
2279 4284 2474 4351 inquit,
2510 4279 3013 4353 muliebricoronam
3037 4287 3136 4353 tum
3165 4279 3333 4352 impo-

1657 4348 1708 4408 Ῐ)
1734 4339 2292 4422 ⁷ιιηὶυιώζί..
2342 4339 2900 4423 Ροηίἱῖεκ-Μααξὶιηυε,
2925 4353 2991 4423 .et
3039 4339 3334 4423 laminica

2357 4409 2531 4479 Porro
2577 4409 2896 4474 Flatttinetn'
2925 4414 3075 4494 inulti
3124 4409 3331 4494 Dli‘altetn

1732 4481 2162 4573 ξ”Ὴίὲιεόιῖᾖιίίό
2211 4481 2503 4573 ’ῖῇιοιιῇειη
2559 4502 2634 4573 ui
2668 4498 2854 4569 notum
2911 4481 3332 4573 €134,119?le

1732 4554 2150 4638 iis."it;'é.'"ts,
2198 4571 2288 4626 ubi
2342 4554 2529 4637 plures
2579 4561 2904 4616 Fiaminicas
2956 4556 3135 4612 Diales
3183 4554 3332 4625 leges

1734 4652 2150 4699 commemorat.

765 4753 3322 4789 _______________________________________________________.

1130 4892 1479 4976 LIBER
1557 4887 2220 4973 SECUNDUS.

1514 5060 1848 5080 μ

119 5146 150 5213 ι
194 5143 225 5196 1
244 5181 262 5196 .
315 5142 620 5198 Secunda
658 5146 945 5217 propositio
962 5146 1250 5200 Joviniani.
1278 5177 1348 5187 —
1373 5145 1625 5201 Secunda

120 5237 249 5288 itio
292 5245 433 5302 est,
481 5252 596 5291 eos
627 5239 719 5306 qui
767 5239 968 5294 fuerint
1012 5238 1302 5309 haptizati,
1347 5258 1376 5294 a
1409 5238 1629 5294 diabolo

119 5343 241 5383 sse
281 5330 576 5384 tentari.
607 5330 670 5384 Et
702 5347 769 5387 ne
799 5331 901 5387 hoc
923 5333 1088 5388 stulte
1123 5333 1302 5388 dicere
1328 5334 1625 5398 videretur,

131 5438 149 5473 :
212 5440 237 5473 ι
289 5421 711 5493 Quicumque
732 5436 912 5480 autem
937 5428 1124 5480 tentati
1155 5428 1376 5495 fuerint,
1409 5427 1624 5483 ostendi

121 5513 352 5584 endit]
396 5530 530 5569 eos
569 5530 710 5585 aqua
739 5526 970 5584 tantum,
1003 5527 1058 5573 et
1088 5532 1192 5572 non
1226 5518 1422 5587 Spiritu
1453 5519 1624 5586 bapti-

119 5604 298 5670 μιοά
351 5607 428 5660 in
465 5606 718 5663 Simone
744 5608 898 5679 Mago
921 5610 1171 5680 legimus.
1198 5609 1352 5666 Unde
1381 5619 1435 5665 et
1459 5611 1624 5664 Joan-

134 5706 159 5750 t
205 5715 224 5751 :
282 5687 554 5751 Omnis
584 5700 674 5768 qui
702 5707 855 5753 natus
873 5709 944 5754 est
983 5719 1046 5755 ex
1069 5699 1197 5764 Deo,
1232 5711 1491 5771 peccatum
1521 5718 1623 5756 non

124 5793 435 5848 ironiam
479 5810 674 5849 semen
705 5795 866 5864 ipsius
896 5796 946 5848 in
983 5813 1041 5850 eo
1083 5807 1291 5850 manet:
1327 5806 1373 5849 et
1403 5813 1502 5850 non
1537 5813 1629 5866 po-

1731 5154 1824 5200 (est
1851 5159 2083 5216 peccare,
2130 5140 2252 5211 quia
2279 5152 2342 5190 ea:
2375 5133 2484 5190 Deo
2532 5144 2684 5189 natus
2717 5142 2810 5187 est.
2862 5131 2930 5186 Et
2957 5133 3012 5187 in
3038 5132 3136 5185 hoc
3164 5129 3332 5184 mani-

1730 5239 1848 5310 festi
1874 5239 2005 5308 ﬁunt
2030 5235 2184 5307 [Μδδ.
2216 5232 2357 5302 sunt]
2389 5229 2485 5298 ﬁlii
2513 5226 2631 5294 Dei,
2662 5237 2710 5280 et
2742 5225 2838 5294 ﬁlii
2866 5223 3062 5280 diaboli
3093 5223 3135 5297 (ι
3165 5220 3328 5276 Joan.

1733 5348 1820 5394 III,
1853 5330 1930 5401 9).
1967 5329 2033 5384 Et
2064 5328 2115 5382 in
2149 5328 2254 5379 line
2286 5322 2542 5392 Epistolas
2579 5337 2592 5373 :
2644 5318 2825 5372 Omnis
2856 5317 2942 5387 qui
2973 5327 3125 5369 natus
3152 5323 3227 5366 est
3267 5327 3331 5364 c.1-

1732 5422 1844 5478 Deo
1873 5440 1974 5477 non
2009 5428 2228 5482 peccat;
2254 5415 2342 5470 sed
2369 5413 2628 5487 generatio
2665 5411 2757 5463 Dei
2792 5416 3058 5463 conservat
3090 5421 3205 5460 eum
3231 5421 3248 5469 ;
3280 5413 3331 5458 et

1731 5515 1988 5587 malignus
2018 5529 2117 5566 non
2142 5510 2303 5579 tangit
2324 5525 2434 5563 eum
2461 5505 2505 5576 (l
2530 5503 2694 5558 Joau.
2726 5516 2781 5566 v,
2815 5498 2926 5569 18).

1800 5607 1856 5660 2.
1905 5604 2271 5674 Hieronymus.
2305 5601 2577 5654 Peccatum
2610 5598 2755 5666 fugat
2794 5589 3058 5646 Christum
3097 5597 3145 5640 et
3177 5587 3330 5638 indu-

1732 5701 1797 5754 cit
1831 5698 2120 5753 diabolum.
2161 5726 2226 5735 -—
2265 5693 2480 5750 Revera
2510 5690 2665 5745 fortis
2696 5681 3045 5756 objectio,‘et
3075 5695 3196 5751 qua:
3217 5679 3322 5744 ,in-

1735 5791 2071 5848 dissolubilis
2099 5796 2465 5859 permaneret,
2491 5784 2591 5841 nisi
2627 5779 2796 5853 ipsius
2826 5776 3050 5837 Joannis
3082 5773 3327 5836 testimo-
