4062 6364
523 228 630 312 235
1763 229 1820 286 s.
1865 228 2141 293 EUBEBII
2181 231 2572 296 tttsaourut
3683 250 3857 321 ass

519 368 608 424 nio
637 368 959 423 solveretur.
981 367 1176 422 Statim
1199 369 1346 423 enim
1380 370 1599 429 intulit:
1629 369 1836 440 Fitioli,
1867 374 2121 429 custodite
2151 362 2198 422 Α
2226 376 2393 417 unum
2443 362 2616 419 Deum
2657 379 2848 431 "0688.
2888 380 3014 423 cum
3081 377 3135 424 ei
3181 368 3464 427 dmmones
3500 373 3728 430 credant
3782 385 3862 432 et

525 477 661 515 vasa
687 459 980 514 simulacris
1004 459 1049 532 (i
1078 460 1236 516 Joan.
1273 478 1328 529 v,
1358 463 1476 533 2i).
1511 463 1568 519 Si
1607 465 1790 521 omnis
1827 467 1918 538 qui
1965 477 2126 522 natus
2229 458 2678 513 contremiscam.
2711 459 2816 527 Qui
2844 460 2970 514 dicit
2995 462 3124 516 sein
3154 462 3268 534 ipso
3297 479 3524 528 manere,
3553 466 3700 522 debet
3721 469 3861 522 sic-

526 558 609 608 est
638 566 702 605 cx
731 550 845 606 Deo
874 566 982 606 non
1013 564 1224 622 peccat,
1259 563 1312 609 et
1333 570 1361 608 ει
1389 555 1608 610 diabolo
1649 558 1850 612 tentari
1883 574 1990 613 non
2035 575 2131 629 ρο.-
2231 556 2285 602 ιιι
2311 547 2401 602 ille
2421 549 2724 620 ambulauit,
2758 562 2806 606 ct
2830 554 2942 620 ipse
2961 552 3230 608 ambulare
3259 555 3478 628 (lloun.
3506 573 3550 623 ι,
3584 558 3663 627 6).
3714 560 3869 615 Eli—

530 651 655 710 lest,
703 644 977 714 quomodo
1011 648 1262 714 prmcipit
1303 657 1363 701 ut
1418 659 1653 704 caveant
1697 666 1764 705 ne
1809 652 2132 707 tentantur?
2232 642 2693 712 gutndversarius
2739 660 2770 700 0
2808 645 3024 702 dUObus
3065 649 3208 716 quod
3239 650 3395 704 Vult:
3452 651 3730 722 optionem
3794 654 3865 709 ei

529 735 596 792 Et
627 737 676 792 in
707 736 899 791 eadem
930 753 1120 792 rursus
1139 739 1384 808 Epistola
1413 741 1510 795 :Si
1531 741 1842 810 dixerimus,
1866 745 1990 814 quia
2020 743 2130 815 [AL
2235 733 2340 806 [ΑΙ-
2373 736 2540 808 enim]
2574 736 2782 792 damus-
2817 739 2999 794 Manet
3023 740 3074 794 in
3098 739 3334 809 ChristO,
3369 757 3435 797 an
3468 759 3572 799 non
3608 756 3816 801 manet
3837 747 3870 802 ἲ

529 827 796 900 quoniam]
826 839 1086 898 peccatum
1122 849 1228 885 non
1263 832 1532 900 habemus,
1553 836 1655 906 ipsi
1686 852 1779 890 nos
1817 838 2133 906 seducimus,

2265 828 2293 881 ii
2325 839 2529 895 manet,
2563 829 2634 884 ita
2680 843 2812 899 ergo
2839 831 3081 887 ambulet
3113 842 3170 886 ut
3215 833 3490 890 Christus.
3544 836 3601 892 Si
3650 847 3869 893 autem

532 929 580 974 et
611 922 796 975 veritas
819 922 872 976 in
901 921 1044 978 nobis
1077 940 1179 978 non
1213 935 1306 978 est.
1354 925 1417 980 Si
1439 926 1784 997 confiteantur
1814 940 2022 998 peccata
2044 947 2138 984 τιο-
2240 928 2585 982 temerarium
2611 938 2697 983 est
2727 928 3140 984 similitudinem
3174 933 3435 986 virtutum
3469 934 3686 989 Domini
3718 936 3876 1004 pol-

537 1024 670 1080 stra,
703 1014 871 1082 ﬁdelis
897 1025 947 1070 et
967 1019 1145 1087 justus
1169 1027 1264 1080 est,
1299 1029 1355 1074 ut
1394 1020 1620 1073 remittat
1650 1022 1794 1075 nobis
1828 1034 2060 1092 peccata,
2090 1032 2138 1077 et
2240 1017 2413 1084 liceri,
2443 1033 2548 1072 non
2582 1026 2766 1073 manet
2794 1018 2847 1072 in
2876 1019 3119 1083 Christo,
3153 1020 3279 1090 quia
3307 1037 3412 1076 non
3445 1023 3757 1094 ingreditur
3799 1035 3880 1081 ut

542 1108 1173 1182 mundet[Al.emundet]
1203 1127 1296 1164 nos
1320 1112 1386 1165 ab
1411 1112 1551 1165 omni
1580 1112 1872 1182 iniquitate.
1901 1114 1962 1169 Si
1993 1115 2142 1169 αἱπε-
2241 1108 2515 1165 Christus.
2545 1110 2640 1166 Ille
2689 1123 2969 1180 peccatum
3018 1127 3126 1167 non
3160 1113 3308 1180 fecit,
3367 1131 3540 1184 neque
3591 1118 3882 1175 inventus

541 1200 727 1264 rimus,
759 1201 880 1271 quia
911 1217 1014 1255 non
1044 1203 1394 1272 peccavimus,
1424 1204 1722 1260 mendacem
1750 1207 1973 1277 facimus
2003 1224 2140 1274 eum,
2244 1209 2325 1254 est
2357 1202 2516 1256 dolus
2546 1203 2598 1256 in
2631 1218 2725 1257 ore
2756 1203 2894 1273 ejus,
2927 1203 3022 1274 qui
3065 1219 3190 1260 eum
3236 1207 3681 1274 malediceretur,
3735 1227 3881 1268 non

544 1304 589 1346 et
621 1293 829 1348 verbum
857 1296 966 1358 eius
995 1312 1096 1350 non
1125 1305 1196 1350 est
1237 1298 1294 1350 in
1338 1298 1483 1351 nobis
1523 1297 1569 1367 (Ι
1611 1297 1770 1355 Joan,
1809 1316 1858 1366 ι,
1890 1303 1924 1357 8
1951 1303 2140 1372 seqq).
2247 1293 2590 1349 remaledixit
2613 1295 2660 1364 (i
2692 1296 2838 1350 Petr.
2871 1311 2940 1359 ιι,
2965 1294 3083 1367 22),
3128 1305 3184 1352 et
3229 1305 3506 1369 tamquam
3551 1315 3724 1370 agnus
3761 1317 3887 1358 co-

551 1385 816 1441 Esistimo
845 1385 970 1458 [ΑΙ.
997 1387 1232 1459 wstimo]
1260 1389 1405 1458 quod
1450 1389 1694 1446 Joannes
1743 1392 2047 1463 baptizatus
2077 1393 2144 1448 ad

2279 1400 2363 1442 am
2389 1386 2648 1442 tondente
2663 1387 2743 1441 sic
2765 1403 2870 1441 non
2890 1388 3104 1457 aperuit
3127 1401 3188 1442 os
3213 1403 3370 1444 suum
3400 1389 3556 1457 (Isai.
3586 1408 3711 1456 Ltli,
3744 1394 3817 1461 9)
3866 1413 3883 1450 :

547 1478 850 1549 baptizatos
873 1483 1181 1551 scripserit,
1211 1490 1268 1536 et
1294 1483 1437 1552 quad
1465 1498 1626 1538 omne
1657 1497 1938 1554 peccatum
1973 1503 1999 1540 ο
2031 1488 2149 1542 dia-
2250 1477 2314 1532 ad
2347 1493 2510 1549 quem
2553 1477 2702 1534 venit
2738 1478 2991 1549 princeps
3029 1480 3220 1534 mundi
3253 1481 3433 1546 istius,
3467 1492 3522 1538 et
3554 1484 3776 1540 invenit
3819 1487 3887 1541 in

553 1570 677 1628 bolo
699 1573 789 1627 sit.
826 1571 918 1628 ille
947 1583 1291 1642 peccatorum
1323 1591 1385 1632 se
1408 1579 1724 1641 conﬁtetur,
1759 1586 1818 1634 et
1845 1590 2034 1648 sperat
2065 1597 2149 1637 re-
2251 1586 2316 1626 ου
2343 1571 2479 1627 nihil
2510 1573 2641 1643 :qui
2674 1587 2802 1627 cum
2836 1583 3119 1643 peccatum
3155 1588 3260 1628 non
3285 1573 3526 1640 iecisset.
3559 1591 3658 1645 pro
3690 1579 3882 1634 nobis

555 1663 892 1727 miSsioncm,
918 1676 1037 1734 post
1053 1667 1344 1735 baptisma,
1373 1671 2151 1738 peccatorum:etiovinianus
2256 1677 2538 1739 peccatum
2568 1682 2691 1722 eum
2723 1666 2852 1721 l‘ecit
2883 1667 3027 1722 Deus
3053 1667 3097 1739 (l
3121 1665 3281 1722 Joan.
3313 1683 3404 1732 ιιι,
3436 1669 3638 1739 5).Nos
3667 1680 3888 1727 autem

558 1769 709 1810 meus
755 1756 888 1812 dicit
936 1758 1065 1812 :Ne
1116 1769 1299 1830 tangas
1347 1778 1445 1830 me,
1488 1765 1733 1834 quoniam
1783 1765 2006 1818 mundus
2036 1781 2152 1819 sum
2186 1747 2227 1812 Β
2253 1760 2407 1830 juxta
2464 1759 2763 1830 Epistulam
2804 1759 3016 1824 Jacobi,
3067 1759 3231 1814 multa
3271 1777 3540 1830 peccamus
3557 1779 3769 1830 omnes,
3835 1773 3894 1820 et

558 1845 870 1915 (lsat'.L1tv,
902 1853 1062 1924 juxta
1101 1851 1290 1921 LXX).
1341 1852 1483 1922 Quid
1523 1856 1693 1924 ergo?
1742 1856 2016 1910 contraria
2048 1856 2152 1911 sibi
2256 1867 2404 1907 nemo
2453 1851 2677 1905 mundus
2721 1867 2752 1904 α
2795 1853 3039 1920 peccatis,
3079 1867 3171 1906 nec
3196 1852 3358 1924 323
3384 1855 3426 1906 si
3463 1854 3616 1906 unius
3654 1854 3898 1924 quidem

559 1939 853 2011 Apostolus
883 1944 1159 2012 loquitur?
1201 1945 1444 2001 Minime.
1488 1945 1548 2001 in
1571 1948 1762 2002 eodem
1789 1949 1991 2018 quippe
2031 1948 2153 2004 loco
2259 1944 2359 1996 diei
2383 1943 2540 2013 fuerit
2569 1943 2670 1997 vita
2695 1944 2807 2012 ejus
2841 1942 3044 2012 (Iacob.
3073 1959 3163 2010 tu,
3196 1945 3254 2016 ἓ)
3292 1963 3306 1999 :
3343 1945 3470 2013 Quis
3501 1947 3638 2001 enim
3668 1945 3897 2018 gloria-

560 2052 658 2090 cur
692 2036 796 2092 hoc
832 2037 1069 2105 dixerit,
1113 2040 1297 2094 statim
1335 2041 1587 2096 edisserit
1621 2058 1635 2094 :
1663 2040 1850 2096 Fitioti
1891 2043 2012 2110 mei,
2047 2041 2157 2097 luet:
2260 2035 2394 2088 bitur
2414 2043 2613 2089 castum
2639 2051 2692 2088 se
2725 2032 2915 2089 habere
2934 2035 3065 2089 cor?
3094 2045 3184 2089 aut
3215 2037 3329 2107 quis
3355 2037 3584 2106 conﬁdet
3611 2041 3897 2093 mundum

561 2131 728 2186 scribo
753 2133 916 2198 vobis,
934 2143 991 2186 ut
1019 2150 1120 2188 non
1149 2137 1385 2203 peccetis.
1409 2135 1515 2190 Sed
1537 2145 1586 2190 et
1614 2138 1657 2190 si
1686 2139 1799 2206 quis
1835 2139 2120 2206 peccauerit
2140 2181 2155 2206 ,

2291 2138 2446 2186 eesse
2472 2147 2504 2184 a
2544 2131 2808 2200 peccatis?
2855 2129 3206 2198 Tenemurque
3253 2133 3328 2186 rei
3367 2133 3420 2185 in
3466 2133 3895 2190 similitudinem

560 2224 863 2281 advocatum
886 2226 1132 2282 habemus
1158 2229 1298 2297 apud
1321 2227 1532 2282 Patrem
1556 2226 1736 2282 Iesum
1763 2229 2026 2283 Christum
2041 2231 2163 2300 jus-
2264 2224 2707 2295 prarvart'cutionis
2734 2222 2899 2277 Adam
2926 2222 3114 2296 (Prov.
3150 2241 3240 2290 xx,
3272 2224 3351 2297 9).
3387 2224 3542 2282 Ulllle
3567 2236 3624 2282 et
3652 2229 3844 2283 David
3880 2247 3896 2285 :

565 2327 692 2385 tum,
726 2329 770 2373 et
797 2320 908 2388 ipse
948 2329 1020 2374 est
1051 2321 1351 2391 propitiatio
1391 2337 1484 2391 pro
1525 2321 1746 2391 peccatis
1786 2322 1998 2374 nostris.
2042 2321 2164 2374 Non
2267 2313 2424 2380 Ecce,
2453 2316 2550 2382 ait,
2581 2315 2636 2369 in
2668 2316 3026 2386 iniquitatibus
3047 2325 3322 2386 conceptus
3349 2335 3484 2386 sum,
3509 2330 3557 2373 et
3588 2321 3641 2373 in
3664 2319 3900 2377 delictis

568 2425 662 2480 pro
680 2413 869 2466 nostris
899 2421 1070 2465 autem
1097 2421 1316 2479 tantum,
1342 2413 1432 2467 sed
1456 2413 1613 2466 etiam
1640 2428 1736 2481 pro
1764 2412 1922 2466 totius
1961 2411 2162 2465 mundi.
2267 2408 2293 2448 δ
2345 2409 2575 2478 concepit
2617 2425 2696 2463 me
2749 2421 2912 2464 mater
2963 2413 3078 2464 mea
3124 2409 3295 2480 (Ptol.
3328 2427 3391 2480 ι,
3447 2412 3525 2482 7).
3561 2412 3629 2466 Et
3681 2414 3901 2471 beatus

570 2503 637 2558 Et
677 2505 730 2557 in
761 2505 855 2558 hoc
899 2506 1111 2571 scimus,
1140 2507 1280 2576 quod
1306 2507 1636 2577 cognouimus
1666 2521 1803 2571 eum,
1849 2505 1893 2559 si
1923 2504 2168 2558 mandata
2269 2499 2414 2556 Job:
2447 2500 2506 2556 Si
2531 2503 2676 2571 fuero
2695 2505 2893 2574 justus,
2942 2517 2998 2556 os
3042 2517 3210 2557 meum
3256 2505 3417 2574 impia
3448 2504 3728 2576 loquetur;
3760 2517 3817 2561 et
3850 2509 3903 2562 si

569 2601 684 2670 ejus
713 2598 1054 2652 observemus.
1099 2597 1200 2666 Qui
1231 2599 1357 2652 dicit
1386 2615 1440 2652 se
1469 2614 1616 2654 nosse
1653 2613 1792 2662 cum,
1837 2607 1884 2651 et
1921 2597 2170 2654 mandata
2272 2595 2379 2649 sine
2405 2595 2647 2654 crimine.
2689 2612 2878 2664 pravus
2931 2596 3181 2651 inveniar.
3230 2595 3298 2650 Et
3362 2599 3406 2653 si
3463 2599 3781 2668 puri/iectus
3841 2603 3903 2655 in

569 2693 682 2761 ejus
710 2707 812 2745 non
835 2692 1076 2758 custodit,
1110 2693 1331 2745 mendas:
1356 2702 1448 2754 est,
1476 2702 1524 2745 et
1551 2692 1606 2744 in
1635 2706 1694 2744 eo
1723 2691 1911 2744 veritas
1939 2707 2043 2744 non
2076 2699 2170 2744 est.
2273 2689 2386 2742 nive
2431 2698 2479 2742 et
2531 2689 2665 2743 lotus
2717 2690 2922 2744 mundis
2970 2691 3240 2758 manibus,
3289 2693 3416 2746 satis
3465 2709 3544 2746 me
3586 2695 3743 2748 sorde
3799 2695 3906 2749 tin-

579 2782 680 2846 Qui
705 2791 877 2836 autem
923 2793 1091 2836 servat
1136 2782 1346 2838 verbum
1393 2785 1526 2854 ejus,
1556 2797 1672 2835 uere
1701 2783 1755 2834 in
1799 2781 1893 2834 hoc
1948 2780 2176 2834 charitas
2276 2782 2816 2848 xisti,ete;csecratum
2833 2793 2908 2837 est
2928 2790 3373 2839 meuesttmentum
3395 2789 3564 2840 meum
3587 2785 3734 2858 (Job.
3765 2802 3900 2858 xtv,

583 2869 679 2923 Dei
701 2872 927 2940 perfecta
953 2883 1048 2926 est.
1082 2871 1146 2925 In
1173 2872 1270 2924 hoc
1291 2872 1500 2936 scimus,
1529 2871 1692 2943 323
1715 2871 1958 2939 quoniam
1985 2871 2040 2924 in
2064 2871 2178 2940 ipsa
2275 2876 2429 2945 juxta
2460 2875 2622 2942 LXX,
2657 2877 3026 2948 ettx).Verum
3057 2894 3122 2932 nc
3147 2881 3361 2948 penitus
3376 2879 3763 2951 desperemus,
3801 2898 3907 2938 ar-

581 2978 779 3016 sumus.
810 2962 911 3026 Qui
952 2962 1077 3016 dicit
1107 2979 1161 3014 se
1197 2963 1248 3015 in
1287 2963 1400 3031 ipso
1448 2979 1675 3028 manere,
1722 2959 1868 3014 debet
1907 2961 2038 3017 sicut
2091 2959 2181 3020 ille
2283 2966 2546 3023 bitrantes
2572 2983 2671 3023 nos
2695 2981 2811 3038 post
2833 2979 3049 3040 peccata
3073 2971 3449 3041 b.iptisminon
3473 2989 3635 3044 posse
3653 2975 3904 3046 salvari,

582 3055 886 3120 ambulavit,
921 3065 970 3110 et
1017 3056 1130 3125 ipse
1180 3053 1447 3108 ambulare
1493 3053 1538 3127 (I
1585 3053 1746 3109 Joan.
1789 3069 1860 3122 tt,
1919 3055 1941 3108 l
1986 3054 2178 3125 seqq.).
2213 3122 2253 3142 ἧ
2287 3060 2468 3113 statim
2501 3059 2605 3116 hoc
2635 3061 2810 3131 ipsum
2839 3071 3108 3132 temperat
3137 3080 3149 3117 :
3183 3062 3252 3118 Et
3279 3065 3322 3118 si
3348 3067 3463 3136 quis
3497 3069 3752 3136 peccarit,
3801 3070 3912 3124 ad-

581 3149 902 3219 Propterea,
934 3148 1133 3219 inquit,
1167 3147 1353 3203 scribo
1401 3149 1585 3214 vobis,
1629 3147 1783 3202 ﬁlioli
1813 3147 1918 3202 mei
1951 3164 1964 3200 :
2005 3145 2186 3201 Omnis
2213 3129 2255 3184 (ἶ
2292 3162 2527 3206 uocatum
2552 3129 2798 3207 habemus
2846 3129 2988 3226 apud
3031 3155 3243 3210 Patrem
3271 3129 3449 3212 Jesum
3475 3129 3748 3212 Christum
3764 3163 3909 3232 jus-

584 3242 670 3313 qui
698 3252 849 3296 natus
875 3252 947 3295 est
981 3259 1042 3296 ex
1070 3242 1200 3308 Deo,
1237 3257 1338 3295 non
1376 3251 1572 3311 peccat,
1606 3249 1666 3296 ιιι
1693 3257 1798 3296 non
1833 3240 2102 3311 peccetis,
2133 3247 2188 3294 et
2293 3257 2420 3311 tum,
2446 3257 2494 3300 et
2534 3249 2644 3318 ipse
2674 3258 2748 3302 est
2792 3249 3091 3321 propitiatio
3123 3267 3218 3320 pro
3257 3251 3478 3323 peccatis
3502 3254 3715 3311 nostris.
3769 3254 3912 3311 Non

588 3334 793 3389 tamdiu
814 3335 1002 3389 sciatis
1035 3350 1130 3390 vos
1159 3337 1210 3388 in
1230 3337 1584 3406 generatione
1603 3335 1821 3390 Domini
1843 3347 2186 3404 permanere,
2293 3355 2385 3406 pro
2411 3339 2602 3393 nostris
2627 3350 2799 3394 autem
2831 3350 3050 3407 tantum,
3086 3342 3176 3394 sed
3217 3344 3371 3397 etiam
3408 3360 3502 3413 pro
3522 3345 3677 3399 totius
3707 3347 3911 3401 mundi

589 3429 850 3498 quamdiu
884 3445 990 3482 non
1017 3428 1401 3498 peccaveritis.
1439 3428 1607 3482 Immo
1631 3429 1721 3498 qui
1751 3427 1802 3482 in
1831 3427 2187 3498 generatione
2293 3433 2335 3504 (1
2354 3432 2511 3487 Joan.
2556 3449 2630 3499 ιι,
2668 3434 2743 3505 1),
2774 3433 2886 3490 Hoc
2915 3434 2982 3488 ad
3013 3435 3298 3490 credentes
3339 3444 3461 3506 post
3489 3435 3761 3509 baptisma
3812 3439 3909 3500 ιο-

593 3523 800 3576 Domini
861 3533 1255 3593 perseverant,
1307 3537 1534 3598 peccare
1591 3538 1697 3576 non
1757 3534 2002 3594 possunt.
2061 3523 2191 3589 Qua:
2293 3526 2496 3602 quitur,
2530 3536 2584 3582 et
2614 3526 2934 3582 advocatum
2981 3543 3079 3600 pro
3110 3528 3322 3586 delictis
3362 3544 3550 3586 eorum
3598 3530 3908 3592 Dominum

591 3617 727 3670 enim
755 3617 1149 3671 communicatio
1179 3616 1279 3672 luci
1321 3627 1368 3670 et
1402 3616 1668 3674 tenebris?
1700 3615 1903 3674 (.‘Itristo
1932 3625 1980 3676 et
2023 3613 2191 3674 Belial
2294 3619 2603 3690 pollicetur.
2654 3619 2762 3675 Nec
2791 3621 2916 3677 dicit
2949 3641 2961 3676 :
2990 3623 3045 3679 Si
3073 3623 3202 3693 quid
3235 3623 3612 3693 peccaveritis,
3652 3623 3909 3681 advoca-

595 3710 666 3780 (ll
696 3711 816 3766 Cor.
871 3725 954 3776 vt,
986 3710 1110 3779 l4)?
1138 3710 1424 3776 Quomodo
1455 3711 1570 3765 dies
1595 3718 1652 3765 et
1682 3724 1786 3765 nos
1837 3710 2053 3768 misceri
2101 3724 2195 3765 ne-
2300 3723 2409 3765 tum
2442 3712 2647 3766 habetis
2682 3714 2824 3782 apud
2859 3713 3069 3772 Patrem
3101 3713 3400 3784 Christum,
3433 3724 3487 3770 et
3513 3715 3626 3786 ipse
3655 3724 3742 3772 est
3775 3731 3911 3786 pro-

594 3812 797 3872 queunt
827 3819 838 3854 :
891 3804 971 3857 sic
1001 3816 1102 3856 nec
1142 3801 1348 3874 justitia
1401 3810 1456 3855 et
1488 3800 1772 3872 iniquitas,
1805 3810 2090 3872 peccatum
2139 3809 2196 3858 et
2299 3808 2506 3878 pitiatio
2534 3823 2630 3882 pro
2653 3809 2890 3882 peccatis
2919 3810 3144 3874 vestris;
3173 3825 3239 3864 ne
3267 3825 3361 3864 cos
3390 3809 3621 3872 diceres.
3652 3824 3766 3866 non
3790 3810 3914 3880 ple-

601 3895 741 3950 bona
781 3911 968 3966 opera,
1001 3895 1254 3954 Christus
1295 3904 1351 3954 et
1381 3893 1770 3955 Aulicltristus.
1800 3895 1856 3950 Si
1888 3896 2198 3964 susceperi-
2301 3917 2365 3960 nu
2401 3899 2505 3963 [ide
2536 3900 2803 3976 baptisma
2828 3911 3182 3958 consecutos;
3206 3899 3299 3956 sed
3325 3900 3660 3966 Advocatum,
3692 3901 3906 3970 inquit,

604 4003 725 4044 mus
753 3988 1032 4044 Christum
1065 3989 1118 4044 in
1167 3986 1405 4057 hospitio
1437 3989 1608 4044 nostri
1645 3988 1882 4056 pectoris
1922 3986 2030 4058 [ΑΙ.
2074 4001 2198 4043 cor-
2303 3992 2542 4047 habemus
2573 4004 2592 4031 ο
2618 3994 2761 4062 apud
2788 3991 2998 4048 Patrem
3036 3993 3221 4048 Iesum
3270 3992 3552 4058 Christum,
3594 4002 3638 4047 et
3675 3993 3792 4064 ipse
3831 4002 3911 4047 est

605 4081 810 4157 poris],
840 4082 992 4137 illico
1033 4082 1279 4152 fugamus
1306 4079 1413 4153 [Αι.
1447 4079 1776 4152 fugabimus]
1801 4080 2098 4136 diabolum.
2141 4079 2198 4136 Si
2301 4085 2600 4157 propitiatio
2631 4102 2725 4157 pro
2765 4087 2986 4155 peccatis
3040 4088 3262 4153 nostris;
3309 4094 3363 4142 et
3418 4101 3526 4142 non
3572 4085 3751 4142 solum
3806 4097 3910 4156 pro

603 4176 1036 4248 peccaverimus,
1069 4184 1123 4229 et
1151 4189 1249 4245 per
1288 4174 1495 4245 peccati
1521 4173 1742 4244 jauuam
1771 4172 2051 4244 ingressus
2083 4171 2201 4228 lue-
2303 4179 2546 4248 .loannis,
2573 4180 2894 4251 illorumquc
2933 4181 3206 4251 peccatis;
3241 4179 3335 4236 sed
3375 4179 3538 4236 etiam
3583 4195 3680 4250 pro
3735 4178 3911 4238 totius

604 4275 673 4328 rit
699 4273 971 4337 diabolus,
1004 4272 1253 4340 protinus
1280 4271 1525 4325 Christus
1555 4267 1797 4324 recedet.
1829 4266 1981 4326 Unde
2009 4275 2064 4324 et
2092 4265 2198 4328 Da-
2305 4270 2512 4330 mundi.
2541 4271 2596 4328 in
2645 4280 2756 4326 toto
2794 4282 2974 4328 autem
3028 4271 3232 4329 mundo
3268 4279 3323 4327 et
3351 4271 3594 4339 Apostoli
3627 4278 3754 4324 sunt
3783 4283 3912 4323 om-

604 4365 694 4420 vid
719 4376 839 4436 post
866 4375 1144 4436 peccatum
1173 4381 1185 4416 :
1217 4362 1394 4417 Redde
1415 4360 1560 4428 mihi,
1601 4363 1708 4426 ait,
1742 4359 1977 4415 lwtitiam
2003 4359 2204 4415 saluta-
2306 4380 2512 4434 nesqne
2538 4364 2844 4422 credentes.
2881 4365 2956 4421 Ex
2992 4366 3190 4435 quibus
3237 4365 3443 4434 liquido
3481 4360 3908 4432 comprobatur,

607 4463 680 4515 ris
702 4462 776 4518 tui
823 4459 939 4532 (Ps.
974 4477 1036 4526 ι,
1080 4457 1169 4530 Η)
1201 4477 1212 4512 ;
1253 4457 1463 4516 scilicet
1509 4471 1667 4528 quam
1696 4453 1973 4527 peccando
2004 4453 2202 4510 amise—
2233 4519 2275 4532 λ
2311 4468 2432 4532 post
2455 4458 2719 4532 baptisma
2748 4473 2907 4530 posse
2948 4455 3184 4528 peccari.
3215 4454 3438 4517 Frustra
3465 4456 3607 4514 enim
3634 4453 3908 4516 habemus

609 4563 714 4608 rat.
753 4554 854 4620 Qui
886 4555 1009 4608 dicit
1034 4569 1088 4608 sc
1117 4569 1266 4608 nosse
1289 4567 1426 4618 eum,
1455 4559 1502 4607 et
1545 4549 1789 4606 mandata
1817 4551 1930 4623 ejus
1961 4564 2064 4604 non
2087 4563 2204 4606 cus-
2233 4519 2280 4579 ί)
2307 4551 2623 4614 advocatum
2646 4550 2830 4610 Jesum
2861 4548 3158 4613 Christum.
3199 4547 3244 4607 si
3275 4550 3486 4618 peccari
3525 4566 3630 4606 non
3666 4555 3871 4620 potest.

612 4646 762 4713 todit,
790 4648 1012 4700 mendax.
1037 4658 1132 4711 est,
1159 4657 1204 4700 et
1224 4648 1275 4700 in
1294 4648 1391 4700 hoc
1412 4646 1597 4699 veritas
1620 4661 1720 4698 non
1741 4653 1814 4698 est
1832 4641 2009 4714 (Joan.
2040 4658 2096 4710 tt,
2120 4641 2201 4714 4).
2379 4647 2434 4702 5.
2476 4644 2639 4699 Error
2663 4643 2898 4700 Montani
2923 4652 2971 4694 et
3000 4640 3189 4696 Novati
3215 4641 3512 4696 damnatur.
3556 4640 3729 4696 Liberi
3768 4639 3911 4694 arbi-

612 4739 864 4793 Cltrisltts
889 4741 1089 4795 veritas
1119 4741 1429 4810 appellatur
1460 4757 1471 4793 :
1506 4747 1530 4776 ³
1571 4737 1684 4808 Ego
1725 4754 1861 4805 sum,
1897 4737 2090 4808 inquit,
2125 4737 2207 4791 via
2306 4740 2393 4793 trii
2422 4755 2596 4794 sumus
2636 4737 2846 4791 conditi.
2895 4733 3047 4788 Nova
3085 4736 3358 4805 imperitia:
3383 4737 3562 4806 factio.
3595 4763 3667 4775 —
3708 4734 3911 4789 Petrus

613 4843 660 4884 et
688 4833 789 4886 vita
818 4842 866 4886 et
903 4835 1086 4888 veritas
1115 4831 1296 4903 (Joan.
1349 4850 1455 4898 xiv,
1487 4833 1565 4902 6).
1611 4832 1833 4888 Frustra
1869 4831 2024 4886 nobis
2055 4832 2108 4887 in
2140 4848 2205 4894 eo
2309 4831 2626 4902 Apostolus,
2667 4829 2735 4886 ad
2778 4845 2939 4900 quem
2970 4828 3171 4883 dictum
3231 4826 3444 4883 fuerat:
3497 4828 3596 4894 Qui
3629 4828 3767 4882 lotus
3808 4833 3907 4887 est,

615 4924 922 4995 plaudimus
939 4924 1048 4997 [ΑΙ.
1070 4925 1664 4998 applaudimus],cujus
1682 4924 1932 4980 mandata
1947 4940 2054 4979 non
2075 4922 2206 4979 faci-
2310 4940 2411 4977 non
2443 4940 2643 4978 necesse
2671 4922 2820 4977 liabet
2850 4930 2901 4976 ut
2927 4921 3112 4977 iterum
3134 4922 3264 4976 lavet
3296 4919 3474 4992 (Joau.
3508 4935 3635 4986 xm,
3665 4919 3781 4992 l0);
3832 4924 3909 4981 et,

615 5033 754 5071 ntus.
789 5017 995 5072 Scienti
1026 5017 1247 5082 bonum,
1279 5028 1333 5073 et
1357 5033 1464 5072 non
1495 5019 1710 5073 facienti
1738 5017 1894 5084 illud,
1923 5027 2206 5087 peccatum
2317 5017 2395 5073 Tu
2427 5023 2478 5071 e's
2511 5015 2719 5082 Petrus,
2749 5025 2795 5071 et
2834 5033 2985 5086 super
3017 5018 3149 5070 hanc
3189 5025 3386 5086 petram
3427 5015 3694 5084 wdiﬁcabo
3722 5011 3918 5066 Eccle-

619 5117 724 5162 cst.
765 5107 1037 5174 Quomodo
1067 5123 1251 5176 corpus
1277 5110 1388 5166 sine
1424 5110 1612 5180 spiritu
1651 5119 1913 5170 mortuum
1937 5119 2034 5176 est,
2065 5108 2138 5163 sic
2159 5117 2208 5162 et
2316 5109 2446 5166 siam
2473 5124 2635 5162 meam
2666 5107 2881 5178 (Matth.
2912 5123 3037 5174 xvt,
3076 5107 3164 5173 18)
3197 5122 3209 5160 :
3253 5107 3320 5170 ab
3345 5105 3540 5165 ancilla
3579 5103 3909 5176 perterritus

616 5199 748 5272 ﬁdes
773 5200 885 5254 sine
934 5198 1171 5271 operibus
1198 5210 1396 5258 mortua
1433 5214 1525 5260 est.
1557 5203 1668 5260 Nec
1704 5203 1912 5275 grande
1959 5213 2210 5278 putemus
2319 5211 2500 5272 negat.
2532 5200 2596 5260 Et
2625 5199 2740 5271 ipse
2765 5200 3056 5260 Dominus:
3083 5200 3289 5269 Simon,
3319 5199 3527 5268 Simon,
3550 5215 3684 5268 cccc,
3712 5196 3908 5268 inquit.

695 5438 719 5465 ιι
775 5424 941 5480 Addit
995 5431 1148 5478 vetus
1194 5423 1362 5478 editio
1414 5422 1569 5476 immo
1611 5429 1706 5476 est.
1749 5422 1808 5474 In
1856 5419 2211 5494 subsequenti
2322 5433 2514 5494 meum,
2545 5415 2753 5494 absque
2786 5431 2896 5494 me;
3087 5484 3135 5494 __
3209 5484 3238 5494 γ.
3547 5483 3558 5494 _

617 5499 843 5560 Joannis
873 5495 1143 5551 versiculo
1169 5509 1330 5549 voces
1370 5504 1418 5547 et
1456 5494 1558 5547 vita
1589 5507 1654 5548 ex
1696 5507 1826 5546 tuas.
1863 5484 2116 5550 omnibus
2154 5500 2214 5548 et
2398 5501 2417 5528 ι’
2466 5488 2639 5546 Verba
2659 5489 2811 5560 apud
2855 5486 3062 5560 Patrem
3087 5484 3431 5560 Martianaaus
3451 5484 3714 5560 omiserat
3747 5495 3759 5533 :
3798 5485 3911 5560 t9"!

884 5544 1565 5637 ⁷[ι’(έισὶ-(ιιίιι
1594 5544 1725 5618 aiio"
1749 5544 2210 5632 {xoriuut'is'éiipr'd
2321 5544 2717 5637 Casanatensis'
2731 5573 2824 5637 pro
2850 5544 3433 5637 Joannishilloruntque
3454 5553 3694 5637 peccatis,

626 5623 787 5698 atque
811 5623 1350 5696 inira'e'mendamus.
2118 5623 2133 5632 ’
2327 5632 2532 5694 scribit;
2557 5629 2646 5684 sed
2687 5623 2872 5696 etiam,
2911 5638 3017 5684 etc.
3054 5625 3323 5683 Victorius
3348 5623 3560 5680 ’ma’lttit
3590 5624 3908 5686 aliorumque

683 5660 731 5748 Ἱι
763 5712 877 5748 nun
900 5727 1008 5748 mea
1065 5711 1260 5748 nonnril
1312 5724 1390 5748 ηιρ
1465 5703 1560 5748 sml
1609 5703 1830 5748 Crmml!
1868 5703 2104 5748 ἐνίκησέ
2133 5725 2210 5748 ιιι
2327 5711 2556 5748 tantum-

763 5712 877 5763 Duo
900 5727 1030 5780 mss.
1065 5711 1261 5780 peperit
1312 5724 1410 5770 me,
1465 5703 1560 5760 sed
1609 5703 1830 5760 Graecus
1868 5703 2104 5780 ὶκίσᾳησέ
2131 5725 2212 5777 με.
2327 5711 2556 5760 tantum.

638 5780 811 5841 Paulo
836 5790 956 5851 post
969 5775 1102 5838 Casa
1113 5782 1351 5842 natensis
1373 5789 1418 5836 et
1434 5785 1752 5836 exsecratum
1771 5783 1848 5836 est
1867 5775 2216 5836 vestimentum
