4068 6380
191 391 302 449 285

1295 389 1666 454 ADVERSUS
1703 388 2115 452 ,ιονιΝιΑΝυΜ
2156 388 2288 450 LIB.
2332 390 2394 444 ll.

3389 395 3495 454 286

200 487 428 543 Satanas
467 487 742 560 postulauit
770 501 892 559 vos,
925 495 977 540 ut
1024 486 1271 540 cribraret
1303 487 1432 540 sicut
1481 485 1589 560 [ΑΙ.
1621 483 1792 557 quasi]
1824 489 1876 548 Α
1904 484 2013 555 1‘2).
2056 484 2122 537 Et
2160 483 2438 544 existimat
2489 483 2683 558 aliquis
2735 499 2958 542 securos
2985 527 3000 551 ,
3052 496 3108 542 et
3159 487 3496 552 dormientes

199 579 450 632 triticum.
480 577 591 648 Ego
615 590 786 632 autem
806 579 981 652 rogavi
1011 595 1103 652 pro
1137 587 1203 643 te,
1233 596 1295 632 ne
1323 576 1435 654 [AL
1465 586 1519 632 ut
1553 577 1675 650 non]
1701 577 1791 631 de-

197 672 375 742 ﬁceret
391 672 520 739 ﬁdes
535 682 622 727 tua
644 671 858 745 (Matth.
883 688 986 737 ενι,
1002 672 1114 746 26).
1136 673 1201 730 Et
1224 674 1276 730 in
1300 672 1494 728 eodem
1519 673 1668 729 loco:
1699 671 1788 726 Vi-

197 764 360 836 gilate
387 773 435 818 et
458 774 618 829 orate,
652 780 713 817 ne
741 765 940 818 intretis
960 765 1014 818 in.
1037 765 1367 819 tentationem
1393 781 1410 819 :
1437 765 1650 834 spiritus
1676 763 1790 834 qui-

198 857 319 911 dem
341 868 610 932 promptus
640 867 735 926 est,
777 875 893 913 caro
933 869 1105 918 autem
1135 861 1368 931 infirma.
1403 857 1559 926 Quod
1587 858 1632 912 si
1664 866 1791 912 ante

197 963 418 1004 crucem
451 949 654 1003 dictum
706 951 1074 1020 responderis,
1115 963 1263 1004 certe
1322 961 1444 1021 post
1484 965 1701 1006 crucem
1736 949 1787 1006 in

194 1037 455 1096 Oratione
486 1040 758 1099 Dominica
790 1042 1020 1097 dicimus
1055 1061 1068 1095 :
1099 1041 1261 1120 324
1303 1042 1510 1096 Dimitte
1533 1042 1676 1096 nobis
1698 1043 1788 1096 de-

194 1131 298 1186 bita
321 1142 519 1196 nostra.
545 1134 674 1188 sicut
697 1144 742 1188 et
765 1152 854 1188 nos
883 1136 1190 1188 dimittimus
1217 1135 1528 1190 debitoribus
1564 1135 1788 1202 nostris;

193 1237 243 1283 ct
269 1246 334 1284 ne
360 1246 452 1284 nos
473 1231 685 1286 inducas
708 1237 759 1288 in
786 1231 1136 1297 tentationem,
1169 1230 1259 1286 sed
1287 1230 1445 1283 libera
1483 1247 1574 1283 nos
1595 1247 1626 1282 a
1653 1229 1788 1284 malo

191 1320 412 1392 (Matth.
445 1339 526 1388 vn,
560 1323 672 1394 12).
707 1323 762 1379 Si
787 1340 892 1379 non
924 1338 1207 1393 peccamus
1231 1332 1350 1394 post
1374 1323 1660 1392 baptisma,
1693 1337 1790 1378 cur

191 1415 350 1472 nobis
383 1417 658 1493 poscimus
687 1427 904 1490 peccata
935 1417 1162 1484 dimitti,
1193 1432 1312 1494 quae
1358 1417 1409 1471 in
1459 1417 1790 1486 baptismate

185 1508 301 1580 jam
331 1510 554 1566 dimissa
583 1512 749 1568 sunt?
775 1511 909 1580 Quid
939 1525 1158 1566 oramus
1190 1526 1256 1565 ne
1284 1512 1550 1566 intremus
1587 1509 1640 1566 in
1671 1517 1790 1566 ten-

192 1605 479 1672 tationetn,
524 1613 577 1659 et
607 1613 663 1658 ut
699 1605 995 1660 liberemur
1021 1619 1050 1658 a
1104 1605 1268 1671 malo,
1313 1605 1356 1657 si
1389 1603 1638 1664 diabolus
1674 1611 1790 1658 ten-

190 1701 313 1750 tare
343 1712 446 1758 non
477 1706 652 1770 potest
687 1697 798 1766 jam
831 1697 1170 1768 baptizatos?
1200 1695 1360 1750 Aliud
1391 1706 1569 1750 autem
1612 1703 1714 1758 est,
1743 1693 1789 1756 si

189 1789 258 1842 ad
289 1790 706 1845 catechumenos
759 1791 878 1846 haec
929 1792 1107 1846 oratio
1137 1792 1394 1860 pertinet,
1427 1798 1481 1844 et
1523 1805 1629 1846 non
1656 1803 1788 1844 con-

1893 577 2054 652 325
2083 593 2180 636 nos
2214 592 2335 634 esse
2365 577 2565 634 debere
2609 587 2729 652 post
2761 579 3130 647 baptismum?
3159 579 3384 638 Necnon
3424 583 3492 640 ad

1896 671 2151 724 llebrieos
2177 685 2191 722 :
2221 666 2543 744 lmpossibile
2571 678 2642 722 est
2673 670 2808 722 enim
2832 686 2916 723 eos
2937 672 3024 741 qui
3050 671 3206 724 semel
3229 679 3348 728 sunt
3371 671 3496 728 illu-

1896 764 2094 827 minati,
2124 771 2171 816 et
2199 762 2972 840 gnstaveruntdonumcceleste,
3006 773 3055 822 et
3082 765 3362 834 participes
3375 765 3502 833 [acti

1892 865 2009 910 sunt
2084 855 2312 924 Spiritus
2395 856 2577 920 sancti,
2658 865 3092 926 gustaveruntque
3162 856 3502 918 nihilominus

1893 948 2079 1002 bonum
2110 946 2209 1010 Dei
2250 947 2475 1015 verbum,
2518 950 2830 1021 virtutesque
2866 949 3040 1003 surculi
3080 949 3262 1020 futuri,
3294 960 3344 1004 et
3375 968 3499 1021 pro-

1893 1043 2026 1112 lapsi
2061 1052 2198 1109 sunt,
2236 1043 2472 1096 renovari
2510 1045 2694 1096 iterum
2740 1041 2808 1093 ad
2856 1042 3232 1111 paenitentiam,
3280 1059 3486 1104 rursum

1888 1137 2243 1206 cruciﬁgentes
2289 1135 2617 1206 sibimetipsis
2647 1132 2846 1188 Filium
2883 1132 2999 1202 Dei,
3038 1147 3083 1188 et
3125 1138 3345 1190 ostentui
3388 1137 3487 1196 ha-

1892 1230 2106 1304 bentes(
2139 1229 2302 1289 Ilebr.
2333 1245 2404 1295 vt,
2439 1228 2472 1284 4
2503 1238 2549 1282 et
2586 1245 2725 1298 seqq.
2753 1227 2793 1298 ).
2835 1228 2997 1286 Certe
3031 1245 3128 1284 eos
3159 1229 3252 1301 qui
3293 1229 3492 1292 illumi-

1893 1328 2004 1388 nati
2034 1336 2179 1396 sunt,
2223 1336 2277 1384 et
2308 1335 2660 1396 gustaverunt
2682 1320 2708 1359 ἀ
2740 1323 2939 1380 donum
2983 1325 3236 1389 cmleSte,
3269 1335 3324 1382 et
3365 1341 3490 1395 par-

1893 1419 2084 1490 ticipes
2131 1419 2252 1477 facti
2311 1427 2435 1473 sunt
2491 1417 2728 1487 Spiritus
2784 1419 2979 1481 sancti,
3032 1425 3498 1486 guelaveruntque

1893 1513 2093 1567 bonum
2141 1512 2232 1568 Dei
2279 1512 2528 1574 verbum,
2577 1524 2773 1581 negare
2818 1524 2925 1568 non
2982 1523 3270 1576 possumus
3324 1509 3498 1579 bapti-

1893 1615 2062 1660 zatos.
2094 1604 2148 1658 Si
2175 1617 2354 1658 autem
2385 1604 2641 1672 baptiz-iti
2667 1617 2895 1672 peccare
2943 1617 3048 1658 non
3082 1612 3332 1676 possunt,
3360 1617 3496 1672 quo-

1894 1697 2055 1754 modo
2087 1712 2230 1754 nunc
2262 1696 2558 1766 Apostolus
2586 1695 2738 1766 dicit,
2761 1693 2831 1753 Et
2853 1693 3090 1764 prolapsi
3112 1696 3270 1749 sunt?
3292 1695 3492 1754 Verum

1892 1807 1961 1846 ne
1985 1791 2294 1860 Montanus,
2319 1800 2371 1843 et
2403 1788 2642 1844 Novatus
2675 1787 2762 1844 hic
2788 1786 3020 1854 rideant,
3045 1787 3134 1858 qui
3163 1787 3498 1850 contendunt

185 1883 337 1936 venit
380 1882 624 1943 fidelibus
652 1894 706 1939 et
745 1883 1091 1940 Christianis.
1139 1885 1342 1941 Paulus
1369 1884 1659 1940 electionis
1690 1898 1786 1940 vas
1820 1875 1866 1936 Β
1894 1899 1998 1938 non
2043 1897 2203 1952 posse
2233 1881 2489 1940 renovari
2521 1897 2616 1950 per
2656 1879 3031 1950 paenitentiam
3069 1894 3164 1936 eos
3196 1881 3286 1950 qui
3321 1882 3498 1938 cruci-

183 1973 414 2042 castigat
453 1987 654 2041 corpus
695 1989 874 2038 suum,
907 1975 1044 2028 etin
1094 1975 1414 2028 servitutem
1447 1974 1668 2043 redigit,
1720 1989 1787 2030 ne

183 2065 312 2119 aliis
332 2066 659 2135 prardicans,
690 2068 807 2138 ipse
834 2067 1104 2138 reprobus
1127 2066 1440 2120 inveniatur
1464 2066 1507 2134 (l
1533 2065 1651 2120 Cor.
1676 2066 1786 2135 ix):

187 2156 256 2210 Et
284 2157 436 2212 datus
477 2168 550 2211 est
590 2157 742 2218 mihi,
777 2158 974 2228 inquit,
1011 2167 1036 2194 α
1066 2156 1310 2211 stimulus
1345 2163 1535 2222 carnis,
1580 2157 1794 2231 angelus

183 2249 426 2315 Satante,
456 2251 544 2321 qui
574 2267 654 2304 me
680 2248 966 2318 colaphizet
999 2247 1064 2319 (ll
1094 2248 1214 2302 Cor.
1252 2265 1359 2314 xu,
1389 2250 1467 2320 7).
1503 2250 1564 2304 Et
1595 2249 1662 2304 ad
1691 2249 1796 2304 Co-

178 2341 426 2399 rinthios
461 2361 472 2396 :
510 2341 706 2410 Timeo,
740 2341 933 2416 inquit,
986 2358 1048 2396 ne
1085 2343 1217 2402 sicut
1245 2359 1453 2408 serpens
1494 2343 1691 2414 decepit
1721 2340 1794 2395 E-

176 2452 307 2491 vam
345 2438 398 2488 in
423 2437 615 2489 astutia
662 2453 778 2499 sua,
811 2437 884 2489 ita
926 2445 1323 2506 corrumpantur
1352 2452 1532 2490 sensus
1575 2437 1729 2490 vestri
1763 2454 1796 2492 a

180 2529 522 2599 simplicitate
550 2545 665 2602 (μίαν
697 2540 772 2583 est
800 2530 854 2582 in
900 2529 1105 2583 Christo
1132 2529 1193 2596 (ll
1219 2529 1338 2583 Cor.
1374 2546 1463 2595 x1,
1489 2531 1566 2596 3).
1607 2531 1671 2586 Et
1695 2531 1792 2585 ali-

179 2623 240 2680 bi
271 2640 285 2676 :
319 2620 414 2675 Cui
441 2631 612 2676 autent
636 2622 837 2689 aliquid
853 2622 1101 2688 donastis,
1119 2632 1165 2674 et
1183 2639 1294 2692 ego.
1319 2621 1458 2676 Nam
1482 2631 1526 2676 et
1548 2639 1638 2694 ego
1659 2623 1796 2694 quod

182 2715 392 2782 donavi,
423 2716 464 2768 si
488 2713 613 2786 quid
639 2715 850 2782 donari,
877 2725 1087 2786 prapter
1116 2731 1223 2782 vos,
1255 2715 1308 2767 in
1339 2731 1561 2786 persona
1580 2715 1791 2785 Christi,

181 2818 245 2862 ut
273 2809 850 2870 noncircumreniamur
876 2825 906 2860 a
938 2809 1157 2861 Salano.
1188 2807 1308 2861 Non
1338 2809 1473 2860 enim
1502 2810 1614 2878 ejus
1646 2810 1793 2877 igno-

182 2918 364 2954 ramus
393 2901 610 2957 astutias
641 2900 705 2972 (ll
728 2899 850 2956 Cor.
886 2917 954 2967 ιι,
988 2899 1075 2966 10,
1110 2899 1222 2974 il).
1255 2900 1316 2954 Et
1354 2916 1568 2958 rursum
1607 2919 1618 2952 :
1656 2899 1790 2956 Ten-

185 2994 321 3047 tatio
352 3009 437 3046 ros
482 3009 586 3046 non
616 2991 990 3061 apprehendat,
1040 2993 1136 3046 nisi
1182 2994 1427 3046 humana.
1467 2990 1665 3046 Fidelis
1693 3010 1792 3046 au-

185 3094 292 3139 tem
327 3084 463 3141 Deus
487 3126 501 3152 ,
532 3085 619 3157 qui
649 3101 750 3139 non
783 3085 1003 3142 dimittet
1031 3102 1116 3139 vos
1144 3086 1328 3138 tentari
1370 3101 1530 3156 supra
1574 3085 1628 3137 id
1654 3085 1792 3154 quod

183 3180 441 3256 potestis;
465 3179 552 3233 sed
584 3182 738 3251 faciet
772 3197 889 3232 cum
918 3179 1192 3232 tentatione
1217 3177 1244 3215 δ
1270 3180 1422 3232 etiam
1455 3191 1756 3247 proventum
1775 3219 1789 3242 ,

1894 1975 2129 2038 ﬁxerunt
2159 1977 2378 2033 sibimet
2408 1973 2602 2034 Filium
2635 1973 2753 2038 Dei,
2787 1981 2842 2027 et
2879 1975 3116 2032 ostentui
3167 1973 3496 2046 habuerunt;

1895 2075 2294 2140 consequenter
2338 2069 2480 2126 hunc
2506 2081 2750 2122 errorem
2792 2065 2978 2132 solvit,
3021 2075 3076 2122 et
3105 2067 3213 2122 ait:
3262 2066 3500 2138 Conﬁdi-

1900 2177 2010 2212 mus
2049 2169 2222 2214 autem
2267 2161 2329 2215 de
2364 2158 2524 2225 vobis,
2555 2156 2901 2224 dilectissimi,
2933 2156 3147 2212 meliora
3174 2168 3221 2213 et
3249 2159 3499 2218 viciniora

1897 2253 2072 2315 saluti,
2093 2255 2291 2312 tametsi
2314 2254 2383 2308 ita
2406 2251 2683 2319 loquimur.
2709 2250 2757 2303 Ν
2765 2267 2827 2304 on
2847 2251 2984 2308 enint
3006 2252 3230 2323 injustas
3246 2262 3321 2306 est
3336 2249 3498 2321 Deus,

1899 2356 1956 2398 ut
1984 2345 2314 2406 obliviscatur
2338 2355 2361 2382 ε
2386 2347 2553 2421 operis
2585 2345 2756 2408 vestri,
2787 2354 2832 2398 et
2867 2344 3126 2407 dictionis,
3158 2361 3309 2411 quam
3333 2356 3502 2402 osten-

1901 2437 2052 2491 distis
2083 2438 2138 2490 in
2169 2440 2372 2498 nomine
2400 2437 2691 2506 ipsius,qui
2713 2434 3043 2494 ministrastis
3065 2437 3274 2500 sanctis,
3299 2446 3345 2488 et
3361 2453 3496 2492 nunc

1899 2529 2403 2603 ministratis(Hebr.
2429 2546 2505 2598 tx,
2534 2528 2642 2600 10),
2666 2529 2727 2582 Ει
2761 2543 2948 2586 revera
2980 2529 3200 2596 grandis
3223 2529 3488 2599 iniustitia

1900 2622 2016 2683 Dei,
2054 2622 2097 2676 si
2137 2631 2340 2678 tantum
2374 2633 2593 2692 peccata
2636 2619 2872 2694 puniret,
2907 2627 2960 2672 et
2997 2619 3136 2676 bona
3186 2635 3356 2687 Opera
3387 2636 3496 2680 non

1899 2717 2223 2787 susciperet.
2243 2717 2317 2774 lia
2337 2716 2553 2772 locutus
2571 2729 2714 2782 sum,
2735 2714 2907 2782 inquit
2935 2714 3254 2784 Apostolus,
3277 2725 3333 2772 ιιι
3357 2731 3452 2770 vos
3471 2731 3503 2776 ι

1899 2809 2138 2880 peccatis
2174 2810 2535 2874 retraherent,
2567 2819 2619 2863 et
2652 2807 3056 2876 deSperationis
3084 2817 3227 2864 metu
3261 2807 3498 2868 facerem

1895 2904 2194 2960 cautiores.
2242 2902 2509 2960 Caeterum
2564 2901 2780 2956 conﬁdo
2813 2901 2881 2953 de
2909 2899 3083 2966 vobis,
3127 2900 3492 2968 dilectissimi,

1899 2995 2119 3051 meliora
2151 3003 2204 3048 et
2235 2993 2494 3050 viciniora
2528 2992 2706 3050 saluti.
2741 2993 2925 3066 Neque
2957 2991 3103 3052 enim
3139 2990 3365 3064 iustitia:
3400 2992 3496 3048 Dei

1897 3099 1998 3158 est,
2033 3100 2084 3150 ut
2120 3089 2470 3146 obliviscatur
2500 3089 2764 3146 bonorum
2807 3102 3059 3161 operum,
3103 3092 3157 3140 et
3209 3086 3498 3142 ministerii

1897 3181 2040 3252 quod
2084 3189 2306 3252 prepter
2350 3194 2549 3235 nomen
2591 3179 2706 3249 ejus
2737 3179 3081 3248 exbibuistis,
3125 3188 3176 3236 et
3220 3177 3499 3235 exhibens

182 3284 247 3328 ut
279 3274 485 3345 possitis
506 3274 760 3327 sustinere
782 3272 825 3348 (l
849 3271 968 3326 Cor.
1002 3289 1055 3343 κ,
1085 3271 1196 3342 Jlii).
1232 3271 1320 3335 Et,
1356 3271 1456 3346 Qui
1479 3271 1573 3324 sibi
1595 3272 1792 3326 videtur
1820 3260 1863 3330 C
1899 3276 1950 3332 in
2000 3284 2235 3340 sanctos,
2268 3284 2319 3330 et
2351 3281 2556 3332 tantum
2609 3271 2917 3329 meminerit
2968 3282 3338 3342 peccatorum.
3389 3266 3495 3324 Sed

176 3375 346 3432 stare,
397 3366 566 3419 videat
596 3382 658 3418 ne
685 3365 853 3418 cadat.
899 3364 965 3418 Et
1008 3363 1072 3417 ad
1117 3364 1338 3418 Galatas
1365 3363 1567 3433 (Galat.
1603 3380 1656 3428 ν,
1691 3366 1744 3434 7)
1775 3382 1789 3424 ;

182 3458 495 3516 Currebatis
529 3457 670 3525 bene,
700 3458 813 3528 quis
850 3474 935 3511 vos
967 3457 1229 3532 impedivit
1257 3457 1457 3510 veritati
1491 3474 1589 3511 non
1623 3458 1794 3518 obedi-

179 3569 246 3606 re
276 3551 303 3604 ?
337 3549 402 3604 Et
435 3551 558 3604 alibi
591 3569 603 3603 :
650 3550 918 3604 Voluimus
949 3549 1065 3630 [ΑΙ.
1096 3549 1354 3622 volumus]
1383 3552 1551 3604 venire
1572 3553 1639 3606 at!
1672 3570 1792 3610 vos:

182 3660 285 3717 ego
316 3641 522 3712 quidem
562 3641 788 3710 Paulus,
820 3653 867 3698 et
900 3643 1058 3697 semel
1086 3646 1134 3698 et
1163 3644 1368 3708 iterum,
1416 3644 1505 3697 sed
1535 3645 1793 3716 impedivit

183 3752 285 3790 nos
316 3735 540 3788 Satanas
569 3735 610 3805 (Ι
644 3734 822 3796 Thess.
857 3752 922 3802 ιι,
963 3735 1072 3808 18).
1106 3735 1170 3790 Ει
1198 3736 1263 3789 ad
1299 3738 1521 3790 ntnritos
1557 3755 1568 3790 :
1599 3735 1665 3790 Et
1701 3739 1795 3798 ite-

186 3848 309 3889 rum
341 3832 653 3886 revertiminl
686 3831 756 3884 ad
803 3832 1032 3904 idipsum
1062 3873 1076 3900 ,
1125 3847 1188 3884 ne
1235 3840 1389 3885 tentet
1440 3849 1523 3886 vos
1569 3833 1793 3886 Satanas

184 3934 403 3997 prapter
432 3924 857 3980 incontinentiam
883 3935 1101 3978 vestram
1129 3924 1170 3991 (l
1199 3923 1317 3980 Cor.
1346 3941 1412 3979 vit
1431 3967 1444 3993 ,
1472 3925 1550 3996 5).
1589 3925 1648 3979 Et
1676 3942 1796 3980 rur—

184 4034 310 4075 sum
346 4035 359 4071 :
391 4017 522 4074 Dico
558 4029 747 4088 autem,
777 4019 962 4088 spiritu
989 4019 1264 4089 ambulate,
1303 4029 1350 4074 et
1390 4021 1643 4076 desideria
1672 4037 1793 4075 car-

185 4113 272 4166 nis
297 4128 399 4166 non
426 4111 724 4182 perﬁcietis.
756 4110 887 4165 Caro
912 4113 1047 4165 enim
1077 4113 1391 4184 concupiscit
1413 4114 1660 4168 adversus
1688 4115 1796 4182 spi-

185 4206 366 4272 ritum,
401 4214 447 4258 ct
473 4205 687 4275 spiritus
709 4205 951 4259 adversus
982 4221 1187 4258 carnem
1215 4223 1231 4259 :
1265 4205 1374 4258 lucc
1416 4209 1551 4261 enim
1576 4207 1794 4268 invicem

183 4298 527 4358 adversantur
552 4297 670 4362 sibi,
701 4307 756 4358 ut
803 4314 904 4352 non
931 4313 1043 4369 qute
1074 4299 1230 4351 vultis
1283 4297 1376 4352 illa
1410 4301 1617 4370 faciatis
1645 4297 1792 4370 (Gal.

185 4404 242 4455 ν,
282 4387 378 4456 16,
440 4387 551 4460 17).
594 4388 672 4442 Ex
718 4398 948 4460 utroque
987 4388 1280 4458 compacti,
1326 4405 1548 4447 necesse
1590 4398 1694 4456 est,
1739 4398 1796 4452 ut

187 4483 474 4553 utriusque
525 4490 714 4540 contra
755 4497 813 4537 se
853 4481 1170 4537 substantire
1210 4481 1347 4534 bella
1390 4483 1684 4549 patiamur.
1732 4482 1798 4546 Et

184 4576 258 4633 ad
295 4576 553 4648 Ephesios
581 4595 593 4630 :
625 4575 748 4632 Non
764 4587 838 4631 est
859 4577 1002 4632 nobis
1021 4593 1197 4648 pugna
1225 4573 1334 4650 [AL
1363 4575 1683 4648 colluctatio]
1701 4575 1796 4630 ad-

1898 3377 1951 3423 et
1982 3367 2259 3437 apostolus
2279 3365 2512 3422 Jacobus
2541 3366 2717 3422 sciens
2745 3366 3050 3436 baptizatos
3079 3382 3239 3437 posse
3269 3359 3494 3432 tentari,

1897 3470 1949 3514 et
1983 3460 2201 3529 propria
2247 3473 2501 3514 corruere
2551 3459 2870 3520 voluntate:
2917 3457 3135 3522 Beatus,
3169 3459 3263 3519 ait.
3302 3458 3377 3512 vir
3406 3455 3498 3523 qui

1897 3555 2079 3624 suffert
2105 3555 2448 3618 tentationem,
2469 3554 2588 3628 quia
2618 3570 2732 3613 cum
2778 3556 3023 3624 probatus
3055 3552 3233 3622 fuerit,
3281 3547 3493 3615 accipiet

1897 3667 2136 3705 coronam
2175 3651 2308 3716 vitae,
2359 3666 2511 3718 quam
2548 3649 2839 3720 repromisit
2873 3647 3011 3706 Deus
3063 3643 3394 3718 diligentibus
3443 3660 3497 3697 se

1898 3743 1916 3814 (
1957 3742 2141 3798 Jacob.
2175 3743 2306 3806 1.1‘2
2343 3744 2379 3812 ).
2426 3741 2505 3803 Ac
2557 3757 2623 3798 ne
2664 3751 2976 3813 putaremus
3017 3740 3314 3797 secundum
3365 3736 3496 3794 illud

1898 3838 2194 3903 Geucscos,
2229 3837 2315 3891 ubi
2359 3835 2613 3891 scribitur
2640 3834 2913 3890 Abraham
2955 3849 2984 3888 a
3018 3834 3126 3888 Deo
3164 3831 3331 3888 fuisse
3374 3839 3496 3885 teu-

1898 3939 2090 3998 tatnm,
2146 3944 2247 3984 nos
2287 3942 2500 3998 quoque
2553 3929 2746 3982 tentari
2790 3939 2820 3980 a
2856 3925 3009 3992 [)eo(
3046 3919 3230 3977 Cenes.
3289 3937 3399 3980 xxn
3432 3921 3449 3991 )
3481 3937 3498 3977 :

1901 4023 2086 4087 Nemo,
2123 4022 2318 4094 inquit,
2369 4037 2484 4082 cum
2530 4028 2776 4084 tentatur,
2829 4019 2985 4083 dicat,
3019 4017 3263 4085 quoniam
3308 4033 3339 4070 a
3387 4012 3499 4070 Deo

1903 4116 1920 4155 ί
1947 4127 2132 4170 lentor.
2167 4114 2306 4168 Deus
2335 4115 2468 4170 enim
2491 4111 3042 4172 intentatormalarum
3065 4118 3159 4177 est,
3191 4107 3300 4181 ipse
3328 4116 3497 4166 autem

1899 4209 2152 4268 neminem
2176 4214 2352 4266 tentat.
2393 4203 2752 4274 Unusquisque
2782 4217 2896 4258 vero
2927 4210 3154 4256 tentatur
3179 4197 3500 4266 aconcupis-

1898 4302 2065 4356 centia
2092 4317 2186 4357 sua
2214 4300 2498 4358 abstractus
2529 4308 2575 4352 et
2604 4299 2824 4354 illectus.
2876 4295 3078 4352 Dehinc
3124 4293 3498 4362 concupiscen-

1899 4397 1969 4452 tia
2012 4411 2124 4450 cum
2157 4392 2468 4461 conceperit,
2513 4391 2646 4458 parit
2681 4399 2980 4462 peccatum:
3020 4397 3284 4460 peccatum
3326 4395 3498 4444 autem

1898 4505 2014 4543 cum
2073 4495 2483 4548 consummatum
2539 4483 2702 4556 326
2758 4482 2958 4552 fuerit,
3015 4487 3223 4548 generat
3285 4485 3499 4532 mortem

1903 4578 2108 4653 (Jacob.
2135 4595 2174 4647 ι,
2217 4579 2284 4632 15
2312 4587 2359 4632 et
2387 4592 2527 4650 seqq.
2563 4574 2603 4645 ).
2640 4572 2817 4628 Liberi
2863 4571 3072 4630 arbitrii
3109 4584 3206 4626 nos
3254 4570 3500 4630 condidit.

182 4687 366 4728 versus
383 4687 587 4730 carnem
605 4681 649 4725 et
667 4670 1097 4742 sanguinetn.sed
1119 4667 1362 4730 adversus
1385 4679 1405 4704 ε
1441 4669 1784 4739 principatus,
1815 4675 1869 4738 D
1897 4674 2060 4739 Deus,
2087 4688 2187 4736 nec
2232 4673 2296 4734 ad
2323 4672 2569 4738 virtutes,
2614 4683 2712 4722 nec
2740 4669 2805 4722 ad
2846 4669 2971 4726 vitia
3010 4669 3333 4726 necessitate
3380 4680 3491 4725 tra-

181 4773 236 4817 et
272 4771 564 4834 potestates,
585 4763 830 4822 adversus
861 4773 1080 4824 rectores
1097 4762 1419 4820 tenebrarum
1440 4763 1791 4828 istarum,ad—

181 4870 366 4913 uersus
401 4855 699 4926 spiritualia
761 4855 998 4928 nequitiae
1036 4857 1088 4909 in
1127 4853 1416 4910 ccelestibus
1473 4854 1788 4930 (Ephesm,

262 5001 290 5029 ἰ
327 4990 671 5048 Vetustlores
694 4992 801 5049 duo
828 5008 961 5047 mss.
994 5007 1102 5046 non
1133 4990 1332 5045 habent
1353 4990 1517 5046 verba
1540 4987 1781 5045 stimulus

180 5063 383 5129 carnis,
412 5079 534 5134 quae
564 5072 691 5122 sunt
729 5065 982 5135 equidem
1025 5062 1313 5135 hodiernum
1346 5063 1510 5122 etiam
1545 5064 1595 5118 in
1629 5061 1784 5135 Griea

181 5151 256 5191 co
292 5133 722 5222 ιθιιιιιίκςκὸλοψθ
744 5133 807 5219 η.ςῇ
850 5138 1046 5222 (rapui;
1067 5205 1078 5218 '
1108 5133 1201 5187 Sed
1245 5133 1371 5187 olim
1403 5149 1433 5188 a
1457 5133 1778 5222 (’l-ttil'msdam

179 5207 598 5274 exemplaribus
625 5205 884 5270 abfuiése,
914 5205 1116 5262 indicio
1142 5214 1224 5259 est
1267 5215 1424 5259 vetus
1462 5205 1779 5274 IEtliiopica

179 5280 389 5351 versio.
420 5293 544 5351 quae
575 5278 663 5334 illa
703 5278 1098 5351 nonqagnoscit.
1130 5274 1184 5329 lu
1216 5276 1569 5351 subsequenti
1607 5275 1777 5331 versi-

179 5349 314 5405 Ctllt)
358 5349 492 5406 mss.
523 5363 715 5404 omnes
745 5349 952 5418 habent
975 5363 1036 5401 ne
1074 5351 1204 5418 forte
1231 5349 1360 5402 sicut
1391 5364 1618 5418 serpens,
1671 5359 1776 5402 etc.

183 5420 364 5493 Gripe.
412 5424 483 5493 μή
508 5437 685 5493 ᾉπωςε
720 5435 909 5493 rursus
937 5417 1008 5472 ita
1038 5417 1396 5493 desideratur.
1426 5417 1683 5493 Denique
1703 5421 1778 5472 in-

181 5491 362 5562 ferius
405 5489 569 5562 verba
603 5493 644 5562 si
690 5491 815 5562 quid
859 5490 1048 5562 donavi
1088 5504 1192 5542 non
1224 5499 1555 5558 agnoscunt,
1591 5489 1780 5544 eadem

179 5561 446 5634 versione
477 5559 789 5627 Ethiopian
825 5559 1172 5634 sull'ragante.

258 5631 288 5669 ι)
338 5633 665 5692 Veronensis
691 5648 816 5697 ms.,
843 5643 887 5687 et
915 5627 1166 5694 eventum.
1198 5627 1291 5686 Gr.
1319 5627 1529 5686 ἔκϐασιν
1585 5643 1597 5680 :
1652 5643 1781 5696 pan-

179 5705 240 5760 lo
285 5713 427 5772 post,
483 5702 615 5776 illud
656 5705 964 5758 revertiminl
1014 5701 1387 5776 desideratur,
1428 5700 1781 5776 quemadmof

182 5777 317 5832 dum
373 5785 428 5831 et
493 5775 632 5831 intra
687 5776 910 5838 verbum
975 5772 1320 5844 concupiscit.
1371 5772 1493 5844 cuin
1535 5772 1781 5844 sequenti

182 5847 346 5916 enim,
379 5860 499 5925 qua:
534 5846 586 5902 in
620 5847 780 5907 nullis
810 5841 1246 5923 Hieronymianis
1271 5841 1676 5920 esemplaribtts
1701 5843 1780 5913 in~

1904 4765 2103 4820 himur.
2142 4764 2391 4833 Alioquin
2425 4772 2448 4809 ε
2484 4760 2574 4820 ubi
2604 4761 2920 4824 necessitas,
2985 4775 3083 4816 nec
3147 4775 3354 4822 corona,
3385 4772 3490 4818 est.

1901 4854 2052 4916 Sicut
2076 4856 2127 4910 in
2162 4854 2317 4918 bouis
2342 4852 2598 4928 operibus
2645 4851 2918 4922 perfector
2949 4862 3030 4914 est
3060 4852 3222 4924 Deus,
3259 4870 3370 4908 non
3416 4863 3500 4912 est

1893 4989 2208 5044 veniuntur.

1967 5071 1988 5097 ο
2029 5062 2203 5120 Antea
2228 5065 2344 5113 erat
2373 5055 2650 5128 principes.
2684 5056 3043 5113 renuentibus
3067 5072 3202 5113 mss.
3229 5058 3356 5114 Mox
3387 5059 3489 5114 Ca-

1888 5129 2218 5198 sauatethis,
2248 5139 2294 5184 et
2322 5128 2628 5200 dormientes
2660 5144 2768 5182 esse
2793 5138 2906 5199 post
2936 5129 3208 5200 baptisma.

1960 5201 1985 5240 ά
2025 5201 2342 5257 Amavimus
2391 5200 2514 5254 hinc
2546 5199 2638 5253 Dei
2677 5217 2872 5256 nomen
2906 5218 2970 5257 ex
3005 5199 3113 5259 itide
3151 5203 3279 5260 cod.
3313 5201 3482 5259 Vero-

1894 5273 2081 5330 ucusis
2111 5282 2164 5328 et
2189 5273 2418 5336 Victorii
2465 5274 2815 5330 oucmritate.

1966 5356 1988 5382 ο
2030 5344 2281 5420 martiau.
2331 5355 2455 5420 post
2502 5343 2715 5420 Erasini.
2748 5344 2953 5420 addunt
3009 5347 3096 5420 hic
3133 5348 3250 5404 boni
3300 5354 3489 5402 contra

1891 5432 2025 5474 mss.
2058 5415 2240 5483 ﬁdem,
2269 5415 2556 5487 ipsamque
2591 5417 2816 5474 Victorii
2847 5418 3313 5476 emendationem.

1968 5487 1986 5526 ί
2031 5489 2412 5550 Casanatensis
2443 5505 2563 5546 cuin
2593 5487 2822 5558 Vulgata
2855 5497 3103 5558 tentatur.

1962 5571 1984 5608 Β
2022 5559 2120 5616 Ubi
2153 5563 2451 5626 necessitas,
2485 5576 2576 5614 nec
2608 5557 2799 5613 corona
2837 5569 2932 5613 est.
2971 5557 3130 5614 Falso
3164 5557 3490 5622 addiderunt

1885 5630 2008 5687 libri
2041 5642 2166 5688 ante
2197 5648 2292 5688 nos
2313 5675 2327 5699 ,
2361 5651 2450 5688 nec
2477 5631 2762 5694 damnatio,
2795 5641 2904 5692 ρια.
2936 5631 2992 5683 S.
3027 5628 3282 5686 Germani
3317 5631 3490 5688 codex

1888 5717 1990 5765 ms.
2041 5705 2169 5774 legit
2213 5700 2914 5775 interrogative._34lioquin
2953 5699 3366 5775 ubiqnecessitas,
3405 5704 3489 5762 ubi

1888 5791 2077 5832 corona
2097 5771 2179 5838 est
2207 5777 2232 5830 ξ’
2262 5771 2526 5836 Maurus.
2554 5771 2827 5833 —-Nescio
2855 5786 2921 5829 an
2954 5771 3135 5832 verius
3161 5772 3365 5837 addunt
3393 5790 3488 5840 ve.

1890 5854 2036 5907 teres
2058 5845 2188 5907 editi
2206 5863 2294 5908 nec
2311 5849 2595 5913 damnatio.
