4068 6326
548 335 658 393 287

1790 329 1847 385 S.
1890 326 2162 385 EUSEBll
2199 324 2582 384 HlERONYMl

3746 324 3856 381 288

552 456 696 514 enim
744 452 1004 519 volentis,
1056 464 1234 521 neque
1275 448 1568 514 currentis,
1602 447 1697 503 sed
1749 447 2062 503 miserentis
2091 455 2145 502 et
2172 482 2227 540 Α
2250 447 2387 500 unde
2412 444 2675 510 cecideris,
2710 452 2755 498 et
2776 459 2871 512 age
2896 442 3276 515 paenitentiam;
3296 450 3343 495 et
3364 440 3533 512 prima
3556 456 3712 513 apera
3745 445 3855 513 fac.

553 558 577 585 ει
604 547 911 618 adiurantis
950 545 1070 610 Dei,
1098 553 1155 597 ut
1184 542 1473 614 pervenire
1503 541 1779 597 valeamus
1801 541 1869 595 ad
1902 541 2142 596 calcem:

549 641 628 695 sic
652 641 704 695 in
734 640 891 695 malis
914 649 1074 708 atque
1101 635 1363 707 peccatis,
1383 634 1589 690 semina
1612 643 1797 688 nostra
1821 641 1946 687 sunt
1964 633 2148 687 incen-

550 734 679 793 tiva.
703 742 757 787 et
774 730 1034 802 perfectio
1056 728 1280 784 diaboli.
1304 725 1437 782 Cum
1454 726 1651 781 viderit
1670 742 1766 781 nos
1782 740 1947 793 super
1963 724 2146 778 funda-

550 837 797 885 mentum
829 823 1029 881 Christi
1054 822 1325 877 aediﬁcare
1354 820 1462 894 [ΑΙ.
1483 818 1804 893 asdilicasse]
1824 822 2023 878 tenum.
2047 818 2149 886 lig-

555 935 646 985 na,
670 918 920 989 stipulam
939 959 953 979 .
982 927 1107 971 tunc
1148 915 1406 986 supponit
1435 915 1766 969 incendium.
1796 912 2151 966 [Edilicemus

552 1027 685 1081 ergo
708 1027 922 1077 aurum,
957 1019 1265 1080 argentum,
1301 1007 1507 1077 lapides
1529 1006 1823 1077 pretiosos,
1856 1014 1912 1059 et
1939 1015 2150 1059 tentare

555 1119 661 1159 non
694 1104 948 1158 audebit:
994 1115 1316 1172 quamquam
1360 1101 1485 1155 etin
1518 1098 1621 1154 hoc
1652 1114 1764 1153 non
1802 1098 1874 1152 sit
1899 1110 2047 1152 certa
2098 1106 2154 1152 et

555 1211 745 1252 secura
775 1195 1071 1266 possessio.
1105 1194 1269 1251 Sedet
1297 1193 1498 1265 quippe
1541 1193 1627 1247 leo
1674 1194 1729 1247 in
1769 1190 1983 1246 insidiis
2016 1201 2070 1245 et
2098 1191 2152 1244 in

553 1289 806 1353 occultis,
835 1298 892 1342 ut
916 1287 1207 1342 interficiat
1234 1285 1599 1341 innocentem.
1632 1281 1697 1337 Et
1720 1299 1841 1337 vasa
1864 1284 2013 1355 ﬁguli
2042 1300 2153 1354 pra-

553 1380 635 1435 bat
670 1381 882 1451 fornax,
922 1383 1154 1434 homines
1184 1389 1355 1433 autent
1390 1381 1565 1449 justas
1606 1378 1633 1416 ι)
1680 1379 1892 1432 tentatio
1937 1376 2155 1431 tribula-

556 1474 729 1528 tionis.
764 1474 831 1528 Et
859 1473 913 1528 in
944 1473 1051 1527 alio
1078 1473 1199 1528 loco
1229 1472 1512 1526 scribitur:
1548 1469 1675 1537 Fili,
1696 1471 1943 1524 accedens
1965 1470 2031 1522 ad
2047 1483 2156 1521 ser-

553 1567 763 1621 vitutem
781 1565 899 1631 Dei,
932 1575 1240 1638 praeparate
1268 1566 1337 1619 ad
1358 1566 1686 1620 tentationem
1732 1562 1944 1636 (Ecrli.
1979 1577 2151 1629 xxv",

560 1658 613 1723 6;
640 1674 697 1723 tt,
726 1658 801 1729 1).
834 1661 1063 1713 ltursunt
1094 1658 1236 1713 idem
1266 1656 1505 1713 Iacobus
1534 1658 1806 1728 loquitur:
1840 1655 2020 1709 Estate
2048 1659 2157 1724 fac-

559 1762 694 1805 tores
716 1752 873 1816 verbi,
906 1763 1073 1805 etnon
1096 1751 1356 1805 auditores
1388 1760 1608 1806 tantum.
1642 1751 1706 1804 Si
1722 1750 1836 1821 quis
1857 1747 2064 1803 auditor
2084 1758 2159 1802 est

2254 537 2353 593 Sin
2390 549 2579 603 autem,
2618 537 2818 589 veniam
2859 535 2967 600 tibi,
3003 544 3050 587 et
3077 533 3283 587 movebo
3314 532 3680 586 candelabrum
3711 544 3857 588 tuum

2252 631 2314 684 de
2336 629 2468 696 loco,
2500 631 2599 685 nisi
2622 630 2970 699 pwnitentiam
2998 630 3161 699 egeris
3189 628 3207 697 (
3236 630 3397 697 Apoc.
3430 642 3491 693 tt,
3516 626 3552 679 2
3580 637 3631 682 et
3657 626 3851 701 seqq.).

2252 722 2522 777 Similiter
2567 731 2620 776 et
2660 730 2889 776 crateras
2946 721 3241 786 Ecclesias,
3291 719 3603 789 Smyrnam,
3650 719 3853 789 Perga-

2254 830 2423 881 mum,
2456 813 2795 885 Thyatiram,
2817 812 3024 877 Sardis,
3051 812 3506 883 Philadelphiam,
3543 814 3854 871 Laodiciam

2254 908 2319 962 ad
2369 906 2738 978 paenitentiam
2789 915 3070 976 provocat,
3123 915 3175 961 et
3233 906 3339 960 nisi
3394 919 3739 964 revertantur
3786 907 3857 965 ad

2254 1016 2418 1070 Opera
2476 999 2722 1068 pristina,
2773 999 3157 1053 comminatur.
3206 998 3273 1052 Et
3320 999 3372 1053 in
3420 1000 3607 1056 Sardis
3650 1014 3856 1070 paucos

2257 1093 2462 1148 habere
2488 1108 2546 1146 se
2576 1090 2731 1157 dicit,
2761 1091 2852 1159 qui
2900 1106 3005 1145 non
3034 1090 3523 1160 coinquinaveruut
3552 1091 3677 1163 [Αἰ.
3705 1092 3860 1148 coin-

2254 1186 2648 1258 quinavcrint]
2706 1186 3035 1241 vestimenta
3082 1200 3201 1251 sua;
3252 1196 3308 1241 et
3352 1187 3678 1241 ambulaturi
3732 1197 3860 1243 sunt

2257 1280 2383 1352 [Αι.
2415 1279 2570 1353 sint]
2618 1296 2740 1336 cum
2787 1294 2853 1334 co
2899 1279 2950 1332 in
3002 1280 3163 1346 albis,
3194 1281 3317 1351 quia
3363 1280 3513 1351 digni
3560 1292 3708 1337 sunt.
3755 1282 3861 1340 Cui

2257 1384 2437 1430 autem
2484 1373 2613 1428 dicit
2645 1372 2661 1444 [
2691 1372 2776 1425 Al.
2808 1372 2995 1426 scribit
3022 1370 3041 1443 ]
3068 1390 3080 1425 :
3116 1371 3374 1426 Memento
3400 1374 3537 1427 unde
3585 1376 3855 1430 cecideris.

2257 1467 2347 1536 Et,
2380 1467 2516 1522 Ecce
2541 1468 2789 1521 missurus
2812 1476 2884 1520 est
2915 1465 3155 1520 diabolus
3201 1483 3264 1520 ea:
3292 1467 3432 1521 vobis
3478 1467 3533 1521 in
3574 1484 3856 1538 carcerem,

2258 1571 2315 1616 ut
2336 1562 2617 1615 tentemini.
2644 1560 2732 1625 Et,
2761 1560 2884 1614 Scio
2914 1558 3002 1613 ubi
3025 1558 3246 1624 habitas,
3268 1561 3354 1613 ubi
3373 1562 3517 1613 sedes
3532 1571 3605 1615 est
3624 1560 3857 1620 Satante.

2259 1657 2345 1722 Et,
2376 1656 2442 1709 In
2468 1666 2633 1709 mente
2656 1653 2807 1719 habe,
2850 1652 3069 1723 qualiter
3096 1653 3379 1721 acceperis,
3426 1662 3472 1706 et
3509 1653 3763 1718 audieris,
3812 1661 3864 1708 et

2259 1766 2422 1813 serva,
2457 1758 2504 1801 et
2531 1747 2887 1818 paenitentiam
2923 1763 3037 1815 age,
3068 1755 3123 1801 et
3162 1746 3367 1815 reliqua
3417 1745 3602 1815 utique
3637 1750 3686 1801 ei
3728 1746 3868 1802 dicit

560 1856 582 1883 ε
611 1844 770 1910 verbi,
798 1855 844 1899 et
886 1862 988 1898 non
1018 1847 1204 1915 factor,
1246 1845 1340 1898 iste
1365 1844 1548 1898 similis
1584 1855 1659 1899 est
1685 1847 1816 1909 viro,
1858 1845 1946 1913 qui
1980 1844 2155 1896 cansi-
2187 1827 2234 1886 Β
2260 1844 2350 1914 qui
2396 1842 2649 1905 credidit,
2676 1852 2729 1896 et
2771 1840 3077 1909 baptizatus
3118 1848 3223 1905 est,
3271 1848 3325 1893 et
3369 1846 3519 1893 stans
3558 1838 3864 1910 quondam,

558 1937 703 1992 derat
750 1936 946 1991 vultum
991 1937 1269 1990 nativitatis
1317 1953 1425 1990 sua:
1450 1938 1504 1991 in
1532 1936 1761 2005 specula.
1804 1935 2155 1991 Consideravit

555 2027 710 2095 illud,
736 2038 784 2082 et
805 2030 977 2082 statim
1016 2028 1255 2083 recedens
1300 2027 1487 2083 oblitus
1517 2038 1614 2096 est,
1644 2027 1814 2100 qualis
1852 2029 1917 2082 sit
1946 2026 2153 2099 (Jacab.

561 2136 603 2187 ι,
636 2121 707 2174 2?.
729 2130 777 2175 et
806 2137 943 2192 seqq.
971 2121 1011 2192 ).
1039 2120 1262 2176 Frustra
1305 2122 1541 2186 monuit,
1576 2132 1635 2175 ttt
1657 2122 1948 2192 jungerent
1989 2136 2156 2191 opera

560 2216 708 2280 fidei,
754 2217 799 2271 si
850 2225 970 2285 post
1000 2214 1269 2286 baptisma
1309 2230 1537 2285 peccare
1582 2231 1691 2271 non
1730 2226 1999 2284 poterant.
2056 2215 2159 2280 Qui

560 2320 721 2365 totam
750 2309 932 2379 legem,
969 2310 1164 2377 inquit,
1206 2311 1500 2376 seruaverit,
1529 2320 1575 2363 et
1603 2310 1882 2381 peccaverit
1934 2310 1989 2362 in
2032 2326 2154 2375 uno,

557 2403 728 2473 [actus
758 2412 831 2457 est
858 2404 1083 2456 omnium
1101 2418 1216 2456 reus
1244 2404 1260 2473 (
1292 2401 1475 2457 Iacob.
1506 2419 1567 2471 tt,
1599 2400 1728 2475 10
1755 2402 1887 2470 Quis
1914 2412 2158 2456 nostrum

558 2496 765 2565 absque
796 2494 1062 2565 peccato?
1089 2493 1351 2550 Canclusit
1377 2494 1521 2550 Deus
1544 2497 1717 2550 omnia
1756 2496 1848 2550 sub
1869 2496 2075 2561 delicta,
2104 2505 2159 2547 ut

558 2590 795 2643 omnibus
825 2589 1129 2643 misereatur
1160 2588 1178 2659 (
1210 2588 1362 2643 Rom.
1395 2605 1476 2655 ιι,
1520 2588 1586 2643 12
1612 2588 1651 2660 ).
1694 2589 1887 2643 Petrus
1920 2604 2155 2659 quoque,

560 2681 579 2753 (
615 2681 658 2735 ll
690 2680 804 2736 Pet.
840 2698 899 2746 tt,
924 2684 957 2737 9
985 2682 1028 2751 ),
1057 2679 1239 2746 Novit,
1288 2682 1482 2751 inquit,
1513 2680 1766 2735 Dominus
1806 2682 1916 2751 pios
1948 2680 2010 2733 de
2050 2691 2162 2733 teti-

566 2774 755 2825 tatione
783 2774 981 2839 eripere
1005 2771 1026 2843 [
1052 2769 1138 2825 Al.
1176 2787 1354 2826 eruere
1380 2772 1422 2843 ].
1456 2772 1519 2826 Et
1545 2772 1613 2825 de
1642 2771 1792 2826 falsis
1815 2774 2159 2828 doctoribus:

571 2860 641 2913 Hi
663 2870 779 2915 sunt
816 2865 979 2930 {antes
1008 2862 1119 2914 sine
1153 2878 1311 2929 aqua,
1348 2872 1397 2915 et
1434 2862 1632 2915 nebqu
1664 2864 1951 2916 turbinibus
1989 2866 2165 2933 exagi-

571 2958 709 3012 tatw,
759 2950 942 3020 quibus
991 2949 1157 3021 caliga
1201 2951 1526 3006 tenebrarum
1566 2963 1871 3009 reservatur.
1930 2955 2165 3025 Superba

568 3040 589 3114 [
624 3040 711 3096 Al.
752 3041 1010 3109 Superbia
1044 3041 1062 3113 ]
1111 3043 1248 3096 enim
1297 3044 1538 3099 vanitatis
1579 3044 1842 3112 loquentes
1899 3046 2165 3113 pelliciunt

568 3134 679 3209 [AL
711 3133 905 3206 pellicit
935 3135 1029 3206 ]in
1056 3137 1323 3191 desideriis
1351 3140 1520 3192 carnis
1550 3139 1789 3203 luxuriae,
1819 3156 1903 3194 eos
1923 3142 2013 3210 qui
2036 3158 2168 3212 pau-

567 3230 734 3283 lulum
786 3228 1094 3300 effugerant,
1130 3241 1174 3285 et
1215 3234 1281 3285 ad
1320 3248 1543 3286 errarem
1599 3234 1789 3288 reversi
1823 3235 1983 3307 suut(
2018 3234 2161 3293 Ibid.
2190 3215 2235 3277 (ἶ

568 3339 700 3386 xm,
732 3324 793 3378 l8
825 3321 867 3393 ).
893 3322 1086 3380 Nonne
1112 3326 1206 3380 tibi
1241 3328 1476 3394 videtur,
1520 3328 1765 3399 pinxisse
1809 3344 1993 3386 sermo
2018 3331 2165 3400 Apo-

574 3414 799 3471 stolicus
827 3430 1019 3470 novam
1049 3418 1332 3486 imperitiae
1364 3419 1691 3477 factionem?
1721 3424 1986 3493 Aperiunt
2018 3425 2162 3478 enim

570 3507 723 3578 quasi
755 3506 932 3564 fontes
959 3508 1222 3575 scientiae,
1247 3509 1273 3547 ἀ
1307 3512 1431 3579 quia
1457 3530 1616 3583 quem
1644 3531 1749 3569 non
1783 3517 2008 3581 habent,
2036 3520 2166 3572 doc-

574 3600 834 3657 trinarum
887 3603 1211 3672 promittunt
1249 3605 1502 3672 imbrem,
1534 3608 1683 3662 velut
1730 3610 1901 3665 nubes
1934 3611 2167 3680 prephc-

572 3695 712 3759 ticse,
745 3695 812 3749 ad
843 3710 977 3766 quas
1028 3698 1309 3765 perveniat
1351 3697 1553 3754 veritas
1594 3700 1713 3766 Dei,
1760 3710 1815 3756 et
1864 3703 2169 3758 turbinibus

579 3789 925 3869 exagitantur
972 3789 1278 3845 diemonum
1325 3805 1485 3861 atque
1516 3794 1793 3848 vitiorum.
1849 3794 2169 3865 Loqnuntnr

571 3882 818 3950 grandia,
843 3892 896 3937 et
928 3892 1071 3937 totus
1092 3898 1278 3938 eorum
1310 3899 1492 3939 sermo
1525 3886 1777 3957 superbia
1802 3900 1904 3943 est:
1934 3887 2170 3945 Immun-

574 3976 670 4030 dus
700 3986 774 4029 est
796 3986 966 4032 autem
992 3979 1131 4050 apud
1161 3978 1324 4032 Deum
1373 3982 1536 4034 omnis
1563 3984 1649 4051 qui
1666 3982 1864 4036 exaltat
1908 3999 1997 4036 car
2018 4002 2169 4038 suum

573 4067 859 4140 (Proverb.
896 4075 1191 4144 xvt,juxta
1213 4072 1403 4139 LXX).
1440 4072 1510 4128 Ut
1541 4076 1631 4144 qui
1654 4075 1930 4144 paululum
1957 4075 2173 4146 refuge-

574 4173 740 4216 ranta
762 4164 1020 4233 peccatis,
1047 4166 1112 4219 ad
1147 4182 1300 4221 suum
1329 4166 1490 4238 327
1518 4177 1860 4224 revertantur
1891 4185 2167 4236 errorem;

573 4266 629 4312 et
652 4259 882 4314 suadent
905 4261 957 4313 in
988 4259 1220 4328 luxuria,
1265 4260 1510 4315 ciborum
1543 4267 1839 4333 carnisque
1871 4274 1894 4299 ε’
1918 4263 2167 4319 delicias.

575 4350 709 4419 Quis
737 4353 883 4406 enim
936 4368 1043 4406 non
1081 4352 1316 4408 libenter
1358 4352 1544 4407 audiat
1564 4353 1673 4427 [AL
1708 4354 1989 4427 audient]:
2024 4356 2174 4410 Man-

577 4443 837 4499 ducemus
862 4454 915 4499 et
945 4444 1217 4510 bibamus,
1260 4453 1316 4500 et
1368 4444 1423 4500 in
1465 4455 1731 4500 aeternum
1779 4447 2175 4516 regnabitnus?

583 4536 868 4605 Sapientes
897 4549 949 4592 et
980 4538 1294 4607 prudentes,
1322 4553 1518 4607 pravos
1539 4548 1771 4594 vocant:
1797 4555 1895 4595 eos
1922 4556 2053 4597 vero
2084 4544 2174 4611 qui

2260 1938 2464 1992 corruit
2487 1951 2580 2003 per
2617 1933 2895 1987 delictum.

2329 2033 2381 2085 ι1.
2432 2029 2620 2084 Omnes
2660 2039 2799 2082 retro
2842 2026 3006 2079 sancti
3040 2026 3271 2099 ejusdem
3308 2026 3491 2089 meriti,
3544 2028 3690 2096 cujus
3720 2037 3871 2078 nunc

2262 2123 2561 2180 Christiani.
2600 2123 2848 2177 Salomon
2884 2136 3058 2174 amore
3092 2119 3361 2174 mulierum
3389 2137 3423 2173 a
3456 2118 3563 2173 Deo
3605 2117 3868 2172 discessit.

2259 2215 2410 2273 Iesus
2441 2214 2692 2270 Josedech
2737 2226 2890 2286 typus
2919 2213 3226 2271 Saluatoris.
3265 2211 3450 2283 Angeli
3496 2218 3708 2279 possunt
3736 2210 3873 2262 reci-

2261 2325 2380 2381 perc
2430 2305 3120 2381 peccatum.—Paulispcr
3174 2305 3243 2360 de
3286 2305 3453 2360 veteri
3507 2302 3875 2357 Testamento

2262 2403 2511 2471 exempla
2552 2402 2907 2466 distuleram;
2938 2402 3064 2470 quia
3105 2399 3285 2454 solent
3316 2398 3644 2467 ubicumque
3674 2404 3871 2450 contra

2263 2510 2358 2549 eos
2388 2494 2537 2561 facit,
2564 2496 2772 2557 dicere,
2797 2492 2905 2546 Lex
2928 2503 2977 2548 et
3016 2491 3296 2562 PrOpheta.’
3326 2507 3489 2562 usque
3513 2489 3579 2544 ad
3606 2488 3873 2543 Joannem

2264 2588 2497 2657 (Matth.
2525 2604 2560 2641 ιι
2592 2587 2631 2658 ).
2682 2587 2953 2642 Caeterum
3002 2586 3126 2657 quis
3169 2589 3383 2656 ignorat
3420 2584 3524 2638 sub
3552 2583 3723 2639 altera
3757 2581 3873 2654 [ΑΙ.

2264 2681 2396 2752 alta]
2439 2682 2848 2750 dispensatione
2891 2681 3006 2745 Dei,
3042 2694 3236 2735 omnes
3262 2688 3413 2734 retro
3457 2686 3680 2732 sanctos
3720 2676 3879 2745 ejus-

2265 2775 2388 2830 dent
2419 2775 2585 2831 fuisse
2614 2775 2816 2840 meriti,
2845 2776 3001 2846 cujus
3031 2791 3175 2830 nunc
3210 2772 3508 2829 Christiani
3538 2773 3698 2827 sunt?
3726 2771 3883 2840 Quo-

2269 2868 2429 2923 modo
2468 2881 2594 2923 ante
2638 2868 2910 2923 Abraham
2955 2869 3158 2939 placuit
3198 2869 3251 2922 in
3280 2867 3555 2938 conjugio;
3604 2866 3685 2920 sic
3727 2881 3883 2923 nunc

2270 2962 2507 3031 virgines
2540 2960 2753 3030 placent
2784 2961 2837 3014 in
2870 2972 3136 3030 perpetua
3174 2960 3447 3014 castitate.
3496 2957 3731 3012 Servivit
3776 2956 3881 3012 ille

2269 3056 2373 3127 legi
2419 3066 2473 3110 et
2505 3056 2735 3124 tempori
2779 3072 2879 3111 suo
2904 3053 2973 3121 ;"
3004 3054 3309 3109 serviamus
3360 3061 3418 3108 et
3448 3066 3547 3106 nos
3575 3049 3882 3119 Evangelio

2269 3157 2322 3202 et
2357 3148 2584 3218 tempori
2617 3155 2829 3212 nostro,
2864 3146 2916 3201 in
2961 3161 3099 3216 quos
3140 3145 3273 3200 lines
3302 3143 3627 3199 saeculorum
3679 3142 3885 3197 decur—

2271 3251 2459 3296 rerunt
2506 3239 2565 3312 (l
2600 3238 2723 3294 Car.
2760 3239 2903 3307 .x,).
2960 3238 3135 3292 David
3173 3238 3378 3292 electus
3431 3234 3733 3290 secundum
3781 3248 3886 3289 cor

2273 3332 2485 3387 Domini
2519 3332 2539 3403 (
2564 3332 2582 3385 Ι
2606 3330 2736 3402 Reg.
2764 3346 2857 3385 stu
2886 3329 2927 3401 ),
2951 3329 3041 3398 qui
3074 3344 3266 3384 omnes
3298 3328 3416 3397 ejus
3447 3326 3653 3382 fecerat
3682 3326 3885 3381 volun-

2270 3434 2432 3489 tates,
2460 3434 2514 3478 et
2535 3425 2625 3491 qui
2658 3426 2710 3477 in
2741 3422 2975 3493 quodam
3010 3421 3228 3477 Psalmo
3250 3420 3501 3475 dixerat:
3535 3417 3734 3472 Judica
3770 3435 3879 3487 ine,

2272 3514 2513 3581 Domine,
2532 3518 2777 3585 quoniam
2804 3531 2896 3586 ego
2923 3516 2976 3569 in
3001 3514 3294 3568 innocentia
3318 3528 3431 3566 mea
3458 3512 3719 3583 ingressus
3737 3528 3883 3579 sum,

2271 3622 2317 3666 et
2366 3614 2419 3665 in
2473 3611 2694 3666 Domino
2742 3628 2959 3682 sperans
3014 3629 3118 3665 non
3168 3610 3495 3679 inﬁrmabor.
3554 3607 3722 3663 Proba
3770 3625 3882 3678 me,

2272 3703 2515 3767 Domine,
2551 3714 2598 3757 et
2654 3702 2791 3758 tanta
2818 3722 2919 3772 me,
2977 3721 3067 3759 ure
3096 3720 3241 3760 renes
3289 3704 3455 3776 328
3502 3718 3663 3768 meos,
3718 3714 3768 3755 et
3790 3718 3887 3756 car

2275 3814 2441 3850 memn
2475 3796 2590 3869 (Ps.
2628 3813 2752 3863 xxv,
2804 3814 2841 3863 ι,
2874 3797 2955 3867 2),
3001 3808 3194 3867 postea
3227 3806 3468 3851 tentatur
3492 3810 3520 3847 a
3548 3793 3793 3859 diabolo,
3826 3802 3885 3848 et

2275 3904 2395 3961 post
2419 3901 2694 3958 peccatum
2712 3892 2986 3961 paenitens
3006 3891 3246 3961 loquitur
3266 3909 3281 3945 :
3299 3888 3551 3943 Miserere
3568 3887 3689 3953 mei,
3710 3885 3880 3958 Deus,

2274 3984 2553 4039 secundum
2580 3998 2818 4053 magnam
2856 3983 3264 4037 misericordiam
3296 3989 3435 4033 tuam
3462 3978 3479 4047 (
3511 3977 3659 4032 Psal.
3689 3993 3742 4044 ι,
3770 3978 3794 4032 1
3831 3977 3881 4049 ).

2277 4077 2524 4146 Magnum
2558 4083 2837 4145 peccatum
2873 4091 3067 4146 magna
3127 4075 3296 4131 deleri
3330 4074 3441 4127 vult
3468 4072 3881 4127 misericordia.

2275 4170 2559 4236 Salomon,
2609 4169 2858 4224 amabilis
2890 4169 3127 4237 Domini,
3176 4178 3233 4223 et
3262 4168 3346 4221 cui
3380 4165 3463 4220 bis
3500 4165 3647 4220 Deus
3700 4163 3888 4219 fuerat

2278 4264 2584 4329 revelatus;
2618 4264 2742 4334 quia
2767 4276 2982 4319 amator
3007 4264 3298 4319 mulierum
3333 4260 3455 4329 fuit,
3490 4275 3519 4314 a
3550 4258 3645 4313 Dei
3689 4272 3888 4315 amore

2278 4353 2548 4410 discessit.
2575 4355 2856 4411 Manassen
2899 4356 3285 4425 impiissimum
3334 4368 3518 4423 regem
3551 4357 3671 4419 post
3699 4349 3888 4418 capti-

2278 4447 2501 4503 vitatem
2533 4448 2941 4520 Babylonicam,
2974 4448 3026 4502 in
3056 4447 3338 4516 pristinam
3367 4444 3685 4514 dignitatem
3713 4440 3887 4497 Liber

2282 4540 2509 4595 Dierum
2534 4541 2552 4613 (
2574 4539 2973 4613 Paratipomena
3000 4537 3021 4610 )
3045 4540 3354 4593 restitutum
3385 4536 3570 4591 refert.
3602 4533 3669 4587 Et
3694 4530 3881 4588 Josias

578 4628 767 4685 dulces
795 4640 923 4686 sunt
963 4633 1014 4686 in
1064 4634 1428 4700 sermonibus,
1475 4636 1597 4705 plus
1645 4634 1889 4691 audiunt.
1933 4634 2172 4691 Joannes
2206 4612 2260 4673 Ῑ)
2284 4634 2365 4688 vir
2391 4612 2636 4699 sanctus,
2668 4635 2720 4688 in
2751 4612 2945 4701 campo
2974 4630 3202 4703 Magedo
3225 4630 3294 4686 ab
3316 4626 3576 4699 Egyptio
3600 4641 3727 4697 rege
3755 4639 3881 4679 con-

584 4722 896 4791 Apostolus,
943 4723 1109 4779 immo
1140 4725 1197 4780 in
1223 4724 1433 4783 Joanne
1480 4726 1731 4782 Salvator
1782 4726 2031 4782 scribens
2062 4729 2172 4783 Att—

578 4812 702 4882 gelo
754 4812 954 4884 Ephesi
997 4817 1287 4873 Ecclesiae:
1344 4819 1490 4886 Scio,
1539 4820 1735 4891 inquit,
1781 4836 1938 4891 apera
1984 4830 2094 4885 tua,
2126 4830 2174 4874 et

580 4903 806 4960 laborem
834 4914 880 4960 et
904 4909 1201 4977 patientiam
1243 4920 1405 4979 tuam,
1433 4922 1479 4965 et
1500 4913 1622 4982 quia
1648 4913 1942 4967 sustinuisti
1968 4924 2176 4985 prapter

580 5014 764 5054 nomen
793 5017 980 5067 meum,
1004 5014 1051 5056 et
1077 5020 1180 5057 non
1211 5004 1443 5075 defecisti
1463 5022 1481 5060 :
1501 5007 1591 5060 sed
1620 5006 1781 5062 habeo
1822 5007 2069 5061 adversus
2105 5019 2173 5075 te,

579 5094 718 5160 quod
756 5095 1058 5147 charitatem
1102 5106 1239 5149 tuam
1284 5098 1505 5165 primam
1534 5098 1810 5171 reliquisti.
1846 5099 2050 5155 Memor
2073 5112 2178 5157 esto

655 5242 679 5269 ει
717 5233 1019 5305 Adjuvantis
1042 5234 1161 5298 Dei,
1185 5244 1240 5288 ut
1264 5240 1540 5305 pervenire.
1566 5240 1824 5295 Eamdem
1847 5242 2174 5297 sententiam

583 5304 814 5375 legimus
848 5307 1001 5361 initio
1043 5304 1452 5371 l‘rologisancti
1487 5310 1660 5365 Patris
1692 5316 1867 5367 nostri
1901 5313 2178 5368 Benedicti

584 5378 636 5431 in
688 5377 1141 5449 llegttlatnsuam
1171 5379 1271 5433 :In
1318 5382 1518 5449 primis,
1564 5384 1754 5449 inquit,
1804 5392 1856 5434 ut
1898 5384 2180 5449 quidquam

582 5449 837 5521 agendum
873 5448 1084 5504 inchoas
1125 5449 1342 5509 bonum.
1381 5451 1443 5504 ab
1489 5469 1548 5506 eo
1591 5448 1771 5521 per/iri
1813 5448 2181 5509 instantissima

584 5520 1102 5593 grationedeposcas.
1133 5523 1227 5577 Hic
1252 5522 1304 5576 in
1337 5523 1493 5576 bonis
1514 5520 1773 5593 operibus
1797 5530 2069 5591 perlector
2097 5535 2183 5579 est

587 5589 751 5645 Deus.
783 5591 1013 5664 Videant
1045 5609 1187 5648 nunc
1220 5595 1479 5664 Theologi
1513 5589 1712 5656 nostri,
1757 5589 1825 5647 ne
1868 5604 2178 5664 sanctorum

585 5662 1136 5736 verbadetorqueant
1167 5667 1218 5720 in
1262 5662 1517 5736 pronrios
1546 5678 1779 5736 sensus;
1820 5663 1915 5716 sed
1957 5679 2087 5733 pura
2118 5680 2181 5719 ac

588 5730 838 5806 simplice
877 5730 982 5788 ﬁde
1018 5730 1461 5806 interpreientur,
1500 5750 1606 5789 non
1637 5730 1971 5789 declinantes
2008 5750 2181 5803 neque

590 5799 657 5851 ad
688 5799 991 5867 dexteram,
1026 5799 1199 5874 neque
1231 5806 1295 5860 ad
1326 5807 1621 5861 sinistram.
1660 5806 1921 5861 MAR’I‘IAN.

2283 4725 2503 4781 foditur.
2537 4726 2697 4781 Jesus
2719 4742 2932 4797 quoque
2955 4725 3098 4780 filius
3125 4723 3416 4790 Josedech,
3439 4720 3697 4775 sacerdos
3726 4734 3881 4789 mag-

2279 4838 2401 4888 nus,
2440 4836 2768 4892 quamquam
2801 4820 2851 4874 in
2887 4830 3013 4891 typo
3060 4817 3403 4889 praecesserit
3431 4812 3755 4878 Salvatoris,
3786 4815 3884 4882 qui

2281 4927 2461 4971 nostra
2495 4926 2716 4985 peccata
2745 4914 3008 4984 portavit,
3033 4922 3093 4969 et
3130 4912 3495 4981 alienigenam
3521 4906 3623 4962 sibi
3650 4921 3718 4961 ex
3741 4921 3887 4976 gen-

2281 5010 2426 5065 tibus
2445 5009 2743 5064 Ecclesiam
2774 5007 3069 5077 copulavit,
3102 5015 3283 5060 tamen
3314 5001 3615 5059 secundum
3644 4999 3891 5054 litteram

2288 5112 2409 5172 post
2438 5099 2804 5156 sacerdotium
2851 5100 3162 5154 sordidatus
3200 5094 3496 5157 inducitur,
3536 5100 3593 5147 et
3620 5096 3730 5145 stat
3768 5088 3893 5144 dia-

2350 5238 2379 5276 b
2414 5238 2741 5293 Veronensis
2782 5251 2903 5291 cum
2935 5247 3044 5292 vet.
3094 5235 3226 5289 edit.
3266 5233 3407 5309 utin
3439 5228 3654 5309 occultis
3681 5227 3894 5295 interﬁ—

2288 5312 2410 5366 ciat.
2459 5311 2624 5364 Paulo
2659 5318 2780 5377 post
2808 5309 2897 5361 alii
2933 5325 3065 5363 mss.
3098 5307 3308 5360 tentatio
3337 5314 3381 5357 et
3402 5300 3800 5377 tribulationes.

2359 5394 2379 5420 ο
2427 5370 2675 5436 Μιιιτῐίεηξ
2712 5392 2833 5448 p051
2864 5378 3081 5433 Erasm.
3114 5378 3370 5448 omittunt
3402 5373 3489 5448 hic
3515 5370 3674 5448 verbi.

2354 5452 2381 5489 ά
2426 5443 2724 5517 Victorius,
2746 5452 2831 5522 qui
2863 5464 3175 5522 aquamuon
3205 5447 3391 5499 habent
3417 5443 3797 5522 doctrinarum.

2360 5535 2382 5561 ο
2425 5525 2551 5579 Mss.
2586 5512 2777 5577 omnes
2804 5512 3021 5575 deliciis.
3045 5520 3162 5573 Mox
3196 5533 3291 5585 pro
3314 5530 3521 5586 pravos,
3546 5512 3674 5565 olint
3698 5528 3897 5579 paratos

2286 5606 2424 5651 erat.
2453 5595 2683 5653 Gravius
2711 5590 3319 5665 legenduntsuspicatur
3340 5596 3572 5659 patruos,
3598 5594 3717 5637 erat
3742 5586 3901 5642 enim

2288 5679 2446 5722 antea
2481 5667 2753 5730 Sapienter
2776 5664 3078 5731 prudentes.

2366 5738 2385 5774 ί
2428 5728 2810 5792 Casanatensis
2842 5750 2966 5790 cum
2997 5729 3322 5801 Vcronensi,
3371 5728 3655 5785 serviamus
3702 5735 3753 5785 et
3803 5744 3903 5790 nos

2292 5808 2389 5879 legi
2413 5818 2456 5861 et
2487 5808 2696 5875 tempori
2726 5814 2917 5859 nostra.
