4062 6328
184 273 234 327 89
1116 270 1477 331 ADVERSUS
1515 270 1927 331 JOVINIANUM
1967 270 2101 328 LIB.
2140 270 2205 328 Il.

3202 275 3308 333 290

184 387 309 441 ulusa
331 382 491 443 dextris
510 386 633 457 ejus;
662 394 718 444 et
743 387 967 443 candida
999 388 1074 444 illi
1098 394 1423 446 vestimenta
1452 392 1606 446 dein-
1632 395 1684 453 Α
1713 392 2065 444 nihilominus
2085 398 2245 459 caput
2288 388 2456 447 levat.
2488 394 2543 441 et
2576 386 2738 442 tertio
2770 385 3109 454 vulneratus,
3130 404 3304 461 usque

184 479 853 551 ipsredduntur.Superlluum
884 490 969 535 est
995 482 1063 536 de
1106 483 1287 553 Moyse
1322 491 1377 537 et
1420 484 1604 536 Aaron

184 573 347 640 :ribcre,
373 575 483 644 quod
506 574 560 628 ad
583 590 768 644 aquam
795 575 1247 630 cuntradictionis
1281 574 1608 630 oﬂenderint

183 681 293 732 eum,
333 676 374 720 et
408 678 561 720 terram
605 666 1045 735 repromissionis
1093 682 1200 721 non
1247 666 1603 721 intraverint:

183 776 233 811 un
254 759 491 815 beatuslub
510 760 729 830 Angelos
754 776 969 832 quoque
986 772 1040 817 et
1062 777 1281 817 omnem
1301 772 1605 817 creaturam

184 865 312 904 rccare
352 864 478 920 posse
514 861 928 917 commemoret,
978 851 1202 906 dicens:
1255 852 1395 917 Quid
1446 852 1605 917 enim,

187 943 328 1011 mquid
345 942 465 997 homo
484 952 503 979 σῖ
527 960 693 997 coram
718 943 825 998 Deo
854 945 1079 997 mundus
1110 955 1185 999 est
1208 945 1232 997 ?
1258 946 1359 997 Aut
1389 944 1442 998 in
1486 960 1609 1016 ope-

189 1052 234 1088 us
265 1036 352 1088 suis
385 1037 472 1089 sine
502 1036 691 1089 macula
720 1037 836 1090 vir?
866 1037 927 1092 Si
952 1047 1130 1090 contra
1164 1053 1337 1091 servos
1360 1052 1480 1090 suos
1504 1053 1608 1090 non

186 1128 245 1179 dit
264 1144 279 1177 :
294 1136 338 1181 et
364 1128 589 1181 adversum
617 1128 843 1197 Angelos
872 1146 993 1183 suos
1006 1146 1221 1201 prarum
1238 1130 1365 1199 quid
1396 1131 1607 1200 reperit;

184 1232 265 1273 mlo
286 1221 420 1292 magis
436 1220 699 1275 habitantes
721 1222 775 1274 in
801 1220 1037 1275 domibus
1062 1221 1213 1276 luteis
1238 1227 1257 1292 (
1286 1220 1407 1275 Job.
1438 1236 1512 1287 tv,
1540 1221 1607 1275 17

186 1313 318 1384 eqq.),
336 1314 390 1367 de
404 1315 571 1384 quibus
592 1324 645 1368 et
666 1330 765 1369 nos
790 1330 855 1368 ex
883 1316 1075 1369 eodem
1102 1317 1215 1368 luto
1234 1330 1422 1368 sumus
1440 1317 1454 1367 2
1472 1314 1605 1367 Ten-

185 1423 208 1458 ο
224 1416 284 1459 est
305 1406 389 1459 vita
402 1406 594 1460 hominis
613 1423 767 1475 super
783 1407 1001 1473 terram(
1024 1405 1143 1459 Job.
1169 1422 1263 1471 vti,
1284 1407 1307 1459 l
1328 1410 1364 1474 ).
1383 1406 1447 1459 Et
1467 1405 1608 1460 ccci-

217 1500 398 1557 Lucifer
427 1543 439 1565 ,
473 1502 547 1571 qui
604 1502 853 1556 mittebat
890 1502 955 1556 ad
1000 1502 1282 1555 universas
1336 1500 1604 1555 nationes.

194 1596 270 1649 ille
304 1596 379 1666 qui
419 1596 463 1650 in
490 1596 729 1665 paradiso
772 1595 1091 1650 deliciarum
1140 1598 1279 1649 inter
1314 1594 1606 1650 duodecim

183 1690 295 1743 ritus
318 1698 386 1745 est
420 1689 624 1759 lapides,
657 1689 978 1743 vulneratus
1030 1705 1056 1739 a
1101 1698 1283 1742 monte
1350 1687 1603 1752 Domini,

1711 484 1773 537 ad
1793 494 2002 552 tempus
2022 483 2252 547 recedit,
2278 480 2536 536 differens
2558 481 2727 551 magis
2741 483 3121 548 tentationcm,
3145 499 3303 552 quam

1708 576 1995 631 auferens:
2051 588 2105 630 et
2152 590 2252 630 nos
2300 574 2459 629 nobis
2502 573 2809 629 blandimur
2834 575 2904 630 de
2946 575 3304 644 baptismate:

1708 669 1851 737 quod
1883 670 2022 722 sicut
2067 668 2247 737 priora
2310 676 2530 737 peccata
2573 666 2818 731 dimittit,
2846 666 2925 721 sic
2966 667 3017 719 in
3067 666 3304 723 futurum

1710 777 1930 817 servare
1954 778 2060 816 non
2093 771 2293 831 potest,
2322 760 2426 815 nisi
2475 759 2730 831 haptizati
2760 758 2907 815 omni
2930 759 3174 814 custodia
3192 774 3305 815 ser-

1709 853 1956 907 vaverint
1979 867 2077 906 cor
2096 867 2273 907 suum.

1781 948 1835 1002 5.
1866 946 2041 1001 Tertia
2066 948 2295 1017 quastio.
2329 977 2397 986 —
2427 945 2666 1000 Tandem
2710 944 3057 1015 pervenimus
3104 942 3170 997 ad
3225 944 3303 999 ci-

1709 1038 1810 1095 bos
1835 1081 1848 1104 ,
1879 1050 1932 1094 et
1962 1040 2133 1093 tertim
2164 1039 2479 1108 quaistionis
2509 1038 2667 1094 nobis
2724 1039 3017 1109 opponitur
3070 1036 3304 1092 dillicul-

1712 1140 1828 1185 tas:
1865 1150 1883 1182 ι
1925 1131 2005 1185 Ad
2039 1132 2141 1185 hoc
2170 1142 2350 1186 creata
2380 1146 2502 1185 esse
2531 1131 2736 1197 omnia,
2758 1138 2815 1184 ut
2842 1130 2962 1183 usui
2993 1129 3302 1185 mortalium

1713 1222 2076 1277 deservirem.
2123 1222 2190 1276 Et
2219 1223 2495 1293 quomodo
2528 1224 2689 1276 homo
2712 1262 2727 1288 ,
2763 1222 3023 1277 rationale
3064 1222 3302 1289 animal,

1714 1316 1867 1384 quasi
1918 1315 2136 1383 quidam
2183 1314 2455 1369 habitator
2482 1324 2537 1369 et
2588 1328 2870 1384 possessor
2915 1315 3141 1379 mundi,
3194 1314 3307 1369 Deo

1713 1408 1958 1477 suhjacet
1986 1450 1999 1471 ,
2030 1418 2083 1463 et
2112 1423 2270 1463 suum
2298 1418 2590 1463 veneratur
2630 1409 2924 1463 Auctorem
2952 1448 2967 1471 ,
3015 1408 3085 1460 ita
3114 1417 3306 1461 cuncta

1711 1503 2032 1565 animantia,
2067 1514 2157 1555 aut
2187 1502 2239 1556 in
2272 1503 2422 1558 cibos
2456 1503 2731 1557 hominum
2761 1544 2776 1569 ,
2808 1514 2900 1555 aut
2929 1502 2980 1557 in
3028 1505 3301 1567 vestitum,

1711 1602 1804 1647 aut
1832 1592 1898 1647 ad
1928 1594 2281 1649 scindendam
2314 1594 2725 1659 terram,autad
2758 1594 3166 1649 subvectionem
3198 1593 3308 1649 fru-

1712 1705 1838 1767 gum
1862 1732 1875 1751 ,
1915 1690 1932 1727 ί
1967 1700 2061 1745 aut
2092 1692 2258 1761 ipsius
2284 1691 2517 1745 hominis
2548 1706 2669 1746 esse
2697 1703 2879 1745 creata
2924 1708 2935 1743 :
2967 1690 3111 1745 unde
3138 1698 3192 1744 et
3224 1690 3310 1757 ju-

185 1782 345 1836 nlerna
382 1781 658 1837 descendit.
691 1780 847 1836 Unde
895 1790 949 1835 et
999 1778 1246 1835 Salvator
1314 1781 1366 1833 in
1435 1780 1609 1833 Evan-
1644 1787 1687 1846 Β
1716 1794 1898 1838 menta
1928 1784 1995 1837 ab
2025 1800 2091 1839 eo
2122 1785 2263 1854 quod
2284 1785 2499 1855 juvent,
2531 1786 2893 1856 appellentur.
2944 1784 3085 1849 Quid
3112 1794 3209 1849 est,
3240 1785 3315 1840 ait

184 1890 250 1929 J:
302 1874 537 1941 Videbam,
589 1876 783 1944 inquit,
835 1872 1089 1927 Satanam
1125 1875 1271 1942 quasi
1322 1873 1499 1943 fulgur
1545 1875 1609 1926 de

204 1968 619 2041 cadentem(Luc.
656 1985 713 2029 x,
747 1967 813 2021 18
846 1965 888 2036 ).
921 1967 979 2021 Si
1012 1966 1276 2020 altissima
1310 1967 1397 2020 illa
1442 1968 1608 2021 subli«

186 2080 209 2115 s
250 2063 453 2129 cecidit,
479 2063 592 2132 quis
632 2060 833 2115 cadere
869 2074 974 2113 non
1024 2060 1195 2125 possit
1220 2058 1318 2112 ?Si
1370 2058 1422 2111 in
1474 2060 1613 2113 caelo

184 2172 243 2220 EC,
276 2164 464 2223 quanto
489 2154 652 2223 magis
681 2154 734 2206 in
767 2151 951 2205 terra?
999 2148 1066 2203 Et
1114 2160 1279 2204 tamen
1317 2166 1431 2202 cum
1478 2151 1611 2203 ceci-

220 2245 414 2315 Lucifer
443 2245 458 2315 (
487 2244 647 2298 immo
677 2252 801 2313 post
841 2257 1027 2297 casum
1060 2242 1281 2296 coluber
1310 2240 1610 2311 antiquus),

183 2341 328 2409 scjus
358 2336 381 2375 ι)
408 2339 456 2390 in
477 2337 653 2390 lumbis
675 2340 811 2409 ejus,
838 2346 886 2389 et
912 2346 1139 2407 potestas
1169 2337 1280 2403 ejus
1319 2352 1475 2403 super
1504 2352 1613 2387 uin-

183 2448 241 2483 un
270 2430 466 2483 ventris.
500 2429 883 2483 Obumbrantur
912 2429 965 2481 in
996 2444 1056 2483 eo
1076 2428 1285 2481 arbores
1307 2444 1524 2498 magnae,
1570 2437 1615 2482 et

187 2525 219 2575 it
231 2526 382 2591 juxta
398 2524 613 2592 juncum
641 2533 688 2577 et
716 2524 976 2575 calamum
1004 2532 1052 2574 et
1081 2522 1324 2576 caricem.
1374 2521 1497 2591 Ipse
1544 2531 1615 2575 est

184 2618 399 2682 unuium,
446 2632 559 2686 qua
600 2616 653 2669 in
704 2617 852 2685 aquis
892 2625 1013 2668 sunt
1056 2614 1200 2678 (Job.
1235 2631 1305 2669 χι.
1330 2625 1377 2667 et
1404 2614 1609 2685 seqq.):

184 2710 346 2763 :ilicet
376 2709 618 2778 voluptas
655 2717 710 2762 et
740 2709 972 2770 luxuria,
1001 2717 1057 2762 et
1102 2722 1363 2777 propago,
1393 2719 1447 2763 et
1490 2708 1614 2762 irri-

198 2802 523 2870 nuptiarum.
550 2802 675 2869 Quis
692 2801 827 2854 enim
868 2801 1152 2855 denudabit
1196 2803 1378 2870 faciem
1404 2801 1611 2855 vestitus

208 2898 321 2967 ejus
346 2894 371 2946 ?
392 2892 459 2946 Et
488 2903 660 2963 portas
688 2895 861 2947 vultus
879 2895 989 2964 ejus
1024 2892 1139 2958 quis
1170 2894 1405 2960 aperiet?
1454 2892 1611 2963 Sagi-

183 3005 203 3038 r
240 2988 295 3039 in
320 3004 379 3040 eo
406 2988 637 3040 nationes
668 2997 716 3051 ο,
744 2994 793 3041 et
822 2986 1122 3057 partiuntur
1162 3001 1278 3038 cum
1307 2983 1610 3038 Phoenicum

221 3081 393 3152 (Job.
439 3097 526 3136 xu
554 3082 594 3150 ).
640 3080 720 3136 Ac
766 3095 832 3134 ne
883 3080 1106 3134 forsitan
1166 3081 1327 3133 tacite
1376 3079 1611 3147 legentis

1717 1876 1912 1937 David.
1948 1878 2119 1940 homo,
2148 1879 2287 1948 quod
2312 1894 2505 1931 memor
2534 1894 2585 1931 es
2616 1878 2746 1948 ejus,
2775 1887 2863 1930 aut
2894 1878 3036 1945 ﬁlius
3064 1878 3306 1942 hominis,

1713 1970 1956 2037 quoniam
1988 1970 2163 2023 uisitas
2195 1971 2354 2022 eum?
2398 1968 2637 2022 Minuiin
2685 1968 2809 2039 [ΑΙ.
2842 1969 3150 2040 minorasti]
3194 1985 3309 2022 eum

1715 2060 1872 2127 paulo
1922 2061 2090 2113 minus
2138 2062 2200 2113 ab
2246 2061 2458 2127 Angelis
2488 2101 2501 2123 ,
2549 2061 2715 2127 gloria
2747 2070 2794 2112 et
2822 2060 3016 2114 honore
3053 2062 3312 2115 coronasti

1716 2168 1854 2215 eum,
1887 2160 1936 2203 et
1963 2153 2276 2205 constituisti
2302 2169 2415 2204 eum
2446 2168 2600 2221 super
2627 2168 2784 2221 opera
2812 2168 3055 2204 manuum
3083 2163 3309 2205 tuarum.

1721 2244 1912 2297 Omnia
1940 2244 2204 2316 subjecisti
2232 2244 2326 2297 sub
2358 2245 2568 2315 pedibus
2606 2246 2719 2314 ejus
2748 2286 2762 2308 ,
2809 2260 2927 2299 ores
2956 2244 3120 2316 33o
3143 2256 3190 2297 ct
3219 2244 3313 2299 bo-

1717 2354 1799 2393 ves
1830 2339 2090 2391 universas
2118 2338 2227 2409 [ΑΙ.
2257 2336 2556 2408 universa],
2588 2339 2799 2406 insuper
2824 2348 2868 2392 et
2911 2354 3094 2409 pecora
3121 2339 3309 2409 campi,

1724 2430 1974 2484 Volucres
1988 2430 2123 2493 coeli,
2158 2440 2203 2484 et
2236 2431 2399 2501 pisces
2430 2431 2591 2483 maris
2616 2470 2631 2496 ,
2664 2431 2749 2499 qui
2779 2432 3131 2499 perambulant
3160 2433 3314 2485 semi-

1719 2531 1794 2577 tas
1828 2523 1987 2576 maris
2014 2521 2188 2593 (Psal.
2220 2537 2333 2587 viti,
2367 2521 2402 2576 5
2431 2530 2479 2575 et
2510 2520 2667 2591 seq.).
2699 2519 2830 2575 Esto
2858 2563 2872 2586 ,
2902 2521 3097 2591 inquit,
3127 2521 3223 2576 bos
3247 2522 3314 2577 ad

1717 2618 2008 2679 arandum,
2036 2616 2104 2670 ad
2132 2615 2429 2671 sedendum
2454 2630 2647 2686 equus,
2678 2614 2830 2670 canis
2852 2614 2918 2670 ad
2951 2615 3277 2670 servandum
3297 2656 3314 2684 ,

1716 2722 1895 2777 capra:
1924 2708 1991 2761 ad
2025 2708 2127 2774 Iac,
2154 2722 2283 2763 oves
2304 2706 2371 2761 ad
2401 2707 2584 2760 lanitia
2607 2706 2841 2761 conditae
2869 2706 2996 2762 sint.
3029 2706 3158 2775 Quis
3186 2722 3317 2763 usus

1714 2814 2005 2870 porcorum
2034 2841 2047 2865 ,
2080 2798 2285 2868 absque
2315 2813 2410 2853 esu
2439 2798 2683 2853 carnium
2708 2800 2732 2850 τ
2757 2798 2885 2868 quid
2915 2813 3129 2866 caprea.-
3150 2840 3167 2866 ,
3193 2814 3316 2856 cer-

1714 2894 1819 2947 vuli
1854 2893 1959 2965 [ΑΙ.
1992 2892 2184 2965 cervi],
2210 2892 2460 2955 damulaa,
2487 2893 2625 2961 apri,
2657 2891 2893 2961 lepores,
2924 2900 2979 2946 et
3006 2890 3313 2962 hujusmodi

1713 2986 1979 3039 venatio?
2008 2984 2135 3053 quid
2168 2999 2393 3039 anseres
2424 2984 2707 3040 silvestres
2743 2994 2796 3039 et
2819 2985 3104 3041 domestici
3132 2986 3156 3039 ἲ
3185 2984 3312 3053 quid

1715 3088 1902 3133 anates
1928 3121 1943 3145 ,
1997 3078 2125 3148 quid
2167 3078 2455 3133 ﬁcedulre?
2495 3078 2622 3148 quid
2654 3080 2916 3147 attagen?
2941 3078 3069 3149 quid
3101 3078 3262 3135 fulica
3290 3080 3313 3133 ?

194 3176 270 3229 tio
302 3184 541 3243 putaret,
591 3188 685 3229 eas
718 3182 924 3228 tantum
958 3172 1279 3227 Phoenicum
1318 3180 1510 3242 gentes
1557 3171 1685 3235 etC
1716 3173 1839 3242 quid
1874 3173 2104 3227 turdus?
2154 3174 2260 3228 Cur
2293 3175 2344 3228 in
2394 3174 2644 3229 domibus
2667 3176 2868 3245 gallina
2898 3176 3199 3231 discurrit?
3246 3177 3305 3234 Si

188 3288 232 3321 )5
254 3267 559 3337 JEhiOpum
588 3265 908 3337 signiﬁcari,
933 3266 1125 3335 quibus
1158 3265 1324 3319 draco
1348 3266 1399 3317 in
1423 3279 1608 3319 escam

187 3362 283 3426 sit,
311 3360 502 3415 statim
554 3360 621 3414 de
672 3359 754 3413 his
780 3358 875 3428 qui
904 3373 999 3427 per
1042 3372 1191 3411 mare
1220 3355 1380 3425 hujus
1428 3355 1610 3410 smculi

186 3464 282 3509 unt
316 3453 337 3527 [
377 3454 466 3507 At.
520 3450 918 3522 transierunt],
967 3459 1023 3505 et
1062 3450 1129 3503 ad
1162 3462 1377 3520 portum
1421 3448 1613 3502 salutis

186 3552 287 3603 iire
337 3547 628 3613 festinant,
660 3546 857 3601 dicitur
890 3563 903 3598 :
934 3543 958 3581 ἀ
988 3544 1055 3598 Et
1099 3545 1151 3598 in
1201 3543 1416 3597 navibus
1447 3544 1615 3611 pisca-

188 3651 345 3713 caput
377 3641 497 3711 ejus
523 3650 626 3693 stat
646 3640 778 3693 sicut
822 3639 966 3692 incus
997 3638 1017 3709 [
1046 3638 1131 3691 Al.
1164 3636 1394 3709 incudo]
1436 3636 1615 3706 infati-

188 3754 207 3790 :
262 3744 483 3806 reputat
521 3739 717 3804 ferrum
767 3742 820 3785 ut
877 3733 1074 3799 paleas,
1131 3741 1179 3783 et
1222 3732 1354 3784 sicut
1414 3730 1613 3801 lignum

209 3830 303 3883 Al.
341 3826 627 3896 putridum
658 3831 677 3895 )
711 3842 799 3879 trs.
835 3824 900 3877 Et
948 3840 1097 3878 omne
1125 3839 1310 3876 aurum
1338 3822 1491 3874 maris
1519 3822 1614 3874 sub

188 3932 219 3974 τι
265 3922 469 3975 lutum.
525 3917 834 3973 Fervescere
887 3916 1009 3985 facit
1054 3917 1318 3987 abyssum,
1359 3915 1489 3967 sicut
1530 3930 1615 3967 vas

190 4030 209 4068 :
246 4014 493 4068 cestimat
542 4027 684 4063 mare
729 4010 861 4063 sicut
917 4019 938 4045 θ
971 4007 1213 4073 deletum,
1268 4017 1315 4061 et
1364 4016 1615 4060 tartarum

190 4118 227 4161 it
261 4106 574 4178 captivum.
609 4102 772 4157 Omne
797 4104 956 4156 altum
986 4101 1121 4154 ridet
1148 4101 1329 4171 (Joan.
1364 4116 1454 4162 XL,
1481 4100 1613 4165 line;

189 4204 216 4256 5
254 4201 298 4270 ).
340 4202 415 4253 Et
443 4198 758 4253 arbitratur
783 4196 1101 4250 Joviniauus
1130 4209 1283 4249 meus
1318 4190 1483 4246 facile
1514 4191 1615 4245 sibi

190 4309 293 4350 sse
322 4291 729 4348 succumbere.
756 4289 894 4357 Quid
922 4291 1114 4358 loquar
1144 4287 1211 4342 de
1242 4287 1448 4341 sanctis
1480 4285 1609 4339 viris

194 4389 423 4460 ngelis,
480 4388 733 4457 quicum
773 4394 1037 4439 creaturae
1084 4381 1178 4435 Dei
1208 4382 1339 4443 sint,
1390 4388 1618 4449 possunt

191 4485 457 4553 'ecipere
488 4479 821 4551 peccatum?
867 4477 1063 4533 Filium
1093 4474 1187 4528 Dei
1222 4481 1431 4528 tentare
1455 4487 1617 4529 ausus

1715 3284 1822 3322 non
1863 3268 2223 3322 comeduutur
2252 3310 2266 3333 ,
2318 3267 2436 3322 hmo
2464 3268 2641 3322 omnia
2692 3268 2889 3324 frustra
2924 3285 2953 3323 a
2990 3269 3100 3326 Deo
3131 3279 3311 3326 creata

1712 3369 1859 3415 sunt.
1886 3359 2082 3415 Verum
2116 3360 2244 3429 quid
2274 3376 2409 3430 opus
2440 3371 2521 3415 est
2555 3363 2888 3430 argumentis
2918 3377 3038 3417 cum
3081 3362 3313 3418 manife-

1713 3453 1953 3507 stiSsime
1985 3452 2263 3522 Scriptura
2292 3452 2487 3507 doceat
2516 3452 2677 3525 (Gen.
2708 3454 2802 3523 9),
2833 3469 3000 3509 omne
3027 3454 3170 3525 quod
3201 3468 3317 3509 mo-

1715 3554 1891 3609 vetur,
1922 3546 2060 3599 sicut
2088 3546 2236 3599 olera
2270 3544 2562 3600 herbarum
2588 3588 2603 3612 ,
2653 3546 2775 3600 data
2817 3548 2976 3602 nobis
3004 3548 3055 3601 in
3088 3560 3269 3602 escam
3296 3564 3313 3604 :

1715 3648 1767 3693 et
1791 3637 2083 3705 Apostolus
2113 3637 2353 3693 clamitet
2396 3655 2408 3691 :
2444 3636 2635 3691 Omnia
2667 3640 2858 3693 munda
2888 3640 3117 3703 mundis,
3150 3649 3198 3692 et
3230 3640 3316 3693 ni-

1716 3732 1795 3784 hil
1812 3732 2173 3803 rejiciendum,
2209 3733 2347 3802 quod
2371 3749 2487 3785 cum
2511 3733 2795 3801 gratiarum
2817 3734 3017 3785 actiOne
3036 3733 3318 3803 percipitur

1720 3823 1898 3893 (Rom.
1932 3840 2049 3890 xw,
2080 3822 2191 3893 20)
2222 3842 2233 3877 :
2260 3834 2313 3879 et
2342 3833 2602 3879 venturos
2633 3826 2685 3879 iti
2719 3824 3044 3889 novissimo,
3074 3825 3162 3895 qui
3192 3840 3318 3896 pro-

1717 3914 1941 3971 hibeant
1972 3917 2203 3980 nuhcre,
2236 3926 2287 3971 et
2311 3917 2455 3972 vesci
2485 3917 2645 3984 cibis,
2684 3932 2823 3987 quos
2848 3916 2992 3972 Deus
3022 3920 3224 3973 creavit
3247 3920 3314 3976 ad

1718 4008 1974 4063 utendum
2006 4010 2069 4080 (Ι
2104 4009 2236 4063 Tim.
2272 4012 2366 4080 tv).
2414 4008 2531 4080 Ipse
2566 4010 2824 4067 Dominus
2867 4012 2977 4065 vini
3021 4020 3232 4081 potator
3264 4023 3319 4067 ct

1718 4110 1938 4154 vorator
1961 4118 1989 4153 a
2014 4100 2305 4155 Pliarismis
2328 4102 2653 4169 appellatur,
2678 4112 2732 4158 et
2755 4102 3161 4173 publicanorum
3187 4119 3317 4159 con-

1718 4195 1836 4248 viva
1858 4204 1911 4249 et
1940 4203 2283 4262 peccatorum
2312 4211 2323 4245 :
2349 4193 2561 4250 Zachzei
2591 4196 2875 4264 prandium
2909 4211 3016 4251 non
3036 4211 3313 4264 recusans,

1719 4286 1925 4341 vadens
1967 4287 2033 4340 ad
2082 4286 2390 4356 nuptiarum
2440 4288 2649 4357 epulas.
2699 4288 2869 4343 Porro
2914 4288 3063 4343 aliud
3100 4298 3225 4354 est,
3269 4290 3314 4344 si

1721 4380 1881 4435 stulta
1911 4380 2260 4434 contentione
2290 4378 2470 4434 dicitis
2496 4420 2511 4443 ,
2559 4396 2682 4434 eum
2727 4381 2835 4435 isse
2879 4382 2945 4435 ad
2976 4392 3000 4425 κ
3031 4383 3314 4453 prandium

1719 4472 2111 4543 jejunalttrum,
2141 4482 2192 4529 et
2223 4474 2578 4541 impostorum
2608 4487 2759 4528 more
2786 4472 2991 4530 dixisse
3030 4493 3042 4528 :
3078 4475 3192 4533 Hoc
3220 4492 3318 4532 ρο-

192 4579 374 4634 irima
409 4577 550 4648 ejus
574 4588 631 4631 et
654 4571 894 4630 secunda
924 4568 1195 4626 sententia
1237 4582 1611 4637 repercussus,
1643 4560 1694 4621 Ι)
1724 4568 1906 4636 modo,
1943 4567 2074 4623 illud
2107 4583 2212 4624 non
2246 4565 2478 4623 comedo
2506 4582 2521 4620 :
2556 4568 2685 4622 nolo
2713 4568 2897 4623 vinum
2928 4568 3108 4627 bibere
3130 4613 3143 4640 ,
3176 4572 3319 4643 quod

194 4758 478 4813 'onensis
536 4770 715 4810 coram
748 4752 974 4807 Domino
1024 4749 1248 4804 mundus
1294 4755 1390 4815 est,
1423 4755 1513 4801 aut
1556 4750 1619 4803 ab

202 4876 216 4895 ,
258 4841 388 4885 etc.

226 4904 286 4952 in
327 4898 548 4953 lumbis
583 4906 654 4952 est
682 4911 780 4966 pro
810 4899 947 4966 ejus.

194 4988 381 5038 ningn
414 4974 522 5024 hic
558 4962 749 5023 Vocem
775 4962 1129 5038 (Ethiopunt:
1171 4964 1354 5035 quam'
1380 4962 1620 5038 subdunt

196 5060 233 5098 e
268 5036 429 5097 editi
461 5058 479 5105 ;
541 5040 600 5094 iu
634 5054 765 5095 mss.
796 5054 924 5093 vero
971 5036 1130 5090 nullis
1161 5077 1174 5099 ,
1228 5051 1401 5105 neque
1449 5036 1616 5089 veteri

222 5111 583 5171 invenitur.
620 5126 849 5179 eamque
875 5122 972 5162 nec
996 5107 1257 5179 Helirteus
1286 5117 1483 5169 textus,
1518 5122 1617 5162 nec

196 5190 277 5238 lla
323 5183 601 5247 recipit;
638 5177 803 5236 inim—0
860 5196 926 5235 ue
980 5179 1064 5231 illa
1102 5177 1320 5246 quidem
1353 5179 1572 5237 antiqua
1597 5220 1610 5243 ,

206 5274 269 5309 Ill
311 5254 530 5309 nlielis
558 5296 576 5319 ,
621 5262 677 5307 et
705 5249 980 5307 asteriscis
1009 5249 1375 5321 Hieronymus
1400 5248 1571 5303 edidit
1595 5291 1608 5313 ,

217 5342 447 5393 Operm
490 5326 738 5393 pretium
786 5325 889 5377 erit
920 5320 1189 5393 conferre
1212 5320 1332 5375 Cum
1366 5320 1515 5393 hisee
1545 5336 1610 5373 et

196 5392 592 5453 estimoniis.
627 5394 747 5449 Mox
780 5394 999 5463 gravius
1030 5406 1126 5460 pro
1156 5392 1308 5444 datus
1334 5393 1429 5457 sit,
1461 5392 1611 5459 legit,

199 5480 283 5523 st.

198 5563 207 5591 γ
252 5539 526 5593 navibus
562 5537 901 5604 piscatorum.
934 5536 1014 5590 Ex
1046 5534 1150 5590 hoc
1177 5534 1317 5595 loco,
1346 5548 1504 5601 quem
1537 5546 1619 5586 re-

200 5622 640 5681 msequenter
692 5608 1053 5681 Hieronymus
1080 5648 1121 5681 ,_
1146 5606 1291 5681 scire
1333 5617 1619 5681 possumus

197 5675 405 5737 ierini
436 5681 836 5748 praetermissa
860 5675 914 5733 iri
937 5679 1075 5734 libro
1096 5675 1367 5745 Jobjuxta
1392 5677 1619 5744 Septua-

197 5752 632 5809 eonsulamus
651 5762 851 5807 tomum
872 5754 1103 5821 primum
1124 5748 1377 5805 editionis
1394 5753 1616 5811 nostrai,

1722 4750 1775 4823 id
1808 4747 2599 4823 est,divinambihliothecam
2622 4748 2681 4803 S.
2715 4747 3027 4823 Hieronymi
3058 4794 3071 4817 ,
3103 4753 3191 4808 ubi
3219 4768 3323 4809 suo

1722 4821 1845 4876 loco
1876 4819 2057 4875 editus
2084 4830 2167 4873 est
2197 4820 2337 4873 liber
2360 4818 2465 4872 Job
2511 4834 2634 4873 cum
2668 4818 2945 4876 asteriscis
2972 4834 3025 4877 et
3055 4824 3249 4878 ohelis.

2888 4893 3157 4948 Maurum.

1798 4974 1819 4995 θ
1852 4963 2039 5034 Graece
2068 4969 2155 5034 est
2180 4959 2542 5034 ἔξάιλειτιντρονΞ
2588 4960 2731 5034 quod
2774 4971 2858 5017 est
2903 4963 3318 5033 uuguetttarium

1720 5050 1837 5097 vas,
1867 5031 2096 5088 testibus
2128 5030 2350 5085 Polluce
2381 5029 2484 5104 ,_'et
2511 5029 2676 5085 Suida
2712 5053 2724 5088 :
2770 5029 3233 5104 quemadmodum
3266 5045 3322 5091 et

1720 5106 1813 5180 alii
1844 5104 2176 5180 interpretes
2202 5114 2363 5180 atque
2396 5102 2512 5180 ipse
2538 5104 2711 5180 innuit
2735 5102 3100 5180 Hieronymus
3126 5112 3175 5161 in
3199 5123 3323 5180 ver-

1723 5177 1881 5232 SiOﬂC
1928 5190 1996 5227 PX
2028 5173 2277 5227 “CIWICO.
2332 5171 2439 5227 58d
2491 5183 2644 5227 νειιις
2676 5175 2895 5229 Latinus
2942 5171 3215 5243 interpres
3246 5178 3327 5234 fa-

1720 5248 1813 5371 gilii
1841 5250 2119 5300 oculorum
2155 5245 2307 5315 lapsu
2343 5245 2469 5316 legit
2496 5286 2511 5311 ,
2560 5247 2852 5311 ὶξὰλειπτον
2876 5290 2889 5312 ,
2934 5252 3003 5306 ah
3030 5249 3269 5323 ἐξάλιιφω
3301 5291 3317 5316 ,

1759 5336 1783 5371 e
1808 5329 1961 5371 etum.

1759 5329 1961 5371 etetum.

1800 5389 1817 5426 ί
1850 5388 2237 5443 tiasanatensis
2265 5397 2313 5440 et
2344 5387 2505 5456 ipsius
2533 5386 2775 5443 hominis.
2829 5388 2949 5441 Mox
2998 5388 3321 5443 recoleudus

1722 5460 2087 5530 Hieronymus
2119 5467 2307 5513 noster
2353 5458 2405 5512 iu
2430 5528 2437 5530 ξ
2461 5472 2511 5511 c.
2565 5474 2580 5511 ι
2610 5458 2760 5511 Isaiae
2787 5475 2800 5521 ;
2837 5458 3147 5512 LacL‘tutius
3179 5457 3318 5513 libro

1722 5546 1780 5597 it,
1814 5546 1861 5585 c.
1896 5528 1955 5585 Η
1984 5576 1989 5581 .
2015 5528 2083 5585 Ut
2110 5531 2165 5584 in
2191 5528 2471 5584 excolenda
2499 5540 2635 5582 terra
2653 5532 2916 5597 juvarent,
2943 5530 3179 5597 jumenta
3204 5538 3320 5583 sunt

1721 5604 1879 5657 dicta.
1920 5602 2049 5655 Vide
2079 5600 2430 5657 Columellam
2466 5600 2623 5654 initio
2646 5599 2765 5654 libri
2799 5615 2867 5653 γι.

1797 5684 1821 5721 Β
1854 5672 2107 5730 Fecimus
2152 5673 2430 5745 prandium
2480 5688 2577 5745 pro
2616 5686 2685 5725 eo
2712 5670 2874 5745 quod
2885 5678 3007 5745 erat
3034 5677 3194 5725 antea
3221 5685 3317 5726 nu-

1726 5746 1882 5815 ptias,
1916 5741 2239 5815 urgentibus
2267 5757 2401 5799 mss.
2430 5741 2499 5797 ad
2531 5757 2696 5797 unum
2727 5741 3005 5799 omnibus.
