4062 6346
587 281 690 338 291

1809 267 1867 325 S.
1909 267 2182 326 EUSEBII
2223 259 2607 326 lllERONYMl

3784 255 3894 327 292‘

591 413 659 454 ex
699 395 852 464 aquis
899 393 1108 447 creavi.
1151 393 1210 447 In
1244 397 1372 463 typo
1403 386 1682 458 sanguinis
1712 385 1796 442 sui
1840 401 1950 442 non
1997 387 2193 442 obtulit
2215 390 2270 452 Α
2295 397 2350 444 et
2377 389 2515 444 vivit
2538 429 2553 454 ,
2587 387 2653 441 ad
2684 383 3012 442 vescendum
3052 381 3258 441 factum
3288 392 3372 442 est
3398 427 3413 452 ,
3451 391 3506 442 et
3533 397 3888 458 praeparatum

591 502 804 558 aquam,
834 483 930 539 sed
955 483 1164 540 vinum.
1216 485 1344 540 Post
1397 479 1850 536 resurrectionem
1883 481 2086 549 piscem
2133 487 2188 534 et

600 580 778 633 favum
810 576 1049 632 comedit
1075 618 1090 643 ,
1126 593 1234 631 non
1261 585 1288 613 τι
1317 589 1524 630 sesama
1552 615 1565 640 ,
1621 588 1787 627 nuces
1811 582 1864 627 et
1894 572 2191 627 sorbitiun—

591 671 763 727 cuias.
798 669 990 724 Petrus
1021 668 1315 739 Apostolus
1345 683 1452 721 non
1485 672 1768 736 exspectat
1797 664 2012 719 stellam
2041 679 2192 721 more

585 765 827 836 judaieo,
857 763 952 819 sed
979 764 1110 817 hora
1135 770 1288 817 sexta
1318 762 1370 815 in
1403 760 1661 815 solarium
1686 773 1986 830 pransurus
2003 773 2192 814 ascen-

601 859 701 913 dit.
735 858 934 912 l’aulus
962 855 1013 910 in
1046 855 1174 909 navi
1208 869 1400 923 panem
1429 852 1648 922 frangit,
1681 868 1787 906 non
1819 852 2045 907 caricas.
2100 850 2195 906 Ti-

592 951 814 1005 motheo
861 949 1068 1004 dolenti
1100 947 1441 1003 stomachum
1469 985 1485 1014 ,
1522 946 1705 1001 vinum
1747 945 1937 1002 suadet
1968 945 2153 999 bibere
2179 985 2194 1010 ,

592 1055 698 1099 non
735 1041 1020 1111 piraciutn.
1077 1040 1153 1095 De
1183 1039 1428 1095 ciborum
1459 1040 1559 1095 sibi
1591 1041 1811 1109 placent
1840 1037 2194 1102 abstinentia,

595 1134 749 1206 quasi
797 1149 904 1189 non
948 1142 1004 1188 et
1033 1132 1348 1204 superstitio
1377 1131 1673 1188 Gentilium
1706 1130 1732 1170 δ
1762 1131 1982 1187 Castum
2012 1129 2200 1184 Matris

597 1227 766 1282 Deum
790 1226 1045 1280 observet
1076 1237 1124 1280 et
1156 1223 1336 1278 isidis.
1375 1239 1394 1276 ι

667 1319 721 1374 ϐ.
755 1317 1132 1389 Hieronymus.
1169 1317 1385 1388 Physiei
1411 1319 1497 1387 qui
1523 1332 1676 1388 prosa
1702 1329 1751 1372 et
1780 1318 2008 1373 versibus
2036 1318 2201 1388 scrip-

596 1423 798 1468 serunt.
852 1411 1047 1466 Nostra
1090 1411 1275 1482 religio
1306 1411 1473 1466 erudit
1514 1413 1776 1482 sapientia:
1839 1413 2193 1467 sectationcnt.

599 1506 820 1576 Epicuri
869 1507 1122 1560 sententia
1175 1506 1443 1558 damnata.
1471 1533 1544 1546 --
1569 1503 1778 1574 Sequar
1807 1519 1940 1576 ergo
1974 1505 2202 1573 vestigia

601 1595 995 1669 prepositionis
1023 1597 1183 1668 331
1211 1596 1471 1666 expositas
1512 1615 1524 1648 :
1559 1608 1612 1652 et
1643 1605 1933 1667 antequam
1964 1596 2029 1651 ad
2059 1595 2205 1651 Scri-

597 1701 786 1762 ptnras
816 1691 1054 1754 veniam,
1082 1692 1420 1759 doceamque
1448 1705 1520 1744 ex
1547 1690 1626 1744 eis
1659 1690 1770 1744 Deo
1798 1700 1952 1760 grata
1975 1689 2200 1759 jejunis,

600 1790 656 1837 et
696 1781 1088 1851 acceptabilem
1134 1781 1525 1836 continentiam
1554 1822 1570 1846 ,
1600 1782 1936 1852 argumentis
1964 1780 2204 1852 philoso-

2295 481 2455 552 gulas,
2491 478 2855 549 respondeant
2887 477 3041 545 mihi,
3071 493 3170 534 cur
3199 478 3478 548 elephanti
3504 520 3518 547 ,
3551 494 3650 535 cur
3676 479 3890 550 leones,

2298 573 2443 638 ursi,
2479 572 2724 642 leopardi
2750 611 2766 638 ,
2801 571 2911 642 lupi
2945 589 2958 626 :
2989 587 3085 628 cur
3113 573 3314 642 vipera:
3339 613 3353 640 ,
3388 573 3614 644 scorpii,
3647 573 3884 644 cimices,

2296 665 2502 722 culices
2525 703 2540 731 ,
2585 664 2902 736 pulicesque
2933 682 2946 718 :
2995 679 3091 721 cur
3118 666 3300 721 vultur
3322 708 3336 733 ,
3391 666 3571 738 aquila
3601 710 3614 734 ,
3657 681 3850 723 corvus
3875 710 3889 731 ,

2297 757 2558 828 accipiter
2587 773 2600 810 :
2634 771 2732 812 cur
2752 757 2858 811 ceti
2884 791 2899 820 ,
2942 755 3229 826 delphines
3253 796 3267 824 ,
3301 757 3490 826 phocae
3512 799 3526 825 ,
3569 758 3894 829 minutteque

2298 851 2594 908 cochleoiae
2624 850 2858 906 condita:
2877 849 3031 905 sint?
3059 851 3193 918 Quis
3239 861 3483 907 nostrum
3513 852 3748 921 leonem,
3779 852 3898 924 quis

2301 944 2703 1014 viperam,quis
2721 943 3012 1008 vulturem,
3037 945 3158 1013 quis
3185 944 3474 1012 ciconiam,
3501 945 3624 1016 quis
3653 947 3893 1014 milvum,

2300 1037 2420 1108 quis
2452 1044 2733 1105 reptantes
2762 1035 2816 1089 in
2849 1033 3123 1091 littoribus
3154 1035 3482 1092 vermiculos
3519 1050 3773 1107 umquam
3803 1053 3901 1093 co-

2302 1127 2473 1184 medit
2500 1126 2629 1198 [Αι.
2661 1127 3040 1200 comederit]!
3099 1129 3252 1184 Sicut
3299 1130 3462 1199 igitur
3508 1131 3625 1184 inec
3655 1131 3899 1201 proprios

2304 1236 2434 1275 usus
2463 1219 2684 1287 habent,
2714 1220 2786 1275 ita
2819 1231 3110 1290 possumus
3135 1221 3317 1276 dicere
3346 1230 3402 1276 et
3422 1230 3651 1278 emeras
3677 1222 3898 1290 bestias,

2306 1313 2503 1382 pisces,
2533 1310 2560 1349 τι
2591 1327 2725 1366 aves
2759 1327 2866 1366 non
2895 1313 2960 1367 ad
2991 1329 3166 1381 esum,
3187 1313 3283 1368 sed
3312 1310 3378 1368 ad
3409 1313 3732 1370 medicinam
3756 1330 3904 1370 crea-

2307 1414 2409 1458 tas.
2453 1404 2693 1474 Denique
2723 1417 2920 1459 carnes
2953 1405 3154 1475 vipera:
3180 1446 3195 1472 ,
3227 1406 3370 1461 unde
3414 1407 3656 1462 theriaca
3684 1408 3904 1463 conﬁci-

2308 1504 2412 1564 tur,
2444 1497 2665 1566 quantis
2691 1497 2856 1552 rebus
2881 1508 3021 1568 aptae
3061 1499 3210 1566 sint,
3261 1507 3464 1554 norunt
3509 1499 3728 1556 medici.
3774 1501 3906 1572 Sega

2307 1603 2491 1650 menta
2521 1597 2706 1651 eboris
2737 1600 2788 1650 in
2821 1596 3061 1652 medelas
3094 1606 3117 1634 ε
3166 1597 3342 1651 varias
3395 1603 3767 1651 assumuntur.
3813 1593 3903 1650 Fel

2309 1686 2515 1759 hymno:
2543 1689 2824 1744 oculorum
2859 1690 3092 1744 restituit
3118 1690 3443 1757 claritatem,
3473 1698 3529 1744 et
3550 1699 3762 1744 stercus
3788 1687 3904 1758 ejus

2309 1789 2364 1834 et
2389 1794 2586 1834 canum
2620 1781 2830 1850 putrida
2863 1790 3018 1836 curat
3052 1783 3301 1836 vulnera.
3349 1781 3416 1836 Et
3461 1781 3650 1851 (quod
3682 1780 3906 1835 forsitan

598 1874 830 1946 phorum
879 1884 1195 1945 argumenta
1243 1889 1608 1944 componam;
1668 1887 1724 1931 et
1766 1877 2010 1946 probabo
2035 1917 2049 1943 ,
2095 1891 2202 1930 non
2240 1877 2280 1935 Β
2309 1872 2510 1943 legenti
2546 1874 2743 1928 mirum
2775 1873 2865 1945 sit)
2895 1873 3130 1928 hominis
3159 1873 3318 1928 limus
3345 1873 3563 1943 quantis
3613 1871 3908 1927 curationi-

601 1966 946 2037 Empedoclis
989 1978 1044 2022 et
1098 1967 1417 2037 Pythagora:
1461 1979 1560 2024 nos
1602 1968 1798 2040 dogma
1828 1970 2068 2036 sectari,
2115 1968 2206 2040 qui

601 2069 824 2133 propter
871 2061 1306 2134 μετιμψύχωσιν,
1360 2077 1523 2117 omne
1571 2063 1716 2133 quod
1763 2073 2012 2119 movetur
2039 2071 2096 2118 et
2125 2063 2208 2117 vi-

602 2155 718 2221 vit,
774 2153 1040 2209 edendum
1094 2171 1200 2210 non
1269 2167 1500 2226 putant;
1563 2167 1617 2211 et
1666 2157 1911 2228 ejusdem
1957 2156 2206 2212 criminis

607 2263 731 2304 reos
777 2249 1156 2314 arbitrantur,
1208 2250 1299 2318 qui
1350 2251 1585 2306 abietem
1644 2266 2016 2322 quercumque
2082 2265 2206 2307 suc-

603 2341 879 2406 ciderint,
925 2342 1082 2410 cujus
1156 2341 1443 2410 parricida;
1489 2353 1616 2398 sunt
1661 2353 1716 2400 et
1761 2344 1992 2400 venellci
2047 2361 2059 2398 :
2109 2344 2204 2400 sed

603 2435 850 2490 venerari
883 2435 1228 2489 conditorem
1262 2443 1528 2503 nostrum,
1554 2437 1645 2508 qui
1679 2438 1732 2492 in
1764 2451 1894 2493 usus
1925 2437 2204 2494 hominum

608 2537 798 2585 cuncta
834 2529 1040 2585 creavit
1071 2529 1179 2601 [AL
1206 2529 1530 2602 generavit].
1583 2531 1648 2585 Et
1690 2532 1965 2602 quomodo
2004 2533 2103 2587 bos
2141 2529 2208 2586 ad

603 2623 901 2688 arandum,
930 2637 1103 2693 equus
1134 2622 1200 2676 ad
1226 2623 1549 2688 sedendum,
1574 2637 1740 2679 canes
1764 2624 1830 2678 ad
1853 2625 2206 2689 servandum,

607 2730 788 2786 caprae
817 2714 885 2770 ad
910 2715 1014 2780 lac,
1044 2729 1175 2770 oves
1199 2713 1267 2768 ad
1297 2715 1481 2769 lanitia
1511 2715 1745 2769 conditae
1773 2724 1901 2770 sunt
1934 2733 1947 2769 :
1983 2718 2056 2770 ita
2084 2728 2210 2770 sues

612 2819 667 2862 et
694 2822 885 2861 cervos
909 2847 921 2869 ,
955 2815 1010 2860 et
1035 2818 1261 2874 capreas
1291 2814 1348 2860 et
1391 2808 1603 2878 lepores
1631 2848 1646 2873 ,
1698 2817 1719 2845 ε
1749 2816 1804 2862 et
1833 2815 2031 2863 cretera
2063 2825 2075 2860 :
2120 2808 2215 2864 sed

613 2899 708 2955 illa
735 2914 845 2954 non
873 2899 1056 2953 statim
1085 2899 1152 2953 ad
1177 2900 1569 2955 comedendum
1616 2909 1798 2956 creata
1837 2915 1960 2957 esse
1981 2944 1996 2970 ,
2027 2901 2121 2958 sed
2165 2903 2217 2957 in

614 2991 754 3048 alios
785 3005 917 3048 usus
950 2991 1252 3046 hominum.
1303 2991 1360 3048 Si
1404 2993 1548 3048 enim
1597 3007 1757 3051 omne
1797 2994 1942 3066 quod
1972 3001 2221 3050 movetur

2310 1964 2413 2020 bus
2443 1965 2711 2035 proiiciat,
2744 1965 2986 2022 Galenus
3015 1967 3062 2019 ἐν
3105 1965 3284 2027 ἁπλοῖς
3313 1965 3494 2021 docet.
3541 1965 3707 2019 Aiunt
3747 1962 3904 2036 332

2312 2058 2539 2129 physici,
2570 2058 2713 2128 quod
2747 2059 2905 2127 pellis
2937 2058 3162 2125 colubri,
3195 2072 3298 2128 qua
3331 2059 3572 2124 exuitur,
3601 2057 3824 2113 decocta
3848 2059 3902 2110 in

2308 2149 2452 2216 oleo,
2487 2151 2622 2204 mire
2649 2150 2892 2206 dolorem
2933 2151 3146 2205 aurium
3176 2151 3402 2221 mitiget.
3451 2150 3592 2218 Quid
3625 2152 3696 2206 ita
3725 2149 3908 2206 inutile

2309 2242 2521 2297 videtur
2551 2244 2919 2297 nescientibus
2953 2251 3010 2296 ut
3033 2241 3300 2299 cimices?
3323 2244 3379 2299 Si
3401 2243 3725 2314 sanguisuga
3751 2240 3912 2296 fauci-

2310 2335 2412 2391 bus
2444 2336 2664 2390 harserit
2689 2375 2704 2401 ,
2735 2336 2881 2390 fumo
2911 2337 3029 2406 ejus
3057 2348 3288 2407 excepto
3313 2377 3328 2403 ,
3360 2337 3543 2391 statim
3597 2339 3863 2394 evomitur
3892 2349 3908 2391 ι

2311 2440 2361 2485 et
2388 2429 2683 2485 diiiicultas
2730 2431 2902 2486 urinae
2934 2431 3093 2500 hujus
3124 2431 3464 2501 oppositione
3493 2431 3731 2486 laxatur.
3783 2431 3912 2486 Por-

2311 2539 2497 2579 corum
2529 2530 2732 2586 autem,
2761 2533 2814 2578 et
2840 2538 3118 2590 anserum,
3147 2531 3204 2578 et
3232 2523 3580 2593 gallinarum,
3617 2525 3909 2594 phasiano-

2312 2631 2542 2687 rumque
2569 2616 2758 2686 adipes
2785 2615 2912 2685 quid
2943 2616 3213 2670 commodi
3247 2615 3485 2670 habeant
3514 2656 3528 2680 ,
3579 2630 3774 2671 omnes
3802 2629 3914 2670 me-

2313 2711 2555 2766 dicorum
2585 2709 2868 2766 declarant
2895 2710 3018 2765 libri
3056 2727 3068 2762 :
3101 2723 3239 2779 quos
3263 2708 3372 2780 [ΑΙ.
3401 2707 3573 2780 quod]
3603 2710 3647 2764 si
3679 2707 3909 2780 legeris,

2317 2804 2546 2872 Videbis,
2581 2812 2661 2859 tot
2687 2805 2996 2858 curationes
3013 2816 3134 2858 esse
3163 2804 3215 2856 in
3249 2801 3488 2868 vulture,
3516 2811 3657 2872 quot
3677 2799 3913 2856 membra

2317 2907 2465 2954 sunt.
2512 2897 2641 2952 Pavi
2678 2897 2839 2952 limus
2867 2898 3122 2968 podagrae
3156 2898 3423 2952 fervorem
3461 2895 3696 2965 mitigat.
3744 2894 3916 2950 Grues

2320 2992 2425 3064 [AL
2467 2990 2660 3064 gruis],
2689 2991 2914 3046 ciconim
2943 3029 2958 3057 ,
2992 2991 3061 3046 rei
3089 2990 3287 3061 aquila:
3307 3029 3324 3057 ,
3351 2988 3572 3059 sanguis
3600 2987 3870 3059 accipitris
3895 3021 3913 3054 ,

689 3184 712 3211 ει
743 3174 867 3229 Non
899 3191 1120 3239 sesama,
1151 3190 1326 3239 nuces,
1357 3182 1462 3246 etc.
1494 3172 1726 3231 Codices
1757 3189 1889 3229 mss.
1923 3176 2110 3241 legunt
2138 3175 2203 3228 si-
2238 3175 2282 3240 C
2315 3174 2399 3227 nio
2426 3173 2596 3246 panis,
2628 3174 2710 3228 cui
2736 3177 2812 3229 rei
2843 3189 3026 3230 nomen
3053 3174 3269 3228 dedistis
3297 3172 3603 3229 CASTUS.
3652 3171 3805 3226 Paria
3835 3171 3915 3226 his

616 3247 769 3312 sima,
801 3247 887 3300 vel
919 3247 1127 3300 sisama.
1160 3248 1380 3300 Sesama
1403 3245 1530 3301 feni.
1558 3262 1654 3316 pro
1679 3262 1880 3317 genere
1900 3247 2068 3301 indici
2093 3247 2207 3301 fru-

615 3327 783 3373 menti
826 3317 1089 3384 accipitur
1127 3318 1265 3386 apud
1312 3317 1542 3370 Plinium
1587 3317 1676 3370 lib.
1729 3333 1876 3385 ιινιιι,
1929 3334 2050 3384 cap.
2095 3318 2208 3373 iO:

617 3387 825 3443 Αΰειῑὶυα
843 3389 1100 3458 frumenta
1125 3389 1370 3451 diximus,
1395 3405 1666 3451 sesumam,
1687 3387 1903 3454 milium,
1924 3390 2208 3461 pan-icium.

615 3461 901 3515 Sesamum
933 3475 1058 3513 vere
1085 3475 1284 3523 genere
1313 3469 1505 3514 neutro
1531 3499 1544 3519 ,
1590 3469 1642 3512 et
1675 3474 1884 3514 sesama
1917 3460 1967 3514 in
2011 3460 2208 3527 plurali

619 3534 820 3600 saepius
838 3530 979 3596 apud
1005 3531 1356 3586 Columelan
1379 3531 1520 3585 inter
1545 3531 1808 3598 legumina
1835 3542 2209 3597 recensentur,

622 3614 674 3656 ιιι
713 3604 806 3655 lib.
849 3618 906 3664 ιι,
957 3617 1077 3670 cap.
1118 3602 1148 3654 7
1190 3612 1245 3655 et
1274 3617 1395 3669 cap.
1430 3601 1518 3656 10.
1562 3601 1630 3654 Et
1669 3618 1728 3656 re
1761 3618 1885 3656 vera
1922 3619 2125 3656 sesama
2160 3603 2212 3656 in

631 3673 891 3728 Va-Conia
926 3682 1107 3725 nostra
1139 3684 1259 3725 sunt
1292 3673 1402 3739 ipsa
1431 3671 1700 3740 legumina
1724 3714 1737 3734 ,
1767 3689 1885 3742 qum
1915 3675 2026 3741 piso
2053 3673 2211 3738 alibi,

623 3745 675 3799 in
706 3747 878 3813 patria
910 3755 1088 3797 autem
1138 3757 1254 3797 mea
1299 3759 1433 3796 seses
1465 3745 1742 3807 dicuntur,
1779 3748 1930 3812 quasi
1960 3745 2109 3797 dicas
2136 3760 2215 3796 se-

621 3831 814 3878 sames;
841 3830 962 3868 nam
988 3815 1163 3882 lingua
1189 3823 1376 3867 nostra
1398 3814 1695 3867 Vasconica
1719 3814 1919 3883 gaudet
1941 3815 2217 3885 monosyl-

624 3885 763 3955 labis
783 3897 835 3939 et
855 3886 1079 3940 vocibus
1099 3885 1391 3938 contractis
1415 3885 1644 3949 Latinis,
1664 3888 1804 3939 sicut
1821 3903 2008 3955 panem
2028 3887 2219 3955 appel-

625 3951 800 4011 lamus
837 3973 958 4024 pan,
994 3965 1040 4008 et
1067 3973 1223 4008 unum
1251 3971 1425 4010 canem
1457 3956 1688 4011 dicimus
1721 3973 1786 4009 un
1805 3951 1922 4012 can.
1956 3951 2217 4012 Similiter

626 4031 876 4082 arborem
903 4026 1203 4080 sutnbucum
1226 4069 1240 4092 ,
1274 4037 1554 4082 centracte
1589 4043 1848 4082 vocamus
1877 4043 2019 4082 sane.

692 4099 809 4154 lam
847 4099 989 4166 quod
1028 4109 1238 4164 spectat
1279 4113 1474 4153 nomen
1516 4113 1747 4166 sequens
1777 4099 2214 4167 sorbitiunculas,

630 4170 797 4224 nolim
835 4168 1062 4224 deﬁnire
1097 4186 1167 4241 an
1204 4172 1400 4223 iuerint
1446 4172 1630 4241 legana
1673 4173 1752 4223 vel
1793 4169 2045 4240 placentae
2072 4174 2220 4226 Scri-

628 4252 801 4368 R‘turac
824 4256 996 4366 [sacrae
1024 4256 1061 4294 ιι
1095 4240 1224 4311 Reg.
1258 4241 1345 4305 i5,
1378 4258 1444 4295 an
1476 4240 1682 4296 minora
1711 4243 1898 4309 sorba,
1929 4242 1997 4298 de
2022 4243 2218 4314 quibus

683 4324 815 4367 artta
845 4326 890 4366 ts
943 4331 951 4364 I
1002 4353 1013 4364 .
1046 4327 1135 4365 xm
1171 4331 1184 4364 :

683 4313 890 4367 artialis
920 4313 1013 4366 lib.
1046 4327 1135 4365 ιιιιι
1171 4331 1184 4364 :

781 4411 935 4462 Sorba
957 4425 1142 4473 sumus,
1169 4408 1342 4461 molles
1363 4413 1565 4462 nimium
1588 4413 1813 4462 durantia
1841 4418 2061 4464 ventres.

627 4515 1134 4588 Maurum—flictus
1148 4516 1310 4572 editio
1325 4519 1541 4584 caricas,
1559 4534 1687 4573 mss.
1706 4519 2011 4588 promiscue
2028 4521 2217 4573 sisama

624 4601 683 4660 et,
700 4603 916 4641 sesama.
939 4587 1123 4660 inlinis
1141 4590 1282 4643 addit
1313 4587 1994 4659 Casanntensisexspectat,
2027 4606 2216 4660 quem-

622 4659 910 4715 admodum
936 4658 1068 4712 inl'ra
1102 4661 1347 4714 habetur.

696 4729 724 4768 δ
755 4729 916 4802 Falso
946 4741 999 4783 et
1026 4741 1222 4802 contra
1247 4747 1376 4785 mss.
1410 4747 1624 4802 quoque
1647 4731 1803 4787 iidem
1829 4731 2090 4786 hactenus
2118 4734 2214 4788 ob-

629 4803 787 4856 tinuit
827 4799 1038 4855 Cossum
1065 4818 1163 4870 pro
1189 4799 1396 4856 Castam
1421 4799 1445 4868 ξ
1470 4799 1628 4873 quam
1661 4804 1944 4857 lec1ionetn
1991 4803 2210 4858 Martia-

624 4888 772 4928 naeus
801 4873 926 4927 dum
955 4873 1226 4942 explicare
1253 4886 1477 4927 conatus
1505 4883 1616 4938 est,
1649 4890 1787 4927 novo
1812 4890 1999 4929 errore
2025 4891 2211 4929 cumu-

622 4945 772 5000 lavit.
801 4943 999 4998 Cossms
1032 4945 1359 4999 vermiculos
1387 4945 1672 5000 roboribus
1695 4946 2041 5001 innascentes
2064 4946 2209 5000 indi-

621 5017 728 5086 cari
763 5016 837 5066 ait
860 5056 875 5078 ,
922 5031 1060 5084 quos
1111 5016 1225 5079 ipse
1258 5015 1391 5068 infra
1429 5015 1786 5086 Hieronymus
1821 5016 2077 5086 describit
2107 5057 2121 5083 ,
2152 5025 2209 5072 et

620 5085 933 5157 ξυλοφὰγους
961 5085 1214 5158 appellat,
1253 5101 1455 5154 eosque
1499 5086 1552 5158 in
1598 5085 1810 5158 Ponto,
1841 5104 1903 5141 ac
1949 5085 2201 5158 Phrygia,

622 5155 914 5228 comedete
961 5155 1230 5228 luxuriant
1271 5170 1391 5210 esse
1446 5157 1605 5212 tradit
1639 5177 1650 5212 :
1683 5169 1732 5214 et
1760 5157 1965 5213 Plinius
1993 5155 2206 5228 quoque

621 5227 714 5282 lib.
751 5240 877 5284 ml.
908 5225 1128 5296 cap.2i
1164 5225 1461 5292 :Luxnria,
1491 5231 1681 5296 inquit.
1735 5229 1919 5285 Cossos
1963 5225 2205 5285 roborant

621 5298 945 5351 delicatiores
973 5294 1214 5350 adhibere
1241 5297 1291 5350 in
1320 5297 1446 5351 cibo.
1482 5294 1586 5355 Sed
1623 5301 1844 5354 minime
1871 5308 1966 5354 ista
1991 5302 2056 5354 ad
2090 5316 2202 5356 rem

621 5379 768 5442 sunt.
796 5383 973 5442 neque
1003 5368 1198 5442 aliquid
1232 5384 1356 5424 cum
1383 5370 1614 5442 Cybeles
1643 5371 1902 5438 ixidiSqne
1935 5375 2206 5442 mysteriis

623 5439 774 5495 (Ἰσιὼὶ
804 5437 1083 5494 vermiculi
1119 5440 1350 5509 habent,
1401 5437 1574 5509 eoque
1620 5445 1735 5509 ipso
1785 5437 1944 5496 scnsn
1989 5437 2204 5496 Cossum

623 5459 774 5495 cmest
804 5459 1083 5494 vcrmtcun
1119 5459 1350 5505 naocnt,
1401 5459 1464 5495 eo
1510 5459 1574 5496 ne
1620 5459 1735 5509 Ipso
1785 5459 1944 5496 sensu
1989 5459 2204 5496 bonum

622 5513 906 5573 observare.
941 5510 1074 5564 nihil
1099 5521 1200 5564 est.
1234 5507 1430 5566 Contra
1463 5459 1671 5567 gustum
1703 5511 1858 5565 lsidis
1897 5521 1951 5564 et
1979 5509 2208 5580 Cybeles

624 5593 835 5636 veteres
861 5580 1105 5636 nonnulli
1135 5592 1452 5638 memorant.
1486 5583 1850 5638 Tertollianus
1895 5580 1963 5648 de
1985 5577 2210 5648 Jejuniis

634 5653 902 5723 adversus
921 5653 1230 5723 Psychicos,
1263 5669 1382 5723 cap
1407 5655 1533 5723 i6”:
1559 5654 1626 5723 l_n
1650 5653 1834 5723 nostris
1866 5647 2208 5723 ζεζορῆαςὶίε

628 5719 964 5792 blasphemia:
993 5717 1259 5792 ingerens,
1289 5719 1520 5779 CASTO
1570 5717 1730 5792 Isidis
1773 5731 1822 5774 ct
1868 5717 2210 5792 Cybelesrveos

630 5788 886 5857 adaquas.
925 5788 1192 5847 Arnobius
1219 5795 1308 5850 lib.
1342 5811 1370 5846 ν
1405 5812 1416 5847 :
1447 5789 1588 5861 Quid
1621 5788 1926 5861 temperatis
1941 5789 2004 5843 ab
2031 5790 2212 5848 alimo-

2243 4559 2296 4620 ι)

2318 3247 2482 3299 habet
2508 3249 2748 3300 incertus
2779 3249 2978 3301 Auctor
3007 3247 3146 3314 apud
3169 3245 3389 3319 Sttidam
3420 3247 3470 3300 in
3502 3261 3640 3302 voce
3665 3258 3911 3319 Moment-

2317 3321 2420 3396 mi,
2449 3331 2583 3396 quas
2612 3320 2851 3396 κᾳστείᾳς
2882 3320 3185 3396 vocatz'i‘o'tg
3212 3317 3602 3396 Sibin'rprpatno'w
3621 3315 3915 3396 nequiit»-

2315 3386 2487 3467 μαίρις
2528 3388 2669 3467 ἦιῃαί
2706 3391 2953 3466 πρότερον
2972 3389 3121 3467 *παρά
3146 3392 3333 3467 Φργῆξὶ,
3370 3386 3784 3467 οξιέοψᾷρισθςίόᾳς
3821 3409 3912 3467 κατ

2315 3455 2491 3535 ἐτείας
2534 3455 2757 3535 έκᾴστοό
2783 3455 2940 3535 (Anio;
2958 3455 3157 3535 ἧγνὲυς.
3183 3455 3450 3535 'Matrales
3479 3459 3690 3535 (Matris
3723 3455 3909 3535 Dento)

2317 3528 2683 3602 (Iustinianias,
2710 3528 2825 3601 qua:
2855 3551 2884 3584 α
2915 3528 3186 3598 Romanis,
3217 3543 3263 3587 et
3289 3544 3405 3587 ante
3429 3532 3523 3586 Iros
3553 3548 3588 3586 α
3621 3529 3908 3602 Phrygibus

2318 3601 2738 3665 observabuntur,
2769 3602 2989 3674 singulis
3017 3604 3111 3657 sibi
3143 3604 3398 3659 mensibus
3431 3603 3702 3658 indicebat.
3747 3603 3908 3674 l’orro

2317 3680 2445 3725 sunt
2473 3674 2563 3739 qui
2595 3689 2706 3726 rem
2735 3669 2938 3727 Castam
2981 3675 3411 3744 interpretentur
3437 3718 3451 3740 ,
3507 3673 3595 3730 alii
3645 3669 3905 3744 expiatio-

2319 3757 2478 3808 nem;
2515 3744 2696 3797 maiint
2728 3761 2828 3814 ego
2857 3741 3204 3800 abstinentiae
3251 3747 3412 3800 ritum
3449 3753 3501 3801 tn
3537 3744 3684 3800 ‘cibis
3709 3741 3908 3796 intelli-

2315 3815 2389 3884 gi.
2421 3814 2476 3868 ιιι
2505 3827 2653 3869 certe
2684 3816 2914 3869 innuunt
2941 3817 3153 3871 laudata
3176 3816 3496 3873 Tertulliani
3548 3823 3710 3880 atque
3740 3814 3910 3868 Arno-

2322 3887 2390 3956 bii
2428 3888 2770 3952 testimonia,
2823 3887 3020 3956 quibus
3061 3890 3350 3944 concinere
3399 3890 3529 3943 illud
3583 3896 3716 3956 poto
3743 3886 3902 3954 ipsius

2319 3953 2630 4027 l_lieronytni
2663 3960 2823 4026 epist.
2843 3953 2976 4026 107,
2998 3960 3064 4013 ad
3097 3959 3318 4027 Laetam,
3355 3977 3503 4014 num.
3539 3953 3643 4014 i0:
3678 3953 3905 4011 Cultores

2319 4025 2476 4081 Isidis
2501 4025 2546 4081 et
2577 4025 2786 4098 Cybeles
2814 4031 2997 4100 gulosa
3036 4025 3343 4085 abstinentia
3395 4031 3646 4084 Phasides
3671 4044 3785 4082 aves
3806 4068 3819 4092 ,
3846 4037 3908 4080 ac

2319 4101 2572 4170 fumantes
2601 4110 2823 4154 turtures
2841 4111 3041 4166 vorant,
3071 4118 3134 4155 ne
3158 4104 3348 4156 scilicet
3368 4103 3601 4157 Cerealia
3623 4101 3758 4152 dona
3787 4114 3911 4151 con-

2319 4171 2585 4224 taminent.
2605 4171 2866 4226 Nimirum
2896 4187 3032 4240 parte
3057 4175 3425 4229 abstinebant.
3455 4171 3904 4240 Lucttlentissinte

2321 4256 2452 4314 ",9?"
2484 4242 2621 4294 ίιιῘΓῖι
2655 4242 2756 4297 hoc
2790 4236 2906 4311 ipso
2937 4245 2986 4297 ιιι
3020 4246 3178 4314 libro,
3213 4245 3503 4312 Quomodo,
3537 4242 3746 4314 inquit,
3783 4236 3902 4314 Vir-

2319 4312 2518 4394 g‘inituti
2537 4327 2792 4394 verm-non
2811 4309 3381 4394 :prtejudicqtjnjilatio
3408 4309 3659 4394 virginum
3676 4309 3901 4394 multo“.

2317 4385 2391 4458 ita
2440 4399 2531 4435 nec
2580 4386 2708 4458 veris
2749 4385 2968 4458 jejunus
2998 4385 3291 4443 CASTUM
3348 4385 3511 4458 (erat
3564 4389 3647 4442 hic
3690 4393 3904 4458 quoque

2321 4453 2620 4528 Cossorum)
2655 4452 2813 4510 Isidis
2846 4471 2891 4510 et
2924 4456 3133 4528 Cybeles
3160 4499 3176 4523 ,
3218 4468 3264 4510 et
3303 4452 3642 4528 quorumdam
3679 4452 3904 4528 ciborum

2322 4526 2374 4603 in
2402 4537 2648 4603 retentum
2683 4524 3010 4591 abstinendi},
3053 4531 3279 4603 maxime
3315 4524 3432 4584 eum
3463 4532 3603 4603 apud
3612 4528 3747 4603 illos
3770 4524 3899 4590 ieju'

2321 4595 2462 4676 nium
2494 4600 2640 4668 punis
2667 4640 2680 4662 ,
2710 4616 2888 4667 sagina
2918 4595 3552 4676 earnium_cOMpeusettir,
3611 4595 3731 4676 Yid.
3751 4668 3762 4676 _
3786 4606 3901 4663 qua!

2318 4667 2387 4721 ibi
2420 4667 2639 4734 insuper
2668 4681 3010 4725 attnotamus.
3041 4702 3113 4711 —
3141 4667 3354 4726 Cossum
3380 4673 3582 4726 matris.
3612 4668 3766 4724 Cossi
3790 4679 3905 4719 ver-

2316 4739 2498 4810 micnli
2522 4742 2794 4806 dicuntur,
2819 4741 2910 4810 qui
2935 4743 3216 4798 roboribus
3239 4745 3617 4798 innascuntur.
3644 4741 3758 4798 llos
3777 4737 3900 4810 Olim

2315 4809 2365 4862 in
2391 4810 2598 4866 deliciis
2624 4809 3087 4868 lmbitos'tcstatur
3117 4815 3340 4869 Plinius.
3371 4815 3423 4868 In
3447 4815 3621 4868 Ponto
3655 4826 3709 4868 et
3740 4809 3906 4877 Phry-

2312 4881 2397 4951 gia
2451 4897 2546 4935 eos
2594 4884 2930 4947 comedisse,
2964 4885 3170 4940 luxuria
3197 4897 3355 4951 erat,
3397 4895 3455 4940 ut
3489 4884 3746 4938 observat
3772 4878 3903 4951 inira

2310 4949 2696 5032 Hieronymus.
2732 4957 2812 5032 ab
2843 4955 2944 5032 itis
2981 4955 3294 5032 vermicnlis
3331 4949 3650 5032 sacerdotes
3695 4949 3906 5032 Cybelis

2313 5026 2503 5098 nbttris
2531 5024 2690 5078 deum
2715 5026 3055 5098 abstinebant
3089 5029 3312 5084 ridicula
3327 5025 3744 5098 superstitione,
3758 5024 3908 5094 quasi

2312 5093 2388 5148 illi
2416 5106 2596 5150 essent
2627 5097 2788 5152 sacri.
2819 5097 3086 5154 ΜΑιιτιΑιι.

2387 5196 2408 5223 ο
2442 5186 2791 5243 Cisterciens.
2822 5205 2944 5245 cum
2971 5191 3317 5247 Casanatensi
3351 5203 3452 5246 ms.
3520 5187 3589 5242 Et
3611 5198 3793 5243 mtera
3820 5185 3914 5238 ltu-

2302 5258 2543 5326 jnsmodi
2567 5274 2668 5312 non
2696 5262 2868 5314 statim
2890 5263 2958 5315 nd
2987 5263 3381 5328 comedendum,
3409 5274 3522 5318 etc.

2377 5344 2413 5471 ἓ
2441 5346 2641 5429 V'ocem
2674 5365 2789 5405 aves
2819 5367 2885 5406 cx
2912 5351 3167 5406 omnibus
3195 5367 3328 5408 mss.
3375 5361 3429 5407 et
3460 5345 3637 5406 veteri
3665 5343 3904 5404 editione

2413 5433 2641 5471 ecnnus.

2309 5431 2641 5474 SIJUCCIIIIUS.

2385 5521 2407 5548 ο
2457 5513 2604 5566 Alias
2651 5523 2773 5568 erat
2814 5515 3018 5568 aurium
3048 5529 3145 5584 pro
3171 5517 3360 5570 varias.
3407 5513 3526 5570 Nox
3577 5513 3782 5582 Aquila!
3806 5521 3900 5579 pro

2316 5580 2701 5654 llytrn¢,qu0d
2729 5584 2958 5641 Gravius
2981 5580 3336 5654 prbbatNide
3351 5584 3583 5640 Plinium
3615 5580 3710 5640 lib.
3749 5595 3897 5654 uti.

2312 5652 2849 5724 c._b';Dioscoridem
2897 5652 3149 5724 (tuoque.
3198 5667 3255 5713 et
3298 5656 3561 5712 Calenum
3611 5656 3666 5710 in
3699 5653 3896 5712 ἁπλοῖς.

2322 5722 2372 5796 id
2391 5733 2473 5796 est
2500 5724 2828 5796 simplicium
2859 5722 3379 5796 medicamentorum
3408 5735 3677 5794 natura,c
3705 5724 3898 5796 quibus

2317 5791 2506 5848 isthacc
2530 5791 2706 5850 omnia
2737 5794 2907 5853 ferme
2938 5795 3262 5852 deiibantur.
