4062 6394
264 445 338 501 295

260 559 616 623 strutltiocatuslus,
653 571 747 614 rane
765 595 780 624 ,
805 556 1228 613 chameleontes
1254 597 1270 624 ,
1303 555 1609 612 hirundinis
1637 559 1690 620 Α

256 662 495 719 stercus,et
513 667 643 710 carnes
661 693 670 718 ,
691 652 845 723 quibus
873 650 1080 707 morbis
1107 662 1249 720 aptae
1280 651 1388 705 sint
1411 687 1428 717 ,
1461 649 1610 704 dice.

253 763 351 813 rem,
373 748 407 802 si
432 745 524 801 mihi
547 745 766 816 propositum
797 755 939 800 esset
984 744 1053 799 de
1085 743 1294 798 medela
1323 757 1613 813 corporum

248 841 462 910 disputare.
500 839 615 910 legat
644 839 704 908 qui
726 839 820 893 vult
840 837 1192 893 Aristotelem
1221 843 1275 892 et
1297 837 1616 907 Theophra-

247 941 350 986 Sillllt
373 945 504 1001 prosa,
526 930 742 986 Marcellum
765 929 1001 986 Sidetem
1030 967 1045 994 ,
1077 938 1102 966 ⁸
1134 939 1186 984 et
1217 938 1462 984 nostrum
1495 929 1618 983 Flos

237 1025 345 1078 vium
367 1024 600 1080 itexatuetris
619 1023 796 1080 versibus
817 1023 1191 1079 disserentes:
1220 1022 1454 1076 Plinium
1484 1035 1618 1090 quo-

233 1132 307 1188 quc
341 1116 586 1181 Secundum,
622 1125 662 1171 et
695 1115 1044 1172 Dioscoridem
1074 1155 1089 1181 ,
1137 1124 1190 1169 et
1232 1125 1464 1169 caeteros
1508 1119 1617 1168 tam

227 1207 413 1279 physicos
435 1223 548 1276 quam
573 1207 752 1264 medicos
773 1249 786 1275 ,
835 1209 925 1278 qui
969 1207 1172 1262 nullam
1203 1206 1427 1261 herbam
1455 1237 1472 1272 -,
1501 1205 1622 1261 ttul-

222 1301 300 1354 lutu
325 1301 523 1370 lapidem.
548 1302 703 1357 nullum
724 1302 914 1357 animal
944 1313 1050 1355 tam
1078 1302 1301 1372 reptile,
1333 1313 1494 1370 quam
1523 1312 1620 1355 vo-

216 1393 339 1459 latile,
365 1405 406 1450 et
426 1396 590 1450 uolatile
609 1435 620 1460 ,
642 1410 723 1450 non
745 1396 803 1450 ad
832 1409 945 1450 sua:
977 1395 1110 1451 artis
1139 1394 1428 1450 utilitatem
1478 1391 1622 1450 refe-

209 1497 320 1540 runt.
357 1488 595 1558 lgiturcum
620 1487 721 1542 mihi
743 1487 938 1544 dixeris
965 1527 980 1551 ,
1031 1501 1130 1544 cur
1178 1497 1376 1556 porcus
1406 1494 1623 1542 creatus

201 1579 456 1634 cst?statitu
495 1580 566 1634 tibi
590 1581 882 1651 respondebo
905 1619 922 1647 ,
971 1591 1264 1651 puerorum
1312 1594 1463 1636 more
1503 1592 1623 1635 cer-

197 1670 390 1735 tantium,
414 1685 488 1725 cur
512 1673 681 1742 viperas,
709 1685 791 1727 cur
818 1673 1057 1742 scorpii?
1085 1672 1194 1726 Nec
1228 1673 1396 1727 Deum
1428 1683 1624 1741 super-

186 1762 372 1818 ﬂuarum
389 1764 598 1834 iudicabis
621 1767 870 1833 artiﬁcem,
918 1767 1043 1836 quia
1072 1766 1316 1836 plurima:
1355 1771 1412 1821 et
1440 1766 1626 1820 bestia

179 1864 227 1910 ct
249 1857 445 1912 volucres
466 1869 584 1925 sunt,
612 1874 721 1928 quas
745 1868 847 1914 tua:
880 1860 1060 1913 fauces
1089 1867 1362 1913 recusent.
1407 1855 1516 1912 Sed
1557 1870 1626 1912 ne

170 1951 631 2017 contentiosumhoc,
675 1962 951 2022 etpugnax
994 1952 1164 2021 magis
1211 1949 1463 2005 videatur
1503 1962 1626 2005 esse
1659 1952 1707 2017 Β

163 2055 295 2109 quam
321 2058 493 2109 verum,
518 2045 621 2097 audi
645 2043 821 2098 idcirco
852 2058 1002 2107 suos,
1031 2053 1086 2098 et
1114 2058 1302 2112 apros,
1332 2052 1385 2097 et
1413 2051 1630 2107 cervos,

155 2148 200 2190 et
227 2137 425 2207 reliquas
445 2138 939 2200 auintantescreatas,
974 2145 1030 2189 ut
1054 2135 1281 2199 milites,
1311 2143 1366 2188 et
1391 2134 1633 2200 athletae,

147 2222 172 2262 b
193 2236 370 2291 natttze,
403 2225 634 2291 rhetores,
661 2225 1096 2294 mt'tallorumque
1125 2225 1361 2280 lossores
1383 2265 1398 2290 ,
1449 2233 1506 2280 et
1529 2238 1637 2278 eteo

143 2318 226 2371 teri
251 2317 376 2370 duro
415 2317 545 2384 operi
587 2316 872 2385 mancipati,
897 2315 1166 2371 haberent
1202 2315 1392 2381 cibos,
1443 2315 1641 2384 quibus

144 2406 371 2462 brtitudo
411 2421 664 2477 corporum
704 2407 1000 2461 necessaria
1028 2416 1114 2462 est
1144 2425 1156 2459 :
1188 2407 1278 2477 qui
1310 2413 1529 2476 portant
1555 2421 1642 2461 or-

143 2515 197 2553 ua
218 2507 266 2554 et
293 2498 473 2554 cibaria
515 2517 528 2553 :
571 2500 650 2568 qtti
697 2499 883 2571 pugnis
906 2509 962 2554 et
990 2499 1234 2554 calcibus
1285 2514 1380 2554 sua
1409 2499 1642 2554 invicem

149 2593 340 2648 tembra
367 2591 656 2658 debilitant,
688 2593 768 2662 qui
809 2607 988 2647 remos
1015 2593 1176 2664 333
1219 2592 1440 2647 trahunt
1463 2631 1479 2658 ,
1511 2606 1647 2662 quo-

145 2702 218 2738 rmt
245 2684 397 2739 latera
423 2683 487 2736 ad
513 2685 831 2739 clamandum
855 2685 1260 2754 dicendumque
1286 2694 1415 2740 sunt
1432 2685 1640 2740 valida:

141 2777 187 2828 ui
211 2775 505 2831 subvertant
527 2785 721 2832 montes
746 2817 761 2842 ,
801 2786 856 2832 et
886 2778 990 2832 sub
1023 2787 1045 2816 ε
1095 2777 1234 2833 sudo
1285 2784 1341 2833 et
1380 2777 1645 2833 imbribus

144 2867 366 2920 )rmittnt.
397 2866 646 2922 Caeterum
677 2879 853 2923 nostra
879 2869 1112 2940 Religio,
1139 2885 1246 2924 non
1270 2872 1503 2938 πύκτην,
1536 2885 1642 2924 non

144 2961 173 3012 h
185 2960 357 3025 letam,
378 2976 478 3015 non
503 2970 702 3029 nautas,
734 2977 838 3018 non
862 2964 1085 3028 milites,
1113 2977 1222 3018 non
1249 2963 1523 3029 fossuras;
1547 2964 1642 3020 sed

143 3054 346 3124 pientis:
360 3050 528 3110 erudit
540 3059 976 3128 sectatorem,qui
991 3074 1049 3111 se
1065 3057 1158 3112 Dei
1174 3058 1340 3113 cultui
1353 3057 1643 3114 dedicavit:

146 3146 242 3198 scit
271 3161 366 3199 cur
391 3156 602 3202 creatus
650 3148 759 3210 sit,
791 3163 889 3202 cur
911 3157 1157 3204 versetur
1179 3148 1234 3203 in
1277 3149 1481 3204 mundo
1538 3163 1646 3221 quo

152 3253 210 3291 re
236 3237 468 3292 festinet.
503 3236 654 3294 Unde
683 3248 736 3293 et
765 3241 1056 3309 Apostolus
1086 3239 1329 3312 loquitur
1359 3255 1375 3295 :
1424 3240 1648 3306 Quando

1099 437 1469 496 ADVEliSUS
1505 437 1917 498 tortutuuuu
1959 423 2092 496 LIB.
2137 439 2203 496 tt.

2109 72 2224 96 :r___
2240 70 2254 72 ”

3202 444 3307 500 291

1713 565 1951 628 quantur
1974 554 2161 611 Iesum
2194 552 2426 623 (Matth.
2461 565 2533 619 κ,
2569 561 2621 609 et
2654 553 2822 608 Marc.
2857 551 2980 626 rt)?
3030 554 3133 611 Sed
3186 556 3200 626 [
3229 558 3310 612 At.

1714 650 1814 707 sed
1867 650 1935 706 de
1991 647 2118 721 his]
2171 648 2255 703 Itis
2301 648 2485 718 utique
2511 689 2526 713 ,
2573 649 2665 719 qui
2695 649 2883 704 volunt
2914 664 3039 705 esse
3069 651 3315 719 perfecti.

1719 743 1972 813 Alioquin
2005 757 2034 796 a
2066 741 2276 797 Joanne
2309 741 2545 812 Baptista
2575 742 2720 796 aliud
2763 743 3084 813 praecipitur
3131 745 3323 798 militi-

1721 839 1841 904 ltus,
1874 837 2020 892 aliud
2058 835 2380 907 publicanis.
2412 835 2667 890 Dominus
2698 843 2877 890 autem
2909 836 3040 890 dicit
3063 837 3114 890 in
3142 836 3323 890 Evan-

1719 931 1865 1001 gelio
1893 930 1959 984 d
1989 943 2112 985 eum
2139 969 2152 993 ,
2197 927 2286 998 qui
2319 937 2378 981 se
2401 927 2702 996 iactarent
2735 927 2871 998 legis
2899 929 3146 983 unhersa
3175 943 3326 982 com-

1720 1025 1898 1094 ptesse
1941 1035 1955 1077 ι
1991 1023 2052 1078 Si
2097 1024 2170 1076 ris
2215 1025 2475 1093 perfectus
2499 1039 2608 1076 esse
2633 1065 2648 1089 ,
2677 1022 2807 1077 uade
2833 1060 2846 1087 ,
2880 1034 2926 1076 et
2955 1023 3113 1078 cendo
3150 1024 3324 1077 omnia

1721 1131 1836 1188 qua
1861 1118 2038 1180 habes,
2088 1123 2136 1172 et
2180 1116 2246 1169 du
2293 1115 2649 1186 pauperibus,
2705 1123 2754 1169 et
2801 1117 2940 1181 reni,
2993 1131 3200 1186 sequere
3247 1131 3328 1170 me

1724 1211 1740 1280 (
1771 1208 1960 1262 Matth.
1993 1221 2106 1272 ιιι,
2137 1207 2203 1262 21
2227 1208 2269 1278 ).
2325 1206 2403 1262 Ne
2447 1217 2612 1276 grave
2638 1217 2776 1261 onus
2804 1205 3010 1262 nolenti
3040 1207 3320 1262 videretur

1725 1300 2029 1369 imponere,
2059 1300 2111 1353 in
2141 1297 2359 1369 propria
2384 1297 2660 1354 audientis
2690 1299 2965 1353 voluntate
2996 1297 3197 1352 dimisit
3241 1298 3324 1353 di-

1724 1405 1856 1448 cens
1898 1410 1911 1445 :
1947 1391 2008 1448 Si
2034 1393 2109 1445 tris
2154 1392 2410 1461 perfectus
2441 1409 2569 1446 esse.
2617 1393 2980 1458 Quamobrem
3014 1403 3064 1448 et
3097 1407 3197 1461 ego
3232 1392 3328 1448 tibi

1725 1485 1936 1541 dicam:
1961 1483 2017 1540 Si
2035 1484 2114 1538 vis
2133 1483 2404 1553 perfectus
2430 1495 2575 1550 esse,
2598 1486 2794 1541 bonum
2813 1495 2894 1540 est
2919 1487 3101 1540 vinum
3124 1503 3228 1540 non
3252 1487 3332 1541 hi-

1727 1579 1878 1647 bere,
1894 1585 2179 1633 etcarnetn
2202 1589 2308 1633 non
2336 1578 2681 1632 manducare.
2701 1579 2756 1634 Si
2778 1581 2859 1633 vis
2887 1578 3160 1649 perlectus
3179 1593 3322 1644 csso,

1728 1674 1921 1728 melius
1948 1679 2031 1726 est
2061 1672 2308 1741 saginare
2332 1672 2590 1737 animam,
2615 1685 2777 1743 quam
2803 1685 3022 1743 corpus.
3062 1673 3119 1728 Si
3148 1684 3325 1727 autem

1727 1767 1986 1838 parvulus
2001 1765 2184 1838 es[Al.
2206 1767 2449 1822 siautem
2472 1767 2748 1840 parvulus]
2791 1769 3246 1838 etcocorumjura
3281 1775 3334 1823 te

1730 1857 2637 1929 delectant,netnoeripitfaucibus
2673 1862 2778 1915 tuis
2806 1861 3115 1916 esculentos
3141 1859 3330 1929 dapes.

1733 1951 1994 2008 Manduea
2019 1961 2074 2006 et
2103 1951 2250 2020 bibe,
2282 1964 2335 2007 et
2363 1953 2405 2008 si
2440 1954 2532 2008 tibi
2565 1953 2738 2024 placet
2778 1995 2792 2020 ,
2824 1963 2944 2006 cum
2976 1949 3174 2008 Israele
3208 1951 3333 2006 lude

1735 2059 2099 2117 consurgens,
2129 2054 2182 2102 et
2208 2047 2388 2102 canito
2416 2066 2427 2100 :
2461 2044 2838 2101 Mauducemus
2870 2058 2912 2099 et
2945 2048 3199 2114 bibamus,
3223 2062 3338 2099 cras

1741 2143 1874 2196 enim
1903 2139 2183 2194 moriemur
2210 2137 2252 2210 (ι
2278 2138 2399 2194 Cor.
2437 2153 2531 2201 xv.
2563 2137 2693 2211 32).
2746 2137 3033 2195 Mandneet
3059 2149 3112 2193 et
3152 2135 3305 2193 bibat
3329 2179 3344 2203 ,

1741 2233 1832 2302 Qui
1861 2241 1985 2302 post
2012 2229 2163 2285 cibos
2187 2240 2469 2298 exspectat
2491 2229 2767 2286 interitum
2797 2248 2812 2296 ;
2841 2231 2930 2301 qui
2957 2247 3076 2286 eum
3111 2229 3346 2299 Epicuro

1745 2323 1874 2378 dicit
1905 2340 1919 2376 :
1955 2320 2084 2376 Post
2114 2329 2341 2376 mortem
2376 2319 2508 2376 nihil
2542 2332 2646 2386 est,
2676 2331 2731 2376 et
2753 2337 2901 2376 mors
2932 2323 3048 2390 ipsa
3077 2319 3210 2376 nihil
3242 2325 3345 2377 est.

1743 2413 1852 2469 Nos
1880 2413 2050 2468 Paulo
2082 2411 2359 2470 credimus
2382 2413 2647 2468 intonanti
2679 2429 2690 2468 :
2722 2409 2858 2468 Esca
2890 2415 3074 2481 centri,
3107 2427 3154 2470 et
3178 2427 3349 2471 venter

1746 2509 1896 2563 escis.
1938 2503 2082 2562 Deus
2123 2515 2293 2563 autem
2335 2516 2380 2562 et
2421 2507 2558 2562 hunc
2607 2515 2653 2563 et
2693 2507 2840 2563 illam
2873 2507 3094 2565 destruet
3139 2503 3182 2582 (i
3225 2511 3347 2564 Cor.

1745 2611 1820 2665 rt,
1855 2598 1970 2668 lo).

1819 2691 1872 2745 7.
1906 2690 2147 2746 Gentium
2185 2693 2449 2746 rariorum
2477 2693 2656 2747 rictus.
2691 2687 2928 2748 Locustte
2955 2692 3175 2750 Joannis
3206 2689 3348 2763 Bap-

1747 2785 1900 2839 tistw.
1929 2781 2259 2839 Valentislex
2279 2784 2342 2838 de
2369 2781 2547 2838 vitulis
2577 2799 2676 2839 non
2705 2783 3348 2841 romedendis.Variarttm

1747 2877 1974 2949 gentium
2003 2887 2192 2930 meres.
2225 2875 2464 2947 Singula
2486 2874 2708 2948 Egypti
2730 2878 2960 2932 civitates
2981 2877 3214 2950 singulos
3243 2879 3352 2933 bes-

1752 2969 1850 3023 tias
1888 2966 2144 3022 colebant.
2170 2993 2241 3007 —-
2274 2963 2400 3021 Hrec
2434 2975 2458 3004 ο
2483 2977 2663 3023 autem
2716 2966 2784 3023 de
2837 2967 3133 3039 Scripturis
3182 2982 3350 3038 pauca

1749 3063 2055 3134 posuimus,
2089 3065 2474 3132 utcongruere
2505 3069 2686 3116 nostra
2722 3073 2844 3116 cum
2875 3061 3216 3133 philosophis
3247 3057 3350 3118 do-

1751 3165 2022 3212 ceremus.
2049 3150 2322 3211 Caeterum
2343 3155 2464 3225 quis
2487 3155 2724 3224 ignoret,
2752 3165 3192 3224 unamquamque
3220 3167 3354 3225 geu-

1750 3259 1858 3305 tem
1883 3259 1990 3304 nan
2021 3249 2301 3305 contmuni
2325 3249 2444 3318 lege
2466 3255 2697 3313 naturae,
2719 3247 2813 3302 sed
2832 3247 2938 3314 his,
2954 3261 3183 3317 quorum
3206 3249 3345 3319 apud

146 3335 307 3396 ‘rmar,
364 3341 485 3386 tunc
513 3334 702 3403 fortior
747 3350 862 3386 sum
888 3333 969 3406 (ll
991 3332 1113 3388 Cor.
1149 3350 1221 3389 att
1249 3374 1264 3401 ,
1291 3334 1416 3407 10).
1469 3335 1557 3401 Et,
1591 3335 1652 3390 Si
1681 3339 1726 3402 C
1757 3357 1817 3398 se
1845 3342 2000 3413 copia
2031 3349 2137 3408 est,
2167 3343 2315 3398 vesci
2343 3341 2601 3396 solitam?
2634 3337 2794 3394 Verbi
2999 3340 3192 3413 gratia,
3226 3340 3363 3394 Ara-

146 3427 267 3479 rrior
295 3437 474 3480 noster
503 3426 658 3480 homo
686 3428 1058 3498 corrumpitur,
1085 3429 1177 3482 sed
1203 3431 1416 3483 interior
1439 3441 1648 3483 restora-

164 3517 230 3570 de
261 3518 349 3571 die
377 3519 434 3571 in
465 3518 604 3571 diem
636 3518 719 3588 (ll
749 3517 872 3573 Cor.
903 3533 956 3573 tv
982 3560 999 3586 ,
1048 3519 1149 3585 16;
1198 3530 1246 3574 et
1276 3519 1503 3584 Coloss.,
1526 3534 1585 3575 ιιι
1613 3523 1652 3590 ).

147 3610 314 3681 Cupio
347 3611 596 3678 dissolvi,
631 3621 683 3665 et
710 3629 822 3666 esse
851 3629 968 3666 cum
994 3612 1200 3668 Christo
1228 3613 1246 3683 (
1271 3611 1416 3667 Phil.
1449 3629 1488 3678 ι,
1519 3611 1593 3667 εδ
1614 3613 1651 3684 ).

146 3703 344 3760 Carnis
371 3719 567 3760 ctu-nm
599 3719 668 3760 ne
698 3705 928 3776 feceritis
953 3705 1004 3758 in
1030 3703 1298 3760 desideriis
1325 3701 1493 3777 (Rom
1541 3719 1657 3771 xm,

162 3797 458 3868 Numquid
491 3797 763 3854 omnibus
796 3803 1126 3868 praeceptum
1159 3807 1244 3853 est
1265 3839 1280 3864 ,
1316 3813 1382 3853 ne
1413 3797 1548 3853 duas
1580 3808 1661 3853 tu-

145 3907 156 3944 ;
191 3889 489 3946 lubeant:
524 3903 601 3945 ne
631 3885 794 3946 cibos
819 3891 872 3944 in
905 3906 1056 3960 pera,
1085 3903 1162 3946 tea
1189 3889 1242 3944 in
1273 3905 1432 3957 IOIlI,
1455 3891 1660 3961 virgam

143 3999 254 4038 anu
281 4021 300 4048 ,
341 3983 372 4019 ἀ
401 3983 872 4040 calceamentum
923 3984 976 4036 in
1007 3979 1284 4053 pedibus?
1326 3990 1386 4036 ut
1428 3983 1666 4038 vendant

143 4091 252 4135 tm
290 4085 434 4150 quae
465 4077 805 4149 possident,
835 4076 1070 4149 dentque
1098 4077 1460 4150 pauperibus,
1490 4087 1545 4136 et
1574 4093 1665 4135 se-

146 4266 177 4318 τι
205 4275 480 4322 nostrum
503 4261 811 4318 Flavium.
838 4265 915 4319 De
939 4262 1130 4322 eodem
1155 4265 1345 4321 Flavio
1367 4267 1486 4323 haec
1507 4265 1673 4322 habet

143 4339 439 4394 Virorum
468 4337 806 4408 illustrium
835 4336 887 4408 in
912 4336 1190 4392 Firmiano
1215 4353 1228 4391 :
1253 4336 1558 4392 Firmianus
1583 4335 1673 4408 qui

146 4411 523 4480 tantine...”
557 4406 673 4461 sub
710 4406 1042 4463 Diocletiano
1069 4408 1303 4480 principe
1325 4411 1525 4480 accitus
1557 4406 1673 4462 cum

188 4479 690 4552 Grnmmmarico
717 4517 740 4552 γ,
786 4483 950 4552 cujus
973 4483 1048 4552 ide
1092 4479 1486 4552 medicinalibus
1527 4493 1675 4552 uersu

143 4554 239 4606 siti
275 4558 530 4606 exstant
581 4549 753 4614 lrbri,
797 4549 906 4604 etc.
941 4551 1215 4605 Maurus.
1245 4578 1314 4590 -—
1342 4550 1676 4605 Grammati-

145 4622 421 4690 tteltige.
449 4624 645 4693 cujus
670 4622 750 4676 de
769 4621 1163 4676 medicinalibus
1200 4633 1346 4674 uersu
1375 4621 1681 4692 compositos

144 4719 145 4722 η
187 4695 388 4748 libros
429 4696 580 4762 ipse
632 4699 890 4746 testatur
929 4695 981 4747 in
1025 4693 1309 4762 Cataiogo,
1338 4703 1388 4745 c.
1423 4694 1514 4746 80.
1547 4694 1683 4745 Sunt

146 4783 216 4819 tu:
238 4765 564 4818 cumidem
587 4774 751 4818 esse
773 4775 963 4831 putent
992 4779 1115 4818 cum
1138 4763 1325 4817 Flavio
1339 4763 1548 4832 Capro;
1575 4762 1684 4828 alii,

142 4852 436 4906 ‘peram,
475 4833 810 4889 Fannium
860 4847 958 4905 pro
987 4834 1230 4889 Flavium
1259 4833 1473 4905 legunt;
1518 4834 1689 4888 Casa-

144 4923 176 4960 s
224 4906 544 4959 Flavum.

148 4989 320 5043 me,
365 4977 700 5032 rhetores.
746 4976 976 5031 Pretium
1030 4987 1275 5033 errorem
1309 4981 1459 5045 putat
1497 4973 1694 5030 Maria-

143 5063 328 5116 ;ere,
395 5057 657 5112 mue,
729 5047 1008 5114 rhetores;
1085 5061 1186 5115 pro
1231 5047 1558 5116 rhetoribus
1598 5045 1693 5099 tri-

147 5130 444 5175 emns.
491 5119 802 5175 Gravius
832 5131 1011 5173 autem
1043 5120 1094 5172 in
1129 5121 1271 5172 notis
1303 5120 1415 5172 suis
1441 5115 1506 5170 ad
1549 5115 1693 5170 hunc
1721 5135 1724 5137 '

144 5208 234 5245 ila
271 5192 657 5246 disserere
716 5191 900 5244 voluit
934 5205 946 5242 :
976 5202 1163 5252 "certe,
1192 5188 1442 5253 rhetores,
1471 5199 1578 5243 etc.
1605 5186 1692 5241 ln-

155 5265 403 5316 sedum
429 5302 450 5326 ,
498 5263 743 5330 inquit
766 5301 783 5322 ,
817 5262 958 5330 quod
987 5260 1208 5330 irrepsit
1235 5261 1289 5314 in
1318 5259 1650 5327 exemplaria
1676 5299 1690 5322 ,

150 5338 424 5405 legeris
487 5351 504 5386 :
578 5341 878 5386 vectores.
925 5333 999 5386 Ita
1032 5343 1248 5400 quoque
1286 5331 1532 5405 legelib.
1564 5342 1601 5384 tt
1637 5330 1691 5405 in

153 5401 292 5486 σεξτ
329 5403 774 5486 ιοιίιεεςτιεηπ
795 5411 970 5486 nautea
991 5412 1145 5486 atque
1165 5410 1407 5486 uectores,
1424 5401 1476 5455 in
1493 5401 1691 5486 Ezeclt.

151 5495 162 5528 ι
187 5477 234 5528 d
249 5487 396 5530 nos
415 5471 1078 5542 similiterconjungit
1098 5481 1150 5527 et
1173 5475 1224 5525 in
1245 5471 1432 5526 Matth.
1459 5485 1568 5536 xiv,
1586 5481 1691 5526 etc.

153 5547 492 5600 Mariaui
535 5555 616 5599 et.
657 5545 874 5599 Gravii
905 5546 1064 5598 liceat
1092 5545 1247 5596 nobis
1274 5543 1526 5596 codicum
1562 5554 1692 5596 mss.

164 5621 218 5670 ti
259 5616 694 5677 inheret-ta.
728 5627 808 5670 ac
835 5615 1121 5669 lectionem
1148 5613 1356 5668 Erasini
1381 5609 1695 5676 defendere,

175 5705 204 5742 ι
243 5687 748 5742 retinendam
781 5688 1278 5740 doceateontcxtus
1302 5687 1416 5754 ipse
1438 5682 1702 5754 Hierony—

181 5761 382 5814 Dscis
417 5768 746 5813 sermo:
781 5758 986 5812 Doctor
1014 5767 1162 5822 sues,
1197 5765 1252 5810 et
1282 5767 1464 5824 apros,
1493 5761 1554 5809 et
1583 5765 1702 5809 cer-

224 5837 556 5885 creatos
592 5839 804 5895 esse,
831 5835 893 5882 ut
913 5827 1141 5895 milites,
1164 5833 1226 5882 et
1253 5825 1494 5890 athleta,
1525 5831 1702 5880 nautae

203 5918 272 5956 es
312 5942 332 5966 ,
415 5900 984 5963 metallorumque
1035 5897 1275 5954 fossore-5
1309 5895 1577 5954 baberent
1627 5895 1702 5952 ci-

214 5982 327 6028 Lea
371 5970 598 6027 addit
632 6011 650 6036 ,
705 5969 870 6040 quod
901 5969 1125 6026 cuilibet
1151 5970 1440 6037 convenit,
1470 5970 1555 6040 qui
1584 5985 1704 6040 por-

1708 4658 1763 4719 D

1760 3435 1855 3490 hes
1877 3439 1932 3490 et
1953 3433 2237 3500 Saraceni,
2254 3441 2306 3489 et
2325 3435 2508 3488 otnnis
2529 3434 2697 3488 eremi
2721 3429 2994 3498 barbaria,
3019 3433 3356 3488 camelorum

1758 3529 1900 3583 lacte
1946 3536 2000 3583 et
2049 3525 2308 3581 carnibus
2345 3525 2524 3581 vivit:
2559 3525 2685 3596 quia
2732 3522 3108 3595 hujuscemodi
3163 3523 3366 3577 animal

1763 3637 1861 3692 pro
1898 3619 1915 3658 ί
1951 3621 2216 3690 temperie
2260 3630 2315 3674 et
2358 3620 2647 3674 sterilitate
2685 3619 2971 3688 regionum
3020 3617 3178 3672 facile
3218 3617 3360 3684 apud

1763 3728 1859 3769 eos
1915 3723 1969 3768 et
2015 3711 2258 3784 gignitur
2288 3723 2342 3768 et
2399 3713 2656 3767 nutritur.
2706 3709 2769 3766 lli
2830 3710 2984 3767 nefas
3034 3707 3371 3764 arbitrantur

1765 3820 2059 3877 porcorum
2104 3802 2253 3858 vesci
2293 3804 2571 3858 carnibus.
2607 3803 2747 3857 Sttcs
2801 3804 2966 3865 enim,
3011 3802 3100 3870 qui
3149 3800 3366 3870 glande,

1770 3898 2068 3963 castaneis,
2117 3896 2404 3952 radicibus
2433 3897 2660 3961 tlltettm,
2691 3903 2746 3951 et
2785 3895 2997 3950 hordeo
3037 3893 3110 3948 all
3168 3897 3370 3965 solent,

1773 3998 1866 4042 aut
1891 3995 2022 4043 raro
2057 3985 2200 4058 apud
2229 3996 2344 4047 e05.
2377 3995 2471 4041 aut
2502 3987 2723 4056 penitus
2750 4003 2856 4042 non
2889 3985 3283 4042 inveniuntur:
3319 3995 3375 4045 et

1775 4081 2061 4153 sihinventi
2093 4079 2319 4146 fuerint,
2347 4078 2611 4135 alimenta
2640 4094 2749 4134 non
2800 4078 3022 4143 habent,
3055 4092 3176 4146 quae
3211 4091 3376 4148 supra

1776 4272 1885 4320 tant
1916 4277 2094 4336 (truta,
2118 4261 2170 4336 id
2200 4267 2312 4329 est,
2344 4261 2552 4336 milites
2583 4281 2595 4318 :
2625 4265 2714 4332 qui
2744 4264 2936 4336 pugnis
2959 4272 3004 4316 et
3031 4259 3255 4336 calcibus
3285 4279 3380 4316 sua

1773 4349 1992 4405 corpora
2011 4334 2316 4389 debilitant:
2342 4332 2394 4388 hi
2421 4342 2544 4388 sunt
2565 4331 2784 4405 athleta)
2803 4331 2936 4402 {qui
2952 4346 3116 4405 remos
3143 4331 3380 4405 (ra/titul,

1775 4405 1828 4463 id
1849 4403 1951 4470 est,
1981 4415 2158 4478 nautae
2178 4423 2189 4458 :
2213 4419 2432 4478 quorum
2457 4409 2618 4459 latera
2637 4403 2705 4459 ad
2727 4403 3055 4478 clatttandum
3077 4404 3380 4478 dicendum-

1775 4496 1871 4549 que
1915 4485 2037 4534 squ
2074 4473 2270 4542 valida,
2315 4477 2364 4532 id
2405 4487 2519 4543 est,
2563 4479 2840 4549 rhetorum
2880 4493 2892 4529 :
2935 4473 3382 4549 Aqu_i_snbor-rtunt

1786 4544 2000 4616 montes,
2027 4552 2247 4612 hoeest,
2272 4549 2614 4604 metallorum
2643 4544 2904 4616 fossorcs.
2931 4545 3214 4615 Stthjnngit
3235 4547 3379 4600 idem

1789 4614 2151 4692 llieronymus
2179 4637 2192 4672 :
2220 4619 2470 4674 Craterum
2492 4626 2667 4670 nostra
2685 4614 2900 4692 religio,
2921 4614 3257 4692 normam,
3283 4633 3384 4692 non

1793 4687 2063 4754 athletam,
2112 4703 2214 4743 non
2247 4693 2451 4754 nautas,
2490 4705 2590 4741 non
2625 4687 2830 4754 milites,
2872 4701 2971 4740 non
3009 4687 3261 4757 {oss-ores;
3295 4687 3387 4742 sed

1793 4764 2060 4834 sapientia".
2077 4761 2244 4814 erudit
2268 4767 2720 4834 sectatoretrt,_ete.
2741 4760 2900 4812 Certe
2920 4759 2961 4810 si
2986 4768 3140 4813 antea
3163 4761 3389 4834 legisset

1792 4827 2009 4901 sectores
2038 4839 2128 4884 aut
2158 4841 2408 4884 reetorcs
2433 4870 2446 4892 ,
2475 4830 2559 4881 hic
2588 4827 2795 4901 diceret
2829 4843 2847 4901 εΔ
2873 4838 3046 4901 nostra
3079 4827 3256 4901 religio
3287 4843 3388 4884 non

1794 4899 1963 4958 erudit
1993 4910 2217 4955 vectores
2240 4910 2331 4953 aut
2354 4910 2572 4952 sectores
2598 4916 2614 4952 :
2642 4900 2734 4952 sed
2759 4897 2880 4965 quia
2906 4897 3002 4952 Clit
3020 4897 3242 4952 istianbs
3267 4913 3392 4954 eru-

1795 4973 1872 5028 dit
1923 4971 2158 5025 rhetores
2187 4979 2241 5024 et
2267 4978 2537 5033 oraIOt-cs,
2570 4969 2706 5022 hanc
2737 4979 2925 5022 vocem
2954 4972 3160 5033 Omisit,
3192 4979 3390 5024 emit-ta

1796 5042 2059 5113 abjiciens
2084 5041 2325 5113 nomina.
2352 5034 2714 5113 Retlttentlum
2741 5039 2922 5113 itaque
2950 5038 3174 5113 verbum
3201 5035 3393 5113 Rheto-

1795 5107 1908 5179 res;
1941 5113 1994 5168 id
2029 5111 2173 5168 enim
2205 5121 2401 5180 pra-ter
2427 5107 2538 5178 jam
2566 5109 2741 5176 dieta,
2774 5107 2963 5166 suadet
2992 5109 3166 5167 Cicer.
3203 5109 3270 5165 de
3295 5109 3395 5165 Se-

1797 5198 2043 5241 necmte:
2065 5179 2250 5254 Legem
2283 5181 2582 5254 Voconiam,
2605 5182 2800 5254 inquit,
2824 5199 3015 5254 inagna
3043 5200 3158 5236 voce
3179 5191 3223 5237 et
3248 5179 3395 5254 bouis

1797 5254 2043 5310 lateribus
2062 5249 2357 5324 suasissent.
2380 5251 2580 5308 ibidem
2605 5249 2725 5324 iter
2742 5249 2962 5308 deﬁnite
2987 5255 3254 5324 loquitur:
3283 5251 3397 5306 Etsi

1797 5328 1934 5383 enim
1971 5339 2160 5398 munus
2187 5340 2302 5398 Anon
2336 5319 2726 5398 ingeniisolum
2749 5367 2761 5391 ,
2785 5325 2890 5398 sed
2923 5319 3140 5398 latet-itm
3171 5326 3320 5398 etiam
3355 5332 3400 5376 et

1799 5400 2007 5452 virium.
2046 5395 2233 5453 Valida
2267 5393 2495 5466 proinde
2527 5395 2698 5450 latera
2735 5393 2800 5449 ad
2831 5397 3172 5466 clamandum
3199 5395 3401 5466 ‘diccn-

1799 5469 2059 5540 dumque,
2089 5481 2197 5522 non
2229 5461 2553 5540 sectoribus,
2585 5477 2677 5520 aut
2703 5463 3166 5540 rectoribus,_s_cd
3198 5461 3403 5517 Rheto-

1799 5535 2036 5596 ribus'ct
2063 5538 2376 5593 Oratoribus
2403 5537 2644 5592 tribuere
2675 5549 2899 5592 necesse
2939 5537 3028 5590 sit.
3055 5535 3326 5588 MARTIAN.

1865 5607 2370 5736 [:‘linOCasanatensi
2397 5620 2451 5664 et
2483 5609 2649 5663 veteri
2679 5607 2920 5662 editione
2959 5607 3051 5659 sub
3093 5606 3232 5672 divo,
3283 5605 3404 5674 lege

1961 5699 1976 5736 t
2017 5723 2030 5734 .

1802 5683 1894 5736 sub
1924 5683 2030 5736 dio.

1875 5749 1900 5790 δ
1933 5751 2176 5809 Plurium
2205 5763 2434 5807 numero
2471 5765 2606 5806 mss.
2639 5749 3001 5803 calceamrnta.
3033 5739 3176 5801 inira
3207 5739 3323 5815 illa,
3355 5757 3402 5801 ct

1806 5822 1874 5877 da
1901 5824 2236 5898 pauperibus,
2271 5825 2323 5878 in
2349 5821 2703 5898 Casanateosi
2739 5827 2844 5898 non
2870 5817 3160 5898 habentur.

1881 5888 1912 5933 θ’
1945 5888 2073 5951 Μέε.
2100 5888 2231 5948 Hac
2262 5900 2426 5964 pdut'a
2448 5891 2512 5946 tta
2538 5888 2850 5960 Scripturis,
2876 5897 2933 5943 ut
2959 5895 3262 5964 congruere,
3294 5889 3402 5945 c‘t'c.

1883 5963 1902 6004 ι
1939 5965 2106 6022 Iidem
2140 5963 2271 6022 mss.
2304 5980 2398 6034 pro
2425 5972 2670 6034 tempore,
2702 5977 2812 6021 non
2840 5963 3099 6034 temperie.
