4068 6368
594 376 701 435 295

1857 366 1914 421 S.
1960 362 2233 420 EUSEBII
2273 359 2657 419 IllERONYMI

3754 358 3755 361 “
3794 358 3907 415 296

598 492 855 548 diximus.
906 487 948 543 Ε
990 484 1216 558 regione
1254 482 1712 557 septentrionales
1748 484 1997 555 populos,
2043 484 2089 537 si
2127 483 2190 537 ad
2222 484 2275 544 Α
2301 482 2587 537 lectantur.
2621 480 2762 549 Quid
2804 481 2993 553 loquar
3026 479 3094 536 de
3132 478 3347 535 caeteris
3400 477 3746 543 nationibus,
3776 492 3903 531 cum

595 598 747 640 esum
778 582 1060 637 asinorum
1111 577 1557 649 camelorumque
1608 578 1924 647 compellas,
1957 586 1981 613 α
2012 576 2193 631 simile

596 675 865 747 putabunt
902 689 1089 729 eorum
1132 672 1276 727 vesci
1306 670 1586 735 carnibus,
1615 686 1678 724 ac
1707 670 1752 725 si
1796 670 1977 738 lupum
2012 682 2195 723 come-

596 767 730 823 dere
781 776 1065 839 cogantur,
1099 774 1193 819 aut
1230 779 1481 818 corvum.
1520 761 1578 817 In
1619 761 1793 816 Ponto
1838 772 1893 816 et
1922 760 2191 832 Phrygia,

597 876 814 918 vermes
855 860 1016 915 albos
1042 865 1101 912 et
1125 856 1347 923 obesos,
1378 854 1472 926 qui
1503 853 1703 924 nigello
1742 854 1922 924 capite
1962 860 2110 917 sunt,
2142 859 2196 905 et

597 963 894 1011 nascuntur
922 953 976 1004 in
1028 948 1297 1015 lignorum
1335 947 1504 1012 carie,
1534 961 1632 1017 pro
1677 944 1889 1015 magnis
1929 943 2195 999 reditibus

598 1040 991 1117 paterfamilias
1038 1042 1227 1111 exigit.
1260 1040 1325 1094 Et
1365 1037 1641 1109 quomodo
1676 1035 1821 1105 apud
1853 1050 1950 1089 nos
1976 1044 2191 1104 attagen

596 1146 652 1193 et
683 1133 914 1191 ficedula
939 1174 953 1200 ,
987 1132 1185 1188 mullus
1215 1140 1271 1186 et
1305 1145 1496 1186 scarus
1540 1130 1595 1184 in
1634 1128 1843 1183 deliciis
1872 1134 2197 1195 computan-

598 1240 686 1287 tur
718 1246 731 1284 :
763 1229 835 1283 ita
863 1226 1004 1298 apud
1038 1226 1159 1281 illos
1192 1225 1474 1299 ξυλοφὰοιον
1508 1222 1618 1295 [Αἰ.
1668 1219 1986 1296 ξυλοφαγιον]
2013 1234 2197 1274 come—

596 1323 744 1379 disse
768 1320 980 1376 luxuria
1004 1328 1107 1373 est.
1134 1317 1368 1372 Rursum
1395 1315 1703 1370 Orientales
1730 1325 1784 1368 et
1811 1314 1994 1384 Libyae
2024 1326 2195 1381 popu-

596 1416 701 1479 los,
732 1413 856 1484 quia
894 1428 991 1484 per
1020 1411 1296 1466 desertum
1340 1418 1395 1463 et
1420 1406 1649 1464 calidam
1682 1405 1855 1461 eremi
1889 1405 2193 1459 vastitatem

597 1508 931 1564 locuSIarum
964 1504 1136 1559 nubes
1180 1502 1551 1573 reperiuntur,
1582 1499 1806 1553 locustis
1848 1498 1993 1551 vesci
2027 1495 2196 1550 moris

601 1611 706 1657 est.
738 1598 854 1655 Hoc
893 1613 1079 1653 verum
1116 1610 1239 1651 esse
1270 1594 1510 1649 Joannes
1555 1608 1772 1664 quoque
1800 1590 2042 1660 Baptista
2072 1604 2198 1659 pro-

601 1692 716 1747 bat.
746 1688 1028 1760 Compelle
1075 1687 1345 1758 Phrygem
1396 1694 1453 1740 et
1478 1684 1791 1750 Ponticum,
1824 1691 1881 1736 ut
1929 1682 2192 1736 locustam

598 1784 872 1850 comedat,
898 1781 1051 1837 nefas
1074 1780 1304 1850 putabit.
1337 1782 1485 1848 Coge
1512 1779 1732 1849 Syrum,
1758 1775 1947 1830 Afrum
1978 1783 2028 1829 et
2058 1773 2194 1827 Ara-

2295 575 2413 643 ipse
2434 572 2868 628 adolescentulus
2889 573 2940 627 in
2961 572 3135 628 Gallia
3155 569 3180 607 ά
3204 571 3473 625 Atticotos
3504 567 3611 641 [AL
3638 568 3862 640 Scotos]
3889 611 3902 635 ,

2294 678 2511 738 gentem
2555 667 2938 732 Britannicam,
2994 666 3246 721 humanis
3305 664 3449 719 vesci
3495 662 3750 718 carnibus
3796 671 3905 719 :et

2296 777 2417 816 cum
2474 776 2571 830 per
2609 761 2774 816 silvas
2828 776 3119 831 porcorum
3173 775 3365 831 greges
3424 767 3481 815 et
3518 767 3901 814 armentorum

2294 853 2675 924 pecudumque
2688 854 3268 925 reperiant,pastorum
3284 868 3348 906 na
3360 862 3442 907 tes
3472 860 3525 906 et
3541 850 3872 906 feminarum
3888 894 3901 915 ,

2298 953 2351 998 et
2388 945 2615 1015 papillas
2669 945 2851 1000 solere
2878 946 3226 1008 abscindere,
3257 954 3311 1000 et
3340 944 3439 1000 has
3470 945 3616 999 solas
3646 944 3902 1000 ciborum

2297 1036 2522 1091 delicias
2569 1036 2861 1091 arbitrari?
2913 1038 3203 1094 Scotorum
3229 1037 3376 1091 natio
3415 1051 3615 1093 uxores
3645 1038 3902 1106 proprias

2299 1143 2405 1182 non
2434 1127 2597 1183 habet
2614 1138 2694 1184 :et
2718 1129 2870 1200 quasi
2892 1141 2913 1167 θ
2935 1129 3173 1185 Platonis
3206 1130 3446 1200 politiam
3474 1131 3689 1201 legerit,
3714 1139 3769 1186 et
3791 1130 3868 1185 Ca
3888 1160 3903 1174 -

2299 1220 2443 1274 tonis
2469 1229 2708 1275 sectetur
2730 1221 3069 1291 exemplum,
3086 1223 3228 1275 nulla
3262 1222 3402 1289 apud
3421 1237 3516 1277 eos
3540 1222 3737 1291 coniux
3768 1238 3899 1292 pro-

2300 1314 2412 1381 pria
2436 1322 2538 1379 est,
2572 1314 2665 1368 sed
2696 1324 2751 1368 ut
2779 1314 2973 1384 cuique
3001 1314 3214 1369 libitum
3243 1314 3425 1379 fuerit,
3444 1315 3709 1385 pecudum
3736 1331 3897 1372 morc

2298 1403 2821 1470 lasciviunt.Pers:e,
2840 1405 3003 1473 Medi,
3021 1406 3219 1471 lndi,et
3246 1406 3555 1477 Aﬂthiopes,
3586 1423 3750 1478 regna
3781 1424 3893 1464 non

2298 1497 2509 1552 modica
2537 1540 2552 1563 ,
2580 1508 2633 1553 et
2662 1499 2907 1554 Romano
2944 1498 2962 1537 τ
2996 1516 3164 1570 regno
3186 1502 3358 1570 paria,
3385 1517 3510 1556 cum
3545 1503 3812 1558 matribus
3841 1513 3896 1560 et

2298 1591 2457 1657 aviis,
2489 1606 2610 1647 cum
2642 1592 2853 1647 filiabus
2896 1602 2948 1647 et
2982 1593 3235 1663 neptibus
3262 1595 3606 1665 eopulaotur.
3632 1606 3657 1643 ε
3687 1595 3894 1652 Messa-

2296 1693 2433 1755 getae
2462 1693 2516 1738 et
2544 1684 2805 1741 Derbices
2832 1687 3167 1741 miserrimos
3192 1696 3400 1757 putant,
3421 1690 3510 1757 qui
3535 1690 3895 1759 aegrotatione

2299 1775 2600 1831 moriantur
2631 1794 2643 1830 :
2670 1786 2725 1832 et
2767 1788 3039 1846 parentes,
3070 1791 3351 1850 cognatos,
3375 1780 3732 1851 prepiuquos,
3768 1798 3890 1838 eum

602 1878 726 1935 hem
776 1884 836 1931 ut
872 1889 1086 1930 vermes
1115 1873 1376 1928 Ponticos
1406 1872 1624 1941 glutiat,
1659 1870 1729 1924 ita
1773 1883 1869 1923 eos
1900 1867 2188 1936 despiciet,
2224 1872 2272 1931 B
2298 1867 2363 1922 ad
2415 1879 2687 1924 senectam
2735 1872 3004 1935 venerint,
3034 1872 3309 1943 jugulatos
3349 1873 3611 1929 devorant
3641 1893 3654 1931 :
3690 1879 3893 1933 rectius

601 1979 661 2024 ut
699 1981 935 2033 muscas,
978 1964 1006 2002 δ
1048 1963 1392 2033 millepedas,
1433 1970 1489 2017 et
1543 1961 1791 2015 lacertos.
1855 1958 2190 2027 Quamquam

598 2062 724 2135 Syri
752 2073 808 2119 et
834 2058 1126 2117 crocodilis
1151 2057 1406 2119 terrenis,
1434 2054 1549 2110 Afri
1573 2055 1740 2109 etiam
1769 2052 1985 2107 lacertis
2010 2050 2197 2105 viridi-

598 2157 701 2213 bus
730 2156 875 2209 vesci
917 2152 1155 2207 soleant.
1190 2150 1245 2205 ln
1288 2147 1527 2219 Egypto
1552 2156 1610 2202 et
1639 2146 1927 2200 Palaestina
1972 2154 2196 2214 propter

596 2248 763 2307 boum
811 2246 1089 2303 raritatem
1131 2259 1293 2299 nemo
1331 2257 1550 2297 vaccam
1595 2239 1855 2304 comedit,
1892 2248 2195 2293 taurorum-

598 2359 705 2413 que
726 2356 921 2396 carnes
949 2347 1006 2395 et
1028 2338 1189 2394 boum
1212 2336 1615 2405 vitulorumque
1640 2341 1926 2389 assumunt
1952 2333 2003 2386 in
2031 2331 2187 2386 cibis.

597 2436 669 2493 At
688 2436 739 2490 in
764 2444 949 2490 nostra
976 2432 1250 2504 provincia
1275 2431 1453 2485 scelus
1475 2438 1667 2500 putant
1685 2428 1881 2483 vitulos
1903 2426 2189 2482 devorare.

601 2526 752 2587 Unde
782 2539 836 2584 et
866 2527 1167 2598 Imperator
1185 2524 1384 2581 Valens
1409 2540 1579 2595 nuper
1602 2524 1774 2594 legem
1792 2537 1890 2593 per
1911 2521 2187 2575 Orientem

595 2623 841 2689 dederat,
874 2638 941 2677 ne
972 2621 1092 2693 quis
1121 2620 1410 2675 vitulorum
1434 2616 1689 2673 carnibus
1720 2625 2055 2679 vesceretur,
2088 2612 2192 2666 titi-

594 2714 732 2769 Iitati
764 2713 1111 2783 agriculturae
1146 2710 1461 2781 providens,
1493 2718 1549 2761 et
1580 2707 1873 2777 pessimam
1902 2704 2187 2775 judaizan-

595 2808 665 2863 tis
694 2808 839 2875 vulgi
875 2806 1175 2862 emendans
1213 2800 1695 2863 censuetudinem,
1725 2814 1821 2868 pro
1854 2797 2097 2851 altilibus
2135 2804 2189 2849 et

601 2909 623 2935 ο
679 2897 1029 2961 lactentibus,
1062 2896 1267 2949 vitulos
1322 2890 1721 2949 consumentis.
1772 2888 2075 2951 Nomades,
2132 2896 2189 2942 et

595 2988 963 3061 Troglodytre,
984 2999 1033 3044 et
1066 2988 1361 3059 Scythae,et
1380 2986 1696 3041 Hunnorum
1721 2998 1857 3038 nova
1875 2981 2082 3044 feritas,
2102 2996 2189 3035 se-

593 3082 856 3139 micrudis
908 3089 1201 3137 vescuntur
1241 3080 1517 3135 carnibus.
1560 3078 1728 3132 Porro
1774 3075 2182 3146 lchthyophagi,

589 3190 726 3249 gens
747 3190 939 3231 errans
968 3174 1023 3230 in
1056 3174 1239 3229 littore
1256 3173 1425 3227 maris
1449 3172 1638 3235 Rubri,
1659 3185 1823 3240 super
1850 3181 2031 3239 petras
2050 3167 2185 3223 solis

590 3268 774 3324 calore
804 3270 1080 3323 ferventes
1111 3274 1299 3320 assant
1331 3265 1534 3333 pisces,
1566 3271 1622 3318 et
1654 3263 1755 3318 hoc
1782 3263 1901 3317 solo
1925 3261 2183 3315 alimento

2302 1975 2425 2016 esse
2452 1960 2478 1998 1³
2510 1963 2796 2029 ducentes,
2823 1974 2879 2018 ut
2910 1980 2937 2018 a
2971 1981 3029 2021 se
3080 1968 3275 2036 potius,
3313 1983 3471 2036 quam
3527 1984 3556 2022 a
3612 1969 3895 2027 vermibus

2300 2059 2673 2114 comedantur.
2706 2061 2963 2115 Tibareni
2998 2076 3133 2132 quos
3162 2063 3472 2125 dilexerint,
3504 2064 3515 2099 ί
3558 2079 3718 2119 senes
3763 2081 3896 2122 sus-

2303 2151 2541 2219 pendunt
2577 2153 2629 2205 in
2676 2152 2950 2221 patibulis.
2983 2154 3199 2208 Ilircani
3233 2155 3545 2210 volucribus
3576 2165 3630 2209 et
3660 2157 3895 2215 canibus

2298 2244 2594 2299 semivivus
2625 2244 2917 2315 projiciunt
2948 2264 2959 2299 :
2986 2245 3164 2316 Caspii
3188 2247 3380 2303 iisdem
3411 2248 3599 2303 beSIiis
3621 2259 3891 2305 mortuos.

2297 2336 2515 2409 Scythae
2546 2354 2641 2394 eos
2672 2340 2763 2410 qui
2807 2355 2837 2394 a
2870 2340 3139 2395 defunctis
3170 2343 3333 2395 amati
3378 2353 3525 2409 sunt,
3552 2344 3703 2397 vivos
3746 2345 3892 2399 info-

2297 2430 2450 2486 diunt
2496 2446 2618 2486 cum
2666 2432 2880 2487 ossibus
2925 2447 3283 2489 mortuorum.
3315 2434 3491 2489 Bactri
3541 2437 3769 2491 canibus
3823 2439 3890 2492 ad

2297 2523 2401 2578 hoe
2460 2525 2634 2593 ipsum
2692 2526 2940 2591 nutritis,
2992 2527 3256 2596 objiciunt
3315 2543 3497 2583 senes.
3548 2529 3702 2598 Quod
3767 2547 3891 2587 cum

2296 2614 2588 2669 Alexandri
2610 2615 2908 2671 Praefecms
2936 2617 2949 2667 i
2988 2618 3251 2674 StaSaIIOI‘
3279 2621 3575 2677 emendare
3600 2623 3888 2689 voluisset,

2297 2721 2433 2774 pene
2460 2708 2641 2761 amisit
2672 2710 3029 2778 provinciam.
3067 2712 3214 2785 Coge
3245 2712 3584 2786 Egyptium,
3621 2725 3679 2771 ut
3707 2719 3889 2774 ovium

2296 2800 2434 2855 lacte
2479 2813 2727 2857 vescatur
2774 2822 2786 2857 :
2838 2804 3083 2873 impelle,
3135 2807 3181 2861 si
3224 2809 3393 2872 vales,
3436 2808 3773 2877 Pelusioten,
3834 2820 3893 2867 ut

2294 2892 2587 2948 manducet
2628 2909 2781 2964 cepe.
2813 2894 3055 2966 Singulae
3099 2914 3236 2967 pene
3280 2899 3330 2953 in
3376 2899 3610 2972 Egypto
3640 2904 3892 2961 civitates

2293 2986 2533 3056 singulas
2571 2987 2771 3043 bestias
2822 2999 2877 3043 et
2928 3000 3169 3045 monstra
3212 3008 3586 3049 venerantur:
3618 3007 3671 3051 et
3718 2999 3894 3069 quod-

2291 3094 2522 3149 cumque
2549 3080 2840 3145 coluerint,
2867 3083 2969 3137 hoc
3001 3085 3313 3141 inviolabile
3343 3096 3398 3142 et
3420 3102 3634 3143 sacrum
3670 3098 3887 3159 putant.

2291 3170 2447 3227 Unde
2486 3172 2649 3245 336
2668 3184 2723 3229 et
2752 3174 2914 3231 urbes
2935 3192 3151 3247 quoque
3182 3180 3323 3247 apud
3356 3195 3449 3235 eos
3473 3196 3539 3235 ex
3570 3183 3890 3241 animalium

2288 3265 2565 3320 vocabulis
2586 3278 3000 3337 nuncupantur:
3025 3269 3433 3343 Leonto,Cyno,
3452 3273 3620 3345 Lycii,
3640 3274 3890 3347 anyris,

588 3362 859 3418 νίείίίδηῑι
887 3357 1567 3431 δανιηθιτιτθθπυυεάἱ,
1589 3355 1915 3422 νευάειῖνθι
1936 3355 2185 3409 ίηηιιῐηθ·
2212 3337 2255 3400 C
2291 3359 2540 3428 Thmuis,
2572 3361 2716 3430 quod
2764 3364 3153 3433 interpretatur
3185 3337 3380 3421 hircus.
3416 3337 3571 3421 Etvnt
3605 3337 3893 3429 sciremus

498 3466 499 3469 ‘
586 3454 792 3512 rabiles
829 3452 947 3508 alia:
974 3461 1469 3523 gentes,equorum
1490 3450 1793 3520 etvulpium
1812 3449 2073 3504 carnibus
2089 3448 2185 3503 dc-

661 3626 688 3654 ε
716 3615 919 3685 Snpino
962 3628 1151 3670 errore
1180 3626 1351 3685 penes
1381 3608 1759 3685 Martianaaunt
1779 3615 1899 3685 erat
1926 3606 2175 3677 simulque

590 3702 688 3759 pro
717 3677 886 3744 simile
914 3703 928 3739 :
961 3677 1418 3756 quemadmodum
1450 3696 1582 3736 mss.
1609 3691 1665 3734 et
1700 3677 1970 3732 Victorius
1992 3694 2179 3734 emen-

581 3762 734 3817 dant.

660 3832 687 3870 ι’
738 3831 885 3887 Alias
923 3828 1269 3898 millepedias.
1310 3826 1408 3880 Est
1436 3831 1617 3898 autem
1650 3819 1935 3898 millepeda
1977 3822 2176 3898 vermis

587 3916 758 3974 genus
777 3903 959 3956 multis
988 3892 1234 3955 innixum
1259 3898 1506 3967 pedibus.
1534 3893 1701 3949 Paulo
1728 3901 1851 3962 post
1873 3892 2176 3948 charitatem

588 3975 680 4030 alii
706 3976 904 4028 habent
937 3986 1032 4042 pro
1058 3974 1341 4026 raritatem.

663 4056 685 4084 ο
710 4044 800 4102 Sic
842 4034 1036 4099 vocant
1067 4043 1318 4111 porculos
1350 4038 1602 4100 tenellos,
1631 4050 1766 4102 quos
1790 4044 1845 4090 et
1874 4034 2047 4090 Grzeci
2077 4058 2175 4109 γα-

584 4118 847 4178 λαθηνοὺς.
882 4115 1002 4169 Vid.
1033 4114 1304 4168 Laertium
1339 4114 1391 4165 in
1424 4112 1753 4181 Pythagora.

657 4192 681 4225 α
723 4188 948 4241 Viderim
982 4187 1251 4238 Atticotos.
1298 4178 1555 4236 Erasmus
1584 4189 1638 4234 et
1678 4178 1952 4233 Marianus
1993 4178 2178 4247 legunt

586 4258 690 4314 hoc
722 4258 867 4323 loco,
902 4259 1085 4328 Scalas
1116 4268 1314 4328 gentem
1338 4252 1745 4328 Britannicam;
1773 4261 2173 4328 onioesnautem

584 4329 803 4387 Codices
827 4319 957 4384 tnSs.
982 4319 1215 4382 relincunt
1242 4326 1510 4387 Atticotos,
1536 4325 1620 4376 vel
1644 4322 1915 4374 Aticoltos.
1944 4319 2045 4385 Qui
2070 4324 2175 4373 sint

624 4417 752 4457 orro
781 4403 1068 4465 Acticottre,
1105 4398 1189 4452 vel
1226 4395 1478 4457 Atticom’,
1522 4393 1643 4447 vide
1684 4390 2172 4465 apuduBuchanan.

624 4418 752 4457 OI'I'O
781 4418 1068 4465 Αεινεοιιιε,
1105 4418 1189 4452 VCI
1226 4418 1478 4457 amcam,
1524 4418 1643 4447 Vluc
1684 4418 1825 4459 apuu
1860 4418 2172 4445 Dutuau-Itt.

584 4418 681 4527 ΕΙ).
711 4488 746 4526 ll
781 4472 976 4526 Rerum
1002 4472 1362 4533 Scoticarum,
1398 4479 1519 4535 pag.
1555 4464 1711 4527 I7,et
1735 4466 1785 4516 in
1822 4462 1960 4535 libro
1984 4463 2051 4515 de
2075 4460 2176 4535 (ζου

585 4545 888 4598 Streusibns
932 4541 1127 4596 ofﬁciis
1157 4532 1525 4594 Romanorum
1576 4549 1671 4603 per
1722 4532 2048 4602 prmities.
2098 4533 2176 4588 De

582 4612 778 4667 iisdem
804 4615 1057 4667 Actacotis
1079 4610 1426 4666 Marcellinus
1449 4607 1543 4660 lib.
1568 4602 1712 4658 ixvtt
1737 4620 1750 4655 :
1776 4604 2006 4657 Actacoti
2031 4602 2176 4657 belli-

584 4699 706 4737 cosa
733 4682 994 4736 hominum
1023 4683 1184 4743 natio,
1215 4690 1263 4735 et
1286 4680 1429 4735 Scoti
1455 4694 1545 4748 per
1568 4678 1768 4730 diversa
1790 4672 2174 4748 vagantes._!.lbi

581 4754 794 4809 Atticoti
815 4753 1219 4818 distinguuntur
1244 4767 1275 4806 a
1300 4745 1499 4816 Scotis,
1524 4750 1663 4802 sicut
1691 4747 1742 4800 in
1770 4745 2025 4818 contextu
2051 4745 2175 4800 Hie-

580 4829 922 4898 ronymiano.
987 4817 1257 4880 Maurum.
1318 4852 1387 4898 -τ
1450 4819 1789 4898 Ammianus
1830 4817 2173 4898 Marcellinus

577 4887 867 4964 Iib.'xxvt,
898 4912 963 4981 ’c.
993 4898 1049 4978 4,
1079 4898 1343 4981 Atacqttos
1371 4888 1722 4981 legimuPicti,
1779 4887 1971 4970 inquit,
2006 4887 2176 4941 διεωθ-
2204 4922 2257 4981 D
2283 4888 2488 4981 hICibt‘I‘S
2521 4887 2779 4981 Ilelianus
2800 4889 2889 4957 IV,
2921 4905 2970 4981 t3
2994 4887 3119 4946 Var.
3143 4891 3308 4981 'I‘ertu

582 4985 785 5038 aesque,
818 4960 865 5024 et
891 4960 1144 5038 Scotitet
1195 4960 1730 5038 Atacotti'Britanno:
1746 4960 2178 5038 aerumnisnvexa—

580 5029 697 5093 uere
745 5029 1021 5093 continuis.
1071 5036 1205 5091 Vide
1252 5036 1639 5103 ﬂleronymum
1689 5030 1931 5102 Epistula
1965 5029 2178 5097 69,nu-

579 5124 734 5163 mero
763 5111 817 5163 5.

662 5190 685 5215 θ
715 5180 872 5233 Plato
900 5179 1047 5233 enim
1082 5189 1401 5231 communes
1432 5189 1628 5229 uxores
1656 5173 1710 5226 in
1749 5170 2046 5241 Republica
2078 5186 2172 5225 sua

583 5251 800 5305 volebat
822 5264 965 5304 e-sc.
995 5250 1130 5303 Cato
1163 5250 1432 5316 propriam
1464 5246 1753 5300 Hortensio
1779 5243 2169 5307 cotttniodavit,

584 5332 642 5377 ut
670 5323 772 5377 sub
801 5321 997 5389 prioris
1027 5320 1147 5374 libri
1173 5320 1331 5372 linem
1361 5326 1603 5389 notatum
1633 5326 1736 5370 est.

655 5392 675 5431 τ
712 5384 906 5448 Vocem
935 5408 1093 5463 regno
1110 5388 1521 5463 expungendam
1546 5384 1929 5463 eontendit_vir
1951 5385 2165 5463 doctus.

578 5464 711 5523 Mss.
740 5476 920 5519 autem
952 5454 1411 5533 imperio'habent
1441 5474 1541 5533 pro
1586 5472 1768 5527 regno,
1791 5454 1952 5522 idque
1995 5456 2167 5533 magis

575 5536 776 5607 placet.
818 5528 1261 5607 Proditum_vero
1300 5531 1368 5584 ab
1406 5528 1528 5607 aliis
1567 5540 1785 5596 quoque
1835 5528 2166 5607 auctoribus,

576 5600 721 5678 quod
750 5607 820 5663 de
846 5606 1050 5671 Persis,
1076 5601 1268 5678 Medis,
1296 5615 1405 5678 etc.
1435 5600 1795 5678 llieronymus
1825 5604 2031 5678 narrat.

655 5688 682 5725 8
712 5665 1120 5748 Subsequentes
1150 5674 1405 5728 historias
1422 5665 1693 5748 variarum
1712 5665 2170 5748 gentium,qu.em-

579 5746 873 5803 admodum
907 5735 964 5801 ct
991 5748 1098 5801 alia
1131 5760 1240 5801 non
1274 5755 1465 5813 pauca,
1506 5738 1879 5813 Ilieronymus
1926 5749 1995 5813 ex
2039 5735 2172 5789 Por-

579 5815 757 5890 phyrii
804 5816 945 5872 libro
984 5820 1105 5892 περὶ
1156 5809 1370 5887 ἀποχῆς
1421 5809 1679 5883 ἐμψύχων
1740 5811 2014 5860 ωυίυθῑιιδ
2062 5814 2169 5874 εει,

2292 3454 2480 3525 quales
2527 3453 2659 3509 deos
2705 3469 2925 3525 semper
2961 3454 3230 3528 Egyptus
3262 3458 3583 3529 recepisset,
3621 3477 3794 3532 nuper
3818 3465 3893 3520 ab

2280 3610 2447 3691 immo
2468 3609 2534 3663 ad
2557 3610 2781 3691 verbum
2798 3613 3259 3691 penetranstulit.
3281 3615 3538 3682 Qntedam
3566 3616 3729 3669 tnodo
3755 3621 3893 3673 soli-

2281 3688 2460 3762 necto,
2492 3696 2559 3733 ex
2591 3682 2790 3762 quibus
2820 3682 2875 3739 S.
2916 3683 3166 3762 Docntoris
3192 3697 3479 3741 contextus
3513 3687 3760 3741 nonnihil
3790 3706 3891 3747 ex-

2279 3752 2439 3820 poliri
2470 3768 2532 3831 ac
2560 3753 2772 3831 restitui
2792 3764 2967 3831 potest
2991 3771 3002 3806 :
3023 3753 3369 3831 Ἰστοροῦνται
3394 3764 3536 3831 γοῦν,
3565 3758 3739 3818 inquit
3769 3761 3887 3829 ille,

2278 3826 2609 3913 Μξσσαγέται
2654 3827 2741 3913 καὶ
2793 3826 3027 3913 Δέρϐικες
3077 3826 3420 3913 δεθλξιωτάτους
3492 3832 3726 3901 ἡγεῖσθαι
3783 3826 3888 3889 τῶν

2279 3897 2471 3949 οἰκείων
2512 3897 2981 3977 τούς-ἀὐτομάτως
3034 3900 3462 3961 τελευτήσαντας.
3493 3897 3578 3955 Δὶὸ
3621 3906 3704 3956 καὶ
3760 3907 3892 3977 φθά-

2282 3987 2487 4048 σαντες..
2506 3970 2823 4048 καταθύουσι
2852 3970 3227 4048 καὶῇἑισθιῶνται
3251 3979 3351 4025 τῶν
3371 3972 3622 4044 φιλτάτων
3646 3970 3887 4048 7013675-

2278 4036 2589 4118 ῖηρακᾷτας*
2622 4040 2906 4118 Τηςαρηνοςῖ
2935 4037 2988 4093 δέ
3011 4036 3721 4118 ζῶνταςλκαταδὶρημνὶζουσιν
3748 4036 3887 4111 τοὺς

2278 4111 2543 4190 ἐγγυῖάτω
2570 4110 2854 4190 ’γέροντἀς.
2889 4110 3141 4190 ’Υρὶξᾲνιοι
3196 4112 3250 4168 δὲ
3286 4117 3367 4167 καὶ
3394 4110 3637 4190 ’Κάσπιοι
3660 4158 3673 4180 ,
3702 4117 3748 4169 οἱ
3795 4110 3888 4190 μὲν

2278 4184 2467 4256 οἰωνοῖς
2608 4183 2752 4234 κυσὶν
2781 4183 3172 4256 παραβάλλουσι
3198 4188 3467 4249 ζῶντας,οἱ
3494 4183 3543 4239 δί
3578 4183 3878 4249 τεθνεῶτας.

2279 4252 2458 4305 Σκυθαὶ
2526 4250 2579 4305 δὲ
2651 4250 3160 4331 συγκατρρύττουσιν
3233 4259 3427 4319 ζῶντας
3475 4264 3562 4311 καὶ
3629 4260 3887 4331 ἐπισφάτ-

2279 4343 2426 4399 τουσι
2448 4330 2562 4383 ταῖς
2581 4322 2793 4399 πυραῖς.
2814 4322 2901 4383 οὓς
2926 4327 3199 4399 ἠγάπῳνῗοῖ
3216 4328 3483 4387 τεθνεῶτες
3507 4322 3886 4398 μάλισταίΚαΞ

2278 4397 2514 4480 Βάκτριοι
2548 4394 2637 4480 μέν
2657 4394 2750 4480 τοί
2766 4398 2889 4480 δευσὶ
2912 4397 3304 4469 παραϐάλλουσι
3328 4394 3523 4461 ζῶντας
3560 4400 3677 4456 τοὺς
3721 4421 3885 4474 γεγη-

2278 4466 2519 4550 ρακξταί⁶
2553 4466 2805 4550 nati-1061'
2831 4466 3181 4550 ξπιχεὶρήσας
3235 4470 3516 4550 ξαταλῦσαι
3546 4466 3827 4550 Στασάνωρ
3858 4474 3883 4527 ὁ

2290 4534 2598 4622 Αλέξανδρον
2624 4537 2878 4622 summa;
2901 4534 3093 4622 Δ(ξιὶκιὸοῡ
3115 4543 3205 4622 τήν
3227 4539 3404 4614 ἀρχὴν
3431 4540 3701 4622 ἀπέϐαλεν.

2353 4604 2379 4641 ¹ι
2404 4604 2791 4662 Cas'anatcnsis
2804 4604 3128 4662 rect'ius'esse
3150 4604 3398 4675 dicent-es,
3430 4624 3537 4663 tum
3567 4610 3659 4665 alii
3689 4628 3884 4669 tunncs

2280 4692 2410 4731 mss.
2440 4690 2873 4759 .consummnantu-r
2913 4693 3010 4747 pro
3040 4680 3395 4735 comedantur.
3430 4681 3602 4759 Porro
3628 4684 3697 4737 de
3739 4684 3885 4740 Mes-

2278 4749 2510 4816 sagetis,
2542 4763 2664 4820 quae
2705 4749 3029 4819 Scytharum
3071 4765 3207 4820 gens
3260 4763 3366 4818 est,
3397 4752 3586 4807 eadem
3615 4752 3731 4808 fere
3756 4771 3882 4811 nar—

2279 4829 2365 4899 rat
2393 4820 2594 4873 Sextus
2618 4818 2942 4891 Empyricus
2972 4818 3241 4888 Pyrrhon.
3266 4822 3306 4876 II
3355 4831 3601 4894 potypos.
3637 4825 3713 4878 De
3741 4824 3882 4883 Der-

2283 4888 2488 4944 htcibus
2521 4889 2779 4944 IIelianus
2800 4889 2889 4945 IV.
2921 4905 2961 4945 1.
2994 4890 3119 4945 Var.
3143 4838 3507 4945 Tertuihanus
3537 4893 3879 4945 Aooloaetiei

2583 4893 2779 4970 elianus
2800 4893 2889 4957 IV,
2921 4905 2970 4970 t,_
2994 4893 3119 4946 Var.
3143 4893 3507 4970 'I‘ertulltantts
3537 4893 3879 4970 Apologetici

2284 4974 2403 5035 cap.
2436 4959 2690 5014 9:Aiunt
2733 4970 2781 5015 et
2825 4961 2970 5031 apud
3009 4963 3259 5035 quosdam
3306 4964 3521 5035 gentiles
3561 4959 3880 5035 Scytharum

2279 5033 2579 5102 defunctum
2627 5048 2876 5102 quemque
2928 5051 2959 5085 a
3008 5033 3114 5086 suis
3169 5033 3387 5089 comedi.
3435 5033 3646 5090 Verius
3686 5051 3880 5094 contra

2278 5101 2539 5154 Marcion.
2699 5118 2715 5155 1
2748 5120 2763 5157 :
2793 5101 3088 5157 'Parentum
3135 5107 3389 5159 cadavera
3428 5123 3544 5160 eum
3593 5112 3880 5177 pecudibus

2278 5173 2673 5251 erasa-conuicio
2714 5184 3029 5251 concor-ant;
3059 5177 3149 5244 qui
3194 5193 3295 5229 non
3338 5177 3411 5229 ita
3455 5173 3791 5248 deceiserint,
3828 5190 3881 5234 ut

2278 5244 2509 5316 escatiles
2538 5243 2752 5316 fuerint,
2784 5246 3060 5298 maledicta
3090 5262 3225 5299 mors
3256 5255 3351 5300 est.

2359 5311 2372 5347 ί
2407 5311 2742 5394 Porphyrius
2788 5316 2921 5396 dicti.
2953 5321 3458 5396 κατακρημνίζουσιν.
3483 5318 3625 5396 quod
3656 5321 3879 5389 proprie

2276 5394 2383 5445 est,
2412 5388 2763 5453 prwcipitant,
2806 5388 2885 5440 uti
2925 5388 3089 5441 etiam
3115 5388 3191 5442 "ex
3240 5388 3570 5445 Theodoreti
3618 5388 3879 5447 sermone

2266 5453 2337 5509 de
2369 5453 2603 5521 Legibus
2631 5465 2798 5524 patet.

2350 5525 2362 5575 i
2400 5524 2559 5579 Falso
2600 5528 2863 5582 hactenus
2893 5527 3208 5583 obtinuerat
3239 5530 3292 5585 in
3324 5530 3486 5585 editis
3506 5530 3667 5585 libris
3699 5536 3879 5589 omni—

2274 5595 2400 5669 bus,
2429 5595 2668 5651 Nicanor
2719 5614 2816 5669 pro
2859 5597 3130 5667 Stasanor,
3158 5601 3302 5669 quod
3350 5617 3547 5656 nomen
3592 5618 3729 5659 mss.
3773 5610 3878 5659 duo

2276 5667 2610 5747 Veronensis
2640 5677 2706 5747 e_t_
2725 5667 3455 5747 Cisterciensispraeferunt.
3481 5672 3710 5747 Graecus
3738 5692 3874 5747 quo-

2274 5753 2379 5819 que
2420 5737 2709 5819 Porphyrii
2754 5749 2935 5819 textus
2964 5737 3257 5817 Στασάνωρ,
3284 5753 3449 5813 atque
3489 5737 3877 5805 historite'tcs-

2275 5809 2558 5863 timonium
2592 5808 2806 5877 probat.
