4062 6384
313 368 387 425 997
1199 366 1511 423 Αῡνεηδι
1531 368 1569 421 S
1605 365 1719 420 JU\

1822 364 2021 421 Αλυδι
2064 366 2189 421 LIB.
2239 368 2299 420 ll.

3304 372 3412 427 298

310 476 488 533 Iladriani
515 478 658 533 amasio
681 479 784 533 urbs
828 492 1013 533 eorum
1054 490 1087 515 ειν
1118 480 1391 534 Antinous
1433 481 1703 549 appellata
1733 484 1779 541 Α
1808 496 2050 545 sensum,
2082 482 2353 550 cupimus,
2384 481 2689 547 irascimur,
2723 485 3009 553 gestimus,
3029 484 3055 521 ἀ
3083 486 3407 551 invidemus,

304 580 377 625 est.
399 571 581 627 Pervides
598 573 720 641 igitur,
748 570 884 641 quod
930 588 1035 625 non
1076 573 1252 626 solum
1297 574 1353 626 in
1377 589 1496 639 esu,
1525 573 1621 627 sed
1650 584 1703 628 et

299 663 337 716 iii
359 666 585 734 sepulturis,
608 674 643 719 et
664 666 699 718 iii
720 664 1014 729 coonubiis,
1040 675 1094 719 et
1142 664 1194 719 in
1233 667 1381 721 omni
1410 682 1701 721 conversa-

296 755 400 812 tione
438 774 675 829 unaquaque
706 773 828 829 gens
875 772 974 811 suo
1031 759 1136 812 ritu
1177 768 1231 813 et
1275 761 1703 830 proprietatibus

291 851 440 906 victitet
460 869 471 905 :
490 860 529 907 et
550 851 621 905 hoc
648 866 731 906 eam
763 860 965 905 natura:
996 850 1169 921 legem
1200 863 1411 920 putare,
1440 852 1585 920 quod
1623 853 1703 907 di-

283 940 394 996 dicit.
422 942 560 998 Verum
583 942 641 997 lac
665 958 791 996 csum
837 943 1084 997 carnium
1132 945 1343 998 cunctis
1392 943 1703 999 nationibus

277 1050 369 1091 esse
406 1050 677 1101 communem;
708 1046 757 1091 et
814 1038 1017 1106 passim
1076 1038 1263 1103 licere,
1305 1038 1450 1108 quod
1504 1039 1701 1107 passim

269 1129 460 1200 gignitur.
487 1128 588 1197 Quid
612 1130 659 1183 ad
680 1143 784 1196 nos,
818 1145 1052 1201 quorum
1081 1132 1427 1186 conversatio
1460 1132 1511 1185 in
1549 1133 1703 1187 cadis

268 1234 351 1286 est;
374 1224 441 1294 qui
458 1238 579 1289 super
600 1223 921 1294 Pythagoram
943 1237 997 1280 et
1022 1225 1423 1293 Empedoclem,
1439 1235 1493 1280 et
1514 1241 1705 1282 omnes

258 1314 469 1385 sapientia:
491 1325 738 1383 sectatores,
769 1333 875 1370 non
908 1318 957 1371 ei
998 1317 1261 1372 debemur
1287 1320 1374 1372 cui
1403 1318 1701 1383 nascimur,

253 1408 326 1463 sed
360 1407 425 1462 cui
463 1407 726 1463 renascimur
757 1427 769 1461 :
802 1410 891 1477 qui
942 1422 1336 1479 repugnantem
1376 1424 1622 1470 carnem.
1650 1419 1707 1465 et

246 1502 299 1555 ad
331 1503 547 1557 libidinum
591 1503 826 1558 incentiva
860 1504 1180 1573 rapientem,
1231 1503 1415 1558 inedia
1445 1504 1702 1571 subjugao

240 1594 368 1648 mus?
393 1595 502 1650 Estis
526 1595 745 1661 carnium,
776 1605 831 1651 et
857 1608 1018 1665 potus
1046 1598 1178 1663 vini,
1205 1596 1528 1667 ventrisqiie
1551 1605 1703 1650 satu-

234 1693 359 1755 ritas,
382 1694 659 1749 seminarium
698 1693 934 1748 libidinis
980 1703 1080 1747 est.
1117 1692 1271 1748 Unde
1320 1700 1376 1746 et
1402 1692 1655 1747 Comicus
1688 1710 1699 1743 :

230 1804 245 1836 ι
286 1787 391 1841 Siue
408 1784 585 1851 Cerere,
613 1788 788 1857 inquit,
816 1797 871 1841 et
895 1786 1093 1841 Libero
1129 1785 1289 1855 friget
1318 1785 1520 1839 Venus.
1552 1804 1571 1835 ι

1806 577 2145 639 :cmulamur,
2177 577 2393 631 solliciti
2425 594 2633 639 sumus,
2668 587 2723 631 et
2753 580 2973 647 expleta
3008 580 3290 649 voluptate
3314 596 3409 649 per

1805 668 2093 735 quamdam
2120 669 2538 737 paenitudinem,
2566 685 2755 724 rursus
2790 672 3141 726 accendimur
3172 690 3184 725 :
3216 673 3413 740 quarri-

1808 774 2037 829 musque
2083 760 2284 827 facere,
2312 762 2455 831 quod
2485 778 2606 816 cuin
2654 762 2963 827 fecerimus,
2994 764 3190 819 iterum
3241 766 3414 833 poeni-

1807 861 2042 908 teaiiius.
2074 855 2238 923 Igitur
2284 871 2407 910 cum
2460 872 2555 927 per
2604 856 2701 910 has
2747 870 2951 927 portas,
2986 858 3137 927 quasi
3188 858 3412 926 quidam

1806 948 2278 1016 perturbationum
2306 949 2464 1003 cunei
2490 948 2556 1002 ad
2584 963 2764 1003 arcem
2796 959 3001 1003 nostra:
3022 947 3222 1003 mentis
3244 950 3415 1003 intra-

1806 1040 2006 1103 verint,
2036 1041 2126 1093 ubi
2163 1042 2269 1094 erit
2295 1041 2547 1106 libertas,
2575 1042 2665 1096 ubi
2715 1042 2977 1097 fertitudo
3026 1041 3168 1109 ejus,
3200 1042 3289 1095 ubi
3344 1040 3414 1096 de

1811 1132 1921 1186 Deo
1964 1132 2271 1203 cogitatio:
2315 1136 2549 1187 maxime
2601 1151 2725 1188 cum
2778 1144 2952 1188 tactus
3000 1134 3257 1203 depingat
3307 1133 3412 1187 sibi

1808 1226 1968 1279 etiam
2022 1226 2325 1294 prteteritas
2370 1228 2702 1297 voluptates,
2733 1237 2786 1279 ct
2828 1227 3210 1280 recordatione
3250 1226 3409 1280 vitio-

1810 1333 1929 1371 rum
1962 1328 2120 1387 cogat
2162 1318 2399 1371 animam
2448 1320 2707 1388 conipati,
2733 1328 2787 1374 et
2824 1318 3226 1387 quodaminodo
3256 1334 3413 1373 exer-

1808 1426 1933 1465 cere
1963 1410 2107 1480 quod
2137 1426 2242 1465 non
2276 1410 2422 1481 agit?

1878 1506 1932 1561 9.
1976 1504 2153 1559 Crates
2188 1505 2477 1560 Thebanus.
2530 1507 2625 1561 IIis
2651 1508 2812 1577 igitur
2861 1508 3169 1561 rationibus
3203 1506 3422 1561 invitati

1807 1599 1961 1652 multi
1984 1599 2457 1668 philosophorum,
2474 1600 3163 1670 reliqueruntfrequentias
3176 1601 3416 1663 urbium,

1808 1700 1865 1744 ct
1900 1690 2150 1745 hortulos
2178 1692 2541 1751 suburbanos,
2574 1691 2664 1745 ubi
2693 1706 2820 1762 ager
2850 1693 3107 1763 irriguus,
3156 1702 3213 1746 et
3257 1692 3420 1746 arbo-

1811 1799 1928 1836 rum
1961 1800 2157 1847 comm,
2187 1794 2241 1837 et
2263 1799 2520 1839 susurrus
2543 1786 2750 1847 avium,
2783 1784 2946 1839 fontis
2992 1785 3297 1853 speculum,
3347 1783 3423 1838 ri-

277 1880 320 1935 8.
338 1880 703 1948 Qttinquetensus,
721 1880 1235 1933 vitiorumintroitua.
1261 1876 1703 1931 Viciniisinsania:
1738 1879 1782 1938 Β
1808 1893 1907 1932 vus
1933 1880 2376 1943 iinmurmurans,
2411 1890 2464 1933 et
2487 1879 2670 1933 multa:
2703 1881 2987 1934 oculorum
3008 1883 3330 1950 auriumque
3355 1881 3421 1933 il-

211 1989 331 2025 amor
358 1973 600 2027 mulierum.
632 2004 691 2014 ο-
718 1972 816 2029 Per
851 1973 1094 2043 quinque
1136 1987 1332 2027 sensus
1355 2012 1369 2035 ,
1409 1971 1562 2040 quasi
1611 1984 1708 2037 per

204 2064 418 2131 quasdam
441 2066 685 2129 fenestras,
704 2065 950 2118 vitiorum
974 2062 1038 2115 ad
1070 2063 1304 2115 animam
1324 2062 1578 2115 introitus
1604 2068 1710 2115 est.

194 2154 291 2209 Non
319 2168 475 2227 potest
503 2167 610 2211 ante
646 2156 953 2225 tnetr0polis
987 2164 1041 2208 et
1070 2171 1163 2208 arx
1198 2154 1396 2207 mentis
1426 2154 1567 2220 capi,
1610 2153 1713 2205 nisi

185 2264 269 2318 per
289 2260 453 2317 portas
470 2248 571 2318 ejus
588 2249 784 2303 irruerit
804 2248 1019 2302 hostilis
1048 2247 1343 2303 exercitus.
1369 2246 1570 2300 lloruni
1597 2260 1715 2313 per-

179 2340 537 2393 turbationibus
555 2340 712 2393 anima
727 2350 1098 2409 praegravatur
1116 2356 1127 2389 :
1150 2348 1204 2392 et
1230 2338 1439 2407 capitur
1467 2349 1713 2406 aspectu,

170 2430 589 2496 auditii,odoratu,
605 2444 805 2499 sapore,
824 2440 990 2485 tactu.
1010 2430 1066 2485 Si
1085 2427 1432 2483 Circensibus
1449 2428 1717 2498 quispiam

165 2522 523 2577 delecteturzsi
571 2521 885 2575 athletarum
943 2523 1244 2575 certamine
1274 2538 1287 2573 :
1317 2520 1362 2574 si
1413 2518 1720 2574 mobilitate

168 2617 458 2669 histrionum
487 2613 555 2668 :si
578 2613 754 2668 formis
778 2614 1065 2668 mulierum
1102 2630 1115 2665 :
1161 2612 1454 2682 splendore
1481 2626 1720 2681 gemma-

167 2726 278 2773 'lltll,
306 2708 538 2775 vestium,
564 2708 925 2773 metallorum,
952 2715 1011 2761 et
1061 2706 1274 2760 creteris
1316 2703 1717 2774 hujuscemodi,

166 2818 234 2857 ier
268 2800 530 2856 oculorum
584 2799 845 2856 feneslras
874 2800 1071 2853 animae
1103 2808 1259 2868 capta
1288 2797 1507 2852 libertas
1533 2806 1636 2860 est,
1668 2811 1722 2863 ει

166 2896 381 2961 mpletur
400 2893 527 2948 illud
543 2892 907 2964 propheticum
936 2911 947 2944 :
977 2891 1122 2945 Mors
1140 2890 1453 2960 intravit'per
1469 2895 1719 2961 fenestras

165 2989 279 3059 :37
301 2986 326 3025 ι’
354 2998 535 3042 vestras
565 2985 694 3058 (Jer.
720 2987 856 3057 xxi).
886 2986 1120 3040 Rursum
1144 2984 1356 3039 auditus
1384 2984 1535 3038 vaiio
1565 2996 1723 3051 orga-

166 3097 303 3136 orum
326 3092 503 3147 cantu,
527 3090 582 3136 et
607 3095 795 3136 vocum
814 3079 1192 3135 inflexionibus
1217 3077 1473 3133 delinitur
1497 3094 1509 3129 :
1530 3087 1581 3131 et
1599 3088 1719 3130 car-

172 3177 257 3229 ine
286 3186 562 3244 poetarum
584 3185 637 3231 et
653 3174 1067 3241 comoediarum,
1087 3173 1487 3241 mimorumque
1510 3170 1723 3231 urbani,

1812 1970 2073 2025 lecebrie:
2121 1988 2187 2023 ne
2233 1987 2327 2040 per
2372 1972 2559 2026 luxum
2607 1981 2662 2025 et
2704 1972 3419 2043 abunilanlianicoplaruin,

1814 2066 2008 2119 animae
2078 2065 2340 2119 fortitudo
2411 2065 2800 2129 mollescerct,
2856 2076 2912 2121 et
2966 2067 3083 2135 ejus
3158 2068 3423 2137 pudicitia

1816 2166 2284 2224 constupraretur.
2358 2154 2552 2211 Inutile
2625 2158 3008 2227 (periculosum
3064 2169 3112 2211 et
3170 2161 3426 2229 noxium)

1818 2248 2020 2316 quippe
2050 2257 2137 2302 est
2158 2248 2354 2303 crebro
2384 2250 2575 2303 videre
2617 2264 2712 2316 per
2746 2266 2865 2317 qua:
2904 2249 3197 2317 aliquando
3234 2262 3427 2319 captus

1819 2338 1918 2403 sis,
1942 2348 2207 2395 eteorum
2234 2350 2284 2394 te
2306 2340 2689 2407 experimento
2716 2341 3081 2404 committere,
3122 2341 3287 2414 338
3308 2344 3430 2412 qui-

1822 2431 1922 2485 bus
1950 2432 2245 2487 difficulter
2273 2447 2484 2486 careas.
2517 2433 2648 2486 Nain
2682 2443 2737 2487 et
2785 2433 3123 2504 Pytliagormi
3176 2437 3427 2505 hujusce-

1823 2524 1969 2578 modi
2036 2524 2400 2594 frequentiam
2477 2524 2862 2590 declinantes,
2923 2528 2975 2581 iii
3031 2530 3324 2584 solitudine
3375 2543 3429 2585 et

1823 2612 2055 2667 desertis
2109 2615 2247 2667 locis
2306 2614 2553 2669 habitare
2610 2626 2632 2651 ε
2679 2628 3101 2672 consueverunt.
3163 2619 3430 2675 Platonici

1825 2722 2041 2776 quoque
2066 2716 2119 2762 et
2146 2706 2317 2762 Stoici
2368 2708 2419 2761 in
2479 2708 2806 2777 templorum
2838 2710 2977 2764 lucis
3026 2720 3082 2765 et
3134 2714 3431 2782 porticibus

1826 2799 2209 2867 versabantur,
2235 2810 2292 2854 ut
2308 2801 2578 2855 admoniti
2600 2802 2931 2871 angustioris
2950 2802 3057 2874 [ΑΙ.
3081 2806 3431 2877 augustioris]

1826 2893 2122 2948 habitaculi
2152 2894 2464 2960 sanctitate,
2492 2894 2627 2947 nihil
2657 2895 2805 2949 aliud
2851 2912 3012 2965 quam
3038 2898 3106 2951 de
3134 2899 3430 2954 virtutibus

1824 2984 2148 3053 cogitarent.
2182 2984 2285 3039 Sed
2322 2995 2375 3038 et
2407 2986 2523 3055 ipse
2578 2985 2735 3038 Plato
2774 3002 2895 3040 cuin
2946 2998 3092 3041 esset
3145 2989 3319 3051 dives,
3376 3001 3433 3045 ct

1826 3084 1976 3130 toros
2003 3076 2121 3145 ejus
2158 3077 2425 3147 Diogenes
2454 3078 2639 3132 lutatis
2685 3078 2915 3146 pedibus
2946 3081 3297 3137 conculcaret
3331 3099 3343 3134 :
3372 3091 3429 3136 ut

1828 3178 2011 3236 posset
2043 3183 2237 3223 vacare
2269 3170 2660 3238 philosophice,
2691 3170 2856 3240 elegit
2891 3169 2908 3207 τ
2941 3172 3292 3228 Academiam
3327 3176 3429 3229 vil-

171 3268 312 3322 tibus
335 3277 388 3322 et
410 3266 677 3335 str0phis.
696 3266 955 3337 quidquid
986 3281 1083 3335 per
1111 3280 1271 3321 aures
1292 3262 1714 3329 introiens,viri-
1748 3274 1793 3337 ο
1827 3257 1931 3311 lam
1960 3258 2028 3313 ab
2049 3260 2183 3314 urbe
2212 3260 2425 3329 procul,
2476 3275 2582 3314 non
2633 3262 2809 3314 solum
2863 3262 3172 3329 desertam,
3218 3266 3314 3320 sed
3373 3277 3429 3321 ei

169 3371 311 3414 atem
350 3360 553 3414 mentis
599 3357 900 3413 ell‘eniinat.
942 3358 1135 3413 Odoris
1162 3366 1340 3411 autem
1374 3356 1633 3421 suavitas,
1669 3364 1724 3411 et

166 3468 311 3507 tersa
331 3453 724 3524 tbymiamata,
750 3461 805 3507 et
844 3466 1141 3515 amomum,
1162 3460 1215 3507 et
1236 3450 1418 3521 cyplii,
1442 3448 1719 3515 mnanthe,

164 3560 388 3609 nuscus,
414 3555 472 3599 et
506 3544 785 3614 peregrini
810 3545 978 3599 muris
1009 3542 1278 3613 pellicula,
1309 3542 1455 3613 quod
1483 3543 1719 3597 dissolu-

176 3649 236 3695 et
276 3638 640 3693 amatoribus
697 3636 1202 3701 cenveniat,nemo
1253 3636 1360 3690 nisi
1414 3636 1715 3691 diSSolutns

163 3743 253 3791 tat.
294 3731 482 3787 Porro
530 3730 797 3785 ciborum
829 3730 1078 3797 aviditas,
1109 3729 1250 3799 quod
1280 3730 1519 3783 avaritizn
1546 3739 1717 3785 mater

185 3835 245 3879 et
278 3823 545 3878 animum
582 3824 748 3893 quasi
781 3821 1102 3892 quibusdam
1128 3822 1487 3890 compedibus
1512 3822 1709 3893 degra-

171 3933 250 3970 ini
287 3916 347 3969 in
380 3926 539 3970 terra
569 3924 785 3977 teneat,
811 3914 932 3984 quis
961 3913 1208 3981 ignorat?
1235 3913 1464 3984 Propter
1496 3914 1715 3969 brevem

164 4028 187 4063 e
252 4010 657 4078 voluptatem,
694 4016 860 4063 terra:
904 4007 1205 4063 lustrantur
1249 4018 1304 4062 et
1353 4008 1552 4074 maria;
1583 4017 1719 4064 etut

163 4118 291 4157 sum
355 4101 565 4156 vinum
623 4100 1020 4171 pretiosusque
1065 4101 1219 4157 cibus
1268 4102 1451 4173 fauces
1504 4111 1720 4157 nostras

164 4205 321 4261 seat,
352 4194 545 4250 totius
574 4194 718 4248 vitae
746 4193 768 4266 [
794 4194 895 4247 .lfs.
926 4193 1113 4266 opere]
1145 4209 1310 4264 opera
1354 4193 1709 4249 desudamus.

165 4306 236 4345 us
289 4299 505 4343 autem
570 4288 894 4343 alienorum
948 4304 1259 4357 corporum,
1296 4298 1348 4343 et
1384 4288 1711 4343 feminarum

164 4384 329 4437 atior
391 4380 743 4451 appetitus,
774 4379 986 4434 vicinus
1032 4379 1259 4435 insaniae
1302 4390 1405 4435 est.
1440 4378 1523 4435 Ob
1570 4380 1714 4436 hunc

1830 3356 2174 3422 pestilentem
2204 3372 2215 3407 :
2250 3365 2306 3409 ut
2336 3370 2463 3409 cura
2497 3365 2551 3409 et
2576 3354 2894 3411 assiduitate
2928 3359 3262 3423 morborum,
3308 3358 3429 3413 libi-

1824 3446 1967 3501 dinis
1996 3448 2231 3517 impetus
2256 3452 2603 3519 frangeretur
2638 3466 2651 3503 :
2685 3449 3048 3522 discipulique
3094 3455 3177 3507 sui
3221 3453 3425 3507 nullam

1822 3540 1983 3595 aliain
2013 3542 2284 3597 sentirent
2326 3544 2687 3612 voluptatein,
2718 3546 2819 3598 nisi
2852 3562 3039 3600 carum
3077 3563 3256 3601 rerum
3290 3562 3424 3616 quas

1821 3634 2121 3690 discerent.
2156 3636 2430 3704 Quasdam
2464 3637 2691 3708 legimus
2712 3638 2969 3694 effudisse
2995 3640 3096 3693 sibi
3127 3639 3330 3700 oculos,
3360 3656 3427 3695 ne

1819 3744 1917 3799 per
1945 3743 2135 3783 eorum
2158 3731 2333 3783 visum
2363 3744 2394 3782 a
2420 3730 2885 3801 contemplatione
2908 3731 3265 3801 philosOpIiim
3290 3746 3426 3785 avo-

1816 3833 2089 3875 carentur.
2124 3820 2280 3877 Unde
2312 3831 2365 3875 et
2386 3822 2577 3877 Crates
2610 3822 2699 3876 ille
2739 3822 3053 3888 Thebanus,
3093 3825 3339 3891 projecto
3367 3824 3422 3879 in

1817 3912 1952 3967 mari
1978 3928 2083 3968 non
2110 3930 2277 3983 parvo
2298 3915 2416 3968 auri
2443 3914 2704 3983 pondere,
2736 3927 2760 3963 κ
2781 3917 2961 3981 Abite,
2991 3916 3187 3984 inquit,
3205 3933 3426 3987 pessum

1817 4004 1977 4058 mala:
2001 4005 2330 4073 cupiditates
2367 4024 2379 4060 :
2410 4020 2513 4076 ego
2544 4022 2639 4060 vos
2668 4022 2934 4077 mergant,
2960 4022 3030 4061 ne
3064 4008 3181 4075 ipse
3211 4026 3428 4080 mergar

1819 4110 1849 4148 a
1880 4096 2055 4152 vobis.
2076 4096 2228 4164 Quod
2252 4098 2297 4151 si
2322 4099 2441 4168 quis
2469 4098 2747 4153 existimat
2774 4098 2880 4169 [AL
2903 4098 3160 4171 aestimat]
3178 4110 3232 4153 et
3252 4101 3426 4156 abun-

1818 4190 2000 4245 dantia
2028 4193 2273 4246 ciborum
2305 4193 2698 4264 potionumque
2729 4191 2755 4228 ιι
2784 4208 2843 4248 se
2869 4193 3097 4261 perfrui,
3139 4202 3196 4249 et
3225 4210 3423 4251 vacare

1822 4301 1981 4356 posse
2010 4285 2316 4357 sapientim,
2348 4286 2453 4342 hoc
2477 4298 2583 4353 est,
2608 4298 2662 4343 et
2689 4292 2896 4342 versari
2920 4288 2971 4342 in
3001 4287 3233 4351 deliciis,
3255 4289 3425 4345 etde-

1820 4380 2069 4435 liciarum
2113 4380 2259 4434 vitiis
2309 4394 2419 4435 non
2472 4384 2645 4437 teneri
2674 4422 2687 4445 ,
2736 4381 2973 4449 seipsum
3019 4380 3239 4450 decipit.
3287 4379 3423 4437 Cum

166 4526 305 4578 ,Frbs
320 4540 540 4579 eorum
572 4523 868 4577 Antinous.
899 4521 976 4576 De
997 4519 1379 4593 Antinooivide
1406 4518 1714 4593 an_notatio-
1740 4532 1795 4593 ι)
1820 4520 1948 4593 liciti
1960 4536 2175 4593 eamus,
2221 4534 2326 4593 non
2357 4517 2626 4585 agnoscit.
2652 4513 2869 4593 Deinde
2897 4523 3051 4568 vetus
3099 4514 3267 4571 editio
3324 4516 3432 4587 ple-

169 4606 391 4649 οδω-δε
415 4605 459 4649 ι.
487 4595 566 4649 III
599 4595 759 4648 edit.
786 4607 988 4648 nosme
1017 4593 1068 4645 in
1094 4608 1145 4643 c.
1175 4606 1210 4643 ii
1246 4591 1413 4645 Isaiae.
1439 4589 1710 4644 Maurus.

166 4680 286 4722 .tea
344 4677 494 4721 erat
550 4666 849 4719 Antinois.
893 4663 999 4719 Sed
1047 4662 1334 4717 Antinous.
1398 4672 1453 4713 ut
1484 4661 1536 4713 in
1582 4676 1713 4713 mss.

170 4757 274 4801 ur,
314 4754 439 4807 pro
466 4736 891 4805 Antiuoupolis
914 4736 1113 4803 passim
1135 4732 1273 4807 apud
1298 4740 1511 4785 veteres
1528 4746 1721 4807 occur—

164 4802 332 4879 ξιιυὸ
370 4809 574 4863 a'iter
618 4802 766 4862 fere
790 4802 1039 4879 umquam
1070 4821 1132 4879 ea
1170 4806 1362 4879 civitas
1393 4802 1718 4879 appellatur.

173 4870 291 4934 ah.
350 4880 792 4934 Marcellinus
835 4870 928 4932 lib.
957 4877 1067 4929 ‘22:
1100 4876 1380 4930 Antinoon.
1421 4890 1577 4939 quam
1611 4870 1722 4924 Hu-

164 4971 211 5005 (δ
280 4953 348 5004 in
413 4951 740 5003 honorem
790 4949 1002 5002 Antinoi
1040 4948 1222 5015 ephebi
1261 4944 1512 4998 condidit.
1546 4943 1723 4998 (ξηιίοί

166 5050 175 5073 ι
214 5024 465 5076 dll’lllll
490 5039 509 5075 :
543 5022 706 5075 hinc
737 5022 940 5075 Aiitino
972 5034 1067 5088 pro
1093 5018 1457 5088 Aiitinojiolis,
1484 5026 1537 5068 ul
1569 5015 1717 5088 Pani)

163 5094 509 5162 iiinmlis,
555 5104 761 5161 atque
794 5104 854 5146 ut
887 5086 981 5145 liic‘
1021 5091 1139 5159 ipse
1169 5088 1320 5144 Hier.
1353 5087 1538 5153 habet,
1567 5086 1721 5157 Cyno

168 5165 509 5231 'iiopulis.

167 5228 457 5290 ator-ius
534 5234 782 5289 maluit
828 5243 1031 5287 nostra:
1063 5274 1077 5294 ,
1126 5231 1484 5286 dissentiente
1532 5228 1725 5284 Gra‘co

167 5310 321 5361 ητα
368 5306 806 5361 Veronensis
830 5303 1138 5375 ﬂexiouibus
1171 5319 1267 5375 pro
1309 5300 1676 5375 inﬂationibus
1707 5314 1726 5353 .'

168 5398 192 5432 ξ
240 5388 469 5432 vetus
539 5377 766 5432 editio
796 5373 917 5432 cum
967 5376 1172 5429 Victor.
1226 5373 1585 5429 Comaedurum
1629 5384 1726 5440 pro

166 5453 319 5502 Fara
331 5466 401 5501 m
414 5490 429 5501 .

174 5522 384 5574 isule
441 5519 543 5573 de
584 5519 781 5574 hisce
810 5516 1183 5574 odoramentis
1223 5514 1617 5569 Dioscoridem.
1655 5512 1734 5567 De

173 5612 211 5645 η
268 5591 656 5646 aviditate
698 5594 954 5660 exempla
993 5589 1135 5657 apud
1176 5587 1487 5660 Petronium
1539 5586 1591 5637 in
1639 5583 1738 5638 Sa-

184 5661 527 5717 Mulsum
562 5704 583 5725 ,
673 5662 835 5731 quod
874 5657 1172 5721 tuominat,
1217 5660 1267 5711 iii
1313 5657 1493 5731 Macro
1536 5665 1691 5724 poeta
1719 5694 1735 5718 ,

192 5749 496 5789 recuset
552 5728 965 5803 Sigebertus,
1002 5733 1207 5796 vinum,
1260 5729 1343 5783 vel
1388 5728 1554 5784 etiam
1600 5740 1738 5795 aqua

210 5823 255 5861 e
302 5806 592 5860 diluta.

208 5878 603 5933 inaleiisis
640 5875 880 5939 iSIIIIBC,
907 5874 1218 5940 invidemus,
1265 5869 1594 5937 temulamur,
1635 5868 1739 5922 sol—

513 5971 861 6032 PATBOL.
908 5967 1150 6029 XXIII.

1819 4591 2108 4644 nitudinem
2154 4590 2316 4644 liabet
2369 4604 2467 4658 pro
2526 4586 2927 4655 pmttiludinem;
2983 4600 3048 4638 ex
3104 4602 3233 4642 mss.
3292 4586 3425 4645 vero

1820 4661 2071 4716 omnibus
2102 4663 2434 4714 accendimur
2461 4660 2703 4728 reposui,
2738 4672 2838 4725 pro
2892 4673 2958 4709 eo
3014 4658 3157 4725 quod
3190 4674 3305 4715 erat
3335 4680 3423 4717 ac~

1821 4732 2104 4784 cendimus.

1900 4812 1923 4838 ε
1950 4800 2077 4855 Mss.
2109 4810 2497 4854 consueverant.
2534 4797 2900 4853 Emendainus
2930 4800 3091 4867 paulo
3132 4813 3253 4868 post
3293 4815 3423 4859 tem-

1827 4873 2029 4945 plorum
2058 4871 2193 4925 lucis
2222 4887 2320 4939 pro
2351 4888 2416 4924 eo
2448 4872 2590 4938 quod
2626 4871 2889 4945 hactenus
2942 4869 3171 4925 obtinuit
3200 4915 3215 4939 ,
3270 4875 3421 4943 locis,

1829 4942 2129 5012 iiicoigruo
2160 4942 2721 5013 sensuatquejiiuiili
2752 4980 2767 5002 ,
2802 4951 2854 4992 et
2882 4952 3069 4993 contra
3116 4942 3427 5013 castigatio;

1830 5030 1946 5069 rum
1981 5010 2229 5065 codicum
2280 5011 2461 5063 (idem.
2514 5010 2749 5082 Gravius
2795 5025 3009 5078 quoque
3058 5014 3188 5065 lucis
3234 5010 3425 5082 reponi

1831 5086 2042 5145 maluit,
2074 5083 2169 5137 sed
2190 5081 2396 5150 jamdiu
2426 5082 2553 5133 oliui
2583 5081 2904 5135 Alimlardu~
2936 5082 3111 5135 locum
3156 5081 3307 5141 hunc
3341 5103 3430 5143 rc-

1831 5159 2005 5211 cilaiis
2035 5155 2128 5209 lib.
2165 5170 2220 5208 tt.
2254 5151 2515 5222 'I‘heolog.
2546 5151 2841 5207 CliriSIiaii.
2878 5152 2948 5207 ita
2978 5156 3207 5224 legerat.

1910 5226 1927 5264 τ
1964 5225 2037 5279 Ita
2072 5242 2133 5278 ex
2168 5225 2454 5279 Alia-lardo
2510 5225 2673 5277 niodo
2717 5224 2933 5278 laudato
2962 5226 3226 5293 legimus,
3250 5232 3426 5286 veteri

1836 5312 2049 5369 quoque
2073 5296 2315 5369 editione
2340 5304 2739 5369 consentiente.
2770 5299 2941 5351 Antea
2995 5308 3111 5351 erat
3156 5299 3430 5353 Academi-

1838 5367 1951 5423 cum
1996 5367 2168 5421 villam
2197 5410 2210 5430 ,
2261 5368 2438 5429 male;
2485 5380 2670 5423 notum
2707 5369 2908 5437 quippe
2954 5370 3098 5423 isuid
3159 5374 3434 5426 exstitisse

1838 5441 1980 5495 villae
2009 5455 2203 5494 noon-ii
2228 5439 2521 5493 Academia.

1913 5522 1937 5559 δ
1968 5512 2022 5567 S.
2045 5511 2341 5581 Gregorius
2359 5510 2728 5581 Nazianzenus
2764 5508 2913 5563 Orat.
2942 5509 2994 5563 in
3017 5510 3300 5565 laudeinS.
3331 5513 3430 5566 Ba-

1840 5582 1972 5643 silii.
2004 5584 2146 5638 hanc
2168 5580 2328 5636 aliain
2362 5602 2388 5633 a
2418 5580 2641 5635 Cratere
2693 5591 2818 5633 tunc
2868 5585 3269 5645 pronuntiatam
3304 5598 3432 5636 sen-

1842 5657 2061 5709 tentiain
2100 5656 2303 5717 laudat,
2333 5651 2512 5706 Crates
2539 5651 2802 5706 Craterein
2850 5649 3151 5703 Thebanum
3196 5649 3430 5709 libertate

1842 5727 2017 5779 donat.
2049 5724 2168 5779 Vid.
2205 5724 2373 5793 Epist.
2416 5725 2513 5779 ll8
2544 5724 2608 5776 ad
2638 5722 2842 5775 Julian.
2873 5738 3022 5793 nun).
3055 5720 3108 5773 5.

1913 5797 1941 5835 ιι
1976 5797 2141 5851 Vetus
2172 5792 2302 5850 edit.
2334 5812 2532 5864 semper
2574 5794 2677 5863 frui
2707 5808 2725 5843 ε
2767 5803 2877 5845 tum
2921 5792 3255 5847 Veronensis
3300 5811 3432 5856 mss.

1842 5870 1972 5923 inter
2000 5867 2235 5921 delicias.

2923 5959 2995 6021 lO
