4062 6366
545 337 652 392 299

1798 323 1885 393 is.
1929 320 2203 379 EUSEBll
2241 320 2623 378 HIEBONYMI

3718 319 3722 324 ’
3747 324 3857 382 500

549 451 696 508 enim
723 447 911 518 procul
937 443 1008 499 ab
1037 443 1122 498 his
1149 440 1349 499 remoti
1375 455 1519 510 saepe
1545 439 1826 510 capiamur
1857 451 2062 494 natura:
2087 439 2151 493 il-
2177 440 2225 499 A
2255 453 2561 509 pomorum,
2595 453 2661 494 ae
2691 438 3050 506 leguminum,
3082 447 3139 492 et
3167 437 3374 492 facilior
3423 445 3716 508 apparatus
3747 449 3853 509 est,

549 541 802 606 lecebris,
835 548 891 593 et
919 552 1181 608 cogamur
1208 551 1273 591 ea
1301 549 1523 604 cupere,
1551 547 1781 603 quorum
1805 534 2018 602 capiam
2045 547 2151 586 non

545 635 851 697 habemus;
882 641 1088 701 quanto
1145 631 1339 698 magis,
1368 629 1411 681 si
1440 627 1763 681 circumdati
1807 626 2014 680 retibus
2060 638 2155 678 vo—

541 729 814 798 luptatum
835 765 850 792 ,
881 740 1006 781 esse
1037 739 1136 779 nos
1164 723 1371 777 liberos
1396 722 1764 776 arbitremur!
1808 721 2016 776 Sensus
2056 733 2155 773 no-

541 831 659 879 ster
692 821 824 875 illud
837 820 1066 889 cogitat,
1087 817 1231 887 quod
1255 817 1428 882 videt,
1452 816 1624 882 audit,
1646 814 1928 881 udoratur,
1952 820 2152 884 gustat,

543 921 826 977 attrectat,
873 925 926 967 et
957 911 1023 966 ad
1057 911 1174 981 ejus
1234 910 1313 965 rei
1359 910 1592 964 trahitur
1633 910 1954 980 appetitum,
1999 907 2155 976 cujus

544 1007 759 1074 capitur
787 1005 1086 1075 voluptate.
1116 1003 1274 1070 Quod
1316 1018 1474 1058 mens
1505 1003 1717 1069 videat,
1768 1013 1822 1057 et
1857 1015 2012 1056 meus
2054 1015 2153 1054 au-

549 1102 665 1157 diat
687 1118 700 1166 ;
726 1110 780 1154 et
805 1100 948 1169 quod
981 1115 1082 1154 nec
1112 1098 1302 1152 audire
1332 1098 1632 1167 quippiam,
1669 1110 1770 1150 nec
1798 1094 1983 1150 videre
2032 1107 2158 1163 pos-

547 1197 721 1252 simus
739 1193 850 1267 [AL
870 1192 1204 1264 possemus],
1225 1193 1328 1246 nisi
1347 1207 1544 1247 sensus
1568 1192 1619 1245 in
1635 1205 1696 1245 ea
1721 1205 1840 1260 qua:
1855 1188 2154 1252 cernimus,

547 1298 606 1346 et
630 1290 881 1344 audimus
913 1286 1079 1342 fuerit
1106 1287 1371 1350 intentus,
1416 1295 1571 1340 vetus
1623 1298 1840 1354 quoque
1882 1282 2155 1337 sententia

547 1391 653 1440 est.
683 1381 914 1435 Difficile
941 1388 1047 1444 est,
1081 1380 1244 1432 immo
1290 1377 1650 1447 impossibile,
1689 1385 1716 1414 α
1741 1375 1953 1430 deliciis
1979 1384 2035 1428 et
2063 1389 2158 1427 vu-

547 1475 848 1545 luptatibus
871 1471 1187 1537 afﬂuentes,
1218 1486 1327 1524 non
1357 1485 1422 1525 ea
1447 1470 1688 1540 cogitare
1710 1483 1832 1539 qua:
1861 1467 2105 1538 gerimus
2138 1484 2152 1519 :

546 1568 867 1637 frustraque
895 1566 1115 1636 quidam
1148 1564 1408 1620 simulant
1433 1565 1579 1618 salva
1611 1562 1718 1618 ﬁde
1743 1605 1758 1628 ,
1797 1571 1854 1618 et
1900 1560 2155 1630 pudicitia

544 1671 602 1718 et
651 1662 969 1729 integritate
1022 1658 1246 1724 mentis,
1306 1671 1366 1712 se
1405 1657 1553 1711 abuti
1578 1655 1978 1725 voluptatibus,
2031 1668 2153 1708 cum

546 1765 739 1810 contra
771 1752 935 1824 339
982 1760 1231 1805 naturam
1281 1750 1371 1814 sit,
1432 1750 1604 1819 copiis
1648 1749 1986 1818 Voluptatum
2038 1747 2156 1802 sine

2257 543 2312 589 et
2339 546 2456 588 arte
2479 533 2884 603 impendiiSque
2913 547 3171 588 cocorum
3198 545 3307 586 non
3341 531 3547 603 indiget
3581 550 3594 586 :
3644 543 3696 589 et
3737 534 3859 590 sine

2258 646 2386 684 cura
2453 637 2730 683 sustentat
2786 632 3079 682 humanum
3149 642 3398 695 corpus,
3460 627 3859 700 moderateque

2257 731 2504 793 sumptus
2535 723 2685 794 (quia
2708 736 2807 777 nec
2831 721 2988 776 avide
3011 721 3326 784 devoratur.
3354 720 3497 791 quod
3519 723 3858 776 irritamenta

2256 819 2396 889 gube
2453 832 2558 874 non
2615 816 2824 885 habet)
2874 817 3064 872 leviori
3122 816 3429 887 dige~tione
3477 819 3855 888 concoquitur.

2257 915 2428 969 Nemo
2450 913 2595 967 enim
2641 927 2748 966 uno
2779 923 2871 965 aut
2917 911 3128 968 duobus
3181 911 3340 976 cibis,
3391 910 3587 982 bisque
3633 911 3855 978 vilibus,

2255 1021 2432 1077 usque
2453 1005 2519 1060 ad
2553 1005 2893 1060 inﬂationem
2923 1005 3133 1061 ventris
3176 1012 3458 1071 oneratur,
3510 1019 3632 1076 qua:
3674 1004 3863 1060 diver-

2256 1101 2421 1157 sitate
2451 1099 2698 1154 carnium
2727 1107 2784 1154 et
2831 1100 3046 1168 saporis
3074 1097 3442 1154 delectatione
3471 1095 3489 1134 ί
3524 1098 3855 1166 concipitur.

2257 1192 2392 1248 Cum
2421 1193 2589 1248 variis
2621 1191 2906 1247 nidoribus
2936 1190 3145 1246 fumant
3175 1189 3482 1262 patina2,ad
3512 1205 3664 1246 esum
3696 1189 3864 1262 3&0

2257 1286 2374 1352 sui,
2410 1285 2624 1356 expleta
2672 1286 2876 1350 esurie,
2919 1285 3074 1354 quasi
3121 1285 3364 1354 captivos
3410 1285 3660 1340 trahunt.
3699 1284 3862 1340 Unde

2255 1389 2313 1434 et
2342 1378 2514 1433 morbi
2540 1393 2605 1433 ex
2635 1378 2922 1433 saturitate
2950 1377 3116 1432 nimia
3145 1380 3529 1444 concitantur;
3593 1379 3862 1448 multique

2258 1471 2656 1541 impatientiam
2683 1471 2848 1541 gulae,
2884 1471 3088 1527 vomitu
3137 1471 3554 1539 remediantur,
3607 1481 3661 1528 et
3710 1473 3859 1543 quod

2259 1564 2491 1634 turpiter
2519 1564 2891 1634 ingesserunt,
2920 1564 3131 1633 turpius
3158 1574 3409 1633 egerunt.

2332 1657 2418 1710 Η.
2460 1656 2703 1710 Oratione
2719 1657 2953 1712 suasoria
2977 1657 3047 1710 ad
3071 1667 3208 1714 artes
3239 1674 3353 1730 cap.
3390 1659 3592 1714 ultimo.
3637 1657 3866 1715 Grandis

2259 1753 2540 1807 exsultatio
2578 1754 2766 1807 attinnt:
2796 1754 2932 1807 unde
2971 1753 3056 1806 sit.
3092 1751 3324 1807 Tenuior
3370 1755 3553 1810 victus.
3610 1753 3869 1825 Exempla

543 1848 826 1917 voluptate
865 1844 1069 1914 perfrui
1102 1861 1117 1897 :
1145 1851 1202 1898 et
1229 1841 1528 1912 Apostolus
1571 1842 1675 1896 boe
1709 1843 1887 1910 ipsum
1933 1855 2149 1902 cavens,
2187 1831 2229 1889 Β
2258 1846 2595 1917 frugalitatis.
2632 1844 2988 1915 Hippocrates
3019 1845 3069 1898 in
3103 1845 3445 1914 Aphorismis
3475 1845 3636 1901 docet
3678 1861 3864 1902 crassa

545 1941 796 1998 dixerit:
831 1941 962 2007 Qui!
1004 1948 1176 1993 autem
1228 1938 1282 1990 in
1333 1936 1536 1989 deliciis
1567 1934 1714 2002 εδει),
1742 1936 1911 1989 vivens
1957 1943 2158 1988 mortua

541 2048 618 2094 est
651 2038 694 2110 (Ι
733 2037 897 2102 Tim.,
927 2051 984 2100 ν,
1014 2034 1092 2105 6).

616 2131 703 2187 10.
745 2129 947 2199 Corpus
979 2144 1131 2199 puer,
1164 2127 1341 2181 anima
1371 2124 1705 2198 padagoyus.
1751 2121 1908 2176 Cibus
1953 2119 2160 2191 facilior

540 2226 632 2297 qui
665 2231 911 2280 sustentat
973 2236 1183 2293 corpus.
1237 2220 1444 2275 Sensus
1496 2231 1789 2288 corporum
1837 2213 1994 2285 quasi
2035 2213 2159 2284 equi

546 2330 694 2386 sunt,
726 2319 846 2374 sine
875 2316 1089 2370 ratione
1115 2322 1422 2377 currentes,
1464 2312 1646 2366 anima
1677 2323 1811 2365 vero
1853 2309 1906 2363 in
1955 2308 2158 2377 auriga:

545 2412 767 2467 modum
799 2411 999 2465 retinet
1023 2408 1173 2461 frena
1201 2405 1564 2461 currentium.
1608 2405 1674 2459 Et
1712 2401 1986 2473 quomodo
2033 2401 2156 2470 equi

546 2506 759 2575 absque
791 2511 1006 2559 rectore
1032 2500 1344 2570 praecipites
1375 2507 1536 2552 ruunt
1571 2495 1680 2568 [AL
1713 2494 1862 2566 sunt]
1891 2512 1902 2547 :
1934 2495 2006 2548 ita
2038 2507 2161 2548 cor-

544 2611 648 2667 pus
678 2597 798 2651 sine
822 2596 1037 2650 ratione
1059 2600 1113 2647 et
1144 2591 1374 2660 imperio
1398 2590 1620 2654 anima,
1674 2588 1726 2642 in
1781 2602 1938 2642 suum
1986 2585 2159 2640 fertur

539 2689 845 2745 interitum.
879 2688 996 2742 Alia
1029 2698 1249 2755 quoque
1283 2694 1304 2721 ο
1341 2682 1684 2751 comparatio
1713 2681 1906 2734 animae
1944 2689 1996 2732 et
2035 2693 2159 2733 cor-

545 2782 699 2852 poris
727 2797 753 2834 a
785 2777 1134 2850 philosOphis
1176 2776 1447 2846 ponitur:
1501 2785 1701 2842 corpus
1749 2787 1998 2840 puerum,
2043 2771 2160 2823 aui-

549 2890 694 2930 mam
730 2874 1079 2941 padagogum
1113 2884 1238 2924 esse
1266 2867 1599 2922 dicentibus.
1629 2860 1658 2902 ιι
1698 2865 1852 2920 Unde
1881 2875 1937 2920 et
1977 2863 2160 2918 Histo-

542 2970 693 3023 rieus
721 2986 732 3020 :
761 2965 980 3026 Animae,
1013 2962 1213 3030 inquit,
1241 2961 1478 3030 imperio,
1500 2958 1734 3027 corporis
1756 2957 1967 3011 servitio
1991 2956 2158 3026 magis

546 3062 764 3115 utimur.
798 3055 1030 3109 Alterum
1061 3051 1206 3106 nobis
1235 3068 1351 3105 cum
1391 3051 1495 3115 dis,
1531 3048 1756 3103 alterum
1805 3065 1920 3103 cum
1977 3047 2157 3102 bellnis

548 3164 820 3207 commune
843 3156 934 3200 est.
969 3145 1134 3215 Igitur
1161 3143 1264 3196 nisi
1291 3143 1421 3196 vitia
1454 3141 1823 3196 adolescentis
1871 3138 1980 3212 [ΑΙ.
2029 3140 2159 3194 ado-

2264 1947 2318 1992 et
2342 1939 2508 1992 obesa
2543 1952 2794 2007 corpora.
2825 1953 2945 2006 quin.
2967 1937 3251 1993 crescendi
3284 1953 3595 1994 mensuram
3625 1939 3870 2005 comple-

2263 2032 2463 2096 verint,
2497 2029 2603 2084 nisi
2630 2031 2740 2085 cito
2770 2031 3045 2086 ablatione
3101 2032 3384 2100 sanguinis
3429 2033 3826 2087 imminuantur
3851 2077 3866 2099 ,

2262 2122 2316 2176 in
2333 2123 2625 2194 paralysim
2651 2131 2702 2177 et
2722 2123 2956 2193 pessima
2980 2123 3298 2179 morborum
3326 2141 3525 2196 genera
3549 2140 3866 2194 erumpere;

2261 2221 2316 2267 et
2345 2213 2546 2269 ideirco
2572 2227 2694 2268 esse
2724 2217 3090 2269 necessariam
3119 2216 3492 2286 demptionem
3515 2259 3528 2284 ,
3557 2223 3616 2272 ut
3645 2233 3866 2273 rursum

2264 2304 2502 2360 habeant
2526 2306 2578 2360 in
2611 2322 2732 2376 quze
2766 2308 2977 2376 possint
3001 2323 3272 2364 crescere.
3319 2307 3437 2364 Non
3469 2309 3616 2365 enim
3642 2325 3872 2365 manere

2263 2397 2317 2451 in
2342 2412 2450 2452 uno
2483 2406 2626 2452 statu
2658 2407 2910 2453 naturam
2941 2414 3262 2470 corporum,
3313 2401 3410 2456 sed
3462 2413 3554 2456 aut
3610 2417 3874 2458 crescere

2263 2504 2499 2561 semper,
2529 2499 2625 2546 aut
2649 2492 2969 2548 decrescere
3005 2535 3018 2558 ,
3072 2509 3169 2548 nec
3229 2510 3390 2565 posse
3418 2496 3602 2552 vivere
3641 2498 3870 2565 animal,

2261 2584 2366 2638 nisi
2399 2585 2681 2639 crescendi
2706 2600 2872 2655 capax
2896 2587 2987 2640 sit.
3014 2585 3171 2642 Unde
3194 2597 3247 2642 et
3267 2587 3505 2643 Galenus
3528 2589 3610 2643 vir
3628 2587 3736 2661 [Αἱ.
3762 2590 3875 2661 vel]

2262 2677 2632 2744 doctissimus,
2664 2679 3012 2749 Hippocratis
3040 2680 3332 2750 interpres,
3356 2681 3612 2746 athletas,
3637 2697 3875 2753 quorum

2265 2769 2370 2822 vita
2396 2777 2451 2824 et
2481 2784 2573 2823 ars
2596 2772 2782 2840 sagina
2808 2782 2914 2837 est,
2946 2772 3076 2826 dicit
3116 2771 3170 2827 in
3201 2780 3226 2819 ε
3251 2772 3650 2829 Exliortatione
3701 2775 3880 2829 medi-

2262 2863 2423 2927 cinze,
2457 2877 2561 2917 nec
2589 2865 2774 2918 vivere
2806 2879 2965 2934 posse
3013 2865 3129 2931 diu,
3179 2879 3280 2920 nec
3324 2881 3488 2922 sanos
3537 2881 3699 2922 esse:
3750 2867 3881 2923 ani-

2265 2969 2488 3025 masque
2511 2970 2696 3011 eorum
2728 2956 2802 3012 ita
2828 2956 3000 3012 nimio
3027 2959 3315 3028 sanguine,
3339 2968 3394 3014 et
3419 2959 3696 3029 adipibus,
3717 2961 3882 3030 quasi

2262 3049 2376 3104 luto
2409 3049 2707 3118 involutas,
2731 3051 2869 3106 nihil
2890 3063 3078 3119 tenue,
3104 3053 3238 3106 nihil
3262 3057 3508 3120 cmleste,
3534 3053 3628 3108 sed
3650 3069 3880 3124 semper

2262 3145 2332 3200 de
2361 3147 2638 3212 carnibus,
2673 3157 2727 3201 ct
2756 3155 2930 3214 ructu,
2979 3157 3032 3202 et
3076 3148 3284 3203 ventris
3315 3149 3550 3218 ingluvie
3598 3150 3875 3217 cogitare.

550 3240 746 3311 lentis]
776 3249 830 3295 et
858 3237 1035 3310 pueri,
1064 3233 1349 3305 prudentia
1389 3234 1667 3304 pardagogi
1718 3237 1953 3295 rexerit,
1985 3232 2162 3288 omnis
2185 3222 2231 3286 C
2265 3237 2540 3309 Diogenes
2568 3247 2831 3309 tyrannos
2859 3251 2912 3294 et
2935 3239 3453 3312 subversiOnesHl.
3480 3241 3876 3313 subversores]

547 3347 780 3394 conatus
807 3335 925 3404 ejus
947 3339 1004 3386 et
1030 3332 1268 3401 impetus
1292 3328 1358 3384 ad
1385 3328 1664 3382 lasciviam
1691 3335 2001 3398 properant.
2028 3328 2155 3383 Sine

547 3440 788 3502 quatuor
833 3426 1084 3481 sensibus
1138 3425 1324 3478 vivere
1381 3436 1709 3490 possumus,
1763 3421 1814 3475 id
1865 3431 1981 3488 est,
2037 3422 2155 3476 sine

548 3532 798 3593 aspectu,
832 3518 1044 3582 auditu,
1074 3516 1325 3581 odoratu,
1365 3522 1530 3584 atque
1575 3515 1892 3582 complexu.
1940 3514 2158 3584 Absque

549 3629 713 3688 gustu
746 3625 929 3669 autem
960 3621 1016 3667 et
1041 3610 1182 3665 cibis
1217 3607 1558 3679 impossibile
1596 3620 1676 3664 est
1715 3608 2004 3662 humanum
2034 3624 2157 3663 cor-

546 3727 648 3782 pus
678 3711 1002 3765 subsistere.
1034 3705 1245 3760 Adesse
1272 3717 1402 3770 ergo
1437 3701 1600 3756 debet
1632 3703 1791 3768 ratio,
1827 3712 1883 3757 ut
1926 3703 2062 3758 tales
2092 3717 2155 3758 ac

544 3814 727 3857 tantas
761 3813 1041 3857 sumamus
1063 3810 1240 3860 escas,
1275 3794 1474 3863 quibus
1505 3809 1610 3847 non
1645 3803 1905 3848 oneretur
1931 3809 2151 3863 corpus,

545 3910 651 3950 nec
682 3895 904 3948 libertas
931 3890 1128 3943 animae
1158 3893 1529 3958 praegravetur
1551 3901 1565 3949 ;
1591 3886 1716 3955 quia
1763 3894 1818 3940 et
1861 3886 2156 3942 comeden-

547 3986 677 4042 dum
709 3992 812 4048 est,
845 3990 899 4038 et
925 3977 1407 4040 deambulandum,
1436 3985 1492 4032 et
1513 3975 1924 4044 dormiendum,
1973 3985 2026 4031 et
2073 3977 2155 4032 di-

548 4075 872 4152 gerendum,
905 4086 955 4130 et
982 4083 1172 4144 postea
1202 4070 1406 4125 inﬂatis
1436 4071 1614 4135 venis,
1655 4071 1928 4125 incentiva
1976 4070 2156 4125 libidi-

547 4191 676 4230 num
705 4169 1050 4228 sustinenda.
1086 4177 1108 4204 ο
1142 4166 1438 4220 Luxuriosa
1468 4181 1549 4219 res
1597 4165 1790 4230 vinum,
1818 4174 1868 4219 et
1891 4173 2154 4220 contume-

545 4271 679 4323 liosa
727 4267 942 4320 ebrietas
1000 4259 1184 4332 (Prov.
1236 4275 1328 4325 xx,
1389 4260 1456 4330 l).
1517 4258 1708 4314 Omnis
1753 4260 1844 4327 qui
1903 4275 2024 4314 eum
2068 4259 2153 4314 his

546 4363 832 4427 miscetur,
865 4373 971 4413 non
1003 4357 1108 4412 erit
1133 4355 1378 4424 sapiens.
1404 4351 1514 4408 Nec
1545 4353 1686 4406 tales
1707 4353 2040 4424 accipiamus
2070 4355 2150 4407 ci-

545 4457 667 4521 bos,
701 4467 840 4522 quos
861 4447 1266 4504 autdiffieulter
1291 4446 1562 4516 digerere,
1596 4458 1684 4498 aut
1715 4460 1998 4512 comesos,
2037 4463 2151 4501 ma-

2257 3331 2500 3398 urbium,
2535 3332 2790 3402 bellaque
2813 3334 2898 3387 vel
2924 3331 3160 3398 hostilia,
3216 3335 3297 3389 vel
3352 3335 3557 3399 civilia,
3617 3350 3723 3388 non
3767 3349 3875 3403 pro

2255 3424 2492 3493 simplici
2524 3426 2669 3480 victu
2698 3426 2904 3479 olerum
2943 3440 3337 3495 pomorumque
3363 3467 3376 3492 ,
3411 3426 3510 3481 sed
3555 3441 3653 3496 pro
3685 3429 3876 3482 carni-

2260 3516 2359 3572 bus
2392 3526 2445 3570 et
2487 3518 2772 3585 epularum
2823 3517 3036 3574 deliciis
3065 3519 3262 3572 asserit
3310 3517 3559 3574 excitari.
3601 3518 3875 3588 Quodque

2258 3609 2568 3663 mirandum
2603 3611 2693 3672 sit,
2731 3610 2999 3678 Epicurus
3027 3611 3322 3682 voluptatis
3363 3619 3625 3677 assertor,
3673 3627 3874 3669 omnes

2257 3703 2432 3758 libros
2461 3718 2590 3759 suos
2617 3705 2853 3774 replevit
2881 3705 3123 3762 oleribus
3164 3717 3217 3762 et
3245 3709 3445 3776 pomis,
3479 3718 3531 3763 ct
3562 3707 3762 3764 vilibus
3788 3710 3875 3765 ei-

2259 3797 2341 3852 bis
2365 3798 2496 3853 dicit
2517 3814 2639 3854 esse
2665 3802 2993 3868 vivendum;
3042 3803 3166 3870 quia
3199 3817 3416 3868 carnes,
3477 3811 3530 3859 et
3578 3804 3871 3874 exquisita:

2259 3891 2456 3962 epulze,
2507 3891 2712 3963 ingenti
2740 3909 2866 3949 cura
2906 3910 2970 3950 ac
3009 3896 3228 3951 miseria
3283 3906 3699 3967 praeparentur,
3749 3912 3869 3952 ma-

2250 3984 2538 4057 joremque
2566 4001 2781 4056 poenam
2826 3987 3060 4044 habeant
3089 3989 3143 4044 in
3175 3990 3499 4059 inquirendo
3547 3987 3654 4061 [AL
3713 4005 3869 4060 qure-

2257 4078 2650 4150 rendo],quam
2692 4081 3022 4151 voluptatem
3055 4083 3106 4137 in
3145 4084 3417 4138 abutendo
3444 4081 3598 4154 (Vid.
3629 4081 3861 4137 Lactan-

2259 4174 2387 4228 tinm
2415 4171 2454 4226 ι.
2475 4188 2557 4241 ιιι,
2589 4190 2636 4227 c.
2670 4173 2781 4244 l7).
2808 4175 3048 4246 Corpora
3079 4185 3262 4233 autem
3291 4188 3476 4232 nostra
3505 4175 3628 4232 cibo
3649 4186 3860 4232 tantum

2256 4274 2312 4318 et
2344 4273 2470 4333 potu
2499 4264 2763 4335 indigere.
2793 4264 2892 4322 Ubi
2913 4282 3051 4336 aqua
3079 4278 3133 4323 et
3165 4270 3321 4338 panis
3345 4270 3438 4333 sit,
3472 4279 3524 4324 et
3547 4280 3747 4324 eartera
3775 4270 3865 4325 bis

2255 4357 2472 4420 similia.
2501 4359 2571 4413 ibi
2601 4369 2806 4412 natura:
2833 4361 3162 4417 satisfactum
3183 4368 3199 4431 (
3219 4359 3335 4416 για.
3361 4361 3627 4417 Laertinm
3651 4362 3688 4414 I.
3716 4377 3742 4414 κ
3765 4378 3777 4426 ;
3811 4372 3864 4417 et

2258 4450 2507 4506 Senecam
2534 4452 2570 4506 ι.
2606 4467 2684 4517 ιιι,
2710 4451 2882 4521 Epist.
2906 4455 2941 4508 2
2971 4464 3020 4508 et
3049 4455 3165 4524 25).
3208 4456 3480 4526 Quidquid
3521 4471 3682 4524 supra
3735 4456 3859 4511 fue-

544 4564 654 4618 gno
692 4555 878 4617 partos
929 4551 985 4599 et
1030 4541 1278 4612 perditos
1305 4539 1493 4594 labore
1533 4537 1838 4594 doleamus.
1897 4538 2143 4608 Oierum,
2171 4531 2228 4597 Ι)
2254 4544 2344 4611 rit,
2383 4559 2491 4600 non
2520 4545 2587 4600 ad
2619 4547 2740 4601 vita:
2769 4547 3146 4602 necessitatem
3185 4556 3474 4617 spectare:
3519 4547 3615 4603 sed
3665 4547 3731 4603 ad
3777 4547 3864 4602 vi-

625 4708 651 4736 ⁸
678 4699 1057 4756 Casanatensis
1085 4697 1281 4751 divitiis
1310 4711 1408 4764 pro
1440 4694 1659 4748 deliciis.

619 4775 647 4813 ιι
681 4771 874 4828 Amovi
904 4771 1025 4824 hine
1053 4784 1244 4823 vocem
1293 4766 1490 4843 vidua;
1522 4781 1682 4843 quam
1735 4779 1836 4821 nec
1885 4768 2149 4843 Hierony-

545 4846 713 4905 miani
746 4859 876 4898 mss.
912 4857 1010 4895 nec
1039 4844 1154 4908 ipse
1181 4839 1427 4908 agnoscit
1458 4836 1760 4906 Scriptor-.12
1795 4847 1995 4907 textus,
2030 4836 2148 4899 sive

547 4920 795 4976 Lattnus,
827 4914 940 4968 sive
964 4912 1202 4967 Grmcus.

623 5002 645 5030 ο
681 4988 878 5042 Recole
905 4985 1181 5038 (giceroms
1220 4983 1379 5036 verba
1414 4996 1534 5055 quae
1577 4999 1612 5055 e_
1652 4983 1812 5055 tertio
1857 4983 1926 5038 de
1971 4985 2148 5055 Rep“-

545 5064 686 5118 Mica
711 5058 914 5128 prope"
940 5056 1269 5128 Augustinus
1303 5055 1393 5106 lib.
1424 5069 1474 5106 tv
1505 5054 1563 5128 i_n_
1588 5052 1883 5128 JlLIlﬂlllllll,
1903 5072 2022 5125 cap.
2053 5052 2143 5123 l2,

545 5144 602 5188 et
632 5121 953 5184 de'tlivitate
984 5121 1075 5178 Dei
1098 5125 1190 5175 lib.
1221 5139 1329 5196 ius.
1361 5137 1482 5196 ρεψξ
1508 5123 1564 5196 U
1594 5121 1764 5178 :Deus
1789 5121 2007 5196 homini,
2032 5121 2146 5184 anié

548 5218 664 5256 mus
697 5201 911 5264 imperat
940 5196 1166 5264 corpori,
1195 5191 1579 5264 ratioittbidiui,
1605 5206 1708 5248 etc.

622 5271 649 5309 ει
688 5269 838 5321 unde
879 5279 926 5319 et
965 5263 1282 5318 Historians.
1329 5263 1404 5316 Ita
1454 5269 1929 5335 saepms,appellat
1969 5272 2144 5327 Sallu-

549 5347 716 5400 stium
738 5339 988 5406 Crispum
1015 5375 1028 5399 ,
1057 5339 1208 5404 quasi
1241 5335 1634 5390 nobilissimum
1669 5341 1808 5393 inter
1834 5341 2142 5407 Scriptores

550 5416 861 5470 listoricos.
892 5410 1176 5464 Sallustius
1208 5421 1371 5475 pono
1393 5407 1445 5460 in
1469 5410 1844 5473 coniuratione
1870 5410 2138 5478 Catilinae,

547 5489 704 5540 initio
733 5484 892 5552 hujus
923 5483 1162 5533 historian
1185 5521 1198 5543 ,
1234 5479 1288 5552 iis
1319 5480 1460 5532 hunc
1492 5479 1708 5531 modum
1742 5483 1958 5552 scripsit
1987 5499 1999 5534 ε
2036 5486 2141 5537 καί

548 5571 723 5609 nostra
774 5550 939 5607 atmiis
985 5552 1060 5604 ris
1100 5552 1150 5603 in
1182 5550 1356 5603 animo
1395 5557 1440 5602 et
1470 5564 1685 5615 corpore
1715 5551 1812 5600 sita
1843 5566 1933 5604 est.
1971 5552 2142 5608 Animi.

546 5627 782 5696 imperio,
808 5623 1040 5696 corporis
1060 5622 1264 5696 servitio
1287 5620 1452 5696 arrigis
1479 5621 1667 5670 t'tinmr
1690 5635 1707 5671 :
1752 5619 1975 5696 alterum
1999 5627 2141 5678 nobis

545 5689 660 5748 cz'nt
689 5697 811 5756 diis,
847 5689 1064 5748 (illorum
1098 5709 1212 5746 cum
1239 5689 1424 5742 belluis
1453 5705 1718 5740 commune
1745 5699 1837 5740 est.
1872 5689 2136 5749 MAR'I'IAN.

550 5766 925 5833 —-Sullustius
949 5781 1001 5816 in
1033 5765 1266 5817 Catilina
1307 5775 1446 5833 cap.
1487 5760 1678 5833 l,_Aubi
1710 5761 1886 5833 animi
1927 5771 2008 5815 est
2044 5780 2140 5833 pro

551 5837 754 5886 ttninta‘.
801 5832 1135 5902 Chrysippus
1183 5830 1324 5900 apud
1388 5828 1672 5884 Claudian.
1708 5828 2141 5890 Mamertum'de

2254 4712 2397 4784 statu
2421 4705 2616 4784 animis
2644 4722 2692 4784 (ξ.
2727 4707 2812 4772 Η,
2844 4709 3028 4784 cap._8
3057 4729 3078 4784 :7
3104 4709 3291 4765 Animo
3318 4713 3623 4766 dominandi
3639 4715 3735 4784 jus
3759 4713 3860 4765 tri-

2255 4775 2615 4854 lmit,_corpori
2656 4779 2814 4849 legem
2849 4775 3363 4854 serritntisimponit.

2328 4856 2352 4882 θ
2385 4847 2792 4924 Εςίδιξιὶριιιιηιε
2817 4861 3003 4906 textus
3030 4847 3287 4908 Prove'rli.
3319 4873 3407 4920 xx,
3441 4855 3657 4924 l,juxta
3687 4852 3854 4919 LXX,

2253 4919 2397 4987 quod
2416 4923 2644 4998 minime,
2663 4933 2820 4998 antea
2845 4923 3195 4998 observatum
3212 4939 3316 4982 est.
3345 4919 3596 4998 Legimus
3619 4926 3859 4996 proinde

2253 5003 2372 5042 eum
2416 4990 2720 5047 Veronensi
2761 5009 2824 5047 ac
2853 4993 3204 5053 Cisterciensi
3235 5015 3365 5052 mss.
3397 4990 3448 5053 et
3477 4990 3855 5053 contumeliosa

2252 5063 2505 5135 ebrietas;
2541 5079 2635 5129 pro
2684 5081 2790 5128 quo
2833 5079 2973 5131 erat,
3018 5078 3064 5120 et
3116 5071 3452 5125 tmnultnosa.
3503 5069 3695 5125 Graeco
3732 5069 3858 5135 ipso

2256 5135 2338 5212 ξ-αἰ
2365 5133 2662 5212 septenis»
2689 5139 3063 5212 dissentiente.
3094 5141 3540 5197 Emendatiuuetu
3572 5133 3766 5211 probat
3798 5151 3858 5194 et

2252 5202 2515 5281 Gravius.
2537 5206 2672 5281 Infra
2703 5206 2905 5262 leviora
2939 5209 3041 5262 alia
3070 5214 3419 5281 castigamus.

2333 5272 2360 5355 ‘_
2385 5275 2456 5326 Ex
2483 5276 2672 5355 ii-rlent
2704 5293 2834 5332 m~s.
2862 5283 3169 5350 ronripitur,
3197 5272 3392 5355 tientpe
3422 5281 3625 5339 inﬂatio
3649 5297 3659 5332 :
3687 5291 3854 5336 antea

2251 5353 2366 5397 erat
2387 5346 2689 5414 percipitur.

2249 5485 2261 5498 .
2323 5425 2347 5460 8
2400 5415 2658 5506 fronde"
2680 5426 3050 5506 τςροτρέτῖιςικος
3100 5427 3240 5498 λόγος
3303 5431 3429 5506 πρὸς
3497 5430 3591 5488 τὰς
3653 5423 3855 5495 τέχνας

2250 5487 2580 5562 interibunt.
2618 5487 2936 5558 llujlt-‘I'itutli
2965 5487 3456 5553 auteut'sente'ntia
3504 5487 3590 5551 est
3617 5540 3628 5552 .
3682 5487 3851 5562 quam

2248 5555 2616 5642 l‘ljerilLatine
2652 5555 2924 5642 .eit‘plicat,
2981 5577 3175 5642 Σαρκῶν
3226 5570 3324 5642 γὰρ
3365 5573 3445 5624 ἀεὶ
3490 5573 3574 5623 καὶ
3624 5555 3854 5642 αἳματος

2247 5628 2562 5716 optenta.
2614 5617 2819 5695 πλῆιος,
2865 5617 2933 5716 .3;-
2975 5617 3326 5716 s“‘e.;gatg
3350 5617 3856 5716 gaiaigiitaze;

2248 5707 2440 5784 ξαυτῶης
2468 5707 2683 5784 {Zeno}?
2704 5707 3157 5784 furea'esam'vnv',
3217 5707 3358 5764 όύδέν
3403 5707 3608 5784 expetit;
3663 5707 3847 5764 ύοῆσαι

2248 5733 2440 5784 ἱιμιωτ
2468 5733 2683 5771 ιιυνσιν
2713 5733 3117 5779 κατεσ-οεσμενην
3145 5754 3157 5773 ,
3217 5733 3358 5764 ουοεν
3403 5735 3465 5765 ar.
3503 5733 3608 5773 tot;

2247 5781 2546 5837 ὡνναμινην,
2567 5773 2669 5828 ἀλλ’
2694 5771 2844 5831 ἄνουν
2874 5776 3055 5847 ὀμῡὶως
3082 5789 3188 5840 τοῖς
3216 5781 3414 5853 ἀλόγοις
3444 5733 3592 5846 έὲιοις
3603 5821 3613 5832 ο
