4062 6406
277 445 348 505 501

1180 437 1552 499 ΑΒΥΕΒΕῙΙΞ
1595 438 2006 498 ,ΙΟΥΙΜᾹΝΗΙ
2047 438 2176 496 LIB.
2219 441 2282 496 ΙΙ.

3305 439 3414 496 5οἳ

140 543 150 646 (
275 564 369 618 tium
385 561 598 632 voluptatis.
621 559 806 616 Bibere
828 601 841 626 ,
873 567 925 614 ct
953 553 1243 614 c0uied'erc
1273 598 1286 619 ,
1330 570 1438 610 non
1485 543 1706 610 delitia-
1741 563 1793 621 Α
1816 554 2120 622 simplicem
2152 563 2394 607 mensam
2425 557 2480 604 et
2514 565 2780 620 pauperes
2808 551 2958 606 cibos
2985 549 3254 616 redactos,
3285 566 3414 607 con-

143 677 146 702 ι
273 671 358 714 rum
394 665 412 694 ι
440 656 636 721 ardorem,
677 655 768 711 sed
814 654 954 710 sitim
1001 651 1310 722 famemque
1346 651 1705 719 restinguere.

151 735 157 745 ”
269 749 826 819 ριιὶοηῑηὶῢιεςγθςεαηιυτ,
852 747 1097 817 indigere
1119 746 1280 801 etiam
1317 745 1400 799 his
1438 761 1559 814 qua:
1603 759 1709 798 non

267 857 358 898 sunt
384 844 570 899 carnium.
592 841 675 908 Qui
703 849 880 895 autem
920 839 1153 909 simplici
1204 840 1350 893 victu
1395 837 1710 902 abutantur,

261 951 331 993 eos
354 950 496 992 carnes
518 951 590 990 non
609 933 897 1004 requirere.
928 931 1226 1002 Sapientia:
1278 943 1493 1000 quoque
1549 927 1709 1002 351

256 1041 421 1100 operam
445 1028 538 1083 dare
559 1041 635 1082 non
670 1041 977 1096 possumus,
1008 1026 1052 1079 si
1086 1039 1289 1079 mensa:
1326 1021 1711 1077 abundantiam

252 1121 592 1193 cogitemusqum
615 1119 790 1174 labore
842 1120 1013 1173 nimio
1061 1129 1112 1173 et
1151 1131 1278 1172 cura
1310 1116 1534 1186 indiget.
1593 1114 1713 1169 Cito

248 1214 438 1284 erpletur
455 1221 607 1268 natura:
629 1213 928 1267 necessitas
953 1229 966 1264 :
994 1212 1158 1280 frigus
1182 1217 1234 1265 et
1258 1209 1449 1273 fames,
1483 1208 1714 1278 simplici

243 1308 393 1361 vestitu
416 1314 456 1362 et
473 1305 566 1360 cibo
583 1301 768 1375 expelli
806 1311 1004 1370 potest.
1045 1301 1219 1365 L'nde,
1271 1307 1324 1356 et
1375 1297 1665 1371 Apostolus
1701 1318 1711 1352 :

240 1397 453 1465 Habentes,
483 1399 646 1469 inquit,
678 1398 895 1461 eictam,
926 1407 974 1452 et
995 1399 1231 1452 vestitum
1290 1396 1396 1469 [AL
1441 1397 1715 1452 vestimen-

233 1492 346 1565 tum],
373 1491 811 1546 hirmntenzisimas
839 1489 884 1561 (Ι
915 1489 1047 1543 Tim.
1105 1505 1180 1553 vt,
1236 1489 1340 1559 8).
1396 1487 1618 1544 Delicias
1663 1497 1718 1542 et

231 1582 446 1655 epularum
466 1584 710 1638 varietates
733 1582 843 1653 [ΑΙ.
877 1580 1158 1653 varietas],
1188 1579 1425 1636 fomenta
1470 1582 1717 1636 avaritia:

223 1685 344 1734 sunt.
364 1675 544 1732 Grandis
568 1675 848 1730 exsultatio
878 1675 1077 1729 animm
1108 1683 1213 1738 cst,
1243 1687 1363 1728 cum
1399 1689 1565 1744 parvo
1590 1688 1719 1728 con-

219 1779 369 1826 tentus
394 1767 538 1832 fueris.
563 1770 809 1824 ntnndum
851 1765 1054 1824 habere
1082 1767 1182 1822 sub
1215 1768 1461 1838 pedibus,
1509 1779 1562 1823 et
1605 1783 1721 1823 om-

211 1878 318 1918 nem
343 1865 726 1933 ejuspotcntiam,
752 1861 965 1932 epulas,
996 1862 1249 1918 libidines
1275 1906 1288 1930 ,
1342 1874 1565 1934 propter
1600 1879 1720 1934 qua:

1815 646 2076 700 valuisse.
2109 645 2412 698 (laruerant
2442 644 2587 697 enim
2620 641 2995 698 sollicitudine
3035 641 3416 712 dispensandae

1813 737 2004 793 domus
2025 781 2038 802 ,
2083 744 2138 792 et
2165 735 2452 806 epularum
2485 735 2732 804 largitate
2755 777 2768 798 ,
2809 747 2929 805 qua:
2962 743 3014 788 et
3044 750 3243 805 corpus
3276 736 3418 790 frau-

1815 841 1948 902 gunt
1975 841 2029 885 et
2057 825 2219 901 352
2245 830 2501 882 animam.
2533 821 2734 882 lrridet
2758 826 3013 881 lloratius
3037 825 3234 898 (Epist.
3261 825 3354 880 lib.
3379 842 3415 891 ι,

1817 939 1898 995 ep.
1929 926 1986 990 2,
2011 925 2079 977 ad
2103 922 2356 991 Lollium)
2381 922 2679 991 appetitum
2705 919 2978 988 ciborum,
3003 920 3092 991 qui
3110 921 3421 990 consumpti

1817 1019 2134 1089 relinquunt
2166 1016 2542 1087 paenitentiam
2568 1033 2580 1068 :

1944 1131 2138 1193 Sperne
2165 1128 2457 1192 voluptates,
2481 1133 2627 1177 nocet
2648 1133 2811 1191 empta
2835 1125 3006 1175 dolore
3033 1121 3273 1187 voluptas.

1822 1236 1889 1290 Et
1919 1251 2040 1290 cum
2075 1235 2125 1287 in
2156 1233 2533 1289 ammnissimo
2562 1248 2694 1303 agro
2714 1233 2770 1286 in
2803 1245 3043 1285 morsum
3068 1228 3423 1295 voluptuose-

1819 1345 1938 1384 rum
1971 1325 2250 1381 hominum
2281 1341 2341 1380 se
2378 1340 2623 1379 crassum
2660 1325 3024 1394 pinguemque
3053 1321 3421 1387 describeret,

1819 1419 1952 1474 lusit
1984 1415 2068 1472 his
2098 1418 2346 1472 versibus
2375 1437 2389 1471 :

1949 1518 2026 1582 ile
2053 1519 2284 1582 pinguem
2307 1527 2357 1582 et
2380 1519 2604 1582 nit'ujurn,
2633 1520 2766 1582 bene
2789 1526 2957 1567 curata
2980 1523 3118 1580 cute,
3146 1515 3300 1578 vises,

1945 1579 2066 1630 Cum
2093 1579 2256 1631 ridere
2283 1581 2436 1640 voles,
2464 1579 2662 1644 Epicuri
2687 1579 2748 1631 dc
2771 1594 2929 1644 grege
2956 1579 3176 1644 porcum.

1821 1683 1925 1742 Sed
1961 1697 2016 1740 et
2045 1702 2108 1740 ex
2140 1686 2424 1742 vilissimis
2455 1688 2594 1744 cibis
2626 1688 2846 1743 vitanda
2875 1690 3101 1744 satietas
3136 1696 3242 1744 est.
3275 1686 3423 1744 Nihil

1822 1780 1967 1835 enim
2010 1780 2087 1834 ita
2129 1779 2310 1836 obruit
2337 1782 2579 1838 animum
2607 1824 2622 1849 ,
2669 1793 2728 1838 ut
2760 1783 2956 1853 plenus
2993 1793 3187 1839 venter
3226 1793 3282 1838 et
3335 1798 3433 1839 es-

1824 1885 2085 1937 aeituans,
2103 1882 2158 1929 et
2179 1874 2284 1929 huc
2307 1874 2544 1946 illucque
2560 1891 2619 1931 se
2637 1886 2881 1942 vertens,
2907 1878 3032 1932 etin
3057 1887 3245 1932 ructus
3268 1877 3352 1931 vel
3377 1878 3429 1932 in

201 1957 377 2013 divitia!
395 1969 747 2027 comparamur,
778 1955 975 2010 vitibus
1016 1967 1224 2010 mutare
1271 1956 1426 2018 cibis,
1475 1964 1529 2009 et
1573 1971 1720 2010 cras-

1852 1966 2066 2036 repitus
2099 1977 2384 2022 ventorum
2424 1970 2705 2026 efﬂatione
2738 1972 3041 2042 respirans.
3086 1971 3260 2039 Quale
3298 1971 3430 2025 illud

205 2047 439 2120 siur‘e[Al.
461 2047 712 2119 grossiori]
737 2049 912 2100 tunica
937 2061 1309 2117 compensare.
1342 2047 1496 2104 Tolle
1537 2049 1724 2118 epula-

189 2155 295 2197 rum
335 2149 383 2194 et
412 2141 615 2195 libidinis
656 2141 960 2203 luxuriam,
1011 2153 1172 2192 nemo
1225 2148 1434 2208 quteret
1481 2137 1724 2203 divi-aias,

183 2247 394 2304 quarum
422 2247 552 2293 usus,
579 2239 666 2284 aut
687 2231 740 2284 iu
798 2239 1012 2292 ventre,
1041 2241 1133 2283 aut
1156 2231 1254 2284 sub
1286 2243 1477 2285 ventre
1501 2241 1603 2283 est.
1627 2231 1727 2296 Qui

170 2334 410 2396 agrotat,
437 2337 529 2377 non
556 2323 703 2378 aliter
729 2323 922 2392 recipit
950 2323 1262 2387 sanitatem,
1298 2324 1401 2377 nisi
1435 2321 1578 2377 tenui
1609 2323 1730 2377 cibo

169 2425 216 2472 et
235 2418 486 2480 castigato
513 2415 665 2480 victu,
697 2427 820 2483 quae
848 2415 1009 2473 λεπτή
1048 2413 1220 2471 δίαιτα
1259 2414 1477 2468 dicitur.
1526 2413 1731 2481 Quibus

155 2521 284 2579 ergo
308 2507 442 2562 cibis
467 2506 706 2578 recipitur
735 2507 959 2572 sanitas,
993 2507 1077 2562 his
1100 2518 1152 2562 et
1185 2509 1392 2562 servari
1419 2517 1597 2580 potest
1621 2523 1635 2574 ;
1667 2524 1734 2564 ne

153 2602 270 2671 quis
291 2608 442 2670 putet
471 2599 676 2652 morbos
711 2599 956 2653 oleribus
983 2601 1268 2653 concitari.
1314 2600 1368 2655 Si
1412 2610 1590 2655 autem
1640 2597 1735 2655 Mi-

147 2694 288 2749 lonis
321 2691 355 2730 ι’
381 2687 515 2745 illius
545 2690 870 2746 Crotoniatae
903 2692 1044 2745 vires
1084 2691 1230 2746 olera
1265 2709 1370 2746 non
1401 2693 1733 2761 ministrant,

145 2802 264 2858 quae
319 2789 606 2840 nascuntur
645 2792 699 2838 et
726 2785 944 2838 aluntur
972 2796 991 2821 ο
1026 2799 1089 2838 ex
1134 2785 1428 2840 carnibus:
1471 2788 1597 2858 quid
1645 2802 1735 2842 ne-

135 2891 292 2934 cesse
317 2885 404 2932 est
433 2876 540 2930 viro
561 2875 793 2946 sapienti
822 2885 874 2930 et
910 2875 1242 2946 philosopho
1269 2875 1497 2944 Christi,
1531 2889 1734 2934 tantam

135 2970 342 3025 habere
369 2965 766 3032 Mtitudinem,
791 2983 912 3036 ιιιιω
937 2968 1159 3024 athletis
1188 2979 1241 3025 et
1272 2970 1535 3025 militibus
1558 2986 1740 3028 neces-

126 3065 266 3119 saria
305 3070 421 3125 est,
446 3075 600 3131 quam
628 3074 752 3116 cum
778 3061 1053 3129 habuerit,
1087 3062 1153 3118 ad
1196 3064 1322 3118 vitia
1368 3067 1739 3134 provocetur?

127 3159 202 3213 illi
232 3157 579 3213 arbitrentur
606 3154 714 3227 [Αι.
751 3155 1117 3228 arbitrantur]
1142 3172 1340 3213 carnes
1363 3157 1583 3213 sanitati
1613 3175 1740 3214 cou-

125 3267 276 3318 gruas
301 3292 317 3319 ,
354 3250 458 3321 qui
487 3249 676 3304 volunt
707 3249 859 3303 abuti
884 3249 1128 3316 libidine,
1176 3259 1231 3306 et
1288 3251 1340 3305 in
1386 3267 1600 3308 ctenuin
1648 3252 1744 3308 de-

1820 2055 2091 2127 jejunium
2124 2066 2239 2125 est,
2271 2070 2363 2112 aut
2388 2063 2564 2130 qualis
2592 2062 2683 2115 illa
2715 2061 2947 2117 refectio
2979 2069 3104 2131 post
3125 2063 3430 2131 jejunium.

1829 2163 1950 2201 curn
1971 2149 2238 2218 pridiauis
2256 2152 2433 2220 epulis
2450 2153 2839 2218 distendimur,
2865 2164 2920 2208 et
2939 2164 3128 2224 guttur
3145 2152 3172 2191 ἀ
3191 2163 3434 2209 nostrum

1832 2241 2238 2295 meditatorium
2263 2242 2505 2297 efﬁcitur
2533 2244 2893 2298 latriuarum?
2917 2246 3164 2314 Dunique
3185 2247 3439 2301 volumus

1835 2331 2152 2403 prolixioris
2174 2333 2370 2389 inedia:
2394 2337 2590 2389 famam
2613 2352 2862 2405 qumrere
2885 2335 2904 2407 [
2924 2338 3004 2391 At.
3031 2336 3172 2392 fama
3193 2353 3383 2394 carere
3399 2337 3442 2412 ],

1838 2435 2048 2480 tantum
2087 2442 2340 2480 voramus
2367 2468 2382 2494 ,
2414 2437 2677 2498 quantum
2709 2428 2794 2482 vix
2829 2429 3054 2484 alterius
3084 2431 3194 2486 diei
3226 2447 3332 2486 nox
3360 2430 3443 2486 di-

1837 2528 2012 2588 gerat.
2053 2517 2242 2589 Itaque
2284 2536 2389 2574 non
2431 2530 2541 2576 tam
2576 2521 2844 2591 jejunium
2884 2524 3272 2592 appellandum
3314 2536 3396 2581 est
3424 2569 3438 2592 ,

1839 2627 2000 2682 quam
2031 2612 2279 2681 crapula,
2310 2627 2372 2667 ac
2401 2612 2601 2676 fetens,
2632 2626 2689 2670 et
2717 2615 2953 2670 molesta
2983 2615 3237 2686 digestio.

1915 2703 2000 2757 13.
2031 2700 2381 2767 Dicwarcltus,
2403 2703 2718 2772 Xenoiihon,
2739 2705 3061 2762 Cha’renton.
3083 2738 3152 2748 ——
3169 2723 3187 2743 υ
3211 2708 3447 2764 Dicaear-

1839 2795 1974 2851 chus
2004 2797 2055 2850 in
2082 2797 2236 2850 libris
2268 2798 2690 2867 Antiquitatum,
2721 2808 2776 2854 et
2802 2799 3170 2870 descriptione
3193 2801 3440 2869 Graeciaa,

1841 2887 2012 2944 refert
2042 2889 2145 2944 sub
2179 2888 2446 2957 Saturno,
2493 2891 2546 2945 id
2588 2899 2706 2956 est,
2751 2893 2804 2945 in
2841 2907 3009 2948 aureo
3039 2894 3279 2959 sarculo,
3322 2910 3445 2949 cum

1840 2982 2022 3036 omnia
2055 2981 2251 3037 humus
2292 2982 2577 3050 funderet,
2617 2985 2823 3040 nullum
2865 2986 3172 3044 comedisse
3209 3002 3445 3055 carnes,

1842 3071 1934 3128 sed
1959 3076 2247 3131 universos
2275 3076 2480 3132 vixisse
2513 3078 2759 3148 frugibus
2785 3089 2842 3134 et
2870 3081 3071 3149 pomis,
3104 3099 3224 3152 quze
3250 3094 3449 3152 sponte

1845 3175 1991 3222 terra
2014 3168 2292 3238 gignebat.
2323 3168 2611 3225 Persarum
2640 3172 2784 3241 regis
2808 3172 2933 3243 Cyri
2953 3173 3119 3228 vitam
3147 3173 3451 3246 Xemiplion

1845 3271 1971 3314 octo
2001 3261 2376 3317 voluminibus
2405 3264 2644 3333 explicat
2685 3281 2698 3317 :
2747 3264 2966 3333 polenta
3007 3276 3062 3320 et
3098 3267 3361 3322 cardatno
3399 3280 3455 3323 et

127 3346 278 3400 neI'Si
343 3341 694 3413 νοιοιιιείιπη
717 3386 730 3408 .
776 3341 844 3396 ad
895 3344 1099 3398 εοίιυιη
1156 3357 1372 3413 semper
1417 3353 1735 3400 CX'J'Sluanl-
1769 3352 1814 3416 Ε
1845 3352 1961 3408 Sale
1991 3369 2056 3408 ac
2087 3369 2226 3422 pane
2255 3355 2462 3410 cibario
2490 3371 2587 3410 eos
2616 3370 2871 3412 asserens
2896 3357 3164 3414 victitare.
3196 3359 3455 3415 Lacedae-

133 3437 446 3493 ari~tiane
473 3436 682 3490 sanitas
712 3435 917 3504 absque
943 3436 1150 3490 viribus
1197 3437 1381 3491 nimiis
1431 3440 1737 3493 necessaria

126 3542 192 3587 st.
221 3531 351 3586 Nec
388 3529 626 3584 turbare
656 3544 754 3583 nos
776 3527 959 3593 debet,
994 3528 1040 3582 si
1069 3528 1176 3583 rari
1205 3529 1317 3584 sint
1358 3529 1518 3599 hujus
1549 3547 1745 3600 propo-

123 3627 168 3682 (ι’
194 3633 583 3687 sectatores;
607 3627 732 3693 quia
757 3622 863 3676 rari
888 3632 1031 3687 sunt,
1057 3631 1112 3676 et
1133 3624 1291 3677 amici
1314 3623 1439 3678 boni
1462 3632 1516 3678 et
1541 3623 1749 3690 fideles,

163 3720 376 3791 pudici
431 3727 494 3772 et
517 3718 892 3782 continentes,
933 3729 1259 3787 semperque
1299 3718 1469 3772 virtus
1493 3735 1610 3773 rara
1643 3727 1746 3775 est.

124 3833 209 3887 'gc
248 3812 548 3870 Fabricii
580 3812 997 3877 continentiam,
1024 3809 1170 3866 Curii
1194 3821 1588 3884 paupertatem,
1612 3826 1666 3869 et
1696 3817 1748 3870 in

125 3921 210 3967 ita
243 3909 430 3966 υνδε
475 3907 571 3960 vix
625 3919 832 3977 paucos
864 3907 1115 3962 invenies
1141 3922 1277 3975 quos
1325 3912 1591 3977 sequaris.
1624 3906 1746 3963 Noli

123 4017 288 4070 iere,
326 4015 420 4058 ne
468 3999 522 4054 si
553 4013 756 4054 carnes
785 4013 891 4053 non
919 3999 1256 4066 comederis,
1287 4014 1524 4070 aucupes
1554 4011 1608 4056 et
1652 4017 1746 4057 vc-

134 4115 295 4156 ores
337 4097 600 4152 frustra
628 4094 860 4148 artiﬁcia
881 4093 1192 4149 didicerint.

133 4192 200 4246 2.
263 4188 608 4260 Podagrw
640 4185 917 4240 medicina.
953 4183 1181 4238 Vitanda
1217 4184 1383 4239 omnis
1411 4187 1644 4239 satietas.
1675 4215 1746 4227 —-

124 4292 330 4356 ;imus
372 4281 699 4357 quosdam
745 4282 935 4338 morbo
962 4282 1238 4336 articulari
1281 4290 1336 4338 et
1365 4281 1618 4353 podagra:
1647 4281 1747 4336 hu-

123 4386 309 4440 u'bus
389 4377 802 4442 laborantes,
858 4376 1260 4448 proscriptione
1313 4374 1626 4442 bonorum,
1681 4375 1747 4431 ad

125 4565 316 4622 .4155.
371 4558 656 4619 ardore,
687 4558 817 4613 olim
845 4570 964 4613 erat
993 4557 1154 4612 ardor
1188 4567 1261 4612 est
1291 4573 1309 4611 :
1341 4557 1614 4614 Victorius
1647 4575 1759 4614 ma-

123 4639 218 4692 ad
259 4632 683 4690 deliciarum
707 4630 969 4684 ardorem.

128 4709 363 4763 Illius
425 4703 798 4758 Crotoniatae
834 4703 978 4756 vires.
1019 4702 1147 4756 Milo
1177 4699 1558 4754 Crotoniensis
1586 4710 1751 4755 tanta:

123 4777 438 4836 tudinis
493 4775 696 4828 fuisse
727 4774 946 4840 dicitur,
977 4786 1031 4827 ut
1057 4776 1105 4828 iu
1133 4772 1427 4843 Olympico
1451 4777 1754 4826 certamine

135 4873 206 4905 HI
279 4864 434 4919 per
459 4845 770 4919 4$|ﬁliilllﬂ
816 4846 1118 4919 portaverit
1149 4863 1166 4919 ξ
1197 4842 1358 4912 quem
1398 4842 1600 4919 deinde
1648 4846 1754 4919 ictu

125 4926 157 4979 i
195 4915 652 4982 idlerfccit,
678 4929 1017 4985 unaquoipte
1038 4917 1126 4969 die
1158 4917 1426 4983 integrum
1449 4916 1752 4968 devoravit.

131 4993 484 5052 Galenu
503 5007 578 5042 ιιι
607 4987 704 5042 ubi
727 5001 912 5058 supra,
939 5002 990 5044 et
1016 4987 1252 5043 Plinium
1279 4987 1492 5058 lib.er
1520 5001 1640 5056 cap.
1664 4987 1755 5041 ‘20.

1343 5057 1612 5112 ΜΑιιτιΑιι.

124 5141 310 5193 'ocu
329 5136 410 5190 fa
455 5147 571 5186 ex
589 5139 755 5185 antea
777 5131 1209 5185 desiderabatur.
1235 5130 1404 5184 Paulo
1423 5145 1582 5195 supra
1603 5128 1760 5183 casti-

123 5230 134 5263 ι
182 5229 234 5262 a
292 5207 487 5261 Deo
539 5203 749 5254 vietum
779 5202 1173 5261 'l‘ertulliauus.
1210 5211 1261 5255 ct
1292 5203 1596 5274 castigatam
1628 5200 1766 5274 refe-—

126 5301 212 5337 ιη
263 5277 707 5336 Cassianus
736 5285 909 5326 vocat.
958 5274 1263 5327 Macrobius
1290 5272 1506 5342 quoque
1539 5276 1575 5327 l.
1607 5289 1644 5327 tl
1669 5272 1765 5326 Sa-

150 5369 381 5422 στερη
483 5347 544 5422 1-
567 5362 645 5422 __:_
683 5343 884 5422 Heraea
920 5346 1210 5422 fastigatis
1238 5345 1458 5414 dapibus
1507 5348 1761 5422 assidam.

123 5445 172 5480 ιι
188 5414 298 5478 ιη’
331 5419 460 5476 de
504 5414 754 5472 Didone
778 5416 884 5470 vid.
911 5414 1174 5470 Galerium
1199 5417 1319 5470 loco
1339 5431 1502 5486 supra
1527 5419 1762 5480 laudato,

127 5503 367 5552 riunt
437 5487 617 5541 lib-
649 5501 742 5548 vn,
773 5504 892 5551 cap.
926 5488 1018 5544 ΞΟ.

126 5577 502 5624 osa-una
554 5559 994 5612 rneditatorium.
1029 5559 1119 5615 Sic
1151 5561 1268 5626 lege
1289 5572 1410 5613 cum
1436 5557 1689 5623 Erasmo,
1715 5565 1773 5613 et

126 5656 240 5694 us
295 5649 549 5692 "vss-
617 5630 907 5685 codicibus
933 5633 1154 5685 nostris.
1192 5629 1338 5684 Idem
1367 5631 1588 5684 verbum
1613 5641 1776 5693 repe-

127 5735 136 5767 .
213 5698 657 5778 ερίειυξει
695 5699 760 5778 ad
807 5698 1089 5756 Fabiolam
1129 5703 1355 5778 tle_xt.t_t_
1391 5700 1776 5778 rnonsiouihus

127 5769 462 5836 tau-iu"
561 5769 660 5825 in
707 5773 963 5839 deserto,
1004 5783 1136 5827 tom.
1189 5773 1228 5827 ll
1270 5771 1531 5826 editionis
1579 5779 1777 5824 nostra:

135 5856 210 5912 L5
231 5895 260 5919 ,
308 5852 415 5908 in
477 5845 536 5898 li
555 5855 692 5895 ne.
719 5841 815 5919 Est
839 5854 1018 5898 autem
1043 5844 1422 5919 meditatorium
1444 5842 1596 5919 locus
1620 5855 1778 5897 exer-

135 5912 264 5989 ill;
325 5921 556 5976 sive
624 5914 1182 5989 loeditamentorum.
1221 5912 1376 5970 Unde
1406 5913 1639 5989 pulchre
1668 5925 1781 5966 me-

138 5983 332 6055 .uin
389 5998 652 6044 voca
674 5985 744 6039 vit
771 5994 960 6056 guttur
992 5995 1240 6045 nostrum
1263 6024 1280 6055 ,
1327 5985 1455 6055 quia
1487 5984 1589 6043 hoc
1627 5983 1682 6041 in
1713 5996 1780 6042 eo

1778 4634 1834 4695 Ι)
1859 4627 2056 4684 latrina
2108 4631 2340 4696 suscipit
2383 4639 2435 4684 et
2467 4627 2740 4684 devorat.’
2771 4627 2908 4683 Vide

1846 3446 2154 3499 moniorum
2194 3460 2399 3501 mensa:
2431 3447 2902 3519 frugalitatisque,
2946 3460 3000 3505 et
3043 3455 3452 3520 suprascriptus

1849 3535 2155 3607 Xenophon
2178 3548 2232 3592 et
2250 3538 2684 3609 Theophrastus,
2708 3549 2765 3594 et
2784 3557 2976 3597 (mines
2999 3559 3139 3612 pene
3153 3546 3457 3613 scriptores

1853 3629 2080 3684 Crit-cia:
2104 3640 2272 3686 testes
2291 3639 2440 3686 sunt.
2465 3630 2818 3687 fCha-remeo
2843 3634 3084 3699 Stoicus,
3102 3636 3185 3689 vir
3198 3635 3456 3704 cloquen-

1854 3723 2118 3787 tissimus,
2142 3734 2327 3778 narrat
2343 3719 2410 3777 de
2439 3722 2554 3776 \‘ita
2573 3724 2922 3794 antiquorum
2944 3723 3164 3794 Egypti
3190 3725 3452 3781 sacerdo-

1858 3825 1990 3883 tum,
2041 3817 2182 3888 quod
2212 3817 2471 3872 omnibus
2509 3818 2695 3872 mundi
2744 3819 2976 3889 negatiis
3007 3819 3264 3888 curisque
3297 3830 3448 3890 post-

1854 3911 2066 3980 positis,
2097 3924 2315 3981 semper
2335 3911 2388 3966 in
2417 3912 2624 3981 templo
2651 3912 2888 3976 fuerint;
2919 3919 2975 3966 et
3003 3925 3187 3966 rerum
3211 3922 3456 3980 naturas,

1849 4017 2153 4072 causaSquc
2201 4018 2265 4058 ac
2313 4002 2557 4058 rationes
2603 4002 2845 4058 siderum
2892 4004 3246 4072 contemplati
3295 4006 3454 4069 sint;

1852 4111 2148 4166 numquam
2183 4095 2510 4150 mulieribus
2545 4110 2605 4150 se
2647 4096 2998 4161 miscuerint;
3040 4111 3331 4166 numquam
3365 4113 3459 4153 co-

1848 4199 2042 4259 gnatos
2066 4197 2121 4242 et
2151 4188 2509 4258 propinquus,
2543 4201 2610 4242 ne
2641 4187 2847 4244 liberos
2869 4188 3089 4257 quidem
3112 4185 3275 4260 35.3
3309 4189 3457 4245 vide-

1849 4281 1995 4349 rint,
2038 4295 2103 4335 ex
2151 4291 2218 4336 eo
2263 4289 2546 4352 tempore,
2577 4298 2688 4351 quo
2729 4283 3028 4352 coepissent
3060 4280 3246 4336 divino
3285 4281 3454 4337 cultui

1859 4371 2168 4438 deservire;
2199 4371 2460 4430 carnibus
2497 4384 2552 4430 et
2586 4374 2716 4429 vino
2747 4384 2772 4421 Β
2805 4388 3027 4443 semper
3061 4373 3460 4440 abstinuerint,

1867 4561 2067 4634 agitur,
2094 4568 2149 4614 et
2180 4557 2313 4634 illud
2334 4558 2407 4613 ibi
2433 4559 2626 4634 incipit
2648 4563 2705 4613 et
2730 4567 3089 4634 praeparatur,
3113 4559 3255 4632 quod
3280 4573 3467 4634 postea

2955 4629 3353 4692 Tertullianum
3397 4637 3467 4693 de

1857 4699 2394 4776 Jeittnlt)._M.\|\T|AN.
2417 4730 2488 4740 ——
2520 4699 2661 4754 Alibi
2690 4700 3091 4776 ntediatprium,
3112 4707 3253 4776 quod
3285 4710 3466 4764 minus

1899 4774 2058 4847 iacet.
2084 4771 2848 4847 Sumptusautemestlocus
2876 4772 3004 4847 iste,
3038 4771 3280 4847 illudque
3307 4795 3466 4836 voca-

1858 4787 2058 4896 rlacet.
2084 4787 2340 4839 sumptus
2371 4787 2552 4824 autem
2584 4787 2667 4825 eSt
2699 4787 2848 4824 locus
2876 4787 3004 4838 Iste,
3038 4787 3280 4847 Illudque
3307 4795 3464 4836 voca-

1881 4843 2045 4922 i_tt_lum
2078 4855 2148 4894 ex
2179 4842 2494 4922 'I'L‘rtufl‘liatti
2523 4842 2616 4894 lib.
2663 4841 2996 4922 deJejttnits
3027 4845 3295 4922 adtretsns
3335 4847 3464 4922 Psy-

1859 4913 2045 4966 clticiis
2067 4925 2185 4980 Cap.
2216 4911 2249 4965 6
2286 4930 2298 4965 :
2323 4909 2452 4964 Cum
2481 4924 2642 4964 totum
2684 4909 2834 4964 illud,
2858 4914 3180 4970 domicilium
3208 4909 3468 4973 interioris

1862 4983 2105 5045 hominis,
2138 4985 2261 5058 escis
2289 4985 2562 5050 stipatum,
2592 4983 2720 5035 vinis
2764 4983 3090 5058 inundatum.
3125 4986 3471 5058 decoquendis

1855 5059 1984 5128 jam?
2028 5053 2332 5128 stercoribus
2365 5059 2604 5128 astutius
2629 5093 2644 5118 ,
2679 5056 3194 5128 ⁸ριἰιξηιινιιιιιιιωςίιιιη
3243 5053 3473 5128 efﬁcitur

1867 5121 2193 5250 'lsriigzna‘rgm.
2216 5121 2333 5178 Vid.
2363 5124 2416 5177 in
2441 5125 2599 5193 epist.
2625 5121 2922 5181 ad’Fabiol.
2947 5126 3016 5182 de
3038 5121 3474 5195 Mansiou','blan-

1869 5207 2008 5253 sion.
2039 5207 2129 5250 4⁸2.

1943 5279 1965 5306 ε
1989 5266 2288 5352 _F.s_eodem
2313 5265 2694 5352 ξριρῑψῆολῆ
2710 5274 3109 5352 raparumque;
3133 5278 3470 5352 Δικαίαρχος,

1871 5339 1924 5402 ὃς
1951 5342 2032 5416 τὸν
2063 5342 2288 5414 ἀρχαῖον
2311 5339 2423 5416 βίω(
2442 5348 2532 5399 τῆς
2551 5338 2792 5416 ξβλλάδυέ
2820 5338 3323 5416 ἁφηγοῦμενοςι-θιοξ
3348 5338 3474 5414 quae

1872 5369 1924 5402 ος
1951 5369 2032 5395 τυν
2063 5369 2288 5414 αρλαιυν
2311 5369 2418 5409 μων
2442 5369 2531 5399 της
2578 5369 2792 5402 ΓΑΛΑαοος
2820 5369 2934 5416 αφησ
2955 5369 3180 5414 ουμινος.
3214 5369 3323 5399 CIC.
3351 5369 3474 5414 qua:

1872 5417 1915 5468 si
1951 5415 2206 5472 libuerit,
2236 5411 2512 5464 consules.
2551 5409 2683 5466 Vide
2714 5424 2768 5465 et
2797 5369 3052 5479 SUldlitlll,
3087 5428 3139 5468 et
3172 5412 3474 5469 Varronem

1873 5483 1940 5538 de
1967 5485 2044 5536 lie
2079 5479 2301 5535 rus=ica.
2335 5481 2372 5534 l.
2407 5497 2478 5546 ll,
2509 5495 2558 5536 c.
2593 5483 2654 5543 1,
2687 5483 2778 5536 ubi
2807 5483 3041 5551 idipsmn
3073 5484 3266 5536 recitat
3290 5501 3355 5538 ex
3389 5487 3480 5541 Di-

1873 5555 2141 5611 caearcho.
2193 5551 2358 5606 Paulo
2399 5552 2532 5606 infra
2575 5554 2897 5608 Ciceroneni
2926 5551 2993 5607 ad
3037 5552 3329 5620 Quinctum
3371 5556 3481 5614 fra-

1875 5637 2013 5682 trem
2048 5626 2141 5678 ιιι).
2172 5637 2189 5678 ι
2221 5621 2344 5692 Ep.,
2381 5622 2446 5677 Et
2471 5625 2661 5686 sinon,
2693 5636 2798 5678 etc.

1953 5696 1971 5736 ί
2006 5697 2204 5753 Totum
2249 5691 2415 5749 hocce
2445 5696 2740 5760 capitulum
2772 5693 2838 5749 ad
2868 5691 3090 5762 Josoplti
3124 5709 3294 5763 uSqne
3327 5701 3483 5755 testi-

1879 5771 2154 5829 monium,
2205 5775 2271 5820 ex
2309 5764 2619 5838 Porphyrio
2648 5768 2841 5838 vertit,
2870 5765 3013 5834 quod
3046 5774 3254 5822 tantum
3302 5769 3483 5826 indico

1879 5839 2166 5896 brevitatis
2198 5836 2404 5890 studio.
2433 5834 2603 5891 Alitea
2633 5846 2747 5891 erat
2781 5834 3086 5890 Clteranton.

1867 5911 1878 5944 ἱ
1957 5921 1981 5958 s
2017 5909 2276 5977 Expungo
2302 5916 2356 5959 se
2385 5907 2654 5969 voculam,
2682 5912 2801 5976 qua:
2825 5907 2877 5962 in
2908 5920 3038 5965 mss.
3074 5921 3183 5965 non
3209 5906 3446 5969 habetur
3473 5928 3487 5967 :

1887 5990 1943 6039 et
1973 5979 2221 6051 quaedam
2254 5977 2462 6034 leviora
2492 5977 2596 6036 alia
2622 5977 2872 6038 restituo.
