  <div class='ocr_page' id='page_1' title='image "/cluster/home/n/w/nwhite01/storage/ocr_20150623/23/uva.x000775467/160.png"; bbox 0 0 4068 6318; ppageno 0'>
   <div class='ocr_carea' id='block_1_1' title="bbox 175 296 269 354">
    <p class='ocr_par' dir='ltr' id='par_1_1' title="bbox 175 296 269 354">
     <span class='ocr_line' id='line_1_1' title="bbox 175 296 269 354; baseline -0.043 0"><span class='ocrx_word' id='word_1_1' title='bbox 175 296 269 354; x_wconf 74' lang='lat'><strong>305</strong></span> 
     </span>
    </p>
   </div>
   <div class='ocr_carea' id='block_1_2' title="bbox 1274 301 2379 363">
    <p class='ocr_par' dir='ltr' id='par_1_2' title="bbox 1274 301 2379 363">
     <span class='ocr_line' id='line_1_2' title="bbox 1274 301 2379 363; baseline 0.004 -4"><span class='ocrx_word' id='word_1_2' title='bbox 1274 303 1643 361; x_wconf 78' lang='lat' dir='ltr'><strong>ADVERSUS</strong></span> <span class='ocrx_word' id='word_1_3' title='bbox 1682 301 2101 361; x_wconf 76' lang='lat' dir='ltr'><strong>JOVINIANUM</strong></span> <span class='ocrx_word' id='word_1_4' title='bbox 2143 302 2273 361; x_wconf 81' lang='lat' dir='ltr'><strong>LIB.</strong></span> <span class='ocrx_word' id='word_1_5' title='bbox 2317 305 2379 363; x_wconf 89' lang='lat' dir='ltr'><strong>ll.</strong></span> 
     </span>
    </p>
   </div>
   <div class='ocr_carea' id='block_1_3' title="bbox 3360 310 3463 364">
    <p class='ocr_par' dir='ltr' id='par_1_3' title="bbox 3360 310 3463 364">
     <span class='ocr_line' id='line_1_3' title="bbox 3360 310 3463 364; baseline -0.029 0"><span class='ocrx_word' id='word_1_6' title='bbox 3360 310 3463 364; x_wconf 66' lang='lat'><strong>306</strong></span> 
     </span>
    </p>
   </div>
   <div class='ocr_carea' id='block_1_4' title="bbox 172 419 3462 495">
    <p class='ocr_par' dir='ltr' id='par_1_4' title="bbox 172 419 3462 495">
     <span class='ocr_line' id='line_1_4' title="bbox 172 419 3462 495; baseline 0.002 -24"><span class='ocrx_word' id='word_1_7' title='bbox 172 432 447 489; x_wconf 89' lang='lat' dir='ltr'><strong>poscensa</strong></span> <span class='ocrx_word' id='word_1_8' title='bbox 470 419 731 491; x_wconf 88' lang='lat' dir='ltr'><strong>quolibet,</strong></span> <span class='ocrx_word' id='word_1_9' title='bbox 758 430 810 476; x_wconf 87' lang='lat' dir='ltr'><strong>et</strong></span> <span class='ocrx_word' id='word_1_10' title='bbox 830 422 1107 491; x_wconf 88' lang='lat' dir='ltr'><strong>accipiens</strong></span> <span class='ocrx_word' id='word_1_11' title='bbox 1128 423 1337 477; x_wconf 83' lang='lat' dir='ltr'><strong>cibum.</strong></span> <span class='ocrx_word' id='word_1_12' title='bbox 1365 422 1640 477; x_wconf 75' lang='lat' dir='ltr'><strong>Habitavit</strong></span> <span class='ocrx_word' id='word_1_13' title='bbox 1661 420 1770 492; x_wconf 80' lang='grc' dir='ltr'><strong>[ΑΙ.</strong></span> <span class='ocrx_word' id='word_1_14' title='bbox 1801 427 1852 486; x_wconf 81' lang='grc' dir='ltr'><strong>Α</strong></span> <span class='ocrx_word' id='word_1_15' title='bbox 1877 438 1995 478; x_wconf 91' lang='lat' dir='ltr'><strong>rum</strong></span> <span class='ocrx_word' id='word_1_16' title='bbox 2027 424 2178 479; x_wconf 98' lang='lat' dir='ltr'><strong>olera</strong></span> <span class='ocrx_word' id='word_1_17' title='bbox 2219 424 2269 478; x_wconf 88' lang='lat' dir='ltr'><strong>ei</strong></span> <span class='ocrx_word' id='word_1_18' title='bbox 2303 424 2590 478; x_wconf 91' lang='lat' dir='ltr'><strong>traduntur</strong></span> <span class='ocrx_word' id='word_1_19' title='bbox 2622 424 2672 478; x_wconf 89' lang='lat' dir='ltr'><strong>in</strong></span> <span class='ocrx_word' id='word_1_20' title='bbox 2718 423 2896 479; x_wconf 86' lang='lat' dir='ltr'><strong>cibum</strong></span> <span class='ocrx_word' id='word_1_21' title='bbox 2927 441 2941 477; x_wconf 93' lang='lat'><strong>:</strong></span> <span class='ocrx_word' id='word_1_22' title='bbox 2978 432 3036 479; x_wconf 89' lang='lat' dir='ltr'><strong>ttt</strong></span> <span class='ocrx_word' id='word_1_23' title='bbox 3063 425 3217 479; x_wconf 85' lang='lat' dir='ltr'><strong>exsul</strong></span> <span class='ocrx_word' id='word_1_24' title='bbox 3251 440 3462 495; x_wconf 81' lang='lat' dir='ltr'><strong>quoque</strong></span> 
     </span>
    </p>
   </div>
   <div class='ocr_carea' id='block_1_5' title="bbox 175 509 1767 585">
    <p class='ocr_par' dir='ltr' id='par_1_5' title="bbox 175 509 1767 585">
     <span class='ocr_line' id='line_1_5' title="bbox 175 509 1767 585; baseline 0.002 -21"><span class='ocrx_word' id='word_1_25' title='bbox 175 509 485 583; x_wconf 90' lang='lat' dir='ltr'><strong>habitabat]</strong></span> <span class='ocrx_word' id='word_1_26' title='bbox 506 524 683 567; x_wconf 89' lang='lat' dir='ltr'><strong>autem</strong></span> <span class='ocrx_word' id='word_1_27' title='bbox 709 516 759 569; x_wconf 91' lang='lat' dir='ltr'><strong>in</strong></span> <span class='ocrx_word' id='word_1_28' title='bbox 787 526 1058 585; x_wconf 88' lang='lat' dir='ltr'><strong>portarum</strong></span> <span class='ocrx_word' id='word_1_29' title='bbox 1084 514 1369 569; x_wconf 77' lang='lat' dir='ltr'><strong>vestibulis</strong></span> <span class='ocrx_word' id='word_1_30' title='bbox 1390 523 1447 571; x_wconf 93' lang='lat' dir='ltr'><strong>et</strong></span> <span class='ocrx_word' id='word_1_31' title='bbox 1468 514 1767 584; x_wconf 84' lang='lat' dir='ltr'><strong>porticibus</strong></span> 
     </span>
    </p>
   </div>
   <div class='ocr_carea' id='block_1_6' title="bbox 174 606 1771 682">
    <p class='ocr_par' dir='ltr' id='par_1_6' title="bbox 174 606 1771 682">
     <span class='ocr_line' id='line_1_6' title="bbox 174 606 1771 682; baseline 0.003 -22"><span class='ocrx_word' id='word_1_32' title='bbox 174 606 474 661; x_wconf 79' lang='lat' dir='ltr'><strong>civitatum.</strong></span> <span class='ocrx_word' id='word_1_33' title='bbox 506 606 750 680; x_wconf 84' lang='lat' dir='ltr'><strong>Cumque</strong></span> <span class='ocrx_word' id='word_1_34' title='bbox 777 625 836 666; x_wconf 91' lang='lat' dir='ltr'><strong>se</strong></span> <span class='ocrx_word' id='word_1_35' title='bbox 862 621 1251 682; x_wconf 89' lang='lat' dir='ltr'><strong>contorqueret</strong></span> <span class='ocrx_word' id='word_1_36' title='bbox 1284 613 1337 667; x_wconf 93' lang='lat' dir='ltr'><strong>in</strong></span> <span class='ocrx_word' id='word_1_37' title='bbox 1366 612 1533 677; x_wconf 90' lang='lat' dir='ltr'><strong>dolio,</strong></span> <span class='ocrx_word' id='word_1_38' title='bbox 1562 611 1771 665; x_wconf 86' lang='lat' dir='ltr'><strong>volubi-</strong></span> 
     </span>
    </p>
   </div>
   <div class='ocr_carea' id='block_1_7' title="bbox 178 697 1773 775">
    <p class='ocr_par' dir='ltr' id='par_1_7' title="bbox 178 697 1773 775">
     <span class='ocr_line' id='line_1_7' title="bbox 178 697 1773 775; baseline 0.004 -23"><span class='ocrx_word' id='word_1_39' title='bbox 178 697 282 753; x_wconf 90' lang='lat' dir='ltr'><strong>lem</strong></span> <span class='ocrx_word' id='word_1_40' title='bbox 312 714 373 755; x_wconf 89' lang='lat' dir='ltr'><strong>se</strong></span> <span class='ocrx_word' id='word_1_41' title='bbox 404 699 604 756; x_wconf 88' lang='lat' dir='ltr'><strong>habere</strong></span> <span class='ocrx_word' id='word_1_42' title='bbox 630 703 845 758; x_wconf 92' lang='lat' dir='ltr'><strong>domum</strong></span> <span class='ocrx_word' id='word_1_43' title='bbox 866 704 1173 774; x_wconf 87' lang='lat' dir='ltr'><strong>jocabatur,</strong></span> <span class='ocrx_word' id='word_1_44' title='bbox 1202 714 1259 760; x_wconf 91' lang='lat' dir='ltr'><strong>et</strong></span> <span class='ocrx_word' id='word_1_45' title='bbox 1285 720 1344 760; x_wconf 94' lang='lat' dir='ltr'><strong>se</strong></span> <span class='ocrx_word' id='word_1_46' title='bbox 1366 722 1489 759; x_wconf 87' lang='lat' dir='ltr'><strong>cum</strong></span> <span class='ocrx_word' id='word_1_47' title='bbox 1515 706 1773 775; x_wconf 84' lang='lat' dir='ltr'><strong>tempori-</strong></span> 
     </span>
    </p>
   </div>
   <div class='ocr_carea' id='block_1_8' title="bbox 176 789 1771 866">
    <p class='ocr_par' dir='ltr' id='par_1_8' title="bbox 176 789 1771 866">
     <span class='ocr_line' id='line_1_8' title="bbox 176 789 1771 866; baseline 0.004 -21"><span class='ocrx_word' id='word_1_48' title='bbox 176 789 277 845; x_wconf 85' lang='lat' dir='ltr'><strong>bus</strong></span> <span class='ocrx_word' id='word_1_49' title='bbox 308 793 706 849; x_wconf 81' lang='lat' dir='ltr'><strong>immutantem.</strong></span> <span class='ocrx_word' id='word_1_50' title='bbox 749 794 967 866; x_wconf 77' lang='lat' dir='ltr'><strong>Frigore</strong></span> <span class='ocrx_word' id='word_1_51' title='bbox 1004 798 1152 851; x_wconf 89' lang='lat' dir='ltr'><strong>enim</strong></span> <span class='ocrx_word' id='word_1_52' title='bbox 1183 811 1246 851; x_wconf 93' lang='lat' dir='ltr'><strong>os</strong></span> <span class='ocrx_word' id='word_1_53' title='bbox 1276 796 1409 851; x_wconf 91' lang='lat' dir='ltr'><strong>dolii</strong></span> <span class='ocrx_word' id='word_1_54' title='bbox 1438 797 1686 852; x_wconf 88' lang='lat' dir='ltr'><strong>vertebat</strong></span> <span class='ocrx_word' id='word_1_55' title='bbox 1720 797 1771 851; x_wconf 91' lang='lat' dir='ltr'><strong>in</strong></span> 
     </span>
    </p>
   </div>
   <div class='ocr_carea' id='block_1_9' title="bbox 175 878 1773 958">
    <p class='ocr_par' dir='ltr' id='par_1_9' title="bbox 175 878 1773 958">
     <span class='ocr_line' id='line_1_9' title="bbox 175 878 1773 958; baseline 0.005 -24"><span class='ocrx_word' id='word_1_56' title='bbox 175 882 492 946; x_wconf 89' lang='lat' dir='ltr'><strong>meridiem;</strong></span> <span class='ocrx_word' id='word_1_57' title='bbox 519 892 707 939; x_wconf 68' lang='lat' dir='ltr'><strong>testate</strong></span> <span class='ocrx_word' id='word_1_58' title='bbox 730 885 795 940; x_wconf 87' lang='lat' dir='ltr'><strong>ad</strong></span> <span class='ocrx_word' id='word_1_59' title='bbox 819 878 1247 956; x_wconf 78' lang='lat' dir='ltr'><strong>septentrioiiem</strong></span> <span class='ocrx_word' id='word_1_60' title='bbox 1267 929 1280 950; x_wconf 91' lang='lat'><strong>,</strong></span> <span class='ocrx_word' id='word_1_61' title='bbox 1305 898 1360 942; x_wconf 93' lang='lat' dir='ltr'><strong>et</strong></span> <span class='ocrx_word' id='word_1_62' title='bbox 1382 896 1671 958; x_wconf 79' lang='lat' dir='ltr'><strong>utcumque</strong></span> <span class='ocrx_word' id='word_1_63' title='bbox 1693 889 1773 942; x_wconf 92' lang='lat' dir='ltr'><strong>sol</strong></span> 
     </span>
    </p>
   </div>
   <div class='ocr_carea' id='block_1_10' title="bbox 173 972 1772 1047">
    <p class='ocr_par' dir='ltr' id='par_1_10' title="bbox 173 972 1772 1047">
     <span class='ocr_line' id='line_1_10' title="bbox 173 972 1772 1047; baseline 0.003 -20"><span class='ocrx_word' id='word_1_64' title='bbox 173 986 231 1027; x_wconf 90' lang='lat' dir='ltr'><strong>se</strong></span> <span class='ocrx_word' id='word_1_65' title='bbox 261 972 657 1041; x_wconf 84' lang='lat' dir='ltr'><strong>inclinaverat,</strong></span> <span class='ocrx_word' id='word_1_66' title='bbox 691 976 945 1047; x_wconf 85' lang='lat' dir='ltr'><strong>Diogenis</strong></span> <span class='ocrx_word' id='word_1_67' title='bbox 974 978 1135 1032; x_wconf 81' lang='lat' dir='ltr'><strong>simul</strong></span> <span class='ocrx_word' id='word_1_68' title='bbox 1164 984 1191 1012; x_wconf 75' lang='grc' dir='ltr'>ι</span> <span class='ocrx_word' id='word_1_69' title='bbox 1241 982 1557 1047; x_wconf 75' lang='lat' dir='ltr'><strong>praetorium</strong></span> <span class='ocrx_word' id='word_1_70' title='bbox 1590 988 1772 1033; x_wconf 83' lang='lat' dir='ltr'><strong>verte-</strong></span> 
     </span>
    </p>
   </div>
   <div class='ocr_carea' id='block_1_11' title="bbox 172 1066 1772 1143">
    <p class='ocr_par' dir='ltr' id='par_1_11' title="bbox 172 1066 1772 1143">
     <span class='ocr_line' id='line_1_11' title="bbox 172 1066 1772 1143; baseline 0.002 -20"><span class='ocrx_word' id='word_1_71' title='bbox 172 1066 351 1123; x_wconf 81' lang='lat' dir='ltr'><strong>batur.</strong></span> <span class='ocrx_word' id='word_1_72' title='bbox 395 1067 642 1137; x_wconf 85' lang='lat' dir='ltr'><strong>Quodam</strong></span> <span class='ocrx_word' id='word_1_73' title='bbox 679 1087 810 1126; x_wconf 87' lang='lat' dir='ltr'><strong>vero</strong></span> <span class='ocrx_word' id='word_1_74' title='bbox 845 1080 1091 1141; x_wconf 87' lang='lat' dir='ltr'><strong>tempore</strong></span> <span class='ocrx_word' id='word_1_75' title='bbox 1134 1072 1341 1128; x_wconf 87' lang='lat' dir='ltr'><strong>habens</strong></span> <span class='ocrx_word' id='word_1_76' title='bbox 1377 1073 1446 1127; x_wconf 91' lang='lat' dir='ltr'><strong>ad</strong></span> <span class='ocrx_word' id='word_1_77' title='bbox 1482 1074 1772 1143; x_wconf 87' lang='lat' dir='ltr'><strong>potandum</strong></span> 
     </span>
    </p>
   </div>
   <div class='ocr_carea' id='block_1_12' title="bbox 174 1156 1776 1234">
    <p class='ocr_par' dir='ltr' id='par_1_12' title="bbox 174 1156 1776 1234">
     <span class='ocr_line' id='line_1_12' title="bbox 174 1156 1776 1234; baseline 0.004 -21"><span class='ocrx_word' id='word_1_78' title='bbox 174 1156 200 1195; x_wconf 73' lang='grc'>³⁵</span> <span class='ocrx_word' id='word_1_79' title='bbox 232 1174 458 1215; x_wconf 88' lang='lat' dir='ltr'><strong>caucum</strong></span> <span class='ocrx_word' id='word_1_80' title='bbox 496 1161 758 1231; x_wconf 90' lang='lat' dir='ltr'><strong>ligneum,</strong></span> <span class='ocrx_word' id='word_1_81' title='bbox 792 1164 929 1219; x_wconf 83' lang='lat' dir='ltr'><strong>vidit</strong></span> <span class='ocrx_word' id='word_1_82' title='bbox 961 1179 1187 1234; x_wconf 91' lang='lat' dir='ltr'><strong>puerum</strong></span> <span class='ocrx_word' id='word_1_83' title='bbox 1228 1180 1388 1220; x_wconf 89' lang='lat' dir='ltr'><strong>manu</strong></span> <span class='ocrx_word' id='word_1_84' title='bbox 1420 1180 1659 1221; x_wconf 85' lang='lat' dir='ltr'><strong>concava</strong></span> <span class='ocrx_word' id='word_1_85' title='bbox 1696 1166 1776 1219; x_wconf 91' lang='lat' dir='ltr'><strong>bi-</strong></span> 
     </span>
    </p>
   </div>
   <div class='ocr_carea' id='block_1_13' title="bbox 172 1250 1775 1320">
    <p class='ocr_par' dir='ltr' id='par_1_13' title="bbox 172 1250 1775 1320">
     <span class='ocr_line' id='line_1_13' title="bbox 172 1250 1775 1320; baseline 0.003 -12"><span class='ocrx_word' id='word_1_86' title='bbox 172 1250 323 1315; x_wconf 83' lang='lat' dir='ltr'><strong>bere.</strong></span> <span class='ocrx_word' id='word_1_87' title='bbox 355 1263 409 1308; x_wconf 90' lang='lat' dir='ltr'><strong>et</strong></span> <span class='ocrx_word' id='word_1_88' title='bbox 440 1256 651 1310; x_wconf 79' lang='lat' dir='ltr'><strong>elisisse</strong></span> <span class='ocrx_word' id='word_1_89' title='bbox 676 1255 809 1310; x_wconf 92' lang='lat' dir='ltr'><strong>illud</strong></span> <span class='ocrx_word' id='word_1_90' title='bbox 840 1255 1016 1312; x_wconf 77' lang='lat' dir='ltr'><strong>fertur</strong></span> <span class='ocrx_word' id='word_1_91' title='bbox 1044 1256 1110 1310; x_wconf 92' lang='lat' dir='ltr'><strong>ad</strong></span> <span class='ocrx_word' id='word_1_92' title='bbox 1147 1267 1368 1320; x_wconf 92' lang='lat' dir='ltr'><strong>terram,</strong></span> <span class='ocrx_word' id='word_1_93' title='bbox 1400 1257 1590 1313; x_wconf 82' lang='lat' dir='ltr'><strong>dicens</strong></span> <span class='ocrx_word' id='word_1_94' title='bbox 1627 1276 1640 1313; x_wconf 93' lang='lat'>:</span> <span class='ocrx_word' id='word_1_95' title='bbox 1672 1257 1775 1313; x_wconf 85' lang='lat' dir='ltr'><strong>Ne-</strong></span> 
     </span>
    </p>
   </div>
   <div class='ocr_carea' id='block_1_14' title="bbox 172 1344 1774 1419">
    <p class='ocr_par' dir='ltr' id='par_1_14' title="bbox 172 1344 1774 1419">
     <span class='ocr_line' id='line_1_14' title="bbox 172 1344 1774 1419; baseline 0.004 -20"><span class='ocrx_word' id='word_1_96' title='bbox 172 1344 411 1401; x_wconf 84' lang='lat' dir='ltr'><strong>sciebam</strong></span> <span class='ocrx_word' id='word_1_97' title='bbox 448 1347 592 1415; x_wconf 91' lang='lat' dir='ltr'><strong>quod</strong></span> <span class='ocrx_word' id='word_1_98' title='bbox 623 1358 679 1403; x_wconf 91' lang='lat' dir='ltr'><strong>et</strong></span> <span class='ocrx_word' id='word_1_99' title='bbox 708 1357 896 1403; x_wconf 89' lang='lat' dir='ltr'><strong>natura</strong></span> <span class='ocrx_word' id='word_1_100' title='bbox 930 1347 1157 1404; x_wconf 82' lang='lat' dir='ltr'><strong>haberet</strong></span> <span class='ocrx_word' id='word_1_101' title='bbox 1197 1351 1472 1419; x_wconf 84' lang='lat' dir='ltr'><strong>poculum.</strong></span> <span class='ocrx_word' id='word_1_102' title='bbox 1506 1351 1774 1406; x_wconf 88' lang='lat' dir='ltr'><strong>Virtutem</strong></span> 
     </span>
    </p>
   </div>
   <div class='ocr_carea' id='block_1_15' title="bbox 171 1440 1772 1512">
    <p class='ocr_par' dir='ltr' id='par_1_15' title="bbox 171 1440 1772 1512">
     <span class='ocr_line' id='line_1_15' title="bbox 171 1440 1772 1512; baseline 0.002 -18"><span class='ocrx_word' id='word_1_103' title='bbox 171 1441 289 1507; x_wconf 84' lang='lat' dir='ltr'><strong>ejus</strong></span> <span class='ocrx_word' id='word_1_104' title='bbox 308 1448 368 1493; x_wconf 90' lang='lat' dir='ltr'><strong>et</strong></span> <span class='ocrx_word' id='word_1_105' title='bbox 396 1440 789 1496; x_wconf 85' lang='lat' dir='ltr'><strong>continentiam</strong></span> <span class='ocrx_word' id='word_1_106' title='bbox 814 1457 961 1496; x_wconf 89' lang='lat' dir='ltr'><strong>mors</strong></span> <span class='ocrx_word' id='word_1_107' title='bbox 988 1458 1205 1512; x_wconf 87' lang='lat' dir='ltr'><strong>quoque</strong></span> <span class='ocrx_word' id='word_1_108' title='bbox 1235 1442 1459 1498; x_wconf 91' lang='lat' dir='ltr'><strong>indicat.</strong></span> <span class='ocrx_word' id='word_1_109' title='bbox 1490 1444 1622 1498; x_wconf 87' lang='lat' dir='ltr'><strong>Nam</strong></span> <span class='ocrx_word' id='word_1_110' title='bbox 1650 1458 1772 1498; x_wconf 89' lang='lat' dir='ltr'><strong>cum</strong></span> 
     </span>
    </p>
   </div>
   <div class='ocr_carea' id='block_1_16' title="bbox 170 1529 1775 1605">
    <p class='ocr_par' dir='ltr' id='par_1_16' title="bbox 170 1529 1775 1605">
     <span class='ocr_line' id='line_1_16' title="bbox 170 1529 1775 1605; baseline 0.003 -20"><span class='ocrx_word' id='word_1_111' title='bbox 170 1529 237 1585; x_wconf 78' lang='lat' dir='ltr'><strong>ad</strong></span> <span class='ocrx_word' id='word_1_112' title='bbox 268 1546 497 1600; x_wconf 91' lang='lat' dir='ltr'><strong>agonem</strong></span> <span class='ocrx_word' id='word_1_113' title='bbox 524 1532 920 1604; x_wconf 84' lang='lat' dir='ltr'><strong>Olympiacum,</strong></span> <span class='ocrx_word' id='word_1_114' title='bbox 948 1534 1040 1604; x_wconf 86' lang='lat' dir='ltr'><strong>qui</strong></span> <span class='ocrx_word' id='word_1_115' title='bbox 1071 1549 1264 1604; x_wconf 85' lang='lat' dir='ltr'><strong>magna</strong></span> <span class='ocrx_word' id='word_1_116' title='bbox 1291 1534 1595 1605; x_wconf 78' lang='lat' dir='ltr'><strong>frequentia</strong></span> <span class='ocrx_word' id='word_1_117' title='bbox 1621 1534 1775 1591; x_wconf 64' lang='lat' dir='ltr'><strong>Grie-</strong></span> 
     </span>
    </p>
   </div>
   <div class='ocr_carea' id='block_1_17' title="bbox 167 1624 1775 1698">
    <p class='ocr_par' dir='ltr' id='par_1_17' title="bbox 167 1624 1775 1698">
     <span class='ocr_line' id='line_1_17' title="bbox 167 1624 1775 1698; baseline 0.003 -19"><span class='ocrx_word' id='word_1_118' title='bbox 167 1624 271 1679; x_wconf 70' lang='lat' dir='ltr'><strong>ciae</strong></span> <span class='ocrx_word' id='word_1_119' title='bbox 286 1625 684 1692; x_wconf 83' lang='lat' dir='ltr'><strong>celebrabatur,</strong></span> <span class='ocrx_word' id='word_1_120' title='bbox 700 1626 811 1694; x_wconf 90' lang='lat' dir='ltr'><strong>jam</strong></span> <span class='ocrx_word' id='word_1_121' title='bbox 841 1641 1010 1681; x_wconf 80' lang='lat' dir='ltr'><strong>senex</strong></span> <span class='ocrx_word' id='word_1_122' title='bbox 1036 1640 1307 1698; x_wconf 85' lang='lat' dir='ltr'><strong>pergeret,</strong></span> <span class='ocrx_word' id='word_1_123' title='bbox 1328 1628 1467 1683; x_wconf 77' lang='lat' dir='ltr'><strong>febri</strong></span> <span class='ocrx_word' id='word_1_124' title='bbox 1502 1630 1555 1683; x_wconf 92' lang='lat' dir='ltr'><strong>in</strong></span> <span class='ocrx_word' id='word_1_125' title='bbox 1579 1629 1775 1685; x_wconf 88' lang='lat' dir='ltr'><strong>itinere</strong></span> 
     </span>
    </p>
   </div>
   <div class='ocr_carea' id='block_1_18' title="bbox 167 1713 1774 1793">
    <p class='ocr_par' dir='ltr' id='par_1_18' title="bbox 167 1713 1774 1793">
     <span class='ocr_line' id='line_1_18' title="bbox 167 1713 1774 1793; baseline 0.006 -25"><span class='ocrx_word' id='word_1_126' title='bbox 167 1713 371 1770; x_wconf 89' lang='lat' dir='ltr'><strong>dicitur</strong></span> <span class='ocrx_word' id='word_1_127' title='bbox 397 1718 765 1786; x_wconf 84' lang='lat' dir='ltr'><strong>apprehensus</strong></span> <span class='ocrx_word' id='word_1_128' title='bbox 786 1760 800 1783; x_wconf 92' lang='lat'><strong>,</strong></span> <span class='ocrx_word' id='word_1_129' title='bbox 832 1719 1155 1774; x_wconf 88' lang='lat' dir='ltr'><strong>accubuisse</strong></span> <span class='ocrx_word' id='word_1_130' title='bbox 1184 1717 1305 1791; x_wconf 83' lang='grc' dir='ltr'><strong>[Αι.</strong></span> <span class='ocrx_word' id='word_1_131' title='bbox 1342 1720 1692 1793; x_wconf 90' lang='lat' dir='ltr'><strong>incubuisse]</strong></span> <span class='ocrx_word' id='word_1_132' title='bbox 1724 1723 1774 1777; x_wconf 93' lang='lat' dir='ltr'><strong>in</strong></span> 
     </span>
    </p>
   </div>
   <div class='ocr_carea' id='block_1_19' title="bbox 1871 516 3463 587">
    <p class='ocr_par' dir='ltr' id='par_1_19' title="bbox 1871 516 3463 587">
     <span class='ocr_line' id='line_1_19' title="bbox 1871 516 3463 587; baseline 0 -17"><span class='ocrx_word' id='word_1_133' title='bbox 1871 516 2135 586; x_wconf 85' lang='lat' dir='ltr'><strong>paradisi,</strong></span> <span class='ocrx_word' id='word_1_134' title='bbox 2177 533 2282 571; x_wconf 89' lang='lat' dir='ltr'><strong>non</strong></span> <span class='ocrx_word' id='word_1_135' title='bbox 2321 517 2599 582; x_wconf 87' lang='lat' dir='ltr'><strong>carnibus,</strong></span> <span class='ocrx_word' id='word_1_136' title='bbox 2632 533 2751 587; x_wconf 74' lang='lat' dir='ltr'><strong>qua:</strong></span> <span class='ocrx_word' id='word_1_137' title='bbox 2784 518 2834 571; x_wconf 92' lang='lat' dir='ltr'><strong>in</strong></span> <span class='ocrx_word' id='word_1_138' title='bbox 2863 518 3118 587; x_wconf 87' lang='lat' dir='ltr'><strong>paradiso</strong></span> <span class='ocrx_word' id='word_1_139' title='bbox 3150 534 3257 572; x_wconf 90' lang='lat' dir='ltr'><strong>non</strong></span> <span class='ocrx_word' id='word_1_140' title='bbox 3287 529 3463 582; x_wconf 90' lang='lat' dir='ltr'><strong>erant,</strong></span> 
     </span>
    </p>
   </div>
   <div class='ocr_carea' id='block_1_20' title="bbox 1871 607 3467 677">
    <p class='ocr_par' dir='ltr' id='par_1_20' title="bbox 1871 607 3467 677">
     <span class='ocr_line' id='line_1_20' title="bbox 1871 607 3467 677; baseline 0.001 -16"><span class='ocrx_word' id='word_1_141' title='bbox 1871 608 1966 663; x_wconf 90' lang='lat' dir='ltr'><strong>sed</strong></span> <span class='ocrx_word' id='word_1_142' title='bbox 1997 608 2353 662; x_wconf 87' lang='lat' dir='ltr'><strong>similitudine</strong></span> <span class='ocrx_word' id='word_1_143' title='bbox 2385 609 2596 676; x_wconf 82' lang='lat' dir='ltr'><strong>frugum</strong></span> <span class='ocrx_word' id='word_1_144' title='bbox 2625 607 2854 677; x_wconf 88' lang='lat' dir='ltr'><strong>paradisi</strong></span> <span class='ocrx_word' id='word_1_145' title='bbox 2884 617 3225 665; x_wconf 88' lang='lat' dir='ltr'><strong>vesceretur.</strong></span> <span class='ocrx_word' id='word_1_146' title='bbox 3264 609 3467 663; x_wconf 88' lang='lat' dir='ltr'><strong>Postea</strong></span> 
     </span>
    </p>
   </div>
   <div class='ocr_carea' id='block_1_21' title="bbox 1873 700 3471 773">
    <p class='ocr_par' dir='ltr' id='par_1_21' title="bbox 1873 700 3471 773">
     <span class='ocr_line' id='line_1_21' title="bbox 1873 700 3471 773; baseline 0.003 -20"><span class='ocrx_word' id='word_1_147' title='bbox 1873 715 2003 755; x_wconf 83' lang='lat' dir='ltr'><strong>vero</strong></span> <span class='ocrx_word' id='word_1_148' title='bbox 2037 701 2232 757; x_wconf 90' lang='lat' dir='ltr'><strong>videns</strong></span> <span class='ocrx_word' id='word_1_149' title='bbox 2264 700 2408 755; x_wconf 62' lang='lat' dir='ltr'><strong>Di-us</strong></span> <span class='ocrx_word' id='word_1_150' title='bbox 2453 701 2597 771; x_wconf 92' lang='lat' dir='ltr'><strong>quod</strong></span> <span class='ocrx_word' id='word_1_151' title='bbox 2631 702 2918 771; x_wconf 83' lang='lat' dir='ltr'><strong>diligenter</strong></span> <span class='ocrx_word' id='word_1_152' title='bbox 2968 704 3274 773; x_wconf 85' lang='lat' dir='ltr'><strong>appositum</strong></span> <span class='ocrx_word' id='word_1_153' title='bbox 3327 713 3471 759; x_wconf 78' lang='lat' dir='ltr'><strong>esset</strong></span> 
     </span>
    </p>
   </div>
   <div class='ocr_carea' id='block_1_22' title="bbox 1873 794 3469 865">
    <p class='ocr_par' dir='ltr' id='par_1_22' title="bbox 1873 794 3469 865">
     <span class='ocr_line' id='line_1_22' title="bbox 1873 794 3469 865; baseline 0.001 -18"><span class='ocrx_word' id='word_1_154' title='bbox 1873 794 1941 848; x_wconf 89' lang='lat' dir='ltr'><strong>ad</strong></span> <span class='ocrx_word' id='word_1_155' title='bbox 1972 795 2234 849; x_wconf 85' lang='lat' dir='ltr'><strong>malitiam</strong></span> <span class='ocrx_word' id='word_1_156' title='bbox 2262 810 2357 850; x_wconf 91' lang='lat' dir='ltr'><strong>cor</strong></span> <span class='ocrx_word' id='word_1_157' title='bbox 2380 794 2615 848; x_wconf 87' lang='lat' dir='ltr'><strong>hominis</strong></span> <span class='ocrx_word' id='word_1_158' title='bbox 2644 796 2712 848; x_wconf 91' lang='lat' dir='ltr'><strong>ab</strong></span> <span class='ocrx_word' id='word_1_159' title='bbox 2742 795 3131 860; x_wconf 89' lang='lat' dir='ltr'><strong>adolescentia,</strong></span> <span class='ocrx_word' id='word_1_160' title='bbox 3163 808 3211 850; x_wconf 90' lang='lat' dir='ltr'><strong>et</strong></span> <span class='ocrx_word' id='word_1_161' title='bbox 3241 796 3469 865; x_wconf 86' lang='lat' dir='ltr'><strong>spiritus</strong></span> 
     </span>
    </p>
   </div>
   <div class='ocr_carea' id='block_1_23' title="bbox 1873 888 3473 960">
    <p class='ocr_par' dir='ltr' id='par_1_23' title="bbox 1873 888 3473 960">
     <span class='ocr_line' id='line_1_23' title="bbox 1873 888 3473 960; baseline -0.001 -17"><span class='ocrx_word' id='word_1_162' title='bbox 1873 889 1992 957; x_wconf 90' lang='lat' dir='ltr'><strong>ejus</strong></span> <span class='ocrx_word' id='word_1_163' title='bbox 2038 889 2089 942; x_wconf 93' lang='lat' dir='ltr'><strong>in</strong></span> <span class='ocrx_word' id='word_1_164' title='bbox 2134 889 2215 943; x_wconf 90' lang='lat' dir='ltr'><strong>his</strong></span> <span class='ocrx_word' id='word_1_165' title='bbox 2264 903 2587 957; x_wconf 86' lang='lat' dir='ltr'><strong>permanere</strong></span> <span class='ocrx_word' id='word_1_166' title='bbox 2634 904 2740 941; x_wconf 87' lang='lat' dir='ltr'><strong>non</strong></span> <span class='ocrx_word' id='word_1_167' title='bbox 2788 899 2994 957; x_wconf 89' lang='lat' dir='ltr'><strong>posset,</strong></span> <span class='ocrx_word' id='word_1_168' title='bbox 3024 891 3146 958; x_wconf 82' lang='lat' dir='ltr'><strong>quia</strong></span> <span class='ocrx_word' id='word_1_169' title='bbox 3178 888 3307 960; x_wconf 81' lang='lat' dir='ltr'><strong>[AL</strong></span> <span class='ocrx_word' id='word_1_170' title='bbox 3338 888 3473 959; x_wconf 86' lang='lat' dir='ltr'><strong>qui]</strong></span> 
     </span>
    </p>
   </div>
   <div class='ocr_carea' id='block_1_24' title="bbox 1873 980 3470 1046">
    <p class='ocr_par' dir='ltr' id='par_1_24' title="bbox 1873 980 3470 1046">
     <span class='ocr_line' id='line_1_24' title="bbox 1873 980 3470 1046; baseline 0 -11"><span class='ocrx_word' id='word_1_171' title='bbox 1873 991 2031 1035; x_wconf 90' lang='lat' dir='ltr'><strong>erant</strong></span> <span class='ocrx_word' id='word_1_172' title='bbox 2083 996 2231 1045; x_wconf 89' lang='lat' dir='ltr'><strong>caro,</strong></span> <span class='ocrx_word' id='word_1_173' title='bbox 2288 996 2453 1046; x_wconf 88' lang='lat' dir='ltr'><strong>opera</strong></span> <span class='ocrx_word' id='word_1_174' title='bbox 2484 980 2668 1034; x_wconf 89' lang='lat' dir='ltr'><strong>carnis</strong></span> <span class='ocrx_word' id='word_1_175' title='bbox 2703 981 2919 1034; x_wconf 81' lang='lat' dir='ltr'><strong>Diluvio</strong></span> <span class='ocrx_word' id='word_1_176' title='bbox 2971 980 3381 1046; x_wconf 88' lang='lat' dir='ltr'><strong>condemnavit,</strong></span> <span class='ocrx_word' id='word_1_177' title='bbox 3414 990 3470 1035; x_wconf 92' lang='lat' dir='ltr'><strong>et</strong></span> 
     </span>
    </p>
   </div>
   <div class='ocr_carea' id='block_1_25' title="bbox 1876 1074 3471 1143">
    <p class='ocr_par' dir='ltr' id='par_1_25' title="bbox 1876 1074 3471 1143">
     <span class='ocr_line' id='line_1_25' title="bbox 1876 1074 3471 1143; baseline 0.001 -16"><span class='ocrx_word' id='word_1_178' title='bbox 1876 1074 2247 1129; x_wconf 88' lang='lat' dir='ltr'><strong>avidissimam</strong></span> <span class='ocrx_word' id='word_1_179' title='bbox 2285 1075 2564 1127; x_wconf 85' lang='lat' dir='ltr'><strong>hominum</strong></span> <span class='ocrx_word' id='word_1_180' title='bbox 2597 1074 2777 1141; x_wconf 82' lang='lat' dir='ltr'><strong>gulam</strong></span> <span class='ocrx_word' id='word_1_181' title='bbox 2810 1074 3073 1143; x_wconf 89' lang='lat' dir='ltr'><strong>probans,</strong></span> <span class='ocrx_word' id='word_1_182' title='bbox 3103 1075 3254 1129; x_wconf 84' lang='lat' dir='ltr'><strong>dedit</strong></span> <span class='ocrx_word' id='word_1_183' title='bbox 3288 1075 3366 1128; x_wconf 62' lang='lat' dir='ltr'><strong>eis</strong></span> <span class='ocrx_word' id='word_1_184' title='bbox 3402 1074 3471 1128; x_wconf 88' lang='lat' dir='ltr'><strong>li—</strong></span> 
     </span>
    </p>
   </div>
   <div class='ocr_carea' id='block_1_26' title="bbox 1876 1162 3475 1221">
    <p class='ocr_par' dir='ltr' id='par_1_26' title="bbox 1876 1162 3475 1221">
     <span class='ocr_line' id='line_1_26' title="bbox 1876 1162 3475 1221; baseline -0.001 -2"><span class='ocrx_word' id='word_1_185' title='bbox 1876 1165 2109 1219; x_wconf 88' lang='lat' dir='ltr'><strong>centiam</strong></span> <span class='ocrx_word' id='word_1_186' title='bbox 2140 1162 2595 1218; x_wconf 89' lang='lat' dir='ltr'><strong>comedendarum</strong></span> <span class='ocrx_word' id='word_1_187' title='bbox 2624 1165 2867 1219; x_wconf 90' lang='lat' dir='ltr'><strong>carnium</strong></span> <span class='ocrx_word' id='word_1_188' title='bbox 2900 1177 2993 1219; x_wconf 86' lang='lat' dir='ltr'><strong>:ut</strong></span> <span class='ocrx_word' id='word_1_189' title='bbox 3016 1164 3145 1220; x_wconf 91' lang='lat' dir='ltr'><strong>dum</strong></span> <span class='ocrx_word' id='word_1_190' title='bbox 3179 1166 3280 1221; x_wconf 87' lang='lat' dir='ltr'><strong>sibi</strong></span> <span class='ocrx_word' id='word_1_191' title='bbox 3314 1164 3475 1219; x_wconf 89' lang='lat' dir='ltr'><strong>intel-</strong></span> 
     </span>
    </p>
   </div>
   <div class='ocr_carea' id='block_1_27' title="bbox 1878 1256 3475 1326">
    <p class='ocr_par' dir='ltr' id='par_1_27' title="bbox 1878 1256 3475 1326">
     <span class='ocr_line' id='line_1_27' title="bbox 1878 1256 3475 1326; baseline 0.001 -15"><span class='ocrx_word' id='word_1_192' title='bbox 1878 1256 2052 1326; x_wconf 84' lang='lat' dir='ltr'><strong>ligunt</strong></span> <span class='ocrx_word' id='word_1_193' title='bbox 2098 1256 2262 1311; x_wconf 83' lang='lat' dir='ltr'><strong>licere</strong></span> <span class='ocrx_word' id='word_1_194' title='bbox 2307 1259 2512 1324; x_wconf 86' lang='lat' dir='ltr'><strong>omnia,</strong></span> <span class='ocrx_word' id='word_1_195' title='bbox 2569 1271 2675 1311; x_wconf 89' lang='lat' dir='ltr'><strong>non</strong></span> <span class='ocrx_word' id='word_1_196' title='bbox 2715 1256 3092 1312; x_wconf 90' lang='lat' dir='ltr'><strong>desiderarent</strong></span> <span class='ocrx_word' id='word_1_197' title='bbox 3143 1272 3475 1326; x_wconf 79' lang='lat' dir='ltr'><strong>magnopere</strong></span> 
     </span>
    </p>
   </div>
   <div class='ocr_carea' id='block_1_28' title="bbox 1878 1348 3481 1420">
    <p class='ocr_par' dir='ltr' id='par_1_28' title="bbox 1878 1348 3481 1420">
     <span class='ocr_line' id='line_1_28' title="bbox 1878 1348 3481 1420; baseline 0 -17"><span class='ocrx_word' id='word_1_198' title='bbox 1878 1351 2022 1420; x_wconf 91' lang='lat' dir='ltr'><strong>quod</strong></span> <span class='ocrx_word' id='word_1_199' title='bbox 2058 1348 2075 1385; x_wconf 74' lang='grc' dir='ltr'><em>τ</em></span> <span class='ocrx_word' id='word_1_200' title='bbox 2118 1350 2345 1416; x_wconf 85' lang='lat' dir='ltr'><strong>licebat;</strong></span> <span class='ocrx_word' id='word_1_201' title='bbox 2400 1367 2467 1406; x_wconf 92' lang='lat' dir='ltr'><strong>ne</strong></span> <span class='ocrx_word' id='word_1_202' title='bbox 2499 1352 2814 1406; x_wconf 86' lang='lat' dir='ltr'><strong>mandatum</strong></span> <span class='ocrx_word' id='word_1_203' title='bbox 2859 1353 2911 1406; x_wconf 92' lang='lat' dir='ltr'><strong>in</strong></span> <span class='ocrx_word' id='word_1_204' title='bbox 2944 1366 3164 1405; x_wconf 89' lang='lat' dir='ltr'><strong>causam</strong></span> <span class='ocrx_word' id='word_1_205' title='bbox 3200 1358 3481 1405; x_wconf 84' lang='lat' dir='ltr'><strong>verterent</strong></span> 
     </span>
    </p>
   </div>
   <div class='ocr_carea' id='block_1_29' title="bbox 1877 1443 3479 1515">
    <p class='ocr_par' dir='ltr' id='par_1_29' title="bbox 1877 1443 3479 1515">
     <span class='ocr_line' id='line_1_29' title="bbox 1877 1443 3479 1515; baseline 0.001 -20"><span class='ocrx_word' id='word_1_206' title='bbox 1877 1443 2365 1513; x_wconf 68' lang='lat' dir='ltr'><strong>prmvaricationis.</strong></span> <span class='ocrx_word' id='word_1_207' title='bbox 2395 1444 2730 1515; x_wconf 88' lang='lat' dir='ltr'><strong>Quamquam</strong></span> <span class='ocrx_word' id='word_1_208' title='bbox 2763 1453 2817 1499; x_wconf 91' lang='lat' dir='ltr'><strong>et</strong></span> <span class='ocrx_word' id='word_1_209' title='bbox 2856 1455 2984 1499; x_wconf 91' lang='lat' dir='ltr'><strong>tunc</strong></span> <span class='ocrx_word' id='word_1_210' title='bbox 3011 1461 3075 1498; x_wconf 71' lang='lat' dir='ltr'><strong>es</strong></span> <span class='ocrx_word' id='word_1_211' title='bbox 3108 1453 3260 1513; x_wconf 90' lang='lat' dir='ltr'><strong>parte</strong></span> <span class='ocrx_word' id='word_1_212' title='bbox 3294 1443 3479 1513; x_wconf 90' lang='lat' dir='ltr'><strong>impe-</strong></span> 
     </span>
    </p>
   </div>
   <div class='ocr_carea' id='block_1_30' title="bbox 1879 1535 3477 1606">
    <p class='ocr_par' dir='ltr' id='par_1_30' title="bbox 1879 1535 3477 1606">
     <span class='ocr_line' id='line_1_30' title="bbox 1879 1535 3477 1606; baseline 0 -17"><span class='ocrx_word' id='word_1_213' title='bbox 1879 1545 2057 1590; x_wconf 86' lang='lat' dir='ltr'><strong>ratum</strong></span> <span class='ocrx_word' id='word_1_214' title='bbox 2084 1536 2349 1606; x_wconf 78' lang='lat' dir='ltr'><strong>jejunium</strong></span> <span class='ocrx_word' id='word_1_215' title='bbox 2386 1538 2476 1590; x_wconf 90' lang='lat' dir='ltr'><strong>sit.</strong></span> <span class='ocrx_word' id='word_1_216' title='bbox 2510 1536 2640 1591; x_wconf 85' lang='lat' dir='ltr'><strong>Nam</strong></span> <span class='ocrx_word' id='word_1_217' title='bbox 2669 1552 2790 1591; x_wconf 91' lang='lat' dir='ltr'><strong>cum</strong></span> <span class='ocrx_word' id='word_1_218' title='bbox 2823 1537 2927 1590; x_wconf 91' lang='lat' dir='ltr'><strong>alia</strong></span> <span class='ocrx_word' id='word_1_219' title='bbox 2962 1535 3160 1589; x_wconf 90' lang='lat' dir='ltr'><strong>munda</strong></span> <span class='ocrx_word' id='word_1_220' title='bbox 3201 1535 3477 1599; x_wconf 89' lang='lat' dir='ltr'><strong>dicantur,</strong></span> 
     </span>
    </p>
   </div>
   <div class='ocr_carea' id='block_1_31' title="bbox 1879 1626 3477 1692">
    <p class='ocr_par' dir='ltr' id='par_1_31' title="bbox 1879 1626 3477 1692">
     <span class='ocr_line' id='line_1_31' title="bbox 1879 1626 3477 1692; baseline -0.001 -13"><span class='ocrx_word' id='word_1_221' title='bbox 1879 1626 1983 1679; x_wconf 87' lang='lat' dir='ltr'><strong>alia</strong></span> <span class='ocrx_word' id='word_1_222' title='bbox 2015 1626 2294 1681; x_wconf 86' lang='lat' dir='ltr'><strong>immunda</strong></span> <span class='ocrx_word' id='word_1_223' title='bbox 2337 1644 2349 1679; x_wconf 87' lang='lat'>:</span> <span class='ocrx_word' id='word_1_224' title='bbox 2380 1636 2435 1682; x_wconf 92' lang='lat' dir='ltr'><strong>et</strong></span> <span class='ocrx_word' id='word_1_225' title='bbox 2480 1628 2531 1681; x_wconf 88' lang='lat' dir='ltr'><strong>itt</strong></span> <span class='ocrx_word' id='word_1_226' title='bbox 2565 1629 2703 1681; x_wconf 80' lang='lat' dir='ltr'><strong>Area</strong></span> <span class='ocrx_word' id='word_1_227' title='bbox 2729 1626 2845 1682; x_wconf 85' lang='lat' dir='ltr'><strong>Noe</strong></span> <span class='ocrx_word' id='word_1_228' title='bbox 2874 1626 2945 1681; x_wconf 93' lang='lat' dir='ltr'><strong>de</strong></span> <span class='ocrx_word' id='word_1_229' title='bbox 2987 1626 3281 1681; x_wconf 89' lang='lat' dir='ltr'><strong>immundis</strong></span> <span class='ocrx_word' id='word_1_230' title='bbox 3332 1626 3477 1692; x_wconf 88' lang='lat' dir='ltr'><strong>bina,</strong></span> 
     </span>
    </p>
   </div>
   <div class='ocr_carea' id='block_1_32' title="bbox 1882 1718 3477 1789">
    <p class='ocr_par' dir='ltr' id='par_1_32' title="bbox 1882 1718 3477 1789">
     <span class='ocr_line' id='line_1_32' title="bbox 1882 1718 3477 1789; baseline 0 -17"><span class='ocrx_word' id='word_1_231' title='bbox 1882 1718 1949 1772; x_wconf 89' lang='lat' dir='ltr'><strong>de</strong></span> <span class='ocrx_word' id='word_1_232' title='bbox 1972 1718 2189 1773; x_wconf 89' lang='lat' dir='ltr'><strong>mundis</strong></span> <span class='ocrx_word' id='word_1_233' title='bbox 2214 1719 2629 1775; x_wconf 90' lang='lat' dir='ltr'><strong>introducantur</strong></span> <span class='ocrx_word' id='word_1_234' title='bbox 2651 1721 2880 1789; x_wconf 89' lang='lat' dir='ltr'><strong>imparia</strong></span> <span class='ocrx_word' id='word_1_235' title='bbox 2909 1719 2995 1788; x_wconf 92' lang='lat' dir='ltr'><strong>(et</strong></span> <span class='ocrx_word' id='word_1_236' title='bbox 3027 1719 3212 1788; x_wconf 90' lang='lat' dir='ltr'><strong>utique</strong></span> <span class='ocrx_word' id='word_1_237' title='bbox 3247 1719 3477 1773; x_wconf 81' lang='lat' dir='ltr'><strong>immun-</strong></span> 
     </span>
    </p>
   </div>
   <div class='ocr_carea' id='block_1_33' title="bbox 166 1809 3483 1887">
    <p class='ocr_par' dir='ltr' id='par_1_33' title="bbox 166 1809 3483 1887">
     <span class='ocr_line' id='line_1_33' title="bbox 166 1809 3483 1887; baseline 0.002 -25"><span class='ocrx_word' id='word_1_238' title='bbox 166 1809 446 1877; x_wconf 90' lang='lat' dir='ltr'><strong>crepidine</strong></span> <span class='ocrx_word' id='word_1_239' title='bbox 471 1810 567 1864; x_wconf 68' lang='lat' dir='ltr'><strong>viae</strong></span> <span class='ocrx_word' id='word_1_240' title='bbox 597 1829 607 1865; x_wconf 92' lang='lat'>:</span> <span class='ocrx_word' id='word_1_241' title='bbox 640 1810 1063 1882; x_wconf 82' lang='lat' dir='ltr'><strong>volentibusque</strong></span> <span class='ocrx_word' id='word_1_242' title='bbox 1090 1827 1213 1866; x_wconf 92' lang='lat' dir='ltr'><strong>eum</strong></span> <span class='ocrx_word' id='word_1_243' title='bbox 1245 1812 1458 1879; x_wconf 88' lang='lat' dir='ltr'><strong>amicis,</strong></span> <span class='ocrx_word' id='word_1_244' title='bbox 1490 1822 1584 1866; x_wconf 88' lang='lat' dir='ltr'><strong>aut</strong></span> <span class='ocrx_word' id='word_1_245' title='bbox 1614 1814 1666 1867; x_wconf 84' lang='lat' dir='ltr'><strong>iit</strong></span> <span class='ocrx_word' id='word_1_246' title='bbox 1691 1813 1779 1883; x_wconf 91' lang='lat' dir='ltr'><strong>ju-</strong></span> <span class='ocrx_word' id='word_1_247' title='bbox 1807 1828 1856 1887; x_wconf 83' lang='lat' dir='ltr'><strong>B</strong></span> <span class='ocrx_word' id='word_1_248' title='bbox 1881 1810 2072 1866; x_wconf 84' lang='lat' dir='ltr'><strong>dorum</strong></span> <span class='ocrx_word' id='word_1_249' title='bbox 2096 1828 2219 1868; x_wconf 90' lang='lat' dir='ltr'><strong>esus</strong></span> <span class='ocrx_word' id='word_1_250' title='bbox 2236 1814 2448 1868; x_wconf 88' lang='lat' dir='ltr'><strong>ablatus</strong></span> <span class='ocrx_word' id='word_1_251' title='bbox 2476 1815 2566 1876; x_wconf 89' lang='lat' dir='ltr'><strong>sit,</strong></span> <span class='ocrx_word' id='word_1_252' title='bbox 2608 1829 2675 1868; x_wconf 90' lang='lat' dir='ltr'><strong>ne</strong></span> <span class='ocrx_word' id='word_1_253' title='bbox 2702 1813 2823 1869; x_wconf 89' lang='lat' dir='ltr'><strong>sine</strong></span> <span class='ocrx_word' id='word_1_254' title='bbox 2855 1828 3019 1867; x_wconf 89' lang='lat' dir='ltr'><strong>causa</strong></span> <span class='ocrx_word' id='word_1_255' title='bbox 3049 1813 3483 1870; x_wconf 83' lang='lat' dir='ltr'><strong>dicerenturim—</strong></span> 
     </span>
    </p>
   </div>
   <div class='ocr_carea' id='block_1_34' title="bbox 168 1900 1780 1972">
    <p class='ocr_par' dir='ltr' id='par_1_34' title="bbox 168 1900 1780 1972">
     <span class='ocr_line' id='line_1_34' title="bbox 168 1900 1780 1972; baseline 0.003 -19"><span class='ocrx_word' id='word_1_256' title='bbox 168 1907 431 1965; x_wconf 88' lang='lat' dir='ltr'><strong>mentum,</strong></span> <span class='ocrx_word' id='word_1_257' title='bbox 452 1909 549 1955; x_wconf 91' lang='lat' dir='ltr'><strong>aut</strong></span> <span class='ocrx_word' id='word_1_258' title='bbox 571 1902 624 1956; x_wconf 89' lang='lat' dir='ltr'><strong>itt</strong></span> <span class='ocrx_word' id='word_1_259' title='bbox 646 1900 957 1956; x_wconf 81' lang='lat' dir='ltr'><strong>vehiculum</strong></span> <span class='ocrx_word' id='word_1_260' title='bbox 984 1901 1197 1968; x_wconf 91' lang='lat' dir='ltr'><strong>tollere,</strong></span> <span class='ocrx_word' id='word_1_261' title='bbox 1224 1918 1333 1956; x_wconf 94' lang='lat' dir='ltr'><strong>non</strong></span> <span class='ocrx_word' id='word_1_262' title='bbox 1358 1902 1660 1972; x_wconf 81' lang='lat' dir='ltr'><strong>acquievit:</strong></span> <span class='ocrx_word' id='word_1_263' title='bbox 1686 1904 1780 1958; x_wconf 89' lang='lat' dir='ltr'><strong>sed</strong></span> 
     </span>
    </p>
   </div>
   <div class='ocr_carea' id='block_1_35' title="bbox 168 1993 1778 2061">
    <p class='ocr_par' dir='ltr' id='par_1_35' title="bbox 168 1993 1778 2061">
     <span class='ocr_line' id='line_1_35' title="bbox 168 1993 1778 2061; baseline 0.001 -15"><span class='ocrx_word' id='word_1_264' title='bbox 168 1994 435 2048; x_wconf 80' lang='lat' dir='ltr'><strong>transiens</strong></span> <span class='ocrx_word' id='word_1_265' title='bbox 464 1993 532 2048; x_wconf 85' lang='lat' dir='ltr'><strong>ad</strong></span> <span class='ocrx_word' id='word_1_266' title='bbox 562 1994 776 2049; x_wconf 86' lang='lat' dir='ltr'><strong>arboris</strong></span> <span class='ocrx_word' id='word_1_267' title='bbox 816 1994 1067 2048; x_wconf 90' lang='lat' dir='ltr'><strong>umbram</strong></span> <span class='ocrx_word' id='word_1_268' title='bbox 1100 1994 1319 2048; x_wconf 91' lang='lat' dir='ltr'><strong>locutus</strong></span> <span class='ocrx_word' id='word_1_269' title='bbox 1354 2006 1440 2048; x_wconf 88' lang='lat' dir='ltr'><strong>est</strong></span> <span class='ocrx_word' id='word_1_270' title='bbox 1480 2013 1493 2048; x_wconf 89' lang='lat'><strong>:</strong></span> <span class='ocrx_word' id='word_1_271' title='bbox 1549 2013 1566 2045; x_wconf 78' lang='lat' dir='ltr'><strong>r</strong></span> <span class='ocrx_word' id='word_1_272' title='bbox 1598 1994 1778 2061; x_wconf 88' lang='lat' dir='ltr'><strong>Abite,</strong></span> 
     </span>
    </p>
   </div>
   <div class='ocr_carea' id='block_1_36' title="bbox 163 2090 1786 2160">
    <p class='ocr_par' dir='ltr' id='par_1_36' title="bbox 163 2090 1786 2160">
     <span class='ocr_line' id='line_1_36' title="bbox 163 2090 1786 2160; baseline -0.001 -15"><span class='ocrx_word' id='word_1_273' title='bbox 163 2104 375 2160; x_wconf 65' lang='lat' dir='ltr'><strong>quaeso,</strong></span> <span class='ocrx_word' id='word_1_274' title='bbox 405 2101 460 2146; x_wconf 88' lang='lat' dir='ltr'><strong>et</strong></span> <span class='ocrx_word' id='word_1_275' title='bbox 490 2100 798 2160; x_wconf 89' lang='lat' dir='ltr'><strong>spectatum</strong></span> <span class='ocrx_word' id='word_1_276' title='bbox 826 2091 1034 2160; x_wconf 82' lang='lat' dir='ltr'><strong>pergite</strong></span> <span class='ocrx_word' id='word_1_277' title='bbox 1064 2106 1077 2143; x_wconf 89' lang='lat'>:</span> <span class='ocrx_word' id='word_1_278' title='bbox 1111 2091 1228 2144; x_wconf 78' lang='lat' dir='ltr'><strong>haec</strong></span> <span class='ocrx_word' id='word_1_279' title='bbox 1248 2105 1334 2143; x_wconf 90' lang='lat' dir='ltr'><strong>me</strong></span> <span class='ocrx_word' id='word_1_280' title='bbox 1358 2104 1465 2143; x_wconf 85' lang='lat' dir='ltr'><strong>nox</strong></span> <span class='ocrx_word' id='word_1_281' title='bbox 1496 2098 1589 2143; x_wconf 89' lang='lat' dir='ltr'><strong>aut</strong></span> <span class='ocrx_word' id='word_1_282' title='bbox 1612 2090 1786 2144; x_wconf 90' lang='lat' dir='ltr'><strong>victo-</strong></span> 
     </span>
    </p>
   </div>
   <div class='ocr_carea' id='block_1_37' title="bbox 160 2182 1781 2254">
    <p class='ocr_par' dir='ltr' id='par_1_37' title="bbox 160 2182 1781 2254">
     <span class='ocr_line' id='line_1_37' title="bbox 160 2182 1781 2254; baseline -0.001 -15"><span class='ocrx_word' id='word_1_283' title='bbox 160 2198 280 2239; x_wconf 89' lang='lat' dir='ltr'><strong>rem</strong></span> <span class='ocrx_word' id='word_1_284' title='bbox 300 2184 573 2254; x_wconf 89' lang='lat' dir='ltr'><strong>probabit,</strong></span> <span class='ocrx_word' id='word_1_285' title='bbox 594 2194 685 2239; x_wconf 92' lang='lat' dir='ltr'><strong>aut</strong></span> <span class='ocrx_word' id='word_1_286' title='bbox 704 2184 932 2238; x_wconf 90' lang='lat' dir='ltr'><strong>victum.</strong></span> <span class='ocrx_word' id='word_1_287' title='bbox 954 2183 1008 2238; x_wconf 90' lang='lat' dir='ltr'><strong>Si</strong></span> <span class='ocrx_word' id='word_1_288' title='bbox 1026 2182 1232 2237; x_wconf 86' lang='lat' dir='ltr'><strong>lebrem</strong></span> <span class='ocrx_word' id='word_1_289' title='bbox 1247 2182 1451 2248; x_wconf 84' lang='lat' dir='ltr'><strong>vicero,</strong></span> <span class='ocrx_word' id='word_1_290' title='bbox 1468 2183 1532 2237; x_wconf 93' lang='lat' dir='ltr'><strong>ad</strong></span> <span class='ocrx_word' id='word_1_291' title='bbox 1552 2198 1781 2253; x_wconf 85' lang='lat' dir='ltr'><strong>agonem</strong></span> 
     </span>
    </p>
   </div>
   <div class='ocr_carea' id='block_1_38' title="bbox 160 2274 1784 2341">
    <p class='ocr_par' dir='ltr' id='par_1_38' title="bbox 160 2274 1784 2341">
     <span class='ocr_line' id='line_1_38' title="bbox 160 2274 1784 2341; baseline -0.001 -11"><span class='ocrx_word' id='word_1_292' title='bbox 160 2276 388 2332; x_wconf 81' lang='lat' dir='ltr'><strong>veniam</strong></span> <span class='ocrx_word' id='word_1_293' title='bbox 422 2294 436 2330; x_wconf 90' lang='lat'><strong>:</strong></span> <span class='ocrx_word' id='word_1_294' title='bbox 470 2279 516 2331; x_wconf 88' lang='lat' dir='ltr'><strong>si</strong></span> <span class='ocrx_word' id='word_1_295' title='bbox 550 2292 638 2332; x_wconf 90' lang='lat' dir='ltr'><strong>me</strong></span> <span class='ocrx_word' id='word_1_296' title='bbox 678 2277 874 2332; x_wconf 91' lang='lat' dir='ltr'><strong>vicerit</strong></span> <span class='ocrx_word' id='word_1_297' title='bbox 915 2286 936 2313; x_wconf 75' lang='grc' dir='ltr'>ε</span> <span class='ocrx_word' id='word_1_298' title='bbox 970 2276 1167 2341; x_wconf 82' lang='lat' dir='ltr'><strong>l’ebris,</strong></span> <span class='ocrx_word' id='word_1_299' title='bbox 1201 2274 1268 2329; x_wconf 91' lang='lat' dir='ltr'><strong>ad</strong></span> <span class='ocrx_word' id='word_1_300' title='bbox 1305 2274 1516 2329; x_wconf 78' lang='lat' dir='ltr'><strong>inferna</strong></span> <span class='ocrx_word' id='word_1_301' title='bbox 1553 2275 1784 2330; x_wconf 83' lang='lat' dir='ltr'><strong>descen-</strong></span> 
     </span>
    </p>
   </div>
   <div class='ocr_carea' id='block_1_39' title="bbox 160 2369 1783 2441">
    <p class='ocr_par' dir='ltr' id='par_1_39' title="bbox 160 2369 1783 2441">
     <span class='ocr_line' id='line_1_39' title="bbox 160 2369 1783 2441; baseline -0.001 -16"><span class='ocrx_word' id='word_1_302' title='bbox 160 2370 314 2425; x_wconf 90' lang='lat' dir='ltr'><strong>dam.</strong></span> <span class='ocrx_word' id='word_1_303' title='bbox 357 2388 376 2421; x_wconf 76' lang='grc' dir='ltr'><strong><em>ι</em></strong></span> <span class='ocrx_word' id='word_1_304' title='bbox 420 2369 611 2441; x_wconf 89' lang='lat' dir='ltr'><strong>Ibique</strong></span> <span class='ocrx_word' id='word_1_305' title='bbox 655 2386 751 2441; x_wconf 90' lang='lat' dir='ltr'><strong>per</strong></span> <span class='ocrx_word' id='word_1_306' title='bbox 795 2380 1011 2425; x_wconf 91' lang='lat' dir='ltr'><strong>noctem</strong></span> <span class='ocrx_word' id='word_1_307' title='bbox 1048 2369 1185 2423; x_wconf 92' lang='lat' dir='ltr'><strong>eliso</strong></span> <span class='ocrx_word' id='word_1_308' title='bbox 1229 2378 1484 2438; x_wconf 87' lang='lat' dir='ltr'><strong>gutture,</strong></span> <span class='ocrx_word' id='word_1_309' title='bbox 1524 2385 1633 2424; x_wconf 91' lang='lat' dir='ltr'><strong>non</strong></span> <span class='ocrx_word' id='word_1_310' title='bbox 1676 2378 1783 2423; x_wconf 89' lang='lat' dir='ltr'><strong>tam</strong></span> 
     </span>
    </p>
   </div>
   <div class='ocr_carea' id='block_1_40' title="bbox 162 2460 1786 2535">
    <p class='ocr_par' dir='ltr' id='par_1_40' title="bbox 162 2460 1786 2535">
     <span class='ocr_line' id='line_1_40' title="bbox 162 2460 1786 2535; baseline -0.001 -16"><span class='ocrx_word' id='word_1_311' title='bbox 162 2463 307 2519; x_wconf 88' lang='lat' dir='ltr'><strong>mori</strong></span> <span class='ocrx_word' id='word_1_312' title='bbox 351 2478 412 2519; x_wconf 90' lang='lat' dir='ltr'><strong>se</strong></span> <span class='ocrx_word' id='word_1_313' title='bbox 453 2464 560 2531; x_wconf 88' lang='lat' dir='ltr'><strong>ait,</strong></span> <span class='ocrx_word' id='word_1_314' title='bbox 603 2480 763 2535; x_wconf 88' lang='lat' dir='ltr'><strong>quam</strong></span> <span class='ocrx_word' id='word_1_315' title='bbox 809 2463 1017 2518; x_wconf 80' lang='lat' dir='ltr'><strong>febrem</strong></span> <span class='ocrx_word' id='word_1_316' title='bbox 1060 2471 1236 2517; x_wconf 89' lang='lat' dir='ltr'><strong>morte</strong></span> <span class='ocrx_word' id='word_1_317' title='bbox 1267 2462 1578 2519; x_wconf 77' lang='lat' dir='ltr'><strong>excludere.</strong></span> <span class='ocrx_word' id='word_1_318' title='bbox 1613 2460 1786 2518; x_wconf 87' lang='lat' dir='ltr'><strong>Unius</strong></span> 
     </span>
    </p>
   </div>
   <div class='ocr_carea' id='block_1_41' title="bbox 163 2555 1785 2630">
    <p class='ocr_par' dir='ltr' id='par_1_41' title="bbox 163 2555 1785 2630">
     <span class='ocr_line' id='line_1_41' title="bbox 163 2555 1785 2630; baseline -0.001 -19"><span class='ocrx_word' id='word_1_319' title='bbox 163 2565 376 2612; x_wconf 88' lang='lat' dir='ltr'><strong>tantum</strong></span> <span class='ocrx_word' id='word_1_320' title='bbox 410 2557 722 2628; x_wconf 85' lang='lat' dir='ltr'><strong>philosophi</strong></span> <span class='ocrx_word' id='word_1_321' title='bbox 752 2557 917 2630; x_wconf 59' lang='lat'><strong>356</strong></span> <span class='ocrx_word' id='word_1_322' title='bbox 942 2555 1259 2625; x_wconf 81' lang='lat' dir='ltr'><strong>exemplum</strong></span> <span class='ocrx_word' id='word_1_323' title='bbox 1287 2559 1463 2625; x_wconf 89' lang='lat' dir='ltr'><strong>posui,</strong></span> <span class='ocrx_word' id='word_1_324' title='bbox 1494 2564 1553 2610; x_wconf 93' lang='lat' dir='ltr'><strong>nt</strong></span> <span class='ocrx_word' id='word_1_325' title='bbox 1582 2558 1785 2611; x_wconf 80' lang='lat' dir='ltr'><strong>formo-</strong></span> 
     </span>
    </p>
   </div>
   <div class='ocr_carea' id='block_1_42' title="bbox 163 2646 1786 2719">
    <p class='ocr_par' dir='ltr' id='par_1_42' title="bbox 163 2646 1786 2719">
     <span class='ocr_line' id='line_1_42' title="bbox 163 2646 1786 2719; baseline -0.002 -14"><span class='ocrx_word' id='word_1_326' title='bbox 163 2651 266 2705; x_wconf 89' lang='lat' dir='ltr'><strong>suli</strong></span> <span class='ocrx_word' id='word_1_327' title='bbox 297 2650 470 2705; x_wconf 76' lang='lat' dir='ltr'><strong>noStri</strong></span> <span class='ocrx_word' id='word_1_328' title='bbox 496 2659 550 2705; x_wconf 92' lang='lat' dir='ltr'><strong>et</strong></span> <span class='ocrx_word' id='word_1_329' title='bbox 571 2646 598 2686; x_wconf 75' lang='grc' dir='ltr'>ἀ</span> <span class='ocrx_word' id='word_1_330' title='bbox 623 2650 875 2714; x_wconf 85' lang='lat' dir='ltr'><strong>torosnli,</strong></span> <span class='ocrx_word' id='word_1_331' title='bbox 899 2660 956 2705; x_wconf 89' lang='lat' dir='ltr'><strong>et</strong></span> <span class='ocrx_word' id='word_1_332' title='bbox 978 2651 1065 2705; x_wconf 85' lang='lat' dir='ltr'><strong>vix</strong></span> <span class='ocrx_word' id='word_1_333' title='bbox 1087 2651 1314 2705; x_wconf 90' lang='lat' dir='ltr'><strong>summis</strong></span> <span class='ocrx_word' id='word_1_334' title='bbox 1343 2648 1569 2719; x_wconf 84' lang='lat' dir='ltr'><strong>pedibus</strong></span> <span class='ocrx_word' id='word_1_335' title='bbox 1592 2647 1786 2701; x_wconf 87' lang='lat' dir='ltr'><strong>adum-</strong></span> 
     </span>
    </p>
   </div>
   <div class='ocr_carea' id='block_1_43' title="bbox 162 2738 1784 2813">
    <p class='ocr_par' dir='ltr' id='par_1_43' title="bbox 162 2738 1784 2813">
     <span class='ocr_line' id='line_1_43' title="bbox 162 2738 1784 2813; baseline 0.001 -19"><span class='ocrx_word' id='word_1_336' title='bbox 162 2738 392 2798; x_wconf 88' lang='lat' dir='ltr'><strong>brantes</strong></span> <span class='ocrx_word' id='word_1_337' title='bbox 426 2744 649 2813; x_wconf 90' lang='lat' dir='ltr'><strong>vestigia</strong></span> <span class='ocrx_word' id='word_1_338' title='bbox 680 2761 693 2796; x_wconf 91' lang='lat'>:</span> <span class='ocrx_word' id='word_1_339' title='bbox 727 2758 958 2813; x_wconf 89' lang='lat' dir='ltr'><strong>quorum</strong></span> <span class='ocrx_word' id='word_1_340' title='bbox 1000 2744 1164 2797; x_wconf 87' lang='lat' dir='ltr'><strong>verba</strong></span> <span class='ocrx_word' id='word_1_341' title='bbox 1206 2744 1261 2797; x_wconf 90' lang='lat' dir='ltr'><strong>in</strong></span> <span class='ocrx_word' id='word_1_342' title='bbox 1304 2744 1499 2812; x_wconf 87' lang='lat' dir='ltr'><strong>pugnis</strong></span> <span class='ocrx_word' id='word_1_343' title='bbox 1532 2753 1691 2805; x_wconf 91' lang='lat' dir='ltr'><strong>sunt,</strong></span> <span class='ocrx_word' id='word_1_344' title='bbox 1725 2751 1784 2796; x_wconf 88' lang='lat' dir='ltr'><strong>et</strong></span> 
     </span>
    </p>
   </div>
   <div class='ocr_carea' id='block_1_44' title="bbox 161 2834 1777 2906">
    <p class='ocr_par' dir='ltr' id='par_1_44' title="bbox 161 2834 1777 2906">
     <span class='ocr_line' id='line_1_44' title="bbox 161 2834 1777 2906; baseline -0.001 -18"><span class='ocrx_word' id='word_1_345' title='bbox 161 2835 465 2906; x_wconf 80' lang='lat' dir='ltr'><strong>syllogismi</strong></span> <span class='ocrx_word' id='word_1_346' title='bbox 486 2836 538 2890; x_wconf 91' lang='lat' dir='ltr'><strong>in</strong></span> <span class='ocrx_word' id='word_1_347' title='bbox 560 2836 830 2891; x_wconf 81' lang='lat' dir='ltr'><strong>calcibus:</strong></span> <span class='ocrx_word' id='word_1_348' title='bbox 857 2836 949 2905; x_wconf 89' lang='lat' dir='ltr'><strong>qui</strong></span> <span class='ocrx_word' id='word_1_349' title='bbox 986 2844 1361 2906; x_wconf 88' lang='lat' dir='ltr'><strong>paupertatem</strong></span> <span class='ocrx_word' id='word_1_350' title='bbox 1387 2834 1777 2903; x_wconf 76' lang='lat' dir='ltr'><strong>Apostolorum</strong></span> 
     </span>
    </p>
   </div>
   <div class='ocr_carea' id='block_1_45' title="bbox 160 2929 1782 2999">
    <p class='ocr_par' dir='ltr' id='par_1_45' title="bbox 160 2929 1782 2999">
     <span class='ocr_line' id='line_1_45' title="bbox 160 2929 1782 2999; baseline 0 -16"><span class='ocrx_word' id='word_1_351' title='bbox 160 2938 216 2983; x_wconf 91' lang='lat' dir='ltr'><strong>et</strong></span> <span class='ocrx_word' id='word_1_352' title='bbox 238 2931 424 2985; x_wconf 90' lang='lat' dir='ltr'><strong>crucis</strong></span> <span class='ocrx_word' id='word_1_353' title='bbox 446 2930 726 2997; x_wconf 91' lang='lat' dir='ltr'><strong>duritiam,</strong></span> <span class='ocrx_word' id='word_1_354' title='bbox 745 2942 837 2985; x_wconf 90' lang='lat' dir='ltr'><strong>aut</strong></span> <span class='ocrx_word' id='word_1_355' title='bbox 855 2932 1129 2999; x_wconf 89' lang='lat' dir='ltr'><strong>nesciunt,</strong></span> <span class='ocrx_word' id='word_1_356' title='bbox 1150 2942 1240 2985; x_wconf 90' lang='lat' dir='ltr'><strong>aut</strong></span> <span class='ocrx_word' id='word_1_357' title='bbox 1256 2939 1634 2996; x_wconf 89' lang='lat' dir='ltr'><strong>contemnunt,</strong></span> <span class='ocrx_word' id='word_1_358' title='bbox 1660 2929 1782 2983; x_wconf 90' lang='lat' dir='ltr'><strong>imi-</strong></span> 
     </span>
    </p>
   </div>
   <div class='ocr_carea' id='block_1_46' title="bbox 160 3022 1268 3093">
    <p class='ocr_par' dir='ltr' id='par_1_46' title="bbox 160 3022 1268 3093">
     <span class='ocr_line' id='line_1_46' title="bbox 160 3022 1268 3093; baseline -0.001 -15"><span class='ocrx_word' id='word_1_359' title='bbox 160 3030 352 3078; x_wconf 81' lang='lat' dir='ltr'><strong>tentur</strong></span> <span class='ocrx_word' id='word_1_360' title='bbox 382 3022 574 3077; x_wconf 82' lang='lat' dir='ltr'><strong>saltem</strong></span> <span class='ocrx_word' id='word_1_361' title='bbox 605 3024 889 3093; x_wconf 88' lang='lat' dir='ltr'><strong>gentilium</strong></span> <span class='ocrx_word' id='word_1_362' title='bbox 923 3024 1268 3091; x_wconf 86' lang='lat' dir='ltr'><strong>parcitatem.</strong></span> 
     </span>
    </p>
   </div>
   <div class='ocr_carea' id='block_1_47' title="bbox 234 3111 1778 3183">
    <p class='ocr_par' dir='ltr' id='par_1_47' title="bbox 234 3111 1778 3183">
     <span class='ocr_line' id='line_1_47' title="bbox 234 3111 1778 3183; baseline -0.003 -15"><span class='ocrx_word' id='word_1_363' title='bbox 234 3114 330 3170; x_wconf 81' lang='grc'><strong>15.</strong></span> <span class='ocrx_word' id='word_1_364' title='bbox 374 3112 629 3183; x_wconf 77' lang='lat' dir='ltr'><strong>Exempla</strong></span> <span class='ocrx_word' id='word_1_365' title='bbox 662 3130 725 3168; x_wconf 75' lang='lat' dir='ltr'><strong>ex</strong></span> <span class='ocrx_word' id='word_1_366' title='bbox 753 3113 1052 3182; x_wconf 83' lang='lat' dir='ltr'><strong>Scriptura.</strong></span> <span class='ocrx_word' id='word_1_367' title='bbox 1102 3112 1344 3167; x_wconf 85' lang='lat' dir='ltr'><strong>Secunda</strong></span> <span class='ocrx_word' id='word_1_368' title='bbox 1380 3111 1650 3183; x_wconf 85' lang='lat' dir='ltr'><strong>inscriptio</strong></span> <span class='ocrx_word' id='word_1_369' title='bbox 1696 3119 1778 3164; x_wconf 83' lang='lat' dir='ltr'><strong>ta—</strong></span> 
     </span>
    </p>
   </div>
   <div class='ocr_carea' id='block_1_48' title="bbox 1888 1907 3484 1978">
    <p class='ocr_par' dir='ltr' id='par_1_48' title="bbox 1888 1907 3484 1978">
     <span class='ocr_line' id='line_1_48' title="bbox 1888 1907 3484 1978; baseline 0.003 -19"><span class='ocrx_word' id='word_1_370' title='bbox 1888 1907 2141 1975; x_wconf 90' lang='lat' dir='ltr'><strong>munda),</strong></span> <span class='ocrx_word' id='word_1_371' title='bbox 2186 1923 2248 1963; x_wconf 81' lang='lat' dir='ltr'><strong>ex</strong></span> <span class='ocrx_word' id='word_1_372' title='bbox 2300 1919 2452 1977; x_wconf 89' lang='lat' dir='ltr'><strong>parte</strong></span> <span class='ocrx_word' id='word_1_373' title='bbox 2484 1907 2752 1978; x_wconf 89' lang='lat' dir='ltr'><strong>jejunium</strong></span> <span class='ocrx_word' id='word_1_374' title='bbox 2789 1908 3096 1963; x_wconf 86' lang='lat' dir='ltr'><strong>dedicatum</strong></span> <span class='ocrx_word' id='word_1_375' title='bbox 3141 1917 3247 1973; x_wconf 90' lang='lat' dir='ltr'><strong>est,</strong></span> <span class='ocrx_word' id='word_1_376' title='bbox 3278 1910 3484 1963; x_wconf 90' lang='lat' dir='ltr'><strong>docens</strong></span> 
     </span>
    </p>
   </div>
   <div class='ocr_carea' id='block_1_49' title="bbox 1885 1998 3481 2071">
    <p class='ocr_par' dir='ltr' id='par_1_49' title="bbox 1885 1998 3481 2071">
     <span class='ocr_line' id='line_1_49' title="bbox 1885 1998 3481 2071; baseline 0.003 -22"><span class='ocrx_word' id='word_1_377' title='bbox 1885 1998 2269 2053; x_wconf 86' lang='lat' dir='ltr'><strong>abstinentiam</strong></span> <span class='ocrx_word' id='word_1_378' title='bbox 2294 2000 2536 2053; x_wconf 91' lang='lat' dir='ltr'><strong>omnium</strong></span> <span class='ocrx_word' id='word_1_379' title='bbox 2559 1998 2718 2071; x_wconf 65' lang='grc'><strong>347</strong></span> <span class='ocrx_word' id='word_1_380' title='bbox 2739 2001 2790 2054; x_wconf 91' lang='lat' dir='ltr'><strong>in</strong></span> <span class='ocrx_word' id='word_1_381' title='bbox 2806 2002 3165 2070; x_wconf 88' lang='lat' dir='ltr'><strong>quorumdam</strong></span> <span class='ocrx_word' id='word_1_382' title='bbox 3192 2004 3481 2057; x_wconf 88' lang='lat' dir='ltr'><strong>recisione.</strong></span> 
     </span>
    </p>
   </div>
   <div class='ocr_carea' id='block_1_50' title="bbox 1887 2090 3486 2164">
    <p class='ocr_par' dir='ltr' id='par_1_50' title="bbox 1887 2090 3486 2164">
     <span class='ocr_line' id='line_1_50' title="bbox 1887 2090 3486 2164; baseline 0.003 -20"><span class='ocrx_word' id='word_1_383' title='bbox 1887 2090 1997 2144; x_wconf 88' lang='lat' dir='ltr'><strong>Cur</strong></span> <span class='ocrx_word' id='word_1_384' title='bbox 2038 2091 2274 2160; x_wconf 87' lang='lat' dir='ltr'><strong>perdidit</strong></span> <span class='ocrx_word' id='word_1_385' title='bbox 2314 2092 2460 2147; x_wconf 88' lang='lat' dir='ltr'><strong>Esau</strong></span> <span class='ocrx_word' id='word_1_386' title='bbox 2494 2094 2851 2163; x_wconf 86' lang='lat' dir='ltr'><strong>primogenita</strong></span> <span class='ocrx_word' id='word_1_387' title='bbox 2882 2094 3012 2147; x_wconf 85' lang='lat' dir='ltr'><strong>sua?</strong></span> <span class='ocrx_word' id='word_1_388' title='bbox 3051 2109 3233 2149; x_wconf 91' lang='lat' dir='ltr'><strong>nonne</strong></span> <span class='ocrx_word' id='word_1_389' title='bbox 3268 2107 3486 2164; x_wconf 91' lang='lat' dir='ltr'><strong>propter</strong></span> 
     </span>
    </p>
   </div>
   <div class='ocr_carea' id='block_1_51' title="bbox 1887 2183 3486 2258">
    <p class='ocr_par' dir='ltr' id='par_1_51' title="bbox 1887 2183 3486 2258">
     <span class='ocr_line' id='line_1_51' title="bbox 1887 2183 3486 2258; baseline 0.003 -21"><span class='ocrx_word' id='word_1_390' title='bbox 1887 2183 2109 2237; x_wconf 91' lang='lat' dir='ltr'><strong>cibum?</strong></span> <span class='ocrx_word' id='word_1_391' title='bbox 2153 2184 2651 2254; x_wconf 86' lang='lat' dir='ltr'><strong>impatientiamque</strong></span> <span class='ocrx_word' id='word_1_392' title='bbox 2706 2186 2846 2255; x_wconf 61' lang='lat' dir='ltr'><strong>gulae</strong></span> <span class='ocrx_word' id='word_1_393' title='bbox 2891 2186 3150 2258; x_wconf 88' lang='lat' dir='ltr'><strong>lacrymis</strong></span> <span class='ocrx_word' id='word_1_394' title='bbox 3190 2187 3486 2242; x_wconf 89' lang='lat' dir='ltr'><strong>emendare</strong></span> 
     </span>
    </p>
   </div>
   <div class='ocr_carea' id='block_1_52' title="bbox 1890 2276 3485 2349">
    <p class='ocr_par' dir='ltr' id='par_1_52' title="bbox 1890 2276 3485 2349">
     <span class='ocr_line' id='line_1_52' title="bbox 1890 2276 3485 2349; baseline 0.002 -17"><span class='ocrx_word' id='word_1_395' title='bbox 1890 2292 2005 2332; x_wconf 91' lang='lat' dir='ltr'><strong>non</strong></span> <span class='ocrx_word' id='word_1_396' title='bbox 2034 2276 2227 2346; x_wconf 87' lang='lat' dir='ltr'><strong>potuit.</strong></span> <span class='ocrx_word' id='word_1_397' title='bbox 2259 2277 2478 2347; x_wconf 86' lang='lat' dir='ltr'><strong>Ejectus</strong></span> <span class='ocrx_word' id='word_1_398' title='bbox 2508 2278 2575 2332; x_wconf 93' lang='lat' dir='ltr'><strong>de</strong></span> <span class='ocrx_word' id='word_1_399' title='bbox 2606 2277 2844 2349; x_wconf 66' lang='lat' dir='ltr'><strong>IEgypto</strong></span> <span class='ocrx_word' id='word_1_400' title='bbox 2871 2279 3103 2348; x_wconf 90' lang='lat' dir='ltr'><strong>populus</strong></span> <span class='ocrx_word' id='word_1_401' title='bbox 3131 2280 3325 2349; x_wconf 88' lang='lat' dir='ltr'><strong>Israel,</strong></span> <span class='ocrx_word' id='word_1_402' title='bbox 3352 2292 3404 2334; x_wconf 86' lang='lat' dir='ltr'><strong>et</strong></span> <span class='ocrx_word' id='word_1_403' title='bbox 3434 2282 3485 2335; x_wconf 91' lang='lat' dir='ltr'><strong>in</strong></span> 
     </span>
    </p>
   </div>
   <div class='ocr_carea' id='block_1_53' title="bbox 1888 2372 3485 2440">
    <p class='ocr_par' dir='ltr' id='par_1_53' title="bbox 1888 2372 3485 2440">
     <span class='ocr_line' id='line_1_53' title="bbox 1888 2372 3485 2440; baseline 0.003 -15"><span class='ocrx_word' id='word_1_404' title='bbox 1888 2380 2092 2425; x_wconf 91' lang='lat' dir='ltr'><strong>terram</strong></span> <span class='ocrx_word' id='word_1_405' title='bbox 2128 2372 2565 2440; x_wconf 86' lang='lat' dir='ltr'><strong>repromissionis</strong></span> <span class='ocrx_word' id='word_1_406' title='bbox 2597 2374 2738 2428; x_wconf 83' lang='lat' dir='ltr'><strong>lacte</strong></span> <span class='ocrx_word' id='word_1_407' title='bbox 2771 2382 2825 2428; x_wconf 93' lang='lat' dir='ltr'><strong>ct</strong></span> <span class='ocrx_word' id='word_1_408' title='bbox 2856 2374 3018 2428; x_wconf 86' lang='lat' dir='ltr'><strong>melle</strong></span> <span class='ocrx_word' id='word_1_409' title='bbox 3061 2384 3369 2429; x_wconf 79' lang='lat' dir='ltr'><strong>manantem</strong></span> <span class='ocrx_word' id='word_1_410' title='bbox 3405 2377 3485 2430; x_wconf 88' lang='lat' dir='ltr'><strong>in-</strong></span> 
     </span>
    </p>
   </div>
   <div class='ocr_carea' id='block_1_54' title="bbox 1890 2462 3483 2536">
    <p class='ocr_par' dir='ltr' id='par_1_54' title="bbox 1890 2462 3483 2536">
     <span class='ocr_line' id='line_1_54' title="bbox 1890 2462 3483 2536; baseline 0.003 -19"><span class='ocrx_word' id='word_1_411' title='bbox 1890 2462 2279 2527; x_wconf 81' lang='lat' dir='ltr'><strong>trodttcendus,</strong></span> <span class='ocrx_word' id='word_1_412' title='bbox 2324 2463 2609 2535; x_wconf 64' lang='lat' dir='ltr'><strong>Egyptians</strong></span> <span class='ocrx_word' id='word_1_413' title='bbox 2650 2479 2866 2531; x_wconf 87' lang='lat' dir='ltr'><strong>carnes,</strong></span> <span class='ocrx_word' id='word_1_414' title='bbox 2912 2476 2963 2520; x_wconf 91' lang='lat' dir='ltr'><strong>et</strong></span> <span class='ocrx_word' id='word_1_415' title='bbox 2995 2483 3255 2536; x_wconf 89' lang='lat' dir='ltr'><strong>pepones,</strong></span> <span class='ocrx_word' id='word_1_416' title='bbox 3287 2478 3310 2514; x_wconf 77' lang='grc' dir='ltr'><em>ε</em></span> <span class='ocrx_word' id='word_1_417' title='bbox 3333 2468 3483 2522; x_wconf 53' lang='lat' dir='ltr'><strong>allia.</strong></span> 
     </span>
    </p>
   </div>
   <div class='ocr_carea' id='block_1_55' title="bbox 1889 2554 3490 2631">
    <p class='ocr_par' dir='ltr' id='par_1_55' title="bbox 1889 2554 3490 2631">
     <span class='ocr_line' id='line_1_55' title="bbox 1889 2554 3490 2631; baseline 0.003 -22"><span class='ocrx_word' id='word_1_418' title='bbox 1889 2571 1995 2626; x_wconf 91' lang='lat' dir='ltr'><strong>que</strong></span> <span class='ocrx_word' id='word_1_419' title='bbox 2021 2554 2317 2613; x_wconf 90' lang='lat' dir='ltr'><strong>desiderat.</strong></span> <span class='ocrx_word' id='word_1_420' title='bbox 2353 2555 2582 2621; x_wconf 85' lang='lat' dir='ltr'><strong>Utinam,</strong></span> <span class='ocrx_word' id='word_1_421' title='bbox 2620 2558 2894 2627; x_wconf 87' lang='lat' dir='ltr'><strong>inquiens,</strong></span> <span class='ocrx_word' id='word_1_422' title='bbox 2938 2559 3220 2615; x_wconf 86' lang='lat' dir='ltr'><strong>obissemus</strong></span> <span class='ocrx_word' id='word_1_423' title='bbox 3262 2562 3490 2631; x_wconf 77' lang='lat' dir='ltr'><strong>percussi</strong></span> 
     </span>
    </p>
   </div>
   <div class='ocr_carea' id='block_1_56' title="bbox 1889 2648 3480 2722">
    <p class='ocr_par' dir='ltr' id='par_1_56' title="bbox 1889 2648 3480 2722">
     <span class='ocr_line' id='line_1_56' title="bbox 1889 2648 3480 2722; baseline 0.004 -23"><span class='ocrx_word' id='word_1_424' title='bbox 1889 2666 1920 2699; x_wconf 77' lang='grc' dir='ltr'><em>α</em></span> <span class='ocrx_word' id='word_1_425' title='bbox 1952 2648 2181 2702; x_wconf 85' lang='lat' dir='ltr'><strong>Domino</strong></span> <span class='ocrx_word' id='word_1_426' title='bbox 2218 2650 2271 2702; x_wconf 88' lang='lat' dir='ltr'><strong>in</strong></span> <span class='ocrx_word' id='word_1_427' title='bbox 2303 2659 2441 2703; x_wconf 88' lang='lat' dir='ltr'><strong>terra</strong></span> <span class='ocrx_word' id='word_1_428' title='bbox 2472 2648 2718 2720; x_wconf 63' lang='lat' dir='ltr'><strong>Egypti,</strong></span> <span class='ocrx_word' id='word_1_429' title='bbox 2751 2653 2962 2717; x_wconf 76' lang='lat' dir='ltr'><strong>quando</strong></span> <span class='ocrx_word' id='word_1_430' title='bbox 2992 2669 3151 2722; x_wconf 85' lang='lat' dir='ltr'><strong>super</strong></span> <span class='ocrx_word' id='word_1_431' title='bbox 3193 2653 3325 2707; x_wconf 85' lang='lat' dir='ltr'><strong>ollas</strong></span> <span class='ocrx_word' id='word_1_432' title='bbox 3363 2670 3480 2707; x_wconf 56' lang='lat' dir='ltr'><strong>car.</strong></span> 
     </span>
    </p>
   </div>
   <div class='ocr_carea' id='block_1_57' title="bbox 1888 2743 3478 2815">
    <p class='ocr_par' dir='ltr' id='par_1_57' title="bbox 1888 2743 3478 2815">
     <span class='ocr_line' id='line_1_57' title="bbox 1888 2743 3478 2815; baseline 0.003 -19"><span class='ocrx_word' id='word_1_433' title='bbox 1888 2743 2032 2796; x_wconf 77' lang='lat' dir='ltr'><strong>nium</strong></span> <span class='ocrx_word' id='word_1_434' title='bbox 2086 2743 2387 2797; x_wconf 84' lang='lat' dir='ltr'><strong>sedebamus</strong></span> <span class='ocrx_word' id='word_1_435' title='bbox 2417 2743 2623 2813; x_wconf 69' lang='lat' dir='ltr'><strong>(Exod.</strong></span> <span class='ocrx_word' id='word_1_436' title='bbox 2658 2760 2768 2807; x_wconf 69' lang='lat' dir='ltr'><strong>3m,</strong></span> <span class='ocrx_word' id='word_1_437' title='bbox 2817 2745 2909 2815; x_wconf 81' lang='grc'><strong>5).</strong></span> <span class='ocrx_word' id='word_1_438' title='bbox 2961 2748 3023 2801; x_wconf 79' lang='lat' dir='ltr'><strong>Et</strong></span> <span class='ocrx_word' id='word_1_439' title='bbox 3069 2747 3262 2801; x_wconf 89' lang='lat' dir='ltr'><strong>iterum</strong></span> <span class='ocrx_word' id='word_1_440' title='bbox 3298 2766 3311 2802; x_wconf 88' lang='lat'><strong>:</strong></span> <span class='ocrx_word' id='word_1_441' title='bbox 3348 2746 3478 2812; x_wconf 56' lang='lat' dir='ltr'><strong>Qui:</strong></span> 
     </span>
    </p>
   </div>
   <div class='ocr_carea' id='block_1_58' title="bbox 1883 2833 3468 2911">
    <p class='ocr_par' dir='ltr' id='par_1_58' title="bbox 1883 2833 3468 2911">
     <span class='ocr_line' id='line_1_58' title="bbox 1883 2833 3468 2911; baseline 0.005 -23"><span class='ocrx_word' id='word_1_442' title='bbox 1883 2852 1977 2889; x_wconf 78' lang='lat' dir='ltr'><strong>stos</strong></span> <span class='ocrx_word' id='word_1_443' title='bbox 2008 2833 2033 2871; x_wconf 66' lang='grc' dir='ltr'>δ</span> <span class='ocrx_word' id='word_1_444' title='bbox 2065 2846 2227 2890; x_wconf 84' lang='lat' dir='ltr'><strong>vescet</strong></span> <span class='ocrx_word' id='word_1_445' title='bbox 2251 2836 2530 2890; x_wconf 86' lang='lat' dir='ltr'><strong>carnibus?</strong></span> <span class='ocrx_word' id='word_1_446' title='bbox 2574 2837 2830 2892; x_wconf 82' lang='lat' dir='ltr'><strong>Venerunt</strong></span> <span class='ocrx_word' id='word_1_447' title='bbox 2861 2840 2914 2893; x_wconf 89' lang='lat' dir='ltr'><strong>in</strong></span> <span class='ocrx_word' id='word_1_448' title='bbox 2945 2850 3164 2894; x_wconf 82' lang='lat' dir='ltr'><strong>mentem</strong></span> <span class='ocrx_word' id='word_1_449' title='bbox 3194 2844 3337 2895; x_wconf 84' lang='lat' dir='ltr'><strong>nobis</strong></span> <span class='ocrx_word' id='word_1_450' title='bbox 3360 2845 3468 2911; x_wconf 88' lang='lat' dir='ltr'><strong>pis—</strong></span> 
     </span>
    </p>
   </div>
   <div class='ocr_carea' id='block_1_59' title="bbox 1885 2928 3479 3002">
    <p class='ocr_par' dir='ltr' id='par_1_59' title="bbox 1885 2928 3479 3002">
     <span class='ocr_line' id='line_1_59' title="bbox 1885 2928 3479 3002; baseline 0.005 -21"><span class='ocrx_word' id='word_1_451' title='bbox 1885 2944 1990 2993; x_wconf 86' lang='lat' dir='ltr'><strong>ces,</strong></span> <span class='ocrx_word' id='word_1_452' title='bbox 2023 2944 2149 2996; x_wconf 89' lang='lat' dir='ltr'><strong>quos</strong></span> <span class='ocrx_word' id='word_1_453' title='bbox 2183 2929 2236 2980; x_wconf 87' lang='lat' dir='ltr'><strong>in</strong></span> <span class='ocrx_word' id='word_1_454' title='bbox 2262 2928 2497 3000; x_wconf 60' lang='lat' dir='ltr'><strong>.‘Egypto</strong></span> <span class='ocrx_word' id='word_1_455' title='bbox 2526 2930 2920 2987; x_wconf 85' lang='lat' dir='ltr'><strong>comedebmnus</strong></span> <span class='ocrx_word' id='word_1_456' title='bbox 2947 2933 3126 3002; x_wconf 82' lang='lat' dir='ltr'><strong>gratis,</strong></span> <span class='ocrx_word' id='word_1_457' title='bbox 3163 2944 3209 2986; x_wconf 87' lang='lat' dir='ltr'><strong>et</strong></span> <span class='ocrx_word' id='word_1_458' title='bbox 3239 2950 3479 2989; x_wconf 81' lang='lat' dir='ltr'><strong>cucume-</strong></span> 
     </span>
    </p>
   </div>
   <div class='ocr_carea' id='block_1_60' title="bbox 1884 3022 3483 3093">
    <p class='ocr_par' dir='ltr' id='par_1_60' title="bbox 1884 3022 3483 3093">
     <span class='ocr_line' id='line_1_60' title="bbox 1884 3022 3483 3093; baseline 0.003 -20"><span class='ocrx_word' id='word_1_459' title='bbox 1884 3036 1984 3083; x_wconf 85' lang='lat' dir='ltr'><strong>res,</strong></span> <span class='ocrx_word' id='word_1_460' title='bbox 2015 3028 2065 3073; x_wconf 88' lang='lat' dir='ltr'><strong>et</strong></span> <span class='ocrx_word' id='word_1_461' title='bbox 2092 3036 2341 3089; x_wconf 84' lang='lat' dir='ltr'><strong>pepones,</strong></span> <span class='ocrx_word' id='word_1_462' title='bbox 2374 3030 2420 3075; x_wconf 89' lang='lat' dir='ltr'><strong>et</strong></span> <span class='ocrx_word' id='word_1_463' title='bbox 2451 3022 2615 3090; x_wconf 85' lang='lat' dir='ltr'><strong>porri,</strong></span> <span class='ocrx_word' id='word_1_464' title='bbox 2664 3032 2710 3075; x_wconf 92' lang='lat' dir='ltr'><strong>et</strong></span> <span class='ocrx_word' id='word_1_465' title='bbox 2741 3038 2882 3093; x_wconf 84' lang='lat' dir='ltr'><strong>cepe,</strong></span> <span class='ocrx_word' id='word_1_466' title='bbox 2936 3033 2983 3077; x_wconf 89' lang='lat' dir='ltr'><strong>et</strong></span> <span class='ocrx_word' id='word_1_467' title='bbox 3027 3024 3176 3078; x_wconf 86' lang='lat' dir='ltr'><strong>allia.</strong></span> <span class='ocrx_word' id='word_1_468' title='bbox 3227 3026 3291 3077; x_wconf 84' lang='lat' dir='ltr'><strong>At</strong></span> <span class='ocrx_word' id='word_1_469' title='bbox 3346 3042 3483 3078; x_wconf 88' lang='lat' dir='ltr'><strong>nunc</strong></span> 
     </span>
    </p>
   </div>
   <div class='ocr_carea' id='block_1_61' title="bbox 1886 3113 3485 3177">
    <p class='ocr_par' dir='ltr' id='par_1_61' title="bbox 1886 3113 3485 3177">
     <span class='ocr_line' id='line_1_61' title="bbox 1886 3113 3485 3177; baseline 0.001 -10"><span class='ocrx_word' id='word_1_470' title='bbox 1886 3115 2059 3167; x_wconf 85' lang='lat' dir='ltr'><strong>animo</strong></span> <span class='ocrx_word' id='word_1_471' title='bbox 2087 3123 2266 3167; x_wconf 86' lang='lat' dir='ltr'><strong>nostra</strong></span> <span class='ocrx_word' id='word_1_472' title='bbox 2296 3113 2469 3177; x_wconf 89' lang='lat' dir='ltr'><strong>arida,</strong></span> <span class='ocrx_word' id='word_1_473' title='bbox 2500 3114 2634 3167; x_wconf 82' lang='lat' dir='ltr'><strong>nihil</strong></span> <span class='ocrx_word' id='word_1_474' title='bbox 2661 3114 2760 3168; x_wconf 86' lang='lat' dir='ltr'><strong>nisi</strong></span> <span class='ocrx_word' id='word_1_475' title='bbox 2790 3130 2981 3168; x_wconf 89' lang='lat' dir='ltr'><strong>manna</strong></span> <span class='ocrx_word' id='word_1_476' title='bbox 3007 3115 3146 3168; x_wconf 84' lang='lat' dir='ltr'><strong>oculi</strong></span> <span class='ocrx_word' id='word_1_477' title='bbox 3175 3117 3339 3170; x_wconf 83' lang='lat' dir='ltr'><strong>nostri</strong></span> <span class='ocrx_word' id='word_1_478' title='bbox 3362 3132 3485 3169; x_wconf 90' lang='lat' dir='ltr'><strong>con-</strong></span> 
     </span>
    </p>
   </div>
   <div class='ocr_carea' id='block_1_62' title="bbox 160 3203 3487 3278">
    <p class='ocr_par' dir='ltr' id='par_1_62' title="bbox 160 3203 3487 3278">
     <span class='ocr_line' id='line_1_62' title="bbox 160 3203 3487 3278; baseline 0.001 -21"><span class='ocrx_word' id='word_1_479' title='bbox 160 3203 435 3259; x_wconf 85' lang='lat' dir='ltr'><strong>bularunt.</strong></span> <span class='ocrx_word' id='word_1_480' title='bbox 468 3204 806 3276; x_wconf 84' lang='lat' dir='ltr'><strong>Jejuniorum</strong></span> <span class='ocrx_word' id='word_1_481' title='bbox 840 3203 1236 3258; x_wconf 85' lang='lat' dir='ltr'><strong>commendatio.</strong></span> <span class='ocrx_word' id='word_1_482' title='bbox 1266 3203 1647 3257; x_wconf 80' lang='lat' dir='ltr'><strong>Monachorum</strong></span> <span class='ocrx_word' id='word_1_483' title='bbox 1687 3204 1772 3257; x_wconf 90' lang='lat' dir='ltr'><strong>in-</strong></span> <span class='ocrx_word' id='word_1_484' title='bbox 1805 3217 1852 3278; x_wconf 70' lang='grc' dir='ltr'><strong>ί]</strong></span> <span class='ocrx_word' id='word_1_485' title='bbox 1884 3206 2109 3277; x_wconf 85' lang='lat' dir='ltr'><strong>spiciunt</strong></span> <span class='ocrx_word' id='word_1_486' title='bbox 2140 3204 2339 3277; x_wconf 87' lang='lat' dir='ltr'><strong>(Num.</strong></span> <span class='ocrx_word' id='word_1_487' title='bbox 2375 3221 2527 3271; x_wconf 76' lang='lat' dir='ltr'><strong>xui,</strong></span> <span class='ocrx_word' id='word_1_488' title='bbox 2567 3208 2622 3271; x_wconf 73' lang='grc'><strong>4,</strong></span> <span class='ocrx_word' id='word_1_489' title='bbox 2644 3205 2736 3275; x_wconf 85' lang='grc'><strong>5).</strong></span> <span class='ocrx_word' id='word_1_490' title='bbox 2772 3206 3106 3275; x_wconf 81' lang='lat' dir='ltr'><strong>Angelorutn</strong></span> <span class='ocrx_word' id='word_1_491' title='bbox 3139 3208 3323 3262; x_wconf 89' lang='lat' dir='ltr'><strong>cibum</strong></span> <span class='ocrx_word' id='word_1_492' title='bbox 3352 3222 3487 3261; x_wconf 86' lang='lat' dir='ltr'><strong>con-</strong></span> 
     </span>
    </p>
   </div>
   <div class='ocr_carea' id='block_1_63' title="bbox 154 3297 1775 3367">
    <p class='ocr_par' dir='ltr' id='par_1_63' title="bbox 154 3297 1775 3367">
     <span class='ocr_line' id='line_1_63' title="bbox 154 3297 1775 3367; baseline -0.001 -13"><span class='ocrx_word' id='word_1_493' title='bbox 154 3300 455 3355; x_wconf 85' lang='lat' dir='ltr'><strong>cunabula.</strong></span> <span class='ocrx_word' id='word_1_494' title='bbox 484 3330 556 3339; x_wconf 96' lang='lat'>—</span> <span class='ocrx_word' id='word_1_495' title='bbox 587 3309 610 3336; x_wconf 81' lang='grc' dir='ltr'>ε</span> <span class='ocrx_word' id='word_1_496' title='bbox 642 3298 772 3354; x_wconf 67' lang='lat' dir='ltr'><strong>Haec</strong></span> <span class='ocrx_word' id='word_1_497' title='bbox 830 3298 897 3354; x_wconf 92' lang='lat' dir='ltr'><strong>de</strong></span> <span class='ocrx_word' id='word_1_498' title='bbox 940 3298 1277 3367; x_wconf 87' lang='lat' dir='ltr'><strong>argumentis</strong></span> <span class='ocrx_word' id='word_1_499' title='bbox 1324 3297 1775 3367; x_wconf 84' lang='lat' dir='ltr'><strong>pliilosOpborum</strong></span> 
     </span>
    </p>
   </div>
   <div class='ocr_carea' id='block_1_64' title="bbox 154 3390 1777 3462">
    <p class='ocr_par' dir='ltr' id='par_1_64' title="bbox 154 3390 1777 3462">
     <span class='ocr_line' id='line_1_64' title="bbox 154 3390 1777 3462; baseline -0.001 -14"><span class='ocrx_word' id='word_1_500' title='bbox 154 3392 559 3462; x_wconf 87' lang='lat' dir='ltr'><strong>exemplisque</strong></span> <span class='ocrx_word' id='word_1_501' title='bbox 605 3391 865 3447; x_wconf 89' lang='lat' dir='ltr'><strong>disserui.</strong></span> <span class='ocrx_word' id='word_1_502' title='bbox 916 3390 1073 3446; x_wconf 84' lang='lat' dir='ltr'><strong>Nunc</strong></span> <span class='ocrx_word' id='word_1_503' title='bbox 1121 3390 1189 3445; x_wconf 88' lang='lat' dir='ltr'><strong>ad</strong></span> <span class='ocrx_word' id='word_1_504' title='bbox 1236 3392 1523 3446; x_wconf 81' lang='lat' dir='ltr'><strong>exordium</strong></span> <span class='ocrx_word' id='word_1_505' title='bbox 1556 3393 1777 3461; x_wconf 90' lang='lat' dir='ltr'><strong>generis</strong></span> 
     </span>
    </p>
   </div>
   <div class='ocr_carea' id='block_1_65' title="bbox 154 3484 1777 3552">
    <p class='ocr_par' dir='ltr' id='par_1_65' title="bbox 154 3484 1777 3552">
     <span class='ocr_line' id='line_1_65' title="bbox 154 3484 1777 3552; baseline -0.001 -12"><span class='ocrx_word' id='word_1_506' title='bbox 154 3484 425 3550; x_wconf 84' lang='lat' dir='ltr'><strong>humani,</strong></span> <span class='ocrx_word' id='word_1_507' title='bbox 462 3484 514 3539; x_wconf 92' lang='lat' dir='ltr'><strong>id</strong></span> <span class='ocrx_word' id='word_1_508' title='bbox 545 3494 650 3549; x_wconf 84' lang='lat' dir='ltr'><strong>est,</strong></span> <span class='ocrx_word' id='word_1_509' title='bbox 689 3484 756 3539; x_wconf 90' lang='lat' dir='ltr'><strong>ad</strong></span> <span class='ocrx_word' id='word_1_510' title='bbox 791 3491 977 3538; x_wconf 88' lang='lat' dir='ltr'><strong>nostra</strong></span> <span class='ocrx_word' id='word_1_511' title='bbox 1031 3485 1322 3548; x_wconf 91' lang='lat' dir='ltr'><strong>transiens,</strong></span> <span class='ocrx_word' id='word_1_512' title='bbox 1375 3484 1605 3548; x_wconf 90' lang='lat' dir='ltr'><strong>docebo,</strong></span> <span class='ocrx_word' id='word_1_513' title='bbox 1662 3486 1777 3552; x_wconf 89' lang='lat' dir='ltr'><strong>pri-</strong></span> 
     </span>
    </p>
   </div>
   <div class='ocr_carea' id='block_1_66' title="bbox 157 3575 1781 3645">
    <p class='ocr_par' dir='ltr' id='par_1_66' title="bbox 157 3575 1781 3645">
     <span class='ocr_line' id='line_1_66' title="bbox 157 3575 1781 3645; baseline -0.002 -12"><span class='ocrx_word' id='word_1_514' title='bbox 157 3592 311 3632; x_wconf 89' lang='lat' dir='ltr'><strong>mum</strong></span> <span class='ocrx_word' id='word_1_515' title='bbox 349 3575 529 3633; x_wconf 83' lang='lat' dir='ltr'><strong>Adam</strong></span> <span class='ocrx_word' id='word_1_516' title='bbox 549 3578 600 3630; x_wconf 92' lang='lat' dir='ltr'><strong>in</strong></span> <span class='ocrx_word' id='word_1_517' title='bbox 623 3576 875 3645; x_wconf 86' lang='lat' dir='ltr'><strong>paradiso</strong></span> <span class='ocrx_word' id='word_1_518' title='bbox 900 3576 1182 3645; x_wconf 86' lang='lat' dir='ltr'><strong>accepisse</strong></span> <span class='ocrx_word' id='word_1_519' title='bbox 1216 3586 1566 3644; x_wconf 74' lang='lat' dir='ltr'><strong>prazreptum,</strong></span> <span class='ocrx_word' id='word_1_520' title='bbox 1588 3583 1645 3630; x_wconf 92' lang='lat' dir='ltr'><strong>ut</strong></span> <span class='ocrx_word' id='word_1_521' title='bbox 1666 3590 1781 3631; x_wconf 73' lang='lat' dir='ltr'><strong>ca:-</strong></span> 
     </span>
    </p>
   </div>
   <div class='ocr_carea' id='block_1_67' title="bbox 158 3670 1778 3742">
    <p class='ocr_par' dir='ltr' id='par_1_67' title="bbox 158 3670 1778 3742">
     <span class='ocr_line' id='line_1_67' title="bbox 158 3670 1778 3742; baseline -0.001 -16"><span class='ocrx_word' id='word_1_522' title='bbox 158 3679 271 3727; x_wconf 88' lang='lat' dir='ltr'><strong>tera</strong></span> <span class='ocrx_word' id='word_1_523' title='bbox 311 3686 483 3742; x_wconf 90' lang='lat' dir='ltr'><strong>poma</strong></span> <span class='ocrx_word' id='word_1_524' title='bbox 514 3671 829 3737; x_wconf 89' lang='lat' dir='ltr'><strong>comedens,</strong></span> <span class='ocrx_word' id='word_1_525' title='bbox 861 3671 929 3725; x_wconf 91' lang='lat' dir='ltr'><strong>ab</strong></span> <span class='ocrx_word' id='word_1_526' title='bbox 952 3687 1056 3725; x_wconf 88' lang='lat' dir='ltr'><strong>una</strong></span> <span class='ocrx_word' id='word_1_527' title='bbox 1078 3671 1277 3726; x_wconf 89' lang='lat' dir='ltr'><strong>arbore</strong></span> <span class='ocrx_word' id='word_1_528' title='bbox 1300 3670 1604 3741; x_wconf 87' lang='lat' dir='ltr'><strong>jejunaret.</strong></span> <span class='ocrx_word' id='word_1_529' title='bbox 1637 3671 1778 3725; x_wconf 85' lang='lat' dir='ltr'><strong>Bea-</strong></span> 
     </span>
    </p>
   </div>
   <div class='ocr_carea' id='block_1_68' title="bbox 157 3764 1779 3836">
    <p class='ocr_par' dir='ltr' id='par_1_68' title="bbox 157 3764 1779 3836">
     <span class='ocr_line' id='line_1_68' title="bbox 157 3764 1779 3836; baseline -0.001 -17"><span class='ocrx_word' id='word_1_530' title='bbox 157 3766 334 3821; x_wconf 88' lang='lat' dir='ltr'><strong>titudo</strong></span> <span class='ocrx_word' id='word_1_531' title='bbox 370 3764 616 3836; x_wconf 80' lang='lat' dir='ltr'><strong>paradisi</strong></span> <span class='ocrx_word' id='word_1_532' title='bbox 664 3766 873 3836; x_wconf 87' lang='lat' dir='ltr'><strong>absque</strong></span> <span class='ocrx_word' id='word_1_533' title='bbox 914 3764 1249 3820; x_wconf 85' lang='lat' dir='ltr'><strong>abstinentia</strong></span> <span class='ocrx_word' id='word_1_534' title='bbox 1296 3766 1403 3821; x_wconf 90' lang='lat' dir='ltr'><strong>cibi</strong></span> <span class='ocrx_word' id='word_1_535' title='bbox 1438 3781 1543 3819; x_wconf 89' lang='lat' dir='ltr'><strong>non</strong></span> <span class='ocrx_word' id='word_1_536' title='bbox 1596 3766 1779 3833; x_wconf 92' lang='lat' dir='ltr'><strong>potuit</strong></span> 
     </span>
    </p>
   </div>
   <div class='ocr_carea' id='block_1_69' title="bbox 157 3856 1781 3927">
    <p class='ocr_par' dir='ltr' id='par_1_69' title="bbox 157 3856 1781 3927">
     <span class='ocr_line' id='line_1_69' title="bbox 157 3856 1781 3927; baseline -0.002 -15"><span class='ocrx_word' id='word_1_537' title='bbox 157 3856 437 3914; x_wconf 85' lang='lat' dir='ltr'><strong>dedicari.</strong></span> <span class='ocrx_word' id='word_1_538' title='bbox 471 3857 739 3926; x_wconf 86' lang='lat' dir='ltr'><strong>Quamdiu</strong></span> <span class='ocrx_word' id='word_1_539' title='bbox 762 3857 1053 3927; x_wconf 86' lang='lat' dir='ltr'><strong>jejunavit,</strong></span> <span class='ocrx_word' id='word_1_540' title='bbox 1087 3857 1138 3911; x_wconf 92' lang='lat' dir='ltr'><strong>in</strong></span> <span class='ocrx_word' id='word_1_541' title='bbox 1170 3856 1425 3927; x_wconf 80' lang='lat' dir='ltr'><strong>paradiso</strong></span> <span class='ocrx_word' id='word_1_542' title='bbox 1459 3856 1595 3911; x_wconf 77' lang='lat' dir='ltr'><strong>fuit:</strong></span> <span class='ocrx_word' id='word_1_543' title='bbox 1624 3872 1781 3910; x_wconf 84' lang='lat' dir='ltr'><strong>com-</strong></span> 
     </span>
    </p>
   </div>
   <div class='ocr_carea' id='block_1_70' title="bbox 156 3948 1768 4018">
    <p class='ocr_par' dir='ltr' id='par_1_70' title="bbox 156 3948 1768 4018">
     <span class='ocr_line' id='line_1_70' title="bbox 156 3948 1768 4018; baseline -0.002 -13"><span class='ocrx_word' id='word_1_544' title='bbox 156 3949 289 4015; x_wconf 85' lang='lat' dir='ltr'><strong>edit,</strong></span> <span class='ocrx_word' id='word_1_545' title='bbox 325 3960 384 4006; x_wconf 89' lang='lat' dir='ltr'><strong>et</strong></span> <span class='ocrx_word' id='word_1_546' title='bbox 425 3948 629 4018; x_wconf 90' lang='lat' dir='ltr'><strong>ejectus</strong></span> <span class='ocrx_word' id='word_1_547' title='bbox 674 3959 758 4003; x_wconf 88' lang='lat' dir='ltr'><strong>est</strong></span> <span class='ocrx_word' id='word_1_548' title='bbox 790 3968 803 4003; x_wconf 91' lang='lat'><strong>:</strong></span> <span class='ocrx_word' id='word_1_549' title='bbox 836 3949 1045 4018; x_wconf 89' lang='lat' dir='ltr'><strong>ejectus</strong></span> <span class='ocrx_word' id='word_1_550' title='bbox 1090 3950 1273 4002; x_wconf 89' lang='lat' dir='ltr'><strong>statim</strong></span> <span class='ocrx_word' id='word_1_551' title='bbox 1305 3948 1459 4003; x_wconf 81' lang='lat' dir='ltr'><strong>duxit</strong></span> <span class='ocrx_word' id='word_1_552' title='bbox 1516 3962 1768 4003; x_wconf 82' lang='lat' dir='ltr'><strong>uxorem.</strong></span> 
     </span>
    </p>
   </div>
   <div class='ocr_carea' id='block_1_71' title="bbox 158 4040 1777 4113">
    <p class='ocr_par' dir='ltr' id='par_1_71' title="bbox 158 4040 1777 4113">
     <span class='ocr_line' id='line_1_71' title="bbox 158 4040 1777 4113; baseline -0.002 -15"><span class='ocrx_word' id='word_1_553' title='bbox 158 4040 257 4111; x_wconf 84' lang='lat' dir='ltr'><strong>Qui</strong></span> <span class='ocrx_word' id='word_1_554' title='bbox 281 4043 525 4113; x_wconf 86' lang='lat' dir='ltr'><strong>jejunus</strong></span> <span class='ocrx_word' id='word_1_555' title='bbox 566 4042 617 4096; x_wconf 93' lang='lat' dir='ltr'><strong>in</strong></span> <span class='ocrx_word' id='word_1_556' title='bbox 650 4042 901 4112; x_wconf 87' lang='lat' dir='ltr'><strong>paradiso</strong></span> <span class='ocrx_word' id='word_1_557' title='bbox 935 4043 1086 4110; x_wconf 83' lang='lat' dir='ltr'><strong>virgo</strong></span> <span class='ocrx_word' id='word_1_558' title='bbox 1126 4041 1324 4105; x_wconf 80' lang='lat' dir='ltr'><strong>fuerat,</strong></span> <span class='ocrx_word' id='word_1_559' title='bbox 1358 4050 1511 4097; x_wconf 89' lang='lat' dir='ltr'><strong>satur</strong></span> <span class='ocrx_word' id='word_1_560' title='bbox 1542 4042 1595 4096; x_wconf 92' lang='lat' dir='ltr'><strong>in</strong></span> <span class='ocrx_word' id='word_1_561' title='bbox 1629 4051 1777 4096; x_wconf 85' lang='lat' dir='ltr'><strong>terra</strong></span> 
     </span>
    </p>
   </div>
   <div class='ocr_carea' id='block_1_72' title="bbox 158 4133 1779 4205">
    <p class='ocr_par' dir='ltr' id='par_1_72' title="bbox 158 4133 1779 4205">
     <span class='ocr_line' id='line_1_72' title="bbox 158 4133 1779 4205; baseline -0.001 -18"><span class='ocrx_word' id='word_1_562' title='bbox 158 4135 530 4191; x_wconf 89' lang='lat' dir='ltr'><strong>matrimonio</strong></span> <span class='ocrx_word' id='word_1_563' title='bbox 554 4134 947 4205; x_wconf 88' lang='lat' dir='ltr'><strong>copulatur:et</strong></span> <span class='ocrx_word' id='word_1_564' title='bbox 979 4142 1156 4189; x_wconf 90' lang='lat' dir='ltr'><strong>tamen</strong></span> <span class='ocrx_word' id='word_1_565' title='bbox 1199 4133 1432 4203; x_wconf 82' lang='lat' dir='ltr'><strong>ejectus,</strong></span> <span class='ocrx_word' id='word_1_566' title='bbox 1467 4148 1575 4187; x_wconf 88' lang='lat' dir='ltr'><strong>non</strong></span> <span class='ocrx_word' id='word_1_567' title='bbox 1610 4133 1779 4202; x_wconf 86' lang='lat' dir='ltr'><strong>proti-</strong></span> 
     </span>
    </p>
   </div>
   <div class='ocr_carea' id='block_1_73' title="bbox 160 4225 1775 4300">
    <p class='ocr_par' dir='ltr' id='par_1_73' title="bbox 160 4225 1775 4300">
     <span class='ocr_line' id='line_1_73' title="bbox 160 4225 1775 4300; baseline -0.001 -19"><span class='ocrx_word' id='word_1_568' title='bbox 160 4241 259 4283; x_wconf 87' lang='lat' dir='ltr'><strong>nus</strong></span> <span class='ocrx_word' id='word_1_569' title='bbox 290 4230 520 4300; x_wconf 83' lang='lat' dir='ltr'><strong>accepit</strong></span> <span class='ocrx_word' id='word_1_570' title='bbox 571 4228 849 4283; x_wconf 87' lang='lat' dir='ltr'><strong>licentiam</strong></span> <span class='ocrx_word' id='word_1_571' title='bbox 900 4228 1145 4281; x_wconf 90' lang='lat' dir='ltr'><strong>carnium</strong></span> <span class='ocrx_word' id='word_1_572' title='bbox 1194 4228 1629 4289; x_wconf 87' lang='lat' dir='ltr'><strong>vescendarum;</strong></span> <span class='ocrx_word' id='word_1_573' title='bbox 1678 4225 1775 4281; x_wconf 89' lang='lat' dir='ltr'><strong>sed</strong></span> 
     </span>
    </p>
   </div>
   <div class='ocr_carea' id='block_1_74' title="bbox 161 4320 1773 4393">
    <p class='ocr_par' dir='ltr' id='par_1_74' title="bbox 161 4320 1773 4393">
     <span class='ocr_line' id='line_1_74' title="bbox 161 4320 1773 4393; baseline 0.001 -21"><span class='ocrx_word' id='word_1_574' title='bbox 161 4327 376 4378; x_wconf 88' lang='lat' dir='ltr'><strong>tantum</strong></span> <span class='ocrx_word' id='word_1_575' title='bbox 411 4336 580 4393; x_wconf 89' lang='lat' dir='ltr'><strong>poma</strong></span> <span class='ocrx_word' id='word_1_576' title='bbox 608 4320 864 4375; x_wconf 90' lang='lat' dir='ltr'><strong>arborum</strong></span> <span class='ocrx_word' id='word_1_577' title='bbox 893 4331 945 4375; x_wconf 90' lang='lat' dir='ltr'><strong>et</strong></span> <span class='ocrx_word' id='word_1_578' title='bbox 978 4320 1159 4391; x_wconf 84' lang='lat' dir='ltr'><strong>fruges</strong></span> <span class='ocrx_word' id='word_1_579' title='bbox 1189 4330 1455 4389; x_wconf 84' lang='lat' dir='ltr'><strong>segetum,</strong></span> <span class='ocrx_word' id='word_1_580' title='bbox 1488 4331 1542 4375; x_wconf 86' lang='lat' dir='ltr'><strong>et</strong></span> <span class='ocrx_word' id='word_1_581' title='bbox 1574 4320 1773 4375; x_wconf 80' lang='lat' dir='ltr'><strong>herba-</strong></span> 
     </span>
    </p>
   </div>
   <div class='ocr_carea' id='block_1_75' title="bbox 236 4542 1781 4619">
    <p class='ocr_par' dir='ltr' id='par_1_75' title="bbox 236 4542 1781 4619">
     <span class='ocr_line' id='line_1_75' title="bbox 236 4542 1781 4619; baseline -0.005 -13"><span class='ocrx_word' id='word_1_582' title='bbox 236 4559 262 4587; x_wconf 68' lang='grc' dir='ltr'><strong>ει</strong></span> <span class='ocrx_word' id='word_1_583' title='bbox 304 4550 643 4619; x_wconf 79' lang='lat' dir='ltr'><strong>Elegantem</strong></span> <span class='ocrx_word' id='word_1_584' title='bbox 678 4563 874 4618; x_wconf 88' lang='lat' dir='ltr'><strong>nempe</strong></span> <span class='ocrx_word' id='word_1_585' title='bbox 903 4564 967 4602; x_wconf 87' lang='lat' dir='ltr'><strong>ac</strong></span> <span class='ocrx_word' id='word_1_586' title='bbox 994 4546 1279 4619; x_wconf 74' lang='lat' dir='ltr'><strong>magniﬁce</strong></span> <span class='ocrx_word' id='word_1_587' title='bbox 1300 4551 1655 4619; x_wconf 59' lang='lat' dir='ltr'><strong>exstructam</strong></span> <span class='ocrx_word' id='word_1_588' title='bbox 1681 4542 1781 4619; x_wconf 83' lang='lat' dir='ltr'><strong>do-</strong></span> 
     </span>
    </p>
   </div>
   <div class='ocr_carea' id='block_1_76' title="bbox 165 4614 1781 4688">
    <p class='ocr_par' dir='ltr' id='par_1_76' title="bbox 165 4614 1781 4688">
     <span class='ocr_line' id='line_1_76' title="bbox 165 4614 1781 4688; baseline -0.006 -13"><span class='ocrx_word' id='word_1_589' title='bbox 165 4636 337 4676; x_wconf 89' lang='lat' dir='ltr'><strong>mum.</strong></span> <span class='ocrx_word' id='word_1_590' title='bbox 384 4614 658 4676; x_wconf 73' lang='lat' dir='ltr'><strong>Przrtoria</strong></span> <span class='ocrx_word' id='word_1_591' title='bbox 703 4614 846 4674; x_wconf 83' lang='lat' dir='ltr'><strong>enim</strong></span> <span class='ocrx_word' id='word_1_592' title='bbox 891 4635 991 4688; x_wconf 86' lang='lat' dir='ltr'><strong>pro</strong></span> <span class='ocrx_word' id='word_1_593' title='bbox 1017 4614 1242 4672; x_wconf 82' lang='lat' dir='ltr'><strong>urbanis</strong></span> <span class='ocrx_word' id='word_1_594' title='bbox 1262 4615 1427 4688; x_wconf 80' lang='lat' dir='ltr'><strong>villis,</strong></span> <span class='ocrx_word' id='word_1_595' title='bbox 1468 4629 1530 4688; x_wconf 81' lang='lat' dir='ltr'><strong>ac</strong></span> <span class='ocrx_word' id='word_1_596' title='bbox 1554 4614 1781 4688; x_wconf 82' lang='lat' dir='ltr'><strong>delicia-</strong></span> 
     </span>
    </p>
   </div>
   <div class='ocr_carea' id='block_1_77' title="bbox 164 4685 1790 4762">
    <p class='ocr_par' dir='ltr' id='par_1_77' title="bbox 164 4685 1790 4762">
     <span class='ocr_line' id='line_1_77' title="bbox 164 4685 1790 4762; baseline -0.003 -18"><span class='ocrx_word' id='word_1_597' title='bbox 164 4708 285 4748; x_wconf 86' lang='lat' dir='ltr'><strong>rum</strong></span> <span class='ocrx_word' id='word_1_598' title='bbox 338 4694 484 4748; x_wconf 91' lang='lat' dir='ltr'><strong>locis</strong></span> <span class='ocrx_word' id='word_1_599' title='bbox 533 4685 969 4762; x_wconf 86' lang='lat' dir='ltr'><strong>accipiebantur.</strong></span> <span class='ocrx_word' id='word_1_600' title='bbox 1004 4687 1268 4758; x_wconf 80' lang='lat' dir='ltr'><strong>Exempla</strong></span> <span class='ocrx_word' id='word_1_601' title='bbox 1301 4685 1471 4739; x_wconf 89' lang='lat' dir='ltr'><strong>habes</strong></span> <span class='ocrx_word' id='word_1_602' title='bbox 1508 4686 1561 4739; x_wconf 91' lang='lat' dir='ltr'><strong>in</strong></span> <span class='ocrx_word' id='word_1_603' title='bbox 1592 4687 1790 4740; x_wconf 82' lang='lat' dir='ltr'><strong>Sueto—</strong></span> 
     </span>
    </p>
   </div>
   <div class='ocr_carea' id='block_1_78' title="bbox 168 4779 282 4819">
    <p class='ocr_par' dir='ltr' id='par_1_78' title="bbox 168 4779 282 4819">
     <span class='ocr_line' id='line_1_78' title="bbox 168 4779 282 4819; baseline 0.018 -2"><span class='ocrx_word' id='word_1_604' title='bbox 168 4779 282 4819; x_wconf 73' lang='grc'><strong>1110.</strong></span> 
     </span>
    </p>
   </div>
   <div class='ocr_carea' id='block_1_79' title="bbox 238 4827 1791 4907">
    <p class='ocr_par' dir='ltr' id='par_1_79' title="bbox 238 4827 1791 4907">
     <span class='ocr_line' id='line_1_79' title="bbox 238 4827 1791 4907; baseline -0.007 -15"><span class='ocrx_word' id='word_1_605' title='bbox 238 4834 267 4873; x_wconf 70' lang='grc' dir='ltr'>δ</span> <span class='ocrx_word' id='word_1_606' title='bbox 311 4835 563 4907; x_wconf 74' lang='lat' dir='ltr'><strong>Reposui</strong></span> <span class='ocrx_word' id='word_1_607' title='bbox 594 4851 821 4907; x_wconf 78' lang='lat' dir='ltr'><strong>raucum</strong></span> <span class='ocrx_word' id='word_1_608' title='bbox 844 4848 945 4907; x_wconf 75' lang='lat' dir='ltr'><strong>pro</strong></span> <span class='ocrx_word' id='word_1_609' title='bbox 977 4847 1209 4907; x_wconf 76' lang='lat' dir='ltr'><strong>cavettnt,</strong></span> <span class='ocrx_word' id='word_1_610' title='bbox 1240 4827 1412 4907; x_wconf 84' lang='lat' dir='ltr'><strong>quod__</strong></span> <span class='ocrx_word' id='word_1_611' title='bbox 1434 4828 1791 4907; x_wconf 54' lang='lat' dir='ltr'><strong>Martianzeus</strong></span> 
     </span>
    </p>
   </div>
   <div class='ocr_carea' id='block_1_80' title="bbox 166 4900 1791 4977">
    <p class='ocr_par' dir='ltr' id='par_1_80' title="bbox 166 4900 1791 4977">
     <span class='ocr_line' id='line_1_80' title="bbox 166 4900 1791 4977; baseline -0.006 -17"><span class='ocrx_word' id='word_1_612' title='bbox 166 4905 324 4977; x_wconf 84' lang='lat' dir='ltr'><strong>legit,</strong></span> <span class='ocrx_word' id='word_1_613' title='bbox 363 4900 458 4962; x_wconf 74' lang='lat' dir='ltr'><strong>vel</strong></span> <span class='ocrx_word' id='word_1_614' title='bbox 495 4923 701 4964; x_wconf 84' lang='lat' dir='ltr'><strong>cavum.</strong></span> <span class='ocrx_word' id='word_1_615' title='bbox 731 4915 789 4959; x_wconf 92' lang='lat' dir='ltr'><strong>ut</strong></span> <span class='ocrx_word' id='word_1_616' title='bbox 811 4900 1013 4960; x_wconf 81' lang='lat' dir='ltr'><strong>habent</strong></span> <span class='ocrx_word' id='word_1_617' title='bbox 1036 4904 1315 4977; x_wconf 65' lang='lat' dir='ltr'><strong>editimies</strong></span> <span class='ocrx_word' id='word_1_618' title='bbox 1344 4900 1488 4954; x_wconf 63' lang='lat' dir='ltr'><strong>aliae.</strong></span> <span class='ocrx_word' id='word_1_619' title='bbox 1521 4900 1621 4954; x_wconf 88' lang='lat' dir='ltr'><strong>Est</strong></span> <span class='ocrx_word' id='word_1_620' title='bbox 1646 4900 1791 4952; x_wconf 89' lang='lat' dir='ltr'><strong>enim</strong></span> 
     </span>
    </p>
   </div>
   <div class='ocr_carea' id='block_1_81' title="bbox 172 4972 1796 5048">
    <p class='ocr_par' dir='ltr' id='par_1_81' title="bbox 172 4972 1796 5048">
     <span class='ocr_line' id='line_1_81' title="bbox 172 4972 1796 5048; baseline -0.006 -16"><span class='ocrx_word' id='word_1_621' title='bbox 172 4972 397 5033; x_wconf 57' lang='lat' dir='ltr'><strong>ca&#39;ucum</strong></span> <span class='ocrx_word' id='word_1_622' title='bbox 446 4980 635 5048; x_wconf 86' lang='lat' dir='ltr'><strong>poculi</strong></span> <span class='ocrx_word' id='word_1_623' title='bbox 681 4992 877 5048; x_wconf 82' lang='lat' dir='ltr'><strong>genus,</strong></span> <span class='ocrx_word' id='word_1_624' title='bbox 932 4974 1077 5048; x_wconf 83' lang='lat' dir='ltr'><strong>nnod</strong></span> <span class='ocrx_word' id='word_1_625' title='bbox 1129 4972 1455 5048; x_wconf 78' lang='lat' dir='ltr'><strong>Spartianus</strong></span> <span class='ocrx_word' id='word_1_626' title='bbox 1503 4979 1796 5048; x_wconf 83' lang='lat' dir='ltr'><strong>memorat,</strong></span> 
     </span>
    </p>
   </div>
   <div class='ocr_carea' id='block_1_82' title="bbox 173 5043 1797 5106">
    <p class='ocr_par' dir='ltr' id='par_1_82' title="bbox 173 5043 1797 5106">
     <span class='ocr_line' id='line_1_82' title="bbox 173 5043 1797 5106; baseline -0.005 -4"><span class='ocrx_word' id='word_1_627' title='bbox 173 5049 261 5103; x_wconf 88' lang='lat' dir='ltr'><strong>ubi</strong></span> <span class='ocrx_word' id='word_1_628' title='bbox 290 5043 667 5106; x_wconf 73' lang='lat' dir='ltr'><strong>Pescenninm</strong></span> <span class='ocrx_word' id='word_1_629' title='bbox 687 5043 854 5102; x_wconf 75' lang='lat' dir='ltr'><strong>iradit</strong></span> <span class='ocrx_word' id='word_1_630' title='bbox 877 5047 1142 5102; x_wconf 91' lang='lat' dir='ltr'><strong>militibus</strong></span> <span class='ocrx_word' id='word_1_631' title='bbox 1164 5043 1543 5101; x_wconf 73' lang='lat' dir='ltr'><strong>interdixisse.</strong></span> <span class='ocrx_word' id='word_1_632' title='bbox 1565 5043 1615 5095; x_wconf 88' lang='lat' dir='ltr'><strong>in</strong></span> <span class='ocrx_word' id='word_1_633' title='bbox 1637 5057 1797 5095; x_wconf 86' lang='lat' dir='ltr'><strong>cauca</strong></span> 
     </span>
    </p>
   </div>
   <div class='ocr_carea' id='block_1_83' title="bbox 176 5113 1799 5191">
    <p class='ocr_par' dir='ltr' id='par_1_83' title="bbox 176 5113 1799 5191">
     <span class='ocr_line' id='line_1_83' title="bbox 176 5113 1799 5191; baseline -0.004 -20"><span class='ocrx_word' id='word_1_634' title='bbox 176 5134 423 5188; x_wconf 80' lang='lat' dir='ltr'><strong>argenteo</strong></span> <span class='ocrx_word' id='word_1_635' title='bbox 472 5120 838 5191; x_wconf 67' lang='lat' dir='ltr'><strong>expeditionis</strong></span> <span class='ocrx_word' id='word_1_636' title='bbox 866 5115 1322 5191; x_wconf 31' lang='lat' dir='ltr'><strong>tentporeAltibere.</strong></span> <span class='ocrx_word' id='word_1_637' title='bbox 1354 5113 1562 5191; x_wconf 81' lang='lat' dir='ltr'><strong>Neqne_</strong></span> <span class='ocrx_word' id='word_1_638' title='bbox 1585 5113 1799 5191; x_wconf 49' lang='lat' dir='ltr'><strong>itt_litji_or</strong></span> 
     </span>
    </p>
   </div>
   <div class='ocr_carea' id='block_1_84' title="bbox 180 5184 1799 5261">
    <p class='ocr_par' dir='ltr' id='par_1_84' title="bbox 180 5184 1799 5261">
     <span class='ocr_line' id='line_1_84' title="bbox 180 5184 1799 5261; baseline -0.004 -19"><span class='ocrx_word' id='word_1_639' title='bbox 180 5184 391 5261; x_wconf 62' lang='lat' dir='ltr'><strong>enisum</strong></span> <span class='ocrx_word' id='word_1_640' title='bbox 422 5184 651 5261; x_wconf 71' lang='lat' dir='ltr'><strong>quoque</strong></span> <span class='ocrx_word' id='word_1_641' title='bbox 686 5189 865 5255; x_wconf 80' lang='lat' dir='ltr'><strong>poculi</strong></span> <span class='ocrx_word' id='word_1_642' title='bbox 894 5184 1070 5259; x_wconf 79' lang='lat' dir='ltr'><strong>genus</strong></span> <span class='ocrx_word' id='word_1_643' title='bbox 1099 5187 1288 5261; x_wconf 67' lang='lat' dir='ltr'><strong>fuisse,</strong></span> <span class='ocrx_word' id='word_1_644' title='bbox 1320 5196 1375 5261; x_wconf 83' lang='lat' dir='ltr'><strong>ut</strong></span> <span class='ocrx_word' id='word_1_645' title='bbox 1406 5200 1471 5241; x_wconf 81' lang='lat' dir='ltr'><strong>ex</strong></span> <span class='ocrx_word' id='word_1_646' title='bbox 1496 5184 1799 5261; x_wconf 20' lang='lat' dir='ltr'><strong>ATrebellio</strong></span> 
     </span>
    </p>
   </div>
   <div class='ocr_carea' id='block_1_85' title="bbox 180 5257 1805 5329">
    <p class='ocr_par' dir='ltr' id='par_1_85' title="bbox 180 5257 1805 5329">
     <span class='ocr_line' id='line_1_85' title="bbox 180 5257 1805 5329; baseline -0.004 -14"><span class='ocrx_word' id='word_1_647' title='bbox 180 5257 519 5318; x_wconf 38' lang='lat' dir='ltr'><strong>Pollione—in</strong></span> <span class='ocrx_word' id='word_1_648' title='bbox 548 5257 783 5315; x_wconf 82' lang='lat' dir='ltr'><strong>Claudio</strong></span> <span class='ocrx_word' id='word_1_649' title='bbox 814 5257 1119 5329; x_wconf 77' lang='lat' dir='ltr'><strong>colligitur,</strong></span> <span class='ocrx_word' id='word_1_650' title='bbox 1153 5258 1256 5311; x_wconf 82' lang='lat' dir='ltr'><strong>nisi</strong></span> <span class='ocrx_word' id='word_1_651' title='bbox 1289 5257 1333 5310; x_wconf 89' lang='lat' dir='ltr'><strong>si</strong></span> <span class='ocrx_word' id='word_1_652' title='bbox 1363 5257 1464 5311; x_wconf 85' lang='lat' dir='ltr'><strong>loci</strong></span> <span class='ocrx_word' id='word_1_653' title='bbox 1494 5257 1568 5311; x_wconf 88' lang='lat' dir='ltr'><strong>illi</strong></span> <span class='ocrx_word' id='word_1_654' title='bbox 1597 5258 1805 5329; x_wconf 79' lang='lat' dir='ltr'><strong>cubant</strong></span> 
     </span>
    </p>
   </div>
   <div class='ocr_carea' id='block_1_86' title="bbox 182 5328 1801 5401">
    <p class='ocr_par' dir='ltr' id='par_1_86' title="bbox 182 5328 1801 5401">
     <span class='ocr_line' id='line_1_86' title="bbox 182 5328 1801 5401; baseline -0.002 -18"><span class='ocrx_word' id='word_1_655' title='bbox 182 5334 233 5386; x_wconf 90' lang='lat' dir='ltr'><strong>in</strong></span> <span class='ocrx_word' id='word_1_656' title='bbox 263 5335 481 5389; x_wconf 81' lang='lat' dir='ltr'><strong>mendo</strong></span> <span class='ocrx_word' id='word_1_657' title='bbox 518 5351 531 5384; x_wconf 92' lang='lat'>:</span> <span class='ocrx_word' id='word_1_658' title='bbox 560 5334 613 5385; x_wconf 90' lang='lat' dir='ltr'><strong>in</strong></span> <span class='ocrx_word' id='word_1_659' title='bbox 644 5348 828 5385; x_wconf 83' lang='lat' dir='ltr'><strong>caveas</strong></span> <span class='ocrx_word' id='word_1_660' title='bbox 853 5342 900 5384; x_wconf 87' lang='lat' dir='ltr'><strong>et</strong></span> <span class='ocrx_word' id='word_1_661' title='bbox 928 5328 1146 5401; x_wconf 71' lang='lat' dir='ltr'><strong>scyphos</strong></span> <span class='ocrx_word' id='word_1_662' title='bbox 1179 5329 1353 5401; x_wconf 77' lang='lat' dir='ltr'><strong>pondo</strong></span> <span class='ocrx_word' id='word_1_663' title='bbox 1376 5329 1642 5388; x_wconf 83' lang='lat' dir='ltr'><strong>undecim,</strong></span> <span class='ocrx_word' id='word_1_664' title='bbox 1668 5328 1801 5401; x_wconf 79' lang='lat' dir='ltr'><strong>item</strong></span> 
     </span>
    </p>
   </div>
   <div class='ocr_carea' id='block_1_87' title="bbox 180 5398 1803 5469">
    <p class='ocr_par' dir='ltr' id='par_1_87' title="bbox 180 5398 1803 5469">
     <span class='ocr_line' id='line_1_87' title="bbox 180 5398 1803 5469; baseline -0.004 -13"><span class='ocrx_word' id='word_1_665' title='bbox 180 5404 232 5457; x_wconf 86' lang='lat' dir='ltr'><strong>in</strong></span> <span class='ocrx_word' id='word_1_666' title='bbox 262 5423 449 5460; x_wconf 76' lang='lat' dir='ltr'><strong>careas</strong></span> <span class='ocrx_word' id='word_1_667' title='bbox 478 5414 533 5457; x_wconf 82' lang='lat' dir='ltr'><strong>et</strong></span> <span class='ocrx_word' id='word_1_668' title='bbox 555 5420 705 5456; x_wconf 77' lang='lat' dir='ltr'><strong>zuma</strong></span> <span class='ocrx_word' id='word_1_669' title='bbox 736 5402 912 5469; x_wconf 87' lang='lat' dir='ltr'><strong>pondo</strong></span> <span class='ocrx_word' id='word_1_670' title='bbox 936 5398 1195 5455; x_wconf 79' lang='lat' dir='ltr'><strong>undecim.</strong></span> <span class='ocrx_word' id='word_1_671' title='bbox 1225 5398 1330 5453; x_wconf 86' lang='lat' dir='ltr'><strong>Sed</strong></span> <span class='ocrx_word' id='word_1_672' title='bbox 1366 5415 1526 5467; x_wconf 89' lang='lat' dir='ltr'><strong>quam</strong></span> <span class='ocrx_word' id='word_1_673' title='bbox 1558 5399 1803 5461; x_wconf 66' lang='lat' dir='ltr'><strong>praeferi-</strong></span> 
     </span>
    </p>
   </div>
   <div class='ocr_carea' id='block_1_88' title="bbox 182 5469 1797 5539">
    <p class='ocr_par' dir='ltr' id='par_1_88' title="bbox 182 5469 1797 5539">
     <span class='ocr_line' id='line_1_88' title="bbox 182 5469 1797 5539; baseline -0.005 -10"><span class='ocrx_word' id='word_1_674' title='bbox 182 5490 302 5530; x_wconf 86' lang='lat' dir='ltr'><strong>mus</strong></span> <span class='ocrx_word' id='word_1_675' title='bbox 331 5478 642 5531; x_wconf 80' lang='lat' dir='ltr'><strong>lectionem</strong></span> <span class='ocrx_word' id='word_1_676' title='bbox 675 5488 833 5533; x_wconf 84' lang='lat' dir='ltr'><strong>mss.,</strong></span> <span class='ocrx_word' id='word_1_677' title='bbox 860 5474 970 5526; x_wconf 89' lang='lat' dir='ltr'><strong>duo</strong></span> <span class='ocrx_word' id='word_1_678' title='bbox 1001 5470 1413 5539; x_wconf 65' lang='lat' dir='ltr'><strong>praestantiores</strong></span> <span class='ocrx_word' id='word_1_679' title='bbox 1438 5469 1797 5539; x_wconf 78' lang='lat' dir='ltr'><strong>conﬁrmant,</strong></span> 
     </span>
    </p>
   </div>
   <div class='ocr_carea' id='block_1_89' title="bbox 183 5538 1799 5614">
    <p class='ocr_par' dir='ltr' id='par_1_89' title="bbox 183 5538 1799 5614">
     <span class='ocr_line' id='line_1_89' title="bbox 183 5538 1799 5614; baseline -0.006 -13"><span class='ocrx_word' id='word_1_680' title='bbox 183 5556 237 5601; x_wconf 88' lang='lat' dir='ltr'><strong>et</strong></span> <span class='ocrx_word' id='word_1_681' title='bbox 265 5546 518 5604; x_wconf 81' lang='lat' dir='ltr'><strong>Gravius</strong></span> <span class='ocrx_word' id='word_1_682' title='bbox 551 5560 790 5614; x_wconf 78' lang='lat' dir='ltr'><strong>quoque.</strong></span> <span class='ocrx_word' id='word_1_683' title='bbox 822 5543 977 5610; x_wconf 83' lang='lat' dir='ltr'><strong>Apud</strong></span> <span class='ocrx_word' id='word_1_684' title='bbox 1003 5538 1540 5614; x_wconf 69' lang='lat' dir='ltr'><strong>Laertiumhabetur</strong></span> <span class='ocrx_word' id='word_1_685' title='bbox 1566 5538 1799 5614; x_wconf 57' lang='grc' dir='ltr'><strong>κοτύληεί.</strong></span> 
     </span>
    </p>
   </div>
   <div class='ocr_carea' id='block_1_90' title="bbox 255 5608 1806 5675">
    <p class='ocr_par' dir='ltr' id='par_1_90' title="bbox 255 5608 1806 5675">
     <span class='ocr_line' id='line_1_90' title="bbox 255 5608 1806 5675; baseline -0.009 0"><span class='ocrx_word' id='word_1_686' title='bbox 255 5630 276 5658; x_wconf 74' lang='grc' dir='ltr'><strong>ε</strong></span> <span class='ocrx_word' id='word_1_687' title='bbox 322 5618 550 5674; x_wconf 79' lang='lat' dir='ltr'><strong>Nomen</strong></span> <span class='ocrx_word' id='word_1_688' title='bbox 573 5608 739 5675; x_wconf 51' lang='lat' dir='ltr'><strong>&#39;{ebr&#39;is</strong></span> <span class='ocrx_word' id='word_1_689' title='bbox 777 5608 934 5671; x_wconf 84' lang='lat' dir='ltr'><strong>vetus</strong></span> <span class='ocrx_word' id='word_1_690' title='bbox 960 5614 1091 5668; x_wconf 78' lang='lat' dir='ltr'><strong>edit.</strong></span> <span class='ocrx_word' id='word_1_691' title='bbox 1124 5625 1247 5665; x_wconf 92' lang='lat' dir='ltr'><strong>cum</strong></span> <span class='ocrx_word' id='word_1_692' title='bbox 1276 5608 1490 5661; x_wconf 88' lang='lat' dir='ltr'><strong>duobus</strong></span> <span class='ocrx_word' id='word_1_693' title='bbox 1524 5624 1656 5661; x_wconf 86' lang='lat' dir='ltr'><strong>mss.</strong></span> <span class='ocrx_word' id='word_1_694' title='bbox 1692 5609 1806 5662; x_wconf 82' lang='lat' dir='ltr'><strong>suf-</strong></span> 
     </span>
    </p>
   </div>
   <div class='ocr_carea' id='block_1_91' title="bbox 190 5688 403 5745">
    <p class='ocr_par' dir='ltr' id='par_1_91' title="bbox 190 5688 403 5745">
     <span class='ocr_line' id='line_1_91' title="bbox 190 5688 403 5745; baseline 0.005 -2"><span class='ocrx_word' id='word_1_695' title='bbox 190 5688 403 5745; x_wconf 78' lang='lat' dir='ltr'><strong>iiciunt.</strong></span> 
     </span>
    </p>
   </div>
   <div class='ocr_carea' id='block_1_92' title="bbox 262 5755 886 5824">
    <p class='ocr_par' dir='ltr' id='par_1_92' title="bbox 262 5755 886 5824">
     <span class='ocr_line' id='line_1_92' title="bbox 262 5755 886 5824; baseline -0.019 -4"><span class='ocrx_word' id='word_1_696' title='bbox 262 5758 289 5798; x_wconf 68' lang='grc' dir='ltr'><strong><em>ἀ</em></strong></span> <span class='ocrx_word' id='word_1_697' title='bbox 333 5762 504 5824; x_wconf 81' lang='lat' dir='ltr'><strong>Mss.,</strong></span> <span class='ocrx_word' id='word_1_698' title='bbox 526 5758 735 5812; x_wconf 86' lang='lat' dir='ltr'><strong>trosuli.</strong></span> <span class='ocrx_word' id='word_1_699' title='bbox 768 5755 886 5811; x_wconf 84' lang='lat' dir='ltr'><strong>Vid.</strong></span> 
     </span>
    </p>
   </div>
   <div class='ocr_carea' id='block_1_93' title="bbox 918 5748 1818 5825">
    <p class='ocr_par' dir='ltr' id='par_1_93' title="bbox 918 5748 1818 5825">
     <span class='ocr_line' id='line_1_93' title="bbox 918 5748 1818 5825; baseline 0.003 -22"><span class='ocrx_word' id='word_1_700' title='bbox 918 5770 1038 5825; x_wconf 78' lang='lat' dir='ltr'><strong>quae</strong></span> <span class='ocrx_word' id='word_1_701' title='bbox 1064 5754 1116 5807; x_wconf 89' lang='lat' dir='ltr'><strong>in</strong></span> <span class='ocrx_word' id='word_1_702' title='bbox 1141 5749 1400 5825; x_wconf 77' lang='lat' dir='ltr'><strong>Epistolis</strong></span> <span class='ocrx_word' id='word_1_703' title='bbox 1424 5749 1491 5804; x_wconf 90' lang='lat' dir='ltr'><strong>de</strong></span> <span class='ocrx_word' id='word_1_704' title='bbox 1521 5748 1625 5825; x_wconf 85' lang='lat' dir='ltr'><strong>hoc</strong></span> <span class='ocrx_word' id='word_1_705' title='bbox 1650 5751 1818 5825; x_wconf 75' lang='lat' dir='ltr'><strong>verbo</strong></span> 
     </span>
    </p>
   </div>
   <div class='ocr_carea' id='block_1_94' title="bbox 192 5820 1819 5893">
    <p class='ocr_par' dir='ltr' id='par_1_94' title="bbox 192 5820 1819 5893">
     <span class='ocr_line' id='line_1_94' title="bbox 192 5820 1819 5893; baseline -0.009 -5"><span class='ocrx_word' id='word_1_706' title='bbox 192 5846 300 5889; x_wconf 89' lang='lat' dir='ltr'><strong>non</strong></span> <span class='ocrx_word' id='word_1_707' title='bbox 326 5820 508 5890; x_wconf 81' lang='lat' dir='ltr'><strong>semel</strong></span> <span class='ocrx_word' id='word_1_708' title='bbox 542 5829 800 5893; x_wconf 81' lang='lat' dir='ltr'><strong>diximus,</strong></span> <span class='ocrx_word' id='word_1_709' title='bbox 838 5820 1129 5891; x_wconf 70' lang='lat' dir='ltr'><strong>Trossulos,</strong></span> <span class='ocrx_word' id='word_1_710' title='bbox 1155 5821 1303 5889; x_wconf 86' lang='lat' dir='ltr'><strong>quasi</strong></span> <span class='ocrx_word' id='word_1_711' title='bbox 1348 5822 1607 5874; x_wconf 82' lang='lat' dir='ltr'><strong>torosulos</strong></span> <span class='ocrx_word' id='word_1_712' title='bbox 1635 5820 1819 5875; x_wconf 75' lang='lat' dir='ltr'><strong>dictos.</strong></span> 
     </span>
    </p>
   </div>
   <div class='ocr_carea' id='block_1_95' title="bbox 1892 3298 3487 3370">
    <p class='ocr_par' dir='ltr' id='par_1_95' title="bbox 1892 3298 3487 3370">
     <span class='ocr_line' id='line_1_95' title="bbox 1892 3298 3487 3370; baseline 0 -19"><span class='ocrx_word' id='word_1_713' title='bbox 1892 3308 2215 3363; x_wconf 90' lang='lat' dir='ltr'><strong>temnentes,</strong></span> <span class='ocrx_word' id='word_1_714' title='bbox 2269 3314 2463 3353; x_wconf 85' lang='lat' dir='ltr'><strong>carnes</strong></span> <span class='ocrx_word' id='word_1_715' title='bbox 2506 3298 2791 3369; x_wconf 58' lang='lat' dir='ltr'><strong>[Egyptias</strong></span> <span class='ocrx_word' id='word_1_716' title='bbox 2839 3300 3210 3369; x_wconf 89' lang='lat' dir='ltr'><strong>suspirabant.</strong></span> <span class='ocrx_word' id='word_1_717' title='bbox 3270 3300 3487 3370; x_wconf 73' lang='lat' dir='ltr'><strong>Moyses</strong></span> 
     </span>
    </p>
   </div>
   <div class='ocr_carea' id='block_1_96' title="bbox 1891 3390 3485 3462">
    <p class='ocr_par' dir='ltr' id='par_1_96' title="bbox 1891 3390 3485 3462">
     <span class='ocr_line' id='line_1_96' title="bbox 1891 3390 3485 3462; baseline -0.003 -16"><span class='ocrx_word' id='word_1_718' title='bbox 1891 3392 2250 3462; x_wconf 88' lang='lat' dir='ltr'><strong>quadraginta</strong></span> <span class='ocrx_word' id='word_1_719' title='bbox 2272 3391 2461 3447; x_wconf 89' lang='lat' dir='ltr'><strong>diebus</strong></span> <span class='ocrx_word' id='word_1_720' title='bbox 2473 3391 2789 3447; x_wconf 91' lang='lat' dir='ltr'><strong>etnoctibus</strong></span> <span class='ocrx_word' id='word_1_721' title='bbox 2806 3392 3027 3461; x_wconf 89' lang='lat' dir='ltr'><strong>jejunus</strong></span> <span class='ocrx_word' id='word_1_722' title='bbox 3050 3393 3101 3446; x_wconf 91' lang='lat' dir='ltr'><strong>iu</strong></span> <span class='ocrx_word' id='word_1_723' title='bbox 3127 3399 3315 3446; x_wconf 86' lang='lat' dir='ltr'><strong>monte</strong></span> <span class='ocrx_word' id='word_1_724' title='bbox 3333 3390 3485 3453; x_wconf 87' lang='lat' dir='ltr'><strong>Sina,</strong></span> 
     </span>
    </p>
   </div>
   <div class='ocr_carea' id='block_1_97' title="bbox 1889 3479 3489 3552">
    <p class='ocr_par' dir='ltr' id='par_1_97' title="bbox 1889 3479 3489 3552">
     <span class='ocr_line' id='line_1_97' title="bbox 1889 3479 3489 3552; baseline -0.004 -13"><span class='ocrx_word' id='word_1_725' title='bbox 1889 3484 2051 3539; x_wconf 91' lang='lat' dir='ltr'><strong>etiam</strong></span> <span class='ocrx_word' id='word_1_726' title='bbox 2088 3492 2216 3537; x_wconf 90' lang='lat' dir='ltr'><strong>tunc</strong></span> <span class='ocrx_word' id='word_1_727' title='bbox 2250 3484 2509 3552; x_wconf 87' lang='lat' dir='ltr'><strong>probans,</strong></span> <span class='ocrx_word' id='word_1_728' title='bbox 2544 3500 2650 3537; x_wconf 90' lang='lat' dir='ltr'><strong>non</strong></span> <span class='ocrx_word' id='word_1_729' title='bbox 2685 3482 2737 3537; x_wconf 93' lang='lat' dir='ltr'><strong>in</strong></span> <span class='ocrx_word' id='word_1_730' title='bbox 2768 3499 2908 3552; x_wconf 90' lang='lat' dir='ltr'><strong>pane</strong></span> <span class='ocrx_word' id='word_1_731' title='bbox 2936 3484 3055 3537; x_wconf 90' lang='lat' dir='ltr'><strong>solo</strong></span> <span class='ocrx_word' id='word_1_732' title='bbox 3097 3482 3279 3536; x_wconf 75' lang='lat' dir='ltr'><strong>vivere</strong></span> <span class='ocrx_word' id='word_1_733' title='bbox 3314 3479 3489 3533; x_wconf 87' lang='lat' dir='ltr'><strong>homi-</strong></span> 
     </span>
    </p>
   </div>
   <div class='ocr_carea' id='block_1_98' title="bbox 1890 3571 3481 3641">
    <p class='ocr_par' dir='ltr' id='par_1_98' title="bbox 1890 3571 3481 3641">
     <span class='ocr_line' id='line_1_98' title="bbox 1890 3571 3481 3641; baseline -0.001 -12"><span class='ocrx_word' id='word_1_734' title='bbox 1890 3591 2037 3641; x_wconf 86' lang='lat' dir='ltr'><strong>nem,</strong></span> <span class='ocrx_word' id='word_1_735' title='bbox 2068 3575 2164 3631; x_wconf 90' lang='lat' dir='ltr'><strong>sed</strong></span> <span class='ocrx_word' id='word_1_736' title='bbox 2198 3576 2251 3630; x_wconf 90' lang='lat' dir='ltr'><strong>in</strong></span> <span class='ocrx_word' id='word_1_737' title='bbox 2284 3576 2431 3629; x_wconf 86' lang='lat' dir='ltr'><strong>omni</strong></span> <span class='ocrx_word' id='word_1_738' title='bbox 2461 3575 2633 3629; x_wconf 92' lang='lat' dir='ltr'><strong>verbo</strong></span> <span class='ocrx_word' id='word_1_739' title='bbox 2664 3575 2785 3640; x_wconf 91' lang='lat' dir='ltr'><strong>Dei,</strong></span> <span class='ocrx_word' id='word_1_740' title='bbox 2808 3590 2930 3629; x_wconf 93' lang='lat' dir='ltr'><strong>cum</strong></span> <span class='ocrx_word' id='word_1_741' title='bbox 2964 3571 3481 3639; x_wconf 83' lang='lat' dir='ltr'><strong>Dominoloquitur:</strong></span> 
     </span>
    </p>
   </div>
   <div class='ocr_carea' id='block_1_99' title="bbox 1888 3667 3485 3741">
    <p class='ocr_par' dir='ltr' id='par_1_99' title="bbox 1888 3667 3485 3741">
     <span class='ocr_line' id='line_1_99' title="bbox 1888 3667 3485 3741; baseline -0.001 -17"><span class='ocrx_word' id='word_1_742' title='bbox 1888 3670 2119 3740; x_wconf 86' lang='lat' dir='ltr'><strong>papulus</strong></span> <span class='ocrx_word' id='word_1_743' title='bbox 2139 3680 2320 3726; x_wconf 89' lang='lat' dir='ltr'><strong>autem</strong></span> <span class='ocrx_word' id='word_1_744' title='bbox 2344 3679 2495 3725; x_wconf 91' lang='lat' dir='ltr'><strong>satur</strong></span> <span class='ocrx_word' id='word_1_745' title='bbox 2516 3668 2634 3741; x_wconf 78' lang='grc' dir='ltr'><strong>[Αἰ.</strong></span> <span class='ocrx_word' id='word_1_746' title='bbox 2661 3669 2967 3741; x_wconf 80' lang='lat' dir='ltr'><strong>saturatos]</strong></span> <span class='ocrx_word' id='word_1_747' title='bbox 2994 3668 3134 3723; x_wconf 93' lang='lat' dir='ltr'><strong>idola</strong></span> <span class='ocrx_word' id='word_1_748' title='bbox 3168 3667 3485 3722; x_wconf 81' lang='lat' dir='ltr'><strong>fabricatur.</strong></span> 
     </span>
    </p>
   </div>
   <div class='ocr_carea' id='block_1_100' title="bbox 1883 3758 3486 3831">
    <p class='ocr_par' dir='ltr' id='par_1_100' title="bbox 1883 3758 3486 3831">
     <span class='ocr_line' id='line_1_100' title="bbox 1883 3758 3486 3831; baseline -0.001 -15"><span class='ocrx_word' id='word_1_749' title='bbox 1883 3762 1979 3817; x_wconf 86' lang='lat' dir='ltr'><strong>Ille</strong></span> <span class='ocrx_word' id='word_1_750' title='bbox 2010 3778 2179 3816; x_wconf 89' lang='lat' dir='ltr'><strong>vacuo</strong></span> <span class='ocrx_word' id='word_1_751' title='bbox 2210 3772 2422 3826; x_wconf 83' lang='lat' dir='ltr'><strong>ventre,</strong></span> <span class='ocrx_word' id='word_1_752' title='bbox 2454 3762 2629 3831; x_wconf 83' lang='lat' dir='ltr'><strong>legem</strong></span> <span class='ocrx_word' id='word_1_753' title='bbox 2656 3760 2857 3830; x_wconf 82' lang='lat' dir='ltr'><strong>accipit</strong></span> <span class='ocrx_word' id='word_1_754' title='bbox 2886 3761 3143 3829; x_wconf 87' lang='lat' dir='ltr'><strong>scriptam</strong></span> <span class='ocrx_word' id='word_1_755' title='bbox 3175 3758 3345 3827; x_wconf 89' lang='lat' dir='ltr'><strong>digito</strong></span> <span class='ocrx_word' id='word_1_756' title='bbox 3372 3760 3486 3815; x_wconf 84' lang='lat' dir='ltr'><strong>Dei.</strong></span> 
     </span>
    </p>
   </div>
   <div class='ocr_carea' id='block_1_101' title="bbox 1881 3850 3489 3921">
    <p class='ocr_par' dir='ltr' id='par_1_101' title="bbox 1881 3850 3489 3921">
     <span class='ocr_line' id='line_1_101' title="bbox 1881 3850 3489 3921; baseline -0.001 -12"><span class='ocrx_word' id='word_1_757' title='bbox 1881 3854 1988 3910; x_wconf 85' lang='lat' dir='ltr'><strong>Iste</strong></span> <span class='ocrx_word' id='word_1_758' title='bbox 2029 3854 2364 3909; x_wconf 87' lang='lat' dir='ltr'><strong>manducans</strong></span> <span class='ocrx_word' id='word_1_759' title='bbox 2407 3863 2462 3907; x_wconf 92' lang='lat' dir='ltr'><strong>et</strong></span> <span class='ocrx_word' id='word_1_760' title='bbox 2506 3853 2724 3917; x_wconf 91' lang='lat' dir='ltr'><strong>bibens,</strong></span> <span class='ocrx_word' id='word_1_761' title='bbox 2775 3865 3225 3921; x_wconf 87' lang='lat' dir='ltr'><strong>consurgensqne</strong></span> <span class='ocrx_word' id='word_1_762' title='bbox 3274 3850 3489 3919; x_wconf 88' lang='lat' dir='ltr'><strong>ludere,</strong></span> 
     </span>
    </p>
   </div>
   <div class='ocr_carea' id='block_1_102' title="bbox 1884 3942 3494 4015">
    <p class='ocr_par' dir='ltr' id='par_1_102' title="bbox 1884 3942 3494 4015">
     <span class='ocr_line' id='line_1_102' title="bbox 1884 3942 3494 4015; baseline -0.004 -13"><span class='ocrx_word' id='word_1_763' title='bbox 1884 3962 2075 4002; x_wconf 88' lang='lat' dir='ltr'><strong>aurum</strong></span> <span class='ocrx_word' id='word_1_764' title='bbox 2100 3946 2303 4001; x_wconf 76' lang='lat' dir='ltr'><strong>condat</strong></span> <span class='ocrx_word' id='word_1_765' title='bbox 2330 3946 2381 3999; x_wconf 93' lang='lat' dir='ltr'><strong>in</strong></span> <span class='ocrx_word' id='word_1_766' title='bbox 2405 3945 2664 4010; x_wconf 88' lang='lat' dir='ltr'><strong>vitulum,</strong></span> <span class='ocrx_word' id='word_1_767' title='bbox 2698 3956 2755 3999; x_wconf 91' lang='lat' dir='ltr'><strong>et</strong></span> <span class='ocrx_word' id='word_1_768' title='bbox 2786 3944 3102 4015; x_wconf 58' lang='lat' dir='ltr'><strong>IEgyptium</strong></span> <span class='ocrx_word' id='word_1_769' title='bbox 3133 3942 3325 3995; x_wconf 87' lang='lat' dir='ltr'><strong>bovem</strong></span> <span class='ocrx_word' id='word_1_770' title='bbox 3360 3960 3494 4011; x_wconf 71' lang='lat' dir='ltr'><strong>prm-</strong></span> 
     </span>
    </p>
   </div>
   <div class='ocr_carea' id='block_1_103' title="bbox 1884 4035 3491 4105">
    <p class='ocr_par' dir='ltr' id='par_1_103' title="bbox 1884 4035 3491 4105">
     <span class='ocr_line' id='line_1_103' title="bbox 1884 4035 3491 4105; baseline -0.002 -12"><span class='ocrx_word' id='word_1_771' title='bbox 1884 4040 1992 4096; x_wconf 82' lang='lat' dir='ltr'><strong>fert</strong></span> <span class='ocrx_word' id='word_1_772' title='bbox 2025 4040 2236 4093; x_wconf 91' lang='lat' dir='ltr'><strong>Domini</strong></span> <span class='ocrx_word' id='word_1_773' title='bbox 2269 4038 2565 4105; x_wconf 83' lang='lat' dir='ltr'><strong>majestati.</strong></span> <span class='ocrx_word' id='word_1_774' title='bbox 2589 4036 2922 4092; x_wconf 89' lang='lat' dir='ltr'><strong>Totdierum</strong></span> <span class='ocrx_word' id='word_1_775' title='bbox 2954 4038 3127 4101; x_wconf 86' lang='lat' dir='ltr'><strong>labor,</strong></span> <span class='ocrx_word' id='word_1_776' title='bbox 3161 4035 3319 4087; x_wconf 89' lang='lat' dir='ltr'><strong>unius</strong></span> <span class='ocrx_word' id='word_1_777' title='bbox 3343 4035 3491 4091; x_wconf 74' lang='lat' dir='ltr'><strong>hora:</strong></span> 
     </span>
    </p>
   </div>
   <div class='ocr_carea' id='block_1_104' title="bbox 1885 4126 3489 4202">
    <p class='ocr_par' dir='ltr' id='par_1_104' title="bbox 1885 4126 3489 4202">
     <span class='ocr_line' id='line_1_104' title="bbox 1885 4126 3489 4202; baseline -0.004 -13"><span class='ocrx_word' id='word_1_778' title='bbox 1885 4134 2171 4189; x_wconf 87' lang='lat' dir='ltr'><strong>saturitate</strong></span> <span class='ocrx_word' id='word_1_779' title='bbox 2204 4131 2361 4201; x_wconf 91' lang='lat' dir='ltr'><strong>perit.</strong></span> <span class='ocrx_word' id='word_1_780' title='bbox 2398 4131 2622 4202; x_wconf 88' lang='lat' dir='ltr'><strong>Frangit</strong></span> <span class='ocrx_word' id='word_1_781' title='bbox 2661 4132 2925 4186; x_wconf 90' lang='lat' dir='ltr'><strong>audacter</strong></span> <span class='ocrx_word' id='word_1_782' title='bbox 2970 4130 3190 4201; x_wconf 83' lang='lat' dir='ltr'><strong>Moyses</strong></span> <span class='ocrx_word' id='word_1_783' title='bbox 3241 4126 3489 4183; x_wconf 89' lang='lat' dir='ltr'><strong>tabulas:</strong></span> 
     </span>
    </p>
   </div>
   <div class='ocr_carea' id='block_1_105' title="bbox 1884 4220 3496 4293">
    <p class='ocr_par' dir='ltr' id='par_1_105' title="bbox 1884 4220 3496 4293">
     <span class='ocr_line' id='line_1_105' title="bbox 1884 4220 3496 4293; baseline -0.001 -15"><span class='ocrx_word' id='word_1_784' title='bbox 1884 4225 2092 4279; x_wconf 87' lang='lat' dir='ltr'><strong>sciebat</strong></span> <span class='ocrx_word' id='word_1_785' title='bbox 2115 4226 2259 4279; x_wconf 91' lang='lat' dir='ltr'><strong>enim</strong></span> <span class='ocrx_word' id='word_1_786' title='bbox 2296 4224 2386 4278; x_wconf 87' lang='lat' dir='ltr'><strong>Dei</strong></span> <span class='ocrx_word' id='word_1_787' title='bbox 2417 4239 2729 4280; x_wconf 90' lang='lat' dir='ltr'><strong>sermonem</strong></span> <span class='ocrx_word' id='word_1_788' title='bbox 2758 4240 2863 4278; x_wconf 89' lang='lat' dir='ltr'><strong>non</strong></span> <span class='ocrx_word' id='word_1_789' title='bbox 2898 4238 3058 4293; x_wconf 84' lang='lat' dir='ltr'><strong>posse</strong></span> <span class='ocrx_word' id='word_1_790' title='bbox 3095 4220 3285 4275; x_wconf 91' lang='lat' dir='ltr'><strong>audire</strong></span> <span class='ocrx_word' id='word_1_791' title='bbox 3320 4230 3496 4276; x_wconf 84' lang='lat' dir='ltr'><strong>temu-</strong></span> 
     </span>
    </p>
   </div>
   <div class='ocr_carea' id='block_1_106' title="bbox 1882 4316 3493 4390">
    <p class='ocr_par' dir='ltr' id='par_1_106' title="bbox 1882 4316 3493 4390">
     <span class='ocr_line' id='line_1_106' title="bbox 1882 4316 3493 4390; baseline -0.002 -18"><span class='ocrx_word' id='word_1_792' title='bbox 1882 4318 2081 4375; x_wconf 89' lang='lat' dir='ltr'><strong>lentos.</strong></span> <span class='ocrx_word' id='word_1_793' title='bbox 2118 4316 2447 4373; x_wconf 84' lang='lat' dir='ltr'><strong>Incrassatus</strong></span> <span class='ocrx_word' id='word_1_794' title='bbox 2479 4331 2575 4383; x_wconf 88' lang='lat' dir='ltr'><strong>est,</strong></span> <span class='ocrx_word' id='word_1_795' title='bbox 2611 4327 2658 4371; x_wconf 91' lang='lat' dir='ltr'><strong>et</strong></span> <span class='ocrx_word' id='word_1_796' title='bbox 2688 4318 2881 4390; x_wconf 85' lang='lat' dir='ltr'><strong>pingue</strong></span> <span class='ocrx_word' id='word_1_797' title='bbox 2911 4316 3108 4385; x_wconf 77' lang='lat' dir='ltr'><strong>factus,</strong></span> <span class='ocrx_word' id='word_1_798' title='bbox 3141 4324 3188 4369; x_wconf 89' lang='lat' dir='ltr'><strong>et</strong></span> <span class='ocrx_word' id='word_1_799' title='bbox 3223 4316 3493 4382; x_wconf 86' lang='lat' dir='ltr'><strong>dilatatus,</strong></span> 
     </span>
    </p>
   </div>
   <div class='ocr_carea' id='block_1_107' title="bbox 1890 4544 3495 4613">
    <p class='ocr_par' dir='ltr' id='par_1_107' title="bbox 1890 4544 3495 4613">
     <span class='ocr_line' id='line_1_107' title="bbox 1890 4544 3495 4613; baseline 0.004 -16"><span class='ocrx_word' id='word_1_800' title='bbox 1890 4546 1988 4597; x_wconf 82' lang='lat' dir='ltr'><strong>hoc</strong></span> <span class='ocrx_word' id='word_1_801' title='bbox 2013 4554 2110 4607; x_wconf 89' lang='lat' dir='ltr'><strong>est,</strong></span> <span class='ocrx_word' id='word_1_802' title='bbox 2144 4545 2265 4597; x_wconf 83' lang='lat' dir='ltr'><strong>bene</strong></span> <span class='ocrx_word' id='word_1_803' title='bbox 2292 4544 2515 4607; x_wconf 87' lang='lat' dir='ltr'><strong>habitos,</strong></span> <span class='ocrx_word' id='word_1_804' title='bbox 2546 4554 2595 4597; x_wconf 91' lang='lat' dir='ltr'><strong>et</strong></span> <span class='ocrx_word' id='word_1_805' title='bbox 2626 4544 2977 4597; x_wconf 86' lang='lat' dir='ltr'><strong>masculorum</strong></span> <span class='ocrx_word' id='word_1_806' title='bbox 3009 4546 3134 4600; x_wconf 84' lang='lat' dir='ltr'><strong>toris</strong></span> <span class='ocrx_word' id='word_1_807' title='bbox 3166 4547 3495 4613; x_wconf 78' lang='lat' dir='ltr'><strong>prrevalidos.</strong></span> 
     </span>
    </p>
   </div>
   <div class='ocr_carea' id='block_1_108' title="bbox 1892 4614 3501 4690">
    <p class='ocr_par' dir='ltr' id='par_1_108' title="bbox 1892 4614 3501 4690">
     <span class='ocr_line' id='line_1_108' title="bbox 1892 4614 3501 4690; baseline 0.008 -28"><span class='ocrx_word' id='word_1_808' title='bbox 1892 4614 2145 4690; x_wconf 60' lang='lat' dir='ltr'><strong>Nannius</strong></span> <span class='ocrx_word' id='word_1_809' title='bbox 2170 4624 2358 4690; x_wconf 79' lang='lat' dir='ltr'><strong>notat:</strong></span> <span class='ocrx_word' id='word_1_810' title='bbox 2390 4624 2444 4669; x_wconf 91' lang='lat' dir='ltr'><strong>et</strong></span> <span class='ocrx_word' id='word_1_811' title='bbox 2471 4614 2717 4682; x_wconf 83' lang='lat' dir='ltr'><strong>Persius,</strong></span> <span class='ocrx_word' id='word_1_812' title='bbox 2748 4614 3030 4669; x_wconf 82' lang='lat' dir='ltr'><strong>Trossultts</strong></span> <span class='ocrx_word' id='word_1_813' title='bbox 3049 4620 3269 4673; x_wconf 70' lang='lat' dir='ltr'><strong>exsultat</strong></span> <span class='ocrx_word' id='word_1_814' title='bbox 3299 4620 3385 4673; x_wconf 85' lang='lat' dir='ltr'><strong>tibi</strong></span> <span class='ocrx_word' id='word_1_815' title='bbox 3412 4639 3501 4690; x_wconf 83' lang='lat' dir='ltr'><strong>per</strong></span> 
     </span>
    </p>
   </div>
   <div class='ocr_carea' id='block_1_109' title="bbox 1894 4684 3213 4753">
    <p class='ocr_par' dir='ltr' id='par_1_109' title="bbox 1894 4684 3213 4753">
     <span class='ocr_line' id='line_1_109' title="bbox 1894 4684 3213 4753; baseline 0 -15"><span class='ocrx_word' id='word_1_816' title='bbox 1894 4684 2160 4738; x_wconf 80' lang='lat' dir='ltr'><strong>subsellia</strong></span> <span class='ocrx_word' id='word_1_817' title='bbox 2187 4685 2350 4738; x_wconf 79' lang='lat' dir='ltr'><strong>ltrris.</strong></span> <span class='ocrx_word' id='word_1_818' title='bbox 3210 4746 3213 4753; x_wconf 88' lang='lat'><em>_</em></span> 
     </span>
    </p>
   </div>
   <div class='ocr_carea' id='block_1_110' title="bbox 1975 4754 3487 4825">
    <p class='ocr_par' dir='ltr' id='par_1_110' title="bbox 1975 4754 3487 4825">
     <span class='ocr_line' id='line_1_110' title="bbox 1975 4754 3487 4825; baseline 0.005 -17"><span class='ocrx_word' id='word_1_819' title='bbox 1975 4766 1998 4790; x_wconf 74' lang='grc' dir='ltr'><strong>ο</strong></span> <span class='ocrx_word' id='word_1_820' title='bbox 2040 4755 2205 4821; x_wconf 79' lang='lat' dir='ltr'><strong>Editi,</strong></span> <span class='ocrx_word' id='word_1_821' title='bbox 2240 4755 2365 4809; x_wconf 78' lang='lat' dir='ltr'><strong>ch</strong></span> <span class='ocrx_word' id='word_1_822' title='bbox 2391 4754 2455 4807; x_wconf 83' lang='lat' dir='ltr'><strong>de</strong></span> <span class='ocrx_word' id='word_1_823' title='bbox 2477 4757 2938 4825; x_wconf 86' lang='lat' dir='ltr'><strong>argnntentis,ctc.</strong></span> <span class='ocrx_word' id='word_1_824' title='bbox 2971 4761 3325 4814; x_wconf 84' lang='lat' dir='ltr'><strong>renuentibus</strong></span> <span class='ocrx_word' id='word_1_825' title='bbox 3354 4777 3487 4817; x_wconf 88' lang='lat' dir='ltr'><strong>mss.</strong></span> 
     </span>
    </p>
   </div>
   <div class='ocr_carea' id='block_1_111' title="bbox 1899 4825 3492 4893">
    <p class='ocr_par' dir='ltr' id='par_1_111' title="bbox 1899 4825 3492 4893">
     <span class='ocr_line' id='line_1_111' title="bbox 1899 4825 3492 4893; baseline 0.006 -16"><span class='ocrx_word' id='word_1_826' title='bbox 1899 4826 2033 4893; x_wconf 67' lang='lat' dir='ltr'><strong>Quit:</strong></span> <span class='ocrx_word' id='word_1_827' title='bbox 2064 4825 2189 4878; x_wconf 89' lang='lat' dir='ltr'><strong>hittc</strong></span> <span class='ocrx_word' id='word_1_828' title='bbox 2221 4836 2523 4893; x_wconf 84' lang='lat' dir='ltr'><strong>sequuntur</strong></span> <span class='ocrx_word' id='word_1_829' title='bbox 2553 4825 2620 4877; x_wconf 87' lang='lat' dir='ltr'><strong>de</strong></span> <span class='ocrx_word' id='word_1_830' title='bbox 2649 4826 2979 4891; x_wconf 86' lang='lat' dir='ltr'><strong>jcjuniornm</strong></span> <span class='ocrx_word' id='word_1_831' title='bbox 3014 4832 3492 4887; x_wconf 82' lang='lat' dir='ltr'><strong>Commendatiotte</strong></span> 
     </span>
    </p>
   </div>
   <div class='ocr_carea' id='block_1_112' title="bbox 1902 4894 3507 4971">
    <p class='ocr_par' dir='ltr' id='par_1_112' title="bbox 1902 4894 3507 4971">
     <span class='ocr_line' id='line_1_112' title="bbox 1902 4894 3507 4971; baseline 0.003 -21"><span class='ocrx_word' id='word_1_832' title='bbox 1902 4898 1979 4971; x_wconf 74' lang='lat' dir='ltr'><strong>ab</strong></span> <span class='ocrx_word' id='word_1_833' title='bbox 2005 4894 2583 4971; x_wconf 74' lang='lat' dir='ltr'><strong>esordio_lere_omuia</strong></span> <span class='ocrx_word' id='word_1_834' title='bbox 2613 4908 2677 4946; x_wconf 81' lang='lat' dir='ltr'><strong>ex</strong></span> <span class='ocrx_word' id='word_1_835' title='bbox 2712 4895 3038 4953; x_wconf 86' lang='lat' dir='ltr'><strong>Tertulliani</strong></span> <span class='ocrx_word' id='word_1_836' title='bbox 3089 4900 3228 4971; x_wconf 86' lang='lat' dir='ltr'><strong>libro</strong></span> <span class='ocrx_word' id='word_1_837' title='bbox 3256 4903 3323 4953; x_wconf 89' lang='lat' dir='ltr'><strong>de</strong></span> <span class='ocrx_word' id='word_1_838' title='bbox 3355 4901 3507 4971; x_wconf 79' lang='lat' dir='ltr'><strong>Jeju-</strong></span> 
     </span>
    </p>
   </div>
   <div class='ocr_carea' id='block_1_113' title="bbox 1906 4964 3511 5038">
    <p class='ocr_par' dir='ltr' id='par_1_113' title="bbox 1906 4964 3511 5038">
     <span class='ocr_line' id='line_1_113' title="bbox 1906 4964 3511 5038; baseline 0.006 -17"><span class='ocrx_word' id='word_1_839' title='bbox 1906 4967 2013 5021; x_wconf 88' lang='lat' dir='ltr'><strong>niis</strong></span> <span class='ocrx_word' id='word_1_840' title='bbox 2041 4982 2198 5034; x_wconf 86' lang='lat' dir='ltr'><strong>capp.</strong></span> <span class='ocrx_word' id='word_1_841' title='bbox 2229 4967 2263 5021; x_wconf 78' lang='grc'><strong>5</strong></span> <span class='ocrx_word' id='word_1_842' title='bbox 2288 4975 2339 5019; x_wconf 91' lang='lat' dir='ltr'><strong>et</strong></span> <span class='ocrx_word' id='word_1_843' title='bbox 2362 4964 2684 5038; x_wconf 74' lang='lat' dir='ltr'><strong>4_expressa</strong></span> <span class='ocrx_word' id='word_1_844' title='bbox 2710 4976 2858 5038; x_wconf 75' lang='lat' dir='ltr'><strong>sunt,</strong></span> <span class='ocrx_word' id='word_1_845' title='bbox 2889 4984 3011 5038; x_wconf 73' lang='lat' dir='ltr'><strong>qua:</strong></span> <span class='ocrx_word' id='word_1_846' title='bbox 3035 4970 3314 5025; x_wconf 88' lang='lat' dir='ltr'><strong>studiosus</strong></span> <span class='ocrx_word' id='word_1_847' title='bbox 3340 4964 3511 5029; x_wconf 72' lang='lat' dir='ltr'><strong>lerior</strong></span> 
     </span>
    </p>
   </div>
   <div class='ocr_carea' id='block_1_114' title="bbox 1904 5035 3508 5113">
    <p class='ocr_par' dir='ltr' id='par_1_114' title="bbox 1904 5035 3508 5113">
     <span class='ocr_line' id='line_1_114' title="bbox 1904 5035 3508 5113; baseline 0.006 -20"><span class='ocrx_word' id='word_1_848' title='bbox 1904 5038 2159 5113; x_wconf 79' lang='lat' dir='ltr'><strong>conieire</strong></span> <span class='ocrx_word' id='word_1_849' title='bbox 2207 5051 2304 5107; x_wconf 85' lang='lat' dir='ltr'><strong>per</strong></span> <span class='ocrx_word' id='word_1_850' title='bbox 2349 5035 2517 5089; x_wconf 89' lang='lat' dir='ltr'><strong>otium</strong></span> <span class='ocrx_word' id='word_1_851' title='bbox 2566 5037 2783 5104; x_wconf 88' lang='lat' dir='ltr'><strong>poterit.</strong></span> <span class='ocrx_word' id='word_1_852' title='bbox 2819 5035 2929 5093; x_wconf 86' lang='lat' dir='ltr'><strong>Nos</strong></span> <span class='ocrx_word' id='word_1_853' title='bbox 2975 5044 3223 5113; x_wconf 62' lang='lat' dir='ltr'><strong>quaedam</strong></span> <span class='ocrx_word' id='word_1_854' title='bbox 3276 5044 3508 5103; x_wconf 87' lang='lat' dir='ltr'><strong>subinde</strong></span> 
     </span>
    </p>
   </div>
   <div class='ocr_carea' id='block_1_115' title="bbox 1905 5110 2311 5164">
    <p class='ocr_par' dir='ltr' id='par_1_115' title="bbox 1905 5110 2311 5164">
     <span class='ocr_line' id='line_1_115' title="bbox 1905 5110 2311 5164; baseline -0.012 0"><span class='ocrx_word' id='word_1_855' title='bbox 1905 5119 2101 5164; x_wconf 83' lang='lat' dir='ltr'><strong>annota</strong></span> <span class='ocrx_word' id='word_1_856' title='bbox 2112 5110 2311 5163; x_wconf 86' lang='lat' dir='ltr'><strong>bimus.</strong></span> 
     </span>
    </p>
   </div>
   <div class='ocr_carea' id='block_1_116' title="bbox 1984 5177 3510 5259">
    <p class='ocr_par' dir='ltr' id='par_1_116' title="bbox 1984 5177 3510 5259">
     <span class='ocr_line' id='line_1_116' title="bbox 1984 5177 3510 5259; baseline 0.009 -29"><span class='ocrx_word' id='word_1_857' title='bbox 1984 5180 2001 5217; x_wconf 69' lang='grc' dir='ltr'><em>ι</em></span> <span class='ocrx_word' id='word_1_858' title='bbox 2044 5180 2185 5259; x_wconf 83' lang='lat' dir='ltr'><strong>(_)_lim</strong></span> <span class='ocrx_word' id='word_1_859' title='bbox 2234 5186 2376 5259; x_wconf 74' lang='lat' dir='ltr'><strong>erat,</strong></span> <span class='ocrx_word' id='word_1_860' title='bbox 2407 5177 2703 5259; x_wconf 69' lang='lat' dir='ltr'><strong>desiderent</strong></span> <span class='ocrx_word' id='word_1_861' title='bbox 2729 5197 3038 5259; x_wconf 75' lang='lat' dir='ltr'><strong>magnopere</strong></span> <span class='ocrx_word' id='word_1_862' title='bbox 3061 5187 3203 5259; x_wconf 70' lang='lat' dir='ltr'><strong>quod</strong></span> <span class='ocrx_word' id='word_1_863' title='bbox 3249 5205 3351 5243; x_wconf 86' lang='lat' dir='ltr'><strong>non</strong></span> <span class='ocrx_word' id='word_1_864' title='bbox 3383 5188 3510 5243; x_wconf 83' lang='lat' dir='ltr'><strong>lice-</strong></span> 
     </span>
    </p>
   </div>
   <div class='ocr_carea' id='block_1_117' title="bbox 1910 5250 3513 5328">
    <p class='ocr_par' dir='ltr' id='par_1_117' title="bbox 1910 5250 3513 5328">
     <span class='ocr_line' id='line_1_117' title="bbox 1910 5250 3513 5328; baseline 0.007 -25"><span class='ocrx_word' id='word_1_865' title='bbox 1910 5254 2016 5328; x_wconf 79' lang='lat' dir='ltr'><strong>bat.</strong></span> <span class='ocrx_word' id='word_1_866' title='bbox 2052 5250 2172 5328; x_wconf 56' lang='lat' dir='ltr'><strong>Mox</strong></span> <span class='ocrx_word' id='word_1_867' title='bbox 2206 5250 2361 5328; x_wconf 83' lang='lat' dir='ltr'><strong>addit</strong></span> <span class='ocrx_word' id='word_1_868' title='bbox 2387 5259 2544 5328; x_wconf 77' lang='lat' dir='ltr'><strong>vetns</strong></span> <span class='ocrx_word' id='word_1_869' title='bbox 2572 5253 2769 5328; x_wconf 77' lang='lat' dir='ltr'><strong>editio,</strong></span> <span class='ocrx_word' id='word_1_870' title='bbox 2804 5250 3109 5328; x_wconf 66' lang='lat' dir='ltr'><strong>imperaturi:</strong></span> <span class='ocrx_word' id='word_1_871' title='bbox 3132 5250 3201 5313; x_wconf 71' lang='lat' dir='ltr'><strong>de</strong></span> <span class='ocrx_word' id='word_1_872' title='bbox 3234 5260 3513 5316; x_wconf 84' lang='lat' dir='ltr'><strong>immundis</strong></span> 
     </span>
    </p>
   </div>
   <div class='ocr_carea' id='block_1_118' title="bbox 1908 5322 2624 5395">
    <p class='ocr_par' dir='ltr' id='par_1_118' title="bbox 1908 5322 2624 5395">
     <span class='ocr_line' id='line_1_118' title="bbox 1908 5322 2624 5395; baseline -0.001 -17"><span class='ocrx_word' id='word_1_873' title='bbox 1908 5322 2225 5395; x_wconf 75' lang='lat' dir='ltr'><strong>animalibus</strong></span> <span class='ocrx_word' id='word_1_874' title='bbox 2245 5324 2511 5395; x_wconf 73' lang='lat' dir='ltr'><strong>jejunium</strong></span> <span class='ocrx_word' id='word_1_875' title='bbox 2539 5324 2624 5377; x_wconf 79' lang='lat' dir='ltr'><strong>sit.</strong></span> 
     </span>
    </p>
   </div>
   <div class='ocr_carea' id='block_1_119' title="bbox 1988 5394 3515 5469">
    <p class='ocr_par' dir='ltr' id='par_1_119' title="bbox 1988 5394 3515 5469">
     <span class='ocr_line' id='line_1_119' title="bbox 1988 5394 3515 5469; baseline 0.007 -22"><span class='ocrx_word' id='word_1_876' title='bbox 1988 5405 2011 5440; x_wconf 79' lang='grc' dir='ltr'><strong>ις</strong></span> <span class='ocrx_word' id='word_1_877' title='bbox 2050 5394 2286 5469; x_wconf 61' lang='lat' dir='ltr'><strong>gravius</strong></span> <span class='ocrx_word' id='word_1_878' title='bbox 2313 5405 2360 5447; x_wconf 87' lang='lat' dir='ltr'><strong>et</strong></span> <span class='ocrx_word' id='word_1_879' title='bbox 2387 5411 2631 5469; x_wconf 69' lang='lat' dir='ltr'><strong>pepones,</strong></span> <span class='ocrx_word' id='word_1_880' title='bbox 2664 5406 2710 5449; x_wconf 90' lang='lat' dir='ltr'><strong>et</strong></span> <span class='ocrx_word' id='word_1_881' title='bbox 2744 5414 2948 5469; x_wconf 76' lang='lat' dir='ltr'><strong>porros,</strong></span> <span class='ocrx_word' id='word_1_882' title='bbox 2973 5400 3221 5469; x_wconf 79' lang='lat' dir='ltr'><strong>alliaquc,</strong></span> <span class='ocrx_word' id='word_1_883' title='bbox 3248 5409 3356 5454; x_wconf 91' lang='lat' dir='ltr'><strong>etc.</strong></span> <span class='ocrx_word' id='word_1_884' title='bbox 3392 5400 3515 5458; x_wconf 81' lang='lat' dir='ltr'><strong>Mox</strong></span> 
     </span>
    </p>
   </div>
   <div class='ocr_carea' id='block_1_120' title="bbox 1913 5464 3519 5541">
    <p class='ocr_par' dir='ltr' id='par_1_120' title="bbox 1913 5464 3519 5541">
     <span class='ocr_line' id='line_1_120' title="bbox 1913 5464 3519 5541; baseline 0.005 -21"><span class='ocrx_word' id='word_1_885' title='bbox 1913 5480 2015 5538; x_wconf 92' lang='lat' dir='ltr'><strong>pro</strong></span> <span class='ocrx_word' id='word_1_886' title='bbox 2038 5464 2264 5541; x_wconf 57' lang='lat' dir='ltr'><strong>Domino</strong></span> <span class='ocrx_word' id='word_1_887' title='bbox 2287 5464 2401 5519; x_wconf 84' lang='lat' dir='ltr'><strong>erat</strong></span> <span class='ocrx_word' id='word_1_888' title='bbox 2430 5464 2560 5530; x_wconf 88' lang='lat' dir='ltr'><strong>Deo,</strong></span> <span class='ocrx_word' id='word_1_889' title='bbox 2594 5464 2785 5521; x_wconf 78' lang='lat' dir='ltr'><strong>contra</strong></span> <span class='ocrx_word' id='word_1_890' title='bbox 2810 5464 3128 5541; x_wconf 69' lang='lat' dir='ltr'><strong>Hieronym.</strong></span> <span class='ocrx_word' id='word_1_891' title='bbox 3156 5484 3286 5523; x_wconf 90' lang='lat' dir='ltr'><strong>mss.</strong></span> <span class='ocrx_word' id='word_1_892' title='bbox 3314 5470 3519 5541; x_wconf 68' lang='lat' dir='ltr'><strong>ipsum-</strong></span> 
     </span>
    </p>
   </div>
   <div class='ocr_carea' id='block_1_121' title="bbox 1916 5538 2613 5610">
    <p class='ocr_par' dir='ltr' id='par_1_121' title="bbox 1916 5538 2613 5610">
     <span class='ocr_line' id='line_1_121' title="bbox 1916 5538 2613 5610; baseline 0 -19"><span class='ocrx_word' id='word_1_893' title='bbox 1916 5554 2023 5610; x_wconf 81' lang='lat' dir='ltr'><strong>que</strong></span> <span class='ocrx_word' id='word_1_894' title='bbox 2050 5538 2348 5610; x_wconf 78' lang='lat' dir='ltr'><strong>Scriptura:</strong></span> <span class='ocrx_word' id='word_1_895' title='bbox 2382 5548 2613 5610; x_wconf 74' lang='lat' dir='ltr'><strong>textum.</strong></span> 
     </span>
    </p>
   </div>
   <div class='ocr_carea' id='block_1_122' title="bbox 1997 5606 3521 5686">
    <p class='ocr_par' dir='ltr' id='par_1_122' title="bbox 1997 5606 3521 5686">
     <span class='ocr_line' id='line_1_122' title="bbox 1997 5606 3521 5686; baseline 0.005 -25"><span class='ocrx_word' id='word_1_896' title='bbox 1997 5606 2023 5686; x_wconf 62' lang='grc' dir='ltr'><strong>ξι</strong></span> <span class='ocrx_word' id='word_1_897' title='bbox 2067 5606 2345 5686; x_wconf 77' lang='lat' dir='ltr'><strong>Victorius</strong></span> <span class='ocrx_word' id='word_1_898' title='bbox 2390 5611 2531 5686; x_wconf 79' lang='lat' dir='ltr'><strong>qno_i_t</strong></span> <span class='ocrx_word' id='word_1_899' title='bbox 2570 5608 2774 5686; x_wconf 63' lang='lat' dir='ltr'><strong>Latine</strong></span> <span class='ocrx_word' id='word_1_900' title='bbox 2812 5620 3000 5686; x_wconf 73' lang='lat' dir='ltr'><strong>_ves_ce_t</strong></span> <span class='ocrx_word' id='word_1_901' title='bbox 3032 5615 3521 5686; x_wconf 23' lang='lat' dir='ltr'><strong>non‘reperiatur,</strong></span> 
     </span>
    </p>
   </div>
   <div class='ocr_carea' id='block_1_123' title="bbox 1926 5680 3518 5749">
    <p class='ocr_par' dir='ltr' id='par_1_123' title="bbox 1926 5680 3518 5749">
     <span class='ocr_line' id='line_1_123' title="bbox 1926 5680 3518 5749; baseline 0.006 -14"><span class='ocrx_word' id='word_1_902' title='bbox 1926 5681 2212 5735; x_wconf 73' lang='lat' dir='ltr'><strong>substituit</strong></span> <span class='ocrx_word' id='word_1_903' title='bbox 2244 5690 2436 5749; x_wconf 87' lang='lat' dir='ltr'><strong>pascet.</strong></span> <span class='ocrx_word' id='word_1_904' title='bbox 2480 5680 2707 5745; x_wconf 72' lang='lat' dir='ltr'><strong>Vulgata</strong></span> <span class='ocrx_word' id='word_1_905' title='bbox 2738 5680 2850 5747; x_wconf 83' lang='lat' dir='ltr'><strong>quis</strong></span> <span class='ocrx_word' id='word_1_906' title='bbox 2881 5680 3020 5734; x_wconf 81' lang='lat' dir='ltr'><strong>dabit</strong></span> <span class='ocrx_word' id='word_1_907' title='bbox 3051 5683 3197 5737; x_wconf 87' lang='lat' dir='ltr'><strong>nobis</strong></span> <span class='ocrx_word' id='word_1_908' title='bbox 3224 5680 3292 5737; x_wconf 77' lang='lat' dir='ltr'><strong>ad</strong></span> <span class='ocrx_word' id='word_1_909' title='bbox 3319 5680 3518 5745; x_wconf 48' lang='lat' dir='ltr'><strong>veterni</strong></span> 
     </span>
    </p>
   </div>
   <div class='ocr_carea' id='block_1_124' title="bbox 1930 5751 3523 5822">
    <p class='ocr_par' dir='ltr' id='par_1_124' title="bbox 1930 5751 3523 5822">
     <span class='ocr_line' id='line_1_124' title="bbox 1930 5751 3523 5822; baseline 0.008 -17"><span class='ocrx_word' id='word_1_910' title='bbox 1930 5752 2098 5822; x_wconf 72' lang='lat' dir='ltr'><strong>dum?</strong></span> <span class='ocrx_word' id='word_1_911' title='bbox 2120 5751 2174 5805; x_wconf 86' lang='lat' dir='ltr'><strong>In</strong></span> <span class='ocrx_word' id='word_1_912' title='bbox 2210 5751 2315 5803; x_wconf 86' lang='lat' dir='ltr'><strong>line</strong></span> <span class='ocrx_word' id='word_1_913' title='bbox 2343 5751 2637 5822; x_wconf 82' lang='lat' dir='ltr'><strong>testimonii</strong></span> <span class='ocrx_word' id='word_1_914' title='bbox 2671 5751 2894 5822; x_wconf 78' lang='lat' dir='ltr'><strong>verbum</strong></span> <span class='ocrx_word' id='word_1_915' title='bbox 2925 5755 3245 5822; x_wconf 82' lang='lat' dir='ltr'><strong>conspiciunt</strong></span> <span class='ocrx_word' id='word_1_916' title='bbox 3271 5773 3377 5813; x_wconf 88' lang='lat' dir='ltr'><strong>non</strong></span> <span class='ocrx_word' id='word_1_917' title='bbox 3425 5760 3523 5817; x_wconf 85' lang='lat' dir='ltr'><strong>ha-</strong></span> 
     </span>
    </p>
   </div>
   <div class='ocr_carea' id='block_1_125' title="bbox 1936 5818 3522 5889">
    <p class='ocr_par' dir='ltr' id='par_1_125' title="bbox 1936 5818 3522 5889">
     <span class='ocr_line' id='line_1_125' title="bbox 1936 5818 3522 5889; baseline 0.009 -15"><span class='ocrx_word' id='word_1_918' title='bbox 1936 5823 2031 5879; x_wconf 88' lang='lat' dir='ltr'><strong>bet</strong></span> <span class='ocrx_word' id='word_1_919' title='bbox 2057 5821 2390 5878; x_wconf 81' lang='lat' dir='ltr'><strong>Veronensis</strong></span> <span class='ocrx_word' id='word_1_920' title='bbox 2416 5820 2573 5887; x_wconf 86' lang='lat' dir='ltr'><strong>liber,</strong></span> <span class='ocrx_word' id='word_1_921' title='bbox 2599 5820 2693 5877; x_wconf 92' lang='lat' dir='ltr'><strong>sed</strong></span> <span class='ocrx_word' id='word_1_922' title='bbox 2718 5818 2848 5875; x_wconf 81' lang='lat' dir='ltr'><strong>nihil</strong></span> <span class='ocrx_word' id='word_1_923' title='bbox 2869 5822 2969 5879; x_wconf 87' lang='lat' dir='ltr'><strong>nisi</strong></span> <span class='ocrx_word' id='word_1_924' title='bbox 2984 5818 3173 5880; x_wconf 78' lang='lat' dir='ltr'><strong>manna</strong></span> <span class='ocrx_word' id='word_1_925' title='bbox 3186 5827 3322 5884; x_wconf 84' lang='lat' dir='ltr'><strong>oculi</strong></span> <span class='ocrx_word' id='word_1_926' title='bbox 3338 5836 3522 5889; x_wconf 85' lang='lat' dir='ltr'><strong>nostri.</strong></span> 
     </span>
    </p>
   </div>
  </div>
