4062 6400
314 401 383 457 309
1230 391 1607 449 ADVERSUS
1644 391 2060 449 ιογιΝιΑΝυιι
2103 392 2228 448 LIB.
2274 394 2337 449 11.

3324 398 3427 453 510

306 520 370 571 nio
397 517 501 581 iacit,
534 517 680 580 dicens,
724 514 855 582 Quia
886 522 909 549 ³
942 514 1163 565 cinerem
1216 521 1479 575 tamquam
1534 527 1719 580 partem
1748 514 1797 572 Α
1826 512 1953 564 tiam
2007 510 2241 564 luxuriae
2269 552 2282 571 ,
2330 510 2535 580 jejunia
2599 510 2938 580 pra~letiutus
2991 513 3282 567 saturitati.
3336 513 3428 565 i'ir

301 610 578 674 inauditcabau,
608 618 641 664 ei
677 618 843 676 potum
891 621 1058 659 meum
1108 620 1224 658 cum
1277 604 1401 672 ﬂetu
1446 603 1718 656 miscebant!

296 708 311 775 (
325 704 467 759 Psalm.
492 720 542 769 et,
568 704 651 771 i0).
683 703 761 761 Et.
786 701 1059 763 Infirmata
1096 701 1289 753 suntin
1310 700 1519 771 jejunio
1546 716 1719 769 genua

289 814 371 851 mea
395 795 523 866 (Psnl.
546 811 649 855 Ct‘ili,
671 794 788 864 ει).
820 794 982 865 350
1000 794 1061 845 Et
1088 802 1240 847 certe
1268 792 1379 858 jam
1407 791 1657 845 audierat
1686 806 1718 845 u

281 890 439 944 Natban
461 907 472 943 :
492 888 669 942 Dentibus
690 884 897 939 abstulit
925 902 956 937 a
980 895 1027 939 te
1068 885 1164 937 hoc
1192 893 1455 954 peccatum
1485 882 1557 954 (ll
1582 882 1712 953 Reg.

274 998 345 1047 xu,
375 984 461 1053 i5).
488 982 653 1037 SautSun
685 988 735 1033 ct
764 978 982 1032 Samuel
1019 978 1205 1030 vinum
1249 987 1303 1030 et
1341 976 1572 1030 SiCeram
1605 990 1715 1029 non

269 1075 425 1129 bibunt.
450 1074 572 1128 Erant
592 1074 710 1127 enim
740 1071 834 1125 ﬁlii
868 1070 1333 1139 repromissionis,
1381 1078 1437 1123 et
1466 1084 1562 1137 per
1588 1068 1715 1122 abs-

265 1171 475 1223 tinentiam
505 1168 826 1237 jejuniumque
873 1166 1146 1233 concepti.
1200 1165 1380 1218 Aaron
1430 1173 1483 1216 et
1533 1159 1717 1215 ctetcri

256 1262 494 1317 sacerdotes
518 1260 769 1330 ingressuri
800 1259 1111 1327 Templum.
1145 1272 1305 1311 omne
1339 1256 1483 1325 quod
1534 1261 1720 1324 potest

250 1356 458 1410 inebriare
478 1371 557 1409 non
584 1363 768 1424 potant,
798 1369 867 1407 ne
892 1353 1196 1406 moriantur
1228 1351 1247 1421 (
1269 1350 1436 1403 Exod.
1461 1348 1550 1416 ι).
1584 1347 1610 1386 b
1639 1347 1715 1403 Ex

243 1463 325 1517 quo
349 1446 627 1514 intelligimus
660 1445 796 1499 mori
839 1459 955 1503 eos.
1001 1442 1090 1513 qtti
1124 1442 1175 1496 in
1207 1441 1455 1495 Ecclesia
1488 1456 1594 1494 non
1631 1454 1722 1492 so-

238 1539 317 1593 brii
351 1540 660 1594 ministrarint.
705 1538 1077 1605 Quamobrem
1108 1535 1471 1604 exprobratur
1508 1534 1719 1599 lsraeli,

230 1634 387 1687 Polum
411 1635 570 1687 dabalis
595 1633 852 1688 Nazarteis
883 1632 1012 1685 meis
1064 1632 1239 1685 vinum
1262 1633 1280 1699 (
1297 1631 1451 1683 Amos
1480 1645 1537 1693 tt,
1582 1629 1681 1699 12)
1702 1669 1715 1682 .

221 1727 442 1792 Jonadab,
479 1728 591 1782 illius
618 1726 850 1787 Rechab,
888 1726 1146 1794 pnecepit
1179 1723 1306 1777 iiiiis
1334 1724 1469 1785 suis,
1520 1732 1580 1777 ut
1608 1737 1715 1777 non

217 1816 421 1872 biberent
442 1817 588 1873 vinum
614 1833 771 1887 usque
794 1818 847 1871 in
880 1825 1169 1872 mternum.
1198 1814 1410 1883 Quibus
1437 1830 1559 1869 cmn
1583 1827 1603 1849 ε
1632 1814 1721 1868 oi-

1824 606 2013 675 quippe
2048 606 2102 658 in
2132 604 2397 659 laboribus
2426 607 2625 659 laborat
2656 607 2776 665 sibi,
2819 618 2863 659 et
2894 609 2993 660 vim
3022 610 3146 678 facit
3176 613 3228 660 iis
3250 608 3430 660 interi-

1824 708 1930 749 tum
1968 713 2117 751 suum
2150 697 2333 769 (Prov.
2372 714 2495 763 xvi,
2527 698 2617 761 96,
2668 715 2770 751 sec.
2806 699 2994 767 LXX).
3028 700 3113 765 Et,
3165 700 3208 752 Α
3248 698 3428 752 diebus

1820 790 2042 844 Joannis
2070 790 2321 858 Baptista:
2352 793 2698 861 (jejunutoris
2727 805 2777 845 et
2811 794 3063 862 virginis;
3090 808 3307 863 regnum
3328 808 3429 845 ca:-

1824 884 1991 935 lorum
2032 885 2132 936 vim
2162 887 2378 951 patitur,
2411 897 2457 936 et
2488 886 2698 938 violenti
2738 886 2991 955 diripiunt
3032 886 3164 938 illud
3207 884 3428 951 (Matth.

1824 989 1902 1038 ιι,
1928 973 2037 1045 ίίὶ).
2067 974 2342 1029 Timemus
2369 979 2535 1037 cnim,
2560 994 2628 1032 ne
2650 979 2716 1031 ab
2738 979 2973 1031 adventu
2996 978 3182 1032 :cterni
3205 977 3427 1044 iudicis.

1822 1068 1960 1122 sicut
2006 1069 2059 1123 in
2086 1070 2281 1124 diebus
2306 1071 2497 1125 Diluvii
2516 1115 2529 1137 ,
2555 1083 2609 1126 et
2633 1073 2938 1127 eversionis
2965 1072 3073 1142 [ΑΙ.
3113 1071 3427 1142 eversione]

1828 1160 2081 1218 Sodomae
2115 1176 2167 1218 et
2198 1165 2517 1219 Gomorrhm
2537 1208 2551 1231 ,
2582 1167 3059 1235 deprehendantur
3090 1166 3427 1220 manducan-

1828 1270 1940 1325 tes,
1989 1272 2042 1316 et
2072 1262 2317 1317 bibentes
2340 1305 2353 1325 ,
2382 1272 2437 1318 et
2466 1264 2764 1325 nubentes.
2798 1275 2852 1317 et
2881 1264 3069 1331 nuptui
3112 1262 3422 1317 tradentes.

1824 1354 1956 1409 Nam
1988 1365 2042 1409 et
2071 1356 2363 1419 Diluvium,
2400 1368 2453 1412 et
2482 1358 2621 1426 ignis
2650 1359 2718 1413 de
2749 1358 2889 1413 coelo
2919 1358 3258 1411 saturitatem
3283 1358 3430 1426 pari-

1826 1458 1928 1512 ter,
1957 1459 2013 1505 et
2044 1451 2261 1517 nuptias
2288 1468 2420 1520 quas
2445 1452 2653 1507 deleret
2681 1454 2906 1507 invenit.
2934 1452 3042 1506 Nec
3074 1454 3293 1517 mirum,
3328 1452 3347 1490 ί
3383 1453 3429 1507 si

1824 1555 1984 1595 omne
2014 1540 2156 1610 quod
2212 1542 2264 1595 in
2307 1544 2533 1597 macello
2560 1543 2833 1607 venditur,
2864 1544 3151 1613 apostolus
3195 1546 3301 1598 emi
3334 1545 3425 1613 ju~

1822 1634 1963 1697 beat,
2001 1644 2051 1688 et
2085 1636 2296 1689 comedi
2330 1636 2371 1707 (l
2403 1637 2523 1690 Cor.
2558 1640 2611 1703 χ)
2638 1656 2649 1689 :
2680 1654 2801 1690 cum
2836 1638 3139 1692 idololatris
3167 1645 3222 1692 et
3250 1637 3427 1691 adhuc

1826 1730 1878 1781 in
1925 1730 2147 1793 templis
2177 1730 2485 1797 idolorum,
2520 1733 2672 1800 quasi
2710 1732 3010 1801 idolmhyta
3040 1734 3389 1787 vescentibus
3413 1776 3427 1795 ,

1824 1837 1920 1892 pro
1943 1839 2149 1878 summa
2175 1825 2500 1879 abstinentia
2533 1825 2714 1890 fuerit,
2749 1826 2885 1880 cibis
2918 1835 3123 1879 tantum
3152 1825 3428 1881 abstinere

210 1911 349 1965 ferret
396 1911 619 1965 Jeretnias
655 1912 838 1965 viuum
888 1920 947 1963 ut
991 1910 1264 1974 biberent,
1310 1916 1365 1963 et
1407 1907 1485 1961 illi
1524 1908 1714 1962 bibere
1746 1910 1792 1969 Β
1818 1914 2112 1969 Gentilium
2142 1916 2182 1985 (Ι
2215 1915 2335 1969 Cor.
2368 1917 2446 1984 κ).
2479 1917 2633 1982 Quod
2658 1917 2704 1970 si
2736 1917 2976 1986 loquitur
3007 1916 3071 1971 ad
3110 1919 3384 1973 ilomanos
3412 1935 3425 1970 :

206 2005 487 2069 noluissent,
516 2005 727 2074 loquitur
758 2004 1024 2057 Dominus
1064 2017 1158 2071 per
1187 2001 1517 2069 Prophetam
1547 2017 1559 2053 :
1584 2000 1722 2065 Quia

199 2100 413 2153 obedistis
438 2110 661 2170 pracepto
684 2097 929 2151 Ionadab
970 2098 1131 2166 patris
1168 2096 1341 2159 vestri,
1373 2110 1473 2146 non
1517 2093 1724 2161 deﬁciet

190 2190 255 2241 vir
280 2190 337 2241 de
360 2192 503 2257 stirpe
528 2187 750 2240 Ionadab
786 2187 882 2252 filii
922 2186 1150 2249 Rechab,
1187 2196 1327 2238 stans
1366 2186 1418 2236 in
1451 2194 1726 2250 conspectu

181 2297 284 2333 utea
331 2281 511 2333 cunctis
548 2278 711 2333 diebus
738 2279 755 2349 (
780 2279 977 2332 Jerem.
1030 2293 1196 2340 xxxv,
1235 2276 1324 2346 8).
1354 2273 1381 2313 ά
1424 2275 1479 2329 In
1521 2276 1728 2335 foribus

178 2373 460 2442 Evangelii,
492 2371 632 2427 Anna
676 2372 781 2425 tilia
829 2371 1124 2426 Phanuelis
1156 2371 1372 2425 univira
1416 2370 1726 2438 inducitur,

173 2478 477 2534 semperque
521 2463 796 2532 ieiunans;
847 2473 903 2519 et
944 2463 1232 2517 Dominum
1265 2463 1530 2531 virginem
1569 2463 1728 2533 longa

169 2558 374 2609 castitas
414 2554 665 2624 longaque
684 2556 888 2624 jejunia
918 2569 1232 2626 suscepere.
1264 2555 1584 2608 Praecursor
1610 2554 1730 2622 eius

165 2658 210 2703 et
242 2663 415 2716 [περιτο
435 2658 456 2685 ο
477 2647 704 2701 Joannes
728 2648 957 2701 locustis
981 2649 1167 2712 alitur,
1200 2657 1252 2700 et
1274 2647 1512 2702 silvestri
1544 2648 1728 2714 melle,

161 2755 256 2793 non
301 2740 589 2795 carnibus:
626 2740 997 2808 habitatioque
1039 2740 1244 2794 deserti
1295 2748 1350 2793 et
1404 2739 1728 2793 incunabula

160 2834 542 2897 ilonacborum,
580 2834 772 2887 talibus
805 2833 1131 2888 inchoantur
1174 2834 1468 2887 alimentis.
1523 2833 1629 2889 Sed
1678 2842 1732 2887 et

158 2942 255 2994 ipse
307 2926 561 2979 Dominus
594 2927 863 2996 baptisma
905 2940 1062 2980 suum
1112 2925 1468 2995 quadraginta
1518 2926 1729 2980 dierum

161 3021 339 3088 ejunio
383 3020 687 3085 dedicavit;
730 3032 785 3075 ct
834 3021 1045 3074 acriora
1079 3020 1345 3074 dmmonia
1393 3019 1580 3073 docuit
1620 3034 1729 3074 non

160 3113 233 3164 nisi
264 3113 515 3167 oratione
560 3121 615 3167 et
654 3110 882 3181 jejuniis
922 3125 1084 3179 posse
1126 3111 1397 3179 superari.
1436 3110 1731 3164 Cornelius

162 3206 395 3269 unturio,
432 3214 492 3258 ut
525 3204 791 3273 Spiritum
823 3210 1074 3257 sanctum
1106 3203 1386 3269 acciperet
1436 3207 1730 3269 antequam

1823 2005 1878 2059 Is
1907 2009 1994 2075 qui
2026 2007 2305 2060 manducat
2328 2050 2341 2069 ,
2377 2025 2478 2061 non
2507 2009 2904 2061 manducantem
2952 2024 3056 2062 non
3097 2021 3308 2080 spernat
3335 2027 3351 2063 :
3380 2018 3429 2063 et

1823 2099 1909 2166 qui
1954 2115 2057 2151 non
2085 2099 2395 2161 manducet,
2434 2108 2835 2152 manducantem
2881 2116 2983 2151 non
3005 2101 3207 2170 judicet
3246 2100 3425 2169 (Rom.

1828 2204 1936 2252 xw,
1983 2189 2072 2257 3);
2130 2205 2235 2242 non
2287 2191 2430 2242 inter
2469 2190 2671 2257 jejunia
2714 2200 2767 2242 et
2813 2191 3155 2244 saturitatem
3205 2192 3433 2259 :vqualia

1828 2281 2021 2334 merita
2068 2281 2377 2349 dispensat;
2413 2280 2509 2334 sed
2554 2289 2745 2333 contra
2799 2296 2894 2333 eos
2946 2282 3205 2348 loquitur,
3239 2283 3328 2349 qui
3379 2280 3433 2335 in

1828 2370 2105 2425 Christum
2137 2372 2426 2425 credentes
2446 2412 2460 2433 ,
2490 2372 2667 2425 adhuc
2708 2371 3062 2439 judaizabant
3089 2388 3102 2425 :
3133 2383 3185 2427 et
3217 2388 3313 2427 eos
3340 2374 3433 2442 qui

1832 2480 1895 2518 ex
1929 2463 2194 2518 Gentibus
2216 2463 2323 2535 [ΑΙ.
2356 2462 2670 2534 gentilibus]
2699 2464 3080 2527 crediderant,
3114 2477 3329 2529 mouet,
3364 2480 3434 2522 ne

1833 2556 2201 2610 scandalizent
2233 2556 2355 2610 illos
2396 2556 2519 2610 cibo
2558 2571 2688 2620 suo,
2721 2557 2816 2627 qui
2858 2556 3036 2611 adimo
3064 2559 3114 2611 in
3149 2559 3253 2611 tlde
3284 2560 3433 2612 inﬁr-

1834 2649 2036 2702 miores
2057 2656 2229 2702 erant.
2260 2648 2500 2717 Denique
2531 2650 2661 2703 etin
2686 2650 3145 2718 consequentibus
3168 2650 3274 2721 [ΑΙ.
3299 2666 3433 2704 con-

1834 2739 2157 2811 tinentibus]
2192 2740 2291 2793 hoc
2324 2740 2500 2809 ipsum
2529 2751 2721 2794 sonat:
2750 2742 2875 2795 Scio
2926 2752 2973 2793 et
3004 2743 3212 2811 conﬁdo
3238 2745 3289 2795 in
3326 2743 3435 2796 Do.

1834 2836 1974 2889 mino
1998 2835 2149 2897 Jesu,
2191 2835 2329 2903 quod
2367 2834 2501 2887 nihil
2528 2850 2802 2889 commune
2830 2853 2922 2906 per
2948 2840 3174 2907 seipsum
3200 2847 3302 2902 est,
3340 2838 3441 2891 nisi

1834 2931 1907 2992 ei,
1958 2932 2047 2997 qui
2088 2929 2352 2982 existimat
2394 2926 2521 2997 quid
2563 2944 2830 2981 commune
2870 2944 3008 2994 esse,
3041 2930 3123 2981 illi
3168 2944 3436 2982 commune

1833 3032 1929 3075 est.
1974 3021 2035 3075 Si
2075 3021 2209 3075 enim
2241 3028 2455 3091 propter
2494 3021 2664 3073 cibum
2709 3024 2873 3090 frater
2907 3031 3028 3073 tuus
3070 3022 3429 3085 contristatur,

1823 3118 1943 3183 jam
1974 3130 2074 3166 non
2116 3112 2393 3167 secundum
2421 3113 2730 3165 charitatem
2756 3110 3013 3165 ambulas.
3050 3110 3177 3165 Noli
3204 3113 3318 3165 cibo
3350 3122 3437 3165 tuo

1834 3207 1981 3263 illum
2009 3207 2242 3277 perdere,
2267 3222 2363 3277 pro
2387 3222 2488 3274 quo
2514 3204 2753 3261 Christus
2780 3216 3016 3260 mortuus
3041 3219 3135 3265 est.
3167 3205 3288 3259 Non
3316 3222 3439 3278 ergo

160 3299 421 3367 :tptisma,
459 3296 832 3366 cieemosynis
880 3294 1101 3360 meruit,
1133 3292 1449 3361 crebrisque
1486 3292 1727 3360 jejuniis.

1838 3300 2219 3367 blasphematur
2261 3300 2451 3351 bonum
2488 3310 2739 3352 nostrum.
2774 3299 2897 3353 Non
2925 3310 3001 3352 est
3041 3300 3176 3353 enim
3217 3315 3436 3369 regnum

158 3392 313 3444 auius
343 3390 653 3460 Apostolus
682 3398 804 3460 post
832 3388 1030 3442 famem
1053 3396 1107 3442 et
1135 3387 1303 3450 sitim,
1325 3395 1378 3440 et
1400 3394 1630 3441 caeteros
1658 3386 1733 3440 lac

162 3499 271 3538 ires
304 3498 467 3547 suos,
499 3494 553 3537 ct
588 3482 837 3552 pericula
866 3481 1165 3545 latronum,
1210 3477 1508 3547 naufragia,
1539 3479 1732 3531 solitu-

158 3592 259 3631 nes
284 3575 409 3648 [ΑΙ.
442 3574 724 3644 naufragii
748 3572 1097 3644 solitudinis]
1118 3615 1133 3637 ,
1156 3572 1350 3627 crebra
1372 3570 1576 3640 jejunia
1601 3586 1733 3625 cnn-

158 3681 296 3723 irat.
338 3670 412 3724 Et
453 3669 744 3737 discipulo
771 3667 1077 3723 Timothteo
1113 3666 1319 3721 dolenti
1363 3664 1730 3733 stomachum,

172 3764 560 3817 inﬁrmitates
594 3762 862 3831 plurimas
889 3759 1205 3821 sustinenti,
1249 3757 1443 3812 suadet
1478 3758 1584 3811 vini
1617 3772 1734 3810 mo-

156 3874 262 3911 iam
317 3857 633 3925 potionem
678 3874 689 3908 :
730 3854 849 3908 Jum
899 3856 1028 3918 noli,
1078 3854 1274 3923 inquit,
1326 3869 1511 3916 aquam
1564 3853 1733 3905 bibere

158 3954 249 4005 im.
285 3966 345 4012 ν,
378 3947 520 4020 15).
551 3948 661 4002 Cui
690 3956 867 4002 autem
901 3946 1185 4015 dicit,jam
1206 3944 1311 3998 noli
1337 3959 1523 4013 aquam
1541 3942 1729 4007 bibere,

154 4043 327 4097 endit
386 4058 530 4097 eum
566 4056 772 4107 aquam
830 4050 956 4092 ante
988 4047 1223 4106 potasse.
1255 4036 1409 4104 Quod
1443 4052 1548 4090 non
1599 4049 1732 4088 cou-

164 4145 323 4200 eret,
368 4135 488 4189 nisi
525 4132 753 4188 crebrae
784 4132 1131 4190 inﬁrmitates
1159 4139 1216 4185 et
1258 4130 1418 4185 dolor
1464 4128 1733 4185 stomachi

159 4235 502 4289 tttiassent.

156 4329 213 4381 6.
261 4325 565 4380 [heretici
594 4326 741 4378 cibos
767 4324 1099 4395 refugientes.
1128 4351 1200 4363 —
1224 4321 1497 4391 chrobat
1517 4320 1735 4390 quidem

166 4422 376 4476 stoius
416 4420 470 4492 (1
509 4419 670 4473 Tim.
712 4420 788 4485 tv)
824 4434 936 4483 eos,
974 4419 1062 4487 qui
1098 4416 1457 4485 prohibebant
1490 4416 1732 4484 nuptias.

154 4514 441 4567 iubebant
490 4510 625 4583 [ΑΙ.
683 4510 1006 4579 prohibeant
1045 4518 1099 4561 et
1137 4507 1382 4576 jubeant]
1410 4507 1569 4579 351
1600 4508 1735 4560 cibis

165 4609 353 4662 inero
376 4647 397 4669 ,
435 4620 614 4675 quos
650 4605 800 4658 Deus
830 4604 1035 4657 creavit
1067 4601 1133 4655 ad
1164 4600 1421 4653 utendum
1451 4615 1572 4652 cum
1617 4614 1737 4668 grao

156 4716 245 4752 tm
296 4701 566 4754 actione
607 4715 627 4751 :

158 4808 278 4858 tm,
325 4801 396 4847 et
433 4802 721 4847 caeteros
745 4791 1054 4853 hmreticos,
1077 4788 1168 4859 qui
1191 4786 1574 4841 abstinentiam
1600 4786 1736 4839 indi-

204 4898 623 4957 pcrpetnam
648 4928 665 4953 ,
702 4885 767 4938 ad
801 4882 1128 4939 deSIruenda
1162 4890 1215 4937 et
1245 4878 1640 4935 contemnenda
1685 4888 1738 4937 ct

158 4981 449 5036 tinanda
513 4995 718 5050 opera
751 4978 1049 5034 Creatoris.
1081 4975 1189 5033 Nos
1217 4986 1399 5030 autem
1434 4980 1739 5027 creaturam

155 5092 242 5130 ~m
288 5075 668 5129 laudamus
704 5072 801 5127 Dei
828 5091 841 5124 :
872 5080 924 5127 et
955 5071 1181 5125 maciem
1208 5066 1432 5137 saginae,
1466 5063 1742 5119 abstinen-

184 5235 323 5288 lias
347 5276 368 5296 ,
434 5242 513 5288 et
576 5232 644 5285 in
684 5230 899 5301 aliquot
936 5242 1091 5290 mss.,
1128 5226 1350 5280 cinerem
1392 5222 1526 5275 sicut
1556 5238 1744 5293 partem

167 5305 382 5358 :cnvi.

158 5394 207 5433 ετ
227 5383 375 5431 lem
419 5390 658 5443 prope
695 5373 881 5426 Verbis
908 5369 1281 5443 Tertullianus
1304 5410 1320 5433 ,
1350 5367 1490 5443 Adeo
1518 5365 1742 5419 morien-

162 5454 217 5500 ‘li
256 5441 659 5500 non'sobrii
688 5446 744 5500 in
780 5444 1009 5496 Ecclesia
1037 5441 1462 5494 miuistraveriut.

166 5538 272 5575 ss.
329 5518 780 5572 Vernrtensis
813 5532 875 5569 ac
902 5512 1289 5567 Cistcrt'ieusis
1309 5552 1322 5573 ,
1359 5509 1571 5574 o/ferret
1598 5505 1747 5562 Jere-

166 5602 213 5643 rt
258 5590 628 5646 biberent.
669 5590 883 5655 absque
908 5586 1103 5639 riuum.

165 5682 261 5715 im
333 5679 435 5718 ex
506 5650 932 5719 Tertulliano,
967 5656 1030 5709 in
1064 5656 1241 5709 limine
1273 5651 1544 5721 Evangelii
1594 5650 1747 5702 Anna

178 5739 416 5793 itissa,
479 5734 645 5805 ﬁlia
684 5727 1000 5791 Phanuelis,
1033 5744 1149 5798 qua’
1178 5725 1427 5805 infantem
1469 5722 1749 5805 Dominum

180 5810 337 5867 ivit.
374 5791 449 5859 et
479 5791 709 5857 inulta
734 5816 891 5869 super
913 5816 969 5852 eo
993 5791 1312 5867 pra’diravit,
1339 5791 1753 5869 exspectantibus

190 5863 501 5931 nio—nem
546 5863 829 5938 Israelis,
862 5863 1275 5941 post’egregium
1316 5865 1523 5941 titulum
1574 5863 1756 5941 veteris

192 5952 349 6007 ira!
389 5945 756 6002 viduitatis
778 5936 1100 6017 jejunioru'm
1130 5936 1330 6013 quoque
1351 5936 1643 5993 testimonio
1663 5951 1759 5987 att-

1838 3391 1935 3447 Dei
1964 3408 2081 3445 esca
2111 3390 2219 3462 [AL
2254 3390 2402 3463 esca]
2428 3401 2476 3443 et
2528 3401 2683 3460 potus
2707 3390 2901 3457 (lbid.,
2938 3390 3023 3455 i4,
3047 3390 3231 3460 seqq.).
3262 3390 3337 3443 Ac
3369 3404 3436 3443 ne

1837 3486 1957 3555 quis
1986 3492 2201 3555 putaret
2226 3484 2326 3537 hoc
2354 3484 2421 3537 de
2440 3483 2663 3552 jejuniis
2691 3485 2819 3547 dici,
2850 3495 2903 3539 et
2927 3500 3033 3538 non
3068 3484 3137 3537 de
3164 3481 3435 3551 supersti.

1840 3578 1987 3631 tione
2025 3576 2245 3630 Judaica
2266 3618 2280 3640 ,
2313 3576 2493 3629 statim
2523 3576 2779 3631 edisserit
2804 3594 2816 3629 :
2848 3577 2999 3631 Alius
3026 3577 3187 3628 credit
3211 3574 3435 3627 mandu.

1837 3687 1953 3723 care
1992 3669 2185 3723 omnia.
2222 3668 2323 3736 Qui
2358 3678 2531 3721 autem
2573 3669 2811 3737 inﬁrmus
2842 3680 2946 3733 est,
2988 3668 3128 3721 olera
3154 3666 3438 3719 manducet

1838 3760 2027 3831 (Ibid.,
2059 3760 2139 3830 2).
2177 3761 2243 3815 Et
2272 3775 2489 3814 rursum
2523 3778 2536 3813 :
2569 3762 2715 3813 Alius
2734 3760 2943 3832 judicat
2971 3760 3107 3812 diem
3136 3758 3254 3821 plus
3282 3772 3437 3823 quam

1838 3856 2001 3919 diem,
2045 3856 2180 3908 alius
2212 3854 2422 3925 judicat
2466 3870 2665 3908 omnem
2696 3855 2851 3906 diem.
2888 3851 3248 3918 Unusquisque
3274 3849 3437 3921 διε

1838 3948 1891 4001 in
1920 3964 2016 4001 suo
2055 3964 2209 4001 sensu
2250 3946 2495 3999 abundet.
2534 3946 2634 4010 Qui
2660 3947 2794 4015 sapit
2825 3946 2992 4007 diem,
3025 3941 3246 3996 Domino
3280 3942 3436 4013 sapit.

1840 4038 1907 4093 Et
1946 4042 2035 4109 qui
2077 4039 2392 4106 manducat,
2441 4036 2665 4091 Domino
2710 4037 2992 4091 manduca!
3018 4053 3036 4089 :
3066 4037 3263 4105 gratias
3300 4035 3440 4089 cuius

1838 4133 1944 4202 agit
1975 4130 2108 4185 Deo.
2147 4130 2214 4184 Et
2243 4132 2329 4199 qui
2361 4146 2463 4186 non
2492 4128 2804 4194 manducet,
2842 4126 3065 4181 Domino
3093 4142 3193 4178 non
3221 4125 3440 4179 mandih

1841 4235 1955 4289 cat,
1984 4233 2029 4277 et
2077 4223 2274 4295 gratias
2314 4224 2420 4293 agit
2456 4220 2566 4274 Deo
2614 4219 2806 4292 (Ibid.,
2837 4221 2892 4283 5,
2924 4217 3113 4287 seqq.).
3144 4217 3243 4284 Qui
3294 4216 3440 4269 enitn

1840 4316 2015 4371 adhuc
2048 4315 2251 4369 inﬁrmi
2280 4324 2438 4369 erant
2464 4314 2518 4366 in
2552 4313 2687 4376 ﬁde,
2717 4322 2769 4366 et
2798 4312 2933 4365 alias
2959 4322 3150 4365 carnes
3178 4307 3441 4369 mundae.

1840 4410 1974 4465 alias
2003 4408 2405 4463 arbitrabantur
2432 4406 2739 4463 immundos
2766 4422 2778 4459 :
2806 4414 2860 4459 et
2882 4404 3022 4457 inter
3050 4402 3191 4456 diem
3222 4412 3274 4456 et
3296 4401 3441 4455 diem

1841 4518 1961 4557 esse
1987 4501 2190 4571 aliquid
2218 4498 2623 4561 existimabant,
2655 4496 2800 4551 verbi
2826 4496 3021 4564 gratia,
3047 4495 3289 4548 sanctius
3320 4507 3444 4548 esse

1841 4594 2161 4657 sabbatum,
2209 4604 2261 4649 et
2322 4592 2674 4652 neomeuias,
2718 4595 2775 4642 et
2818 4587 3233 4656 scenopegiant,
3277 4600 3440 4657 quam

666 4698 767 4753 sed
798 4707 850 4752 et
882 4698 1211 4751 Marcioncm
1244 4691 1519 4762 designat,
1559 4701 1613 4747 et
1634 4693 1738 4747 Ta-
1761 4678 1813 4738 D
1844 4688 2083 4756 reliquos
2113 4685 2253 4748 dies,
2278 4686 2542 4754 jnbeutur
2570 4683 2717 4737 olera
2752 4682 3107 4747 manducare,
3136 4696 3255 4751 qua
3284 4680 3445 4739 indiis

1849 4782 2087 4836 ferenter
2118 4780 2474 4834 comeduntur
2503 4778 2573 4831 ab
2598 4776 2871 4830 omnilms.
2902 4776 3002 4842 Qui
3033 4792 3162 4831 vero
3186 4778 3446 4831 ﬁrmioris

1847 4884 2002 4928 erant
2026 4873 2173 4937 ﬁdei,
2204 4887 2393 4927 omnes
2415 4885 2609 4926 carnes
2635 4878 2689 4923 et
2709 4868 2825 4923 dies
2849 4884 3038 4923 omnes
3060 4870 3295 4939 mquales
3322 4884 3447 4925 esse

1846 4966 2343 5131 ωῖᾱῗωῗιζιιηὶκηι
2392 5053 2831 5109 Christianorum.
2868 5052 3127 5125 Sepulcra
3176 5051 3447 5121 concupis-

1850 5228 2018 5287 getur,
2048 5214 2324 5287 ostendens
2346 5214 2397 5266 in
2421 5212 2606 5287 quibus
2637 5213 3077 5287 ofﬁciisassideri
3100 5210 3331 5265 ecclesiis
3360 5210 3451 5287 de:

1845 5282 1978 5351 beat,
2012 5299 2059 5342 et
2090 5304 2122 5339 a
2150 5286 2311 5339 nullis
2341 5286 2507 5355 magis
2534 5286 2759 5354 intelligi
2786 5282 3072 5347 Christum,
3101 5299 3257 5353 quam
3290 5283 3450 5335 semel

1852 5363 2022 5430 nuptis
2071 5370 2118 5413 et
2168 5374 2305 5429 stupe
2325 5355 2720 5430 jejunisalpse‘
2748 5372 2869 5430 mea;
2900 5356 3155 5409 Dominus
3198 5356 3453 5430 baptisma

1852 5427 2026 5493 suum,
2043 5432 2161 5485 etin
2178 5427 2270 5483 suo
2290 5427 2769 5499 omniumjejuniis
2784 5427 3059 5489 dedicavit,
3081 5427 3273 5499 «δια-ΕΙ
3297 5438 3421 5499 mox
3437 5463 3451 5483 ,

1849 5506 2005 5559 etiam
2032 5504 2280 5555 adversus
2296 5500 2518 5571 ridiriora
2546 5494 2802 5553 divinonia
2822 5500 3051 5571 jejuniis
3079 5494 3451 5571 prtvliandum.

1929 5586 1952 5612 ε
2011 5576 2223 5630 Nomen
2279 5570 2501 5625 Joannis
2557 5564 2963 5640 praestantioi'cs
3016 5581 3151 5622 mss.
3203 5564 3290 5617 hic
3345 5577 3453 5616 non

1858 5652 2181 5717 agnoscunt.

1936 5718 1951 5756 ί
1989 5715 2380 5774 Tertullianus.
2415 5713 2474 5767 Si
2503 5712 2672 5767 claves
2704 5709 2908 5763 macelli
2938 5709 3028 5762 tibi
3057 5706 3308 5767 tradidit,
3340 5721 3459 5777 per-

1862 5791 2069 5844 mittens
2099 5788 2206 5841 esui
2255 5787 2427 5840 omnia
2470 5784 2540 5836 ad
2584 5780 2997 5835 constituendum
3047 5778 3460 5846 idolothytarum

1865 5862 2236 5931 exceptionem,
2268 5874 2367 5910 non
2421 5866 2590 5908 tamen
2634 5854 2688 5905 in
2733 5852 2950 5905 macello
2998 5867 3215 5927 regnum
3250 5849 3346 5903 Ι)ιὶ
3390 5849 3469 5904 itt-

1869 5933 2041 5987 clusit.
