4062 6366
526 362 625 413 Ill

1772 350 1829 403 S.
1874 347 2144 404 EUSEllll
2188 345 2568 401 IllERONYMl

3719 353 3826 407 519.

525 476 705 528 centite
728 476 1073 543 perseverant.
1098 467 1302 539 Jejunii
1333 466 1693 535 stmctiﬁcatio.
1722 496 1789 504 κ-
1816 474 1838 500 α
1869 462 1999 518 Illud
2026 477 2117 517 au-
2148 470 2200 527 Α
2215 463 2421 535 judicia
2441 471 2489 516 et
2514 464 2569 516 in
2597 464 2710 516 lites
2730 463 3000 535 jejttttatis,
3028 472 3074 516 et
3102 464 3300 518 creditis
3324 466 3515 537 pugnis
3542 483 3559 519 :
3584 482 3691 520 non
3723 466 3827 521 tale

529 579 635 622 tem
683 562 826 633 quod
870 575 1180 633 pr0ponere
1234 575 1397 613 ausus
1426 570 1508 613 est
1537 555 1645 629 [ΑΙ.
1689 556 1803 629 es],
1832 554 2120 611 Dominum

523 666 836 713 voratorem
863 663 918 708 et
944 662 1250 722 potatorem
1269 652 1375 704 vini
1401 666 1430 705 a
1447 650 1737 705 Phariszeis
1758 650 2086 718 appellatum
2109 666 2120 701 :

525 760 580 807 et
609 750 733 822 quia
782 749 849 803 ad
883 748 1072 818 epulas
1118 746 1239 800 ierit
1267 744 1609 813 nuptiarum,
1642 752 1696 798 et
1733 741 1983 797 convivia
2016 757 2122 795 non

527 844 840 914 despexerit
870 848 1241 910 peccatorum,
1278 840 1521 901 aestimo,
1557 835 1701 905 quod
1732 834 2012 889 nobiscum
2045 837 2121 887 l'a-

532 938 665 993 ciat.
698 935 803 989 lSle
835 942 921 989 est
968 932 1260 992 Dominus,
1303 938 1365 983 ut
1410 928 1694 983 arbitratis
1717 969 1731 992 ,
1763 937 2002 993 vorator,
2036 927 2126 996 qui

528 1028 882 1101 quadraginta
911 1025 1105 1081 diebus
1134 1022 1571 1076 Christianorum
1596 1020 1861 1089 jejunium
1891 1016 2125 1072 sanctiﬁ-

529 1125 670 1177 cavit
697 1120 803 1194 [ΑΙ.
838 1114 1190 1187 sanctiﬁcat];
1215 1115 1305 1184 qui
1339 1114 1531 1169 beatos
1555 1112 1791 1182 appellat
1821 1112 2126 1164 esurientes

528 1224 583 1271 et
628 1214 909 1275 sitientes;
945 1208 1036 1279 qui
1083 1221 1263 1262 eseam
1295 1205 1497 1259 habere
1527 1218 1585 1258 se
1617 1202 1784 1269 dicit,
1818 1217 1923 1255 non
1966 1215 2125 1271 quam

528 1303 785 1374 discipuli
811 1300 1253 1371 suspicabantur,
1289 1297 1383 1352 sed
1416 1312 1536 1366 qua:
1575 1294 1626 1348 in
1664 1302 1987 1363 perpetuum
2020 1306 2125 1347 non

528 1401 764 1470 periret;
794 1397 883 1466 qui
932 1394 1000 1448 de
1040 1391 1129 1447 die
1166 1392 1409 1446 crastino
1450 1388 1692 1458 cogitare
1735 1385 1841 1457 [ΑΙ.
1876 1385 2127 1455 cogitari]

532 1488 823 1559 prohibet;
875 1485 967 1556 qui
1015 1499 1138 1539 cum
1191 1481 1433 1537 esurisse
1476 1491 1529 1534 et
1572 1479 1756 1534 sitisse
1793 1479 2024 1543 dicatur,
2077 1487 2131 1532 et

528 1583 638 1636 isse
667 1580 984 1650 frequenter
1015 1576 1083 1630 ad
1116 1574 1365 1646 prandia,
1402 1582 1630 1642 excepto
1662 1571 1955 1643 mysterio,
1984 1569 2125 1641 quod

534 1677 588 1729 in
620 1685 804 1745 typum
840 1686 951 1726 sua:
983 1667 1252 1740 passionis
1282 1665 1589 1735 expressit,
1619 1674 1671 1717 et
1717 1663 1978 1733 probandi
2011 1678 2128 1717 cor-

531 1768 680 1838 poris
708 1766 962 1827 veritate,
993 1777 1091 1817 nec
1112 1761 1252 1830 gulae
1282 1759 1544 1813 scribitur
1576 1756 1834 1824 servisse,
1866 1770 1967 1810 nec
1996 1770 2127 1810 ven-

2215 556 2485 627 jejunium
2532 555 2685 624 elegi,
2736 555 2861 608 dicit
2910 554 3164 611 Dominus
3211 555 3368 628 (Isai.
3405 574 3530 622 Lm,
3561 559 3627 625 5,
3663 560 3825 631 seq.).

2225 648 2396 715 Quale
2426 646 2671 717 elegerit,
2704 647 2903 703 docet:
2933 647 3139 717 Frange
3167 651 3414 704 esurienti
3443 668 3629 721 panem
3657 662 3824 720 tuam,

2228 752 2273 796 et
2299 757 2556 811 pauperes
2584 742 2696 794 sine
2722 752 2853 795 tecto
2882 742 3037 796 induc
3073 743 3125 795 in
3166 743 3376 796 domum
3406 752 3567 797 tuam.
3604 744 3664 799 Si
3689 744 3830 799 vidc-

2227 836 2298 889 ris
2329 836 2546 896 nudum.
2575 837 2739 888 vesti:
2768 845 2812 889 et
2846 837 3149 889 domesticos
3190 836 3399 889 seminis
3444 837 3520 888 tui
3553 853 3615 890 ne
3652 836 3829 905 despi-

2230 930 2337 983 cias
2370 926 2560 992 (Ibitt.,
2590 928 2670 997 7).
2706 927 2822 981 Non
2855 928 3016 997 igitur
3043 928 3311 997 jejunium
3344 929 3660 999 reprobavit
3682 971 3697 997 ,
3730 930 3828 985 sed

2229 1023 2387 1094 quale
2421 1022 2621 1089 vellet,
2655 1022 2937 1077 ostendit:
2975 1037 3150 1092 neque
3194 1021 3339 1077 enim
3372 1024 3578 1077 ventris
3617 1024 3832 1079 esuries

2229 1123 2451 1183 accepta
2480 1124 2565 1169 est
2613 1114 2756 1177 Deo,
2792 1129 2950 1180 quam
3001 1114 3125 1168 lites
3172 1122 3226 1168 et
3257 1115 3462 1183 rapinae
3494 1122 3546 1168 et
3579 1114 3833 1170 libidines

2230 1207 2536 1261 destruunt.
2567 1204 2620 1260 Si
2651 1220 2757 1259 non
2783 1204 3187 1273 vultjejunium
3218 1206 3359 1260 Deus
3382 1204 3487 1276 [AL
3521 1204 3828 1276 Dominus],

2229 1298 2503 1370 quomodo
2534 1298 2588 1352 in
2619 1297 2862 1353 Levitico
2912 1297 3191 1367 przeeipit,
3227 1306 3283 1350 ut
3329 1297 3565 1367 septimo
3599 1311 3828 1363 mense,

2231 1392 2440 1447 decima
2473 1392 2678 1447 mensis
2706 1392 2881 1447 omnis
2910 1393 3139 1461 populus
3166 1392 3379 1461 jejunet
3407 1407 3579 1463 usque
3609 1392 3677 1446 ad
3703 1408 3827 1447 ves-

2233 1499 2413 1555 peram
2445 1502 2456 1536 :
2486 1494 2537 1539 et
2565 1484 2655 1555 qui
2689 1498 2795 1539 non
2847 1482 3106 1538 afﬂixerit
3137 1483 3371 1538 animam
3401 1498 3554 1538 suam
3575 1523 3589 1547 ,
3623 1484 3828 1538 moria-

2233 1587 2321 1631 tur
2347 1588 2401 1632 et
2429 1576 2825 1631 exterminetur
2851 1575 2919 1631 de
2949 1576 3149 1647 populo
3179 1576 3314 1630 suo?
3354 1575 3533 1645 Quare
3577 1576 3831 1646 sepulcra

2232 1668 2259 1707 ἀ
2286 1670 2764 1740 concupiscentiae,
2799 1670 2885 1724 ubi
2914 1669 3169 1724 carnibus
3196 1668 3410 1724 deditus
3437 1668 3668 1739 populus
3700 1669 3829 1733 ruit,

2234 1778 2407 1833 usque
2455 1762 2618 1817 hodie
2660 1762 2714 1815 in
2759 1760 3050 1816 solitudine
3088 1760 3476 1829 perseverant?
3505 1760 3575 1815 Et
3610 1774 3833 1815 crassus

532 1861 626 1915 ηε,
669 1859 771 1927 Qui
804 1858 1028 1912 divitem
1066 1863 1420 1925 purpuratum
1466 1861 1687 1921 propter
1717 1850 1906 1917 epulas
1945 1860 2128 1903 narrat
2160 1853 2204 1912 Β
2236 1858 2464 1929 populus
2492 1866 2913 1927 ortygometram
2964 1853 3223 1908 scribitur
3253 1853 3318 1908 ad
3348 1853 3627 1907 choleram
3657 1867 3833 1922 usque

532 1952 586 2008 in
623 1961 864 2014 tartaro,
910 1957 964 2003 et
1003 1948 1267 2001 Lazarum
1302 1958 1598 2015 pauperem
1628 1942 1697 1997 ob
1732 1942 1968 1997 inediam
1998 1942 2129 1997 dicit

529 2059 653 2102 esse
678 2044 731 2099 in
765 2045 889 2097 sinu
919 2039 1174 2096 Abrabte.
1201 2039 1301 2107 Qui
1333 2038 1550 2108 quando
1577 2037 1908 2106 jejunamus,
1942 2038 2067 2107 ungi
2102 2036 2127 2073 ι)

528 2146 689 2208 caput
715 2146 769 2192 et
792 2137 960 2191 lavari
986 2134 1181 2190 faciem
1211 2131 1482 2204 praecipit,
1515 2140 1573 2185 ut
1600 2146 1705 2188 non
1737 2131 1923 2201 gloria:
1955 2130 2131 2185 homi-

530 2247 660 2287 num
684 2274 698 2297 ,
728 2229 821 2286 sed
867 2228 1098 2283 Domino
1126 2225 1459 2297 jejunemus.
1494 2224 1594 2291 Qui
1635 2224 1871 2279 comedit
1912 2223 2129 2293 quidem

529 2336 652 2396 post
675 2325 1137 2380 resurrectionem
1163 2330 1372 2391 partem
1401 2319 1565 2390 piscis
1587 2318 1694 2372 assi
1714 2326 1771 2372 et
1797 2318 2001 2383 favum,
2024 2334 2130 2372 non

533 2430 762 2488 propter
791 2418 1029 2473 esuriem
1053 2426 1107 2471 et
1135 2415 1367 2483 gutturis
1397 2413 1756 2475 suavitatem;
1786 2412 1879 2466 sed
1912 2422 1968 2465 ut
1994 2412 2133 2465 veri-

529 2518 693 2565 tatem
717 2510 798 2565 sui
824 2510 1074 2579 corporis
1095 2505 1495 2575 comprobaret.
1526 2503 1657 2558 Nam
1681 2503 2133 2573 quotiescumque

534 2612 809 2657 mortuum
855 2598 1172 2663 suscitavit,
1216 2596 1375 2668 jussit
1415 2599 1462 2651 ei
1508 2596 1623 2649 dari
1672 2595 2030 2663 manducare,
2066 2611 2134 2651 ne

533 2697 864 2753 resurrectio
918 2697 1241 2765 phantasma
1287 2702 1594 2762 putaretur.
1630 2692 1692 2745 Et
1741 2692 1981 2746 Lazarus
2012 2702 2132 2761 post

529 2788 1021 2851 resurrectionem,
1050 2786 1121 2840 ob
1148 2785 1289 2838 hanc
1317 2798 1535 2838 causam
1590 2781 1849 2835 scribitur
1878 2798 1998 2837 cum
2031 2783 2131 2835 Do-

533 2883 682 2936 mino
712 2882 904 2936 iniisse
933 2879 1272 2935 convivium.
1305 2878 1415 2933 Nec
1443 2878 1551 2931 hoc
1580 2876 1833 2940 dicimus,
1863 2876 2006 2944 quod
2034 2891 2130 2928 ne-

533 2988 723 3043 gemus
765 2974 941 3041 pisces
984 2980 1039 3026 et
1084 2980 1281 3024 uetera
1321 2970 1389 3038 (si
1428 2969 1685 3023 voluntas
1716 2966 1898 3037 fuerit)
1930 2969 1981 3021 in
2010 2967 2131 3023 cibo

534 3079 659 3120 esse
691 3063 954 3119 sumenda
983 3082 994 3117 :
1027 3063 1121 3117 sed
1155 3062 1431 3132 quomodo
1474 3063 1675 3131 nuptiis
1721 3061 2087 3132 virginitatem
2110 3104 2126 3128 ,

532 3160 604 3214 ita
635 3159 907 3214 saturitati
930 3165 985 3212 et
1021 3157 1561 3226 caruibusjejunium
1588 3156 1945 3225 spiritumque
1966 3155 2128 3226 353

2233 1948 2511 2005 ructasse?
2556 1948 2665 2001 Cur
2712 1947 2875 2001 homo
2907 1948 2999 2002 Dei
3044 1946 3135 2016 (111
3185 1945 3315 2018 Reg.
3364 1946 3527 2019 xm),
3573 1946 3640 2001 ad
3676 1946 3832 2016 cujus

2234 2041 2575 2113 prophetiam
2628 2056 2818 2094 manus
2870 2048 3094 2095 aruerat
3144 2040 3288 2109 regis
3341 2039 3678 2105 Jeroboam,
3737 2041 3831 2109 qui

2233 2133 2341 2205 [Αι.
2390 2132 2536 2203 quia]
2582 2131 2932 2186 manducavit
2982 2142 3171 2186 contra
3223 2130 3459 2186 edictum
3512 2131 3639 2199 Dei,
3685 2131 3834 2186 illico

2232 2239 2523 2296 percussus
2543 2225 2737 2280 est?et
2760 2226 2845 2280 leo
2871 2227 2960 2295 qui
2983 2226 3191 2279 asinam
3216 2224 3512 2280 custodivit
3542 2226 3827 2289 intactam,

2236 2320 2518 2389 Pr0phetac
2551 2318 2752 2373 lcvanti
2784 2334 2843 2373 se
2875 2318 2945 2374 de
2992 2319 3223 2389 prandio
3253 2334 3361 2373 non
3412 2320 3697 2389 pepercit?
3727 2320 3832 2388 Qui

2229 2410 2450 2480 jejunus
2499 2410 2759 2464 miracula
2812 2409 3017 2465 fecerat
3072 2424 3302 2479 pransus
3350 2409 3457 2481 [ΑΙ.
3512 2411 3837 2483 pransurus]

2237 2504 2381 2558 illico
2430 2501 2727 2557 saturitatis
2769 2518 2956 2572 poenas
2985 2503 3107 2557 luit.
3142 2504 3248 2558 Sed
3299 2514 3353 2557 et
3379 2502 3500 2559 Joel
3530 2503 3781 2559 clamitat
3814 2523 3828 2559 :

2239 2597 2573 2667 Sanctiﬁcate
2593 2598 2901 2668 jejunium:
2930 2596 3209 2668 prtvdicate
3240 2597 3558 2650 curationem
3590 2594 3753 2669 (Joel.
3791 2614 3833 2663 ι,

2238 2690 2335 2754 14ς
2364 2707 2421 2756 ιι,
2452 2690 2565 2762 15),
2600 2701 2656 2746 ιιι
2704 2700 3103 2746 monstraretur
3129 2691 3399 2761 jejunium
3430 2689 3596 2762 355.
3624 2691 3828 2745 sancti-

2238 2786 2383 2839 l‘tcari
2423 2786 2637 2839 austeris
2679 2786 2935 2855 operibus
2962 2803 2973 2837 :
3000 2794 3054 2839 et
3083 2784 3480 2840 sanctificatum
3523 2784 3826 2855 jejunium,

2235 2879 2506 2934 curationi
2558 2879 2820 2949 proﬁcere
2864 2888 3236 2949 peccatorum.
3295 2878 3585 2946 Quomodo
3647 2886 3836 2932 autem

2236 2973 2535 3044 virginitati
2578 2988 2724 3027 verte
2768 2988 2873 3028 non
2926 2972 3247 3043 prtejudicat
3294 2972 3524 3026 imitatio
3563 2972 3842 3041 virginum

2233 3067 2471 3122 diaboli:
2512 3067 2582 3121 ita
2632 3083 2731 3122 nec
2780 3069 2923 3122 veris
2968 3066 3208 3137 jejuniis,
3244 3076 3266 3102 θ
3297 3064 3520 3120 CaStum
3574 3066 3732 3121 Isidis
3783 3078 3844 3123 et.

2232 3160 2500 3231 Cybeles,
2532 3170 2587 3215 et
2616 3159 2977 3230 quorumdam
3011 3162 3259 3214 ciborum
3291 3160 3343 3213 in
3376 3170 3639 3214 :cternum
3668 3160 3845 3215 absti—

532 3250 895 3323 praeferimus.
923 3251 979 3305 Si
1022 3260 1202 3305 autem
1238 3250 1429 3305 Petrus
1463 3250 1594 3304 hora
1644 3258 1795 3305 sexta
1826 3264 2127 3318 pransurus
2156 3242 2201 3304 C
2235 3255 2454 3311 nentia:
2487 3256 2721 3309 maxime
2750 3268 2872 3307 cum
2904 3253 3045 3323 apud
3079 3254 3199 3309 illos
3230 3253 3499 3323 jejunium
3534 3255 3711 3324 panis,
3749 3271 3846 3310 sa-

531 3343 781 3401 ascendit
826 3343 881 3397 in
926 3343 1300 3407 cmnaculum,
1336 3343 1555 3396 fortuita
1596 3342 1804 3397 esuries
1846 3358 1952 3397 non
2003 3342 2129 3396 facit

528 3436 909 3508 prmjudicium
938 3434 1291 3505 jejuniorum.
1340 3436 1450 3489 lloc
1491 3435 1633 3489 enim
1668 3434 1833 3489 modo
1862 3445 1917 3489 et
1948 3435 2129 3490 Domi-

533 3546 637 3586 nus
660 3573 674 3596 ,
708 3531 838 3600 quia
866 3530 933 3584 ad
966 3537 1185 3598 puteum
1216 3528 1573 3583 Samaritana:
1605 3529 1737 3582 hora
1768 3540 1919 3584 sexta
1952 3530 2129 3584 lessus

537 3624 765 3691 resedit,
794 3633 848 3678 et
877 3622 1066 3678 bibere
1094 3622 1284 3687 voluit,
1317 3621 1567 3676 omnibus
1599 3622 1871 3677 incumbet
1893 3624 2130 3677 necessi-

535 3727 648 3783 tas,
682 3716 857 3773 velint
899 3716 1093 3780 nolint,
1129 3714 1232 3769 hoc
1265 3725 1509 3784 tempore
1541 3713 1783 3768 bibendi.
1819 3715 2000 3768 Potuit.
2035 3729 2130 3768 au-

532 3822 639 3868 tem
668 3812 804 3879 ﬁeri,
831 3820 890 3865 ut
908 3810 994 3865 vel
1016 3810 1303 3864 sabbatum
1330 3820 1501 3875 esset,
1528 3808 1613 3863 vel
1637 3808 1755 3863 dies
1782 3809 2122 3863 Dominicus:

531 3916 585 3961 et
615 3916 739 3975 post
764 3905 933 3969 bidui,
964 3904 1236 3973 triduique
1260 3903 1553 3972 jejunium,
1581 3903 1710 3957 hora
1737 3912 1889 3958 sexta
1920 3903 2129 3958 esurie-

530 3997 639 4063 rit;
672 4013 966 4069 numquam
999 3998 1144 4052 enim
1193 3995 1520 4052 crediderim
1552 3997 1857 4066 apostolum
1879 4039 1893 4061 ,
1925 3998 1969 4049 si
2002 4005 2128 4051 ante

529 4108 693 4148 unam
733 4092 878 4147 diem
920 4098 1272 4155 ctenaverat,
1319 4089 1604 4159 epulisque
1643 4090 1915 4144 distentus
1953 4088 2129 4144 fuerat

526 4181 633 4255 [AL
668 4181 856 4253 erat],
888 4181 1116 4236 alterius
1164 4180 1272 4235 diei
1322 4181 1562 4234 esurisse
1600 4180 1849 4235 meridie.
1894 4179 2050 4248 Quod
2080 4180 2127 4234 si

527 4275 767 4329 coenavit
798 4273 1005 4341 pridie,
1038 4282 1093 4327 et
1133 4271 1382 4342 sequenti
1414 4271 1500 4325 die
1544 4272 1769 4326 esurivit
1798 4282 1924 4327 ante
1966 4288 2127 4341 pran-

527 4368 709 4435 dium,
744 4378 765 4405 ε
796 4382 903 4421 non
930 4366 1185 4419 existimo
1212 4365 1358 4434 quod
1401 4379 1571 4434 usque
1597 4363 1664 4417 ad
1692 4365 2004 4419 satietatem
2033 4379 2126 4420 co-

527 4459 791 4525 mederit,
840 4460 929 4529 qui
965 4467 1072 4512 tam
1114 4458 1223 4513 cito
1254 4457 1427 4528 potuit
1459 4457 1688 4511 esurire.
1733 4456 1907 4511 Porro
1948 4457 1994 4511 si
2026 4471 2125 4527 per

530 4554 721 4607 Isaiam
755 4552 999 4622 loquitur
1031 4552 1206 4614 Deus,
1252 4550 1397 4621 quod
1426 4566 1533 4604 non
1577 4548 1681 4604 tale
1703 4549 1972 4620 jejunium
2014 4551 2125 4605 ele-

2231 3348 2353 3418 gina
2383 3346 2629 3400 carnium
2677 3355 3087 3414 compensetur.
3119 3344 3189 3399 Et
3232 3345 3375 3400 sicut
3405 3347 3560 3416 signa
3603 3362 3725 3413 qua:
3755 3346 3845 3400 fa-

2231 3438 2408 3492 ciebat
2439 3438 2673 3508 .lloyses,
2709 3436 3061 3492 imitabantur
3092 3438 3245 3507 signa
3273 3436 3659 3510 Egyptiorum
3679 3479 3693 3504 ,
3739 3440 3843 3495 sed

2234 3545 2340 3585 non
2367 3541 2523 3585 erant
2565 3531 2617 3584 in
2661 3530 2927 3585 veritate:
2962 3546 3083 3584 nam
3112 3533 3261 3601 virga
3294 3531 3464 3603 Moysi
3498 3533 3680 3601 virgas
3724 3532 3845 3586 Ma-

2230 3639 2420 3694 gorum
2467 3625 2759 3680 devorabat
2785 3644 2797 3678 :
2836 3624 2852 3662 ί
2884 3626 2957 3680 ita
2991 3641 3092 3695 per
3122 3627 3305 3681 omnia
3336 3642 3455 3696 qua:
3482 3643 3579 3695 per
3609 3627 3845 3681 aemula-

2235 3718 2436 3772 tionem
2466 3718 2562 3773 Dei
2594 3718 2722 3773 facit
2748 3719 3027 3781 diabolus,
3061 3733 3167 3773 non
3196 3719 3477 3788 religionis
3507 3730 3707 3775 nostra:
3738 3736 3839 3775 su-

2234 3810 2504 3880 perstitio,
2532 3810 2626 3864 sed
2662 3820 2846 3865 nostra
2876 3810 3121 3880 arguitur
3148 3811 3473 3881 negligentia
3500 3852 3513 3873 ,
3545 3812 3596 3865 id
3631 3811 3838 3867 nolen-

2233 3903 2366 3958 tium
2398 3902 2580 3958 facere
2611 3904 2755 3974 quod
2783 3905 2984 3959 bonum
3010 3918 3155 3968 esse,
3181 3904 3344 3958 etiam
3377 3904 3561 3959 smculi
3586 3903 3841 3962 homines

2233 4013 2341 4051 non
2375 3999 2648 4067 ignorant.

2302 4091 2390 4146 18.
2418 4091 2611 4157 Quarta
2636 4092 2916 4162 propositio
2943 4092 3226 4147 Joviniani.
3252 4124 3321 4134 —
3348 4114 3365 4145 ι
3403 4093 3603 4161 Quarta
3628 4110 3803 4164 propo
3822 4128 3837 4140 -

2231 4183 2359 4240 sitio
2381 4226 2395 4249 ,
2418 4200 2538 4254 quae
2568 4193 2624 4240 et
2647 4194 2890 4241 extrema
2913 4194 3020 4251 est,
3042 4185 3179 4240 duos
3201 4201 3322 4242 esse
3351 4187 3596 4254 ordines,
3620 4189 3833 4253 ovium,

2230 4285 2286 4331 et
2342 4277 2644 4332 hircorum:
2676 4278 2903 4333 alterum
2942 4279 3212 4347 justorum
3236 4321 3249 4345 ,
3283 4279 3514 4334 alterum
3574 4289 3835 4349 peccato-

2230 4384 2384 4423 rum:
2417 4370 2555 4424 alios
2586 4378 2733 4425 stare
2781 4386 2810 4424 a
2839 4370 3077 4436 dextris,
3105 4372 3241 4426 alios
3272 4390 3299 4424 a
3340 4373 3613 4435 sinistris;
3646 4382 3696 4427 et
3732 4387 3837 4428 au-

2230 4459 2348 4514 dire
2389 4459 2597 4529 justos:
2654 4459 2849 4525 Venite,
2875 4463 3127 4516 benedicti
3172 4463 3347 4517 Patris
3397 4465 3525 4532 mei,
3570 4465 3832 4535 possidete

2230 4563 2467 4625 paratum
2506 4554 2643 4609 vobis
2692 4572 2908 4627 regnum
2950 4572 2983 4608 a
3027 4556 3388 4610 constitutione
3436 4557 3619 4612 mundi
3664 4556 3828 4630 (Mat.

526 4646 689 4716 gerit,
721 4644 948 4699 dicens:
980 4643 1048 4698 In
1072 4644 1255 4699 diebus
1276 4644 1607 4717 jejuniorum
1651 4653 1936 4699 vestrorum
1981 4645 2124 4698 inve-
2158 4624 2205 4683 Ῑ)
2232 4624 2374 4710 uxv,
2422 4647 2538 4713 '54).
2583 4624 2966 4701 Peccatoribus
2997 4662 3130 4703 vero
3174 4648 3317 4703 dici:
3346 4646 3605 4703 Discedite
3647 4624 3683 4704 ά
3724 4668 3826 4719 me,

525 4739 739 4792 niuntur
759 4738 1043 4792 voluntates
1073 4744 1272 4805 vestrm,
1306 4748 1355 4791 et
1382 4736 1642 4807 subjectos
1671 4739 1959 4809 percutitis,
1992 4749 2040 4793 et
2070 4740 2124 4794 in

594 4882 617 4909 η
648 4874 844 4935 Antea,
874 4888 1028 4944 ausus
1057 4880 1151 4926 est.
1185 4869 1583 4944 Tertullianus:
1614 4868 1892 4925 Dominum
1914 4889 2113 4944 quoque

520 4962 674 5018 quam
718 4944 931 5014 indigne
961 4942 1029 5018 ad
1054 4953 1197 5018 tuam
1228 4941 1494 5018 libidinem
1534 4944 1891 5018 interpretaris
1921 4941 2114 5008 passim

520 5013 913 5071 manducantem
939 5024 986 5068 et
1014 5014 1304 5067 bibentem!
1336 5013 1441 5068 Sed
1479 5013 1766 5085 putorquod
1793 5017 1950 5067 etiam
1968 5018 2113 5085 jeju-

519 5090 693 5153 narit,
736 5088 824 5155 qui
852 5085 1023 5137 beatos
1044 5100 1169 5158 _non
1210 5094 1503 5158 saturatos,
1532 5084 1622 5158 sed
1642 5088 1927 5158 esurientes
1968 5097 2013 5139 et
2041 5089 2110 5139 si-

522 5160 705 5212 tientes
726 5154 1109 5227 pronuntiarit;
1136 5154 1223 5222 qui
1255 5154 1425 5227 eseam
1447 5156 1808 5222 proﬁtebatur,
1831 5174 1935 5211 non
1958 5174 2113 5227 quam

520 5224 767 5293 discipuli
812 5226 1198 5291 existimarent,
1243 5224 1333 5277 sed
1367 5227 1567 5294 paterni
1619 5229 1791 5296 operis
1838 5224 2112 5299 perfectio-

520 5317 661 5361 rtem,
690 5307 796 5353 etc.

591 5368 621 5409 δ
652 5370 710 5425 1η
731 5369 941 5435 aliquot
972 5381 1132 5432 mss.,
1164 5383 1357 5437 ungere
1384 5377 1541 5438 caput
1582 5379 1813 5423 nostrum
1843 5378 1889 5423 et
1930 5371 2117 5440 faciem

520 5444 685 5499 lavari
715 5440 978 5511 praecepit.

592 5528 613 5554 ο
647 5509 1012 5575 Veronensis,
1054 5509 1291 5564 existimo
1327 5511 1465 5579 quod
1495 5528 1597 5565 non
1620 5526 1779 5579 usque
1808 5512 1875 5563 ad
1900 5513 2112 5566 satieta-

518 5595 655 5649 tem;
678 5594 733 5638 et
759 5586 921 5650 paulo
952 5589 1094 5652 post,
1130 5582 1192 5653 ln
1221 5582 1401 5634 diebus
1432 5584 1565 5634 enim
1583 5580 1932 5653 jeiuniorum.

588 5654 616 5693 δ
647 5655 1057 5710 Tertullianus:
1092 5652 1308 5706 Manent
1346 5653 1516 5704 adhuc
1562 5652 1890 5703 monumenta
1926 5668 2114 5709 concu.

519 5727 801 5793 piscentice,
837 5727 918 5778 ubi
944 5724 1174 5795 sepultus
1206 5734 1280 5777 est
1307 5723 1530 5793 papulas
1557 5720 2104 5795 carnis‘avidissimus,

518 5791 771 5866 usquead
811 5791 1071 5866 choleram
1104 5791 1804 5866 ortygoptetracruditando,
1831 5802 1964 5866 etc‘.,
1998 5791 2104 5865 etc,

594 5857 617 5900 δ
648 5857 738 5917 Sic
772 5864 973 5919 habent
1014 5880 1143 5919 mss.
1176 5857 1400 5929 amnes,
1434 5864 1621 5934 sicque
1652 5857 1873 5915 atnnino
1916 5862 2102 5933 legen-

2232 4738 2492 4791 maledicti
2518 4738 2572 4791 in
2611 4738 2779 4809 ignem
2806 4749 3084 4804 aeternum,
3113 4740 3200 4809 qui
3229 4752 3551 4811 prteparatus
3595 4739 3705 4813 [ΑΙ.
3735 4761 3830 4813 pa-

2223 4871 2351 4927 dum
2369 4886 2491 4927 esse
2504 4888 2665 4931 supra
2685 4873 2992 4937 docuimus,
3012 4875 3208 4941 quich
3222 4887 3367 4930 esset
3386 4875 3568 4930 Castus
3588 4877 3828 4944 explica-

2223 4945 2401 4997 vimus
2425 4961 2544 5014 pag.
2570 4944 2696 5007 330,
2717 4957 2770 4999 et
2788 4961 2931 5015 seq.,
2958 4954 3071 5000 not.
3097 4948 3221 5017 (col.
3245 4948 3370 5013 291,
3399 4957 3507 5000 not.
3527 4948 3582 5017 h)
3605 4949 3821 5003 Martia-

2223 5030 2373 5102 pteus
2396 5031 2460 5069 ex
2484 5026 2861 5086 prmconCepta
2892 5018 3573 5102 Opinionencossorum..hic
3604 5034 3825 5102 quoque

2222 5084 2375 5159 legit,
2406 5084 2937 5159 erroremque'essc'
2964 5098 3113 5157 putat
3146 5089 3404 5143 Veterum
3449 5084 3819 5159 librariorum,

2221 5157 2365 5226 quod
2419 5156 2627 5211 Castum
2680 5156 3035 5227 scripserint,
3090 5171 3145 5215 et
3197 5175 3399 5214 cassum
3462 5156 3819 5217 vermiculata

2221 5242 2345 5299 esse
2413 5228 2730 5299 ign_orarint.
2790 5231 3024 5299 Minime
3075 5247 3204 5286 vero
3262 5232 3377 5299 ipse
3426 5232 3716 5288 intellexit.
3750 5264 3823 5277 -ο

2224 5296 2441 5372 Cossum
2471 5297 2644 5372 lsidis
2684 5311 2749 5372 et_
2770 5298 2999 5371 Cybeles.
3044 5302 3169 5355 Mss.
3226 5296 3446 5357 codices
3496 5303 3686 5372 legunt
3731 5322 3822 5358 ca-

2220 5380 2357 5423 stum
2402 5368 2564 5422 Isidis
2614 5381 2661 5424 et
2711 5368 2963 5441 Cybeles;
3006 5373 3100 5427 sed
3151 5388 3306 5427 error
3355 5384 3473 5437 est,
3528 5368 3580 5428 ni
3633 5375 3818 5440 fallor,

2218 5448 2465 5496 veterum
2510 5441 2882 5497 Librariormn
2907 5484 2921 5508 ,
2965 5444 3055 5512 qui
3096 5443 3416 5498 nesciebant
3449 5461 3656 5498 cassum
3693 5463 3819 5502 esse

2218 5514 2608 5577 vermiculum,
2642 5530 2668 5565 a
2703 5529 2811 5580 qua
2851 5516 3201 5568 abstinebant
3228 5516 3547 5570 sacerdotes
3576 5516 3737 5571 Isidis
3765 5528 3821 5573 et

2217 5582 2470 5654 Cybeles,
2507 5595 2563 5637 ut
2594 5595 2750 5639 antea
2783 5585 3130 5640 observatum
3162 5602 3190 5638 a
3224 5586 3379 5638 nobis
3409 5599 3512 5640 est.
3547 5586 3815 5645 Maenas.

2300 5652 2316 5691 τ
2348 5656 2498 5719 Mss.,
2530 5656 2604 5708 ita
2631 5666 2677 5708 et
2699 5657 2872 5709 omnia
2894 5671 3011 5724 qua:
3029 5657 3083 5709 in
3110 5657 3514 5719 aemulationem,
3548 5671 3655 5712 etc.
3687 5659 3817 5716 Ter-

2218 5726 2493 5797 tullianus,
2526 5725 2667 5780 Huic
2698 5726 2873 5779 divina
2906 5727 3199 5798 constabat,
3221 5742 3377 5794 quam
3405 5728 3648 5784 diabolus
3677 5730 3811 5785 divi~

2213 5812 2399 5849 nnrum
2421 5799 2692 5850 tumulatur
2718 5798 2972 5861 imitatur,
2996 5807 3102 5853 etc.
