4062 6380
336 402 410 458 315
1190 405 1561 463 ADVEIlSUS
1600 407 2016 466 JOVINIANUNI
2060 413 2187 467 LIB.
2235 413 2295 467 ll.

3292 413 3395 469 3M

334 519 449 593 ratus]
468 532 522 574 est
542 522 723 576 diaboluu
742 521 905 593 angelis
930 524 1041 594 ejus
1075 520 1123 593 (1
1134 521 1267 589 bid.,
1290 521 1399 591 41).
1429 521 1692 576 Arborem
1722 528 1766 586 Α

1798 524 1967 589 cium,
2018 526 2106 579 ubi
2150 526 2309 595 hujus
2363 537 2523 582 terrae
2556 527 2806 582 fertilitas
2857 527 3396 597 praedicaturzprze-

326 610 465 666 bonam
487 629 562 668 non
598 629 700 684 posse
719 615 849 668 malos
874 614 1077 667 lructus
1108 615 1286 668 facere
1306 656 1321 680 ,
1353 629 1453 669 nec
1494 615 1694 669 malam

323 706 460 763 bonos.
488 708 595 764 Unde
616 720 651 764 et
682 709 869 764 Salvator
914 710 1152 778 loquitur
1195 710 1259 763 ad
1300 708 1549 764 Judmos:
1595 709 1695 764 Vos

316 799 363 853 de
380 812 487 869 patre
508 802 648 855 diabolo
666 803 765 865 estis,
794 814 840 854 ιιι
870 803 1312 873 concupiscentias
1344 804 1507 874 patris
1537 804 1693 857 vestri

307 898 434 965 facere
456 896 563 949 vultis
582 894 702 964 (lana.
724 912 806 961 vut,
836 895 949 965 45).
989 897 1183 951 Decem
1223 896 1457 966 virgines
1493 912 1691 965 propo-

302 986 359 1041 nit
379 988 520 1042 stultas
541 1000 655 1057 atque
676 990 925 1057 sapientes,
961 999 1015 1043 et
1056 988 1293 1058 quinque
1316 1030 1330 1053 ,
1364 1005 1482 1057 qua:
1514 989 1692 1042 oleant

254 1108 259 1111 »
296 1093 375 1132 non
400 1078 646 1142 habuerunt,
669 1082 946 1135 remansisse
984 1083 1353 1135 extrinsecus:
1383 1080 1520 1135 alias
1566 1097 1694 1136 vero

287 1170 598 1239 quinque,qme
616 1171 688 1225 sibi
725 1172 875 1225 lumen
908 1172 1177 1227 bonorum
1220 1187 1446 1243 operum
1490 1187 1696 1242 prmpa-

279 1273 492 1331 raverant,
518 1265 732 1320 thalamum
753 1267 972 1321 intrasse
1013 1284 1135 1322 cum
1178 1283 1399 1337 sponso.
1432 1268 1696 1323 Ascendit

271 1354 323 1408 ad
345 1354 572 1420 diluvium,
594 1367 633 1412 et
657 1359 736 1413 ait:
760 1358 850 1426 Qui
878 1370 1030 1413 erant
1059 1376 1180 1415 cum
1204 1360 1314 1415 Noe
1332 1361 1464 1430 justi
1490 1360 1693 1415 servati

265 1458 383 1501 sunt:
403 1450 471 1519 qui
493 1466 589 1505 vero
619 1461 874 1520 peccatores
896 1494 911 1518 ,
944 1468 1137 1509 omnes
1164 1454 1218 1507 in
1251 1470 1539 1509 commune
1572 1471 1693 1524 per-

256 1538 411 1593 ierunt.
447 1542 568 1611 Apud
616 1543 855 1598 Sodomam
915 1554 970 1598 et
1018 1545 1401 1608 Gomorrham,
1451 1548 1691 1616 exceptis

249 1632 415 1687 duobus
430 1634 629 1704 gradibus
649 1638 877 1691 bonorum
910 1639 1288 1708 malorumque
1309 1682 1323 1703 ,
1348 1638 1494 1692 nulla
1521 1638 1692 1693 diver-

242 1724 352 1778 sitas
375 1728 606 1782 invenitur.
633 1729 711 1797 Qui
738 1741 807 1784 est
849 1731 1058 1799 justus,
1088 1732 1346 1800 eripitur:
1376 1732 1464 1801 qui
1496 1745 1690 1802 pecea-

235 1824 327 1881 tor,
350 1818 443 1886 pari
468 1828 644 1875 voratur
663 1822 906 1876 incendio.
933 1820 1045 1877 Una
1073 1825 1217 1877 salus
1248 1822 1526 1887 liberatis,
1554 1838 1691 1876 unus

222 1909 430 1966 interitus
455 1916 808 1971 retnaueutibus.
850 1915 927 1971 Ne
961 1918 1238 1985 paululum
1270 1918 1485 1986 quidem
1520 1934 1547 1970 a
1579 1918 1692 1987 jus-
1722 1920 1766 1980 Β

217 2002 313 2055 titia
337 2002 683 2071 declinandum,
710 2006 896 2061 indicio
936 2017 1018 2060 est
1050 2024 1186 2061 uxor
1216 2008 1335 2061 Lot.
1376 2008 1432 2061 Si
1465 2019 1646 2061 autem
1673 2051 1688 2073 ,

203 2096 377 2165 inquit,
400 2098 510 2152 mihi
537 2102 728 2168 opponis
769 2100 872 2169 [Αἰ.
908 2102 1170 2173 opponas]
1202 2120 1370 2172 quare
1397 2103 1581 2172 justus
1610 2104 1689 2156 la-

194 2187 330 2243 boret
359 2192 403 2243 in
437 2206 581 2259 pace,
612 2203 692 2245 aut
735 2195 1228 2259 |th>Ct'Uli0ﬂlbltS,
1262 2196 1307 2249 si
1356 2196 1539 2249 nullus
1571 2209 1693 2262 pro-

196 2281 339 2335 ‘ectus
363 2288 456 2348 est,
484 2296 568 2336 nec
598 2283 962 2357 majora355
994 2285 1246 2354 praemia:
1271 2285 1414 2341 scias
1443 2288 1543 2339 hoc
1567 2302 1691 2339 eum

196 2387 365 2439 icere,
393 2389 490 2427 non
534 2383 583 2429 ut
609 2377 713 2443 plus
756 2377 881 2446 quid
927 2389 1236 2446 mereatur,
1267 2380 1361 2433 sed
1407 2394 1474 2434 ne
1507 2382 1694 2447 perdat

203 2468 294 2521 uod
315 2466 520 2537 accepit.
545 2469 593 2522 ln
616 2469 831 2542 Egypto
856 2488 1072 2542 quoque
1094 2472 1281 2527 decem
1307 2474 1490 2543 plagas
1514 2490 1696 2544 arqua-

198 2573 269 2618 ter
307 2579 479 2619 omnes
506 2566 727 2620 sentiunt
755 2578 1099 2635 peceatores:
1132 2580 1185 2623 et
1218 2569 1422 2624 similes
1454 2570 1692 2624 tenebrae

196 2658 352 2712 )mino
380 2666 430 2712 et
456 2671 629 2721 servo,
663 2659 816 2713 nobili
864 2670 919 2714 et
946 2662 1200 2731 ignobili,
1246 2663 1355 2731 regi
1408 2664 1693 2717 imminent

217 2755 381 2823 vulgo.
418 2754 618 2810 Sanctis
647 2770 769 2809 vero
796 2754 894 2809 Dei
923 2766 975 2809 et
1006 2755 1210 2825 p0pulo
1244 2756 1405 2809 Israel
1439 2772 1542 2810 una
1572 2766 1692 2811 erat

194 2864 235 2899 ι.
270 2846 369 2901 Sed
398 2857 448 2902 et
477 2848 527 2900 in
560 2849 691 2901 mari
722 2848 903 2901 Rubro
945 2848 1078 2917 justi
1131 2850 1331 2914 pariter
1378 2858 1685 2916 transeunt,

193 2952 423 2997 ecatores
470 2944 670 3012 pariter
714 2945 1039 2999 obruuntur.
1092 2944 1357 3001 Sexcenta
1407 2947 1684 3000 hominum

192 3032 307 3095 llia,
336 3041 558 3102 excepta
611 3034 812 3089 imbelli
860 3044 1020 3091 actate
1062 3046 1117 3090 et
1162 3052 1332 3101 sexu,
1366 3038 1419 3092 in
1468 3037 1687 3093 deserto

192 3128 381 3183 ualiter
409 3137 603 3192 ruunt,
655 3139 708 3183 et
753 3129 863 3184 duo
907 3132 997 3201 qui
1036 3132 1247 3201 justitia
1292 3148 1452 3202 pares
1491 3143 1683 3200 erant,

194 3222 373 3277 taliter
399 3223 717 3277 liberantur.
749 3226 852 3280 l’er
875 3225 1231 3295 quadraginta
1259 3242 1430 3281 annos
1457 3237 1686 3281 cunctus

1799 620 1985 674 sertim
2011 634 2133 675 cum
2165 631 2219 675 et
2250 620 2600 692 Evangelista
2626 620 2837 675 Marcus
2866 630 3174 675 retrorsum
3204 634 3393 673 nume-

1798 721 1882 767 ret
1915 714 2133 783 triginta
2160 756 2176 779 ,
2222 716 2499 784 sexaginta
2532 724 2585 769 et
2612 724 2853 769 centum.
2904 713 3043 767 Dicit
3093 712 3393 767 Dominus:

1801 805 1903 871 Qui
1932 807 2211 859 manducet
2240 824 2403 861 meam
2435 824 2674 874 carnem,
2700 817 2749 861 et
2796 806 2920 859 bibit
2970 821 3138 858 meum
3180 805 3397 876 sangui-

1798 916 1942 964 nem,
1968 901 2020 952 in
2050 916 2128 952 me
2151 911 2339 961 manet,
2364 912 2413 953 et
2442 917 2535 971 ego
2578 902 2632 953 in
2659 900 2753 953 illo
2777 898 2959 968 (Joan.
2993 914 3067 962 Vl,
3101 896 3218 967 55).
3242 897 3397 952 Sicut

1798 1007 1927 1062 ergo
1952 994 2071 1047 sine
2097 992 2275 1063 aliqua
2306 994 2609 1049 differentia
2638 993 2902 1065 graduum
2933 993 3181 1046 Christus
3210 994 3261 1045 in
3299 1006 3396 1045 no-

1798 1086 1879 1141 bis
1907 1097 2023 1153 est;
2059 1090 2127 1142 ita
2171 1099 2225 1143 et
2256 1104 2355 1143 nos
2399 1090 2451 1143 in
2483 1088 2703 1144 Christo
2745 1090 2863 1143 sine
2893 1086 3150 1158 gradibus
3177 1100 3389 1140 sumus.

1802 1177 1982 1233 Omnis
1998 1182 2086 1249 qui
2104 1180 2275 1251 diligit
2294 1198 2390 1246 me,
2414 1198 2697 1235 sermonem
2722 1197 2889 1233 meum
2910 1180 3151 1246 servabit,
3169 1190 3217 1235 et
3236 1177 3398 1231 Pater

1796 1290 1937 1328 meus
1964 1274 2145 1345 diliget
2174 1292 2288 1327 cum
2306 1316 2320 1339 ,
2355 1286 2399 1329 et
2427 1275 2592 1346 356
2615 1276 2683 1328 ad
2708 1291 2824 1328 eunt
2854 1274 3115 1327 veniemus
3136 1314 3151 1337 ,
3175 1283 3222 1325 et
3248 1288 3397 1324 man-

1795 1367 1987 1421 sionem
2013 1370 2157 1436 apud
2184 1385 2295 1421 eum
2329 1370 2578 1439 faciemus
2602 1369 2785 1439 (Joan.
2822 1383 2931 1432 xlv,
2956 1365 3071 1437 2⁸5).
3100 1365 3200 1431 Qui
3222 1364 3400 1433 justus

1796 1469 1911 1526 est,
1958 1461 2172 1529 diligit:
2201 1462 2290 1529 qui
2337 1461 2541 1532 diligit,
2571 1461 2793 1515 veniunt
2816 1458 2926 1531 [ΑΙ.
2959 1456 3128 1528 venit]
3156 1456 3221 1510 ad
3270 1472 3393 1510 eum

1795 1553 1957 1608 Pater
1982 1562 2037 1607 et
2064 1552 2258 1617 Filius,
2290 1562 2344 1607 et
2374 1557 2425 1607 in
2448 1553 2568 1623 ejus
2596 1552 2840 1607 habitant
2868 1550 2978 1621 [ΑΙ.
3014 1547 3245 1619 habitat]
3268 1548 3397 1601 hos-

1794 1647 1968 1716 pitio:
2004 1644 2106 1701 Ubi
2153 1656 2333 1700 autem
2384 1645 2759 1715 hujuscemodi
2815 1644 3087 1699 habitator
3116 1652 3228 1704 est.
3262 1650 3392 1711 puto

1793 1739 1937 1809 quod
1966 1738 2102 1794 nihil
2130 1738 2322 1793 deesse
2365 1740 2534 1809 possit
2568 1738 2790 1809 hospiti.
2824 1737 2920 1793 Sin
2955 1736 3062 1809 [AL
3095 1735 3175 1807 Si]
3207 1746 3391 1789 autem

1793 1832 1972 1885 dicit:
2027 1830 2212 1885 Multa!
2259 1830 2551 1885 mansiones
2599 1840 2717 1883 sunt
2770 1830 2913 1897 apud
2964 1826 3178 1882 Patrem
3226 1842 3393 1879 meum

1800 1922 1980 1995 (Joan.
2012 1938 2119 1988 xlv,
2153 1924 2231 1991 2),
2270 1940 2375 1977 non
2420 1925 2471 1977 in
2523 1939 2689 1992 regno
2738 1922 3004 1977 caelorum
3038 1921 3287 1975 diversas
3317 1920 3394 1973 si-

1796 2017 2015 2083 gnilicat
2066 2016 2526 2079 mansiones;sed
2577 2015 2947 2070 Ecclesiaruin
2998 2014 3048 2067 in
3096 2023 3211 2067 toto
3260 2011 3393 2067 orbe

1799 2120 2083 2160 numerum
2115 2149 2128 2171 ,
2158 2122 2273 2175 quas
2317 2117 2533 2161 constat
2572 2122 2673 2159 una
2708 2122 2804 2175 per
2841 2114 3071 2173 septem.
3118 2103 3287 2165 Vada,
3318 2104 3398 2158 in-

1797 2203 1945 2266 quit,
1993 2213 2039 2255 et
2091 2202 2395 2272 prteparnbo
2418 2204 2558 2256 vobis
2582 2203 2752 2255 locum
2781 2201 2972 2269 (Ibid.,
3000 2200 3083 2269 9),
3114 2214 3222 2252 non
3258 2199 3393 2251 loca.

1798 2296 1854 2349 Si
1883 2295 2000 2348 haec
2050 2295 2406 2361 repromissio
2438 2297 2655 2365 proprie
2683 2294 2971 2348 duodecim
3011 2290 3396 2361 Apostolorum

1798 2397 1911 2451 est,
1946 2401 2079 2455 ergo
2117 2387 2317 2441 Paulus
2353 2389 2609 2441 exclusus
2636 2398 2718 2440 est
2750 2387 2817 2439 de
2851 2387 2952 2439 hoc
2987 2386 3137 2451 loco,
3167 2394 3221 2439 et
3253 2384 3398 2439 elec-

1800 2482 1961 2535 tionis
1991 2494 2084 2534 vas
2126 2479 2432 2549 superﬂuus
2455 2480 2734 2548 pulabitur
2762 2490 2815 2533 et
2858 2478 3129 2545 indignus.
3160 2476 3401 2533 Jonnues

1797 2582 1852 2627 et
1876 2572 2145 2637 Jacohus,
2178 2574 2303 2641 quia
2337 2573 2459 2642 plus
2487 2573 2699 2626 caeteris
2727 2570 3039 2642 petierunt,
3070 2584 3176 2623 non
3221 2570 3395 2638 impe-

1800 2666 2119 2719 traverunt?
2142 2672 2199 2719 et
2244 2674 2420 2718 tamen
2468 2681 2574 2717 non
2618 2676 2699 2718 est
2728 2663 2967 2732 dignitas
2993 2677 3183 2717 eorum
3212 2661 3395 2714 itntni-

1797 2769 1949 2819 nuta,
1980 2758 2105 2826 quia
2138 2756 2367 2826 reliquis
2396 2755 2675 2824 Apostolis
2710 2756 2949 2825 aequales
2994 2754 3230 2808 fuerunt.
3289 2751 3399 2806 Ne-

1792 2850 1933 2904 scitis
1959 2851 2079 2919 quia
2109 2867 2330 2919 corpora
2350 2860 2517 2902 vestra
2540 2849 2789 2919 templum
2818 2848 2845 2886 b
2868 2859 2941 2901 est
2970 2848 3201 2916 Spiritus
3231 2848 3400 2900 sancti

1797 2942 1840 3010 (Ι
1866 2940 1989 2996 Cor.
2023 2959 2104 3008 ιιι,
2140 2941 2227 2997 16.
2263 2953 2308 2995 et
2341 2958 2413 3007 vt,
2448 2942 2568 3011 19)?
2597 2941 2890 3010 Templum,
2928 2941 3125 3010 inquit,
3164 2949 3255 3002 est,
3285 2954 3391 2994 non

1794 3037 2025 3107 templa;
2058 3047 2116 3091 ut
2143 3036 2397 3091 similiter
2438 3038 2490 3091 in
2520 3037 2771 3091 omnibus
2810 3035 3169 3089 habitatorem
3200 3044 3391 3088 Osten-

1791 3131 1941 3186 deret
1972 3130 2165 3185 Deum.
2212 3130 2335 3184 Non
2368 3148 2461 3201 pro
2492 3132 2571 3185 Itis
2600 3147 2725 3200 rogo
2756 3140 2985 3193 tantum,
3018 3128 3108 3182 sed
3149 3144 3243 3200 pro
3283 3129 3393 3183 illis

1790 3225 1877 3295 qui
1906 3225 2150 3277 credituri
2186 3234 2302 3278 sunt
2330 3240 2419 3295 per
2450 3224 2652 3278 verbum
2690 3240 2865 3277 eorum
2897 3224 2948 3275 in
2991 3238 3069 3275 me
3108 3239 3125 3275 :
3164 3231 3220 3274 ut
3256 3223 3392 3275 sicut

196 3316 242 3369 «οι
278 3317 541 3372 similiter
590 3320 807 3373 laborat
847 3328 903 3372 et
946 3319 1197 3371 moritur.
1243 3318 1449 3373 Gomor
1477 3334 1687 3372 manna:
1718 3309 1762 3372 C
1795 3326 1848 3369 tu
1897 3316 2052 3369 Pater
2082 3317 2135 3369 in
2170 3332 2280 3382 me,
2312 3326 2359 3370 et
2383 3332 2476 3386 ego
2502 3315 2556 3367 in
2604 3325 2651 3368 te
2678 3332 2836 3367 unum
2866 3329 3083 3377 sumus;
3114 3314 3187 3365 ita
3216 3328 3393 3365 omnes

192 3411 350 3465 *ersis
392 3412 656 3467 aetatibus
691 3429 795 3466 una
844 3413 895 3465 in
927 3412 1049 3465 cibo
1079 3426 1331 3465 mensura
1364 3420 1447 3464 est
1478 3430 1489 3463 :
1524 3411 1690 3464 vesti-

190 3503 397 3561 ;aariter
424 3520 537 3558 non
574 3505 932 3569 deteruntur,
960 3502 1141 3572 capilli
1168 3503 1331 3557 simul
1359 3518 1465 3557 non
1494 3518 1690 3573 angen-

194 3597 370 3649 barba
403 3596 461 3649 iu
494 3612 805 3651 commune
838 3612 943 3650 non
975 3597 1194 3661 crescit,
1225 3597 1592 3651 calceamenta
1616 3611 1685 3650 ex

190 3706 200 3737 ν
232 3688 508 3743 omnibus
544 3688 781 3743 durant.
816 3689 932 3743 Non
965 3688 1267 3743 inealluere
1294 3688 1460 3757 pedes
1490 3706 1501 3741 :
1534 3687 1689 3742 cibus

194 3799 234 3835 'c
282 3795 635 3837 cunctorum
686 3784 983 3853 aequaliter
1028 3781 1189 3851 sapit.
1218 3783 1297 3835 Ad
1344 3781 1686 3836 mansionem

254 3875 384 3945 pari
440 3875 649 3931 labore
704 3886 763 3931 et
828 3875 1079 3930 mercede
1130 3874 1445 3944 pergebant.
1497 3873 1688 3928 Omnis

191 3984 295 4022 eus
322 3970 565 4038 aequale
592 3968 772 4023 habet
801 3968 1021 4037 pascha,
1048 3970 1284 4036 aequales
1303 3969 1683 4037 scenopegias,

190 4078 224 4117 e
254 4062 582 4118 sabbatum
608 4104 625 4127 ,
664 4065 917 4133 aequales
950 4063 1291 4118 neomenias.
1323 4063 1567 4133 Septimo
1601 4077 1688 4117 re-

192 4156 317 4210 mis
334 4172 507 4210 anno
526 4156 763 4225 absque
782 4171 1140 4226 personarum
1156 4155 1486 4210 discretione
1501 4154 1689 4208 dimit-

194 4259 244 4303 et
280 4250 345 4302 in
370 4249 639 4318 jubilzeo
680 4250 949 4303 universa
981 4251 1195 4303 cunctis
1218 4249 1397 4302 debita
1438 4247 1687 4302 relaxan-

191 4358 296 4411 [ne
311 4342 392 4396 ad
417 4343 748 4409 antiquam
770 4344 1178 4413 possessionem
1198 4342 1447 4397 venditor
1469 4342 1630 4397 redit.
1662 4362 1679 4392 ι

194 4438 575 4495 )arabolam
614 4449 827 4494 autem
863 4440 913 4493 iu
950 4438 1244 4507 Evangelio
1293 4437 1505 4508 (Matth.
1545 4453 1645 4490 xm
1670 4480 1682 4500 ,

220 4532 370 4603 vm)
420 4532 853 4597 seminantis,
886 4534 938 4586 in
972 4546 1077 4601 qua
1114 4532 1165 4583 in
1217 4538 1359 4583 terra
1393 4532 1529 4583 bona
1560 4545 1686 4583 cen-

231 4635 301 4677 et
351 4624 825 4695 sexagesimus
853 4634 907 4678 et
936 4623 1241 4677 tricesimus
1270 4622 1475 4675 fructus
1504 4622 1689 4675 exori-

1794 3426 1953 3464 unum
1983 3411 2086 3462 sint
2124 3410 2177 3461 in
2208 3409 2376 3462 nobis.
2420 3406 2655 3461 Gloriam
2683 3423 2833 3477 quant
2872 3406 3056 3459 dedisti
3087 3404 3233 3466 mihi,
3270 3401 3392 3455 dedi

1794 3502 1907 3556 eis:
1939 3500 2097 3555 dilexi
2125 3517 2231 3561 eos,
2262 3500 2393 3552 sicut
2419 3515 2500 3552 me
2527 3499 2754 3553 dilexisti
2779 3498 2963 3567 (Joau.
2999 3511 3133 3557 xvtt,
3164 3493 3279 3563 20).
3325 3492 3391 3546 Et

1793 3596 2071 3667 quomodo
2096 3610 2196 3650 nos
2223 3610 2409 3650 sumus
2441 3593 2601 3649 Pater
2622 3602 2675 3646 et
2700 3591 2869 3646 Filius
2897 3601 2948 3644 et
2972 3590 3210 3658 Spiritus
3232 3599 3392 3639 sanc-

1796 3697 1880 3743 tus
1908 3704 2049 3743 unus
2073 3688 2244 3751 Deus,
2276 3687 2353 3741 sic
2381 3696 2436 3740 et
2468 3700 2608 3738 unus
2641 3684 2869 3753 pepulus
2903 3682 2951 3735 in
2984 3681 3117 3748 ipsis
3156 3677 3255 3741 sit,
3288 3678 3392 3731 hoc

1792 3794 1910 3848 est,
1939 3783 2089 3853 quasi
2126 3782 2219 3835 lilii
2250 3781 2581 3845 charissimi,
2605 3778 2804 3833 divina:
2831 3784 3115 3832 consortes
3155 3782 3383 3825 naturae.

1792 3875 2001 3945 Sponsa
2026 3918 2041 3941 ,
2070 3889 2251 3937 soror,
2276 3881 2468 3936 mater,
2502 3882 2557 3926 et
2600 3883 2955 3939 qua-cumque
2984 3865 3087 3918 alia
3119 3863 3397 3933 putaveris

1794 3968 2076 4031 voeabula,
2107 3972 2265 4020 unius
2288 3964 2548 4019 Ecclesiae
2576 3961 2924 4031 congregatio
2946 3964 3051 4019 est,
3075 3971 3196 4026 quae
3220 3970 3381 4010 num-

1792 4075 1950 4130 quam
1995 4067 2079 4115 est
2122 4058 2240 4111 sine
2284 4069 2485 4123 spooso
2527 4053 2633 4125 [AL
2684 4048 2955 4121 sponsa],
3005 4048 3208 4112 fratre,
3252 4046 3390 4099 lilio.

1794 4150 1968 4207 Unam
2033 4150 2193 4203 habet
2242 4148 2433 4209 ﬁdem,
2480 4161 2579 4199 nec
2632 4152 3016 4209 constupratur
3078 4137 3392 4207 dogmatum

1793 4246 2086 4308 varietate,
2116 4257 2215 4296 nec
2242 4240 2543 4295 hazresibus
2569 4236 2856 4292 scinditur.
2895 4232 3059 4298 Virgo
3090 4236 3391 4298 permanet.

1791 4342 2147 4409 Quocumque
2171 4334 2315 4389 vadit
2345 4332 2454 4406 [ΑΙ.
2485 4331 2662 4402 vadet]
2691 4343 2894 4399 agnus,
2924 4324 3169 4395 sequitur
3196 4322 3345 4377 illum
3376 4339 3388 4375 :

1792 4435 1906 4489 Snla
1953 4432 2103 4486 novit
2131 4430 2418 4485 Canticum
2449 4427 2672 4480 Christi.

1863 4530 1955 4584 20.
2004 4545 2021 4577 s
2069 4527 2123 4580 Si
2148 4533 2360 4589 autem,
2389 4522 2588 4590 inquit,
2625 4518 2754 4573 mihi
2781 4513 3137 4584 apposueris,
3170 4508 3337 4565 Stella
3360 4527 3389 4561 η

1791 4623 1939 4678 stella
1982 4618 2155 4687 di/fert
2188 4621 2242 4672 in
2290 4619 2527 4672 claritate
2548 4656 2563 4679 ,
2593 4614 2810 4673 audies,
2846 4609 3069 4664 diti'erre
3113 4606 3327 4662 stellam
3358 4620 3387 4659 τι

206 4732 243 4770 e
280 4718 639 4773 contrario
679 4716 745 4772 in
788 4726 933 4771 terra
964 4716 1128 4777 mala,
1163 4714 1353 4783 triplex
1388 4714 1687 4767 sterilitatis
1716 4702 1765 4759 D
1793 4707 2575 4777 stella,hocest,spiritualesa
2591 4700 3131 4759 carnalibus.0mnia
3149 4697 3389 4753 membra

236 4810 624 4874 iudicatur,
690 4810 756 4863 in
815 4808 953 4862 duos
1001 4808 1226 4862 ordines
1272 4806 1499 4869 dividit,
1534 4805 1686 4858 bona:

193 4912 210 4956 ι
255 4904 493 4957 malm.
541 4921 567 4954 ι
616 4902 701 4956 Ει
746 4900 1031 4972 quomodo
1061 4898 1336 4967 Apostolis
1382 4913 1481 4967 pro
1532 4899 1689 4952 dere-

192 5000 247 5052 is
286 5008 361 5055 et
397 4998 783 5062 uxoribus,
822 4998 876 5051 in
908 4996 1015 5051 alio
1046 4994 1343 5065 Evangelio
1372 4994 1606 5055 centies,
1632 4992 1685 5045 in

204 5095 313 5149 ics
358 5094 728 5149 Dominus
768 5092 1112 5160 repromittit
1140 5088 1246 5161 [AL
1283 5087 1598 5159 promittit],
1632 5096 1687 5141 et

216 5188 451 5242 vitam
495 5196 847 5241 :eternam
876 5184 1094 5256 (Matth.
1129 5198 1241 5246 χιχ,
1268 5181 1436 5235 Marc.
1471 5196 1525 5243 x,
1554 5178 1681 5233 Luc.

195 5282 486 5352 illaque
547 5281 881 5335 distantia
916 5289 999 5333 est
1029 5278 1172 5332 inter
1200 5287 1453 5342 centum,
1482 5284 1538 5331 et
1565 5290 1688 5344 sep-

215 5386 294 5431 et
342 5376 419 5429 in
473 5375 627 5429 hoc
672 5384 709 5411 ε·
758 5387 1055 5427 numerum
1086 5385 1191 5424 non
1225 5369 1404 5425 facere
1430 5368 1689 5439 przejudi-

208 5518 269 5560 ξι
314 5506 392 5560 in
445 5507 598 5559 lmc
646 5503 1009 5574 livangelio,
1044 5503 1157 5558 sive
1189 5501 1470 5574 Evangelii
1500 5516 1686 5555 exem-

282 5579 502 5633 enim
556 5572 920 5645 perperam
952 5574 1234 5643 legebatur
1264 5574 1315 5626 in
1358 5572 1690 5645 hocnumero

232 5668 332 5701 ms
348 5690 367 5702 .
414 5649 669 5702 Paulo
708 5642 855 5714 post
882 5642 1041 5710 mss.,
1066 5647 1177 5699 sine
1198 5645 1374 5713 aliqua
1395 5642 1691 5709 differentia

275 5720 665 5784 Christus,
708 5728 841 5773 etc.
884 5769 889 5775 .

254 5808 365 5846 ss.
434 5792 613 5846 estis
649 5805 677 5843 :
720 5800 796 5843 et
830 5791 991 5855 paulo
1029 5796 1151 5858 post
1197 5786 1577 5841 Cisterciensis
1607 5787 1694 5855 qui

262 5874 339 5919 ut
378 5864 457 5917 in
490 5879 658 5930 τηις,
704 5870 783 5917 et
812 5875 936 5915 cum
978 5858 1301 5930 veronensi,
1331 5868 1384 5911 ut
1418 5860 1547 5912 sicut
1575 5875 1691 5930 ego,

265 5953 299 5997 ν,
348 5945 415 5988 et
453 5945 530 5987 (re
577 5927 654 5987 iis
701 5948 808 5986 me
835 5931 993 5985 unum
1025 5927 1221 5995 sumus;
1254 5939 1387 5995 etc.,
1415 5945 1536 5999 qua:
1578 5929 1695 5999 qui~

1792 4804 2073 4874 :equaliter
2103 4802 2401 4871 diligimus,
2440 4815 2538 4855 nec
2567 4799 2783 4852 oculmn
2816 4796 3179 4865 prmpouimus
3200 4792 3393 4857 digito,

1792 4913 1893 4953 nec
1918 4897 2144 4966 digitum
2174 4895 2431 4948 auricula:
2458 4910 2471 4945 :
2505 4892 2599 4947 sed
2618 4892 2671 4945 in
2698 4889 3033 4959 singulorum
3057 4886 3352 4941 amissione
3373 4923 3390 4947 ,

1793 4990 2163 5047 membrorum
2178 4986 2481 5041 communis
2497 4984 2653 5037 dolor
2666 4994 2767 5038 est.
2786 4978 3399 5051 [Equaliterintroitnus

1790 5085 1844 5139 in
1867 5084 1968 5137 hoc
1998 5080 2279 5141 smculum,
2312 5088 2361 5133 et
2384 5076 2669 5147 aequaliter
2698 5075 2765 5129 de
2791 5091 2857 5130 eo
2883 5072 3215 5143 egredimur.
3242 5066 3396 5123 Unus

1791 5180 1962 5235 Adam
1993 5188 2260 5239 terrenus,
2289 5182 2340 5228 et
2358 5173 2497 5227 alter
2525 5169 2964 5242 cmlestis.357
2984 5167 3085 5236 Qui
3105 5168 3156 5220 in
3178 5176 3402 5219 terreno

1792 5272 1993 5333 fuerit,
2025 5285 2053 5324 a
2085 5266 2318 5322 sinistris
2350 5275 2436 5320 est
2486 5276 2540 5318 et
2587 5264 2783 5332 peribit
2812 5281 2824 5317 :
2874 5262 2963 5333 qui
3010 5261 3061 5314 in
3101 5256 3339 5323 coelesti,
3371 5270 3399 5307 a

1792 5365 2003 5421 dextris
2024 5370 2129 5424 est,
2154 5371 2207 5415 et
2228 5360 2552 5414 salvabitur.
2587 5358 2686 5425 Qui
2722 5356 2875 5411 fratri
2904 5354 3107 5409 dixerit
3148 5352 3324 5413 fatue,
3348 5356 3403 5400 et

1796 5499 1920 5555 dem
1949 5497 2115 5553 lectio
2139 5495 2415 5565 antiquior
2440 5496 2599 5566 longe
2632 5493 2850 5549 videtur
2883 5506 3025 5555 esse,
3045 5489 3173 5566 sive
3199 5484 3400 5566 veteris

1798 5571 2005 5626 Latina:
2057 5555 2563 5637 interpretationis:
2604 5581 2762 5635 quam
2799 5579 2907 5627 prae
2936 5562 3109 5616 oculis
3163 5555 3397 5609 habebat

1796 5643 2149 5703 Jovinianus,
2186 5640 2397 5694 tametsi
2445 5638 2637 5694 Gnaeo
2670 5638 2970 5708 arcltctxpo
3001 5646 3123 5708 non
3174 5641 3397 5708 respon-

1993 5712 2074 5768 Ad
2131 5695 2255 5766 eum
2301 5710 2519 5765 modum
2569 5710 2762 5761 iterum
2814 5695 2950 5758 intra
3001 5702 3217 5770 legitur.
3273 5695 3390 5750 Vid.

1799 5802 1921 5856 pag.
1942 5787 2066 5846 370,
2095 5794 2206 5837 not.
2237 5782 2436 5856 ordine
2456 5781 2650 5850 prima.
2674 5776 2916 5846 Denique
2940 5772 3167 5829 dilexisti
3189 5785 3274 5825 eos
3299 5784 3396 5839 pro

1800 5852 1963 5911 dilexi
2005 5856 2058 5910 in
2094 5870 2225 5910 mss.
2257 5852 2552 5908 invenitur.
