4068 6334
551 348 657 408 315

1791 343 1850 401 S.
1892 342 2171 402 EUSEB"
2209 342 2585 400 HIERONYMI

3738 343 3841 399 516

554 481 673 520 raca
694 506 706 528 ,
752 476 876 518 reus
919 461 1025 517 erit
1055 460 1340 532 gehennae.
1376 460 1440 515 Et
1467 459 1562 531 qui
1594 459 1862 514 homicida
1895 459 2058 516 fuerit
2087 470 2140 516 et
2170 463 2222 523 Α
2248 460 2300 515 in
2328 459 2472 525 cibo,
2502 467 2593 514 aut
2620 459 2670 512 in
2711 458 2951 514 vestibus
2980 472 3221 514 asseram
3252 476 3263 511 :
3299 457 3390 512 sed
3423 456 3564 527 quod
3591 458 3836 525 varietas,

553 557 785 621 adulter,
820 554 1065 609 mittetur
1095 553 1346 609 similiter
1372 553 1424 608 in
1455 553 1779 622 gehennam.
1808 553 1863 606 In
1899 568 2153 622 perseeu-

555 653 701 706 tione
733 649 824 720 qui
873 647 1202 714 incenditur,
1234 648 1324 718 qui
1352 646 1674 712 suffocatur,
1701 646 1796 716 qui
1823 646 2150 712 decollatur,

553 745 641 815 qui
691 742 882 811 fugerit
909 784 922 807 ,
955 742 1044 812 qui
1098 741 1152 795 in
1185 755 1407 796 carcere
1458 740 1702 794 inclusus
1733 739 1929 793 obierit
1959 757 1972 793 :
2006 740 2152 798 varia

553 836 772 909 quidem
805 836 964 892 lucu.»
995 850 1219 904 genera,
1250 833 1344 888 sed
1377 848 1482 889 una
1511 847 1716 888 corona
1750 833 2020 888 victurum
2051 843 2153 889 est.

557 931 706 986 Inter
737 945 860 986 eum
894 928 1116 984 fratrem
1149 929 1240 999 qtti
1269 942 1488 997 semper
1515 944 1637 984 eum
1674 936 1826 997 patre
1853 927 2058 993 fuerat,
2103 937 2158 983 et

559 1026 649 1096 qui
694 1035 884 1095 postea
919 1023 1192 1092 pmniteus
1239 1031 1324 1077 est
1365 1031 1650 1091 receptus,
1680 1023 1824 1077 nulla
1867 1023 2159 1079 diversitas

560 1128 666 1174 est.
697 1117 978 1190 Operariis
1021 1117 1208 1186 prima:
1241 1115 1420 1182 horae,
1453 1125 1508 1172 et
1538 1116 1744 1182 tertiae,
1773 1123 1828 1169 et
1859 1129 2056 1181 some,
2104 1125 2158 1172 et

562 1225 740 1275 nonat,
774 1219 829 1265 et
861 1208 1184 1274 undecimae,
1215 1222 1354 1262 unus
1382 1207 1642 1266 denarius
1667 1207 1951 1274 aqttaliter
1980 1207 2163 1262 reddi-

563 1314 650 1359 tur
682 1321 694 1357 :
725 1313 778 1359 et
825 1317 935 1374 quo
983 1302 1154 1372 magis
1201 1300 1511 1367 admireris,
1559 1300 1628 1354 ab
1675 1300 1758 1354 his
1791 1299 1977 1370 incipit
2017 1316 2156 1371 prte-

561 1397 764 1460 mium,
812 1395 904 1468 qui
954 1394 1134 1450 minus
1183 1394 1235 1450 in
1281 1393 1436 1452 vinea
1494 1393 1808 1448 laborarunt
1848 1392 1956 1464 [AL
2009 1395 2160 1449 Iabe-

564 1488 730 1558 tautl.
780 1507 797 1540 I

633 1583 726 1640 2|.
758 1580 1129 1653 Hieronymus.
1166 1581 1477 1636 Prmdicatio
1498 1583 1801 1637 Antichristi
1826 1599 2041 1638 rem.—-
2070 1582 2166 1642 His

566 1684 618 1730 et
648 1674 1021 1745 hujuscemodi
1047 1675 1354 1730 divinarum
1377 1674 1786 1746 Scriptttrarum
1813 1674 2163 1740 testimoniis,

566 1783 687 1837 quae
720 1767 784 1821 ad
818 1767 1234 1837 perversitatem
1261 1768 1342 1821 sui
1371 1767 1641 1838 dogmatis
1671 1768 1898 1822 callidus
1927 1767 2168 1838 disputa-

2253 561 2309 606 et
2338 551 2686 607 commutatio
2725 550 2778 606 in
2821 551 3084 616 deterius,
3133 549 3548 618 reprehensioni
3601 550 3838 617 proxima

2254 645 2347 700 sit.
2377 645 2529 714 Quod
2557 653 2739 699 autem
2768 644 3210 715 reprehenditur,
3243 659 3270 696 a
3294 645 3492 698 virtute
3514 644 3697 712 procul
3725 653 3841 700 est:

2256 739 2397 810 quod
2439 755 2467 792 a
2505 739 2707 794 virtute
2748 738 2934 807 procul
2983 747 3086 802 est,
3129 737 3266 792 vitio
3306 737 3677 806 mancipatur:
3709 736 3843 807 quod

2256 833 2512 888 vitiosum
2542 832 2808 901 arguitur,
2840 840 3071 902 peccato
3093 831 3358 901 jungitur.
3389 829 3544 897 Quod
3575 839 3844 897 peccaturo

2258 924 2507 993 estjnxta
2539 933 2683 978 tuam
2705 923 3032 978 sententiam
3063 923 3116 976 in
3149 922 3368 977 sinistra
3396 929 3568 990 parte,
3599 933 3649 974 et
3678 920 3850 974 hirco-

2260 1033 2376 1072 rum
2406 1032 2569 1086 grege
2589 1016 2920 1071 describitur
2947 1014 3054 1087 [Αἱ.
3079 1014 3414 1086 aserihitur].
3442 1016 3548 1068 Aut
3568 1015 3850 1069 reverteris
3892 1021 3900 1027 '

2260 1109 2426 1180 igitur
2469 1109 2535 1163 ad
2582 1111 2866 1180 antiquum
2898 1111 3260 1179 propositum,
3293 1117 3348 1160 ttt
3387 1108 3504 1160 ovis
3536 1106 3708 1176 possis
3737 1120 3854 1161 esse

2261 1202 2327 1256 ad
2370 1201 2692 1257 dexteram:
2740 1213 2832 1257 aut
2872 1201 2917 1256 si
2963 1201 3202 1271 priorem
3253 1199 3578 1255 sententiam
3612 1212 3854 1268 perversa

2265 1299 2581 1368 pmnitenlia
2609 1299 2961 1354 committeris
2988 1317 3001 1352 :
3035 1298 3171 1354 velis
3199 1297 3364 1362 nolis,
3393 1311 3716 1367 quamquam
3743 1295 3859 1350 bar-

2267 1392 2386 1446 bam
2418 1391 2639 1458 raseris,
2673 1392 2814 1446 inter
2846 1391 3028 1446 hircos
3057 1389 3460 1444 numeraberis.

2334 1486 2425 1541 33.
2463 1485 2880 1559 Propositionum
2907 1485 3175 1540 Joviaiani
3202 1487 3380 1540 series.
3415 1484 3479 1539 In
3515 1485 3707 1540 scholis
3744 1483 3860 1558 quid

2265 1582 2542 1636 cantabant
2569 1583 2734 1652 pueri.
2759 1612 2830 1622 -——
2857 1580 3058 1636 Verum
3089 1580 3214 1652 quid
3244 1581 3466 1650 prodest
3495 1589 3517 1617 ε
3542 1580 3751 1634 luscum
3777 1594 3862 1632 vo-

2267 1690 2393 1730 care
2423 1675 2658 1741 luscum,
2707 1685 2761 1730 et
2805 1675 3142 1730 accusatoris
3171 1673 3370 1728 docere
3420 1673 3860 1735 inconstantiam,

2268 1781 2392 1822 cum
2449 1767 2878 1837 propositionum
2923 1767 3095 1820 series
3149 1763 3399 1820 diluenda
3458 1764 3575 1817 sit?
3624 1764 3764 1820 Oves
3813 1771 3862 1817 et

567 1869 652 1916 tor
679 1860 926 1926 inclinat,
955 1861 1074 1930 quis
1106 1875 1211 1915 non
1239 1867 1478 1916 tentetur
1499 1861 1661 1914 etiam
1689 1861 1992 1916 electorum
2025 1861 2167 1916 Dei?
2203 1866 2246 1925 Β
2274 1859 2457 1914 bardos
2481 1875 2509 1913 a
2538 1860 2760 1915 dextera
2803 1869 2856 1915 et
2881 1860 3100 1914 sinistra
3127 1901 3140 1927 ,
3183 1858 3320 1913 duos
3355 1859 3630 1928 jnstorum
3673 1867 3726 1912 et
3753 1870 3867 1926 pec-

567 1954 628 2008 Et
650 1953 792 2023 quod
815 1952 1054 2009 Joannes
1075 1954 1387 2022 Apostolus,
1411 1953 1781 2008 Anticltristos
1797 1953 1928 2010 dicit
1949 1955 2170 2010 venisse

571 2048 772 2101 multos
804 2045 860 2118 (Ι
887 2045 1043 2100 Joan.
1075 2054 1170 2115 ιι),
1204 2046 1322 2102 Ιιαξο
1347 2061 1473 2102 vera
1510 2056 1593 2101 est
1622 2045 1939 2102 Antichristi
1968 2047 2166 2117 prtedi-

569 2139 735 2204 catio,
768 2156 888 2207 quae
919 2141 1064 2194 inter
1109 2141 1285 2212 ipsum
1315 2141 1581 2196 Joannem
1615 2151 1665 2195 et
1709 2141 1957 2196 ultimum
1991 2142 2171 2212 pmui-

567 2240 774 2288 tentem
795 2233 1000 2289 nullam
1027 2231 1147 2287 facit
1175 2248 1295 2288 esse
1312 2233 1651 2289 distantiam.
1673 2235 1955 2306 Simulque
1979 2236 2170 2300 miror,

569 2327 842 2398 quomodo
895 2343 1123 2397 serpens
1173 2327 1417 2384 lubricus
1479 2339 1529 2384 et
1581 2329 1812 2385 Proteus
1858 2341 2065 2395 uoster,
2119 2331 2170 2386 in

567 2423 836 2478 variarum
865 2437 924 2477 se
955 2433 1127 2478 mutet
1173 2433 1418 2493 portenta
1465 2424 1782 2480 formarum.
1814 2424 1915 2493 Qui
1945 2427 2090 2480 enim
2121 2426 2172 2481 in

568 2517 716 2572 coitu
756 2527 808 2572 et
837 2517 1126 2572 saturitate
1158 2516 1457 2586 Epicureus
1505 2529 1612 2581 est,
1647 2518 1829 2573 subito
1861 2522 1912 2572 ln
1946 2520 2172 2574 retribu-

569 2612 720 2666 tione
753 2613 1075 2667 meritorum
1106 2611 1326 2668 Stoicus
1373 2612 1630 2667 efficitur.
1690 2613 2119 2686 Hierosolymam
2147 2622 2172 2652 α

570 2703 736 2770 Citio,
765 2703 1006 2759 Judteam
1050 2706 1251 2776 Cypro,
1289 2704 1562 2759 Christum
1595 2705 1813 2760 Zenone
1853 2714 2172 2762 commutat.

573 2799 630 2852 Si
661 2814 767 2851 non
801 2797 929 2852 licet
953 2813 983 2852 a
1010 2798 1300 2852 virtutibus
1330 2798 1612 2867 paululum
1641 2799 1946 2862 declinare,
1981 2808 2034 2854 et
2061 2813 2178 2853 om-

577 2891 668 2943 nia
702 2899 924 2957 peccata
976 2899 1105 2944 sunt
1147 2890 1320 2959 paria,
1363 2889 1722 2960 ejusdemque
1752 2890 2000 2944 criminis
2031 2905 2176 2956 reus,

576 2981 666 3050 qui
701 2996 894 3050 panem
927 2979 954 3018 ι)
985 2982 1234 3036 esuriens
1278 2981 1626 3052 surripuerit,
1669 2991 1721 3036 et
1767 2983 1858 3051 qui
1905 2982 2178 3039 hominem

577 3072 843 3128 occiderit
884 3091 897 3125 :
951 3082 1006 3128 tu
1052 3089 1267 3144 quoque
1309 3075 1673 3130 maximorum
1725 3075 1996 3132 scelerum
2053 3090 2179 3132 reus

578 3168 783 3224 teneris
823 3166 929 3240 [AL
963 3169 1278 3244 teneberis].
1314 3171 1487 3226 Porro
1531 3171 1676 3226 aliud
1720 3181 1826 3237 est,
1860 3173 1903 3226 sl
1952 3181 2002 3226 te
2032 3171 2180 3230 dicas

2273 1963 2518 2008 calorum
2550 1968 2670 2009 esse
2690 1953 2908 2009 ordines
2943 1970 3048 2007 non
3083 1968 3366 2024 negamus.
3394 1954 3662 2008 Arborem
3681 1952 3864 2007 bonam

2275 2047 2478 2102 fructus
2510 2049 2684 2103 malos
2715 2065 2820 2102 non
2854 2047 3058 2114 facere,
3107 2064 3208 2103 uec
3257 2048 3456 2101 malam
3504 2046 3699 2112 bonos,
3747 2044 3865 2100 nulli

2275 2141 2490 2197 dubium
2556 2151 2658 2196 est.
2711 2143 2906 2196 Decem
2952 2155 3169 2214 quoque
3218 2140 3457 2211 virgines
3499 2139 3771 2208 sapientes
3818 2145 3867 2192 et

2273 2237 2488 2301 stultas,
2549 2236 2600 2290 in
2656 2235 2824 2290 bonas
2871 2235 3147 2305 malasque
3199 2234 3514 2288 dividimus.
3564 2234 3623 2288 in
3671 2231 3866 2287 Diluvio

2275 2331 2534 2385 liberatos
2573 2331 2770 2400 justos,
2821 2339 2875 2385 et
2918 2341 3237 2401 peccatores
3269 2328 3428 2400 aquis
3475 2328 3721 2391 obrutos,
3767 2338 3864 2379 non

2274 2423 2589 2494 ignoramus
2615 2423 2722 2496 [ΑΙ.
2752 2439 2856 2476 non
2877 2421 3178 2494 negamus].
3212 2421 3269 2476 In
3291 2420 3552 2487 Sodoma,
3576 2429 3632 2476 et
3655 2421 3869 2475 Gomor-

2278 2516 2375 2571 rha
2398 2518 2884 2587 ereptumjnstum,
2912 2525 2965 2570 et
2988 2517 3184 2585 impios
3215 2516 3339 2584 igne
3360 2525 3736 2587 consumptos,
3762 2528 3869 2568 om-

2278 2609 2436 2664 nibus
2487 2610 2827 2678 perspicuum
2876 2617 2978 2664 est.
3034 2608 3231 2662 Decem
3284 2622 3503 2678 quoque
3535 2607 3706 2677 plagis
3753 2619 3865 2675 per-

2277 2717 2492 2756 cussam
2513 2702 2827 2771 Egyptum,
2857 2710 2910 2755 et
2935 2701 3101 2756 Israel
3123 2701 3288 2755 fuisse
3309 2700 3574 2768 sospitem
3607 2701 3864 2755 norimus.

2282 2799 2334 2851 In
2370 2797 2504 2850 mari
2552 2796 2737 2850 Rubro
2783 2795 3046 2851 transisse
3073 2795 3268 2865 justos,
3303 2807 3352 2850 et
3384 2794 3727 2849 Pharaonem
3757 2805 3868 2845 cum

2279 2906 2378 2943 suo
2425 2887 2666 2943 exercitu
2713 2887 3046 2952 demersum,
3101 2889 3264 2941 etiam
3308 2887 3361 2940 in
3403 2885 3614 2941 scholis
3659 2890 3870 2940 cantant

2281 2983 2510 3054 parvuli.
2538 2981 2807 3038 Sescenta
2847 2983 3012 3036 millia
3060 2983 3113 3035 in
3159 2981 3379 3036 deserto
3424 2979 3711 3042 cecidisse.
3757 2978 3870 3049 quia

2281 3075 2540 3130 increduli
2591 3073 2816 3140 fuerint,
2869 3083 2924 3128 et
2975 3072 3114 3127 duos
3163 3082 3376 3127 tantum
3433 3080 3636 3126 terram
3694 3084 3872 3141 reproo

2282 3168 2557 3223 missionis
2601 3168 2858 3231 intrasse,
2894 3165 3191 3234 Scripturte
3220 3165 3440 3230 docent,
3472 3173 3526 3219 et
3557 3165 3725 3239 359
3753 3163 3872 3219 reli-

580 3276 650 3316 ne
681 3261 902 3315 minima
935 3261 1154 3330 quidem
1196 3263 1398 3318 habere
1441 3274 1658 3332 peccata
1687 3307 1702 3330 ,
1747 3274 1802 3320 et
1831 3280 1953 3319 eum
1985 3279 2176 3320 omnes
2205 3254 2249 3318 C
2282 3278 2407 3332 qua,
2443 3277 2564 3333 qure
2592 3277 2760 3331 usque
2790 3260 2856 3315 ad
2895 3259 3178 3330 operarios
3209 3260 3406 3326 vincte,
3454 3257 3508 3312 in
3541 3259 3682 3312 duos
3715 3259 3875 3312 bono-

580 3353 826 3422 Apostoli
856 3364 908 3406 et
940 3353 1242 3424 Prophette,
1279 3365 1332 3411 et
1379 3356 1590 3423 Sancti,
1634 3360 1787 3427 juxta
1834 3358 1884 3412 id
1931 3359 2074 3429 quod
2122 3360 2175 3413 in

580 3447 819 3501 sccnmla
862 3449 1237 3519 propositione
1284 3451 1538 3520 disserui,
1587 3463 1907 3524 peccatores
1947 3469 2071 3511 esse
2119 3470 2179 3510 se

585 3540 867 3608 plangant,
892 3541 1043 3593 solus
1073 3541 1138 3594 de
1164 3541 1371 3610 justitia
1400 3543 1678 3613 glorieris.
1711 3546 1849 3599 Ante
1884 3544 2029 3599 nudo
2058 3559 2179 3600 eras

584 3630 721 3700 pede
761 3653 772 3685 :
828 3631 990 3687 modo
1039 3648 1146 3688 non
1199 3635 1373 3689 solum
1421 3635 1699 3701 calceata,
1752 3636 1846 3691 sed
1878 3645 1933 3690 et
1962 3647 2175 3693 ornato.

583 3725 736 3780 Tunc
767 3738 788 3766 ο
826 3742 958 3796 pexa
991 3727 1193 3791 tunica,
1227 3739 1275 3781 et
1328 3729 1477 3797 nigra
1525 3730 1784 3784 subucula
1833 3732 2179 3798 vestiebaris,

584 3819 917 3887 sordidatus,
973 3821 1138 3894 358
1188 3831 1240 3875 et
1290 3821 1545 3892 pallidus,
1601 3831 1656 3878 et
1714 3824 1973 3879 callosam
2019 3840 2184 3895 opere

584 3913 852 3982 gestitans
887 3929 1106 3968 manum
1136 3930 1149 3974 ;
1185 3929 1326 3968 nunc
1353 3915 1514 3969 lineis
1544 3924 1600 3970 et
1621 3914 1814 3971 ericis
1845 3917 2107 3977 vestibus.
2131 3927 2186 3973 et

586 4005 904 4060 Atrebatum
921 4005 1029 4078 [AL
1051 4005 1529 4078 Atrebatarum]ae
1547 4007 1831 4064 Laodiceae
1850 4008 2186 4065 indumentis

585 4109 810 4153 ornatus
841 4098 1070 4153 incedis.
1101 4098 1316 4153 Ruben!
1350 4099 1553 4164 buccae,
1586 4101 1721 4154 nitet
1753 4101 1913 4168 cutis,
1939 4116 2108 4156 comae
2132 4105 2184 4158 in

587 4191 898 4261 occipitium
951 4190 1292 4261 frontemque
1337 4200 1656 4246 tornantur:
1694 4189 1721 4230 ἀ
1771 4202 2061 4264 protensus
2105 4203 2188 4249 cst

587 4288 944 4358 aqualiculus,
977 4287 1266 4357 insurgunt
1313 4285 1545 4353 humeri,
1585 4295 1760 4358 turget
1786 4297 1990 4358 guttur,
2035 4298 2086 4343 et
2119 4288 2188 4344 de

587 4382 763 4437 obesis
797 4380 1038 4436 faucibus
1066 4381 1152 4434 vix
1181 4381 1439 4434 sull‘oeata
1467 4380 1630 4435 verba
1662 4390 2001 4449 promuntur.
2029 4381 2190 4438 Certe

589 4474 641 4526 in
683 4482 829 4527 tanta
874 4472 1189 4528 diversitate
1234 4476 1407 4528 victus
1433 4483 1488 4527 et
1519 4473 1765 4536 vestitus,
1811 4488 2039 4528 necesse
2081 4484 2184 4540 est,

589 4573 684 4621 aut
711 4567 819 4632 hic,
851 4575 942 4620 aut
974 4567 1045 4621 ibi
1077 4581 1200 4622 esse
1237 4576 1538 4637 peccatum.
1572 4565 1686 4621 Non
1715 4567 1859 4637 quod
1904 4578 2186 4638 peccatum

2283 3373 2401 3410 rum
2429 3368 2478 3411 et
2515 3355 2780 3410 malorum
2811 3354 3034 3410 ordines
3062 3353 3420 3424 descrip~isti.
3468 3352 3572 3408 Sed
3603 3353 3757 3423 quale
3778 3359 3875 3418 est,

2282 3461 2336 3504 ut
2366 3451 2491 3520 quia
2520 3451 2662 3505 inter
2690 3449 2865 3504 bonos
2894 3459 2947 3503 et
2980 3450 3153 3502 malos
3191 3447 3386 3501 divisio
3417 3454 3534 3512 est,
3578 3455 3634 3500 ttt
3675 3457 3877 3500 asseras

2283 3546 2427 3600 inter
2476 3545 2623 3616 ipsos
2666 3544 2861 3608 bonos,
2911 3543 2996 3597 vel
3045 3559 3075 3597 e
3106 3543 3384 3598 contrario
3434 3543 3634 3608 malos,
3690 3542 3876 3596 nullam

2283 3652 2405 3692 esse
2436 3636 2772 3702 distantiam,
2805 3635 3048 3706 nihilque
3088 3636 3314 3698 referre,
3362 3643 3538 3688 tttrutn
3590 3635 3644 3688 in
3695 3646 3879 3704 pecore

2286 3728 2480 3798 aliquis
2512 3728 2653 3782 aries
2677 3729 2767 3792 sit,
2801 3743 2869 3780 an
2903 3727 3161 3781 oricula?
3205 3727 3393 3781 Utrum
3445 3727 3675 3795 primam
3709 3729 3878 3780 lanam

2287 3821 2540 3886 habeant,
2575 3837 2641 3876 an
2676 3821 3017 3876 secundam?
3051 3820 3238 3876 Utrum
3293 3819 3572 3875 scabillum
3627 3835 3787 3891 pecus
3816 3817 3882 3872 sit

2286 3925 2340 3970 et
2365 3915 2693 3980 morbidum,
2727 3931 2792 3968 an
2817 3926 3068 3985 vegetum
3095 3926 3257 3984 atque
3279 3915 3582 3970 sussultans
3609 3916 3633 3968 ’ὲ
3661 3915 3884 3969 maxime

2287 4024 2407 4064 cum
2468 4009 2717 4064 Ezechiel
2770 4025 2901 4064 oves
2965 4009 3362 4072 rationabiles.
3415 4020 3466 4064 et
3517 4009 3878 4066 diversitatem

2289 4105 2434 4160 inter
2460 4119 2626 4174 pecus
2657 4111 2710 4159 ct
2739 4119 2922 4174 pecus,
2959 4120 3070 4159 sua:
3102 4104 3406 4173 Pl’OpllClla‘.
3435 4104 3763 4159 auctoritate
3791 4101 3884 4156 de-

2290 4205 2579 4263 monstret,
2625 4197 2850 4252 dicens:
2888 4195 2905 4233 ί
2964 4196 3099 4252 Ecce
3134 4213 3226 4270 ego
3258 4197 3443 4270 judico
3478 4195 3613 4250 inter
3650 4211 3800 4267 pecus
3840 4199 3884 4244 et

2290 4306 2462 4358 pecus,
2497 4299 2544 4342 et
2579 4290 2710 4342 inter
2739 4289 2924 4343 arietes
2951 4299 2999 4342 et
3028 4289 3230 4355 hircos,
3270 4298 3316 4341 et
3343 4290 3476 4343 inter
3509 4304 3669 4358 pecus
3704 4287 3886 4355 pingue

2289 4391 2336 4436 et
2364 4381 2710 4436 macilentam.
2742 4381 2849 4436 Pro
2871 4382 3087 4454 ecquod
3109 4381 3357 4435 lateribus
3377 4391 3423 4435 et
3454 4381 3678 4435 humeris
3701 4377 3887 4440 impin-

2290 4479 2501 4550 gebatia,
2535 4488 2582 4533 et
2619 4479 2856 4532 cornibus
2897 4479 3076 4532 vestris
3102 4476 3425 4531 ventilabatis
3469 4477 3642 4529 omnia
3685 4473 3887 4543 inﬁrma

2293 4587 2500 4639 perora;
2533 4572 2696 4627 donec
2725 4573 3145 4644 dispergerentur
3185 4569 3404 4642 (Ezech.
3437 4585 3623 4636 “xw,
3660 4567 3745 4631 l7,
3775 4560 3883 4635 (ΞΟ).

661 4742 689 4778 α
731 4732 813 4788 Ex
845 4732 982 4788 (Sitio
1009 4733 1311 4788 enimurbe
1340 4734 1392 4787 in
1417 4732 1578 4803 Cypri
1614 4729 1789 4786 insula
1813 4730 1998 4803 Zenon
2044 4730 2190 4788 Stoi-
2216 4737 2269 4798 1)
2294 4731 2338 4787 si
2373 4732 2458 4787 hic
2499 4731 2637 4800 apud
2681 4731 3072 4801 Hieronymum
3120 4729 3323 4797 impexa
3353 4727 3758 4803 sit‘legcudnm
3802 4734 3890 4791 pro

586 4822 773 4862 eorum
793 4805 1046 4875 princeps
1070 4806 1170 4864 fuit
1198 4825 1208 4857 :
1246 4805 1388 4861 unde
1408 4802 1601 4867 Ktrteo;
1625 4803 1709 4858 vel
1725 4805 1951 4864 Κιττιεύς
1973 4802 2186 4875 Graece,

587 4879 777 4933 Latine
808 4874 1033 4931 Cittiens
1061 4877 1384 4945 appellatur.
1417 4877 1533 4928 Vid.
1559 4877 1903 4942 Qtttestiones
1933 4875 1984 4928 in
2013 4874 2191 4930 Gene-

585 4951 687 5006 sim
722 4965 842 5018 cap.
877 4965 908 5003 x
939 4957 993 5004 et
1026 4949 1075 5001 in
1105 4948 1308 5003 Jcrcm.
1336 4963 1458 5018 cap.
1485 4963 1541 5002 tt.

654 5021 684 5061 ι)
725 5023 1076 5077 [levissimam
1099 5020 1312 5084 culpam
1333 5019 1870 5085 grnvissimodelicto
1886 5025 2193 5086 comparat.

587 5093 788 5147 Contra
817 5095 1082 5144 hactenus
1105 5090 1338 5144 obtinuit
1372 5091 1423 5141 in
1454 5090 1615 5144 editis
1648 5091 1799 5144 libris
1830 5099 1883 5150 et
1923 5089 2195 5158 plerisque

585 5164 749 5216 etiam
783 5177 914 5216 mss.
945 5160 1262 5229 gravissima
1305 5160 1459 5212 alteri
1495 5177 1646 5230 :rque
1690 5161 2027 5230 gravissimae
2065 5176 2194 5214 con-

588 5234 847 5289 ferretur.
894 5231 1021 5284 Erat
1052 5244 1246 5296 nempe
1293 5247 1475 5296 panem
1492 5232 1740 5286 esurienti
1773 5232 2080 5299 surripuerit
2103 5249 2120 5285 :
2143 5239 2198 5285 et

587 5319 779 5371 panem
831 5302 1091 5355 esurit-nti
1123 5302 1399 5368 surripere
1430 5301 1570 5356 idetn
1601 5306 1669 5356 sit
1715 5313 1874 5372 atque
1915 5303 2192 5358 hominem

584 5375 834 5431 occulere
861 5389 876 5438 ;
907 5389 1028 5425 nam
1055 5373 1220 5428 etiam
1250 5374 1337 5443 qui
1367 5375 1628 5428 esurienti
1651 5390 1754 5428 non
1785 5373 2019 5436 dederit,
2042 5375 2190 5427 occi-

584 5448 702 5512 dit;
764 5457 1064 5512 uotumque
1124 5444 1253 5498 illud
1291 5461 1354 5498 ex
1389 5445 1700 5508 Ambrosio,
1744 5444 1936 5498 Sinon
1979 5445 2188 5514 punisti,

587 5519 892 5573 oreidistiE
919 5518 1196 5572 contrario
1220 5517 1265 5569 si
1294 5519 1542 5572 esuriens
1573 5521 1686 5588 ipse
1718 5515 1995 5588 surripiat,
2029 5516 2189 5567 levis-

588 5593 725 5646 sime
752 5591 990 5644 omnium
1023 5588 1308 5655 peccabit:
1355 5589 1517 5654 idque
1545 5586 1628 5640 est
1655 5586 1799 5656 quod
1833 5586 2196 5655 Hieronymus

585 5662 837 5716 conferre
869 5662 1120 5725 intendit,
1146 5670 1200 5714 et
1231 5658 1438 5713 cettfert
1461 5672 1648 5712 revera
1677 5655 1731 5710 in
1759 5655 2056 5710 Vercnensi
2087 5670 2188 5709 ms.

589 5748 654 5786 ex
687 5749 796 5800 quo
827 5732 1006 5784 locum
1040 5729 1493 5786 emaculavimus.

677 5796 716 5838 c'
743 5803 818 5854 Ex
855 5802 1079 5854 Horatio
1111 5803 1310 5866 hausit,
1347 5802 1407 5854 Si
1443 5806 1579 5871 forte
1608 5798 1860 5854 subucula
1881 5813 2024 5868 para:
2049 5796 2199 5871 Trita

596 5871 763 5940 subest
796 5873 980 5925 tunica:
1016 5887 1033 5948 ς
1065 5880 1140 5939 at,
1174 5883 1324 5951 puto,
1358 5870 1583 5950 multum
1614 5873 1834 5928 diverso
1875 5884 2059 5938 sensu,
2094 5870 2198 5926 nisi

2295 4820 2459 4875 pexa;
2493 4819 2785 4875 nampexa
2815 4800 3002 4875 tunica
3025 4817 3120 4875 pro
3153 4811 3379 4875 noract
3409 4800 3666 4868 eleganti,
3697 4809 3750 4875 et
3779 4808 3890 4875 prc-

2297 4867 2730 4942 tiosaiaccipitur
2773 4889 2800 4925 a
2831 4867 3036 4926 Latinis
3061 4872 3453 4938 Scriptnribus,
3488 4867 3649 4937 atque
3697 4869 3813 4938 ipso
3843 4867 3891 4942 in

2299 4946 2488 5013 primis
2506 4936 2749 4999 Horatio.
2773 4944 3030 4998 Fortasse
3049 4936 3227 4996 autem
3253 4936 3611 5013 Hieronymus
3629 4936 3894 5013 acceperit

2301 5005 2395 5086 pro
2433 5017 2644 5081 villosa,
2677 5019 2793 5070 sive
2821 5031 2943 5086 qua:
2977 5017 3114 5079 peeti
3143 5014 3367 5086 deberet
3400 5005 3474 5066 nl;
3513 5013 3671 5086 pilus.
3725 5005 3895 5086 (ΞΜδοὶ

2298 5080 2421 5142 eam
2457 5097 2662 5158 vestrm
2696 5080 2980 5158 μαλλῶτιον
3009 5097 3228 5158 Vocant.
3274 5085 3602 5158 Prudentius
3649 5084 3703 5136 itt
3739 5080 3892 5158 llym:

2300 5158 2521 5227 [inpexa
2567 5147 2710 5230 villis
2754 5159 2893 5230 virgo
2925 5157 3243 5230 bestialibus.
3282 5155 3576 5230 El-IIQNUI'
3629 5147 3894 5224 superiori

2299 5232 2421 5294 lib.,
2473 5245 2618 5282 num.
2651 5227 2740 5288 40.
2779 5227 3060 5281 sordidam
3089 5233 3311 5280 tunicam
3344 5227 3508 5280 dixit.

2368 5299 2394 5342 ά
2434 5301 2663 5355 Gravius
2695 5301 2879 5354 mallet
2907 5316 3192 5370 propensus
3223 5315 3289 5352 ex
3326 5298 3420 5353 illo
3448 5296 3616 5353 Persii
3647 5313 3660 5348 :

2393 5437 2597 5501 Pinguis
2629 5435 2931 5498 aqualiculus
2950 5447 3198 5498 prepenso
3221 5432 3532 5496 sexquipede
3559 5437 3744 5481 exstat.

2373 5575 2395 5606 ε
2435 5565 2636 5624 lterum
2667 5579 2733 5622 ex
2764 5562 2952 5625 Pel‘ait)
2983 5563 3160 5618 Satira
3185 5578 3199 5616 I
3228 5578 3240 5616 :

2399 5687 2627 5742 ........Et
2650 5687 2786 5741 lusco
2808 5688 2890 5751 qui
2914 5689 3064 5758 possit
3083 5687 3256 5736 dicere
3280 5685 3484 5739 luscum.

2376 5797 2396 5842 ί
2440 5796 2604 5852 Iidem
2637 5810 2768 5852 mss.
2803 5810 2914 5850 ecce
2933 5810 3024 5866 ego
3046 5792 3302 5867 judicabo
3321 5793 3480 5864 juxta
3509 5789 3759 5847 Graronm
3791 5785 3898 5844 διαο

2301 5891 2472 5948 κρίνω.
