4068 6320
193 106 229 217 ί

167 292 266 373 Si?

1274 312 1650 371 ADVERSUS
1686 311 2109 375 JOVINIANUM
2149 313 2280 370 LIB.
2323 313 2385 369 ll.

3383 324 3511 381 518‘

174 434 238 501 Et
263 441 315 487 ut
344 433 613 491 sciremus
643 448 764 505 qua:
794 431 894 489 ista
940 431 1045 487 sint
1089 431 1196 505 [Αἰ.
1231 430 1381 503 sunt]
1412 444 1629 501 pecora,
1668 439 1777 488 sta-
1805 444 1854 509 Α
1882 442 1934 484 et
1963 431 2317 488 saluationem
2355 432 2541 504 utique
2572 434 2675 489 erit
2707 433 2996 493 diversitas
3040 436 3244 507 aliqua.
3272 437 3491 499 Neotton

176 526 264 581 tim
283 527 465 585 intulit
491 545 503 583 :
537 526 640 583 Vos
663 540 850 591 autem,
875 534 899 563 ε
923 541 1100 598 greges
1124 526 1245 591 mei,
1268 541 1383 583 ores
1406 539 1612 597 pascua:
1625 539 1772 586 tactv,

174 619 397 675 homines
421 619 563 679 estis.
595 617 831 689 ldipsum
856 633 984 689 ergo
1007 618 1108 673 erit
1145 618 1364 683 Paulus,
1392 626 1447 675 et
1478 616 1571 673 ille
1602 616 1774 685 pinni-

172 722 314 781 tens,
344 714 437 783 qui
466 729 588 768 curn
618 712 785 783 patris
806 727 973 771 uxore
993 711 1319 778 dormierat,
1354 711 1478 782 quia
1502 711 1556 773 in
1589 711 1774 769 Eccle—

172 811 307 869 siam
354 819 469 879 post
504 808 877 879 νωιιὴθιιιίιιιη
909 821 1163 877 receptus
1200 815 1328 869 est;
1363 817 1417 861 et
1446 806 1572 875 quia
1615 805 1774 862 simul

169 920 196 958 a
218 904 431 961 dextris
452 914 561 971 est,
589 903 643 962 in
672 902 862 959 eadem
886 918 1010 959 cum
1035 900 1305 970 Apostolo
1324 899 1575 957 claritate
1602 898 1772 968 fulge-

171 996 246 1051 bit
271 997 294 1051 ἵ
325 996 393 1054 Et
419 993 694 1068 quomodo
731 996 784 1055 in
814 1009 924 1055 uno
957 994 1139 1063 agello
1168 1008 1339 1062 usque
1365 991 1430 1049 ad
1459 1007 1691 1047 messem
1721 991 1774 1049 in

172 1088 276 1163 [AL
310 1088 391 1161 et]
419 1089 947 1148 consummationem
981 1086 1169 1145 mundi
1202 1085 1403 1143 zizania
1432 1084 1634 1155 pariter
1664 1083 1772 1139 t’ruo

168 1193 466 1253 mentoque
519 1183 915 1241 suecrt-sount?
969 1181 1083 1248 Qua
1146 1179 1531 1250 consequentia
1592 1180 1773 1249 pisces

167 1276 321 1345 boni,
377 1287 433 1333 et
484 1277 636 1344 mali,
692 1291 890 1347 sagena
938 1274 1044 1346 [ΑΙ.
1098 1272 1302 1344 sagina]
1351 1271 1554 1329 Christi
1584 1281 1631 1326 et
1667 1272 1772 1328 reti

166 1368 501 1439 Evangelico
526 1369 918 1427 continentur?
957 1368 1065 1424 Cur
1108 1367 1161 1422 in
1197 1375 1328 1438 typo
1377 1366 1661 1431 Ecclesiae,
1716 1365 1771 1423 in

163 1464 305 1525 Area
337 1462 474 1529 Nec,
506 1464 722 1523 diversa
751 1462 1027 1528 animalia,
1050 1470 1106 1519 et
1130 1476 1228 1533 pro
1253 1461 1519 1531 qualitate
1550 1459 1771 1516 merito-

162 1571 307 1623 rum.
340 1557 568 1615 diversa:
612 1564 739 1614 sunt
769 1554 1125 1615 mansiones?
1172 1553 1282 1613 Cur
1313 1554 1484 1609 astitit
1525 1553 1708 1621 regina
1739 1568 1769 1609 a

160 1648 374 1707 dextris
400 1649 612 1709 Domini
639 1648 746 1720 [ΑΙ.
772 1648 902 1721 tuis]
930 1651 981 1707 io
1009 1649 1209 1705 vestitu
1236 1648 1771 1714 deaurato,circum—

158 1741 280 1800 data
311 1743 614 1803 varietate?
643 1742 753 1800 Cur
781 1743 984 1813 loscph
1015 1744 1069 1802 in
1104 1743 1275 1801 forma
1308 1742 1535 1806 Christi,
1564 1743 1770 1799 variam

1874 525 1927 579 in
1958 526 2063 583 alio
2096 526 2215 581 loco
2251 545 2265 581 ;
2301 526 2391 583 Sic
2436 544 2549 593 nos,
2592 527 2786 597 inquit.
2820 528 3076 585 existimet
3107 528 3221 599 [AL
3261 530 3495 602 a'stintet]

1874 615 2025 671 homo
2070 617 2219 688 quasi
2248 618 2511 679 ministros
2539 616 2753 681 Christi.
2798 630 2844 672 et
2886 618 3274 688 dispensatores
3310 631 3496 691 myste-

1873 710 2073 765 riorum
2106 710 2200 765 Dei
2229 710 2337 784 [Al.
2371 711 2530 783 ejua].
2562 710 2667 764 Hic
2688 716 2804 783 jam
2836 713 3087 781 quiet-itur
3113 714 3249 769 inter
3286 712 3499 781 dispen-

1874 814 2091 870 satores,
2115 815 2168 857 ut
2197 803 2367 875 ﬁdelis
2391 805 2481 875 qui
2518 805 2809 861 inveniatur
2842 803 2891 875 (Ι
2925 804 3044 859 Cor.
3072 821 3148 869 tv,
3183 805 3236 869 1,
3268 805 3303 866 2
3328 809 3366 873 ).
3399 805 3494 864 Vis

1873 896 2035 963 scire,
2066 898 2317 967 quoniam
2340 897 2481 953 inter
2508 896 2945 965 disiieusatorem
2981 897 3493 969 etdispensatorem

1873 989 1945 1045 sit
1974 990 2141 1045 multa
2165 990 2419 1045 distantia
2452 990 2591 1060 (non
2620 989 2742 1044 dico
2785 989 2852 1045 de
2892 990 3050 1047 malis
3097 1000 3152 1047 et
3183 992 3362 1058 bonis,
3396 992 3493 1051 sed

1875 1081 1942 1136 de
1980 1080 2113 1153 ipsis
2140 1082 2297 1149 battis
2328 1083 2419 1152 qui
2448 1082 2515 1137 ad
2544 1082 2833 1137 dexteram
2880 1084 3051 1152 stant)
3079 1084 3101 1137 ?
3132 1084 3257 1141 audi
3290 1101 3493 1141 conse-

1874 1177 2093 1244 quentia
2121 1194 2133 1229 :
2170 1176 2414 1241 Nescitis,
2443 1178 2689 1247 quoniam
2704 1177 2791 1247 qui
2818 1179 3158 1248 insacrificiis
3181 1191 3485 1251 operantur,

1875 1271 1938 1323 de
1966 1270 2235 1341 sacriﬁciis
2257 1273 2571 1333 comedunt:
2603 1272 2692 1342 qui
2722 1272 2913 1329 altario
2942 1273 3263 1338 deserviunt,
3303 1276 3368 1329 de
3407 1276 3492 1329 al-

1875 1363 2007 1417 tario
2045 1362 2470 1433 participantur?
2500 1363 2590 1419 Sic
2610 1375 2658 1420 ct
2688 1362 2944 1419 Dominus
2976 1366 3230 1438 disposuit
3263 1369 3365 1431 his,
3401 1370 3494 1439 qui

1874 1455 2211 1529 Evangeliunt
2242 1458 2572 1524 annumiant,
2617 1458 2679 1511 de
2711 1458 2995 1531 Evangelia
3040 1462 3205 1517 rivere
3232 1479 3251 1516 :
3278 1480 3371 1536 ego
3398 1481 3494 1519 au-

1873 1561 1971 1605 tem
2000 1568 2100 1607 non
2126 1553 2310 1607 abutar
2343 1552 2531 1607 horum
2557 1550 2755 1623 aliqua.
2784 1553 2907 1607 Non
2935 1555 3120 1626 scripsi
3155 1567 3323 1613 autem
3352 1558 3485 1626 hac,

1874 1654 1926 1697 ut
1950 1645 2025 1701 sic
2057 1646 2183 1711 ﬁant
2208 1646 2260 1701 in
2286 1660 2381 1701 me.
2423 1644 2612 1701 Melius
2645 1654 2717 1703 est
2743 1647 2877 1702 enim
2907 1647 3036 1703 mihi
3073 1650 3206 1703 mori
3245 1667 3397 1721 quam
3430 1660 3488 1715 ut

1872 1736 2091 1809 gloriam
2133 1754 2295 1793 meam
2331 1738 2446 1809 quis
2486 1746 2715 1795 evacuet.
2754 1736 2814 1792 Si
2860 1739 2997 1792 enim
3048 1742 3481 1813 contigelizuvcro,

162 1835 349 1897 habuit
396 1838 679 1896 tunicam?
707 1837 816 1899 Cur
849 1838 1144 1906 Apostolus
1192 1838 1427 1907 l0quitnr
1454 1838 1520 1893 ad
1569 1837 1769 1894 Roma-
1800 1836 1847 1896 B
1874 1846 1977 1887 non
2020 1842 2090 1884 cst
2120 1830 2245 1887 mihi
2285 1830 2493 1904 gloria:
2524 1831 2800 1885 necessitas
2840 1831 3027 1903 quippe
3060 1833 3185 1887 mihi
3213 1836 3484 1892 incumbit.

158 1944 299 1985 nos:
357 1929 647 2000 Unicuique
674 1931 811 1987 sicut
845 1928 872 1973 ιδ
906 1930 1046 1987 Deus
1089 1930 1259 1987 divisit
1288 1946 1581 1987 mensuram
1609 1930 1731 1998 ﬁdei
1749 1930 1773 1984 ?

160 2020 313 2083 Sicut
338 2024 475 2077 enim
500 2023 557 2076 in
593 2039 696 2077 uno
743 2038 957 2092 corpOre
997 2020 1165 2079 multa
1216 2023 1441 2078 membra
1489 2022 1729 2075 habemus
1756 2061 1770 2085 ,

158 2116 335 2173 omnia
363 2124 534 2171 autem
570 2113 798 2171 membra
825 2129 928 2167 non
969 2113 1205 2171 eumdem
1236 2123 1406 2167 actum
1436 2112 1622 2169 habent
1654 2128 1672 2166 :
1704 2112 1776 2167 ita

154 2205 309 2265 multi
338 2222 498 2263 unum
529 2221 717 2275 corpus
767 2221 941 2263 sumus
996 2206 1050 2263 in
1099 2202 1325 2270 Christo,
1371 2204 1564 2277 singuli
1607 2213 1775 2260 autem

153 2298 293 2359 alter
346 2298 562 2361 alterius
616 2298 860 2357 membra.
934 2297 1196 2355 [labentes
1250 2307 1422 2353 autem
1471 2298 1777 2353 donationes

156 2394 448 2451 secundum
471 2393 714 2466 gratiam,
740 2408 857 2463 quw
886 2394 1011 2448 data
1038 2403 1111 2447 est
1130 2394 1293 2457 nobis,
1326 2390 1646 2458 di/ferentes,
1671 2393 1775 2447 sive

161 2483 504 2554 Prophetiam
517 2484 797 2545 secundum
819 2500 1113 2541 mensuram
1140 2484 1286 2553 ﬁdei,
1311 2484 1415 2539 sive
1435 2485 1775 2541 ministerium

160 2579 209 2631 in
240 2577 614 2643 ministrando,
644 2578 748 2631 sive
774 2578 861 2647 qui
888 2578 1033 2630 docet
1061 2578 1114 2631 in
1142 2578 1396 2637 doctrina,
1421 2577 1510 2647 qui
1534 2578 1776 2632 exhorta-

162 2680 242 2731 tur
270 2673 323 2727 in
354 2671 704 2737 exhortando,
737 2672 825 2742 qui
848 2672 1025 2729 tribuit
1054 2673 1108 2724 in
1136 2670 1485 2740 simplicitate,
1519 2674 1609 2742 qui
1632 2690 1769 2742 prte-

161 2775 233 2820 cst
265 2766 318 2821 in
344 2763 720 2830 sollicitudine,
759 2773 813 2821 et
841 2765 1047 2834 reliqua
1089 2764 1280 2834 (Rom.
1304 2780 1399 2827 xu,
1436 2765 1470 2817 5
1499 2764 1675 2835 seqq.)
1706 2765 1771 2819 Et

162 2857 215 2910 in
236 2858 348 2919 alio
380 2857 505 2913 loco
533 2875 547 2915 ι
577 2856 725 2919 Alius
739 2858 945 2930 judicat
977 2856 1113 2911 diem
1132 2856 1251 2929 plus
1270 2874 1425 2927 quam
1450 2857 1604 2921 diem,
1633 2855 1769 2911 alius

152 2950 361 3023 judicat
394 2967 597 3010 onmem
627 2951 781 3011 diem.
829 2949 1190 3019 Unusquisque
1223 2952 1276 3004 in
1306 2966 1399 3004 suo
1428 2967 1579 3004 sensu
1607 2950 1770 3005 abun-

161 3041 243 3095 det
277 3043 469 3112 (liam.
513 3057 624 3109 IIV,
775 3042 840 3099 Et
882 3041 949 3097 ad
981 3041 1295 3096 Corinthios
1322 3060 1334 3095 ι
1359 3039 1470 3114 Ego
1514 3040 1763 3107 plantaoi,

158 3134 325 3205 360
365 3133 565 3203 Apollo
608 3135 818 3207 rigavit,
866 3135 954 3189 sed
1001 3131 1142 3187 Deus
1190 3135 1557 3188 incrementum
1604 3135 1764 3189 dedit.

1886 1922 1976 1979 Va:
2005 1924 2138 1985 enim
2186 1925 2313 1980 mihi
2343 1933 2436 1988 est,
2474 1926 2517 1978 si
2566 1941 2670 1979 non
2714 1924 2824 1996 [AL
2874 1925 2997 1996 nisi)
3046 1927 3480 1999 evangelisavcro.

1880 2016 2021 2077 Nam
2072 2019 2117 2075 si
2166 2018 2423 2077 uoluntate
2471 2019 2565 2071 hoc
2614 2033 2710 2090 ago
2761 2016 2870 2088 [AL
2924 2017 3140 2090 fecere],
3199 2020 3485 2075 inci-cedem

1881 2110 2057 2169 habeo.
2096 2111 2155 2167 Si
2187 2120 2356 2169 autem
2388 2109 2589 2177 nolens,
2622 2110 2945 2181 dispensatio
2976 2112 3102 2169 mihi
3142 2114 3340 2168 credito
3383 2124 3480 2170 est.

1883 2203 2012 2270 Qua:
2039 2213 2112 2258 est
2134 2220 2254 2275 ergo
2283 2220 2473 2261 merces
2514 2220 2625 2261 utea
2652 2203 2676 2257 ?
2708 2202 2775 2260 Ut
2802 2204 3161 2277 cvangelisaits
3187 2206 3345 2280 361
3374 2207 3486 2261 sine

1877 2306 2109 2366 sumptu,
2163 2313 2354 2368 ponant
2405 2295 2744 2367 Evangelium
2791 2296 3025 2363 Christi;
3054 2309 3108 2351 ut
3159 2316 3259 2352 non
3298 2298 3485 2353 abutar

1881 2398 2150 2457 potestate,
2179 2406 2294 2459 qua!
2321 2390 2444 2443 data
2470 2400 2541 2445 est
2586 2387 2713 2445 mihi
2740 2389 2791 2442 in
2824 2388 3129 2462 Evangelia.
3176 2389 3303 2445 Cum
3348 2392 3484 2445 enim

1877 2498 2037 2537 essem
2065 2480 2215 2549 liber,
2247 2498 2312 2535 ea:
2330 2481 2562 2543 omnibus
2586 2482 2811 2539 omnium
2833 2480 2942 2552 [AL
2978 2482 3235 2554 omnibus]
3269 2500 3345 2536 me
3372 2500 3482 2537 ser-

1878 2590 1995 2628 vum
2023 2575 2152 2644 feci,
2176 2583 2233 2629 ut
2262 2574 2437 2644 plures
2466 2572 2826 2643 lurrifaccrem
2854 2575 2909 2646 (I
2939 2573 3057 2630 Cor.
3090 2591 3167 2640 ιι,
3197 2575 3261 2630 15
3298 2578 3478 2648 seqq).

1876 2669 2146 2739 Numquid
2198 2680 2350 2740 potes
2398 2670 2579 2727 dicere
2624 2685 2855 2739 peccaro
2887 2686 3005 2737 eos,
3048 2672 3141 2739 qui
3175 2671 3365 2726 vivunt
3413 2671 3485 2729 de

1876 2764 2192 2834 Evangelia,
2242 2774 2295 2817 et
2323 2765 2412 2832 qui
2460 2763 2529 2819 de
2568 2764 2852 2819 sacriﬁciis
2892 2766 3330 2834 participantur?
3364 2766 3479 2820 Uti—

1872 2873 1976 2928 que
2004 2873 2110 2915 non
2138 2873 2152 2921 ;
2187 2858 2450 2912 Dominus
2482 2855 2623 2911 enim
2652 2856 2943 2925 diSposuit,
2973 2868 3024 2912 ut
3055 2858 3143 2927 qui
3181 2858 3480 2926 pra'dicant

1875 2950 2245 3019 Erangnlitnn,
2278 2949 2347 3004 de
2380 2949 2671 3019 Evangelio
2701 2948 2918 3006 vivant:
2954 2949 3249 3017 Apostolus
3295 2961 3476 3005 autem

1872 3044 1959 3114 qui
1992 3060 2097 3101 non
2138 3042 2381 3103 abutitur
2415 3042 2515 3097 hac
2549 3042 2790 3107 licentia,
2837 3041 2934 3097 sed
2969 3042 3177 3097 laborat
3222 3043 3477 3098 manibus

1872 3138 2005 3199 suis.
2042 3153 2109 3193 ne
2149 3151 2308 3207 quem
2354 3144 2563 3205 gravet,
2607 3144 2661 3191 et
2688 3135 2776 3194 die
2819 3150 2883 3191 ac
2915 3146 3077 3191 nocte
3108 3147 3387 3205 operatur,
3423 3144 3479 3189 et

158 3226 349 3297 Itaque
380 3243 547 3297 neque
569 3228 657 3297 qui
705 3226 904 3295 plantat
931 3236 1005 3280 est
1035 3225 1263 3296 aliquid:
1300 3244 1459 3298 neque
1486 3228 1575 3297 qui
1613 3229 1766 3299 rigat,
1799 3228 1844 3291 ί]
1877 3232 2152 3297 ministrat
2177 3231 2259 3291 his
2286 3232 2375 3300 qui
2407 3245 2589 3289 secum
2623 3239 2769 3295 sunt,
2818 3232 3003 3301 utique
3044 3232 3165 3285 ideo
3195 3231 3297 3285 hoc
3326 3231 3473 3295 facit,

154 3322 243 3377 sed
265 3323 361 3392 qui
392 3323 765 3377 incrementum
788 3322 875 3375 dat
903 3319 1063 3375 Deus.
1094 3321 1195 3388 Qui
1216 3320 1413 3390 plantat
1436 3332 1481 3373 et
1499 3322 1587 3391 qui
1614 3322 1767 3393 rigat,

157 3430 321 3467 ununt
376 3420 525 3469 sunt.
576 3410 939 3482 Unusquisque
985 3421 1153 3465 autem
1185 3412 1451 3482 propriam
1490 3412 1771 3465 mercedem

154 3508 373 3575 accipiet
388 3504 675 3562 secundum
693 3522 843 3562 suum
864 3503 1112 3560 laborem.
1140 3504 1234 3565 Dei
1256 3504 1389 3559 enim
1410 3522 1584 3558 sanius
1612 3506 1766 3576 adjuv

157 3608 305 3653 tores.
370 3597 477 3654 Dei
537 3596 856 3669 agricultura
908 3609 929 3637 ε
977 3604 1115 3659 estis,
1175 3595 1269 3651 D‘ei
1321 3597 1598 3666 testificatio
1650 3598 1770 3651 estis

153 3689 194 3759 (Ι
225 3690 346 3747 Cor.
384 3707 468 3757 ιιι,
505 3692 541 3747 6
568 3689 758 3761 seqq).
794 3691 856 3749 Et
881 3704 1096 3747 rursum
1128 3690 1292 3745 alibi:
1330 3690 1623 3745 Secundum
1652 3707 1771 3763 gra-

155 3787 273 3843 tiam
326 3786 452 3851 Dei,
503 3803 625 3857 qua?
654 3787 775 3845 data
803 3795 879 3840 est
930 3783 1076 3850 mihi,
1116 3794 1171 3841 ut
1217 3784 1421 3855 sapiens
1464 3783 1770 3839 architectus

152 3879 562 3947 [undantentum
605 3878 774 3948 posui,
803 3876 938 3935 alius
981 3886 1149 3938 autem
1187 3875 1587 3948 superwdi/icat.
1624 3874 1773 3929 Fun-

150 3969 445 4034 damentum
474 3970 627 4025 enim
656 3968 803 4027 aliud
832 3985 979 4027 nemo
1005 3977 1167 4037 potest
1190 3984 1396 4039 ponere,
1429 3978 1771 4038 prwterquam

150 4060 198 4112 id
223 4063 363 4134 quod
407 4064 653 4135 positum
678 4068 773 4125 est,
816 4058 955 4129 quod
991 4070 1062 4113 est
1095 4056 1331 4114 Christus
1360 4057 1535 4117 Iesus.
1567 4060 1627 4115 Si
1656 4060 1770 4129 quis

156 4166 319 4211 autem
356 4154 758 4227 superwdiﬁoat
797 4171 845 4207 si
862 4170 950 4225 per
998 4154 1387 4223 fundamentum
1416 4158 1532 4217 hoc,
1562 4171 1768 4218 aurum,

156 4261 442 4320 argentum,
490 4248 703 4321 lapides
729 4248 999 4319 pretiosos,
1030 4246 1193 4319 ligna,
1224 4252 1424 4317 fenum,
1480 4246 1769 4319 stipulam:

156 4340 567 4414 uniuscujusque
595 4356 728 4411 opus
743 4340 1026 4410 apparebit.
1049 4335 1076 4377 ἀ
1100 4338 1218 4393 Dies
1239 4340 1377 4399 enim
1402 4337 1609 4395 Domini
1633 4337 1769 4397 illud

157 4434 526 4504 manifestabit,
544 4433 801 4505 quoniam
819 4432 875 4491 in
898 4433 1014 4505 igne
1038 4428 1365 4494 revelabitur,
1386 4441 1430 4489 et
1447 4430 1772 4502 singulorum

156 4538 278 4593 Opus
303 4526 456 4597 quale
478 4528 569 4589 sit.
607 4526 747 4599 ignis
772 4525 1025 4597 probabit.
1047 4523 1108 4585 Si
1152 4525 1298 4593 cujus
1335 4538 1466 4591 Opus
1489 4524 1731 4587 plauserit
1752 4566 1768 4589 ,

1876 3337 1933 3379 ιιι
1963 3325 2083 3395 plus
2114 3324 2391 3388 laborans,
2424 3324 2544 3392 plus
2575 3323 2781 3392 aliquid
2819 3323 3087 3377 mercedis
3114 3324 3364 3377 accipiat.

1944 3418 2036 3477 25.
2078 3416 2372 3477 Curramus
2431 3417 2496 3470 atl
2551 3417 2773 3486 reliqua.
2836 3416 3125 3471 Diristones
3183 3416 3469 3486 gratiarum

1874 3520 2012 3577 sunt,
2044 3511 2178 3569 idem
2214 3520 2388 3566 autem
2431 3511 2676 3582 Spiritus.
2715 3508 2783 3565 Et
2822 3511 3130 3565 diuersiones
3163 3506 3474 3561 ministerio-

1874 3619 1988 3658 rum
2026 3612 2164 3667 sum.
2198 3602 2335 3661 idem
2359 3612 2530 3661 autem
2556 3601 2838 3658 Dominus.
2886 3602 2949 3656 Et
2981 3603 3257 3656 divisiones
3286 3616 3474 3665 apera-

1875 3696 2071 3753 tionunt
2107 3694 2214 3766 [AL
2247 3694 2579 3767 Operationis]
2620 3706 2760 3757 sunt,
2797 3696 2932 3749 idem
2968 3704 3135 3749 autem
3183 3692 3341 3756 Deus,
3386 3694 3475 3761 qui

1874 3798 2116 3855 Operatur
2146 3789 2318 3848 omnia
2348 3789 2401 3845 in
2434 3788 2687 3843 omnibus.
2732 3786 3021 3855 Unicuique
3048 3796 3219 3837 autem
3249 3782 3371 3835 data
3403 3793 3478 3838 est

1876 3890 1899 3916 υ
1929 3881 2197 3952 adapertio
2228 3880 2458 3949 Spiritus
2475 3882 2632 3951 juxta
2662 3880 2716 3933 id
2742 3881 2879 3950 quod
2907 3876 3112 3949 expedit
3154 3874 3195 3947 (Ι
3226 3873 3342 3929 Cor.
3374 3893 3472 3943 xu,

1872 3972 1906 4027 4
1936 3978 2128 4044 seqq).
2166 3974 2230 4033 Et
2261 3973 2457 4031 iit-rum
2490 3988 2503 4023 :
2539 3971 2686 4031 Sicut
2716 3988 2899 4040 corpus
2924 3985 3085 4025 unum
3108 3977 3201 4031 est,
3235 3978 3283 4020 et
3320 3986 3476 4021 utcm-

1875 4068 1965 4121 bra
2004 4070 2159 4139 plura
2185 4065 2336 4124 habet
2364 4082 2382 4120 :
2414 4065 2586 4129 omnia
2614 4076 2784 4125 autem
2817 4066 3045 4119 membra
3071 4060 3311 4128 corporis
3356 4076 3475 4114 cum

1873 4163 1975 4217 sint
2003 4162 2187 4223 multa,
2212 4176 2373 4219 unum
2397 4176 2583 4230 corpus
2602 4170 2707 4225 est;
2729 4160 2803 4213 sic
2817 4168 2863 4211 et
2888 4158 3123 4212 Christus
3144 4153 3336 4224 (Ibid.,
3361 4154 3474 4223 Η).

1878 4252 2077 4311 Verum
2128 4268 2197 4308 ne
2237 4252 2389 4307 dicas
2437 4254 2486 4305 in
2538 4268 2643 4309 uno
2691 4266 2922 4320 oorpore
2968 4250 3182 4305 diversa
3229 4247 3475 4302 membra

1875 4360 2038 4403 unum
2072 4343 2273 4400 habere
2308 4344 2586 4408 meritum,
2627 4342 2810 4401 statim
2840 4342 3038 4410 gradus
3067 4338 3328 4394 describit
3371 4336 3476 4391 Ec.

1873 4438 2076 4501 etesia},
2104 4446 2157 4495 et
2180 4439 2254 4493 ait
2280 4455 2293 4489 :
2327 4436 2592 4504 Quosdam
2622 4436 2829 4503 quidem
2852 4438 3024 4505 posuit
3048 4434 3190 4487 Deus
3212 4432 3267 4485 in
3298 4430 3480 4486 Eccle-

1873 4531 1972 4593 sia,
1997 4531 2223 4599 primum
2243 4528 2537 4600 Apostolus,
2572 4528 2798 4581 secundo
2822 4524 3135 4598 Prttphctas,
3168 4526 3315 4579 tertio
3340 4522 3478 4577 Doc-

154 4618 286 4685 quod
312 4618 791 4691 supera’tliﬁcavit,
816 4619 1093 4681 ntercedcnt
1112 4616 1346 4687 accipiet.
1372 4615 1434 4678 Si
1460 4620 1610 4688 cuius
1639 4634 1767 4686 opus
1796 4630 1849 4689 1)
1875 4633 2032 4687 tores,
2059 4620 2075 4663 ῖ
2098 4623 2281 4677 deinde
2310 4624 2539 4685 virtutes,
2574 4632 2619 4673 et
2650 4622 2843 4692 gratias
2874 4622 3217 4686 curationum,
3252 4618 3479 4692 epitula-

156 4711 351 4772 arserit,
395 4712 775 4775 detrimentum
803 4712 1047 4783 patietur.
1075 4708 1198 4779 Ipse
1218 4718 1391 4767 autem
1430 4705 1603 4767 salvus
1647 4710 1767 4775 erit,

155 4798 225 4853 iit:
252 4810 423 4865 tamen
444 4807 603 4878 quasi
637 4821 729 4874 per
758 4805 925 4879 ignem
956 4803 1147 4880 (Ibid,
1178 4803 1246 4863 10
1274 4804 1464 4874 seqq).
1509 4803 1568 4857 Si
1601 4807 1646 4857 is
1675 4819 1768 4863 eu-

154 4890 239 4959 jus
266 4907 401 4965 Opus
429 4900 593 4965 arsit,
622 4906 680 4957 et
709 4896 891 4969 periit,
924 4909 978 4953 et
1003 4898 1260 4959 damnum
1282 4898 1541 4953 sustinuit
1570 4894 1773 4961 laboris

161 4986 259 5054 sui,
289 4989 482 5059 perdet
503 4991 736 5061 quidem
759 4991 962 5055 laboris
979 4989 1086 5063 [ΑΙ.
1112 4989 1317 5062 operis]
1342 4990 1648 5061 prmminm,
1674 4989 1770 5049 sed

160 5074 273 5143 ipse
303 5083 637 5150 salvahitut‘,
669 5098 776 5143 non
810 5092 991 5143 tamen
1014 5083 1219 5153 absque
1248 5082 1567 5152 probatione
1588 5082 1769 5153 ignis:

163 5181 286 5241 ergo
316 5174 361 5228 is
392 5175 554 5245 cujus
593 5190 736 5244 opus
779 5176 1060 5241 manserit,
1108 5176 1250 5253 quod
1287 5178 1767 5248 supcrmdilicavit,

165 5262 274 5325 sine
293 5265 436 5343 ignis
468 5267 803 5343 probatione
821 5266 1142 5339 salvabitur,
1166 5277 1219 5325 et
1242 5269 1386 5329 inter
1410 5270 1766 5333 saltationem

230 5423 637 5498 “Nemnensis
681 5442 858 5498 greges
892 5426 1014 5488 mei,
1060 5441 1239 5496 greges
1268 5439 1475 5494 pascuae
1502 5439 1662 5488 mea;
1713 5433 1769 5478 et

163 5495 314 5566 patilo
344 5506 487 5564 post.
518 5498 651 5566 quia
682 5495 839 5557 senirl
865 5514 895 5551 a
923 5495 1241 5566 dextrisest.

227 5563 251 5602 ι)
296 5563 411 5621 Duo
436 5563 595 5631 niss.,
628 5568 918 5637 secundum
948 5567 1085 5637 quod
1115 5564 1255 5637 Dens
1282 5564 1475 5625 divisit.

231 5647 251 5675 ε
289 5636 455 5698 Iidem
487 5653 651 5712 iussu
690 5636 795 5712 Dei
818 5635 1161 5712 agricultura,
1188 5635 1284 5695 Dei
1311 5636 1585 5705 adiﬁcatio
1608 5637 1727 5691 estis
1754 5655 1771 5703 ;

159 5714 206 5765 et
233 5724 375 5782 quas,
407 5709 540 5776 mihi
563 5709 722 5782 quasi
758 5709 962 5779 sapiens
990 5710 1319 5773 architectus.

226 5778 251 5815 ά
292 5782 486 5848 iidem,
546 5778 659 5835 dies
688 5781 832 5835 illud
878 5782 1244 5852 munitestabit,
1289 5780 1493 5850 alisque
1543 5779 1773 5849 Domini,

169 5852 302 5921 quod
346 5868 548 5909 nomen
603 5866 792 5924 neque
832 5854 884 5908 in
916 5851 1107 5908 Graeco
1144 5852 1393 5907 habetur.
1448 5853 1675 5921 Deinde,
1720 5863 1777 5909 ut

1874 4715 2058 4778 tiones,
2123 4712 2540 4786 gubernationes,
2590 4731 2778 4785 genera
2826 4713 3146 4783 linguarum.
3204 4712 3477 4783 Numquid

1874 4823 2050 4861 omnes
2086 4806 2361 4874 Apostoli?
2390 4807 2637 4875 numquid
2667 4821 2841 4858 omnes
2878 4803 3197 4876 PrOphetw?
3226 4806 3477 4874 numquid

1875 4913 2048 4958 (mines
2092 4896 2381 4950 Doctores?
2424 4895 2673 4965 numquid
2716 4910 2888 4949 omnes
2941 4895 3186 4948 virtutes?
3230 4896 3479 4962 numquid

1877 5006 2049 5049 omnes
2093 4988 2315 5062 gratiam
2364 4988 2549 5044 habent
2595 4989 2955 5042 curationum?
3002 4989 3254 5058 numquid
3306 5005 3477 5044 omnes

1874 5084 2066 5156 linguis
2121 5082 2439 5153 loquuntur?
2494 5084 2746 5154 numquid
2804 5100 2978 5139 omnes
3036 5085 3481 5154 interpretantur?

1876 5177 1951 5232 1E
1960 5177 2225 5231 mulamini
2252 5188 2420 5232 autem
2447 5178 2584 5235 dona
2624 5180 2844 5251 majora,
2877 5191 2921 5234 et
2944 5180 3112 5237 adhuc
3139 5178 3476 5235 excellentio-

1876 5288 1983 5325 rem
2014 5273 2145 5325 riam
2175 5271 2310 5325 vobis
2340 5272 2632 5327 demonstro
2682 5273 2875 5344 (lbid.,
2904 5275 2976 5330 ‘28
2996 5273 3183 5345 seqq.).
3232 5275 3479 5341 Cumque

1873 5426 2194 5499 singulorum
2228 5441 2382 5495 opus,
2411 5436 2515 5485 etc.
2550 5425 2814 5493 Denique,
2848 5430 2999 5496 cujus
3041 5433 3210 5475 autem
3236 5439 3365 5486 opus
3388 5439 3479 5475 ar.

1874 5502 2015 5552 serit.

1951 5580 1973 5607 ε
2015 5572 2188 5625 Antea
2213 5578 2330 5624 erat
2355 5570 2607 5635 operatio.
2643 5567 2847 5621 Contra
2879 5582 3010 5619 mss.
3046 5580 3260 5631 omnes,
3306 5576 3359 5618 nt
3395 5582 3484 5621 re.

1877 5645 2179 5707 posuimus,
2239 5640 2770 5714 adapertio;Grazco
2804 5638 2965 5692 etiam
3028 5638 3243 5692 favente
3303 5647 3475 5707 textu,

1878 5718 2180 5794 φανερῲσις.
2216 5715 2360 5794 llos,
2390 5716 2523 5779 sicut
2551 5713 2686 5765 enim
2708 5725 2896 5780 corpus
2936 5724 3094 5763 unum
3116 5719 3211 5779 est,
3242 5722 3292 5767 et
3322 5727 3481 5770 mento

1880 5789 1975 5857 bro
1995 5786 2219 5857 plurima
2240 5786 2408 5840 habet.

1960 5853 2183 5924 f'Falso
2209 5866 2368 5913 antea
2392 5866 2529 5926 erat,
2560 5853 2780 5929 denique
2802 5869 2902 5928 pro
2927 5856 3133 5916 deinde.
