4068 6330
528 344 638 404 819

1762 344 1818 400 S.
1867 345 2142 402 EUSEDll
2185 344 2565 401 llll'IRONYMl

3732 349 3831 402 5.9.0

529 463 598 521 de
626 462 908 520 charitatis
940 461 1230 517 virtutibus
1272 462 1435 517 latius
1470 461 1825 532 disputasset,
1878 464 2077 533 adjecit
2106 481 2119 517 :
2150 462 2199 525 Λ
2224 462 2357 532 justi
2397 461 2643 516 claritate
2681 460 2816 515 solis
2862 460 3074 515 luceant
3108 459 3215 532 [ΑΙ.
3249 460 3537 535 fulgeant],
3576 470 3631 517 et
3662 463 3750 533 qui
3781 465 3830 518 in

530 556 653 613 Sive
699 554 997 628 Prophetia:
1030 557 1439 621 evacuabuntur,
1471 558 1576 611 sive
1616 556 1813 628 lingute
1838 559 2130 625 cessabunt,

527 648 635 704 sive
660 648 876 701 scientia
895 647 1207 701 destruetur.
1241 646 1326 701 Ea:
1353 657 1498 720 parte
1527 649 1662 702 enim
1688 651 2061 720 cognoscimus,
2086 658 2135 703 et

527 756 595 795 ex.
621 749 767 812 parte
794 741 1182 812 praphetamus.
1223 739 1351 794 Cum
1379 751 1548 794 autem
1595 743 1787 796 venerit
1832 744 1970 814 quod
2013 760 2133 817 per-

534 836 725 905 fectum
750 834 1195 897 est,evacuabitur
1214 834 1352 904 quod
1377 850 1440 888 ex
1454 844 1599 906 parte
1617 845 1691 889 est
1717 835 1760 908 (l
1784 834 1900 890 Cor.
1919 854 1992 901 Ix,
2021 835 2132 907 10).

535 925 609 981 Ει
640 927 691 980 in
726 936 753 964 α
780 920 1281 995 consequentibus:
1331 927 1490 981 Nunc
1517 939 1688 982 autem
1732 941 1939 984 manent
1985 931 2136 1001 fides,

536 1035 674 1089 spes,
705 1026 752 1072 et
792 1019 1040 1083 charitas,
1087 1019 1184 1073 tria
1221 1018 1350 1073 hare.
1398 1018 1576 1092 Major
1624 1032 1796 1074 autem
1837 1023 2019 1077 horum
2064 1034 2137 1077 est

539 1113 767 1165 eharitas
792 1109 983 1180 (Ibid.,
1010 1112 1120 1182 15).
1152 1111 1435 1167 Sectamini
1465 1115 1791 1181 charitatem,
1821 1118 2138 1171 aemulamini

534 1204 849 1276 spiritualia,
884 1206 1046 1276 magis
1075 1214 1243 1258 autem
1269 1216 1322 1257 ut
1347 1206 1660 1278 prophetetis
1688 1209 1732 1276 (l
1758 1207 1877 1263 Cor.
1912 1225 2027 1270 XIV,
2060 1209 2136 1283 1).

538 1296 611 1353 Ει
636 1299 831 1352 iterum
857 1314 871 1352 :
910 1297 1041 1352 Volo
1068 1308 1237 1352 autem
1259 1316 1432 1354 onmes
1454 1316 1541 1354 vos
1570 1302 1710 1372 loqui
1730 1301 1943 1373 linguis,
1976 1306 2141 1378 magis

538 1407 709 1450 autem
736 1399 1065 1470 prophetare.
1093 1399 1230 1453 Nam
1258 1401 1427 1469 major
1455 1412 1529 1457 est
1558 1405 1646 1474 qui
1670 1405 1956 1476 prophetat,
1986 1422 2141 1477 quam

537 1490 626 1561 qui
652 1489 879 1562 loquitur
902 1493 1094 1561 linguis
1120 1491 1315 1561 (Ibid.,
1344 1495 1424 1563 5).
1453 1494 1517 1548 Et
1541 1511 1756 1550 rursum
1783 1516 1793 1550 :
1821 1498 1982 1571 362
2007 1497 2142 1553 Gra—

538 1584 636 1636 tias
663 1600 760 1654 ago
792 1581 923 1647 Deo,
968 1585 1109 1657 quod
1141 1588 1366 1640 omnium
1409 1598 1631 1642 vestrum
1673 1588 1701 1627 ιι
1743 1592 1908 1660 magis
1947 1592 2142 1661 linguis

537 1673 720 1744 loquor
754 1672 942 1747 (lbid.,
976 1674 1086 1745 18).
1124 1674 1223 1731 Ubi
1267 1676 1482 1733 diversa
1523 1689 1649 1733 sunt
1695 1679 1859 1746 dona,
1906 1690 1960 1735 et
2005 1682 2142 1737 alius

540 1767 734 1836 major,
775 1766 915 1822 alius
942 1768 1121 1823 minor
1152 1778 1257 1836 est,
1285 1779 1339 1825 et
1380 1786 1572 1827 omnes
1602 1773 1917 1841 Spirituales
1958 1774 2147 1841 appel-

2239 554 2489 625 sequenti
2536 553 2703 625 gradu
2754 564 2902 621 sunt,
2955 554 3099 608 luna:
3148 553 3443 624 splendore
3490 556 3735 621 rntilent,
3780 567 3837 612 ut

2238 645 2373 700 alius
2408 645 2625 701 Lucifer
2654 647 2749 712 sit,
2796 646 2937 701 alius
2978 646 3265 711 Arcturus,
3298 647 3439 701 alitis
3464 647 3656 718 Orion,
3702 649 3837 705 alius

2244 747 2266 773 ο
2298 738 2603 803 Maznrotlt,
2645 747 2701 793 et
2740 747 2938 793 cmtera
2970 738 3250 793 stellarum
3282 739 3569 806 vocabula,
3599 756 3719 810 qua:
3756 754 3841 793 sa-

2240 840 2426 893 eratae,
2470 832 2522 886 in
2558 831 2660 886 Job
2700 831 2978 887 volumine
3017 831 3178 903 363
3223 832 3603 886 continentur.
3656 831 3840 887 Omnes

2240 924 2398 990 enim,
2430 925 2526 989 ait,
2552 924 2875 994 manifestari
2901 939 2991 976 nos
3013 932 3208 994 Oportet
3239 933 3358 976 ante
3378 922 3603 977 tribunal
3626 922 3836 991 Christi,

2242 1024 2297 1068 ut
2324 1015 2537 1086 recipiat
2567 1016 2915 1085 unusquisque
2942 1030 3057 1085 qua:
3083 1015 3237 1085 gessit
3269 1029 3359 1086 per
3382 1031 3590 1086 corpus,
3619 1016 3723 1070 sive
3751 1016 3842 1069 bac

2243 1126 2384 1176 num,
2432 1111 2536 1163 sive
2562 1109 2755 1163 malum
2798 1110 2867 1179 (ll
2897 1107 3017 1163 Cor.
3050 1125 3102 1170 v,
3136 1108 3249 1180 10).
3295 1110 3371 1163 Ac
3406 1127 3472 1163 ne
3510 1109 3735 1166 forsitan
3763 1111 3844 1165 di-

2243 1216 2354 1265 cas,
2386 1212 2511 1255 ante
2561 1201 2796 1257 tribunal
2824 1199 3027 1255 Christi
3060 1215 3161 1255 nos
3203 1200 3565 1265 manifestari,
3616 1213 3672 1256 ut
3717 1202 3843 1256 boni

2243 1295 2408 1357 bona,
2434 1294 2560 1349 mali
2593 1294 2864 1364 recipiant
2891 1297 3053 1360 mala,
3081 1294 3133 1347 itt
3158 1293 3348 1347 eadem
3374 1293 3623 1363 Epistola
3646 1296 3804 1349 docet
3829 1313 3843 1350 :

2247 1386 2351 1451 Qui
2395 1402 2547 1456 parce
2578 1388 2819 1451 seminat,
2850 1402 3006 1457 parce
3044 1396 3090 1440 et
3130 1396 3300 1451 metet,
3331 1397 3376 1441 et
3415 1388 3500 1458 qui
3539 1389 3757 1441 seminat
3794 1388 3844 1441 in

2246 1481 2701 1547 benedictionibus,
2743 1480 2807 1535 de
2847 1480 3289 1535 benedictionibus
3327 1492 3373 1535 et
3413 1490 3564 1536 metet
3615 1481 3681 1551 (ll
3729 1481 3844 1537 Cor.

2246 1590 2321 1639 ix,
2355 1574 2434 1647 6).
2467 1573 2630 1628 Certe
2661 1582 2717 1628 et
2758 1573 2851 1643 qui
2898 1573 3040 1643 plus,
3073 1583 3128 1627 et
3168 1572 3258 1643 qui
3293 1572 3469 1627 minus
3500 1574 3756 1640 seminat,
3783 1573 3847 1630 de

2246 1674 2399 1737 parte
2423 1674 2550 1721 sunt
2570 1666 2781 1721 dextra.
2815 1666 3027 1721 Etcum
3061 1682 3226 1721 unum
3259 1668 3527 1722 sementis
3550 1683 3726 1737 genus
3756 1669 3843 1735 sit,

2250 1771 2430 1815 tamen
2489 1776 2745 1816 mensura
2804 1769 2858 1815 et
2904 1776 3133 1816 numero
3188 1761 3468 1817 dill‘erunt.
3527 1763 3737 1819 Scribit
3784 1763 3844 1817 ad

539 1856 744 1924 lantur,
781 1868 936 1915 certe
968 1875 1100 1915 oves
1140 1871 1291 1926 sunt,
1321 1871 1373 1917 et
1402 1872 1548 1917 stant
1580 1879 1609 1918 a
1650 1864 1885 1929 dextris,
1918 1873 1973 1920 et
2004 1866 2145 1920 inter

2261 1853 2515 1921 Ephesios
2548 1853 2690 1908 idem
2715 1852 2915 1908 Paulus
2946 1871 2959 1907 :
2996 1853 3063 1908 Ut
3092 1864 3210 1908 nota
3238 1856 3383 1925 ﬁeret
3417 1872 3552 1909 nunc
3583 1857 3846 1928 principa-

544 1964 701 2005 ovem
744 1961 799 2005 et
836 1966 993 2005 ovem
1040 1962 1122 2005 est
1151 1952 1332 2020 aliqua
1376 1954 1686 2010 diversitas.
1728 1955 1995 2026 Loquitur
2024 1958 2145 2026 qui-

546 2041 672 2098 dem
703 2042 773 2099 de
806 2042 1110 2099 humilitate
1142 2045 1336 2099 Paulus
1382 2046 1678 2116 Apostolus
1707 2067 1719 2101 :
1764 2047 1877 2119 Ego
1908 2065 2017 2102 sum
2049 2066 2148 2102 no-

541 2136 779 2190 vissimus
804 2136 1192 2208 Apostolorum,
1214 2140 1303 2209 qui
1329 2156 1430 2192 non
1453 2157 1566 2194 sum
1593 2141 1777 2211 dignus
1805 2143 1979 2195 vocari
2007 2141 2148 2211 Apo-

544 2228 725 2292 stolus,
755 2230 879 2300 quia
904 2240 1200 2301 persecutus
1230 2248 1344 2285 sum
1368 2230 1651 2287 Ecclesium
1683 2232 1796 2288 Dei.
1827 2232 2008 2288 Gratia
2047 2251 2145 2288 au-

545 2328 646 2374 tem
672 2319 771 2375 Dei
810 2338 925 2375 sum
952 2322 1006 2375 id
1046 2324 1183 2394 quod
1212 2341 1345 2386 sum,
1375 2335 1421 2378 et
1452 2327 1621 2397 gratia
1647 2329 1762 2399 ejus
1796 2328 1851 2380 in
1886 2344 1964 2382 me
1990 2343 2149 2381 vacua

548 2431 651 2468 non
683 2417 805 2486 fuit,
837 2417 926 2470 sed
952 2418 1181 2486 amplius
1207 2420 1444 2474 omnibus
1489 2421 1597 2477 illis
1626 2422 1871 2477 laboravi.
1905 2421 2027 2476 Non
2055 2439 2149 2493 ego

544 2516 753 2578 autem;
806 2519 827 2544 “-
875 2510 965 2564 sed
1007 2512 1175 2581 gratia
1215 2510 1311 2565 Dei
1332 2529 1449 2583 qua:
1488 2515 1541 2568 in
1583 2531 1661 2568 me
1703 2524 1775 2569 est
1806 2514 1849 2586 (l
1888 2514 2006 2570 Cor.
2050 2529 2146 2579 xv,

547 2600 601 2663 9.
646 2601 759 2670 10).
791 2602 1177 2660 Verumtamen
1210 2604 1264 2660 in
1298 2621 1363 2661 eo
1392 2607 1536 2676 quod
1567 2623 1627 2663 se
1658 2608 1931 2673 hnmiliat,
1966 2618 2153 2663 osten-

546 2691 628 2747 dit
645 2708 805 2762 posse
829 2696 1121 2764 Apostolos
1143 2697 1282 2750 alios
1301 2698 1560 2763 minores,
1592 2698 1729 2753 alios
1746 2713 1869 2754 esse
1892 2699 2149 2769 majores,

546 2794 602 2839 et
629 2787 719 2853 qui
766 2787 951 2856 utique
981 2804 1073 2842 vas
1114 2789 1403 2844 electionis
1434 2790 1656 2855 dicitur,
1689 2798 1743 2844 et
1774 2792 1985 2845 cunctis
2033 2804 2150 2844 am-

549 2875 689 2944 plius
720 2877 1009 2945 laboravit,
1044 2896 1152 2935 non
1182 2890 1267 2936 est
1296 2881 1533 2951 iujustus
1572 2883 1738 2948 Deus,
1781 2894 1840 2938 tit
1869 2884 2156 2938 oblivisca-

549 2974 638 3021 tur
670 2969 853 3036 operis
882 2970 1021 3038 ejus,
1051 2981 1107 3027 et
1139 2972 1329 3041 diSpar
1374 2976 1626 3029 meritum
1671 2978 1866 3047 aequali
1902 2978 2154 3033 mercede

551 3070 888 3128 compenset.
933 3063 1143 3120 Dehinc
1190 3067 1457 3136 legimus:
1486 3070 1632 3123 Sicut
1671 3071 1724 3124 in
1764 3071 1929 3124 Adam
1980 3089 2153 3126 onmes

550 3154 861 3219 moriuntur,
888 3156 960 3208 ita
987 3167 1035 3212 et
1051 3159 1102 3212 in
1125 3158 1329 3213 Christo
1347 3178 1520 3217 omnes
1541 3165 1969 3235 viviﬁcabuntur;
1992 3185 2156 3222 unus-

2249 1946 2384 2000 tibus
2412 1956 2457 2000 et
2488 1948 2826 2017 potestatibus
2858 1948 2911 2001 in
2937 1947 3079 2003 caelis
3108 1965 3198 2018 per
3226 1946 3542 2017 Ecclesium,
3587 1952 3851 2023 multiplex

2250 2048 2297 2091 et
2319 2039 2459 2092 varia
2486 2040 2745 2105 sapientia
2770 2039 2869 2095 Dei
2897 2039 3117 2112 (Ephes.
3142 2042 3225 2107 ut,
3257 2041 3369 2114 10).
3399 2040 3597 2097 Cernis
3624 2044 3768 2116 qttod
3798 2045 3846 2099 in

2251 2132 2490 2189 diversis
2517 2134 2824 2205 agminibus
2855 2134 3137 2201 Ecclesiae,
3172 2136 3319 2189 varia
3351 2145 3406 2191 et
3446 2137 3730 2206 multiplex
3768 2153 3847 2193 sa-

2254 2227 2457 2293 pientia
2492 2226 2588 2281 Dei
2618 2227 2981 2297 przcdicetttr?
3009 2227 3233 2282 Necnon
3261 2227 3313 2282 in
3341 2228 3533 2283 eadem
3569 2229 3810 2299 Epistola
3835 2246 3848 2282 :

2258 2316 2549 2390 Unicuique
2579 2330 2751 2374 autem
2797 2328 3028 2374 nostrum
3057 2320 3181 2374 data
3212 2331 3285 2375 est
3312 2322 3503 2391 gratia,
3526 2325 3687 2393 juxta
3720 2339 3852 2375 men-

2253 2427 2431 2466 suram
2465 2414 2649 2482 gratitr
2675 2412 2866 2467 Christi
2894 2430 2912 2467 :
2942 2428 3048 2469 non
3080 2412 3223 2481 quod
3267 2428 3517 2469 mensura
3545 2413 3750 2469 Christi
3778 2415 3854 2469 di-

2254 2519 2411 2559 versa
2446 2506 2544 2571 sit;
2579 2506 2675 2561 sed
2708 2514 2914 2560 tantum
2947 2506 3137 2577 gratia:
3165 2506 3285 2577 ejus
3328 2507 3655 2577 infunditur,
3690 2525 3854 2581 quan-

2255 2607 2369 2651 tum
2410 2596 2425 2635 ῐ
2459 2598 2707 2675 valemus
2733 2598 2978 2654 haurire.

2326 2689 2418 2743 24.
2462 2690 2687 2745 Frustra
2742 2691 2908 2761 igitur
2957 2707 3091 2747 oves
3148 2701 3203 2747 et
3260 2692 3462 2757 hircos,
3518 2696 3761 2766 quinque
3807 2703 3858 2749 et

2254 2783 2496 2852 quinque
2524 2782 2786 2851 virgines,
2820 2782 3108 2855 Egyptios
3146 2793 3201 2839 et
3236 2784 3534 2852 lsraelitas,
3582 2798 3640 2844 et
3668 2799 3853 2842 cratera

2256 2874 2638 2945 hujuscemodi
2666 2876 2924 2943 replieas,
2946 2877 3073 2946 quia
3102 2893 3208 2931 non
3234 2887 3315 2933 est
3342 2881 3394 2933 in
3421 2882 3678 2949 praesenti
3710 2881 3859 2935 retri-

2256 2965 2428 3029 butio,
2463 2966 2558 3021 sed
2600 2965 2653 3021 in
2689 2966 2894 3023 futuro.
2932 2968 3087 3023 Unde
3132 2977 3189 3023 et
3231 2969 3351 3025 dies
3385 2969 3580 3041 judieii
3625 2972 3678 3027 in
3734 2988 3858 3027 cou-

2255 3060 2617 3114 sumniatione
2636 3058 3134 3130 pr0ntittitur,quia
3162 3077 3308 3116 nunc
3337 3074 3549 3118 nonest
3573 3065 3853 3133 judicium.

2262 3150 2394 3208 Sine
2427 3166 2587 3206 causa
2637 3153 2782 3207 enim
2815 3153 3127 3222 appellatur
3154 3153 3275 3209 dies
3305 3162 3548 3210 extrema
3574 3156 3787 3227 judicii,
3818 3158 3859 3211 si

550 3247 767 3318 quisque
803 3257 973 3302 autem
1018 3250 1070 3304 in
1108 3267 1202 3306 ετιο
1240 3253 1421 3309 ordine
1443 3255 1485 3327 (ι
1513 3255 1632 3312 ρον,
1663 3274 1753 3322 ιν,
1786 3258 1899 3330 22),
1928 3260 2155 3328 Quando
2182 3246 2225 3307 C
2260 3244 2423 3299 modo
2445 3244 2651 3315 jndicat
2679 3245 2839 3300 Deus.
2866 3245 3365 3315 [inpraesentiarum
3391 3248 3737 3317 navigamus,
3762 3250 3862 3304 luc-

553 3336 661 3410 [AL
694 3338 985 3413 Quoniam]
1024 3351 1394 3416 unusquisque
1435 3351 1486 3403 in
1518 3365 1618 3405 suo
1664 3364 1910 3423 resurget
1938 3354 2154 3420 ordine,

553 3429 745 3500 utique
793 3432 1014 3488 diversa
1059 3446 1185 3490 sunt
1225 3439 1416 3493 merita
1490 3440 1514 3477 ι¹
1550 3448 1972 3513 resurgentium.
2033 3445 2155 3499 Non

555 3524 720 3577 omnis
741 3541 885 3592 caro,
920 3526 1096 3580 eadem
1118 3545 1238 3584 caro
1263 3546 1282 3595 ;
1305 3532 1395 3585 sed
1420 3534 1526 3587 alia
1553 3535 1845 3600 hominum,
1880 3538 1987 3592 alia
2011 3557 2159 3611 peco-

552 3631 689 3676 rum.
727 3616 833 3671 alia
864 3617 1149 3685 volucrum,
1192 3622 1299 3678 alia
1342 3636 1515 3679 autem
1550 3628 1792 3698 pisciunt.
1838 3630 1907 3685 Et
1944 3648 2159 3704 corpora

559 3708 803 3776 coelestia,
833 3722 880 3766 et
910 3728 1128 3773 corpora
1154 3718 1447 3783 terrestria;
1477 3721 1567 3773 sed
1600 3721 1707 3775 alia
1735 3723 1942 3793 quidem
1982 3726 2160 3779 cce/es-

559 3804 685 3857 tium
711 3806 899 3875 gloria,
933 3806 1041 3860 alia
1063 3818 1235 3862 autent
1263 3814 1598 3867 terrestrium.
1628 3814 1745 3868 Alia
1771 3814 1981 3869 claritas
2013 3817 2160 3881 solis,

556 3894 664 3949 alia
700 3895 909 3952 claritas
936 3898 1094 3963 lunw,
1127 3902 1233 3955 alia
1269 3901 1479 3959 claritas
1506 3906 1800 3961 stellarum.
1831 3907 1999 3962 Stella
2022 3910 2158 3963 enim

556 4007 588 4044 a
629 3989 781 4045 stella
817 3992 992 4060 di/fert
1028 3995 1083 4048 in
1124 3995 1379 4051 claritate.
1435 4000 1527 4054 Sic
1575 4001 1692 4066 erit,
1742 4012 1790 4055 et
1842 4006 2154 4059 resurrectio

561 4097 887 4139 mortuorum
914 4083 1105 4153 (Ibid.,
1137 4089 1205 4143 39
1232 4088 1421 4161 set/(1.).
1453 4091 1606 4159 Quod
1642 4102 1696 4147 tu
1728 4094 1943 4150 scilicet
1972 4096 2165 4151 doctus

557 4178 835 4247 interpres
881 4179 964 4234 sic
1001 4180 1326 4247 exposuisti,
1358 4190 1416 4235 ut
1456 4184 1670 4240 diceres
1701 4188 2025 4256 spirituales,
2062 4187 2167 4242 dil-

557 4267 703 4325 lerre
748 4285 778 4324 a
810 4270 1147 4327 carnalibus.
1182 4271 1329 4343 Ergo
1356 4283 1413 4329 et
1456 4276 1791 4345 spirituales,
1832 4290 1883 4334 et
1914 4280 2166 4337 carnales

562 4360 618 4415 in
646 4363 963 4419 cmlestibus
1005 4362 1114 4436 [ΑΙ.
1156 4365 1333 4438 ρωιίε]
1365 4378 1546 4435 erunt,
1589 4380 1645 4424 et
1685 4370 1796 4439 jam
1837 4386 1943 4425 non
1988 4371 2162 4427 solum

559 4468 712 4523 oves,
761 4457 855 4512 sed
892 4457 1057 4512 etiam
1101 4458 1238 4512 hirci
1280 4460 1356 4513 tui
1389 4461 1760 4517 conscendent
1802 4479 1967 4533 regna
1999 4466 2167 4520 caelo-

559 4562 704 4602 rum.
753 4547 940 4612 Stella,
970 4549 1169 4621 inquit,
1214 4568 1245 4603 α
1270 4552 1422 4606 stella
1452 4551 1629 4621 differt
1647 4555 1702 4608 in
1731 4556 1969 4611 claritate
1992 4573 2012 4611 :
2057 4572 2163 4612 non

2261 3345 2461 3403 tamur,
2492 3349 2655 3407 atque
2688 3352 3013 3408 pugnamus,
3058 3348 3117 3392 ut
3148 3341 3200 3392 in
3246 3339 3353 3394 line
3383 3344 3769 3410 perveniamus
3797 3340 3859 3395 ad

2260 3441 2497 3501 portum,
2546 3446 2898 3496 coronemur,
2947 3432 3370 3501 triumphemus.
3414 3434 3491 3487 Tu
3525 3445 3714 3490 autem
3748 3448 3861 3503 per-

2260 3538 2418 3578 verse
2466 3532 2521 3578 et
2567 3524 2779 3579 lubrice
2820 3525 3111 3595 praesentis
3157 3526 3346 3581 saeculi
3387 3532 3859 3585 conversationem

2262 3617 2315 3671 in
2348 3616 2653 3672 futurorum
2683 3618 2934 3687 exempla
2966 3620 3248 3689 proponis,
3298 3636 3420 3675 cum
3455 3623 3643 3693 utique
3675 3624 3760 3679 hic
3786 3624 3861 3677 in-

2258 3712 2467 3782 justitia
2499 3714 2587 3778 sit,
2621 3712 2693 3768 ibi
2723 3712 2937 3783 justitia
2964 3731 2977 3766 :
3010 3713 3187 3769 donec
3219 3715 3487 3771 intremus
3531 3718 3583 3772 itt
3616 3732 3862 3773 sanetua.

2265 3806 2405 3859 rium
2443 3806 2557 3872 Dei,
2589 3816 2643 3861 et
2675 3806 3053 3887 intelligamus.
3080 3808 3134 3862 in
3166 3810 3478 3865 novissimis
3508 3826 3724 3866 eorum.
3756 3810 3862 3866 Non

2265 3901 2426 3955 aliter
2470 3911 2715 3967 sanctus,
2770 3901 2931 3956 aliter
2966 3912 3222 3973 peccator
3253 3904 3521 3959 moritur?
3573 3905 3634 3960 In
3677 3904 3864 3962 eodem

2265 3995 2399 4049 mari
2446 3994 2834 4065 navigantibus
2862 3996 3055 4050 eadem
3089 3998 3458 4067 tranquillitas
3489 4008 3545 4053 et
3580 4007 3865 4070 tempestas

2266 4088 2386 4143 est?
2416 4087 2529 4142 Non
2561 4087 2725 4141 aliter
2776 4088 2936 4153 latro,
2979 4090 3138 4143 aliter
3180 4090 3385 4162 Martyr
3412 4091 3719 4147 occiditur?
3762 4091 3867 4147 Nec

2265 4180 2371 4233 alio
2399 4180 2561 4233 modo
2584 4180 2651 4234 de
2682 4180 2955 4235 adulterio
2987 4191 3041 4235 et
3072 4184 3410 4251 prostibulis,
3456 4184 3565 4239 alio
3596 4184 3666 4240 de
3707 4184 3866 4238 castis

2267 4275 2632 4329 matrimoniis
2658 4284 2957 4330 nascuntur
2993 4276 3185 4331 liberi?
3213 4275 3378 4331 Certc
3420 4277 3680 4333 Dominus
3706 4288 3758 4331 et
3785 4276 3865 4329 la-

2266 4377 2453 4423 trones
2476 4368 2671 4438 aequali
2694 4368 2904 4437 judicio
2930 4368 3177 4423 cruciﬁxi
3203 4377 3351 4423 sunt.
3376 4369 3433 4425 Si
3466 4370 3604 4426 idem
3647 4377 3729 4424 est
3769 4366 3868 4422 hu—

2261 4463 2351 4534 jus
2391 4464 2577 4519 saaculi
2625 4463 2903 4535 futurique
2930 4463 3220 4533 judicium,
3262 4479 3394 4536 ergo
3425 4467 3519 4536 qui
3552 4465 3641 4519 hic
3669 4464 3871 4534 pariter

2267 4556 2511 4613 cruciﬁxi
2540 4566 2688 4623 sunt,
2713 4568 2765 4613 et
2791 4558 2843 4612 in
2865 4557 3048 4611 futuro
3070 4556 3326 4612 similiter
3345 4557 3714 4613 habebuntur.
3738 4556 3870 4611 Pau-

559 4652 714 4703 oves,
748 4650 804 4694 et
834 4639 1005 4705 hirci;
1056 4642 1152 4697 sed
1202 4658 1335 4699 oves
1375 4654 1429 4701 et
1471 4661 1623 4713 oves,
1660 4646 1709 4701 id
1747 4656 1854 4713 est,
1898 4650 2053 4704 stella
2109 4662 2162 4705 et
2192 4631 2245 4690 Ῑ)
2270 4652 2353 4707 lus
2376 4661 2431 4707 et
2451 4652 2545 4725 qui
2571 4667 2695 4707 eum
2726 4651 3037 4713 vinxerant,
3071 4650 3232 4703 simul
3262 4652 3541 4721 navigant,
3570 4648 3731 4704 simul
3757 4660 3871 4702 sus-

559 4731 741 4785 stclla.
789 4730 1056 4803 Denique,
1102 4733 1244 4801 Alia,
1281 4734 1473 4806 inquit,
1507 4738 1720 4794 claritas
1780 4741 1929 4809 solis,
1958 4751 2008 4794 et
2055 4744 2159 4797 alia

557 4824 769 4879 claritas
815 4823 973 4879 luntc.
1007 4825 1085 4883 Ne
1112 4829 1326 4884 stellam
1361 4839 1415 4885 et
1445 4832 1657 4887 stellam
1708 4841 1879 4887 totum
1914 4834 2163 4889 humana:

556 4918 922 4974 multitudinis
939 4935 1220 4976 assereres
1243 4939 1435 4993 genus,
1466 4926 1637 4981 solem
1662 4929 1844 4995 posuit
1872 4940 1930 4984 et
1955 4929 2160 4997 lunam,

557 5027 697 5081 quos
726 5024 878 5068 certe
924 5016 1068 5070 inter
1095 5015 1277 5072 hircos
1305 5035 1411 5073 non
1453 5023 1657 5089 poteris
1688 5021 1795 5093 [AL
1828 5024 2030 5097 potest]
2059 5043 2159 5080 uu-

558 5118 795 5159 merare.
829 5107 941 5171 Sic,
976 5108 1170 5177 inquit,
1200 5111 1291 5163 erit
1321 5122 1367 5165 et
1397 5115 1701 5169 resurrectio
1732 5128 2075 5185 mortuorum,
2105 5131 2163 5175 ut

635 5232 663 5261 ει
704 5222 835 5277 Erat
862 5234 1044 5303 antea,
1070 5236 1117 5303 et
1145 5228 1197 5280 in
1218 5230 1633 5297 continentibus;
1659 5234 1857 5292 deinde
1880 5254 2160 5303 mss.,ma-

558 5297 642 5362 ior
669 5306 841 5349 autem
870 5305 943 5349 est
967 5296 1047 5350 his
1067 5297 1311 5353 Charitas.

634 5365 661 5405 b
696 5367 954 5447 Voculam
984 5370 1151 5447 magis
1174 5372 1491 5447 supplemns
1511 5390 1540 5429 e
1560 5391 1689 5431 mss.
1714 5378 1911 5447 quibus
1937 5380 2159 5437 Grmcns

565 5454 780 5519 quioqge
801 5440 1043 5519 concinit
1071 5450 1270 5519 textus,
1297 5445 1500 5513 μᾶλλον,
1530 5449 1719 5519 magis.

638 5521 660 5547 ε
704 5510 813 5564 Sed
857 5514 1025 5583 gratia
1072 5509 1191 5576 Dei,
1245 5509 1360 5582 qua:
1403 5519 1454 5569 in
1504 5535 1581 5571 me
1609 5509 1703 5571 5st.
1752 5519 1809 5573 ln
1840 5536 1941 5573 ms.
1973 5523 2161 5578 codice

564 5582 1022 5641 Saugermaneusi
1049 5595 1261 5647 nostro,
1287 5593 1342 5640 et
1366 5586 1419 5639 iu
1450 5590 1626 5643 altero
1649 5592 1962 5645 monasterii
1990 5596 2161 5648 sancti

565 5652 717 5733 Eetri
749 5654 1116 5733 .(Jartiutensis
1164 5656 1415 5733 legimus,
1465 5660 1560 5733 sed
1597 5664 1765 5733 gratia
1810 5662 1905 5733 Dei
1947 5679 2163 5718 memmi.

565 5720 762 5804 Ceteri
794 5725 1136 5804 antiquiores
1168 5720 1427 5804 retinent,
1470 5730 1560 5804 sed
1597 5720 1771 5804 gratia
1822 5732 1935 5796 Dei,
1964 5750 2081 5802 qua:
2114 5736 2166 5790 in

568 5806 649 5844 me
676 5792 1087 5871 “abiturus.
1110 5826 1182 5871 _—-
1209 5798 1265 5871 ln
1298 5792 1621 5871 Cprheieusi
1656 5804 1891 5869 quodam
1923 5792 2162 5871 codice.

566 5859 1027 5930 quemadmodum
1042 5861 1165 5921 etin
1184 5869 1303 5924 aliis
1323 5869 1539 5929 dtlohtts
1565 5859 1732 5943 pones
1756 5859 2125 5933 Marllattntuiti

2272 4748 2441 4801 tinent
2473 4753 2870 4816 tempestatem,
2899 4743 3061 4798 simul
3088 4745 3208 4797 navi
3242 4743 3496 4799 ﬂuctibus
3527 4743 3794 4812 dissipata
3820 4739 3868 4793 in

2269 4839 2432 4912 364
2464 4838 2613 4893 littus
2643 4836 2899 4893 evadunt.
2934 4834 3143 4905 Negare
3185 4852 3291 4889 non
3332 4844 3512 4907 potes,
3554 4836 3685 4904 quin
3733 4833 3870 4888 inter

2269 4936 2510 4989 vinctum
2545 4944 2599 4989 et
2642 4932 2948 4988 vincientes
2976 4932 3193 4987 diversa
3239 4933 3350 4987 sint
3382 4933 3598 4986 merita.
3634 4932 3701 4986 Et
3741 4942 3869 4999 quo-

2267 5028 2430 5082 modo
2454 5043 2622 5081 unum
2656 5025 2900 5094 Apostoli
2930 5024 3269 5094 militumque
3301 5034 3325 5070 ε
3351 5022 3741 5094 naufragium?
3765 5021 3869 5075 lle-

2267 5119 2373 5175 l'ert
2422 5129 2609 5189 postea
2643 5120 2845 5175 Paulus
2894 5121 3189 5192 Apostolus
3236 5117 3652 5184 rcvelationcm,
3688 5126 3741 5172 et
3779 5127 3870 5170 eos

2270 5238 2365 5313 sed
2400 5239 2570 5313 gratia
2618 5236 2715 5291 Dei
2757 5254 2978 5313 mecum.
3054 5308 3091 5313 __
3342 5310 3353 5313 _
3523 5305 3573 5313 Ἀ
3737 5305 3749 5313 _
3856 5302 3868 5313 _

2340 5306 2368 5345 ιι
2404 5305 2525 5362 ίνοι
2567 5311 2939 5378 resurgentium
2967 5310 3019 5363 in
3053 5308 3356 5363 Veronensi
3401 5322 3463 5361 ac
3514 5305 3870 5362 Cistercicnsi

2271 5381 2822 5456 mss._t_ion_hahetur.
2998 5452 3008 5456 _
3084 5449 3102 5456 _
3147 5448 3159 5456 _
3505 5450 3536 5456 __
3673 5449 3685 5456 _
3826 5443 3837 5456 .

2344 5464 2366 5488 υ
2407 5451 2634 5507 Nomina
2675 5452 2957 5506 stellarum
2998 5452 3048 5505 in
3076 5448 3209 5511 Job,
3241 5464 3361 5519 qum
3393 5450 3631 5519 explicat
3673 5449 3726 5503 in
3757 5448 3872 5515 epi-

2269 5524 2409 5578 stola
2442 5524 2532 5590 64,
2583 5524 2648 5578 ad
2685 5523 2982 5586 Fabiolam,
3016 5537 3163 5575 num.
3198 5521 3283 5575 l9.
3322 5520 3452 5575 Vide
3500 5524 3571 5576 ibi
3619 5534 3802 5574 nOtam
3848 5525 3869 5550 ⁸

2278 5611 2398 5704 pag.
2432 5597 2535 5650 567
2566 5597 2734 5662 (nobis
2755 5596 2856 5679 col.
2888 5592 3036 5677 918).
3788 5661 3797 5669 .

2418 5668 2569 5721 Haud
2592 5669 2730 5723 bene
2759 5684 2808 5721 Ill
2838 5667 3133 5732 alitsmss.,
3153 5674 3399 5736 quantum
3422 5663 3649 5717 valemus
3670 5662 3871 5736 audire.

2354 5749 2379 5784 κ
2422 5740 2573 5804 Mss.,
2609 5741 2942 5809 naufragium
2964 5748 3071 5804 est,
3103 5734 3195 5807 qui
3224 5734 3425 5791 deinde
3446 5746 3631 5790 v0eem
3656 5734 3873 5803 Apostoe

2277 5809 2359 5863 lus
2388 5810 2590 5864 rectius
2605 5824 2710 5864 non
2736 5819 3055 5879 agnoscunt.
