4068 6350
192 280 279 337 5‘3!
1287 278 1655 336 Αυνιςίιδυδ
1693 278 1796 335 ,1οῚ

1904 279 2109 337 ΑΝυΜ
2151 279 2280 337 LIB.
2325 281 2385 336 ll.

3385 291 3490 350 329

189 395 271 462 qui
302 396 354 450 in
388 396 509 450 navi
540 395 774 463 fuerant,
803 395 929 451 dicit
950 394 1052 451 sibi
1079 412 1107 449 ιι
1133 397 1369 452 Domino
1386 413 1507 453 esse
1523 398 1776 453 donatos.
1809 400 1861 460 Α
1888 399 2001 453 det.
2036 397 2061 437 ι)
2090 398 2231 454 Oves
2262 415 2383 471 qua)
2413 407 2559 454 stant
2600 416 2627 454 a
2660 400 2886 467 dextris,
2922 402 2989 456 ad
3029 416 3191 473 regna
3232 404 3496 461 caelorum

190 486 456 557 Numquid
498 488 566 553 is,
599 488 687 544 cni
716 489 1004 550 donantur.
1047 498 1103 544 et
1144 490 1235 560 qui
1291 489 1587 555 donantur,
1622 492 1781 545 unius

192 580 367 634 meriti
422 581 584 635 sunt?
635 581 826 636 Decem
901 582 1080 638 sancti
1138 582 1501 652 peccatricem
1558 592 1786 653 possunt

188 687 381 728 eruere
411 674 709 730 civitatem.
753 676 851 730 Lot
895 691 1016 730 cum
1069 676 1285 731 ﬁliabus
1328 686 1551 746 ereptus
1589 684 1672 731 est
1716 676 1785 731 de

189 765 441 822 incendio
472 783 486 822 :
518 768 736 823 liberati
777 779 959 825 essent
988 778 1044 824 et
1073 768 1287 839 generi,
1318 769 1363 822 si
1394 768 1549 823 exire
1577 768 1785 822 voluis-

188 871 330 915 sent.
362 860 431 915 Et
458 871 610 918 certe
646 862 811 918 multa
843 862 1156 918 differentia
1184 871 1269 917 est
1304 863 1448 917 inter
1473 860 1577 916 Lot
1608 870 1663 917 et
1688 876 1785 932 ge-

187 970 347 1009 neros
368 956 505 1025 ejus.
526 956 816 1013 Liberatur
841 957 1016 1028 Segor
1033 974 1138 1013 una
1167 957 1299 1012 urbs
1321 956 1389 1012 de
1416 954 1712 1027 pentapoli,
1735 962 1789 1011 et

187 1064 304 1118 qua:
333 1048 581 1119 ejusdem
614 1052 793 1106 meriti
824 1060 967 1117 erat,
998 1060 1162 1120 atque
1192 1050 1285 1106 uni
1324 1049 1614 1106 sententiae
1660 1046 1789 1103 sub-

182 1139 519 1211 jacebat.cui
542 1142 778 1198 Sodoma
795 1152 853 1198 et
868 1142 1199 1208 Gomorrha,
1213 1141 1442 1207 Adama,
1464 1148 1515 1195 et
1540 1138 1785 1204 Seboim,

188 1237 359 1292 sancti
391 1236 650 1308 precibus
693 1237 1025 1294 custoditur.
1057 1236 1197 1292 Ecce
1223 1234 1501 1290 diversum
1534 1233 1787 1289 meritum

188 1327 242 1383 in
276 1330 379 1385 Lot
421 1339 476 1385 et
505 1331 699 1401 Segor,
728 1341 785 1387 et
816 1340 995 1386 tamen
1023 1328 1090 1384 de
1133 1326 1389 1384 incendio
1421 1327 1627 1396 pariter
1655 1340 1788 1382 eva-

192 1420 350 1477 dunt.
382 1422 700 1479 Latrunculi
725 1423 817 1493 qui
846 1424 1069 1478 absente
1094 1420 1285 1485 David,
1322 1428 1670 1475 vastaverant
1700 1417 1791 1474 Si-

184 1518 356 1587 celcg,
381 1526 436 1571 et
467 1532 663 1572 uxores
690 1531 878 1571 eorum
921 1525 976 1571 et
1007 1514 1209 1569 liberos
1256 1514 1308 1567 in
1344 1512 1583 1584 praedam
1613 1511 1793 1566 duxe-

187 1617 332 1669 rant.
366 1609 453 1663 die
486 1611 639 1665 tertia
689 1610 971 1665 czeduntur
1003 1609 1053 1663 in
1086 1624 1281 1678 campo
1311 1616 1366 1663 et
1406 1604 1794 1678 quadringenti

186 1700 438 1757 homines
463 1702 701 1759 ascensis
730 1703 955 1758 camelis
986 1701 1219 1772 fugiunt.
1253 1702 1349 1755 Dic
1382 1700 1619 1771 aliquam
1654 1701 1796 1754 inter

1889 494 2327 560 introducuntur,
2364 494 2496 551 hirci
2538 498 2591 549 in
2625 505 2880 551 tartarum
2915 496 3301 551 detruduntur.
3333 499 3493 552 Para-

1887 587 2010 643 bola
2045 588 2142 643 ista
2172 604 2280 643 non
2312 590 2492 643 ovium
2531 590 2671 645 inter
2701 606 2760 646 se
2801 590 3017 655 merita,
3050 599 3105 646 et
3145 607 3176 646 e
3218 593 3496 647 contrario

1887 680 2149 736 describit
2189 681 2497 748 hircorum;
2525 682 2619 737 sed
2650 682 2791 737 inter
2817 698 2947 739 oves
2976 692 3032 738 et
3071 682 3257 739 hircos
3283 692 3494 740 tantum

1888 772 2199 828 distantiam
2231 774 2376 830 facit.
2408 774 2597 846 Neque
2637 776 2779 830 enim
2827 777 2878 831 in
2926 777 3178 833 omnibus
3224 778 3359 833 locis
3397 777 3496 833 do-

1889 878 2080 922 centur
2107 868 2288 923 omnia
2318 885 2331 920 :
2384 867 2480 923 sed
2527 884 2869 938 unaquaeque
2909 870 3211 926 similitudo
3238 873 3304 927 ad
3333 872 3385 926 id
3417 886 3496 929 re-

1890 959 2085 1021 fertur,
2112 959 2266 1029 cujus
2296 959 2600 1015 similitudo
2626 972 2730 1015 est.
2773 960 2926 1016 Sicut
2950 972 3003 1018 et
3033 962 3221 1019 decem
3252 964 3494 1035 virgines

1892 1051 1999 1123 [AL
2031 1052 2359 1126 Virginum],
2388 1070 2494 1109 non
2543 1054 2706 1110 totius
2735 1056 2952 1125 generis
2979 1056 3226 1121 humani,
3258 1056 3354 1113 sed
3387 1058 3498 1112 sol-

1892 1145 2168 1201 licitarum
2209 1154 2265 1201 et
2290 1148 2568 1218 pigrorum
2601 1148 2852 1219 exempla
2883 1158 3045 1203 sunt:
3076 1164 3308 1220 quorum
3337 1149 3497 1207 alteri

1892 1254 2111 1310 semper
2134 1240 2350 1295 Domini
2372 1242 2758 1309 praestolamur
2780 1242 3096 1309 adventum,
3121 1244 3279 1299 alteri
3303 1259 3499 1301 somno

1895 1341 1950 1387 et
1984 1333 2194 1387 inertia:
2222 1349 2283 1388 se
2309 1333 2525 1401 dantes,
2574 1335 2815 1390 futurum
2841 1335 3106 1406 judicium
3144 1353 3251 1391 non
3286 1346 3498 1405 putant.

1900 1423 2052 1478 Unde
2081 1433 2138 1479 et
2180 1425 2232 1478 in
2264 1425 2375 1482 fine
2417 1427 2689 1495 parabolas
2719 1427 2955 1483 dicitur:
2998 1424 3243 1500 Vigilate,
3267 1429 3391 1499 quia
3420 1446 3502 1483 ne-

1896 1520 2034 1573 scitis
2056 1520 2195 1573 diem
2216 1538 2378 1593 neque
2401 1522 2578 1575 horam
2603 1520 2935 1594 (Mattaxxv,
2963 1521 3077 1592 15).
3103 1533 3124 1559 ο
3146 1520 3201 1577 Si
3226 1524 3278 1577 in
3297 1522 3501 1582 diluvio

1898 1611 2160 1667 liberatus
2190 1622 2273 1668 est
2299 1612 2433 1678 Noe,
2475 1624 2528 1668 et
2566 1615 2743 1668 omnis
2794 1613 2945 1668 orbis
2991 1613 3199 1670 interiit
3238 1632 3252 1668 :
3306 1632 3500 1674 omnes

1899 1718 2028 1757 caro
2056 1713 2233 1769 erant,
2259 1713 2313 1759 et
2346 1714 2630 1774 propterea
2657 1706 2958 1775 perierunt.
2989 1708 3092 1761 Aut
3118 1722 3225 1762 non
3254 1707 3499 1779 ejusdem

186 1811 280 1851 eos
308 1799 399 1867 qui
427 1798 554 1853 caesi
582 1811 707 1853 sunt
729 1840 744 1865 ,
781 1808 836 1853 et
864 1798 956 1868 qui
986 1799 1171 1868 fugere
1201 1805 1522 1867 potuerunt,
1551 1808 1673 1849 esse
1701 1792 1789 1847 di~
1823 1797 1871 1856 B
1898 1796 2071 1851 meriti
2095 1796 2244 1852 dices
2269 1796 2410 1853 filios
2428 1798 2563 1864 Noe,
2595 1808 2649 1853 et
2673 1798 2789 1853 Noe
2816 1808 3037 1869 propter
3058 1815 3219 1870 quem
3246 1802 3340 1857 filii
3370 1803 3503 1859 tibe-

186 1888 467 1943 stantiam.
482 1887 740 1960 Legimus
762 1890 815 1944 in
832 1889 1134 1959 Evangelio
1149 1898 1354 1943 turrem
1367 1886 1515 1941 Siloe
1528 1885 1793 1941 cecidisse

187 1996 350 2051 super
399 1983 587 2038 decem
633 1993 689 2038 et
739 1993 864 2038 octo
909 1982 1084 2048 viros,
1123 1990 1178 2036 et
1228 1980 1456 2035 obrutos
1502 1978 1788 2034 occidisse.

191 2074 353 2132 Certe
376 2076 531 2147 juxta
574 2078 904 2131 sententiam
944 2075 1274 2138 Salvatoris,
1310 2089 1417 2128 non
1449 2072 1551 2129 soli
1581 2072 1798 2127 fuerant

186 2178 537 2238 peceatores;
587 2168 683 2223 sed
737 2169 789 2221 in
838 2166 1189 2221 formidinem
1235 2165 1573 2234 reliquorum
1620 2162 1795 2233 puniti

182 2272 344 2328 sunt,
381 2270 436 2315 ut
481 2260 770 2331 pestilente
808 2260 1102 2329 ﬂagellato,
1134 2258 1335 2313 stultus
1365 2256 1664 2326 sapientior
1704 2256 1799 2309 fie-

182 2366 293 2412 ret.
346 2354 404 2410 Si
434 2356 677 2409 omnium
724 2363 1071 2425 peccatorum
1120 2367 1285 2407 unum
1318 2360 1403 2406 est
1447 2350 1799 2420 supplicium,

183 2448 393 2519 injuste
422 2448 567 2504 alius
599 2448 891 2514 occiditur,
926 2456 980 2503 et
1011 2461 1108 2516 per
1141 2453 1371 2500 mortem
1405 2444 1633 2499 alterius
1659 2442 1799 2497 alius

184 2551 599 2598 commonetur.

397 2635 592 2690 Christi
613 2634 812 2707 Corpus
839 2634 1109 2703 aequaliter
1135 2632 1437 2703 accipimus.
1474 2630 1661 2685 Decem
1681 2629 1800 2683 Vir—

185 2734 339 2804 gines
369 2729 494 2800 quid
519 2728 858 2802 signiﬁcant?
884 2726 1088 2780 Pilatus
1118 2726 1300 2779 nolens
1332 2723 1447 2777 tulit
1469 2725 1795 2777 sententiam.

190 2825 428 2882 Sex/lies
450 2820 628 2877 sinenti
657 2822 838 2893 hujus.
876 2850 946 2861 —
971 2818 1215 2888 Opponis
1247 2815 1380 2871 mihi
1407 2816 1613 2871 Gomor
1643 2829 1798 2869 man-

188 2932 299 2980 nm,
334 2929 605 2984 unamque
632 2926 970 2973 mensuram,
1005 2919 1058 2965 et
1085 2908 1345 2964 vestitum
1377 2916 1433 2964 et
1461 2907 1711 2975 capillos,
1744 2914 1802 2960 et

184 3006 442 3073 barbam,
473 3015 528 3061 et
568 3005 965 3069 ealceamenta,
1015 3018 1079 3057 ex
1126 3015 1283 3071 sequo
1314 3000 1481 3053 fuisse
1524 2998 1799 3054 Israelita-

185 3118 353 3165 rum;
384 3101 539 3173 quasi
571 3116 678 3154 non
709 3108 759 3154 et
793 3112 893 3152 nos
924 3096 1129 3151 Christi
1167 3108 1369 3165 corpus
1397 3091 1679 3161 aequaliter
1708 3105 1798 3145 ac-

1897 1887 2001 1941 rati
2057 1897 2223 1953 sunt;
2258 1900 2350 1943 aut
2390 1890 2740 1945 maledictum
2782 1888 2952 1945 Cltam
2987 1892 3041 1945 in
3088 1892 3280 1948 eodem
3330 1908 3502 1963 pones

1896 1978 2041 2046 loco,
2076 1984 2127 2034 in
2159 1996 2266 2050 quo
2297 1990 2353 2036 et
2384 1989 2620 2051 patrem,
2672 1982 2799 2050 quia
2830 1981 2898 2037 de
2926 1983 3132 2037 diluvio
3162 1985 3323 2039 simul
3369 1986 3505 2042 libe-

1898 2080 2049 2125 ratus
2078 2082 2181 2128 est.
2216 2074 2272 2128 In
2321 2075 2574 2143 passione
2604 2072 2812 2129 Christi
2842 2089 3036 2130 omnes
3066 2074 3503 2144 declinaverunt,

1899 2165 2061 2219 simul
2095 2166 2314 2222 inutiles
2346 2168 2469 2222 facti
2502 2178 2663 2233 sunt;
2694 2176 2749 2223 et
2782 2185 2887 2222 non
2918 2169 3019 2223 fuit
3057 2170 3149 2238 qui
3180 2169 3386 2226 faceret
3409 2171 3507 2227 bo-

1901 2272 2052 2321 num,
2082 2272 2189 2312 non
2236 2257 2335 2312 fuit
2364 2273 2535 2330 usque
2563 2260 2629 2313 ad
2658 2276 2844 2315 unum.
2881 2261 3197 2317 Audebisne
3238 2263 3403 2334 igitur
3428 2264 3512 2320 di-

1899 2360 2025 2402 cere
2053 2348 2132 2404 sic
2156 2364 2389 2419 negasse
2413 2350 2629 2404 Petrum
2654 2362 2707 2406 et
2730 2361 2963 2408 caeteros
2985 2353 3284 2424 Apostolos
3305 2355 3397 2424 qui
3420 2356 3505 2412 fu-

1899 2450 2121 2510 gerunt,
2157 2441 2428 2509 quomodo
2458 2442 2702 2512 Caiphan
2733 2456 2786 2498 et
2817 2444 3147 2510 Pbarisaros,
3180 2456 3235 2503 et
3259 2448 3508 2505 claman-

1904 2543 2011 2588 tem
2045 2534 2328 2603 populum,
2381 2532 2657 2607 Crut'iﬁge,
2704 2538 2950 2609 cruciﬁge
2994 2540 3183 2594 talem?
3224 2540 3292 2596 Et
3339 2551 3399 2597 ut
3438 2543 3509 2600 de

1900 2626 2180 2695 Apostolis
2210 2636 2443 2692 taceam,
2475 2628 2796 2697 ejusdemne
2838 2632 2932 2686 tibi
2981 2634 3207 2690 sceleris
3237 2635 3511 2693 videbitur

1900 2734 2027 2774 reus
2054 2720 2234 2783 Anna,
2264 2730 2317 2775 et
2344 2719 2600 2791 Caiphas,
2636 2732 2691 2777 et
2720 2722 2887 2779 Judas
2917 2725 3187 2796 proditor,
3212 2729 3367 2799 cujus
3396 2739 3452 2786 et
3479 2728 3507 2769 ἀ

1900 2809 2124 2875 Pilatus,
2155 2811 2244 2880 qui
2290 2812 2481 2867 nolens
2510 2816 2829 2883 compulsus
2865 2826 2951 2872 est
2988 2828 3179 2873 contra
3210 2820 3499 2879 Dominum

1900 2902 2042 2957 ferre
2090 2905 2459 2960 sententiam?
2483 2906 2647 2977 366
2672 2908 2889 2977 Quanto
2922 2911 3145 2981 majoris
3186 2915 3367 2971 meriti
3401 2916 3506 2974 fuit

1898 2991 2086 3058 Judas,
2104 3002 2253 3050 tanto
2270 2996 2491 3066 majoris
2504 3000 2749 3055 criminis
2764 3010 2931 3061 est;et
2944 3016 3148 3072 quanto
3165 3007 3391 3076 majoris
3407 3008 3510 3065 cri-

1901 3086 2082 3154 minis,
2104 3096 2258 3143 tanto
2279 3089 2505 3160 majoris
2522 3099 2578 3145 et
2608 3108 2801 3161 ptume.
2846 3093 3089 3151 Potentes
3106 3098 3243 3152 enim
3274 3109 3508 3169 potenter

181 3197 478 3267 cipiamus.
513 3192 631 3249 Una
658 3202 741 3248 est
772 3193 825 3246 in
858 3188 1136 3262 mysteriis
1164 3186 1549 3251 sanctificatio,
1585 3184 1795 3238 Domini
1826 3183 1871 3246 (ι
1903 3183 3095 3257 tormentapatientur(Sap.vt,7).Arburmala
3113 3191 3319 3247 fruetus
3334 3192 3509 3250 bonos

184 3299 244 3346 et
268 3290 445 3354 servi,
472 3287 667 3343 nobilis
698 3294 754 3341 et
790 3283 1068 3356 ignobilis,
1094 3282 1238 3353 regis
1267 3290 1319 3336 et
1348 3278 1537 3334 militis
1562 3296 1575 3332 :
1609 3292 1798 3348 quam-

181 3396 361 3453 quam
415 3395 512 3451 pro
557 3377 945 3448 accipientium
976 3373 1186 3430 meritis
1213 3373 1491 3429 diversum
1536 3370 1631 3424 ﬁat
1659 3369 1800 3439 quod

182 3490 367 3532 unum
398 3483 501 3529 est.
541 3474 644 3541 Qui
672 3474 805 3525 enim
845 3470 1056 3542 indigne
1095 3467 1480 3523 manducauerit
1514 3476 1559 3520 et
1597 3465 1798 3532 biberit,

186 3585 315 3624 reus
334 3566 430 3619 erit
454 3564 629 3619 violati
659 3563 899 3634 Corporis
930 3572 975 3615 et
1002 3560 1285 3633 Sanguinis
1307 3557 1499 3613 Christi
1527 3555 1572 3628 (l
1597 3554 1718 3610 Cor.
1743 3571 1798 3620 x,

184 3663 312 3717 27).
346 3659 617 3728 Numquid
660 3659 784 3729 quia
824 3669 879 3713 et
905 3656 1074 3712 Judas
1105 3655 1174 3710 de
1205 3654 1397 3709 eodem
1433 3652 1604 3709 calice
1642 3652 1797 3717 bibit,

185 3764 216 3792 ει
244 3753 319 3809 de
350 3767 459 3821 quo
493 3762 546 3807 et
580 3751 763 3806 caeteri
798 3749 1070 3820 Apostnli,
1106 3748 1263 3802 unius
1288 3761 1409 3802 eum
1439 3745 1663 3815 reliquis
1695 3743 1802 3799 erit

186 3846 407 3903 meriti?
432 3844 587 3913 Quod
616 3844 661 3899 si
685 3858 793 3897 non
817 3844 898 3897 vis
922 3841 1167 3911 recipere
1190 3839 1627 3904 Sacramentum,
1654 3846 1801 3892 certe

184 3954 392 3997 omnes
418 3938 705 4008 aequaliter
724 3935 976 4001 vivimus,
1003 3949 1166 3988 ttnum
1202 3932 1466 3988 trahimus
1485 3946 1684 3996 aerem,
1716 3944 1801 3983 eo-

184 4034 321 4090 dem
354 4035 582 4086 humore
606 4030 917 4099 irrigamur,
943 4025 1132 4081 iisdem
1152 4024 1288 4081 cibis
1317 4024 1610 4095 paseimur.
1630 4021 1800 4076 Porro

185 4126 362 4200 365
391 4125 437 4179 si
468 4124 726 4178 alimenta
758 4136 1015 4177 cocorum
1047 4129 1165 4174 arte
1196 4128 1474 4173 mutantur
1504 4115 1557 4170 in
1581 4116 1798 4181 melius,

188 4230 248 4274 et
297 4220 354 4271 fit
393 4214 600 4286 aliquid
646 4213 865 4269 suavius
906 4210 1240 4277 conditoris,
1276 4206 1652 4280 hujuscemodi
1692 4207 1800 4261 cibi

190 4324 305 4365 non
337 4317 547 4363 naturae
575 4306 941 4369 satisfaciunt,
974 4304 1068 4359 sed
1103 4303 1390 4373 voluptati.
1423 4300 1602 4371 IEque
1628 4301 1803 4356 esuri-

188 4419 341 4469 mus,
361 4417 517 4473 mque
546 4401 787 4471 algemus
814 4418 826 4452 :
852 4398 1012 4453 simul
1041 4395 1422 4452 contrahimur
1448 4393 1671 4464 frigore,
1701 4408 1802 4449 αιδ-

190 4495 348 4551 tibus
376 4505 432 4550 et
454 4494 639 4550 calore
671 4492 1045 4547 dissolvimur.
1082 4487 1179 4544 Sol
1205 4501 1423 4556 quoque
1446 4484 1563 4554 ipse
1592 4493 1647 4538 et
1674 4484 1799 4538 luna

1903 3287 2010 3326 non
2028 3272 2283 3339 facit,nec
2300 3275 2437 3331 bona
2454 3278 2646 3329 malos.
2661 3276 2715 3331 Si
2740 3278 2838 3334 hoc
2857 3280 2927 3334 ita
2943 3284 3329 3354 e5t,responde
3347 3284 3505 3353 mihi,

1904 3367 2177 3436 quomodo
2208 3367 2406 3423 Paulus
2431 3385 2556 3425 cum
2585 3380 2733 3427 esset
2774 3374 2939 3429 arbor
2968 3376 3131 3442 mala,
3166 3388 3510 3447 persequens

1908 3458 2203 3513 Eeclesiam
2232 3458 2459 3526 Christi,
2500 3462 2628 3516 fecit
2673 3461 2780 3533 [AL
2813 3462 3029 3537 fecerit]
3062 3476 3251 3537 postea
3295 3465 3505 3522 fruetus

1906 3551 2115 3607 bonos?
2147 3553 2212 3607 Et
2252 3552 2441 3618 Judas,
2485 3571 2607 3610 cum
2652 3564 2802 3612 esset
2827 3559 2989 3613 arbor
3018 3560 3185 3623 bona,
3234 3558 3386 3628 signa
3423 3557 3506 3615 fa-

1904 3646 2053 3701 ciens
2079 3661 2200 3702 cum
2244 3648 2539 3719 Apostolis,
2571 3658 2755 3719 postea
2799 3667 2989 3706 versus
3038 3652 3090 3706 in
3140 3650 3500 3722 proditorem,

1906 3739 2332 3809 feceritJrucms
2360 3740 2567 3795 malos?
2613 3741 2841 3797 Tamdiu
2886 3759 3016 3814 ergo
3043 3758 3142 3798 nec
3170 3744 3334 3799 arbor
3364 3744 3505 3805 bona

1905 3833 2076 3887 malos
2100 3832 2305 3888 fructus
2329 3833 2492 3887 facit:
2526 3847 2625 3887 nec
2648 3832 2785 3887 mala
2820 3835 3014 3900 bonos,
3040 3833 3296 3902 quamdiu
3325 3835 3410 3892 vel
3444 3837 3502 3896 in

1904 3923 2142 3981 bonitate
2170 3941 2289 3990 sua,
2326 3926 2408 3979 vel
2438 3924 2490 3980 in
2524 3925 2729 3980 malitia
2764 3938 3098 3996 perseverat.
3140 3925 3311 3983 Porro
3356 3930 3505 4000 quod

1904 4021 2081 4073 omnis
2113 4017 2373 4073 Hehrmus
2402 4018 2683 4088 aequaliter
2724 4017 2855 4076 facit
2900 4018 3127 4089 l‘ascha,
3172 4028 3227 4072 et
3268 4020 3503 4088 septimo

1904 4127 2048 4166 anno
2080 4111 2219 4166 liber
2240 4110 2496 4176 efficitur,
2519 4120 2574 4166 et
2601 4112 2654 4166 in
2684 4111 2939 4179 Jubilrco,
2970 4113 3022 4167 id
3046 4121 3147 4178 est,
3172 4112 3508 4183 quinquage~

1905 4206 2067 4269 simo,
2097 4204 2349 4259 universa
2375 4207 2651 4273 possessio
2692 4208 2836 4262 redit
2860 4207 2927 4262 ad
2958 4208 3231 4270 dominos,
3258 4208 3362 4263 hoc
3393 4224 3505 4267 non

1904 4298 1972 4354 de
2001 4299 2253 4369 praesenti
2278 4296 2496 4365 dicitur,
2527 4299 2623 4375 sed
2649 4300 2719 4356 de
2758 4300 2940 4356 futuro
2966 4319 2979 4355 :
3011 4301 3137 4372 quia
3169 4302 3222 4355 in
3251 4316 3346 4356 ses
3390 4301 3507 4357 die~

1906 4392 2006 4447 bus
2039 4392 2198 4463 hujus
2226 4392 2414 4448 saeculi
2444 4394 2771 4459 servientes,
2804 4395 2858 4449 in
2889 4396 3124 4462 septimo
3149 4395 3260 4460 die,
3288 4411 3418 4452 vero
3450 4407 3508 4454 et

1907 4495 2112 4540 mtcrno
2157 4486 2405 4551 sabbato,
2452 4485 2612 4542 liberi
2658 4485 2863 4541 erimus
2896 4485 3003 4559 [ΑΙ.
3039 4488 3357 4565 liberemur]
3394 4510 3407 4547 :
3455 4494 3525 4549 si

185 4598 253 4644 et
280 4588 458 4643 omnis
486 4598 760 4643 astrorum
792 4585 1016 4649 chorus,
1043 4591 1099 4639 et
1130 4580 1347 4652 pluvize,
1386 4585 1442 4632 et
1468 4577 1701 4631 mundus
1733 4593 1805 4632 ω·
1832 4575 1881 4634 D
1911 4588 2087 4633 tamen
2115 4578 2449 4633 voluerimus
2475 4592 2599 4634 esse
2639 4578 2821 4643 liberi,
2856 4578 2982 4633 dum
3017 4580 3194 4636 adhuc
3235 4583 3505 4639 servimus

185 4680 440 4750 qualiter
474 4678 634 4733 nobis
661 4684 908 4741 currunt,
936 4686 989 4730 et
1016 4673 1206 4729 iisdem
1238 4668 1596 4738 Omnesjuxta
1621 4667 1796 4722 Evan-

181 4772 404 4842 gelium
455 4771 722 4826 imbribus
763 4768 1073 4839 irrigamur,
1123 4765 1250 4823 boni
1302 4771 1358 4818 et
1396 4761 1545 4827 mali,
1571 4759 1703 4829 ju5ti
1748 4769 1803 4815 et

184 4862 409 4932 injuSti.
441 4862 498 4916 Si
532 4861 845 4933 pra'sentia,
873 4858 1120 4929 exempla
1153 4865 1279 4913 sunt
1315 4854 1643 4915 futurorum,
1672 4864 1802 4920 ergo

185 4966 253 5012 et
286 4956 364 5011 sol
399 4955 630 5026 justitite
669 4954 953 5024 aequaliter
977 4950 1142 5023 justis
1180 4958 1235 5005 et
1266 4943 1667 5018 peccatoribus,
1704 4943 1805 4995 im-

186 5050 308 5121 piis
336 5058 394 5104 et
423 5045 1001 5111 sanctis,Cltristianis
1029 5042 1305 5099 etJudmis
1322 5048 1484 5111 atque
1500 5035 1803 5094 Gentilibus

186 5142 432 5208 orietur,
466 5155 589 5196 cum
622 5139 899 5208 Scriptura
927 5137 1099 5193 dicat:
1137 5135 1457 5190 Timentibus
1481 5145 1652 5187 autem
1688 5126 1800 5185 Do-

188 5237 403 5291 minam
446 5236 645 5290 orietur
675 5234 753 5288 sol
792 5232 1008 5301 iustitia:
1038 5228 1253 5299 (Malae.
1295 5229 1358 5301 t).
1393 5229 1449 5286 Si
1482 5227 1801 5285 timentibus

185 5328 432 5397 orietur,
458 5341 591 5399 ergo
620 5324 1012 5396 contemptoris
1043 5333 1097 5380 et
1130 5322 1615 5393 pseudoprOphetis
1655 5323 1801 5377 occi-

274 5518 305 5546 ει
348 5508 467 5563 Duo
502 5520 661 5569 mss.,
707 5504 771 5557 de
808 5519 906 5571 quo
950 5500 1182 5555 Christus
1226 5509 1273 5553 et
1320 5496 1491 5551 cwteri
1534 5494 1800 5566 Apostoli;

186 5579 541 5653 patilopost,
567 5576 749 5653 iisdem
772 5575 895 5627 cibis
924 5574 1192 5653 vescimur.

268 5651 304 5689 ἱ)
350 5637 621 5704 Victorius
647 5648 780 5699 Oves
806 5660 923 5715 qua:
943 5652 1079 5715 stant
1104 5660 1135 5696 a
1163 5637 1600 5715 de.rtris._vadunt
1622 5637 1695 5715 ad
1720 5652 1802 5690 re-

184 5738 309 5796 gna
352 5724 626 5796 fretorum,
661 5707 1141 5796 consentientibus
1194 5707 1803 5796 mss:ffere‘omnibtts.

279 5804 303 5830 ε
345 5791 479 5845 Olim
514 5780 619 5845 Sed
656 5790 705 5840 in
738 5785 962 5849 Diluvio,
1001 5785 1177 5836 male:
1213 5781 1374 5851 paulo
1405 5787 1550 5848 post,
1582 5780 1805 5834 verbum

1902 4671 1955 4725 in
1981 4672 2203 4725 sarculo.
2246 4671 2302 4726 Si
2341 4679 2522 4726 autem
2568 4670 2922 4737 uoluerimus,
2956 4671 3318 4740 perfurabitur
3344 4677 3505 4732 nobis

1904 4763 2165 4825 auricula,
2244 4762 2311 4816 itr
2352 4762 2727 4816 testimonium
2780 4760 3208 4829 inobedientitc;
3261 4776 3317 4821 et
3379 4782 3505 4823 cum

1905 4870 2079 4911 uxore
2123 4864 2178 4910 et
2208 4852 2400 4909 liberis
2433 4854 2659 4917 nostris,
2689 4868 2826 4922 quos
2864 4857 3211 4923 ‘praztulimus
3237 4860 3501 4927 libertati,

1907 4946 1958 5001 id
1999 4955 2103 5013 est,
2145 4960 2268 5001 cum
2305 4958 2473 4999 carne
2518 4954 2575 4998 et
2618 4944 2880 5015 operibus
2906 4947 3026 5018 ejus
3052 4949 3254 5021 jugiter
3300 4952 3507 5008 servie-

1910 5054 2053 5094 mus.
2554 5032 2555 5035 “

1978 5132 2068 5187 26.
2094 5128 2357 5185 Parabota
2374 5131 2614 5187 sementis
2632 5133 2794 5205 quid?
2815 5132 3011 5194 Falsus
3035 5136 3366 5201 Jovinianus.
3387 5139 3445 5198 Μ
3449 5162 3506 5200 os

1911 5226 2216 5297 Scriptum.
2242 5257 2313 5265 —
2343 5226 2607 5284 Parabola
2654 5241 2835 5288 autem
2865 5243 2887 5271 ε
2922 5239 3187 5293 sementis
3209 5279 3224 5303 ,
3270 5256 3392 5308 qua:
3438 5257 3509 5298 ex

1909 5327 2141 5388 utraque
2167 5327 2321 5390 parte
2368 5327 2555 5376 ternos
2582 5321 2792 5379 fructus
2818 5322 2980 5389 facit;
3011 5338 3065 5383 et
3084 5328 3240 5399 juxta
3270 5332 3507 5400 Aposto-

1907 5509 2014 5565 esse
2036 5491 2308 5565 Victorius
2329 5495 2563 5565 supplet.

1978 5562 2004 5601 ἀ
2037 5565 2175 5621 ane
2200 5562 2539 5622 Lactantium
2563 5567 2659 5622 lib.
2684 5582 2757 5635 tv,
2787 5582 2837 5622 c.
2864 5569 2955 5625 18.
2985 5570 3190 5629 Deinde
3218 5588 3509 5637 mss.tonto

1910 5639 2130 5709 majoris
2152 5649 2201 5691 et
2232 5638 2464 5693 criminis
2490 5650 2584 5693 est.

1988 5707 2300 5791 v.Sic_mss.
2329 5712 2707 5781 casugatiores
2731 5718 2788 5765 et
2811 5709 3088 5769 Victorius
3134 5732 3149 5771 :
3190 5727 3349 5776 antea
3396 5732 3516 5788 erat

1914 5789 2234 5834 seminantis.
