4062 6390
532 353 652 424 aes

1765 335 2562 410 S.EUSEBHlﬂERONYMl

3744 325 3850 402 sit

544 484 656 540 lum
676 523 690 548 ,
721 492 888 548 super
918 476 1338 532 fundamentum
1367 471 1572 529 Christi
1601 471 1744 527 alius
1774 470 2008 526 mdilicat
2051 485 2140 523 au-
2173 473 2227 542 Α
2255 467 2444 534 Deum,
2468 479 2515 523 et
2538 469 2638 538 ipsi
2673 473 2821 522 erunt
2850 466 2976 520 mihi
3022 466 3076 519 in
3119 464 3408 536 populum;
3445 472 3493 517 et
3521 478 3626 518 non
3662 462 3863 517 docebit

542 589 701 639 ruin,
757 580 1082 644 argentum,
1132 570 1342 637 lapides
1394 569 1668 640 pretiosos
1713 585 1726 620 :
1773 565 1912 622 alius
1963 566 2146 636 ligna,

540 668 752 732 fenum,
779 663 1072 734 stipulam;
1104 677 1224 717 cum
1259 670 1314 715 et
1356 662 1407 715 in
1458 660 1625 715 domo
1673 675 1900 730 magna,
1935 658 2149 714 diversa

539 771 668 814 vasa
702 757 844 822 sint,
881 756 1170 825 perSpicuc
1204 762 1352 823 patet
1396 771 1408 805 :
1443 763 1495 807 et
1543 752 1669 806 huic
1701 751 1843 806 τευ-θ
1874 749 2148 805 cantradi-

537 865 691 918 cere,
719 849 1078 919 apertissima:
1099 845 1452 916 impudentia:
1479 844 1801 899 cst.'i‘amen
1829 853 1895 898 ne
1918 845 2154 898 exsultet

543 945 600 1000 in
636 943 922 998 mendacio
952 953 1004 995 et
1047 941 1359 1010 exemplum
1407 938 1777 1010 apostolorum
1816 937 1867 991 in
1903 934 2156 1007 prmjudi—

543 1037 691 1093 cium
734 1034 1035 1090 centenarii
1087 1041 1142 1089 et
1187 1033 1529 1104 sexagenarii
1561 1039 1617 1085 ct
1644 1029 1921 1086 tricenarii
1965 1029 2158 1083 all'erat

545 1131 786 1198 muneri,
816 1131 955 1185 sciat
986 1131 1040 1184 in
1071 1125 1327 1183 Matthan
1351 1137 1402 1182 et
1434 1127 1486 1181 in
1519 1127 1722 1192 Marco,
1747 1124 2037 1195 apostolis,
2067 1124 2156 1194 qui

543 1226 810 1280 universa
859 1239 956 1280 sua
1003 1223 1343 1288 dimiserant,
1387 1220 1709 1291 centuplum
1739 1218 2156 1289 repromissum.

545 1315 600 1370 In
633 1313 931 1384 Evangelia
953 1325 1138 1368 autem
1165 1312 1327 1368 Lucae
1359 1313 1532 1367 multo
1564 1313 1747 1381 plura,
1776 1309 1826 1366 id
1858 1317 1962 1374 est,
1986 1318 2010 1346 ³
2031 1309 2156 1364 πολὺ

543 1409 769 1474 πλείονα,
791 1406 1139 1476 etpcnitusin
1156 1407 1306 1461 nullo
1332 1404 1633 1475 Evangelia
1655 1418 1752 1471 pro
1771 1412 1974 1457 centum
1987 1401 2093 1456 scri
2103 1415 2161 1470 p-

539 1509 655 1556 tum
677 1515 799 1554 esse
827 1511 1057 1572 septem;
1084 1513 1253 1570 seque
1283 1507 1378 1553 aut
1420 1498 1728 1563 falsarium,
1753 1506 1845 1550 aut
1873 1493 2162 1565 imperitiae

545 1599 700 1648 reum
721 1590 893 1646 teneri
910 1609 923 1645 ;
943 1607 1041 1646 nec
1059 1606 1260 1645 nocere
1280 1589 1459 1656 nobis,
1477 1589 1599 1660 quia
1627 1591 1678 1642 in
1697 1589 1804 1643 alio
1821 1585 2160 1658 Evangelioa

547 1696 791 1753 centum,
809 1687 861 1739 in
881 1687 986 1739 alio
1004 1700 1032 1739 a
1051 1685 1273 1755 triginta
1296 1685 1488 1753 incipit
1508 1681 1813 1746 numerari;
1843 1695 1964 1736 cum
1985 1680 2163 1735 omnis

551 1782 832 1853 Scriptura
845 1782 1106 1846 ,maxime
1121 1780 1566 1844 vetus,minorem
1584 1785 1864 1848 praepanat
1881 1791 2162 1830 numerum

2255 563 2331 616 vir
2361 561 2496 615 ultra
2536 560 2829 632 proximum
2855 575 3029 622 suum,
3054 567 3101 612 et
3117 559 3193 611 vir
3215 563 3426 630 fratrem
3451 571 3626 620 suum,
3652 554 3862 610 dicens:

2253 650 2278 690 ¹¹
2299 652 2559 728 Cognosce
2587 649 2892 707 Dominum.
2916 650 3105 707 Omnes
3124 651 3256 704 enim
3285 658 3591 723 cognoscent
3617 665 3696 703 mc
3718 666 3748 701 a
3763 648 3862 702 mi-

2256 747 2394 800 nimo
2418 763 2578 812 usque
2594 745 2662 799 ad
2681 747 2963 800 maximum
2980 737 3032 816 (1
3037 743 3083 798 b.
3105 737 3324 813 35-34).
3352 742 3647 812 l’erspicue
3660 756 3724 795 ex
3739 756 3864 796 con-

2257 843 2404 892 textu
2427 835 2574 891 illius
2797 836 2924 904 loci,
2958 835 3198 890 futurum
3231 833 3435 888 Christi
3470 835 3697 904 regnum
3731 831 3867 887 Pro-

2261 931 2424 999 pheta
2452 929 2740 992 describit,
2761 938 2816 984 et
2839 945 2944 1000 qua
2968 925 3366 998 consequentia
3391 925 3464 982 ibi
3482 927 3587 981 erit
3607 925 3866 982 minimus

2257 1033 2314 1078 et
2339 1024 2631 1086 maximus,
2655 1022 2698 1077 si
2722 1037 2917 1077 onines
2931 1021 3172 1093 mquales
3191 1021 3357 1074 futuri
3375 1025 3502 1074 sunt
3518 1018 3541 1072 ?
3557 1007 3751 1090 Utique
3776 1034 3861 1083 ea,

2259 1127 2362 1189 ("tua
2391 1126 2446 1174 et
2484 1118 2536 1173 iii
2569 1113 2867 1188 Evangelia
2898 1116 3096 1172 dicitur
3136 1134 3148 1170 :
3185 1114 3285 1181 Qui
3315 1105 3582 1179 docuerit,
3610 1122 3658 1166 et
3686 1111 3870 1183 fecerit

2262 1214 2344 1268 hic
2405 1214 2673 1268 vocabitur
2702 1213 2960 1268 iunximus
2994 1213 3046 1265 in
3079 1215 3236 1283 regno
3262 1206 3525 1262 caelorum.
3566 1193 3668 1272 Qui
3695 1213 3871 1260 autem

2262 1307 2514 1373 docuerit,
2547 1316 2597 1361 ct
2636 1324 2736 1360 non
2767 1305 2982 1376 fecerit,
3008 1305 3106 1360 erit
3137 1303 3378 1357 minimus
3407 1298 3626 1374 (Matth.
3663 1318 3716 1368 v,
3749 1297 3868 1370 19).

2263 1396 2319 1456 ln
2353 1401 2605 1456 coiivivio
2634 1399 2886 1456 Salvator
2916 1399 3184 1470 praecipit,
3205 1408 3258 1451 ut
3285 1395 3600 1452 inferiorem
3630 1409 3868 1463 occupe-

2265 1512 2385 1551 mus
2424 1495 2603 1551 locum
2652 1513 2664 1548 :
2711 1509 2780 1550 ne
2823 1510 2946 1550 cum
2994 1493 3167 1563 major
3215 1491 3450 1559 venerit,
3481 1487 3549 1545 de
3595 1487 3868 1560 superiori

2267 1588 2500 1659 turpiter
2529 1586 2888 1643 detrudamur
2915 1583 3074 1658 (Luc.
3113 1583 3249 1658 xiv).
3283 1575 3340 1642 Si
3374 1583 3573 1640 cadere
3603 1598 3710 1638 non
3747 1596 3873 1652 pos-

2266 1697 2485 1745 smnus,
2521 1681 2615 1736 sed
2655 1691 2861 1735 tantum
2912 1696 3008 1752 per
3054 1678 3429 1752 paenitentiam
3477 1677 3868 1733 sublevamur:

2268 1774 2396 1845 quid
2427 1773 2532 1828 sibi
2573 1773 2685 1828 vult
2714 1774 2859 1829 scala
2891 1773 2982 1828 illa
3026 1771 3077 1827 in
3109 1771 3334 1836 Bethel,
3369 1787 3462 1842 per
3493 1786 3649 1843 quam
3689 1771 3872 1841 angeli

551 1885 606 1934 et
633 1879 712 1932 sic
731 1871 797 1932 ad
825 1877 1087 1945 majorem
1107 1874 1372 1946 gradatim
1403 1869 1752 1928 conscendat.
1781 1870 1938 1926 Verbi
1962 1869 2159 1940 gratia,
2195 1881 2238 1944 Β
2267 1863 2607 1921 descendunt
2631 1879 2792 1937 atque
2824 1865 3147 1932 ascendunt,
3176 1866 3266 1937 qui
3296 1864 3364 1920 de
3390 1865 3544 1920 caelis
3571 1864 3635 1919 ad
3667 1874 3871 1920 terram

561 1967 723 2041 367
755 1975 814 2022 ut
860 1968 1006 2022 dicat
1047 1966 1287 2036 aliquem
1335 1964 1505 2019 fuisse
1547 1975 1813 2017 annorum
1846 1957 2084 2029 quinque
2109 1968 2166 2014 ct

557 2064 902 2135 Septuaginta
925 2070 981 2118 et
1003 2071 1247 2128 centum,
1269 2074 1372 2116 nec
1398 2069 1576 2114 tamen
1601 2057 1842 2128 quinque
1863 2065 1920 2110 et
1948 2064 2166 2124 septua-

553 2159 702 2228 ginta
748 2159 901 2228 plura
955 2163 1212 2228 poterunt
1259 2168 1383 2210 esse
1432 2167 1593 2222 quam
1627 2158 1868 2217 centum,
1905 2163 2024 2216 qua:
2053 2146 2161 2219 [ΑΙ.

537 2249 707 2322 quia]
732 2251 910 2318 priora
936 2258 1066 2303 sunt
1094 2247 1395 2302 nominata.
1427 2245 1485 2300 Si
1515 2260 1622 2300 non
1649 2241 1850 2312 accipis
1880 2241 1932 2294 in
1966 2240 2164 2294 bonam

558 2353 768 2412 partem
797 2341 1164 2397 diversitatem
1199 2339 1411 2395 numeri
1462 2348 1682 2394 centum
1716 2344 1772 2391 et
1802 2333 2085 2405 sexaginta
2111 2342 2166 2388 et

557 2438 802 2508 triginta,
839 2452 940 2492 nec
990 2436 1042 2490 in
1098 2435 1294 2488 malam
1348 2442 1559 2505 partem
1605 2432 1962 2502 accipies:et
2019 2429 2163 2486 idem

555 2528 748 2585 titiam
783 2531 888 2586 erit
917 2527 1167 2596 seminis,
1201 2527 1345 2597 quod
1375 2542 1534 2582 secus
1561 2527 1698 2581 viain
1732 2524 1953 2591 cecidit,
1984 2533 2038 2578 et
2077 2539 2167 2578 su-

543 2635 658 2696 .per
693 2631 894 2690 petras,
923 2633 979 2678 et
1009 2635 1177 2692 super
1219 2620 1423 2691 spinas.
1479 2621 1574 2676 Sin
1603 2627 1657 2675 et
1681 2619 1775 2673 illa
1811 2619 1935 2685 tria,
1967 2626 2022 2673 et
2050 2615 2166 2671 haec

554 2718 644 2774 vel
672 2717 726 2772 in
757 2717 977 2782 bonam,
1013 2715 1099 2771 vel
1141 2715 1195 2768 in
1245 2717 1443 2768 malam
1477 2722 1684 2782 partem
1719 2711 1931 2780 singula
1985 2717 2115 2764 sunt
2147 2750 2162 2775 ,

556 2812 784 2866 stultum
813 2811 912 2863 fuit
940 2823 1040 2878 pro
1063 2808 1276 2862 duabus
1304 2806 1470 2861 rebus
1492 2820 1590 2861 sex
1619 2804 1830 2874 species
1854 2817 2164 2868 numerare,

561 2903 870 2974 prmsertim
923 2916 1045 2956 cum
1098 2902 1150 2955 in
1199 2900 1457 2954 Matthzeo
1483 2906 1538 2954 et
1569 2899 1620 2952 in
1651 2893 1834 2952 Marco
1863 2905 1917 2950 et
1939 2897 1991 2950 in
2020 2891 2163 2949 Luca

557 3007 779 3052 narrata
837 2993 1090 3064 parabola
1123 3035 1136 3058 ,
1169 2993 1420 3048 Salvator
1466 3006 1683 3062 semper
1739 2990 1986 3046 intulerit
2020 3009 2033 3043 :
2067 2989 2168 3056 Qui

559 3085 710 3142 habet
733 3101 885 3141 aures
906 3085 1372 3151 audiendi,audiat
1395 3081 1612 3156 (Matth.
1645 3099 1721 3150 XI,
1758 3081 1848 3148 15,
1877 3093 1925 3137 et
1955 3098 2068 3148 stu,
2097 3083 2159 3149 9;

557 3178 733 3236 Marc.
777 3195 852 3246 tv,
884 3179 956 3245 9;
991 3177 1124 3235 Luc.
1158 3195 1275 3245 vni,
1323 3179 1422 3247 i8,
1475 3189 1520 3233 et
1572 3194 1683 3244 ittv,
1718 3176 1831 3250 55).
1884 3176 1983 3233 Ubi
2032 3175 2165 3230 nihil

2269 1960 2534 2016 veniunt?
2580 1958 2743 2016 Certe
2782 1961 2924 2016 inter
2966 1975 3096 2015 oves
3127 1969 3180 2014 et
3210 1955 3276 2014 ad
3310 1955 3590 2014 dexteram
3631 1959 3870 2024 stabant,

2268 2055 2398 2110 dum
2443 2055 2513 2110 ibi
2545 2062 2752 2112 essent.
2788 2054 2980 2126 Angeli
3011 2049 3076 2110 de
3117 2054 3270 2110 cretis
3301 2049 3664 2120 descendunt,
3695 2061 3751 2108 et
3777 2049 3873 2109 Jo-

2269 2149 2524 2204 vinianus
2547 2146 2612 2203 de
2640 2164 2828 2203 eorum
2859 2148 3211 2218 possessione
3243 2162 3471 2202 securus
3500 2157 3604 2202 est.

2338 2241 2431 2297 28.
2458 2239 2758 2298 Mansiones
2777 2242 2830 2295 in
2850 2239 2989 2296 rwlis
3012 2241 3207 2297 multm.
3229 2238 3452 2296 Ordines
3472 2238 3738 2296 Ecclesia.
3761 2239 3873 2296 Co:-

2270 2334 2474 2389 lcstium
2518 2334 2762 2388 virtutum
2792 2333 3230 2402 ordines.—Quis
3269 2344 3450 2389 autem
3483 2334 3650 2388 risum
3682 2342 3874 2390 tenere

2269 2435 2432 2496 queat
2463 2426 2516 2480 in
2549 2441 2636 2491 eo,
2669 2425 2812 2496 quod
2855 2427 3054 2481 multas
3085 2425 3400 2481 mansiones
3449 2425 3592 2496 apud
3630 2426 3869 2493 Patrem,

2271 2521 2544 2576 Ecclesias
2572 2520 2869 2576 arbitretur
2907 2522 2958 2577 in
2993 2531 3107 2577 toto
3136 2520 3269 2577 orbe
3296 2513 3550 2587 dili‘usas,
3582 2537 3705 2576 cum
3756 2536 3873 2576 ma-

2270 2617 2625 2672 nifestissime
2675 2617 2956 2688 Scriptura
3022 2617 3220 2672 doceat
3263 2614 3563 2672 secundum
3620 2607 3872 2685 Evange-

2270 2708 2401 2764 lium
2431 2708 2680 2777 Joannis,
2711 2727 2818 2764 non
2871 2709 2940 2767 de
2972 2709 3345 2766 Ecclesiarum
3377 2727 3607 2766 numero
3630 2751 3645 2778 ,
3674 2707 3768 2766 sed
3802 2710 3874 2767 de

2271 2802 2533 2856 caelorum
2567 2801 2967 2872 mansionibus,
2996 2815 3048 2859 et
3079 2803 3300 2860 aeternis
3333 2804 3723 2871 tabernaculis,
3750 2821 3874 2875 quin

2270 2894 2543 2964 Propheta
2584 2891 2884 2964 desiderat,
2925 2898 3153 2954 Domino
3204 2897 3372 2954 fuisse
3415 2897 3770 2954 sermonem?
3801 2893 3871 2953 In

2271 2987 2444 3056 domo,
2465 2988 2657 3060 inquit,
2680 2987 2855 3045 Patris
2883 2993 2981 3045 inci
3005 2993 3292 3047 mansiones
3307 2988 3482 3047 multa:
3507 3003 3644 3048 sunt.
3663 2992 3724 3048 Si
3739 3009 3874 3062 quo-

2269 3083 2459 3150 minus,
2492 3083 2734 3139 dixissem
2767 3087 2905 3139 vobis
2929 3088 3087 3159 :quia
3116 3089 3246 3142 vado
3274 3087 3414 3141 vobis
3443 3103 3632 3160 parare
3658 3085 3871 3155 locum;

2268 3185 2314 3229 et
2341 3176 2383 3230 si
2409 3175 2583 3230 abiero
2603 3186 2650 3230 et
2670 3193 3030 3248 prwparavero
3053 3178 3192 3234 vobis
3218 3177 3407 3246 locum,
3434 3181 3618 3234 iterum
3645 3180 3866 3248 veniam,

554 3281 642 3330 est
689 3272 831 3342 quod
883 3271 1214 3327 intrinsecus
1260 3272 1457 3341 lateat,
1487 3270 1686 3326 frustra
1732 3269 1798 3325 ad
1848 3269 2159 3341 intelligen-
2187 3275 2232 3339 C
2264 3280 2310 3325 et
2339 3271 2590 3342 accipiam
2629 3286 2717 3325 vos
2747 3271 2814 3326 ad
2862 3273 3138 3344 meipsum,
3184 3285 3240 3328 ut
3273 3274 3355 3328 ubi
3399 3291 3490 3347 ego
3522 3291 3656 3340 sum,
3687 3283 3736 3328 et
3781 3289 3873 3328 vos

552 3365 686 3420 tiam
718 3365 1000 3435 mysticam
1033 3379 1410 3434 provocamur.

629 3457 720 3510 27.
773 3455 1053 3527 Multiptex
1099 3456 1289 3510 Christi
1334 3457 1583 3512 habitatio
1629 3458 1682 3511 in
1730 3457 2166 3513 credentibus.—

555 3553 616 3609 Si
666 3559 847 3607 autem
897 3550 1059 3606 Pater
1099 3558 1154 3605 et
1182 3550 1356 3605 Filius
1397 3552 1732 3606 mansionem
1777 3550 1981 3607 iaciunt
2023 3551 2165 3621 apud

560 3647 872 3711 credentes,
901 3653 956 3700 et
983 3643 1071 3699 ubi
1094 3643 1348 3700 Christus
1373 3645 1570 3716 hospes
1592 3657 1698 3713 est,
1723 3645 1793 3702 ibi
1815 3647 1946 3702 nihil
1973 3648 2167 3703 deesse

556 3741 843 3794 existimas
869 3783 882 3806 ,
921 3749 1052 3804 puto
1083 3736 1228 3807 quod
1272 3736 1431 3792 aliter
1472 3737 1721 3793 Christus
1755 3737 2079 3793 habitaverit
2112 3739 2165 3792 in

556 3831 883 3900 Corinthiis,
919 3833 1080 3887 aliter
1112 3831 1164 3886 in
1198 3832 1446 3900 Ephesiis
1475 3849 1488 3898 ;
1521 3832 1624 3886 hoc
1669 3840 1755 3885 est
1783 3832 1944 3887 aliter
1977 3833 2026 3886 in
2059 3832 2163 3897 his,

560 3923 705 3993 apud
738 3939 872 3994 quos
907 3924 1108 3978 Paulus
1137 3922 1418 3993 apostolus
1447 3937 1664 3993 peccata
1714 3923 1885 3978 multa
1919 3922 1944 3960 δ
1975 3923 2168 3994 deprc-

559 4013 778 4081 hendit,
808 4023 863 4070 et
890 4016 1051 4070 aliter
1082 4016 1133 4070 in
1170 4014 1277 4081 his,
1313 4015 1509 4086 quibus
1539 4025 1876 4082 sacramenta
1900 4031 1929 4070 a
1953 4017 2168 4072 sa-culis

555 4107 804 4181 ignorata
837 4108 1100 4164 disseruit
1125 4127 1137 4164 :
1164 4108 1327 4162 aliter
1357 4110 1408 4163 in
1431 4108 1554 4164 Tito
1585 4120 1635 4164 ct
1669 4107 1987 4176 Timotheo,
2009 4110 2168 4166 aliter

552 4201 609 4256 in
629 4201 819 4256 Paulo.
851 4201 1015 4258 Certe
1037 4202 1178 4256 inter
1196 4211 1354 4256 natos
1370 4203 1654 4258 mulierum
1677 4218 1785 4258 non
1801 4203 2034 4260 surrexit
2055 4219 2168 4258 ma-

549 4293 864 4366 jortoanne
885 4296 1147 4366 Baptista.
1179 4294 1280 4350 Ubi
1301 4308 1478 4350 autem
1505 4296 1680 4366 major
1706 4297 2168 4366 dicitur,nccesse

554 4390 638 4446 est
662 4399 970 4446 utcmteros
1003 4372 1254 4445 habuerit
1278 4389 1541 4444 minores.
1568 4387 1656 4457 Et,
1683 4390 1784 4458 Qui
1801 4403 1822 4429 ο
1840 4392 2081 4446 minimus
2096 4403 2169 4447 est

551 4483 607 4538 in
621 4501 774 4554 regno
789 4485 1316 4556 caelorum,ntajorest
1331 4483 1443 4538 illo.
1455 4481 1619 4538 Vides
1631 4484 1926 4554 ergo,qnod
1946 4485 1998 4539 in
2015 4485 2168 4540 ccelis

556 4576 629 4630 sit
650 4576 916 4630 maximus
933 4589 986 4632 et
1005 4577 1282 4641 minimus,
1299 4587 1350 4631 et
1369 4574 1749 4646 interangelos
1767 4593 2003 4648 quoque,
2019 4590 2072 4633 et
2089 4579 2170 4634 in-

2266 3362 2379 3417 sitis
2402 3362 2581 3434 (Joan.
2611 3381 2722 3429 xiv,
2745 3364 2802 3431 2,
2833 3365 2912 3438 '5).
2945 3366 3122 3422 LOl'US
3146 3375 3201 3421 ct
3227 3368 3536 3423 mansiones
3565 3384 3699 3438 quas
3729 3384 3876 3438 pra:-

2270 3471 2463 3525 parare
2495 3471 2554 3510 se
2583 3456 2715 3511 dicit
2744 3453 2995 3513 Christus
3037 3457 3302 3530 apostolis
3327 3501 3340 3527 ,
3376 3461 3427 3515 in
3470 3459 3634 3516 domo
3680 3459 3872 3532 utique

2266 3557 2393 3602 sunt
2419 3547 2618 3616 Patris,
2647 3548 2697 3604 id
2727 3560 2811 3606 est
2835 3594 2847 3614 ,
2880 3549 2932 3604 in
2966 3566 3134 3622 regno
3162 3554 3450 3620 caelorum,
3481 3569 3587 3609 non
3615 3553 3669 3608 in
3700 3565 3868 3623 terra,

2266 3639 2320 3694 in
2351 3655 2454 3710 qua
2485 3640 2550 3694 ad
2583 3657 2826 3712 praesens
2857 3641 2965 3714 [ΑΙ.
2994 3643 3259 3717 praesens]
3289 3647 3568 3716 apostolos
3595 3646 3873 3716 relinque-

2267 3732 2379 3788 bat.
2405 3732 2683 3805 Simulqne
2701 3750 2895 3790 sensus
2917 3736 3212 3807 Seripturze
3237 3739 3530 3795 intuendus
3557 3757 3571 3794 :
3594 3740 3868 3810 Dicerem,

2269 3827 2463 3896 inquit,
2497 3829 2669 3896 vobis,
2705 3830 2828 3901 quia
2858 3831 2996 3886 vado
3022 3842 3076 3888 et
3107 3834 3426 3904 praiparabo
3461 3835 3616 3890 vobis
3641 3834 3822 3892 locum
3851 3853 3865 3891 :

2269 3919 2315 3975 si
2348 3935 2451 3975 non
2501 3922 2818 3978 mansiones
2848 3925 3031 3980 multae
3075 3936 3260 3982 essent
3303 3925 3442 3996 apud
3487 3925 3730 3993 Patrem,
3761 3927 3871 3984 hoc

2269 4022 2372 4081 ρει,
2399 4014 2443 4068 si
2476 4030 2580 4068 non
2612 4017 2982 4088 unusquisque
3013 4018 3352 4074 mansionem
3381 4021 3484 4076 sibi
3518 4035 3625 4078 non
3659 4035 3724 4077 ex
3757 4022 3870 4077 lar-

2268 4107 2436 4178 gitate
2466 4107 2562 4162 Dei
2589 4150 2604 4174 ,
2633 4108 2729 4164 sed
2757 4125 2824 4164 ex
2855 4111 3091 4181 propriis
3121 4113 3382 4184 operibus
3412 4123 3746 4184 praepararet
3772 4134 3786 4168 :
3813 4127 3869 4172 et

2269 4199 2392 4256 ideo
2437 4215 2540 4256 non
2584 4213 2668 4258 est
2713 4218 2894 4258 meum
2947 4219 3173 4274 parare,
3217 4205 3314 4261 sed
3360 4215 3627 4271 vestrum,
3655 4205 3780 4277 quia
3816 4213 3872 4265 et

2269 4294 2424 4350 indu:
2466 4295 2598 4350 nihil
2648 4296 2850 4367 profuit
2904 4308 3122 4368 paratus
3166 4297 3541 4370 locus,quem
3585 4314 3685 4355 suo
3731 4301 3870 4358 vitio

2273 4388 2525 4460 perdidit.
2554 4389 2713 4445 Juxta
2743 4405 2904 4461 quem
2933 4406 3154 4447 sensum
3189 4401 3242 4446 et
3271 4391 3403 4447 illud
3435 4389 3867 4462 intelligendum,

2271 4479 2415 4550 quod
2441 4479 2506 4536 ad
2540 4480 2682 4536 ﬁlios
2712 4481 2909 4538 dicitur
2933 4482 3204 4550 Zcbedazi,
3237 4500 3470 4555 quorum
3501 4485 3640 4540 alter
3672 4500 3702 4540 a
3724 4486 3867 4541 sini-

2272 4574 2421 4639 stris,
2457 4575 2596 4628 alter
2626 4576 2878 4645 cupiebat
2918 4577 3111 4632 sedere
3136 4591 3166 4630 a
3191 4577 3400 4636 dextris
3447 4597 3460 4635 :
3496 4578 3719 4634 Calicem
3746 4582 3866 4648 qui-

557 4677 644 4722 ter
671 4667 970 4722 invisibiles
992 4677 1272 4723 creaturas
1295 4669 1363 4722 sit
1391 4668 1671 4738 multiplex
1692 4667 1968 4724 etintinita
1985 4668 2166 4725 diver-
2191 4665 2242 4726 D
2270 4666 2384 4720 dem
2414 4685 2581 4722 meum
2613 4669 2823 4736 bibatis;
2851 4667 3027 4724 sedere
3053 4680 3228 4726 autem
3253 4689 3285 4726 a
3307 4673 3498 4727 dextris
3528 4674 3679 4740 meis,
3710 4674 3816 4728 sive
3836 4691 3865 4727 a

555 4760 708 4814 sitas.
742 4760 920 4826 Quare
934 4759 1119 4817 dicunt
1136 4760 1368 4833 apostoli
1388 4779 1400 4816 :
1420 4759 1659 4827 Domine,
1681 4778 1814 4836 auge
1841 4763 1988 4816 nobis
2005 4764 2162 4832 [idem

557 4852 712 4925 (Luc.
744 4869 876 4921 xvtt,
908 4855 962 4924 5)
987 4899 1001 4920 ,
1031 4858 1074 4910 si
1107 4856 1346 4911 omnium
1380 4873 1482 4911 una
1522 4872 1776 4913 mensura
1809 4853 1933 4912 est?
1965 4859 2028 4913 Et
2061 4858 2163 4912 Do-

556 4948 738 5003 minus
780 4949 845 5003 ad
894 4947 1218 5018 discipulum
1250 4968 1262 5004 :
1295 4948 1518 5004 Modica:
1547 4949 1672 5020 ﬁdei
1701 4992 1715 5016 ,
1746 4949 1872 5019 quid
1909 4948 2165 5006 dubitasti

559 5038 770 5110 (Matth.
801 5055 911 5103 xiv,
939 5039 1066 5110 3t)?
1100 5040 1156 5094 in
1185 5035 1419 5095 Jeremia
1450 5058 1665 5111 quoque
1694 5041 1763 5096 de
1786 5040 1970 5096 futuro
1993 5058 2162 5113 regno

555 5129 787 5198 legimus
814 5148 826 5183 :
856 5131 990 5185 Ecce
1023 5133 1134 5185 dies
1161 5135 1387 5197 ueniunt,
1423 5135 1548 5188 dicit
1584 5131 1871 5200 Dominus,
1905 5145 1951 5188 et
1974 5137 2161 5206 feriam

559 5223 738 5277 domui
760 5219 928 5278 Israel
959 5235 1004 5278 et
1032 5226 1209 5279 domui
1237 5224 1400 5279 Iacob
1429 5229 1594 5299 {tedas
1620 5246 1826 5290 novum.
1860 5247 1961 5284 non
1983 5247 2162 5286 secun-

557 5317 902 5390 dumpactnm
921 5320 1057 5388 quod
1076 5320 1375 5392 pepigicum
1389 5323 1617 5388 patribus
1635 5325 1815 5376 vestris
1843 5317 1976 5394 (Jer.
2008 5339 2158 5390 xm,

557 5409 783 5478 3l,52).
814 5411 876 5466 Et
909 5421 1030 5482 post
1057 5412 1366 5480 paululum:
1390 5410 1901 5485 Dubolvgemmeant
1927 5413 1977 5466 in
1999 5417 2162 5468 visce-

557 5503 698 5559 ribus
721 5523 922 5573 corum,
937 5507 1049 5562 etin
1069 5507 1222 5560 corde
1235 5521 1413 5560 eorum
1426 5507 1646 5561 scribam
1659 5505 1884 5571 illam,et
1910 5521 1996 5558 cro
2012 5507 2084 5559 eis
2107 5508 2159 5560 in

629 5675 654 5703 α
698 5656 970 5723 Victorius
1002 5669 1159 5724 πολλὰ
1207 5667 1477 5726 ﬂlaciam.
1511 5676 1568 5719 ut
1619 5661 1856 5719 habetur
1879 5660 2019 5729 apud
2061 5661 2166 5717 Lu-

557 5751 675 5792 cam
710 5741 795 5794 18.
823 5740 963 5797 Alibi
991 5750 1073 5794 est
1101 5737 1533 5795 πολυπλασίονα..

630 5803 657 5843 *³
701 5810 810 5862 lluo
837 5825 965 5862 mss.
998 5826 1119 5863 cum
1153 5807 1325 5862 veteri
1355 5803 1594 5861 editione
1625 5801 1977 5875 reprehendit.

632 5887 651 5906 “
695 5877 777 5930 At.
811 5889 857 5932 et
896 5881 981 5948 qui
1010 5879 1198 5933 minor.
1225 5877 1578 5934 Cisterciens.
1621 5873 1759 5932 liber
1799 5873 1889 5944 qui
1925 5873 2167 5929 minimus

2266 4761 2511 4824 sinistris,
2540 4779 2637 4816 non
2670 4773 2744 4817 est
2767 4779 2936 4817 meum
2967 4763 3092 4818 dare
3113 4765 3274 4832 vobis,
3293 4768 3382 4822 sed
3408 4768 3591 4838 quibus
3622 4777 3868 4838 paratum

2267 4863 2340 4906 cst
2365 4870 2397 4906 a
2429 4851 2588 4907 Patre
2616 4871 2727 4908 meo
2748 4853 2966 4925 (Matth.
2993 4872 3084 4920 xx,
3111 4855 3226 4930 25).
3274 4857 3388 4914 Non
3417 4869 3502 4915 est.
3527 4859 3649 4914 Filii
3686 4860 3821 4917 date
3852 4877 3865 4913 :

2264 4955 2317 5002 et
2342 4947 2617 5018 quomodo
2639 4947 2816 5004 Patris
2844 4961 2923 5005 est
2947 4949 3111 5024 369
3145 4953 3486 5022 praeparare?
3516 4940 3750 5018 Paratae,
3781 4956 3867 5011 in-

2263 5041 2418 5110 quit,
2459 5052 2584 5095 sunt
2617 5041 2670 5095 in
2712 5043 2853 5096 caelo
2883 5041 3110 5097 diversa:
3141 5051 3199 5099 et
3229 5044 3470 5114 plurima:
3502 5045 3821 5102 mansiones
3847 5087 3864 5115 ,

2269 5132 2516 5203 plurimis
2556 5132 2900 5204 diversisque
2940 5135 3256 5203 Virtutibus,
3299 5153 3434 5208 quas
3471 5155 3575 5195 non
3618 5154 3869 5208 personae

2268 5223 2562 5294 accipiunt,
2593 5225 2689 5280 sed
2719 5241 2903 5296 Opera.
2937 5227 3158 5284 Frustra
3187 5244 3318 5298 ergo
3339 5245 3366 5283 a
3393 5245 3482 5286 me
3513 5231 3695 5299 petitis
3722 5230 3868 5299 quod

2268 5317 2321 5372 in
2355 5318 2510 5372 vobis
2541 5318 2706 5373 situm
2746 5329 2862 5384 est,
2901 5323 3044 5392 quod
3077 5323 3244 5378 Pater
3274 5338 3425 5377 mens
3468 5324 3574 5378 illis
3614 5326 3869 5394 paravit,

2266 5412 2356 5482 qui
2386 5410 2562 5481 dignis
2587 5412 2895 5480 virtutibus,
2922 5415 2988 5470 ad
3015 5423 3218 5469 tantam
3241 5417 3521 5471 ascensuri
3545 5428 3668 5472 sunt
3693 5417 3876 5488 digni-

2269 5514 2457 5562 tatem.
2493 5505 2667 5564 Porro
2695 5508 2837 5580 quod
2867 5509 2942 5565 ait
2979 5525 2993 5564 :
3039 5507 3240 5565 Iterum
3269 5511 3500 5578 veniam,
3532 5522 3580 5567 at
3614 5513 3877 5586 accipiant

2273 5672 2368 5735 est,
2393 5664 2588 5735 inquit,
2617 5665 2670 5720 in
2700 5678 2878 5735 regno,
2911 5675 3018 5721 etc.

2343 5732 2369 5772 ἀ
2410 5732 2538 5810 Mss.
2570 5732 3125 5810 pleriquecognoscito
3154 5745 3248 5810 :et
3278 5736 3436 5808 paulo
3465 5748 3608 5808 post,
3648 5742 3756 5810 Qui
3777 5763 3876 5800 au-

2272 5815 2372 5860 tem
2399 5807 2654 5871 docuerit,
2684 5804 2930 5876 iet—aliqua
2961 5819 3065 5862 non
3095 5804 3294 5877 fecerit,
3327 5819 3431 5864 etc.
