4062 6294
255 320 273 374 5'
1013 309 1386 369 ADVERSUS
1421 305 1836 367 JUVINIANUM
1879 307 2008 365 LIB.
2057 309 2122 364 II.

3123 313 3227 368 396

269 437 320 489 ad
338 437 580 504 meipsum,st
597 435 728 507 uirgo
745 414 926 498 tumst
955 443 1042 486 vos
1063 434 1178 488 sitis
1201 432 1384 502 (Joan.
1411 446 1520 497 xiv,
1553 449 1600 510 Α
1629 437 1794 484 ucstra
1821 426 2069 495 tentplum
2119 433 2193 482 est
2247 425 2480 497 Spiritus
2523 428 2720 493 sancti,
2760 427 2829 484 de
2871 437 3061 483 cuncta
3112 446 3228 486 cre-

287 530 448 598 proprie
468 529 515 582 ad
543 528 746 597 Apostolus
769 527 809 580 lo
829 527 1017 594 tuitur,
1054 527 1122 581 de
1157 526 1353 595 quibus
1385 535 1440 582 et
1472 527 1522 580 in

256 625 370 677 loco
396 625 580 692 scriptum
601 630 659 677 est
681 640 691 675 :
715 620 762 674 Ut
785 621 1036 689 quomodo
1066 637 1160 692 ego
1201 632 1246 674 et
1277 631 1330 672 tu
1374 623 1526 674 Pater

255 733 290 769 m
309 730 456 779 suntut,
472 718 568 769 licet
587 713 645 768 illi
663 717 700 767 in
716 716 827 767 nobis
854 729 1018 767 unum
1047 715 1149 768 sint
1178 713 1363 787 (Joun.
1396 727 1524 777 imi,

255 853 262 875 ,
289 810 356 879 qni
375 808 641 873 crediderunt,
664 809 729 876 qui
753 807 966 875 perfecti
998 818 1144 871 sunt,
1178 809 1269 878 qui
1301 815 1530 878 possunt

255 920 310 961 re.
324 919 418 970 pars
430 917 509 956 mea
524 899 814 972 DominusU’s.
831 916 860 954 ι
871 917 895 951 ι
906 917 928 949 r
939 913 974 954 tt
985 943 997 960 ,
1011 900 1124 972 26).
1143 900 1200 956 Si
1215 911 1393 956 autem
1419 917 1528 956 non

265 997 452 1064 plurimae
469 994 716 1056 mansiones.
734 993 986 1063 quomodo
1003 1005 1054 1047 et
1076 997 1126 1047 in
1149 994 1321 1048 veteri
1343 995 1532 1049 Testa-

261 1104 284 1136 o
302 1099 340 1140 et
356 1086 395 1140 in
408 1101 526 1152 noro,
541 1085 667 1141 alium
680 1086 894 1141 ordinem
916 1087 1155 1156 ponttles
1177 1095 1349 1154 tenet,
1366 1087 1530 1142 alium

260 1184 393 1240 totes,
406 1180 532 1233 alium
551 1179 720 1244 Levita,
735 1179 879 1234 alium
899 1180 1190 1243 ianitores,
1205 1180 1531 1235 almmA’idi-

257 1275 287 1326 ξι
307 1274 349 1326 in
372 1281 391 1308 λ
413 1274 625 1328 volumine
648 1273 910 1329 Ezechielis
929 1315 945 1341 ,
989 1274 1077 1328 ubi
1119 1275 1317 1329 futurae
1345 1274 1532 1330 Eccle-

263 1367 453 1421 ewlestis
469 1366 702 1422 Jerusalem
716 1366 828 1422 ordo
846 1367 1190 1433 describitur,
1221 1368 1532 1423 sacerdotes

261 1469 505 1524 ccaremnt,
525 1459 810 1530 regradantuz'
839 1460 889 1513 in
916 1463 1168 1526 :edituos,
1205 1469 1259 1514 et
1287 1461 1340 1515 in
1363 1461 1528 1515 ostia-

266 1564 433 1609 etcum
456 1556 542 1608 sint
569 1555 610 1608 in
635 1554 798 1622 templo
828 1553 941 1618 Dei,
977 1557 1080 1608 hoc
1121 1561 1205 1608 est
1235 1569 1262 1606 a
1296 1554 1530 1615 dextris,

261 1657 324 1701 int
355 1648 468 1703 inter
489 1648 679 1714 arietes,
706 1648 783 1702 sed
824 1647 969 1702 inter
1012 1646 1268 1700 minimas
1299 1661 1450 1702 ores.
1476 1646 1532 1701 In

261 1756 435 1811 quoque
456 1740 552 1806 illo,
575 1739 651 1809 qui
676 1739 732 1794 de
757 1740 948 1808 templo
990 1737 1289 1809 egreditur,
1323 1749 1378 1793 et
1405 1738 1532 1792 irri-

1627 521 1873 577 dcntium
1898 521 2043 576 dicat
2077 521 2346 586 Ecclesia,
2367 521 2453 592 qui
2481 523 2681 590 pariter
2705 523 3040 592 cmrgregati,
3069 538 3231 575 unum

1627 614 1830 671 Christi
1861 632 2061 685 eorpns
2089 614 2354 671 emerunt.
2388 615 2483 670 ilic
2512 616 2622 686 jam
2657 618 2917 686 quzeritur
2948 619 3000 671 in
3041 633 3235 685 corpo-

1631 723 1711 773 re,
1743 710 1832 777 qui
1869 709 2096 777 pedibus
2145 708 2348 763 Christi
2379 708 2572 777 dignus
2604 709 2696 774 sit,
2730 712 2818 779 qui
2873 710 3054 780 capite
3086 727 3098 765 :
3147 711 3236 780 qui

1630 803 1820 856 oculus
1852 802 1971 866 ejus
2002 804 2093 868 sit,
2127 803 2221 872 qui
2276 815 2492 856 manus.
2522 802 2678 868 Quod
2711 813 2763 856 et
2813 801 2931 856 dum
2982 803 3237 858 mulieres

1630 895 1683 949 in
1719 897 2030 966 Evangelio,
2067 899 2340 966 paenitens
2384 907 2439 952 et
2470 906 2689 961 sancta,
2719 898 3022 967 signiﬁcant
3055 915 3066 950 :
3105 915 3237 965 qua-

1630 1003 1749 1042 rutn
1777 991 1945 1044 altera
1971 989 2154 1060 pedes,
2173 990 2342 1046 altera
2357 1001 2515 1060 caput
2547 999 2709 1043 tenet.
2733 985 2972 1044 Tametsi
2998 989 3238 1044 nonnulli

1632 1081 1944 1138 existimant
1999 1095 2156 1138 unam
2191 1097 2312 1140 esse
2333 1128 2346 1150 ,
2397 1093 2451 1140 et
2482 1095 2604 1155 qum
2634 1086 2867 1155 primum
2896 1087 3054 1155 ccepit
3092 1101 3120 1138 a
3150 1101 3238 1156 pe-

1632 1175 1816 1245 dibus,
1845 1191 1963 1232 eam
1993 1179 2253 1248 gradatim
2282 1175 2348 1234 ad
2380 1181 2636 1234 verticem
2665 1180 2997 1248 pervenisse.
3037 1179 3139 1234 Sed
3183 1189 3238 1234 et

1635 1271 1765 1325 illud
1789 1272 1930 1342 quod
1960 1272 2148 1343 objicit
2190 1272 2298 1345 [ΑΙ.
2327 1272 2569 1344 υἱῆες-Μ,
2605 1271 2720 1326 Non
2746 1289 2838 1340 pro
2863 1275 2940 1328 his
2971 1292 3094 1345 rogo-
3124 1285 3242 1328 Ian-

1635 1373 1764 1429 tum,
1788 1365 1880 1417 sed
1900 1375 1945 1417 et
1969 1382 2061 1434 pro
2085 1364 2194 1418 illis
2215 1367 2299 1435 qui
2326 1365 2572 1419 credituri
2596 1377 2713 1419 sunt
2735 1385 2826 1432 )tt‘t'
2843 1367 3045 1420 verbum
3065 1385 3239 1422 eorum

1635 1455 1688 1509 in
1717 1471 1796 1511 me
1825 1472 1843 1511 :
1882 1466 1905 1494 ο
1937 1465 1993 1510 ut
2019 1459 2149 1511 sicut
2198 1475 2291 1530 ego
2325 1457 2480 1513 Pater
2527 1460 2578 1512 in
2612 1469 2686 1524 te,
2719 1470 2766 1512 et
2800 1469 2850 1513 tu
2882 1461 2932 1514 in
2972 1479 3050 1514 me
3081 1479 3236 1514 unum

1635 1561 1817 1603 sumus
1845 1564 1864 1603 .'
1889 1550 1962 1601 ita
1992 1566 2167 1604 omnes
2198 1565 2355 1604 unum
2378 1550 2479 1605 sint
2521 1551 2572 1604 in
2600 1549 2743 1605 nobis
2769 1567 2787 1604 :
2816 1561 2870 1606 ct
2899 1553 3039 1622 quod
3065 1554 3239 1608 munis

1636 1642 1867 1711 populus
1896 1640 2238 1697 Christianus
2275 1658 2438 1698 annm
2464 1645 2532 1698 sit
2563 1643 2614 1698 in
2639 1642 2782 1712 Deo,
2812 1643 2964 1714 quasi
2996 1643 3088 1698 lilii
3114 1643 3240 1699 cha-

1637 1734 1859 1797 rissimi,
1895 1736 2077 1789 dirimi!
2106 1746 2364 1792 consortes
2394 1745 2612 1791 natura.
2642 1738 2758 1792 .lam
2785 1754 2948 1809 supra
2977 1738 3236 1805 diximus,

260 1850 357 1889 sum
381 1849 522 1901 mare,
545 1843 592 1890 et
633 1834 850 1888 universa
900 1833 1160 1898 viviﬁeat,
1192 1833 1380 1888 inulta:
1409 1845 1534 1901 spe—
1568 1851 1613 1912 Β
1638 1837 1691 1883 et
1722 1843 1862 1882 nunc
1894 1829 2103 1897 plenius
2135 1831 2514 1885 incnlcandum
2540 1841 2642 1897 est,
2681 1848 2786 1886 non
2811 1847 2911 1888 nos
2943 1831 3239 1889 secundum

261 1932 394 1981 tcittm
420 1927 762 1982 describuntur.
785 1928 965 1993 Quare
990 1927 1043 1978 in
1068 1939 1240 1994 regno
1267 1924 1531 1979 ctelorum

267 2021 361 2088 geli
403 2029 530 2082 sunt,
569 2019 754 2087 Angeli,
804 2017 1034 2081 Throni,
1091 2016 1538 2079 Dominationes,

263 2122 352 2173 tes,
371 2108 647 2173 Cheruhim,
669 2119 715 2162 et
735 2106 1015 2176 Seraphim
1041 2125 1054 2159 :
1079 2115 1136 2162 et
1156 2121 1320 2162 omne
1343 2119 1541 2160 nomen

261 2201 504 2264 rmilialtll',
529 2216 622 2254 non
649 2200 802 2254 solum
833 2201 884 2252 in
910 2199 1168 2268 praesenti
1195 2198 1421 2264 saeculo,
1446 2199 1542 2253 sed

264 2310 294 2345 n
330 2292 525 2346 futuro?
566 2293 679 2347 Siue
713 2305 869 2346 causa
917 2291 1214 2346 diversitas
1261 2292 1543 2346 nominum

263 2401 358 2439 non
404 2395 478 2440 est
503 2385 765 2440 diversitas
790 2387 1129 2440 meritorum.
1162 2386 1546 2456 Arehangelus

271 2478 456 2531 liorum
501 2478 743 2532 minorum
789 2486 871 2532 est
918 2479 1269 2546 Angelorum.
1303 2478 1548 2534 Art-han-

279 2570 578 2635 Potestates,
609 2577 658 2622 et
693 2569 1098 2624 Dominationes
1120 2569 1328 2626 habent
1354 2569 1384 2608 υ
1414 2571 1546 2634 alia,

284 2663 557 2719 exerceant
591 2672 927 2733 potestatem,
961 2673 1014 2718 et
1044 2665 1098 2717 in
1132 2677 1253 2734 qua:
1305 2663 1548 2732 subjecta

264 2773 355 2810 ,ur.
406 2756 512 2810 lloc
554 2757 602 2810 in
653 2757 802 2811 etelis
854 2766 970 2821 est,
1012 2756 1195 2812 hocin
1238 2755 1551 2811 ministerio
1578 2790 1590 2797 -

264 2850 389 2922 ario]
433 2851 564 2914 Dei,
620 2867 684 2906 ne
730 2865 829 2905 nos
878 2851 1042 2906 solito
1083 2864 1234 2906 more
1291 2849 1544 2914 irridens,

266 2957 506 3008 )sannes,
539 2943 581 2996 si
622 2943 972 3012 imperatores
995 2939 1102 3015 [AL
1137 2938 1550 3012 imperatorem]

266 3055 328 3104 rs,
351 3039 633 3108 pra-rectos
654 3047 706 3092 ct
725 3038 977 3102 comites,
992 3045 1048 3092 et
1063 3037 1331 3099 tribunos,
1349 3044 1401 3091 et
1422 3049 1550 3090 cen-

262 3141 318 3186 et
340 3130 665 3198 manipulos,
681 3138 735 3184 et
758 3130 1029 3200 reliquum
1047 3129 1258 3183 militiae
1275 3127 1546 3182 ordinem.

1642 1931 1909 1989 naturam,
1947 1921 2042 1977 sed
2074 1921 2375 1979 secundum
2419 1927 2644 1994 gratiam
2677 1923 2693 1962 τ
2725 1943 2886 1981 unum
2917 1943 3038 1982 esse
3067 1927 3119 1980 in
3143 1925 3245 1981 Pa—

1645 2019 1725 2068 tre
1771 2017 1825 2068 et
1868 2011 2027 2069 Filio.
2077 2014 2260 2086 Neque
2316 2015 2460 2071 enim
2504 2018 2750 2086 ejusdem
2799 2015 3117 2074 subsmntim
3167 2027 3249 2072 est

1647 2104 1826 2174 (quod
1873 2105 2153 2161 Hanichmi
2202 2109 2381 2162 solent
2430 2108 2644 2180 dicere)
2688 2111 2867 2163 anima
2905 2109 3141 2163 humana
3195 2120 3248 2164 et

1649 2196 1810 2250 Deus.
1842 2196 1972 2262 Sed,
2003 2197 2255 2265 dilexisti,
2293 2199 2485 2268 inquit,
2519 2217 2628 2265 eos,
2659 2201 2793 2255 sicut
2819 2209 2865 2254 et
2895 2218 2970 2254 me
2998 2199 3249 2256 dilexisti.

1650 2288 1813 2343 Vides
1835 2305 1968 2360 ergo
1995 2289 2136 2360 quod
2161 2292 2216 2344 in
2243 2293 2579 2346 consortium
2611 2293 2930 2348 substantiae
2954 2293 3072 2364 ejus
3099 2311 3251 2350 assu-

1650 2381 1872 2448 mimur,
1907 2397 2012 2436 non
2047 2391 2257 2438 natura:
2287 2397 2433 2451 esse,
2468 2386 2560 2440 sed
2590 2389 2777 2456 gratim
2811 2405 2822 2441 :
2862 2396 2917 2443 et
2954 2387 3077 2443 ideo
3103 2401 3125 2434 ρ
3159 2407 3253 2444 nos

1651 2471 1852 2543 diligit,
1887 2473 2011 2544 quia
2038 2473 2198 2546 371
2246 2473 2443 2529 Filium
2491 2475 2678 2532 dilexit
2706 2478 2898 2534 Pater:
2933 2489 2987 2536 et
3012 2481 3254 2535 membra

1651 2563 1976 2635 diliguntur,
2008 2567 2215 2621 scilicet
2258 2569 2310 2621 in
2360 2582 2606 2637 corpore.
2644 2568 2908 2641 Quotquot
2958 2573 3090 2626 enim
3124 2592 3259 2628 recc-

1654 2667 1840 2726 perunt
1869 2656 2164 2726 Christum,
2194 2659 2339 2713 dedit
2384 2663 2456 2714 eis
2488 2669 2784 2731 potestatem
2811 2661 2950 2734 ﬁlios
2988 2665 3086 2719 Dei
3110 2666 3224 2736 ﬁeri
3244 2711 3257 2734 ,

1654 2751 1732 2802 Itis
1755 2751 1844 2820 qui
1869 2752 2085 2804 credunt
2112 2754 2166 2806 in
2195 2754 2401 2806 nomine
2427 2757 2540 2826 ejus
2572 2771 2589 2808 :
2617 2758 2706 2826 qui
2756 2772 2856 2811 non
2887 2775 2950 2812 ea:
2991 2761 3259 2829 sanguini--

1652 2842 1776 2908 bus,
1807 2859 1969 2912 neque
2015 2855 2079 2898 ea:
2137 2843 2399 2900 uoluntate
2446 2848 2645 2915 carnis,
2689 2863 2848 2919 neque
2892 2865 2954 2904 ex
2998 2849 3261 2906 voluntate

1653 2935 1772 3000 uiri,
1803 2935 1894 2989 sed
1922 2952 1986 2990 ea:
2017 2935 2124 2990 Deo
2154 2939 2262 2990 nati
2290 2948 2410 2991 sunt
2443 2936 2622 3010 (Joau.
2659 2954 2698 3007 t,
2727 2939 2838 3011 1:2).
2869 2939 3104 2997 Verbum
3132 2959 3259 2998 caro

1653 3028 1858 3083 factum
1885 3041 1968 3084 est
1993 3072 2006 3094 ,
2031 3039 2090 3085 ut
2114 3044 2213 3085 nos
2244 3032 2314 3086 dc
2346 3047 2510 3088 carne
2542 3036 2899 3092 transiremus
2919 3037 2970 3092 in
2999 3037 3256 3096 Verbum.

1655 3121 1766 3178 Nee
1797 3121 2034 3178 Verbum
2064 3124 2228 3180 desiit
2255 3139 2380 3182 esse
2407 3125 2550 3198 quod
2583 3125 2760 3184 fuerat
2783 3148 2795 3182 ι
2820 3147 2916 3186 nec
2950 3131 3115 3188 homo
3141 3151 3261 3204 rer-

259 3243 275 3278 ;
328 3225 618 3295 Scriptura:
657 3237 840 3278 sacrm.
875 3221 1057 3277 ιι]Ιὶσωὶ
1101 3221 1293 3294 duplex
1317 3223 1547 3294 spiritus,
1581 3241 1626 3304 Ο
1657 3215 1796 3270 diti“.
1821 3231 1972 3283 esse,
2009 3219 2155 3288 quod
2186 3228 2344 3275 natus
2389 3223 2492 3275 est.
2541 3221 2725 3277 Gloria
2779 3235 2935 3281 aucta
2986 3237 3101 3295 est,
3151 3247 3258 3284 non

261 3335 311 3370 nt
355 3317 503 3387 quod
535 3319 610 3372 ait
646 3333 661 3372 :
703 3317 927 3371 Nescitis
966 3319 1087 3387 quia
1135 3333 1353 3389 corpora
1394 3326 1558 3371 vestra

273 3413 540 3476 tspirittts
571 3411 758 3466 Sancti
790 3411 836 3482 (l
867 3409 987 3466 Cor.
1026 3425 1100 3476 vt,
1141 3411 1229 3481 l9)
1261 3429 1274 3464 :
1314 3421 1335 3448 ε
1393 3409 1559 3465 frivo-

277 3520 330 3558 m
365 3504 656 3574 Scriptura
679 3504 851 3575 37o
893 3503 1072 3558 divina
1105 3505 1278 3558 soleat
1307 3513 1359 3558 et
1393 3519 1554 3558 unum

256 3605 320 3651 et
358 3596 522 3666 plura
558 3596 923 3666 singulariter
945 3595 1223 3667 appellare
1259 3612 1271 3649 :
1305 3601 1557 3650 ettamen

259 3691 390 3761 ιριο
421 3705 655 3762 quoque
685 3691 809 3760 ipso
837 3690 1036 3745 multas
1062 3706 1185 3747 esse
1212 3692 1559 3746 mansiuncu-

266 3789 460 3845 terius
493 3789 736 3852 atrium,
777 3803 900 3843 esse
933 3789 1192 3855 interius,
1224 3803 1344 3844 esse
1397 3788 1561 3843 redi-

258 3888 531 3945 nnctum,
566 3895 702 3935 esse
731 3878 936 3934 Sancta
971 3888 1309 3934 sanctorum.
1343 3880 1478 3934 Sunt
1505 3888 1560 3935 et

262 3975 434 4044 mplo
455 4017 468 4038 ,
506 3983 648 4028 sunt
681 3984 740 4028 et
793 3972 1070 4029 cellariola
1097 4015 1109 4038 ,
1135 3979 1261 4027 sunt
1286 3982 1340 4027 et
1382 3982 1563 4026 toreu-

259 4082 462 4122 mrum
496 4067 896 4136 receptacula.
928 4063 1003 4121 Ita
1036 4073 1090 4120 et
1119 4067 1172 4120 in
1207 4065 1411 4135 templo
1440 4081 1563 4121 cor-

268 4163 526 4216 diversa
578 4169 728 4214 sunt
780 4161 999 4215 merita.
1051 4158 1169 4214 Non
1219 4173 1372 4230 atque
1421 4157 1564 4214 Deus

256 4277 299 4310 ia
315 4257 474 4311 bitat
511 4274 526 4308 :
567 4271 685 4310 nec
723 4255 799 4308 ad
829 4254 1077 4310 eamdem
1106 4269 1414 4309 mensuram
1445 4267 1563 4308 om-

255 4349 431 4403 litur.
505 4347 601 4402 De
661 4347 880 4416 spiritu
948 4345 1118 4415 Moysi
1177 4343 1460 4410 aufertur,
1513 4351 1568 4399 et

263 4441 634 4511 resbyteris
673 4440 871 4494 datur.
907 4438 1044 4493 Puto
1074 4437 1230 4491 alium
1259 4453 1379 4493 esse
1401 4437 1569 4491 abun-

259 4538 458 4602 :inis,
515 4536 718 4589 aliam
777 4534 1115 4588 rivulorum.
1165 4527 1298 4585 Elim
1348 4531 1570 4599 Spiritus

263 4647 304 4684 ι
372 4627 578 4682 datur
620 4645 636 4682 :

262 4763 280 4775 .
355 4721 484 4776 Ille
549 4721 750 4773 vivus
807 4723 1128 4782 mortuum,
1174 4716 1276 4770 iste
1327 4724 1572 4770 mortuus

260 4816 530 4870 .-itavit.
571 4813 701 4868 Ille
762 4811 970 4868 {aurem
1011 4812 1339 4878 imprecatus
1368 4816 1453 4862 est
1481 4823 1572 4878 po-

260 4924 418 4963 sssm
448 4908 721 4963 civitati
753 4906 872 4961 sub
897 4919 1003 4960 una
1036 4905 1120 4958 die
1150 4901 1375 4958 hostiles
1392 4901 1576 4971 copias

331 5002 476 5056 hoc
541 5000 740 5071 quod
784 5000 897 5066 ait,
933 4997 1160 5052 Nescitis
1204 4995 1324 5064 quia
1362 5009 1578 5065 corpora

259 5229 370 5265 ne.
413 5209 669 5266 Locus
716 5217 828 5263 cst
858 5221 976 5278 cap.
1011 5220 1154 5267 tLtv,
1188 5218 1238 5252 ν.
1275 5197 1342 5255 10
1365 5197 1512 5278 {Sed
1533 5207 1581 5253 et

263 5298 406 5352 nge
467 5286 892 5336 recesserunt
925 5271 1088 5352 ante
1138 5289 1312 5327 errore
1353 5271 1581 5352 ﬁiiorum

267 5349 477 5408 εἰκῇ(
541 5372 592 5407 αι
649 5369 762 5406 me
802 5359 918 5420 post
947 5349 1087 5402 idola
1116 5362 1233 5420 sua,
1259 5353 1308 5399 et
1348 5351 1582 5420 ρονιφετ

273 5443 287 5475 ι
331 5443 540 5478 suum
575 5467 593 5483 ,
634 5415 836 5477 erruit
861 5424 910 5473 in
943 5419 1238 5494 sanctuario
1270 5431 1378 5494 meo
1418 5415 1586 5494 adimi

282 5505 510 5548 'rrrum
567 5495 863 5557 donatus,
896 5500 940 5545 et
985 5489 1205 5543 ministri
1258 5489 1442 5538 domus
1486 5488 1583 5551 ipsi

302 5609 319 5628 ,
368 5577 519 5620 etc.

294 5641 526 5706 tabent
565 5635 1022 5706 ctiiqua,super
1046 5646 1158 5706 qua:
1189 5635 1452 5706 egrotae-ant
1493 5637 1587 5706 po-

301 5705 458 5760 Hoc
513 5710 592 5762 in
652 5697 904 5762 sitculis
933 5697 1178 5770 'csl,'hoc
1206 5702 1257 5752 in
1303 5697 1586 5752 ministerio

312 5776 647 5834 fortasse
692 5778 926 5848 verius.
1488 5845 1495 5848 _
1572 5839 1580 5848 ί

323 5889 328 5899 .
402 5849 614 5905 ralde
683 5847 962 5920 frivolum
991 5853 1086 5911 est,
1118 5853 1224 5899 etc.
1265 5851 1386 5896 cum
1415 5845 1584 5897 veleri

1491 5996 1520 6005 ἢ

1659 3317 1863 3364 mutata
1892 3319 2102 3366 natura.
2130 3313 2216 3367 Vis
2239 3314 2378 3368 scire
2400 3317 2672 3384 quomodo
2695 3333 2815 3373 cum
2842 3318 3064 3376 Christo
3095 3339 3258 3377 unum

1659 3416 1858 3471 corpus
1885 3403 2227 3460 efﬁciamur?
2259 3405 2463 3462 Doceat
2494 3420 2546 3464 te
2579 3410 2714 3480 ipse,
2745 3413 2835 3481 qui
2859 3413 3119 3467 COIldidii.
3159 3413 3264 3481 Qui

1659 3497 1878 3550 conrodit
1909 3513 2114 3551 carnem
2159 3513 2348 3567 ineant,
2393 3511 2440 3554 et
2464 3499 2588 3555 bibit
2616 3506 2921 3575 sanguinem
2949 3523 3148 3572 meum,
3182 3507 3264 3560 ltic

1659 3593 1713 3645 in
1743 3607 1824 3646 me
1852 3601 2044 3661 manet,
2079 3604 2124 3648 et
2150 3609 2240 3666 ego
2270 3596 2321 3648 in
2345 3593 2459 3650 illo.
2493 3597 2640 3651 Sicut
2669 3599 2807 3653 misit
2848 3616 2927 3653 me
2956 3600 3122 3653 vivens
3157 3593 3263 3656 Pa-

1663 3696 1769 3754 ter,
1807 3695 1854 3740 et
1899 3704 1990 3758 ego
2032 3689 2143 3742 vivo
2175 3702 2384 3758 propter
2429 3687 2673 3758 Patrem;
2703 3701 2748 3748 et
2789 3695 2878 3762 qui
2906 3695 3127 3748 comedit
3160 3713 3260 3764 me,

1661 3779 1782 3832 vivit
1813 3789 2023 3852 propter
2066 3797 2163 3834 me.
2195 3779 2304 3835 Iste
2328 3791 2401 3836 eat
2447 3783 2596 3851 panis
2623 3785 2711 3854 qui
2740 3783 2804 3836 de
2828 3784 2956 3839 c0210
3006 3785 3268 3844 descendit

1668 3869 1846 3942 (Joan.
1880 3888 1950 3940 Vl,
1986 3873 2080 3940 55,
2109 3884 2157 3926 et
2186 3871 2373 3944 seqq).
2399 3873 2506 3930 Sed
2533 3883 2585 3930 et
2613 3875 2851 3931 Joannes
2883 3873 3228 3948 Evangelista
3248 3919 3264 3950 ,

1665 3966 1758 4035 qui
1787 3966 1855 4022 de
1897 3973 2119 4037 pectore
2169 3964 2372 4022 Christi
2405 3968 2659 4023 hauserat
2710 3970 3057 4040 sapientiam,
3094 3972 3146 4026 in
3178 3989 3270 4028 ea-

1667 4061 1790 4116 dem
1836 4062 1999 4117 verba
2050 4061 2389 4129 concordat,
2421 4061 2615 4120 dicens
2651 4081 2662 4116 :
2697 4062 2762 4118 In
2797 4065 2892 4118 Itoc
2938 4065 3272 4136 intelligimus

1667 4157 1807 4225 quod
1833 4157 1884 4209 in
1914 4171 1973 4209 eo
2002 4172 2284 4219 manemus,
2311 4159 2383 4209 eti
2392 4174 2479 4225 pse
2507 4159 2558 4210 in
2588 4157 2732 4212 trabis
2756 4174 2772 4211 :
2796 4159 3036 4224 quoniam
3063 4161 3126 4212 de
3148 4161 3274 4232 Spi-

1670 4249 1774 4302 ritu
1805 4264 1897 4302 suo
1930 4249 2069 4303 dedit
2100 4249 2264 4304 nobis.
2299 4251 2360 4305 Si
2384 4252 2500 4322 quis
2525 4253 2794 4322 confessus
2821 4254 2999 4322 fuerit,
3028 4256 3271 4322 quoniam

1669 4339 1820 4396 Iesus
1840 4351 1917 4396 est
1942 4338 1990 4394 F
1995 4340 2114 4396 ilius
2136 4340 2251 4406 Dei,
2277 4341 2412 4396 Deus
2429 4344 2479 4396 in
2502 4360 2562 4397 eo
2578 4352 2770 4409 mtmet,
2789 4353 2835 4396 et
2858 4345 2966 4415 ipse
2988 4346 3038 4399 in
3066 4343 3178 4400 Deo
3199 4359 3274 4401 est

1672 4432 1716 4505 (Ι
1740 4432 1898 4488 Joun.
1930 4451 2003 4499 tv,
2033 4435 2098 4490 l3
2121 4446 2165 4489 et
2199 4433 2310 4505 i5).
2343 4436 2400 4491 Si
2426 4435 2605 4490 credis
2638 4437 2688 4489 in
2714 4436 3010 4506 Christum,
3041 4455 3273 4511 quomo-

1673 4526 1744 4580 do
1766 4537 1820 4581 et
1842 4526 2087 4594 Apostoli
2112 4527 2484 4590 crediderunt,
2520 4543 2680 4581 unum
2709 4544 2831 4583 cum
2866 4531 2944 4586 eis
2978 4533 3028 4588 in
3059 4532 3275 4590 Christo

677 4626 846 4681 unde
901 4634 957 4680 et
1002 4621 1198 4693 duplex
1231 4623 1402 4692 gratia
1445 4617 1570 4676 fecit
1599 4631 1876 4692 Dcorpus
1932 4617 2209 4674 el'licieris.
2255 4619 2311 4674 Si
2358 4629 2537 4672 autem
2585 4622 2932 4676 temerarium
2982 4636 3062 4682 est
3114 4628 3277 4683 ﬁdem

1683 4721 1872 4764 eorum
1906 4709 1998 4764 tibi
2028 4721 2080 4763 et
2111 4719 2278 4779 opera
2309 4709 2611 4777 vindicore,
2641 4712 2734 4782 qui
2763 4713 2918 4768 ﬁdem
2950 4719 3195 4774 eumdem
3227 4731 3282 4776 et

1685 4815 1848 4871 opera
1875 4813 1984 4855 non
2012 4800 2204 4862 habes,
2222 4802 2476 4856 eumdem
2503 4799 2680 4856 locum
2699 4801 2902 4861 habere
2929 4826 3033 4861 non
3049 4811 3277 4878 poteris.

1759 4891 1845 4948 50.
1875 4889 2016 4945 Ordo
2047 4889 2310 4945 Ecclesia.
2332 4889 2554 4946 Peccata
2577 4896 2754 4964 gravia
2777 4907 2824 4951 et
2855 4897 3079 4954 leria.-—
3111 4903 3287 4958 Porro

1686 4987 1826 5059 quod
1853 4987 2077 5059 jactitas
2103 4999 2380 5057 Sponsam,
2409 5002 2679 5059 sororem,
2714 5002 2970 5064 matrem,
3002 5007 3055 5052 et
3103 4998 3284 5054 omnia

1687 5194 1947 5250 editione.

1758 5263 1786 5303 ἃ
1817 5265 1871 5320 In
1906 5263 2024 5318 aliis
2053 5275 2187 5317 mss.
2219 5263 2273 5316 iu
2304 5263 2538 5318 erunibus
2565 5262 2783 5322 habitat.

1762 5348 1785 5375 ε
1816 5334 2105 5409 ltaAelarri
2149 5335 2324 5409 locum
2364 5335 2509 5390 hunc
2540 5339 2591 5390 in
2631 5354 2762 5394 mss.
2805 5355 2966 5409 supra
2998 5343 3284 5402 docuimus

1691 5425 1838 5464 nunt.
1871 5407 1956 5471 19,
1986 5417 2109 5461 nota
2140 5406 2199 5472 b;
2227 5416 2390 5475 atque
2416 5409 2486 5460 ita
2521 5410 2734 5476 quidem
2767 5406 3020 5469 habuisse
3045 5427 3282 5472 veterem

1689 5481 1937 5534 Latinam
1971 5479 2266 5534 editionem
2303 5494 2531 5545 pt'Onttnt
2563 5491 2647 5533 est
2676 5481 2922 5536 erodere.

1770 5550 1788 5588 τ
1822 5547 2225 5614 Cisterciensis,
2256 5547 2345 5603 sed
2372 5555 2651 5602 secundum
2689 5554 2911 5620 gratiam
2946 5572 3055 5610 esse
3093 5558 3146 5611 in
3181 5556 3285 5614 Pa-

1695 5633 1770 5678 tre
1798 5635 1848 5691 et
1884 5620 2047 5687 Filio,
2089 5623 2294 5691 absque
2322 5637 2501 5674 unum.

1766 5703 1789 5741 8
1819 5689 1964 5749 Idem
1997 5707 2124 5756 ms.,
2159 5689 2348 5763 et’ideo
2370 5708 2460 5745 nos
2502 5691 2672 5762 diligit
2695 5708 2713 5756 ;
2735 5694 2891 5763 quia,
2913 5706 3044 5762 etc.,
3079 5699 3134 5754 iu
3162 5703 3286 5759 aliis

1695 5764 1886 5821 deinde
1919 5765 2071 5820 libris
2101 5772 2184 5819 est
2219 5760 2410 5818 scilicet
2450 5779 2482 5816 a
2505 5760 2738 5832 corpore.
