4068 6366
564 332 670 384 5:27

1806 327 1863 383 S.
1907 328 2187 389 EUSEBll
2229 326 2609 385 lllhliONYMl
2807 316 2813 325 ’
3742 328 3833 387 528

560 449 676 504 [nec
706 444 967 501 vocabula
1001 444 1161 499 unius
1184 457 1309 500 esse
1338 442 1623 511 Ecclesiae,
1657 453 1996 515 cunctosque
2043 459 2159 499 crc-
2188 451 2240 508 Α
2265 445 2395 514 quin
2421 445 2472 498 in
2500 453 2719 499 terreno
2742 458 2863 499 eum
2887 442 3055 499 fuisse
3094 440 3448 512 respondeas.
3471 440 3635 497 Jacob
3661 442 3709 497 in
3741 459 3834 511 quo

560 542 750 596 dentes
781 538 865 593 his
888 537 1201 592 nominibus
1230 538 1558 609 significari,
1590 546 1779 592 contra
1831 546 1882 592 te
1926 537 2074 592 facit.
2108 537 2166 592 Si

557 632 704 689 enim
738 646 880 687 unus
909 630 1047 686 ordo
1076 630 1340 687 Ecclesia:
1365 638 1471 698 est,
1504 640 1561 686 et
1592 646 1700 685 non
1737 631 1900 687 habet
1930 633 2167 701 plurima

558 728 802 785 membra
830 730 882 784 in
916 745 1022 783 uno
1047 743 1308 798 corpore;
1334 728 1461 798 quid
1493 743 1719 784 necesse
1747 736 1833 783 est
1855 737 1913 781 ut
1940 743 2161 798 sponsa,

555 837 715 877 soror
744 832 972 877 vocetur
1008 830 1064 877 et
1108 832 1284 876 mater
1314 838 1327 874 :
1362 820 1467 876 nisi
1516 820 1746 875 aliorum
1774 834 1997 886 Sponsa,
2028 820 2166 873 alio-

561 928 683 968 rum
717 929 897 981 soror,
926 914 1155 968 aliorum
1184 920 1361 968 mater
1390 914 1493 967 sit?
1519 913 1678 969 Stant
1715 912 1931 980 quidem
1972 928 2164 968 omnes

558 1005 627 1061 ad
658 1006 907 1062 dextram
938 1025 951 1060 :
984 1006 1079 1061 sed
1107 1006 1248 1061 alius
1274 1015 1384 1061 stat
1427 1018 1485 1061 ut
1512 1020 1777 1076 sponsus,
1804 1007 1941 1061 alius
1972 1016 2029 1061 ut
2058 1006 2165 1060 fra-

561 1108 662 1164 ter,
703 1100 844 1154 alius
876 1110 933 1155 ut
985 1100 1149 1155 ﬁlius.
1184 1097 1400 1165 Filioli,
1425 1100 1620 1171 inquit,
1654 1101 1775 1163 mei,
1825 1118 1949 1170 quos
1976 1102 2164 1155 iterum

560 1194 835 1263 parturio,
883 1192 1047 1248 donec
1093 1192 1331 1248 Christus
1380 1197 1631 1266 formetur
1674 1196 1728 1249 in
1770 1196 1909 1250 vobis
1957 1193 2158 1267 (Galat.

558 1302 632 1353 tv,
666 1286 782 1357 i9).
817 1287 1052 1343 Putasne
1083 1286 1330 1355 ejusdem
1364 1303 1489 1343 esse
1521 1289 1700 1344 meriti
1732 1304 1827 1345 eos
1854 1289 1946 1360 qui
1975 1300 2160 1359 partu-

558 1380 799 1445 rinntur,
822 1391 875 1434 et
899 1383 991 1451 qui
1021 1380 1302 1451 parturit?
1337 1380 1488 1437 Unde
1514 1391 1570 1437 et.
1596 1382 1760 1449 stulte
1789 1398 2034 1438 asserere
2062 1398 2161 1437 vo-

553 1472 705 1529 luisti
745 1474 930 1529 omnia
980 1476 1231 1530 membra
1282 1474 1562 1545 aequaliter
1609 1491 1707 1531 nos
1759 1476 2029 1547 diligere,
2061 1491 2162 1531 nec

553 1568 775 1623 oculum
810 1567 1344 1639 praeponere‘digito,
1372 1583 1475 1624 nec
1499 1583 1717 1623 manum
1746 1569 2032 1633 auriculae;
2064 1569 2160 1625 sed

557 1660 613 1717 in
639 1662 975 1731 singulorum
1007 1662 1303 1718 amissione
1334 1663 1730 1730 membrorum,
1764 1662 2010 1717 dolorem
2039 1678 2161 1718 esse

556 1770 936 1821 communem,
972 1771 1094 1811 cum
1142 1756 1440 1827 Aposmlus
1482 1755 1680 1810 doceat
1723 1755 1790 1808 ad
1816 1753 2154 1822 Corinthios,

2272 534 2408 589 fuit?
2439 536 2597 592 Dices
2625 538 2899 604 protinus,
2933 535 2985 589 in
3027 536 3259 590 cmlesti.
3286 534 3353 588 Et
3376 534 3642 604 quomodo
3672 535 3720 589 in
3741 549 3836 590 ete-

2269 625 2389 679 lesti
2442 627 2559 694 fuit,
2592 642 2715 681 cum
2745 626 2923 681 adhuc
2967 624 3216 680 Christus
3244 642 3352 680 non
3396 625 3634 681 venisset
3652 627 3701 680 in
3730 641 3835 680 car-

2270 732 2359 785 ne,
2383 719 2471 788 qui
2494 720 2765 773 secundus
2786 728 2839 774 et
2863 718 3102 774 coalestis
3125 717 3297 773 Adam
3320 718 3521 773 dicitur
3536 718 3559 771 ?
3574 720 3675 774 Ant
3695 722 3839 789 igitur

2268 826 2459 867 omnes
2506 813 2668 884 373
2696 824 2821 868 ante
2874 811 3301 868 incarnationem
3348 812 3547 868 Christi
3595 814 3644 867 in
3686 811 3840 867 veteri

2269 909 2546 977 reputabis
2571 911 2768 975 Adam,
2797 920 2852 963 et
2874 910 3006 977 justi
3035 924 3253 979 quoque
3277 907 3329 963 in
3356 917 3572 963 terreno
3604 907 3837 975 homine,

2267 1006 2322 1054 et
2349 1000 2417 1055 ad
2468 1001 2748 1055 sinistram
2780 1010 2940 1055 erunt
2982 1003 3121 1054 inter
3150 999 3337 1055 hircos
3358 1009 3480 1055 tuos
3511 1018 3523 1054 :
3558 1008 3648 1054 aut
3683 1000 3724 1054 si
3753 999 3842 1054 im-

2267 1093 2417 1162 pium
2465 1102 2549 1148 est
2582 1093 2657 1147 ibi
2686 1091 2839 1147 lsaac
2881 1107 3106 1162 ponere,
3138 1092 3227 1147 ubi
3270 1092 3465 1146 lsmael
3497 1110 3509 1146 :
3554 1091 3622 1146 ibi
3653 1090 3842 1156 Jacob,

2268 1186 2358 1241 ubi
2388 1186 2531 1242 Esau
2562 1205 2575 1241 :
2612 1188 2682 1243 ibi
2725 1197 2967 1251 sanctos,
3001 1187 3094 1241 ubi
3147 1197 3493 1256 peccatores;
3538 1186 3842 1242 novissimus

2267 1281 2442 1336 Adam
2473 1297 2538 1335 ex
2567 1296 2633 1337 eo
2666 1289 2911 1350 tempore
2951 1280 3347 1345 numerabitur,
3377 1294 3486 1351 quo
3510 1278 3750 1335 Christus
3770 1287 3846 1334 est

2267 1385 2424 1430 natus
2446 1390 2514 1431 ex
2538 1375 2781 1446 Virgine,
2803 1385 2857 1430 et.
2885 1386 3257 1443 argumentum
3295 1373 3525 1429 duorum
3549 1374 3714 1430 Adam
3747 1386 3843 1427 non

2266 1468 2511 1539 proﬁciet
2532 1468 2723 1524 ovibus
2744 1480 2798 1524 et
2824 1468 2992 1523 haedis
3014 1468 3281 1537 tuis,quia
3320 1467 3372 1522 in
3411 1468 3585 1537 primo
3613 1464 3773 1520 Adam
3796 1472 3847 1519 et

2265 1576 2396 1617 oves
2417 1572 2469 1616 et
2494 1560 2679 1616 haedos
2698 1563 3031 1616 C(tllVlCllllllS
3066 1560 3252 1624 fuisse,
3294 1571 3348 1615 et
3369 1560 3423 1614 in
3449 1576 3555 1614 uno
3585 1570 3741 1629 atque
3765 1572 3847 1611 co-

2264 1656 2386 1711 dem
2412 1656 2810 1723 homine,alios
2834 1674 2863 1711 a
2886 1654 3091 1711 dextris
3118 1657 3210 1712 Dei
3242 1656 3479 1720 stetisse,
3508 1656 3644 1711 alios
3672 1670 3702 1707 a
3728 1650 3850 1708 sini-

2264 1754 2410 1805 stris.
2443 1750 2517 1805 Ab
2548 1751 2714 1805 Adam
2736 1752 2869 1805 enim
2891 1768 3050 1820 usque
3069 1751 3137 1804 ad
3160 1750 3397 1822 Moysen,
3417 1766 3553 1803 mors
3581 1765 3731 1819 super
3750 1763 3848 1800 om-

558 1848 678 1903 Alia
700 1849 922 1902 membra
947 1849 1108 1920 372
1134 1865 1241 1903 esse
1267 1848 1587 1914 honestiora,
1614 1846 1719 1901 alia
1750 1846 2153 1910 verecundiam;
2191 1848 2232 1907 B
2262 1861 2349 1897 nes
2371 1845 2634 1898 dominata
2654 1855 2749 1909 est,
2780 1845 2934 1897 etiam
2954 1859 3108 1914 super
3137 1858 3222 1897 eos
3247 1843 3334 1910 qui
3361 1857 3461 1895 non
3491 1847 3809 1910 peccarerunt
3834 1852 3850 1889 :

558 1948 605 1994 et
634 1956 751 2010 qua:
776 1941 1140 1993 t'erecundtora
1167 1951 1285 1992 sunt
1307 1979 1321 2002 ,
1343 1948 1369 1975 ιι
1409 1941 1607 2011 majore
1635 1937 1899 1992 honestate
1940 1939 2161 1990 circnm-

559 2032 675 2085 dari
703 2048 722 2087 :
750 2047 867 2101 qua:
891 2048 1007 2086 vero
1038 2048 1130 2101 per
1158 2049 1210 2086 se
1234 2032 1466 2096 honesta,
1493 2032 1654 2085 nostri
1678 2029 1787 2102 [AL
1823 2029 2033 2102 nostra]
2059 2046 2159 2084 non

555 2121 790 2195 indigere
815 2122 1167 2179 sollicitudine
1190 2124 1233 2196 (l
1259 2122 1380 2178 Cor.
1413 2140 1511 2190 xu,
1540 2123 1614 2176 2‘2
1639 2133 1686 2178 et
1710 2124 1829 2192 23).
1872 2122 2159 2193 Ejusdem-

556 2233 625 2274 ne
650 2218 862 2274 ordinis
907 2218 1192 2273 arbitraris
1236 2227 1291 2274 ct
1317 2220 1535 2282 meriti,
1560 2233 1623 2274 os
1663 2227 1720 2272 et
1739 2219 1944 2286 alvum,
1973 2218 2159 2273 oculos

554 2320 607 2366 et
636 2320 852 2366 meatus
881 2326 976 2382 per
1004 2327 1141 2380 quos
1181 2311 1337 2366 ﬁmus
1376 2313 1619 2380 egeritur
1670 2321 1727 2366 et
1752 2311 1942 2365 urina?
1969 2310 2159 2365 Lucer-

554 2421 643 2471 na,
674 2404 871 2475 inquit,
895 2406 1129 2476 corporis
1158 2406 1231 2459 tui
1268 2414 1343 2459 est
1380 2406 1557 2459 oculus
1590 2415 1730 2460 tuus.
1759 2404 1819 2460 Si
1848 2404 2029 2459 oculus
2060 2421 2160 2458 εω-

555 2512 647 2549 rus
673 2496 853 2564 fuerit,
882 2504 1045 2552 totum
1072 2513 1262 2566 corpus
1302 2498 1355 2551 in
1398 2498 1619 2552 tenebris
1644 2507 1718 2551 est
1762 2496 1915 2569 (Luc.
1940 2513 2013 2563 χι,
2039 2495 2155 2565 54).

556 2590 613 2648 Si
642 2592 870 2664 digitum
910 2603 1181 2664 amputes,
1231 2593 1276 2647 si
1324 2593 1690 2648 summitatem
1742 2592 2026 2657 auriculae,
2078 2598 2161 2645 est

556 2684 778 2754 quidem
809 2686 991 2752 dolor,
1024 2686 1120 2740 sed
1152 2701 1260 2739 non
1291 2693 1499 2739 tantum
1545 2685 1825 2751 damnum,
1868 2699 1967 2739 nec
2013 2692 2158 2738 tanta

554 2790 677 2829 cum
701 2776 893 2831 dolore
922 2776 1264 2842 deformitas,
1292 2787 1492 2847 quanta
1517 2776 1562 2830 si
1588 2777 1777 2830 oculos
1798 2792 1980 2843 eruas,
2011 2784 2161 2829 trun-

554 2881 648 2921 ces
679 2883 841 2921 nares
866 2908 880 2933 ,
912 2884 973 2922 os
1003 2868 1270 2923 disseces.
1314 2869 1448 2925 Sine
1492 2871 1614 2924 aliis
1666 2871 1925 2924 membris
1973 2870 2160 2924 vivere

556 2972 866 3028 possumus.
886 2959 1006 3015 sine
1030 2960 1154 3014 aliis
1170 2962 1394 3015 omnino
1423 2978 1530 3018 non
1552 2977 1857 3032 possumus.
1878 2962 2016 3018 Sunt
2035 2979 2161 3034 pec-

553 3060 674 3105 cata
700 3049 857 3116 levia,
875 3062 1000 3105 sunt
1029 3053 1236 3123 gravia.
1262 3054 1419 3109 Aliud
1444 3065 1527 3110 est
1548 3057 1736 3111 decem
1760 3056 1928 3111 millia
1953 3057 2156 3112 talenta

555 3140 782 3209 debere,
811 3142 959 3198 aliud
988 3145 1369 3214 quadrantem.
1402 3147 1463 3202 Et
1491 3147 1558 3202 de
1585 3149 1761 3203 otioso
1787 3150 2006 3219 quidem
2034 3166 2156 3206 ver-

2265 1937 2319 1989 in
2346 1938 2735 1991 similitudinem
2772 1936 3212 2007 praevaricationis
3243 1937 3408 1989 Adam
3428 1934 3608 2002 (Rom.
3635 1949 3686 1999 ν,
3710 1929 3814 2000 Μ).

2336 2029 2424 2083 51.
2470 2027 2534 2082 In
2562 2039 2791 2100 martyre
2818 2030 3056 2083 uoluntas
3082 2039 3469 2082 coronatur.—
3494 2030 3571 2084 De
3597 2043 3662 2084 eo
3686 2034 3850 2080 autent

2264 2123 2408 2193 quod
2442 2124 2635 2178 niteris
2664 2124 2990 2194 approbare,
3024 2124 3331 2178 convicium
3375 2134 3431 2178 et
3475 2120 3847 2183 homicidium,

2264 2231 2389 2271 raca
2417 2226 2474 2271 et
2498 2217 2850 2281 adulterium,
2884 2227 2939 2273 et
2968 2217 3201 2271 otiosum
3228 2233 3564 2283 sermonem,
3597 2225 3651 2272 et
3679 2214 3855 2283 impie—

2265 2320 2427 2365 tatem
2478 2292 2586 2366 uno
2632 2311 2903 2381 supplicio
2954 2310 3404 2380 repensari,jam
3453 2320 3507 2365 et
3558 2324 3718 2379 supra
3768 2305 3853 2361 tibi

2263 2419 2585 2474 responsum
2618 2416 2738 2471 est,
2785 2414 2841 2460 et
2889 2421 3033 2460 nunc
3077 2405 3316 2461 breviter
3347 2405 3713 2475 respondebo.
3759 2402 3856 2456 Aut

2264 2506 2609 2565 peccatorem
2635 2508 2689 2553 te
2711 2497 3029 2568 negabis,ut
3061 2513 3167 2551 non
3193 2497 3268 2551 sis
3297 2512 3419 2552 reus
3446 2498 3711 2567 gehennze
3737 2511 3750 2547 :
3773 2501 3855 2548 aut

2263 2590 2307 2643 si
2343 2600 2594 2659 peccator
2621 2590 2806 2656 lueris,
2837 2591 3001 2645 etiam
3035 2589 3104 2644 de
3135 2590 3240 2644 levi
3280 2589 3512 2644 crimine
3556 2587 3769 2645 duceris
3796 2583 3856 2638 ad

2264 2690 2547 2735 tartarum.
2581 2680 2672 2748 Os,
2708 2682 2904 2752 inquit,
2937 2682 3077 2748 quod
3108 2682 3374 2748 mentitur,
3409 2682 3604 2735 occidit
3643 2680 3857 2734 animant

2263 2773 2421 2843 (Sap.
2456 2790 2496 2838 ι,
2528 2774 2641 2841 Η).
2691 2774 2951 2844 Suspicor
3003 2784 3054 2829 te
3097 2773 3410 2843 aliquando,
3455 2782 3510 2827 ut
3561 2773 3856 2836 hominem,

2263 2862 2433 2919 fuisse
2464 2865 2754 2919 mentitum
2784 2884 2796 2920 :
2829 2866 3007 2920 omnis
3036 2866 3180 2920 enim
3212 2865 3378 2920 homo
3406 2866 3642 2922 mendax
3692 2861 3856 2936 (Psal.

2263 2960 2397 3026 cst),
2433 2966 2490 3012 ut
2519 2959 2587 3012 sit
2616 2958 2767 3014 solus
2800 2959 2945 3014 Deus
2972 2974 3157 3025 verax,
3210 2967 3265 3012 et
3304 2957 3642 3026 justiﬁcetur
3672 2959 3723 3011 in
3749 2971 3857 3011 ser-

2264 3050 2518 3103 monibus
2547 3051 2683 3117 suis,
2718 3058 2773 3105 et
2818 3052 2999 3105 vincat
3040 3066 3164 3105 cum
3205 3049 3530 3120 judicaverit
3584 3050 3754 3122 (Psal.
3787 3047 3859 3115 ι).

2264 3144 2372 3198 Aut
2426 3144 2587 3214 igitur
2641 3145 2804 3200 homo
2854 3160 2959 3199 non
3009 3143 3139 3209 eris,
3187 3158 3255 3199 ne
3304 3143 3534 3197 mendax
3587 3145 3664 3198 sis
3716 3159 3729 3195 :
3778 3147 3863 3193 aut

554 3234 646 3302 bo,
673 3246 726 3290 et
753 3235 1024 3292 adulterio
1057 3237 1136 3292 rei
1188 3239 1530 3305 tenebimur;
1579 3240 1675 3295 sed
1724 3257 1829 3295 non
1870 3252 1954 3297 est
2006 3242 2146 3297 idem
2178 3245 2223 3307 C
2256 3235 2301 3291 si
2357 3236 2483 3307 Quia
2548 3238 2711 3293 homo
2766 3252 2866 3304 es,
2924 3237 3157 3292 mendax
3241 3235 3449 3301 fueris,
3509 3254 3637 3292 cum
3694 3235 3860 3308 parri-

552 3326 817 3393 suﬁ‘nnili,
840 3338 895 3384 et
921 3331 1161 3401 torqueri
1194 3348 1205 3384 :
1254 3332 1604 3398 erubescere,
1634 3345 1689 3389 et
1720 3333 1879 3404 longo
1915 3344 2155 3405 tempore

552 3421 808 3476 cruciari.
838 3420 1003 3477 Putas
1054 3432 1301 3478 nostrum
1345 3440 1467 3479 esse
1512 3425 1653 3494 quod
1685 3426 1993 3497 loquimur?
2017 3428 2155 3482 Audi

552 3511 872 3583 Apostolum
904 3513 1169 3570 Joannem
1199 3533 1211 3568 :
1246 3516 1350 3584 Qui
1379 3518 1475 3571 scit
1517 3521 1733 3588 fratrem
1769 3536 1916 3572 suum
1948 3536 2157 3590 peccare

553 3616 814 3675 peccatum
843 3624 949 3662 non
969 3608 1039 3662 ad
1065 3620 1302 3676 ntortem,
1333 3620 1491 3682 petat,
1524 3622 1571 3664 et
1599 3612 1739 3665 dabit
1770 3613 1815 3665 ei
1841 3613 2016 3677 vitam,
2042 3630 2158 3681 pec-

553 3700 693 3753 canti
719 3717 819 3755 non
849 3702 918 3754 ad
946 3715 1182 3756 mortem.
1227 3703 1331 3769 Qui
1373 3720 1490 3757 vero
1521 3706 1793 3772 peccaverit
1818 3706 1885 3758 ad
1910 3716 2154 3773 mortem,

557 3791 670 3859 quis
699 3793 864 3847 orabit
890 3809 986 3864 pro
1013 3810 1071 3847 eo
1097 3793 1140 3861 (ι
1167 3793 1329 3847 Joan.
1356 3810 1410 3858 v,
1440 3794 1571 3864 16)?
1599 3793 1790 3849 Cernis
1817 3797 1958 3865 quod
1982 3799 2025 3850 si
2058 3813 2157 3867 pro

554 3884 791 3951 peccatis
813 3884 1118 3940 minoribus
1139 3883 1521 3951 deprecentur.
1545 3885 1898 3956 impetremus
1918 3888 2151 3943 veniam.

552 3971 608 4028 Si
639 3987 739 4043 pro
785 3974 1105 4046 majoribus,
1138 3974 1377 4030 difﬁcilis
1424 3976 1734 4048 impetratio
1780 3980 1853 4034 sit
1881 3997 1893 4032 :
1926 3990 1981 4034 et
2015 3981 2157 4036 inter

553 4077 773 4136 peceata
823 4080 880 4126 et
928 4080 1173 4139 peccata,
1206 4087 1455 4142 magnam
1487 4088 1607 4128 esse
1632 4073 1964 4129 distantiam.
2001 4074 2156 4132 Unde

549 4169 606 4216 et
657 4160 726 4216 de
756 4162 958 4232 populo
986 4161 1184 4229 Israel,
1217 4162 1343 4233 quia
1393 4175 1717 4233 peccaverat
1760 4177 2037 4237 peccatum
2087 4168 2154 4224 ad

547 4262 801 4320 mortem,
831 4252 1033 4308 dicitur
1055 4252 1123 4308 ad
1148 4252 1443 4309 Jeremiam
1476 4274 1491 4311 :
1517 4255 1648 4311 Noli
1670 4275 1817 4313 orare
1846 4274 1940 4327 pro
1961 4259 2154 4331 papula

553 4343 671 4414 hoc,
704 4364 797 4401 nec
820 4363 1056 4402 assumas
1081 4365 1175 4419 pro
1204 4349 1279 4402 eis
1324 4347 1756 4421 deprecationem,
1801 4361 1848 4406 et
1877 4369 1977 4406 non
2021 4353 2156 4405 obsi-

546 4450 654 4495 stas
686 4441 847 4508 mihi,
876 4442 1001 4512 quia
1035 4458 1137 4496 non
1181 4443 1462 4497 exaudiam
1489 4452 1536 4498 te
1579 4444 1796 4512 (Jerem.
1829 4461 1924 4511 vn,
1955 4444 2065 4515 16).
2095 4445 2151 4501 Si

544 4542 724 4587 autem
771 4548 965 4589 omnes
1015 4534 1306 4605 :equaliter
1328 4544 1384 4590 et
1428 4537 1715 4592 introimus
1762 4537 2046 4602 saeculum,
2098 4546 2154 4592 et

2261 3328 2398 3384 cidis
2446 3340 2501 3385 et
2553 3330 2812 3385 adulteris
2869 3330 3129 3399 punicris.
3187 3330 3341 3385 Nulla
3398 3339 3481 3386 cst
3524 3332 3679 3388 enim
3729 3330 3863 3384 inter

2268 3432 2488 3489 peccata
2519 3421 2805 3476 diversitas
2832 3440 2846 3474 :
2877 3431 2931 3476 et
2959 3438 3066 3475 non
3097 3422 3189 3477 tibi
3224 3423 3496 3478 habebunt
3545 3432 3724 3477 tantas
3749 3435 3863 3492 gra-

2262 3513 2362 3568 tias
2393 3530 2529 3584 quos
2554 3513 2624 3570 de
2654 3513 2840 3569 humili
2875 3515 2927 3568 in
2955 3515 3187 3570 sublime
3216 3517 3433 3583 elevas,
3463 3529 3732 3585 quantum
3764 3515 3862 3569 ira-

2261 3618 2503 3673 scentur,
2535 3624 2672 3675 quos
2704 3618 2925 3677 propter
2972 3607 3090 3663 leve
3132 3608 3624 3680 quotidianumque
3676 3622 3861 3678 pecca-

2263 3709 2372 3755 tum
2395 3742 2411 3767 ,
2454 3700 2507 3754 in
2543 3700 2847 3755 exteriores
2889 3701 3143 3756 tenebras
3181 3701 3470 3755 retrnsisti.
3511 3702 3573 3756 Si
3604 3711 3784 3756 autem
3813 3698 3863 3752 in

2262 3791 2666 3860 persecutione,
2718 3792 2809 3861 qni
2856 3791 3177 3856 suffocatur,
3210 3801 3265 3845 et
3293 3792 3381 3861 qui
3434 3791 3765 3856 decollatur,
3813 3796 3867 3843 et

2259 3885 2349 3953 qui
2382 3884 2598 3955 fugerit,
2633 3892 2688 3939 et
2714 3886 2803 3955 qui
2835 3885 2886 3939 in
2921 3900 3199 3939 carcerem
3247 3895 3492 3939 retrusus
3534 3883 3769 3949 obierit,
3812 3881 3861 3934 in

2260 3980 2426 4034 variis
2454 3980 2612 4035 luctae
2642 3980 2939 4051 generibus
2983 3996 3085 4033 una
3118 3995 3315 4033 corona
3366 3980 3615 4035 victoriae
3647 3991 3775 4044 est,
3815 3983 3866 4031 ct

2259 4072 2363 4128 hoc
2392 4089 2488 4144 pro
2518 4074 2677 4128 nobis
2707 4073 2855 4130 facit.
2892 4072 2947 4128 ln
2980 4075 3217 4146 Martyre
3262 4073 3407 4129 enim
3455 4075 3714 4129 voluntas
3736 4115 3751 4139 ,
3801 4085 3864 4125 ex

2258 4182 2359 4234 qua
2394 4168 2507 4236 ipsa
2542 4182 2688 4221 mors
2718 4168 2979 4226 nascitur.
3011 4178 3327 4222 coronatur.
3351 4167 3527 4222 Meum
3561 4179 3672 4235 est,
3697 4181 3866 4237 oppo—

2258 4272 2390 4313 nere
2418 4274 2504 4312 me
2534 4258 2819 4328 gentilium
2850 4258 3054 4323 furori,
3086 4269 3141 4313 et
3170 4259 3455 4314 Dominum
3488 4276 3599 4314 non
3634 4273 3865 4329 negare.

2254 4350 2371 4405 Jam
2405 4352 2510 4423 [ΑΙ.
2536 4350 2697 4424 Nam]
2731 4352 2781 4405 in
2812 4351 3031 4406 illorum
3057 4352 3283 4407 arbitrio
3307 4362 3411 4415 est,
3444 4362 3538 4407 aut
3558 4352 3867 4416 decollare,

2255 4456 2347 4501 aut
2378 4462 2559 4509 urere,
2590 4454 2682 4501 aut
2708 4446 2994 4502 recludere
3018 4446 3391 4511 incarcerem,
3415 4458 3505 4503 aut
3528 4448 3681 4501 varia
3710 4443 3871 4499 adhi-

2258 4540 2385 4595 bere
2414 4555 2616 4609 genera
2645 4555 2953 4611 pinnarum.
2985 4539 3139 4608 Quod
3168 4542 3210 4595 si
3246 4543 3455 4611 iugero,
3493 4552 3546 4597 et
3580 4555 3601 4580 ε
3640 4541 3698 4596 in
3733 4540 3871 4596 soli-

547 4623 760 4679 eximns
804 4624 873 4680 de
924 4628 1144 4690 szeculo,
1178 4627 1364 4684 ethoc
1415 4629 1790 4700 prtejudicium
1841 4628 2146 4685 futurorum
2176 4648 2227 4709 D
2257 4632 2440 4688 tudine
2488 4633 2706 4701 obiero,
2762 4649 2863 4690 nec
2907 4635 3095 4689 eadem
3142 4635 3246 4690 erit
3293 4650 3496 4690 corona
3545 4634 3865 4697 morientis,

552 4714 661 4787 [ΑΙ.
698 4714 964 4792 futurum]
988 4729 1070 4774 est
1101 4737 1114 4775 :
1149 4736 1281 4791 ergo
1312 4722 1598 4792 arqualitor
1626 4731 1680 4776 et
1704 4722 1854 4791 justi,
1885 4733 1942 4778 et
1965 4738 2153 4792 pecca-

549 4817 695 4864 tores
747 4809 1067 4867 habebimur
1099 4814 1242 4884 apud
1292 4814 1484 4879 Deum,
1517 4816 1639 4885 quia
1671 4830 1815 4870 nunc
1844 4816 1957 4885 pari
1986 4816 2149 4870 modo

543 4908 599 4957 et
624 4917 971 4974 generamur,
1011 4914 1067 4961 et
1098 4907 1381 4962 morimur.
1411 4906 1565 4975 Quod
1596 4908 1638 4961 si
1670 4908 1804 4963 duos
1848 4922 1970 4964 esse
2016 4923 2145 4963 con-

547 4995 727 5052 tendis
754 4994 949 5065 Adam,
977 4999 1211 5053 alterum
1242 5008 1541 5067 terrenum,
1568 5004 1795 5057 alterum
1831 5004 2144 5068 etelestcm;

546 5096 603 5142 et
627 5090 718 5159 qui
750 5092 804 5144 in
831 5101 1053 5147 terreno
1090 5092 1319 5160 fuerint,
1365 5111 1459 5150 eos
1500 5096 1672 5151 esseb
1717 5097 1781 5151 ad
1829 5098 2144 5153 sinistram:

544 5179 634 5248 qui
683 5195 815 5235 vero
859 5183 913 5235 in
955 5184 1199 5247 cmlesti,
1248 5200 1341 5239 eos
1367 5201 1489 5241 esse
1516 5202 1547 5241 a
1589 5188 1834 5255 dextris;
1878 5190 2148 5262 responde

546 5271 678 5327 mihi
713 5272 953 5339 interim,
980 5283 1036 5328 ut
1068 5274 1135 5329 de
1158 5274 1371 5331 duobus
1398 5285 1451 5331 te
1482 5277 1739 5335 fratribus
1774 5283 2104 5354 interrogem
2131 5302 2143 5337 :

544 5367 686 5423 Esau
716 5366 769 5422 in
800 5375 1017 5423 terreno
1038 5369 1160 5435 fuit,
1184 5384 1252 5424 an
1282 5370 1334 5425 in
1357 5373 1603 5427 cmlesﬁ?
1624 5375 1762 5430 Nulli
1789 5378 2013 5433 dubium
2039 5390 2143 5447 est,

544 5544 550 5566 ²
585 5617 597 5628 .
619 5556 644 5584 δ
672 5547 1005 5671 νρὲοηθηεὶε
1033 5563 1156 5605 cum
1182 5549 1535 5606 Cisterciensi
1563 5555 1809 5622 majorem
1830 5552 2145 5610 honestatem

551 5630 744 5671 meum
786 5636 897 5671 are.

551 5630 897 5676 mrcumdare.

620 5687 649 5727 ι)
681 5688 822 5744 Olim
852 5708 960 5746 esse
994 5693 1062 5746 ad
1104 5695 1391 5756 sinistrum,
1439 5691 1792 5748 Cislcrciens.
1846 5712 1877 5748 a
1912 5694 2141 5751 sinistra.

551 5760 1005 5825 quemadmodum
1035 5775 1088 5818 et
1126 5765 1265 5820 infra
1297 5766 1479 5820 habet.

632 5836 653 5863 ο
697 5827 983 5886 Contrario
1009 5850 1193 5905 sensu,
1224 5838 1407 5893 verius
1437 5846 1615 5892 tamen
1650 5844 1709 5891 ut
1733 5835 1864 5892 mihi
1910 5836 2145 5905 videtur,

2257 4727 2381 4794 quia
2412 4742 2517 4780 non
2551 4727 2740 4782 eadem
2767 4742 2931 4784 causa
2959 4728 3152 4783 mortis
3176 4741 3259 4784 est
3289 4727 3565 4783 Christus.
3596 4726 3771 4801 375.
3790 4723 3871 4783 Ad

2240 4818 2390 4874 illud
2418 4836 2551 4875 vero
2580 4821 2723 4891 quod
2754 4821 2890 4875 dicis
2921 4819 3061 4875 inter
3103 4837 3225 4876 eum
3270 4822 3487 4877 fratrem
3520 4823 3620 4891 qui
3649 4835 3871 4891 semper

2256 4929 2377 4968 eum
2406 4924 2561 4985 patre
2588 4913 2790 4982 fuerit,
2824 4926 2877 4971 et
2906 4917 2994 4986 qui
3034 4926 3218 4985 postea
3252 4917 3523 4987 paenitens
3551 4927 3647 4972 est
3679 4931 3875 4986 recep-

2259 5017 2368 5072 tus,
2392 5008 2523 5063 nihil
2550 5009 2767 5078 penitus
2786 5008 3100 5076 discrepare
3125 5028 3137 5061 :
3164 5008 3360 5078 adjicio
3377 5010 3421 5064 si
3450 5008 3556 5076 vis,
3579 5018 3644 5065 et
3672 5009 3877 5064 drach-

2258 5116 2398 5155 mam
2432 5116 2595 5155 unam
2627 5118 2747 5172 qua:
2776 5104 2985 5173 perdita
3014 5102 3186 5157 fuerat
3228 5112 3283 5158 et
3322 5103 3543 5158 inventa
3571 5145 3587 5169 ,
3619 5105 3875 5175 junctam

2256 5210 2377 5249 esse
2401 5210 2526 5248 cum
2556 5195 2815 5263 reliquis;
2844 5204 2901 5251 et
2944 5211 3099 5250 ovem
3153 5212 3313 5251 unam
3361 5213 3519 5267 quam
3564 5200 3875 5269 nonaginta

2255 5302 2450 5341 novem
2482 5288 2675 5341 ovibus
2704 5288 2978 5345 derelictis
3024 5289 3196 5343 bonus
3249 5301 3432 5359 pastor
3476 5291 3779 5359 inquisivit
3823 5298 3882 5345 et

2254 5379 2459 5446 retulit,
2490 5379 2739 5449 explesse
2779 5396 3066 5437 numerum
3112 5382 3513 5437 centenarium.
3563 5382 3685 5439 Sed
3726 5382 3881 5437 aliud

2253 5557 2454 5632 habent
2481 5556 2589 5632 duo
2621 5573 2754 5613 mss.
2785 5566 2841 5614 et
2868 5568 3025 5613 vetus
3050 5559 3237 5625 editio,
3268 5561 3323 5615 in
3344 5562 3638 5617 solitudine
3671 5566 3879 5632 abiero,

2250 5629 2425 5699 eadem
2454 5631 2553 5684 erit
2582 5646 2773 5684 corona
2805 5632 3090 5696 morientis,
3129 5634 3249 5699 quia
3276 5634 3453 5687 eadem
3484 5650 3657 5687 causa
3689 5629 3883 5691 mortis

2251 5712 2323 5752 est
2352 5698 2588 5755 Christus
2612 5718 2631 5754 :
2654 5717 2933 5770 pinnarum
2966 5717 3190 5772 nempe.
3220 5718 3342 5772 quae
3373 5704 3437 5757 ad
3467 5704 3882 5764 declinandam

2251 5776 2683 5839 persecutionem
2717 5774 2785 5826 ob
2816 5772 3111 5837 Christum,
3148 5775 3201 5827 in
3230 5774 3523 5829 solitudine
3553 5779 3882 5836 subeunda:

2251 5852 2399 5896 sunt.
2431 5844 2691 5911 Superior
2715 5859 2931 5915 quoque
2952 5854 3241 5900 contextus
3269 5845 3629 5917 suﬁ'ragatur.
