4062 6388
1071 140 1120 145 ’.μ
1159 139 1178 144 ἒ
1223 119 1408 136 ____'_,_._..

295 416 333 469 19
1051 410 1414 468 ADVERSUS
1451 411 1862 469 JOVINIANUM
1903 411 2030 467 LIB.
2079 412 2140 465 ll.

3138 414 3241 469 350

299 525 572 596 tpoenitenlem
593 539 690 589 esse,
711 525 959 596 etlacrymis
988 526 1198 580 veniam
1228 525 1540 595 deprecari,
1573 539 1617 592 Α
1649 539 1820 594 usque
1856 540 1952 593 per
1989 535 2168 593 partes
2194 523 2260 577 ad
2282 524 2552 593 proposita
2572 524 2971 593 reSpoudimus.
2997 526 3242 595 Sequens

301 618 347 670 nd
366 633 518 687 semper
537 632 618 672 esse
638 632 720 672 cum
741 627 860 686 patre.
898 616 1042 670 Unde
1071 633 1164 685 per
1200 617 1544 672 Ezeeliielem

311 719 540 778 reportatum
560 710 634 780 [AL
661 708 962 779 reportantlam]
985 726 1163 774 ovem,
1193 718 1249 765 et
1278 710 1548 778 perditum

296 802 428 854 )udam
449 802 580 864 tilium,
607 800 773 870 loquitur
795 811 937 869 pastor
976 811 1028 854 et
1070 812 1222 870 pater
1247 819 1259 854 :
1291 800 1356 853 Et
1383 803 1549 854 susci-

295 918 311 952 ρ
330 912 482 968 pactum
505 915 622 952 meum
645 909 760 952 tecum
781 909 843 952 :et
864 899 982 953 scies
1006 900 1128 967 quia
1149 914 1241 968 ego
1268 897 1545 963 Dominus,

298 993 536 1056 rcordabcrit,
570 1002 606 1044 et
637 992 905 1062 confundent;
937 1003 990 1045 ut
1022 1009 1123 1046 non
1164 995 1228 1046 sit
1278 995 1368 1046 tibi
1413 994 1549 1047 ultra

297 1087 357 1139 ire
372 1102 415 1138 os
434 1099 515 1154 pra:
533 1085 757 1153 confusione
776 1095 858 1150 tua,
881 1101 994 1137 cum
1025 1086 1259 1155 placatus
1289 1091 1432 1156 fuero
1463 1087 1551 1140 tibi

295 1176 435 1230 auibus
451 1192 537 1246 qua:
555 1177 684 1242 fecisti
701 1175 861 1242 (Ezech.
883 1193 989 1242 μοι,
1018 1176 1089 1231 62
1111 1189 1156 1230 et
1181 1179 1294 1247 b5).
1323 1177 1391 1232 Ut
1419 1179 1551 1234 nihil

297 1285 326 1322 is
361 1269 478 1337 justo
513 1268 693 1322 habeant
729 1270 1000 1336 ptenitentcs
1026 1311 1040 1331 ,
1087 1269 1283 1323 sufﬁcit
1329 1271 1409 1323 eis
1455 1286 1552 1339 pro

323 1375 443 1427 paena
468 1359 554 1413 sola
583 1359 786 1413 confusio.
815 1359 941 1415 Unde
977 1372 1029 1413 et
1059 1361 1108 1413 iu
1135 1362 1241 1414 alio
1272 1362 1390 1414 loco
1421 1362 1554 1416 dici-

299 1451 319 1505 ll
347 1467 448 1505 eos:
471 1449 523 1503 Et
547 1451 850 1504 recordabimini
875 1452 1062 1504 viarum
1088 1463 1364 1505 vestrarum
1395 1455 1554 1523 pessi-

301 1564 341 1608 η,
372 1555 408 1598 et
431 1544 606 1597 oumium
628 1547 820 1598 scelerum
847 1546 1017 1614 quibus
1060 1546 1248 1616 polluti
1286 1547 1439 1599 eratis
1461 1587 1476 1612 ,
1505 1556 1552 1599 et

298 1639 426 1691 retritis
450 1637 556 1691 vobis
578 1639 620 1690 in
641 1648 861 1706 conspectu
887 1648 1066 1700 vestro,
1092 1639 1142 1690 in
1173 1639 1405 1692 omnibus
1436 1655 1551 1690 ma-

299 1733 414 1785 estris
434 1748 535 1801 quas
556 1731 739 1804 fecistis;
763 1741 802 1783 et
826 1731 974 1783 scietis
1007 1733 1124 1798 quia
1155 1750 1244 1802 ego
1276 1732 1550 1798 Dominus,

299 1826 504 1890 rnefecero
531 1821 656 1884 robii,
690 1833 858 1891 propter
896 1840 1075 1875 nomen
1117 1840 1284 1876 meum
1306 1866 1322 1890 ,
1363 1836 1408 1877 et
1455 1844 1553 1878 non

1651 633 1834 670 sermo
1869 617 1918 669 in
1949 632 2240 670 commune
2267 617 2332 669 ad
2367 617 2546 669 omnia
2578 618 2950 685 respondebit.
2989 619 3244 673 Dominus

1650 709 1716 762 ad
1743 708 2042 777 discipulos
2070 724 2200 762 suos
2226 727 2239 762 :
2268 708 2370 775 Qui
2397 709 2523 770 vult,
2555 710 2744 778 inquit,
2777 711 2913 762 inter
2943 728 3027 763 ros
3076 717 3244 785 major

1651 819 1779 865 esse,
1811 803 1875 855 sit
1907 803 2132 855 omnium
2163 803 2408 856 minimus
2434 802 2651 871 (.llattlr.
2688 819 2777 866 xx,
2804 803 2918 871 26).
2954 805 3008 858 Si
3058 821 3250 859 omnes

1653 895 1705 946 in
1733 897 1873 950 caelo
1900 896 2138 964 zequales
2169 894 2330 948 futuri
2361 911 2568 957 sumus,
2599 893 2794 947 frustra
2830 910 2926 948 nos
2961 898 3044 948 hic
3075 897 3251 950 burni-

1653 985 1869 1052 liamus,
1920 995 1978 1039 ut
2025 987 2097 1040 ibi
2145 987 2418 1053 possimus
2466 1001 2585 1039 esse
2635 985 2886 1054 majores.
2923 987 2994 1039 De
3038 987 3251 1041 duobus

1655 1079 1995 1134 debitoribus
2022 1080 2441 1148 quingentorum
2473 1079 2844 1142 denariorum,
2891 1089 2943 1132 et
2979 1081 3251 1148 quinqua-

1655 1173 1822 1242 ginta,
1853 1173 1938 1227 cui
1972 1173 2089 1242 plus
2120 1173 2434 1240 dimittitur,
2470 1175 2588 1240 plus
2617 1182 2780 1225 amat.
2809 1171 2959 1227 Unde
2986 1183 3039 1225 et
3061 1174 3253 1228 Salva-

1658 1273 1741 1316 tur
1766 1279 1778 1315 :
1803 1262 1831 1300 δ
1858 1263 2007 1327 Dico,
2041 1265 2230 1333 liquit,
2267 1265 2374 1327 tibi,
2405 1266 2734 1315 remittuntur
2761 1264 2804 1314 ci
2833 1275 3039 1330 peccata
3063 1267 3250 1327 multa,

1656 1358 1900 1426 quoniam
1928 1357 2106 1409 dilexit
2144 1358 2382 1409 multum.
2432 1356 2528 1408 Cui
2555 1368 2721 1407 autem
2758 1358 2923 1407 minus
2955 1357 3250 1419 dimittitur,

1659 1449 1827 1500 minus
1854 1449 2023 1516 diligit
2054 1447 2206 1516 (Luc.
2234 1464 2324 1508 vu,
2361 1447 2474 1514 47).
2505 1447 2604 1513 Qui
2640 1447 2817 1498 minus
2846 1448 3042 1514 diligit,
3072 1457 3124 1499 et
3157 1449 3255 1500 uii-

1660 1555 1759 1592 nus
1790 1539 1838 1592 ei
1873 1538 2179 1600 dimittitur,
2213 1541 2394 1608 utique
2421 1539 2470 1592 in
2500 1539 2693 1592 minori
2724 1540 2893 1607 gradu
2921 1541 3043 1592 erit.
3073 1539 3259 1594 Pater-

1660 1630 1887 1683 familias
1913 1629 2264 1698 proficiscens
2287 1631 2505 1683 tradidit
2534 1628 2706 1683 servis
2734 1629 2845 1682 suis
2873 1630 3254 1697 substantiam,

1659 1722 1748 1774 alii
1776 1722 2016 1790 quinque
2051 1723 2271 1786 talenta,
2307 1724 2393 1774 alii
2427 1724 2553 1783 ιΙιιι),
2588 1723 2676 1775 alii
2713 1739 2880 1775 unum
2910 1722 3067 1792 (Luc.
3101 1722 3255 1792 xix):

1661 1810 1950 1879 unicuique
1977 1813 2272 1864 setuudum
2311 1814 2553 1882 proprias
2585 1815 2746 1866 vires.
2797 1814 2986 1867 Simile
3033 1815 3163 1884 quid
3206 1825 3261 1870 et

300 1931 368 1966 um
399 1915 484 1966 ι-ίαε
508 1925 661 1967 migra;
688 1916 837 1978 ιηιιίαδ1
863 1932 1013 1983 neque
1050 1917 1328 1968 secundum
1370 1919 1561 1971 scelera
1593 1913 1639 1970 B
1667 1905 1716 1956 Ill
1747 1905 1855 1958 alio
1886 1905 2179 1974 Evangelio
2218 1907 2495 1970 SCTIbIllII‘,
2527 1907 2669 1975 quod
2706 1907 2866 1960 1101110
2907 1909 3106 1963 nobilis
3139 1926 3264 1978 pro-

299 2006 470 2058 ressima
490 2003 663 2076 (Ibid).
685 2005 898 2074 Arguitur
924 2023 1135 2076 quoque
1164 2024 1191 2060 a
1224 2018 1372 2076 patre
1400 2009 1557 2074 filius,

299 2098 389 2149 llllII
416 2097 567 2150 fratris
588 2094 801 2160 invideat,
819 2106 996 2150 etcum
1018 2100 1202 2166 Angeli
1237 2100 1485 2153 laitentur
1514 2103 1564 2154 in

306 2192 347 2242 le
370 2189 511 2242 livore
548 2189 794 2242 crucietur.
831 2187 1151 2257 Quamquam
1195 2189 1423 2243 duorum
1458 2191 1563 2243 fra-

303 2278 518 2343 i.ilitudo,
533 2278 708 2348 frugiet
723 2279 979 2342 luxuriosi,
998 2295 1100 2333 non
1116 2279 1180 2333 ad
1204 2281 1387 2333 merita
1407 2281 1568 2335 totius

299 2371 506 2433 humani,
540 2368 623 2423 sed
652 2370 722 2424 vel
747 2370 803 2423 ad
828 2369 990 2424 ludrei
1027 2372 1294 2440 pertinent
1318 2371 1421 2442 [ΑΙ.
1450 2388 1567 2441 per-

314 2462 661 2530 Cliristianique
691 2477 940 2530 personas,
978 2464 1059 2516 vel
1085 2464 1150 2516 ad
1179 2473 1483 2518 sanctorum
1516 2474 1568 2518 et

299 2555 429 2608 tium.
461 2554 617 2622 Super
639 2570 731 2623 qua
759 2556 992 2624 parabola
1021 2556 1254 2610 libellum
1285 2558 1569 2625 quemdam

297 2649 545 2715 episc0p0,
571 2648 686 2703 dum
711 2651 868 2704 adhuc
896 2652 1122 2712 viveret,
1155 2650 1422 2704 dedicavi.

297 2754 446 2807 tmpus
473 2739 770 2794 diversarum
802 2743 1140 2795 vacationum.
1171 2740 1357 2794 Nostri
1381 2741 1569 2794 laboris

305 2849 384 2883 um
409 2832 542 2885 nobis
565 2850 857 2902 pru'parare.
887 2864 956 2873 —
988 2833 1159 2887 Porro
1211 2834 1256 2887 si
1305 2835 1570 2900 operariis

302 2941 371 2978 rae
392 2937 440 2979 et
468 2927 633 2979 tertia:
652 2936 702 2979 ct
727 2939 882 2980 sexta-
909 2936 962 2980 et
988 2941 1144 2979 nonae
1165 2935 1217 2978 et
1245 2927 1566 2993 undecimae,

297 3016 419 3068 irius
446 3015 705 3080 redditur,
732 3026 782 3070 et
811 3015 876 3070 ab
901 3018 981 3070 eis
1027 3016 1214 3083 incipit
1252 3016 1534 3084 praunium
1553 3055 1567 3078 ,

303 3107 395 3160 imi
418 3107 468 3160 in
495 3107 646 3161 vinea
671 3106 1047 3161 laboraverunt
1078 3103 1570 3175 [Atlaborabant]:

317 3202 472 3253 unius
504 3199 784 3267 temporis,
816 3207 869 3252 et
911 3198 1068 3252 unius
1113 3200 1284 3252 aetatis
1322 3197 1571 3251 homines

1670 1996 1917 2050 ficiscens
1965 1999 2015 2049 in
2051 2000 2324 2066 regionem
2361 1999 2736 2068 longinquam,
2772 2011 2826 2051 ut
2859 2000 3130 2066 acciperet
3159 2002 3264 2057 sibi

1667 2102 1916 2157 regnum,
1947 2098 2001 2141 et
2039 2099 2439 2153 reverteretur,
2494 2091 2767 2144 vocaverit
2811 2091 2996 2144 decem
3047 2106 3265 2159 servos,

1667 2191 1719 2233 et
1746 2180 1957 2234 dederit
1983 2182 2062 2234 eis
2088 2182 2327 2249 singulas
2355 2196 2528 2244 mnas,
2554 2183 2620 2234 de
2644 2184 2840 2250 quibus
2866 2200 3001 2236 unus
3031 2185 3267 2239 lucratus

1671 2281 1753 2324 est
1780 2271 1887 2340 [ΑΙ.
1921 2271 2013 2340 sit]
2041 2271 2226 2326 decem
2259 2289 2411 2324 muas
2433 2313 2447 2336 ,
2501 2269 2921 2343 alius‘Riuinque
2947 2292 2958 2324 :
2985 2285 3039 2328 et
3068 2277 3267 2345 singuli

1667 2363 1818 2430 juxta
1852 2362 1992 2414 vires
2021 2378 2167 2425 suas,
2204 2374 2256 2416 et
2293 2365 2751 2426 emolumentum,
2801 2369 2876 2419 vel
2923 2367 3133 2432 decem,
3185 2372 3268 2424 vel

1672 2454 1908 2524 quinque
1936 2454 2242 2521 acceperint
2271 2456 2537 2510 civitates.
2571 2457 2736 2509 I’oiro
2764 2458 2922 2519 alius,
2969 2460 3056 2528 qui
3101 2476 3266 2516 unum

1675 2546 1954 2607 talentum,
1989 2547 2101 2599 sive
2135 2562 2292 2599 unam
2323 2562 2500 2598 mnam
2536 2558 2841 2616 acceperat,
2870 2555 3010 2617 quod
3035 2554 3261 2620 accepit,

1676 2637 1892 2700 infodit,
1920 2638 2035 2691 sive
2068 2639 2119 2690 in
2150 2640 2368 2691 sudario
2395 2640 2691 2707 colligavit,
2720 2651 2772 2692 et
2801 2641 3002 2695 domini
3030 2659 3276 2698 reserva-

1675 2733 1750 2784 vit
1779 2732 2054 2785 adventui.
2103 2732 2288 2785 Primo
2336 2733 2830 2798 considerandum,
2864 2737 3004 2802 quod
3051 2739 3094 2790 si
3142 2739 3274 2806 justi

1675 2843 1780 2880 non
1815 2843 1910 2895 spe
1938 2825 2222 2896 profectus
2255 2827 2525 2891 laborant,
2557 2837 2612 2880 ut
2657 2830 2766 2881 vult
2813 2846 2900 2882 no:
2919 2839 3000 2883 ter
3032 2843 3052 2869 ε
3085 2831 3232 2885 Zeno
3259 2852 3273 2885 :

1851 2919 1943 2974 sed
1968 2936 2034 2973 ne
2061 2920 2291 2983 perdant
2313 2923 2455 2988 quod
2481 2934 2826 2990 acceperant,
2857 2926 2958 2979 iste
2980 2926 3068 2992 qui
3093 2944 3272 2980 mnam

1674 3022 1728 3066 et
1758 3015 2021 3066 talentum
2053 3012 2268 3078 infodit,
2297 3029 2364 3067 ne
2390 3016 2638 3080 perderet
2660 3017 2802 3084 quod
2833 3028 3138 3086 acceperat,
3166 3037 3273 3076 non

1677 3110 1946 3176 peccavit;
1983 3109 2262 3177 magisque
2292 3109 2557 3162 laudanda
2590 3122 2671 3164 est
2703 3112 2884 3164 cautio
2918 3116 3270 3180 reservantis,

1675 3215 1834 3268 quam
1863 3215 2051 3254 cassus
2078 3201 2231 3254 labor
2260 3217 2476 3267 eorum,
2513 3202 2604 3268 qui
2646 3208 2762 3257 sine
2797 3204 2998 3259 laboris
3048 3209 3274 3274 prtemio

299 3309 390 3355 ur;
421 3292 516 3347 sed
544 3293 610 3346 ab
634 3292 860 3347 exordio
883 3291 1067 3345 mundi
1093 3306 1258 3360 usque
1286 3291 1350 3344 ad
1380 3292 1564 3355 ﬁnem,
1597 3278 1641 3338 C
1675 3289 2028 3344 desudarunt.
2063 3291 2267 3346 Deinde
2311 3295 2451 3361 quod
2488 3293 2590 3347 hoc
2622 3295 2794 3360 ipsum
2832 3297 3089 3350 talentum
3130 3301 3275 3368 quod

300 3404 310 3437 ι
338 3395 685 3440 sacramenta
718 3395 844 3440 sunt
869 3385 1232 3438 diversarum.
1267 3385 1443 3438 Prima
1475 3384 1572 3439 ho-

301 3488 384 3532 est
414 3477 554 3532 Abel
586 3487 642 3531 et
669 3477 806 3532 Seth
855 3495 868 3529 :
919 3476 1072 3531 tertia
1109 3475 1292 3530 Enocb
1324 3485 1377 3530 et
1414 3475 1527 3530 Noe
1556 3494 1569 3530 :

299 3585 424 3635 iam,
456 3568 610 3623 Isaac
640 3577 696 3622 et
721 3568 898 3624 Jacob
923 3586 936 3622 :
965 3584 1105 3622 nona
1131 3568 1339 3638 Moyses
1366 3578 1420 3622 et
1446 3568 1574 3622 Pro-

299 3662 498 3715 lecima
533 3660 800 3716 Gentium
832 3663 1064 3730 populus
1091 3679 1103 3715 :
1134 3663 1217 3714 cui
1253 3661 1425 3729 primo
1452 3660 1573 3714 red-

298 3771 347 3818 s,
380 3757 514 3820 quia
548 3756 603 3808 in
640 3753 978 3810 crucifixum
1011 3753 1237 3808 credens
1265 3753 1571 3817 Dominum,

299 3849 430 3903 fidei
483 3849 949 3919 magnitudinem
991 3847 1151 3918 375
1197 3847 1393 3902 meruit
1439 3862 1573 3916 prm-

299 3942 521 4010 ultique
575 3955 750 4010 reges
801 3950 860 3994 et
917 3940 1196 4008 propheta:
1244 3939 1575 4006 qtnesierunt

297 4032 590 4098 videmus,
635 4042 700 4086 et
746 4047 868 4086 non
913 4031 1186 4085 viderunt.
1221 4030 1372 4085 Unus
1395 4040 1574 4084 autem

307 4143 362 4180 in
400 4142 587 4180 utrum
625 4133 724 4181 est
767 4127 1088 4194 prmmium,
1119 4123 1214 4179 sed
1239 4140 1338 4177 una
1364 4123 1495 4186 vita,
1523 4132 1578 4176 et

301 4234 376 4272 na
413 4217 729 4272 liberatio.
767 4215 1054 4270 Cmterum
1092 4215 1361 4284 quomodo
1392 4214 1458 4267 ad
1491 4214 1574 4266 in-

303 4310 705 4379 'incipalem,
746 4307 1110 4363 diversorum
1161 4307 1446 4361 criminum
1499 4308 1576 4360 rei

299 4420 327 4458 e
364 4417 633 4457 carcere
659 4443 677 4468 ,
735 4409 801 4454 et
857 4400 1228 4468 unusquisque
1254 4413 1353 4468 pro
1391 4397 1578 4452 labore

312 4495 442 4558 uis,
482 4495 544 4547 in
578 4492 732 4558 hoc,
779 4492 880 4545 vel
909 4493 961 4544 in
992 4490 1084 4544 illo
1114 4498 1256 4544 statu
1285 4490 1408 4544 vitae
1452 4500 1574 4544 est:

345 4584 541 4654 quasi
579 4583 977 4652 indulgentia
1010 4583 1121 4634 veri
1144 4580 1429 4650 Principis,
1457 4595 1577 4634 om-

1674 3385 1917 3438 aufertur
1943 3400 1970 3439 a
2007 3385 2213 3446 timido.
2248 3387 2332 3441 vel
2364 3387 2667 3456 negligeute
2696 3405 2874 3454 servo,
2908 3408 3012 3445 non
3041 3392 3200 3446 datur
3222 3395 3274 3448 ei

1675 3478 1764 3545 qui
1796 3477 1973 3530 minus
2007 3478 2135 3531 lucri
2166 3477 2395 3542 fecerat;
2428 3479 2521 3532 sed
2555 3483 2644 3548 qui
2674 3482 2813 3551 plus,
2849 3484 2898 3536 id
2932 3494 3036 3548 est,
3065 3487 3154 3553 qui
3184 3502 3276 3538 su-

1679 3584 1773 3637 per
1807 3568 1998 3623 decem
2034 3569 2242 3636 positus
2287 3570 2458 3623 luerat
2486 3571 2755 3626 civitates.
2794 3575 2848 3627 Si
2880 3591 3138 3627 numerus
3166 3591 3275 3632 non

1677 3659 1800 3711 facit
1830 3659 2098 3722 ordinem,
2125 3676 2292 3729 quare
2315 3660 2489 3723 dixit,
2515 3660 2668 3715 Dedit
2693 3665 2966 3733 unicuique
2992 3669 3275 3722 secundum

1678 3745 1704 3784 ά
1738 3750 1867 3801 vires
1895 3767 2036 3802 suas.
2063 3748 2117 3804 Si
2143 3751 2331 3805 eadem
2359 3752 2506 3806 lucra
2533 3766 2655 3808 sunt
2679 3757 2917 3825 quinque
2946 3757 3268 3814 talentorum

1679 3847 1734 3893 et
1762 3839 1950 3894 decem
2003 3858 2016 3894 :
2071 3856 2167 3894 cur
2224 3843 2272 3896 ei
2320 3845 2410 3911 qui
2468 3847 2646 3900 minus
2694 3846 2826 3899 lucri
2886 3849 3110 3913 fecerat,
3169 3868 3275 3908 non

1680 3933 1997 3999 decem,et
2053 3936 2102 3989 ei
2157 3940 2245 4005 qui
2305 3938 2460 4006 plus,
2512 3956 2618 3993 non
2689 3942 2926 4009 quinque
2993 3945 3274 4001 traduntur

1683 4026 1880 4079 urbes?
1904 4026 2058 4092 Quod
2091 4036 2269 4081 autem
2309 4029 2564 4084 Dominus
2593 4047 2699 4085 non
2731 4032 2814 4085 liis
2847 4041 3132 4091 contentus
3170 4038 3237 4091 sit
3258 4081 3273 4105 ,

1681 4133 1798 4187 qua:
1829 4118 2091 4172 habemus
2118 4138 2130 4171 ς
2159 4120 2254 4172 sed
2302 4135 2518 4189 semper
2555 4122 2758 4192 majora
2810 4122 3121 4190 desideret,
3164 4128 3281 4193 ipse

1683 4217 1968 4272 monsrrat,
2000 4209 2184 4264 dicens
2215 4227 2227 4262 :
2261 4211 2434 4276 Quare
2465 4229 2565 4266 non
2595 4214 2785 4266 dedisti
2807 4217 3077 4283 pecuniam
3110 4234 3275 4273 meam

1682 4303 1749 4356 ad
1792 4303 2090 4373 trapezitae,
2142 4316 2187 4357 et
2233 4321 2326 4377 ego
2374 4308 2576 4362 veniens
2627 4325 2744 4361 cum
2791 4325 2947 4363 usura
2995 4314 3276 4381 exegissent

1684 4397 1908 4470 (Philip.
1929 4399 2033 4468 tu)?
2051 4399 2203 4466 Quod
2230 4400 2446 4470 quidem
2471 4413 2522 4455 et
2546 4401 2744 4456 Paulus
2761 4404 3043 4472 apostolus
3066 4409 3244 4462 sciens
3265 4451 3277 4472 ,

1682 4491 2082 4560 przeteritorum
2113 4491 2470 4558 obliviscitur,
2500 4501 2549 4547 et
2576 4494 2642 4546 ad
2665 4511 2726 4548 ea
2751 4511 2869 4564 qua:
2903 4497 2954 4550 in
2983 4510 3107 4553 ante
3130 4512 3278 4568 sunt,

1683 4599 1741 4638 se
1769 4584 2030 4648 extendit,
2062 4583 2111 4638 id
2141 4593 2253 4648 est,
2286 4583 2529 4653 quotidie
2576 4587 2816 4653 prolicit,
2861 4605 2959 4643 nec
3004 4605 3183 4649 servat
3227 4597 3277 4650 in

298 4698 388 4733 _-m
403 4695 512 4733 um
571 4677 823 4733 emittit
855 4676 931 4730 de
957 4688 1198 4730 carcere.
1243 4673 1360 4728 Jam
1411 4678 1578 4728 nostri
1605 4667 1658 4726 D
1683 4675 1902 4730 sudario
1925 4675 2155 4730 delicate
2198 4676 2449 4744 gratiam,
2482 4691 2641 4744 quam
2675 4682 2912 4748 accepit;
2948 4685 3040 4738 sed
3085 4702 3283 4745 avarus

299 4793 319 4825 ›
355 4772 768 4826 diversitate
808 4771 1124 4834 virtutum,
1168 4765 1384 4822 diversa
1425 4767 1581 4821 nobis

300 4882 456 4918 aro.

299 4957 607 5011 ΓωιαιΙιαε
647 4955 828 5008 inter
866 4951 1042 5006 David
1073 4959 1120 5004 et
1169 4948 1320 5006 Saul.
1344 4978 1415 4988 —
1442 4946 1586 5002 Huc-

300 5135 390 5170 uc
437 5112 904 5186 Augustinus
938 5111 1030 5186 lib.
1065 5109 1142 5186 de
1171 5107 1370 5186 sancta
1406 5105 1582 5186 Virgi-

297 5232 305 5251 ,
357 5177 744 5252 repuﬁens
784 5183 941 5238 huic
969 5179 1234 5237 Joviniani
1267 5177 1579 5252 olijectioni,

297 5247 548 5312 uarius
592 5258 722 5310 ili'e
764 5255 949 5308 aliud
981 5253 1259 5324 signiﬁcat,
1301 5250 1402 5324 nisi
1447 5247 1583 5319 quod

300 5347 365 5382 er
407 5327 814 5389 habebunt,
861 5323 1124 5379 siculiesl
1153 5323 1268 5390 ipsa
1296 5323 1398 5375 vita
1427 5330 1580 5374 teter-

314 5418 332 5452 t
367 5401 756 5454 caelorum.
807 5398 968 5463 Quia
987 5411 1106 5465 ergo
1127 5397 1238 5462 ipsa
1263 5394 1366 5446 vita
1389 5405 1581 5465 azterna

318 5489 413 5523 ius
456 5471 712 5524 electis
753 5462 1304 5537 ceQualisfdenarius
1349 5462 1581 5537 omnibus

325 5550 388 5594 ia
429 5558 600 5594 vero
660 5542 734 5592 in
798 5536 943 5609 ipsa
973 5540 1074 5590 vita
1117 5545 1306 5589 aeterna
1350 5536 1588 5609 distincte

385 5606 872 5674 meritoruni,
928 5609 1105 5662 multa:
1147 5616 1267 5659 sunt
1298 5606 1588 5659 mansiones

374 5701 505 5749 per
553 5684 694 5736 hoc
740 5683 820 5734 in
863 5680 1086 5734 denario
1123 5677 1328 5747 quidem
1360 5693 1463 5728 non
1493 5676 1588 5727 int-

362 5756 476 5806 ius
539 5754 927 5823 prolixius,
961 5752 1013 5804 in
1043 5750 1216 5823 multis
1242 5756 1591 5823 autentman-

363 5818 596 5879 ‘ulizis
627 5825 786 5878 alio
817 5824 1051 5877 clarius.
1075 5820 1204 5874 Vide
1225 5835 1348 5873 eum
1375 5818 1594 5885 librum,

377 5905 496 5952 lra
543 5895 1002 5952 Jovinianum
1032 5902 1418 5964 congeruntur.

386 6007 651 6051 l‘llOL.
778 5985 1054 6048 XXIII.

1688 4766 1999 4836 negotiator
2031 4779 2321 4821 renovatur
2346 4767 2412 4820 de
2443 4766 2533 4822 die
2567 4769 2618 4822 in
2647 4768 2788 4823 diem
2811 4813 2824 4835 ,
2860 4785 2914 4826 et
2958 4775 3284 4836 decrescere

1689 4873 1748 4912 se
1796 4866 1984 4926 putat,
2035 4858 2136 4910 nisi
2179 4874 2395 4926 semper
2444 4862 2680 4913 creverit
2727 4861 2916 4931 (Nam.
2947 4875 3140 4939 xxxv).
3175 4874 3284 4928 Sex

1689 4948 1854 5002 urbes
1885 4947 2232 5016 fugitivorum
2281 4947 2668 5002 describuntur
2714 4951 2766 5005 in
2815 4952 2976 5024 Lege,
3007 4960 3099 5026 qui
3133 4970 3155 4996 ε
3190 4962 3287 5016 ho-

1761 5103 1789 5142 δ
1832 5106 1946 5158 Duo
1989 5118 2118 5158 mss.
2165 5101 2294 5158 Dico
2328 5105 2492 5176 inquit
2533 5107 2691 5174 vobis,
2735 5113 3058 5169 remittemur
3095 5120 3142 5172 ei
3170 5137 3285 5191 pec-

1691 5186 1822 5236 cata.
1851 5189 1958 5231 CIC.

1690 5322 1711 5374 Ι
1761 5260 1789 5373 Σ
1828 5245 2144 5372 Jpvinianus
2190 5249 2327 5304 alter
2377 5249 2541 5305 Zeno.
2592 5251 2718 5307 Mss.
2776 5273 2839 5310 ne
2886 5259 3105 5326 perdant
3145 5266 3284 5333 quod

1707 5339 1756 5374 ta
1793 5338 1851 5374 en
1878 5356 1894 5373 .

1707 5329 1894 5375 labent.

1761 5392 1787 5428 ά
1829 5390 2094 5445 Nonnulla
2148 5392 2516 5461 exemplaria,
2571 5404 2706 5450 teste
2762 5396 3027 5465 Victorio,
3083 5404 3285 5461 habent

1688 5465 1899 5537 uirtutes
1949 5465 2347 5537 progvires:et
2391 5466 2528 5532 apud
2578 5466 2888 5522 Mattlizeum
2939 5473 3154 5537 quidem
3203 5488 3289 5531 est

1693 5535 1932 5608 δύναμιν;
1982 5533 2077 5608 sed
2124 5544 2178 5589 et
2225 5537 2494 5606 superius,
2545 5537 2846 5608 unicuique,
2877 5533 2976 5605 ait,
3007 5548 3287 5603 secundum

1695 5605 1938 5678 proprias
1965 5605 2113 5678 vires.

1771 5688 1792 5715 θ
1835 5677 2105 5750 Victorius
2133 5679 2219 5745 qui
2242 5678 2522 5743 Immineat,
2567 5688 2622 5731 ut
2649 5690 2731 5734 est
2761 5697 2928 5750 penes
2952 5684 3120 5740 LXX.
3149 5689 3290 5746 Olim

1738 5766 1862 5805 orro
1892 5749 2182 5818 interﬁcere
2223 5765 2319 5818 pro
2351 5752 2653 5818 interfecere
2675 5766 2696 5806 .'
2722 5749 2830 5809 tum
2866 5753 3200 5830 Interrogare
3231 5765 3298 5818 li-

1734 5832 1806 5891 ει,
1837 5832 1944 5878 etc.

2825 5987 2894 6050 11
