4068 6368
555 353 662 410 555

1809 343 1865 400 S.
1914 340 2182 398 EUSEBII
2223 341 2603 399 HIERONYMI
3732 340 3819 399 336

551 464 662 536 [Αἰ.
713 458 967 531 tegebat]
1000 455 1356 527 protegebat,
1410 454 1607 510 nudata
1637 463 1743 518 est,
1777 463 1833 510 et
1862 454 2114 522 exposita
2140 469 2154 507 :
2184 455 2231 514 Α
2263 456 2589 525 praedicant,
2616 457 2896 525 replentur
2944 455 3327 512 amaritudine.
3368 456 3423 511 In
3454 457 3654 528 azymis
3691 460 3816 512 enim

550 570 670 627 quae
701 560 828 608 ante
853 552 906 605 in
936 549 1154 605 occulto
1200 556 1389 613 erant,
1421 548 1637 601 nuncin
1671 545 1958 615 propatulo
2003 553 2148 598 sunt.

549 643 850 702 Ostendisti
882 642 1016 697 tales
1039 640 1354 709 discipulos,
1381 655 1488 692 non
1513 637 1710 694 fecisti.
1763 638 1876 692 Hoc
1919 634 2152 706 profecit

545 738 792 795 doctrina
818 749 909 791 tua
933 778 947 801 ,
982 744 1007 773 α
1042 746 1095 789 ιιι
1125 742 1346 803 peccata
1391 748 1491 787 nec
1521 732 1895 801 ptenitentiatn
1927 729 2145 800 quidem

547 832 806 888 habeant.
835 828 1087 897 Virgines
1116 836 1222 881 tute
1250 839 1385 895 quas
1416 824 1843 895 prudentissimo
1870 822 2105 878 consilio
2130 860 2146 886 ,

543 923 691 993 quod
723 935 882 977 nemo
907 934 1162 989 umquam
1204 917 1432 987 legerat,
1463 930 1563 969 nec
1586 914 1838 969 audierat
1869 955 1884 980 ,
1913 913 1981 967 de
2003 910 2147 981 Apo-

542 1016 685 1072 stolo
728 1012 999 1078 docuisti,
1037 1008 1226 1064 Melius
1267 1018 1342 1063 est
1396 1006 1587 1062 nubere
1612 1022 1770 1078 quam
1806 1005 1919 1070 uri,
1964 1004 2145 1059 occul-

544 1115 628 1163 tos
649 1104 930 1160 adulteros
958 1103 1011 1157 in
1040 1111 1256 1170 apertos
1279 1106 1562 1155 verterunt
1593 1098 1837 1152 maritos.
1870 1094 1987 1150 Non
2017 1108 2145 1149 sua-

538 1200 611 1254 sit
642 1200 745 1255 hoc
794 1196 1088 1268 Apostolus
1114 1238 1128 1261 ,
1174 1208 1279 1248 non
1326 1190 1612 1248 electionis
1640 1205 1755 1245 vas.
1784 1188 2141 1259 Virgilianum

538 1293 830 1349 consilium
853 1298 935 1345 est
961 1308 973 1342 :

684 1382 1001 1454 Conjugium
1043 1388 1220 1441 vocat,
1276 1375 1372 1429 hoc
1396 1374 1632 1446 praetexit
1661 1374 1865 1427 nomine
1907 1373 2135 1442 culpam.

1464 1467 1706 1539 (Eneid.
1738 1466 1775 1520 ι.
1809 1467 1920 1538 tv).

604 1571 695 1625 37.
737 1567 994 1622 Basilides
1020 1565 1265 1637 magister
1296 1562 1541 1617 luxuriae.
1575 1560 1791 1629 Semper
1815 1558 2136 1628 pseudopro-

528 1662 694 1733 pheta:
719 1660 895 1714 dulcia
920 1659 1243 1731 promittunt.
1284 1652 1451 1709 Verba
1470 1652 1733 1707 Joviniani
1756 1651 2128 1718 .—Quadrin-

529 1759 680 1829 genti
710 1757 1020 1812 fermeanni
1048 1761 1212 1820 sunt,
1247 1751 1391 1823 quod
1431 1750 1633 1805 Christi
1668 1746 1983 1818 praedicatio
2029 1744 2133 1799 ful-

2253 549 2502 604 veritatis
2531 560 2585 605 et
2612 550 2961 616 sinceritatis,
2995 550 3209 604 Domini
3255 550 3460 605 Pascha
3506 552 3811 617 celebratur,

2253 647 2308 693 et
2333 654 2454 694 cum
2488 640 2941 695 amaritudinibus
2968 641 3273 695 comeditur
3300 640 3495 709 (Exod.
3525 644 3643 710 xit).
3673 642 3818 712 Egre-

2251 733 2335 801 gia
2367 748 2496 787 sane
2542 750 2643 788 vox
2693 743 2749 789 et
2802 750 2961 804 quam
2990 733 3171 789 audiat
3218 750 3414 805 sponsa
3442 735 3664 802 Christi,
3694 738 3818 794 inter

2254 821 2274 859 τ
2303 825 2562 895 virgines,
2594 834 2647 880 et
2678 825 2884 884 viduas.
2919 835 2972 880 et
2993 825 3212 880 c:elibes
3251 826 3434 898 (unde
3465 830 3709 898 etipsum
3736 846 3817 885 no-

2250 931 2372 971 men
2416 917 2641 970 inditum
2673 925 2795 983 est,
2846 916 2990 987 quod
3018 920 3156 972 ccelo
3184 918 3329 989 digni
3359 921 3506 987 sint,
3558 924 3645 990 qui
3689 923 3819 978 coitu

2246 1010 2509 1079 careant).
2539 1028 2557 1061 ι
2589 1010 2733 1064 Raro
2758 1010 3020 1080 jejunate,
3046 1012 3292 1067 crebrius
3320 1014 3527 1069 nubite.
3548 1014 3661 1070 Non
3687 1016 3817 1071 enim

2244 1102 2473 1169 potestis
2506 1101 2731 1171 implere
2759 1117 2922 1173 opera
2945 1102 3253 1171 nuptiarum
3290 1147 3305 1169 ,
3348 1106 3449 1160 nisi
3478 1109 3699 1162 mulsum
3726 1152 3736 1175 ,
3772 1118 3823 1165 et

2244 1207 2437 1247 carnes
2462 1234 2476 1261 ,
2501 1204 2555 1248 et
2576 1196 2828 1250 nucleum
2855 1198 3221 1266 sumpseritis.
3246 1197 3463 1254 Viribus
3490 1217 3626 1263 onus
3652 1212 3728 1257 est
3758 1202 3820 1257 ad

2243 1282 2543 1340 libidinem.
2573 1285 2693 1339 Cito
2720 1302 2847 1341 caro
2870 1300 3191 1360 consumpta
3218 1294 3500 1347 marcescit
3526 1294 3704 1367 382.
3724 1295 3821 1350 No-

2243 1375 2337 1429 lite
2374 1376 2565 1432 timere
2591 1377 3029 1435 fornicationem.
3069 1382 3171 1450 Qui
3198 1384 3368 1439 semel
3406 1386 3459 1439 in
3500 1386 3713 1441 Christo
3736 1388 3823 1443 ba-

2242 1470 2473 1537 ptizatus
2500 1480 2617 1537 est,
2651 1472 2846 1527 cadere
2876 1488 2983 1528 non
3016 1484 3229 1543 potest:
3264 1476 3427 1533 habet
3452 1480 3620 1545 enim,
3644 1482 3710 1535 ad
3731 1481 3824 1538 de-

2240 1560 2570 1628 spumandas
2612 1560 2862 1617 libidines
2888 1604 2903 1630 ,
2930 1566 3121 1619 solatia
3156 1569 3487 1636 nuptiarum.
3517 1570 3675 1639 Quod
3704 1580 3757 1628 et
3781 1574 3822 1628 si

2238 1652 2574 1717 cecideritis,
2602 1654 2996 1725 redintegrabit
3026 1673 3125 1712 vos
3153 1661 3471 1728 ptenitentia
3496 1703 3514 1729 ,
3555 1673 3612 1717 et
3658 1665 3744 1734 qui
3776 1665 3825 1719 in

2239 1745 2562 1816 baptismate
2608 1748 2782 1802 fuistis
2822 1748 3154 1820 hypocritm,
3201 1753 3356 1807 eritis
3397 1753 3450 1809 in
3501 1758 3819 1824 ptenitentia

528 1863 619 1921 get
647 1851 700 1905 in
733 1848 956 1903 mundo.
984 1846 1064 1900 Ex
1114 1859 1222 1915 quo
1262 1840 1694 1899 innumerabiles
1720 1840 1960 1894 haereses
1989 1837 2131 1891 tuni-
2160 1842 2208 1902 B
2233 1839 2426 1893 solidae
2452 1840 2600 1895 lidei.
2626 1840 2811 1912 Neque
2828 1844 3116 1899 turbemini
3138 1885 3153 1909 ,
3179 1857 3431 1915 putantes
3455 1846 3596 1903 inter
3621 1850 3824 1920 justum

527 1956 646 1998 cam
677 1942 821 1997 illius
847 1936 1293 2002 consciderunt,h
1320 1936 1604 1991 universus
1622 1948 1759 2003 pene
1788 1946 1946 1986 error
1968 1930 2128 2002 381

523 2036 593 2091 de
618 2034 878 2089 Chaldzeo
904 2041 959 2088 et
980 2032 1143 2101 Syro,
1174 2039 1230 2085 et
1257 2029 1451 2084 Graeco
1472 2041 1728 2082 sermone
1760 2029 2125 2096 processerat.

521 2126 794 2182 Basilides
844 2126 1106 2191 magister
1147 2123 1376 2177 luxuria:
1407 2128 1463 2175 et
1506 2118 1945 2188 turpissimorum
1983 2130 2128 2170 com-

519 2221 817 2289 plexuum,
851 2226 973 2287 post
1014 2226 1093 2272 tot
1137 2231 1311 2270 annos
1335 2215 1408 2269 ita
1464 2214 1517 2268 in
1564 2211 1946 2273 Jovinianum,
1974 2208 2129 2278 quasi

517 2314 574 2368 in
606 2323 628 2350 ε
652 2312 1004 2382 Euphorbum
1037 2308 1456 2364 transformatus
1476 2314 1581 2370 est,
1608 2315 1666 2360 ut
1695 2303 1887 2358 Latina
1910 2317 2128 2373 quoque

524 2405 707 2476 lingua
739 2404 971 2459 haberet
999 2402 1252 2456 haeresim
1275 2414 1450 2456 suam.
1476 2397 1632 2452 Nulla
1680 2412 1749 2451 ne
1800 2396 1901 2449 fuit
1931 2395 2036 2449 alia
2069 2395 2123 2447 in

517 2507 633 2552 toto
656 2498 788 2552 orbe
816 2495 1122 2567 provincia,
1158 2508 1282 2564 qua:
1311 2492 1579 2560 reciperet
1605 2491 1939 2559 praeconium
1968 2487 2125 2542 volu-

513 2591 709 2661 ptatis,
758 2590 812 2644 in
866 2603 1031 2660 quam
1063 2585 1293 2641 coluber
1344 2593 1624 2639 tortuo~us
1668 2583 1970 2651 irreperet,
2018 2578 2122 2673 nisi

430 2696 435 2699 ‘
512 2701 672 2755 quam
704 2685 850 2740 Petri
874 2684 1123 2739 doctrina
1146 2696 1312 2751 super
1342 2674 1593 2749 petramd
1625 2677 1942 2731 fundaverat
1963 2675 2121 2730 Chri-

512 2787 677 2830 stum.
718 2775 987 2830 Vexillum
1022 2774 1202 2834 crucis
1243 2780 1299 2826 et
1348 2768 1753 2837 prtedicationis
1781 2767 2069 2821 austeritas
2101 2806 2116 2832 ,

513 2869 791 2923 idolorum
820 2866 1022 2933 templa
1052 2865 1400 2917 destruxerat
1425 2878 1439 2913 :
1470 2876 1500 2915 e
1527 2860 1752 2929 regione
1784 2860 1994 2913 luxuria
2024 2874 2119 2928 pe-

513 2960 633 3024 nis,
664 2957 873 3013 ventris
900 2967 956 3012 et
985 2954 1215 3025 gutturis
1238 2994 1252 3017 ,
1277 2953 1595 3007 subvertere
1621 2950 1811 3005 nititur
1833 2949 2116 3005 fortitudi-

510 3068 636 3108 nem
658 3049 857 3106 crucis.
888 3047 1040 3105 Unde
1064 3062 1160 3116 per
1180 3044 1372 3101 Isaiam
1404 3045 1643 3114 loquitur
1674 3044 1815 3099 Deus
1840 3062 1854 3097 :
1881 3042 2117 3112 Populus

511 3160 685 3210 meus,
708 3143 796 3213 qui
822 3158 905 3195 vos
928 3139 1221 3205 beati/icant
1244 3178 1258 3202 ,
1277 3136 1526 3191 seducunt
1558 3152 1643 3189 vos
1668 3177 1681 3198 ,
1724 3146 1772 3188 et
1793 3137 1997 3189 semitas
2028 3152 2115 3205 pe-

2235 1945 2285 1985 et
2322 1931 2670 2001 ptenitentem
2694 1933 2899 2003 aliquid
2926 1937 3209 2003 interesse,
3255 1948 3311 1993 et
3337 1938 3681 1997 humiliorem
3710 1958 3824 2012 gra-

2234 2023 2361 2077 dum
2385 2024 2517 2078 dare
2544 2025 2762 2095 quidem
2797 2027 3034 2092 veniam,
3068 2028 3162 2083 sed
3185 2045 3442 2086 coronam
3480 2034 3695 2089 tollere.
3715 2033 3825 2091 Una

2233 2126 2317 2168 est
2352 2114 2497 2168 enim
2542 2116 2850 2171 retributio.
2903 2118 3004 2185 Qui
3039 2119 3105 2173 ad
3146 2120 3427 2177 dexteram
3458 2127 3714 2188 steterit,
3745 2126 3823 2180 in-

2233 2206 2420 2261 troibit
2445 2208 2495 2260 in
2525 2223 2689 2277 regna
2715 2209 3002 2264 caelorum.
3037 2229 3055 2261 ι
3094 2211 3190 2267 llis
3215 2216 3459 2270 consiliis
3479 2217 3701 2272 subulci
3717 2218 3820 2285 tui,

2231 2298 2541 2367 pastoribus
2573 2301 2775 2356 nostris
2809 2301 3035 2356 ditiores
3082 2314 3247 2371 sunt,
3295 2316 3347 2361 et
3393 2308 3529 2363 hirci
3561 2310 3824 2378 plurimas

2228 2405 2411 2445 secum
2440 2406 2632 2460 capras
2657 2393 2896 2448 trahunt.
2944 2394 3082 2465 Equi
3126 2398 3443 2455 insanientes
3498 2403 3551 2456 in
3605 2404 3825 2472 feminas

2227 2481 2355 2548 [acti
2374 2492 2491 2536 sunt
2519 2481 2733 2553 (Jerem.
2762 2501 2814 2550 ν,
2847 2485 2926 2555 8),
2949 2490 3154 2556 statim,
3189 2500 3246 2544 ut
3271 2493 3529 2548 mulieres
3562 2496 3820 2558 viderint,

2225 2571 2579 2639 adhinniunt,
2625 2584 2678 2628 et
2718 2576 3109 2646 impatientiam
3163 2596 3355 2647 suam,
3417 2585 3554 2653 proh
3622 2586 3817 2641 nefas!

2225 2665 2625 2739 Scripturarum
2650 2672 2901 2727 solantur
2927 2676 3215 2743 exemplis.
3237 2677 3343 2733 Sed
3365 2689 3416 2733 et
3434 2679 3565 2748 ipsa:
3595 2683 3824 2737 mulier-

2224 2762 2359 2815 culae
2388 2764 2603 2818 miserae
2632 2774 2657 2811 8
2690 2776 2743 2820 et
2770 2781 2877 2821 non
2912 2768 3256 2824 miserabiles
3280 2813 3294 2835 ,
3331 2778 3696 2844 praeceptoris
3745 2772 3829 2830 sui

2222 2854 2385 2909 verba
2429 2866 2745 2924 cantantes,
2793 2859 2932 2926 Quid
2981 2862 3125 2914 enim
3200 2864 3301 2917 nisi
3348 2878 3535 2920 semen
3594 2867 3830 2936 requirit

2224 2945 2405 3000 Deus?
2437 2963 2541 3001 non
2570 2950 2745 3004 solum
2771 2951 3105 3019 pudicitiam,
3125 2954 3218 3009 sed
3246 2956 3407 3010 etiam
3433 2960 3828 3015 verecundiam

2221 3038 2603 3106 perdiderunt,
2653 3042 2952 3112 majoriqne
2989 3047 3319 3113 procacitate
3347 3049 3661 3106 defendunt
3706 3053 3826 3106 libi-

2219 3127 2399 3183 dinem
2419 3173 2432 3197 ,
2462 3146 2623 3201 quam
2648 3143 2929 3188 exercent.
2960 3134 3137 3191 Habes
3170 3146 3433 3207 praeterea
3472 3141 3525 3195 in
3567 3143 3831 3198 exercitu

509 3237 633 3291 dum
654 3244 937 3290 vestrorum
959 3229 1265 3286 conturbant
1291 3226 1443 3301 (Isai.
1479 3244 1573 3293 ιιι,
1614 3227 1679 3282 14
1704 3227 1746 3296 ).
1771 3227 1994 3284 Necnon
2016 3243 2113 3298 per
2138 3224 2183 3285 C
2218 3223 2403 3292 plures
2434 3227 2866 3281 sneceuturiatos
2894 3269 2909 3294 ,
2967 3227 3136 3284 habes
3166 3245 3381 3286 scurras
3426 3240 3481 3288 et
3538 3235 3746 3291 velites
3773 3236 3829 3290 in

507 3328 837 3385 Jcremiam:
888 3322 1079 3395 Fugite
1130 3321 1193 3375 de
1244 3320 1412 3374 medio
1440 3318 1756 3391 Babylonis,
1808 3330 1858 3372 et
1906 3326 2108 3373 servate

508 3416 854 3488 unusquisque
867 3415 1094 3468 animam
1115 3429 1285 3479 suam,
1311 3423 1357 3465 et
1372 3412 1530 3465 nolite
1552 3410 1762 3465 credere
1788 3408 2111 3487 pseudopro-

506 3510 669 3580 phetis
694 3551 706 3572 ,
731 3509 819 3579 qui
840 3506 1038 3570 dicunt,
1069 3519 1173 3573 pax
1200 3519 1305 3572 pax
1323 3545 1337 3568 ,
1364 3511 1410 3556 et
1442 3519 1540 3555 non
1568 3512 1641 3555 est
1672 3516 1778 3571 paa:
1810 3518 1821 3552 :
1848 3500 1938 3570 qui
1968 3514 2110 3555 sem-

504 3616 602 3670 per
630 3597 1001 3671 ingeminant,
1056 3592 1336 3662 Templum
1388 3590 1640 3654 Domini,
1694 3588 1967 3660 Templum
2001 3589 2111 3642 Do-

507 3694 631 3747 mini
652 3691 869 3763 (Jerem.
902 3704 952 3743 L1
976 3729 990 3753 ,
1021 3685 1101 3755 6).
1136 3685 1419 3752 Prophetas
1452 3686 1525 3737 tui
1554 3682 1808 3737 viderunt
1838 3682 1934 3737 tibi
1968 3680 2105 3737 falsa

503 3796 559 3840 et
582 3782 890 3854 insipientia
914 3822 929 3847 ,
960 3794 1068 3835 non
1094 3784 1431 3847 aperuerunt
1460 3776 1800 3845 iniquitatem
1828 3785 1972 3828 tuam
2000 3816 2013 3840 ,
2046 3783 2107 3829 ut

502 3888 557 3934 te
578 3878 643 3931 ad
668 3875 1037 3945 paenitentiam
1065 3879 1458 3942 provocarent;
1478 3866 1571 3939 qui
1592 3867 1859 3923 devorant
1886 3866 2099 3936 plebem

503 3968 613 4041 [Αι.
640 3965 834 4038 Deum]
866 3964 994 4030 Dei,
1029 3971 1087 4018 ut
1116 3961 1297 4016 cibum
1328 3960 1513 4030 panis,
1544 3960 1710 4013 Deum
1744 3973 1852 4012 non
1882 3957 2102 4012 invoca-

498 4071 714 4115 verunt.
738 4058 1003 4114 Jeremias
1029 4053 1396 4123 captivitatem
1431 4050 1686 4106 nuntians
1712 4090 1726 4115 ,
1777 4048 2048 4119 lapidatus
2069 4063 2099 4104 a

499 4152 719 4222 populo.
762 4147 1004 4203 Anauias
1035 4144 1175 4199 filius
1224 4146 1364 4197 Azur
1409 4141 1692 4213 frangebat
1739 4141 1805 4195 ad
1857 4155 2097 4211 praesens

499 4252 523 4279 θ
553 4242 762 4312 ligneas
783 4249 1026 4310 torques,
1059 4244 1114 4292 et
1142 4234 1197 4290 in
1230 4235 1470 4289 fttturum
1499 4234 1705 4289 lerreas
1731 4233 2094 4304 praeparabat.

497 4334 726 4400 Semper
751 4327 1240 4403 pseudoprOphetre
1293 4326 1477 4381 dulcia
1524 4325 1875 4396 pollicentur,
1919 4334 1976 4381 et
2026 4325 2096 4380 ad

494 4426 766 4482 modicum
825 4423 1059 4494 placent.
1094 4420 1290 4475 Amara
1341 4428 1424 4475 est
1473 4418 1709 4483 veritas,
1767 4428 1821 4472 et
1850 4417 1941 4487 qui
1973 4432 2093 4473 eam

2213 3317 2479 3385 prtesidiis
2499 3360 2513 3384 ,
2538 3332 2776 3384 crassos,
2806 3316 2831 3355 ιι
2862 3330 3111 3390 comptos
3134 3364 3148 3389 ,
3179 3324 3411 3391 nitidos,
3444 3328 3789 3384 clamatores
3814 3367 3830 3392 ,

2214 3407 2305 3477 qui
2331 3418 2381 3463 te
2410 3412 2607 3480 pugnis
2636 3411 2981 3483 calcibusquc
3012 3414 3326 3471 defendant.
3375 3416 3495 3472 Tibi
3520 3421 3735 3475 cedunt
3763 3420 3832 3477 de

2210 3499 2296 3553 via
2324 3501 2533 3555 nobiles
2553 3542 2567 3565 ,
2603 3501 2697 3555 tibi
2726 3506 3043 3557 osculantur
3065 3506 3263 3562 divites
3291 3517 3474 3576 caput.
3518 3509 3641 3566 Nisi
3677 3514 3827 3567 enim

2216 3597 2271 3644 tu
2293 3592 2535 3646 venisses
2556 3634 2568 3656 ,
2600 3593 2737 3648 ebrii
2760 3604 2923 3665 atque
2946 3604 3223 3652 ructantes
3254 3601 3567 3667 paradisum
3614 3604 3833 3659 intrare

2215 3696 2323 3735 non
2349 3692 2619 3750 poterant.
2646 3685 2819 3740 Macte
2842 3689 3060 3752 virtute,
3081 3688 3246 3743 immo
3273 3692 3442 3756 vitiis,
3464 3694 3645 3750 babes
3662 3697 3716 3750 in
3734 3710 3831 3751 ca-

2206 3773 2336 3827 stris
2363 3774 2467 3827 tuis
2489 3782 2542 3828 et
2563 3776 2868 3832 Amazones
2899 3777 3062 3851 (Vide
3088 3782 3433 3838 Commentar.
3464 3786 3517 3838 in
3540 3786 3682 3858 Cap.
3713 3805 3831 3845 xvi.

2204 3861 2427 3934 Jerem.)
2472 3876 2662 3921 exerta
2706 3884 2971 3937 mamma,
3018 3881 3073 3928 et
3094 3874 3239 3929 nudo
3280 3876 3506 3932 brachio
3546 3892 3609 3935 et
3655 3897 3826 3951 genu,

2203 3958 2489 4014 venientes
2514 3972 2704 4016 contra
2736 3978 2795 4018 se
2819 3965 2967 4020 viros
2991 3968 3059 4021 ad
3102 3983 3338 4039 pugnam
3363 3970 3659 4028 libidinum
3697 3989 3835 4045 pro-

2203 4060 2486 4107 vocantes.
2541 4053 2608 4107 Et
2659 4055 2785 4124 quia
2832 4058 3125 4125 opulentus
3158 4062 3552 4130 paterfamilias
3608 4081 3720 4133 es,
3772 4067 3831 4122 in

2200 4143 2421 4199 aviariis
2452 4147 2557 4199 tuis
2604 4162 2710 4201 non
2756 4156 3027 4217 turtures,
3060 4152 3155 4206 sed
3184 4168 3379 4224 upupa:
3416 4154 3530 4227 (Et
3558 4157 3724 4211 Com.
3773 4157 3834 4212 in

2194 4236 2326 4307 Cap.
2364 4253 2413 4290 v.
2442 4237 2694 4310 Zachar.)
2720 4242 3056 4311 nutriuntur,
3090 4260 3213 4315 qua:
3260 4255 3376 4302 tata
3422 4248 3635 4305 fmtida:
3661 4250 3837 4305 volu-

2199 4329 2362 4398 ptatis
2400 4330 2569 4386 lustra
2622 4333 3037 4390 circumvolent.
3091 4338 3176 4393 Me
3216 4353 3408 4409 carpe,
3458 4357 3544 4396 me
3564 4341 3836 4411 disiice,

2192 4419 2367 4489 objice
2388 4422 2619 4478 crimina
2650 4439 2772 4494 quae
2802 4427 3076 4494 volueris,
3110 4444 3279 4499 argue
3307 4432 3536 4486 luxuria:
3574 4441 3639 4486 et
3668 4431 3833 4488 deli-

568 4573 592 4599 η
620 4562 791 4617 Vetus
816 4560 949 4617 edit.
991 4576 1055 4615 ne
1086 4568 1350 4629 peccatum
1389 4555 1598 4627 quidem
1620 4555 1973 4628 paenitentiam
1994 4556 2094 4611 ha-
2122 4562 2178 4621 D
2201 4574 2305 4630 qua
2337 4561 2852 4642 primumhairesim
2899 4563 3216 4642 Iovinianus
3246 4569 3426 4626 saevit.
3460 4569 3583 4625 Vit].
3624 4572 3837 4642 praeﬁ-

493 4635 827 4770 beg‘OSentit,
847 4701 1079 4769 primum
1107 4717 1136 4754 e
1155 4699 1365 4755 Latinis
1386 4698 1704 4754 hmreticum
1735 4698 2086 4756 Iovinianum

489 4776 798 4841 exstitisse,
830 4773 974 4843 quod
1003 4772 1221 4844 quidem
1253 4783 1308 4827 et
1335 4770 1579 4826 Victorio
1602 4778 1848 4844 notatum
1881 4782 1992 4835 est,
2030 4781 2085 4827 at

486 4846 674 4903 nescio
705 4841 862 4915 quam
896 4841 1053 4915 vere',
1085 4845 1129 4897 si
1161 4843 1472 4915 Montanum
1504 4852 1748 4912 reputes,
1776 4841 2075 4909 Novatum,

485 4932 648 4990 atque
675 4912 810 4974 alios
833 4957 846 4979 ,
872 4914 1056 4990 utique
1082 4929 1145 4969 ex
1175 4912 1404 4974 Latinis.

560 4983 580 5028 ἒ
616 4990 673 5044 In
722 4988 967 5055 sequenti
1002 4986 1139 5039 libro
1182 4992 1372 5055 contra
1404 4983 1758 5053 Vigilantium
1808 4998 1958 5037 num.
2005 4999 2022 5038 ι
2058 5001 2070 5037 :

485 5061 751 5123 Quomodo
781 5054 1515 5127 Euphorbus___inPythagora
1554 5068 1764 5108 renatus
1805 5071 1911 5109 esse
1957 5071 2073 5120 per-

485 5073 751 5123 uuomoao
781 5073 1087 5127 nupnoraus
1132 5073 1186 5107 m
1221 5073 1387 5124 r'yma
1425 5073 1515 5107 ora
1554 5073 1764 5108 renatus
1805 5073 1911 5109 esse
1957 5073 2073 5120 per-

482 5130 710 5187 hibetur,
750 5128 907 5196 sicin
942 5127 1039 5178 isto
1076 5073 1423 5196 (Vigilantiog
1448 5123 1708 5196 Joviniani
1736 5142 1877 5177 mens
1913 5142 2075 5196 prava

480 5200 721 5253 surrexit.
790 5194 993 5260 Nempe
1057 5194 1344 5263 somniavit
1406 5194 1735 5261 Pythagoras
1796 5194 2075 5263 Ettp‘horbi

479 5270 625 5335 apud
654 5265 871 5347 Troiam
914 5263 1077 5347 occisi
1104 5262 1339 5347 animam
1358 5265 1413 5347 in
1433 5277 1491 5315 se
1516 5263 1847 5347 demigrasse
1868 5262 1890 5330 ;⁷
1907 5282 2075 5347 seque

478 5331 655 5397 aiebat
698 5331 930 5408 primum
963 5332 1129 5388 fuisse
1161 5331 1495 5408 Ethalillem,
1530 5350 1653 5388 mox
1668 5331 2030 5408 Euphorbum
2058 5379 2073 5403 ,

474 5412 672 5467 deinde
700 5401 1106 5463 'tlermotimum
1136 5445 1149 5466 ,
1217 5413 1271 5456 ct
1321 5401 1585 5474 Pyrrhum
1616 5445 1630 5467 ,
1675 5405 1887 5459 Delium
1968 5401 2075 5474 pis¥

472 5494 713 5537 catorem
740 5523 756 5547 ,
783 5484 1055 5550 postremo
1077 5492 1141 5530 ex
1171 5470 1383 5545 Pyrrho
1412 5470 1608 5526 factum
1634 5490 1756 5529 esse
1798 5470 2076 5547 Pythago-

563 5571 617 5605 11.

480 5568 723 5675 milnbuo
753 5636 910 5683 mss.,
940 5634 1094 5687 super
1123 5624 1320 5689 petram
1351 5612 1655 5689 fundaverat
1693 5612 1909 5668 Christi.
1970 5615 2074 5672 Ve-

477 5702 562 5745 tus
605 5691 732 5745 edit.
790 5690 890 5744 nisi
931 5691 985 5743 in
1005 5685 1131 5759 qua'
1154 5686 1301 5743 Petri
1348 5685 1584 5759 doctrina
1608 5701 1762 5759 super
1789 5700 1842 5737 se
1868 5694 2071 5759 petram

474 5760 778 5827 fundaverat
800 5756 1030 5813 Christus
1060 5778 1077 5812 :
1103 5768 1158 5816 et
1185 5774 1309 5813 mox
1352 5756 1733 5827 prazdicatianis
1760 5758 2063 5812 auctoritas.

472 5826 770 5887 limitatiam
795 5828 1008 5896 proprie
1031 5869 1045 5893 ,
1082 5839 1139 5885 ut
1186 5830 1369 5897 vides,
1427 5826 1730 5885 Ecclesiam
1764 5836 1961 5896 notat,
2007 5828 2063 5885 in

2200 4646 2322 4686 xam
2360 4632 2509 4687 hisce
2541 4634 2691 4689 libris
2720 4634 3187 4689 Admonitionem.

2264 4703 2395 4781 {Eri
2422 4702 2675 4781 J-eremiie
2704 4720 2825 4781 cap.
2875 4720 3083 4781 xxvut:
3117 4706 3338 4764 Catenas
3369 4710 3568 4781 ligneas
3612 4717 3839 4771 contri-

2186 4772 2301 4848 yisti
2320 4815 2333 4839 ,
2357 4775 2517 4845 facies
2540 4792 2632 4847 pro
2683 4777 2756 4848 eis
2777 4772 2989 4848 catenas
3036 4779 3250 4843 ferreas.
3278 4772 3489 4835 Dictum
3518 4825 3532 4848 ,
3569 4795 3836 4843 notante

2184 4841 2427 4919 Victoria
2454 4841 2642 4919 contra
2679 4846 2827 4919 illos,
2852 4848 2943 4915 qui
2976 4841 3224 4903 homines
3263 4841 3589 4919 palpantfet
3624 4841 3833 4912 felicia

2180 4915 2523 4981 pollicentur.
2550 4916 2674 4970 Mss.
2692 4917 2796 4969 duo
2816 4916 3224 5042 habent/igneos
3248 4915 3469 4991 torques,
3496 4932 3552 4977 et
3575 4928 3832 4994 ferreos.

2256 4984 2273 5021 τ
2316 4986 2553 5042 Viraines
2582 4998 2630 5040 et
2660 4988 2842 5041 viduas
2871 4998 2918 5041 et
2947 4990 3054 5042 creti
3099 5008 3167 5042 es.
3200 4993 3575 5042 Quintilianus
3618 4997 3736 5042 lih-
3777 5016 3795 5042 ι

2256 4984 2553 5069 ‘ml'irgines
2577 4998 2630 5069 et
2660 4988 2918 5069 υἰάιιαξχςι
2947 4984 3167 5069 crelibes.
3188 4984 3589 5069 Quintiliano;
3616 4997 3737 5069 lib.
3776 5016 3829 5069 ι,

2257 5005 2267 5021 ι
2322 5005 2343 5038 v
2364 5005 2553 5109 trimes
2582 5005 2630 5040 et
2660 5005 2842 5041 man-as
2871 5005 2918 5041 et
2947 5005 3167 5044 attines.
3200 5005 3575 5056 Qtttuttttauus
3616 5005 3737 5055 lib.
3776 5016 3829 5069 ι,

2180 5068 2230 5109 c.
2247 5056 2336 5140 110.
2357 5076 2369 5110 :
2435 5059 2774 5140 ngenioseque
2798 5059 2896 5112 sibi
2924 5059 3057 5111 visus
3078 5072 3161 5140 est
3178 5060 3332 5116 Caius
3354 5062 3558 5140 cwlibes
3587 5068 3796 5125 dicere
3816 5114 3835 5140 ,

2182 5125 2336 5200 ueluti
2359 5125 2572 5189 cwliies.
2602 5125 2741 5199 quod
2768 5146 2921 5183 onere
2945 5132 3247 5200 gravissimo
3280 5146 3475 5188 vacent.
3509 5125 3835 5198 Murrus:

2184 5197 2300 5250 Duo
2372 5214 2501 5252 mss.
2562 5197 2766 5270 absque
2834 5209 2881 5254 et
2947 5197 3251 5271 particula,
3306 5204 3489 5260 viduas
3557 5197 3828 5269 cwlibes.

2183 5272 2463 5353 impexam
2487 5271 3136 5353 etymologiam.Gravius
3157 5346 3167 5353 _
3190 5290 3256 5329 ex
3286 5275 3641 5353 Quintiliano
3683 5284 3731 5339 Ι.
3765 5302 3835 5353 ιι,

2182 5353 2238 5414 c_._
2269 5340 2356 5393 10.
2382 5338 2615 5414 illustrat
2651 5358 2665 5414 :_
2697 5340 2975 5414 lngeniose
2995 5344 3092 5397 sibi
3120 5346 3258 5400 visus
3286 5338 3362 5399 est
3384 5345 3542 5402 Caius
3588 5338 3837 5411 celibeg

2181 5408 2371 5491 dicere,
2399 5408 2795 5491 ueluti-crethea;
2815 5423 2921 5468 etc.
2953 5414 3058 5467 Sed
3072 5426 3135 5491 _et
3155 5416 3394 5491 Isidorus
3424 5418 3751 5491 Originum
3780 5408 3834 5482 ί

2179 5495 2212 5534 x
2231 5520 2245 5545 ,
2276 5480 2356 5555 lit.
2391 5481 2454 5555 (ΣΖ
2482 5484 2663 5537 crelebs
2692 5484 2899 5548 dicitur,
2936 5485 3084 5555 quasi
3110 5487 3235 5541 caelo
3260 5488 3456 5544 beatus.

2257 5560 2281 5599 Β
2314 5553 2392 5607 Et
2424 5552 2597 5609 Ovidii
2628 5569 2787 5609 versu
2811 5556 2864 5609 in
2899 5552 3014 5609 Ibin
3041 5572 3054 5609 :

2273 5689 2452 5751 Sisque
2475 5691 2626 5741 miser
2647 5704 2866 5754 semper,
2890 5704 2984 5741 nec
3006 5692 3076 5742 sis
3098 5693 3395 5744 miserabilis
3418 5695 3523 5745 ulli.

2247 5830 2274 5869 ιλ
2296 5833 2653 5893 Cisterciens.
2676 5834 2815 5892 liber
2838 5852 3035 5892 crassos
3051 5878 3064 5905 ,
3099 5839 3412 5908 compositos
3435 5881 3449 5908 ,
3484 5841 3748 5909 nitidog,
