4062 6382
267 385 305 436 i7
870 384 1071 443 LIBER
1107 386 1388 444 CONTRA
1427 387 1905 448 VlGlLANTlUM.
1949 392 2351 451 ADMONITIO.
3169 397 3275 454 558

269 516 386 557 trum.
407 501 525 573 Magis
547 518 607 558 me
620 503 764 558 amabis
785 502 863 567 ,si
893 505 1016 558 talis
1045 504 1200 560 fuero
1228 547 1242 571 ,
1288 520 1385 561 ero
1422 506 1566 560 enim
1597 512 1649 572 Α
1673 507 2002 579 Apocalypsi
2033 507 2182 581 (Cap.
2210 525 2317 564 xvu
2340 519 2390 564 et
2418 525 2549 565 xvnt
2569 512 2587 580 )
2609 513 2980 568 comminatus
3000 523 3105 576 est,
3131 523 3282 581 potes

282 605 465 649 armento
484 605 560 649 tuo.
1673 601 1910 672 effugere
1935 618 2034 670 per
2060 604 2433 672 paenitentiam
2455 646 2472 671 ,
2498 603 2704 661 habens
2733 605 3041 674 exemplum
3073 605 3281 662 Ninivi-

267 689 328 742 58.
362 687 520 742 Romam
546 691 754 759 alloquitur.
783 689 971 745 —Sed
998 691 1065 746 ad
1101 701 1151 746 te
1179 692 1395 762 loquar,
1441 707 1566 761 qua:
1670 700 1848 747 tarum
1879 693 2063 766 385.
2092 693 2237 750 Cave
2263 695 2532 750 Joviniani
2566 712 2787 762 nomen,
2819 699 2964 768 quod
2999 698 3069 754 de
3095 698 3277 769 (Jove)

272 781 392 848 iptam
422 787 459 834 In
481 782 985 850 lronteblaspliemiam,
1022 784 1226 839 Christi
1267 784 1567 840 confessio—
1670 783 1815 839 idolo
1863 785 2163 841 derivatum
2212 796 2316 840 est.
2377 788 2603 858 Squalet
2651 789 3010 858 Capitolium,
3077 789 3276 854 templa

267 873 384 944 383
412 873 894 943 deleSIi.Urlispotens,
924 877 1053 932 urbs
1109 876 1257 932 orbis
1302 877 1520 932 domina
1548 920 1562 941 ,
1668 875 1820 932 Jovis
1874 886 1929 931 et
1976 879 2318 932 caeremoniae
2344 879 2726 934 conciderunt.
2787 877 2896 933 Cur
2945 879 3271 934 vocabulum

269 966 485 1033 sApostoli
509 981 606 1021 voce
627 967 785 1021 laudata
829 969 1028 1041 (Rom.
1066 971 1146 1039 t),
1200 971 1564 1041 interpretare
1669 971 1823 1041 ejus,
1850 980 1904 1025 et
1923 971 2052 1025 vitia
2084 972 2226 1039 apud
2252 983 2303 1027 te
2343 973 2598 1042 vigeant?
2626 972 2819 1030 Adhuc
2865 972 2967 1027 sub
3011 973 3231 1042 regibus
3257 1015 3272 1038 ,

270 1058 422 1110 iliulum
447 1069 574 1112 tuum.
598 1068 618 1095 ⁸
640 1059 764 1114 Roma
789 1071 878 1114 aut
905 1063 1227 1130 fortitudinis
1258 1077 1456 1117 nomen
1487 1071 1570 1117 est
1675 1073 1730 1118 et
1755 1065 1857 1118 sub
1878 1063 2045 1118 Numa
2070 1064 2343 1132 Pompilio
2376 1064 2587 1120 facilius
2637 1065 2874 1134 majores
2923 1066 3000 1118 tui
3027 1062 3054 1101 δ
3081 1063 3280 1136 Pytha-

269 1151 490 1218 lGrrecos,
515 1162 586 1208 aut
607 1155 883 1210 sublimitatis
907 1157 1063 1225 juxta
1092 1157 1374 1212 Hebraeos.
1395 1156 1565 1212 Serva
1673 1171 1820 1227 gone
1851 1157 2239 1211 continentiam
2268 1198 2283 1222 ,
2315 1172 2478 1226 quam
2511 1157 2615 1212 sub
2645 1157 2961 1212 consulibus
2994 1154 3218 1225 Epicuri
3251 1164 3273 1192 ε

269 1245 471 1309 ldiceris,
497 1248 630 1302 virtus
667 1257 706 1302 te
730 1250 982 1303 excelsam
1035 1250 1228 1312 faciat,
1271 1264 1379 1303 non
1411 1249 1566 1302 voln-
1676 1246 1947 1302 luxuriam
1970 1256 2350 1316 susceperunt.

272 1337 487 1394 humilem.
507 1338 861 1396 Maledictionem
889 1357 1048 1411 quam
1083 1342 1179 1396 tibi
1230 1341 1483 1396 Salvator
1512 1342 1564 1396 in

270 1492 451 1567 lendase
471 1501 581 1558 erat,
609 1496 760 1567 partim
791 1495 1011 1560 Grrecc,
1053 1506 1108 1552 et
1156 1500 1351 1565 partim
1382 1497 1574 1552 Latine
1683 1497 1902 1567 scriptis
1934 1506 2248 1566 supererat.
2279 1497 2486 1566 fuitque
2513 1496 2703 1553 Numa:
2749 1495 3148 1564 acceptissima.
3198 1494 3278 1550 Re

277 1565 305 1614 Ι.
331 1563 478 1639 Graece
509 1577 656 1639 autem
694 1566 864 1639 Ῥώμη.
890 1569 1076 1633 robur,
1117 1563 1380 1623 llebraice
1415 1579 1567 1634 mn,
1679 1563 1895 1635 ipsa'de
1927 1563 2082 1622 libris
2115 1563 2486 1639 Pythagoricis
2519 1571 2568 1621 in
2596 1567 2786 1639 Numa:
2815 1563 3074 1639 sepulcro
3094 1579 3279 1634 reper-

271 1636 916 1717 crtsublimitatemsignificat.
1071 1709 1085 1717 _
1150 1709 1183 1717 __
1679 1640 1746 1717 tis
1775 1640 2069 1717 loquuntur
2099 1636 2523 1717 Ιλῖνιιῃεὶιηὲεὒλ
2552 1638 2904 1717 Plini_us_xttt,
2931 1636 3275 1717 l3,_Lact_an-

269 1707 516 1780 yihagoram
538 1707 757 1762 nonillum
777 1711 1045 1764 celebrem
1071 1709 1265 1763 Italicae.
1287 1719 1448 1765 sectae
1471 1725 1566 1765 au-
1671 1710 1778 1780 tius
1807 1711 1843 1761 Ι.
1870 1725 2002 1774 xxti,
2022 1710 2357 1780 Augustinus
2388 1712 2455 1763 de
2485 1711 2647 1763 Civit.
2678 1709 2773 1762 Dei
2803 1724 2915 1770 vtu,
2938 1709 2994 1771 5,
3019 1707 3275 1761 Aurelius

269 1791 309 1834 n.
334 1777 410 1830 sed
433 1778 868 1859 Spartiatamalium
898 1782 1047 1834 innui
1067 1782 1346 1859 contendit
1376 1781 1563 1859 Yicto-
1671 1776 1857 1859 Victor
1882 1781 1950 1834 de
1974 1776 2402 1859 Yiris'illusuib.
2431 1782 2569 1859 c._5,
2593 1791 2753 1850 atque
2783 1781 2896 1859 alii.
3063 1847 3095 1859 γ’
3121 1847 3159 1859 ﬁ
3202 1855 3213 1859 _
3256 1848 3268 1858 υ

271 1863 436 1899 νυυευπι
458 1851 590 1902 sentit
616 1860 661 1902 et
701 1851 1045 1904 Martiutta'us.
1084 1851 1151 1905 Et
1190 1861 1338 1906 certe
1385 1853 1553 1906 Numa
1744 1862 1765 1887 υ
1797 1850 2082 1904 Ltmriam
2109 1861 2461 1919 susceperunt.
2495 1851 2550 1905 In
2580 1847 2682 1904 ms.
2707 1851 2895 1904 codice
2922 1847 3096 1902 sancti
3120 1847 3269 1919 Petri

270 1933 408 1982 got-ani
436 1919 562 1972 illum
588 1919 790 1993 Samium
840 1923 1202 1993 antiquiorem
1249 1922 1378 1976 facit
1402 1925 1560 1993 vulgo
1593 1931 1640 1990 Β
1667 1921 2020 1993 Carnutensis
2049 1917 2297 1990 sequitur
2327 1923 2689 1976 damnationis
2717 1920 2990 1975 sententia
3030 1919 3084 1974 in
3111 1917 3264 1973 Jovi-

269 1993 638 2061 t__sententia_ex
663 1991 825 2046 Dionis
843 1991 1217 2061 Chrysostomi
1251 1991 1560 2047 testimonio
1667 1992 1910 2046 nianum.

280 2058 1560 2160 ἶῖίξῗνἎῗὶίηίῖῗῗῖδέ’ΞΖΞΞΨΒΞΗῊἪ]¹¹Ξέἷὲὶῖξῗῖ⁶ἒ⁸
1851 2105 2192 2160 HONORIUS
2235 2105 2321 2159 er
2357 2102 2792 2158 rusooosms
2829 2100 3036 2156 aueo.

272 2129 1216 2274 ':::::._:_..ta'::;:aira.arma
1228 2137 1564 2274 32.21.2252;
1852 2129 2995 2274 υιὲὶῖτῦῖιΰῖ

272 2285 324 2320 im
355 2268 429 2321 hic
455 2270 539 2344 abs
569 2271 867 2341 Hieronymo
897 2268 1122 2327 indicari
1153 2290 1254 2344 ego
1278 2268 1565 2338 sentio,ut
1738 2277 2083 2332 Jovinianum
2103 2318 2117 2339 ,
2147 2286 2282 2340 etc.,
2310 2291 2433 2344 quae
2459 2275 2571 2330 Lex
2603 2283 2688 2329 est
2716 2273 2784 2327 53
2815 2274 2869 2326 in
2901 2270 3040 2326 Cod.
3070 2269 3266 2325 Theo—

280 2347 420 2392 a-tue
439 2339 679 2414 disputare
704 2339 918 2397 necesse
941 2348 1033 2408 sit,
1061 2353 1152 2397 aut
1174 2339 1337 2399 alium
1367 2361 1566 2414 cogno-
1672 2346 1789 2402 dos.
1826 2350 1906 2401 tit.
1937 2348 1971 2400 5
1999 2347 2068 2402 de
2098 2339 2404 2402 Hteretic‘is.
2434 2346 2702 2400 Maurum.

291 2411 632 2476 comminisci;
679 2414 765 2468 sed
817 2419 998 2484 utique
1037 2415 1334 2469 doctrinam
1361 2457 1374 2480 ,
1439 2411 1579 2486 'qua:

269 2637 280 2654 '
345 2635 550 2726 SEQ.
623 2642 1019 2715 LIBRUM
1095 2645 1549 2717 CONTRA
1624 2645 2360 2718 VIGILANTIUM
2435 2641 3088 2720 ADMONITIO.

285 2885 614 2956 Vigilantiam
645 2894 944 2961 epistolam,
978 2896 1194 2952 biennio
1215 2908 1340 2954 ante
1373 2899 1516 2954 hunc
1544 2899 1807 2965 libellum,
1843 2901 2022 2954 datam
2071 2897 2298 2968 Ripario
2341 2895 2670 2966 Presbytero
2713 2889 3042 2946 excudimus
3091 2888 3144 2941 in
3177 2900 3268 2940 se-

271 2986 343 3030 rte
383 2979 574 3046 prioris
601 2983 728 3035 tomi
761 2983 863 3037 sub
901 3002 1052 3040 num.
1097 3003 1204 3051 cu,
1239 2989 1291 3042 in
1338 3005 1439 3059 qua
1471 3005 1594 3044 cum
1637 2990 1874 3044 hteretici
1909 2988 2150 3043 hominis
2197 2985 2636 3042 Commentarios
2670 2981 2908 3035 nondum
2962 2980 3269 3046 accepisset

279 3082 358 3131 ηε,
392 3069 622 3137 Ρτεείυεὶί
653 3074 1048 3141 quodammodo
1082 3095 1296 3146 pugna‘,
1339 3095 1600 3150 suamque
1630 3080 1812 3149 potius
1840 3080 2058 3148 aperuit
2089 3077 2276 3141 ﬁdem,
2322 3091 2482 3145 quam
2523 3073 2641 3142 ejus
2670 3069 3000 3141 expugnarit
3031 3068 3265 3123 inﬁdeli-

273 3173 336 3209 nc
357 3159 569 3226 quando
596 3160 661 3214 ad
694 3163 866 3231 ipsum
902 3165 1098 3219 librum
1129 3169 1466 3232 devenimus,
1495 3185 1602 3239 quo
1625 3170 1890 3225 adversus
1913 3171 2182 3225 insaniam
2218 3168 2457 3222 hominis
2479 3179 2693 3218 summo
2715 3163 2880 3216 animi
2910 3161 3110 3216 ardore
3135 3161 3267 3215 veli-

272 3263 411 3302 tusze
441 3263 715 3308 momenta
737 3267 1017 3325 perspecta
1047 3259 1269 3322 habeas,
1300 3263 1420 3331 quis
1445 3264 1560 3332 ipse
1594 3264 1909 3333 Vigilantius
1938 3263 2120 3327 fuerit,
2149 3261 2392 3331 quidque
2421 3268 2613 3313 contra
2639 3268 2842 3311 rectam
2861 3255 3021 3308 fidem
3049 3261 3265 3308 temere

275 3345 657 3402 rtenotandum
691 3358 798 3406 est.
830 3352 961 3405 Eum
994 3355 1199 3408 natione
1223 3353 1434 3409 Gallum
1463 3357 1595 3412 dicit
1634 3357 1966 3422 Gennadius,
1997 3354 2468 3426 Calagurritarum,
2515 3353 2631 3404 sive
2653 3365 2719 3404 ex
2741 3347 3053 3417 Calagurris
3080 3345 3261 3400 viculo

271 3452 530 3493 venarum
579 3443 798 3507 urbem,
859 3445 1252 3518 Hieronymus:
1288 3449 1428 3503 unde
1478 3450 1751 3521 intelligas
1796 3465 1860 3505 ex
1894 3448 2139 3503 inferiori
2198 3447 2349 3500 illum
2395 3444 2562 3500 fuisse
2613 3443 2897 3512 Aquitania
2933 3441 2998 3494 ad
3048 3437 3262 3492 radices

270 3528 427 3582 lomo
449 3541 590 3593 erat,
624 3534 821 3589 eodem
852 3535 1134 3591 Gennadio
1164 3549 1405 3604 auctore,
1436 3541 1675 3593 seductus
1699 3539 1928 3593 humana
1960 3538 2113 3591 laude
2139 3548 2186 3592 et
2215 3551 2532 3607 prmumens
2561 3551 2722 3602 supra
2761 3533 2892 3586 τεῖρε
2918 3548 3060 3591 suas.
3085 3530 3262 3598 lingua

271 3638 280 3672 t
312 3637 474 3674 sensu
504 3621 909 3694 Scriptus-arum
926 3629 1251 3693 exercitatus,
1274 3630 1369 3684 sed
1395 3631 1438 3683 si
1470 3631 1857 3702 Hieronymum
1876 3630 2054 3694 audis,
2079 3628 2346 3698 imperitus
2370 3639 2418 3680 et
2441 3625 2604 3679 verbis
2625 3634 2674 3678 et
2697 3625 2930 3685 scientia,
2956 3631 3004 3674 et
3029 3635 3265 3673 sermone

274 3711 356 3765 Ex
389 3713 522 3766 vitm
549 3715 816 3769 inStituto
848 3732 1147 3787 cauponam
1182 3732 1520 3782 exercuerat,
1556 3721 1673 3777 sive
1699 3725 1863 3776 etiam
1899 3731 2024 3775 tunc
2051 3720 2365 3784 exercebat,
2393 3733 2516 3772 cum
2552 3731 2729 3770 novus
2755 3715 3125 3770 Ecclesiarum
3151 3727 3266 3765 ma-

269 3821 300 3858 e
331 3806 537 3872 voluit,
573 3818 630 3861 et
664 3811 958 3879 presbyter
981 3815 1166 3881 jussus
1189 3823 1294 3867 est.
1326 3813 1459 3868 Nam
1491 3823 1545 3869 et
1576 3815 1719 3868 hunc
1747 3814 1973 3885 gradum
2003 3823 2085 3868 est
2113 3822 2462 3876 consecutus,
2497 3819 2546 3864 et
2579 3809 2883 3868 Ecclesium,
2921 3814 2978 3859 ut
2999 3804 3262 3859 Gennadii

269 3913 574 3967 rosequar,
611 3899 904 3969 Hispania:
932 3902 1315 3958 Barcilonensis
1338 3905 1597 3974 parochiaa
1628 3908 1824 3972 tenuit;
1851 3921 1972 3976 qua
2008 3919 2128 3958 cum
2158 3913 2302 3958 esset
2344 3912 2658 3955 sanctorum
2695 3899 3139 3968 presbyterorum
3167 3895 3260 3948 lli-

274 3989 429 4044 derii
463 3994 749 4060 pat‘tnciis
774 3997 1137 4061 contermina,
1165 3998 1214 4051 lii
1235 3999 1494 4052 continuo
1520 3998 1800 4061 dolebant,
1835 3998 2065 4052 morbidi
2091 3997 2324 4066 pastoris
2350 3993 2549 4049 vicinia
2578 3993 2826 4062 proprias
2841 3990 2908 4045 de
2934 3990 3106 4044 Salute
3134 4005 3262 4043 oves

270 4084 584 4152 Episcopus
640 4101 897 4156 quoque,
929 4090 1027 4142 sub
1058 4090 1213 4157 cujus
1240 4090 1330 4143 ille
1360 4090 1568 4145 ditione
1589 4090 1803 4160 agebat,
1836 4089 2188 4159 patrocinari,
2240 4097 2287 4140 et
2315 4087 2636 4155 acquiescere
2657 4083 2824 4151 furori
2854 4082 2964 4149 ejus
2987 4082 3132 4134 visus
3160 4091 3262 4144 est,

279 4193 334 4230 m
369 4179 752 4242 admonitus,
788 4183 1069 4251 corripere
1103 4187 1366 4237 inrentem
1399 4183 1634 4248 distulit,
1657 4195 1750 4237 aut
1777 4183 1996 4252 penitus
2027 4179 2398 4250 praetermisit.

278 4278 400 4321 tcm
439 4284 675 4323 vesano
733 4272 956 4339 ingenio
1009 4280 1349 4326 commentus
1372 4281 1455 4326 est
1481 4287 1619 4325 nova
1675 4271 1954 4340 dogmata,
2003 4268 2068 4322 ad
2105 4271 2221 4321 haec
2270 4266 2385 4321 fere
2415 4265 2591 4334 capita
2625 4263 2980 4316 reducuntur.
3031 4258 3267 4330 Negabat

269 4376 442 4429 yres,
484 4372 591 4414 aut
627 4377 843 4416 eorum
887 4363 1144 4433 reliquias
1192 4365 1559 4428 venerandus,
1613 4363 1728 4416 sive
1756 4361 1821 4416 ad
1873 4375 2062 4416 eorum
2097 4359 2347 4428 sepulcra
2381 4359 2434 4410 in
2470 4353 2735 4410 Ecclesiis
2789 4349 3146 4419 vigilandum,
3179 4359 3273 4404 aut

270 4455 777 4509 Christianorum
811 4458 1044 4510 coetibus
1088 4466 1510 4523 coosueverant,
1555 4457 1794 4513 honores
1841 4455 1949 4511 illis
1976 4471 2100 4512 esse
2129 4452 2480 4509 deferendos.
2511 4450 2574 4504 2°
2606 4448 2783 4517 Pejori
2814 4445 2991 4500 adhuc
3015 4444 3268 4500 vecordia

272 4562 329 4600 te
364 4557 747 4602 sanctorum
781 4547 1035 4616 precibus
1077 4565 1174 4603 nos
1200 4551 1466 4617 adjuvari,
1497 4566 1671 4621 neque
1701 4552 1937 4606 terrenis
1965 4551 2110 4619 tangi
2141 4547 2558 4603 necessitatibus
2586 4541 2830 4603 caelites;
2862 4539 3004 4593 unde
3035 4547 3089 4594 et
3116 4537 3268 4608 signa

282 4641 626 4694 interdum
655 4640 896 4704 fierent,
925 4640 1218 4693 incredulis
1244 4643 1525 4694 dumtaxat
1545 4643 1828 4711 prodesse.
1852 4642 1914 4696 5°
1932 4639 2237 4696 Nonnullas
2256 4635 2517 4691 Ecclesia:
2535 4632 2917 4696 ctercmonias,
2939 4639 3103 4701 atque
3125 4631 3270 4685 illam

271 4745 387 4783 eos
424 4730 723 4786 interdiu
765 4730 1100 4785 accendendi
1131 4730 1184 4783 in
1207 4731 1386 4790 Missa,
1417 4732 1532 4784 sive
1560 4732 1625 4783 ad
1651 4733 2006 4801 Evangelinm
2033 4729 2391 4789 recitandum,
2416 4738 2639 4796 pagana:
2671 4723 3077 4792 superstitionis
3104 4722 3267 4778 ritum

270 4825 566 4880 Alleluia
599 4826 850 4880 cantari
880 4825 1116 4890 volebat,
1148 4826 1250 4878 nisi
1277 4827 1328 4877 in
1375 4825 1601 4879 Pascha.
1634 4827 1698 4879 4°
1731 4826 1917 4880 Sensit
1945 4840 2074 4878 suas
2118 4825 2220 4878 sibi
2253 4836 2522 4891 quemque
2553 4817 2795 4873 retinere
2824 4830 2986 4886 posse
3031 4816 3272 4880 divitias,

282 4930 490 4969 onem
526 4930 566 4968 ξι
606 4916 834 4969 saeculi
865 4915 1028 4969 rebus
1058 4929 1229 4984 usque
1257 4913 1394 4969 adeo
1424 4916 1620 4968 bonam
1653 4929 1799 4980 esse,
1835 4915 2134 4984 quinimmo
2166 4910 2557 4965 monachorum
2584 4915 2958 4977 paupertatem
2988 4923 3051 4960 ac
3078 4908 3272 4960 solitu-

273 5026 317 5061 η
355 5023 442 5063 ac
471 5018 756 5078 turpem
794 5008 972 5078 fugam
1002 5009 1329 5079 appellabat.
1359 5008 1724 5075 Quamobrem
1754 5021 1810 5065 et
1833 5009 2235 5079 eleemosynas,
2264 5023 2383 5076 qua:
2413 5005 2846 5077 Hierosolymam
2874 5003 3014 5058 mitti
3044 5015 3276 5055 consue-

270 5101 490 5165 νεώ-ιι,
537 5100 728 5156 forte
766 5103 932 5156 etiam
981 5101 1270 5171 aliquando
1314 5101 1622 5171 prohibuit;
1656 5118 1776 5156 nam
1817 5103 1860 5157 si
1904 5101 1958 5155 in
2011 5115 2306 5171 egenorum
2361 5114 2463 5152 usu
2497 5107 2683 5154 essent
2709 5091 3275 5168 opesdistribttendte,

279 5191 299 5243 Ι
342 5190 846 5256 eﬂ'ttndendas,
893 5193 988 5247 sed
1043 5193 1300 5257 paulatim
1356 5194 1661 5264 erogandas
1689 5193 2064 5249 asseverabat.
2095 5193 2156 5246 5°
2189 5191 2435 5262 Denique
2489 5190 2739 5257 effutivit,
2785 5189 3017 5245 clericos
3049 5184 3274 5240 minime

270 5297 294 5334 ξ
333 5296 506 5336 esse
545 5281 860 5347 caelibes,
895 5292 1153 5351 tantoque
1185 5284 1311 5339 odio
1351 5285 1539 5340 habuit
1567 5285 1988 5350 continentiam,
2031 5300 2191 5355 quam
2219 5283 2456 5338 ateresim
2484 5282 2817 5355 appellabat,
2843 5289 2900 5336 et
2927 5275 3272 5352 pudicitiam,

273 5376 760 5440 :eminarium,
822 5385 880 5429 ut
904 5376 1176 5445 epist-apis
1205 5378 1366 5432 etiam
1400 5378 1749 5447 persuaserit,
1799 5377 2006 5434 nemini
2050 5377 2197 5433 credi
2231 5377 2433 5432 debere
2461 5377 2789 5439 castitatem,
2824 5373 3005 5429 nullos
3047 5369 3272 5425 caelibes

325 5472 404 5517 et
446 5464 596 5518 nisi
644 5472 962 5518 tumentes
993 5473 1176 5520 nteros
1207 5466 1459 5521 viderent
1483 5465 1832 5534 feminarum,
1864 5469 2091 5524 maritos
2133 5483 2322 5523 earum
2351 5467 2569 5523 Christo
2597 5465 2902 5522 ministerio
2931 5461 3271 5518 arbitraren-

287 5664 504 5702 esum
553 5649 887 5702 ll‘tOnSIl‘iS
920 5665 1019 5718 per
1058 5649 1304 5719 singulas
1345 5660 1527 5719 partes
1556 5652 1853 5720 respondet
1885 5650 2250 5723 Hieronymus
2280 5649 2383 5703 hoc
2405 5648 2610 5712 libello,
2637 5659 2798 5715 quem
2828 5652 2887 5696 ut
2916 5643 3090 5712 magis
3112 5642 3279 5698 mirer-

328 5738 830 5792 (ncubratione
860 5740 1092 5793 dictavit.
1120 5739 1393 5810 Scriptum
1419 5741 1534 5810 ipse
1561 5749 1794 5796 testatur
1821 5753 1936 5810 post
1970 5745 2127 5810 ferme
2156 5741 2415 5794 biennium
2443 5754 2507 5794 ex
2527 5753 2634 5807 quo
2654 5734 2938 5805 epistolam
2969 5748 3128 5804 supra
3151 5734 3270 5788 lau-

311 5844 435 5883 tam
493 5831 590 5882 de
629 5831 741 5899 νίς
754 5832 871 5886 iliis
894 5843 940 5884 et
967 5835 1439 5901 pernoctationibus
1460 5836 1513 5888 in
1537 5828 1762 5889 basilicis
1787 5834 2072 5902 Martyrum
2102 5836 2271 5889 dedit.
2298 5834 2426 5886 Eam
2451 5846 2582 5885 vero
2610 5828 2897 5899 epistolam
2918 5826 2985 5882 ad
3025 5843 3152 5883 ann.
3169 5823 3242 5879 ιο
