4068 6328
177 288 266 346 Elii
1303 292 1506 348 LIBER
1545 289 1829 348 CONTRA
1870 291 2342 351 VIGILANTIUM.

3351 304 3457 360 346

178 414 275 460 tum
305 416 390 462 est
424 449 439 473 ,
473 407 616 477 quod
657 415 782 478 post
810 417 1035 463 mortem
1061 407 1243 463 nullus
1276 422 1376 479 pro
1415 407 1536 462 aliis
1562 406 1760 462 audeat
1785 410 1839 471 Α
1865 414 2007 473 teor,
2036 423 2232 465 manes
2258 425 2356 465 nos
2386 411 2476 480 qui
2506 412 2556 466 in
2587 410 2808 468 Christo
2837 414 3114 470 credimus
3141 415 3210 471 de
3237 417 3461 474 idolola-

176 496 449 566 deprecari
482 515 494 551 :
525 514 685 568 quem
725 513 828 569 ego
875 499 1067 553 librum
1115 514 1410 570 numquam
1459 498 1586 566 legi.
1617 497 1755 563 Quid

174 591 307 646 enim
341 606 565 646 necesse
611 600 697 646 est
745 591 797 646 in
838 607 1025 646 manus
1052 608 1304 660 sumere,
1331 591 1477 664 quod
1518 591 1758 647 Ecclesia

172 697 271 738 non
294 684 524 753 recipit?
546 683 655 738 Nisi
680 683 820 739 forte
841 684 1149 740 Balsamum
1174 684 1305 739 mihi
1327 726 1341 750 ,
1367 694 1423 739 et
1447 683 1754 747 Barbelum,

173 787 224 831 ct
265 785 289 812 α
338 776 678 831 'l‘hesaurum
728 777 1040 844 Manichmi,
1117 787 1172 832 et
1220 776 1510 832 ridiculqu
1561 790 1756 830 nomen

171 865 483 923 Leusibora:
511 867 748 937 proferas
780 887 792 921 :
825 879 878 923 et
907 869 1030 938 quia
1060 867 1126 922 ad
1145 869 1356 923 radices
1384 867 1627 938 Pyrena‘i
1659 865 1756 919 ha-

171 958 338 1022 bitas,
383 961 703 1030 vicinusque
734 976 792 1014 es
841 959 1028 1014 Iberia:
1052 1002 1068 1025 ,
1105 959 1356 1015 Basilidis
1396 959 1758 1028 antiquissimi

170 1052 412 1108 lia-retici
447 1063 502 1106 et
533 1053 797 1123 imperita:
823 1054 1068 1108 scientiae
1092 1095 1105 1117 ,
1137 1053 1475 1108 incredibilia
1513 1061 1756 1122 portenta

170 1147 520 1218 prosequeris
543 1189 556 1211 ,
585 1155 639 1201 et
662 1147 922 1216 proponis
945 1146 1090 1216 quod
1138 1147 1305 1200 totius
1333 1145 1482 1200 orbis
1523 1145 1760 1198 auctori-

171 1247 276 1294 tate
318 1238 632 1292 damnatur.
684 1237 817 1292 Nam
865 1241 916 1292 iu
957 1236 1419 1292 Commentariolo
1467 1247 1558 1291 tuo
1602 1236 1753 1305 quasi

169 1346 269 1403 pro
297 1341 347 1386 le
370 1331 575 1387 faciens
594 1332 664 1387 de
685 1331 978 1386 Salomone
1004 1333 1171 1386 sumis
1197 1333 1582 1398 testimonium,
1613 1329 1755 1400 quod

167 1423 428 1479 Salomon
458 1425 680 1478 omnino
712 1440 818 1478 nou
849 1425 1066 1492 scripsit
1090 1441 1102 1476 :
1127 1433 1189 1478 ut
1215 1424 1304 1493 qui
1334 1423 1500 1478 habes
1525 1423 1753 1477 alterum

166 1513 396 1570 Esdram
421 1557 436 1583 ,
467 1515 671 1570 habeas
699 1525 751 1570 et
802 1515 1144 1570 Salomonem
1188 1517 1416 1571 alterum
1452 1535 1464 1570 :
1498 1525 1551 1570 et
1580 1515 1626 1570 si
1661 1515 1754 1568 tibi

164 1608 472 1678 placuerit,
513 1609 673 1679 legito
701 1607 856 1662 ﬁctas
882 1606 910 1645 ι)
959 1608 1330 1662 revelationes
1375 1606 1615 1661 omnium
1663 1621 1757 1676 pa-

165 1703 524 1757 triarcharum
548 1711 600 1756 et
629 1703 1013 1770 prOphetarum
1044 1720 1056 1754 :
1087 1710 1142 1756 ct
1169 1717 1291 1757 cum
1326 1701 1445 1755 illas
1477 1700 1754 1765 didiceris,

1860 499 1977 552 trite
2001 515 2188 555 errore
2214 502 2450 558 venisse.
2481 501 2597 558 Non
2626 505 2769 560 enim
2801 507 3108 572 nascimur,
3144 507 3241 563 sed
3268 523 3457 566 renas-

1858 591 2031 646 cimur
2055 592 2363 649 christiani.
2400 595 2462 650 Et
2491 597 2615 666 quia
2645 599 2914 667 quondam
2940 600 3256 655 colebamus
3291 601 3456 667 idola,

1859 699 2001 738 nunc
2039 685 2206 740 Deum
2238 687 2421 743 colere
2453 705 2557 743 non
2590 691 2887 758 debemus;
2919 709 2986 748 ne
3013 694 3180 748 simili
3215 711 3338 749 eum
3375 697 3455 750 vi-

1859 775 2084 832 deamur
2132 795 2252 833 cum
2301 780 2459 836 idolis
2507 782 2716 839 honore
2765 787 3054 841 venerari?
3101 786 3239 841 Illud
3286 788 3451 842 liebat

1861 868 2039 934 idolis,
2073 879 2127 925 et
2158 871 2362 927 idcirco
2395 874 2771 930 detestandum
2806 888 2922 932 est:
2953 877 3055 934 hoc
3097 880 3155 934 fit
3201 883 3458 953 martyri-

1861 959 1981 1026 bus,
2012 971 2066 1016 et
2091 963 2290 1018 idcirco
2319 968 2686 1035 recipiendum
2713 979 2816 1024 est.
2847 970 2976 1024 Nam
3008 980 3064 1027 et
3085 973 3288 1044 absque
3316 989 3460 1030 mar-

1862 1061 2036 1122 tyrum
2070 1055 2315 1125 reliquiis
2349 1074 2443 1127 per
2469 1068 2609 1114 t0tas
2634 1059 2869 1116 Orientis
2897 1063 3168 1119 Ecclesias
3189 1108 3203 1132 ,
3236 1067 3455 1137 quando

1861 1141 2148 1213 legendum
2177 1155 2259 1201 cst
2294 1147 2645 1219 Evangelium
2671 1191 2685 1218 ,
2721 1157 3090 1210 accenduntur
3131 1157 3417 1213 luminaria
3441 1201 3456 1224 ,

1856 1236 1966 1304 jam
1989 1238 2104 1293 sole
2125 1242 2414 1296 rutilante:
2437 1259 2542 1298 non
2568 1245 2750 1314 utique
2779 1247 2844 1300 ad
2879 1247 3143 1318 fugandas
3175 1250 3455 1306 tenebras:

1859 1327 1956 1381 sed
1987 1328 2052 1381 ad
2085 1331 2296 1400 signum
2329 1331 2530 1386 lmtitim
2558 1334 3066 1392 demonstrandum.
3103 1338 3256 1393 Unde
3280 1353 3332 1394 et
3357 1341 3464 1394 vir-

1859 1421 2013 1490 gines
2044 1422 2148 1475 illa:
2175 1423 2496 1493 evangelica:
2528 1440 2742 1496 semper
2787 1427 2987 1483 habent
3033 1444 3289 1484 accensas
3319 1431 3461 1484 lam-

1863 1512 2026 1580 pades
2060 1528 2184 1567 suas
2228 1515 2443 1586 (Matth.
2478 1519 2628 1588 xxv).
2671 1519 2738 1574 Et
2777 1520 2843 1574 ad
2884 1524 3164 1588 apostolos
3210 1523 3409 1579 dicitur
3445 1543 3458 1578 :

1861 1605 1980 1660 Sint
2009 1607 2169 1661 lumbi
2195 1611 2345 1663 restri
2371 1613 2654 1682 pra-cincti,
2679 1624 2724 1666 et
2756 1615 2981 1668 lucerme
3009 1615 3245 1671 ardentes
3273 1618 3324 1672 in
3353 1633 3463 1672 ma-

1862 1699 2008 1752 nibus
2054 1704 2229 1754 vestris
2271 1700 2422 1773 (Luc.
2454 1720 2526 1757 λιι
2551 1746 2563 1768 ,
2590 1705 2708 1774 55).
2744 1706 2810 1760 Et
2837 1707 2902 1760 de
2930 1706 3140 1762 Joanne
3166 1707 3412 1779 Baptista
3447 1728 3458 1762 :

160 1795 310 1850 inter
328 1795 614 1849 mulierum
636 1795 1342 1859 tcxtrinascantato,immo
1363 1793 1618 1864 legendas
1635 1809 1757 1858 pro-
1789 1809 1836 1868 B
1864 1789 1964 1844 Ille
2005 1802 2113 1845 erat
2146 1794 2356 1849 lucerna
2400 1795 2588 1849 ardens
2625 1807 2670 1849 et
2705 1797 2880 1851 lucens
2930 1797 3110 1870 (Joan.
3151 1816 3212 1864 v,
3244 1800 3338 1870 55)
3370 1820 3382 1856 :
3411 1811 3468 1856 ut

159 1900 304 1958 pone
332 1886 386 1940 in
417 1886 657 1940 tabernis
681 1888 786 1940 tuis
815 1904 826 1939 :
862 1896 919 1940 ut
942 1885 1154 1942 facilius
1176 1902 1272 1956 per
1300 1887 1395 1940 has
1415 1887 1614 1939 naeuius
1639 1884 1758 1938 vul-

154 1993 255 2048 gus
288 1979 566 2034 indoctum
596 1993 862 2048 provoces
894 1978 960 2031 ad
997 1978 1314 2033 bibendum.

223 2073 282 2128 7.
315 2069 532 2125 Cerei-in
556 2069 781 2140 templis,
809 2086 969 2140 quare
997 2069 1236 2123 accensi?
1266 2068 1547 2123 Christiani
1577 2085 1754 2122 renas-

148 2165 346 2218 cimur.
368 2164 669 2217 Luminaria
688 2164 755 2216 ad
774 2163 1115 2234 Euangelium
1131 2165 1477 2217 accendantur
1492 2180 1651 2233 quare
1664 2163 1759 2216 ελ-

146 2256 366 2311 Cereus
392 2264 572 2308 autem
599 2269 704 2308 non
733 2254 878 2308 clara
915 2256 1036 2308 luce
1055 2254 1430 2318 accendimus,
1455 2257 1595 2309 sicut
1623 2255 1760 2309 frus-

129 2331 231 2402 tra
269 2346 662 2400 calumniaris:
696 2345 790 2399 sed
835 2356 892 2398 ut
933 2346 1106 2399 noetis
1135 2346 1389 2400 tenebras
1427 2345 1528 2400 hoc
1561 2346 1759 2399 solatio

143 2448 572 2508 temperemus;
621 2446 675 2492 et
723 2437 1014 2507 vigilemus
1067 2437 1132 2490 ad
1177 2437 1357 2491 lumen
1385 2479 1399 2503 ,
1450 2454 1516 2492 uc
1561 2448 1584 2475 ο
1627 2437 1757 2492 caeci

143 2544 329 2589 tecum
367 2532 713 2586 dormiamus
757 2533 1109 2586 intenebris.
1157 2532 1313 2599 Quod
1363 2532 1406 2586 si
1452 2533 1616 2603 aliqui
1663 2547 1760 2602 per

139 2623 484 2693 imperitiam
510 2664 524 2687 ,
550 2633 603 2678 et
632 2624 1039 2694 simplicitatem
1067 2623 1415 2678 stccularium
1450 2626 1754 2688 hominum,

138 2716 221 2770 vel
262 2723 428 2771 certe
476 2715 856 2786 religiosarum
903 2717 1224 2770 leminarum
1252 2758 1265 2780 ,
1299 2716 1366 2770 de
1395 2717 1595 2785 quibus
1627 2731 1754 2772 vere

137 2821 446 2878 possumus
475 2807 690 2862 dicere:
731 2805 991 2876 Conﬁteor
1017 2846 1031 2870 ,
1063 2805 1230 2860 zelum
1273 2806 1367 2860 Dei
1395 2806 1584 2859 habent
1617 2848 1630 2871 ,
1665 2807 1755 2859 sed

135 2915 236 2952 non
265 2898 570 2954 secundum
597 2900 867 2952 scientiam
893 2898 1070 2968 (Rom.
1103 2915 1155 2963 x,
1189 2899 1269 2967 9.),
1299 2898 1399 2952 hoc
1425 2914 1521 2967 pro
1546 2899 1754 2952 honore

134 2990 454 3064 Martyrum
501 2992 748 3055 iaciunt,
797 2992 922 3061 quid
957 2991 1082 3046 inde
1124 2993 1341 3061 perdis?
1377 2990 1754 3048 Causahanlur

139 3086 426 3154 quondam
467 3094 524 3139 et
556 3084 811 3153 apostoli,
841 3085 984 3154 quod
1010 3087 1210 3157 periret
1248 3095 1616 3154 unguentum;
1656 3086 1751 3141 sed

135 3177 356 3232 Domini
393 3194 541 3233 voce
586 3179 825 3246 correpti
859 3185 987 3232 sunt
1015 3175 1230 3247 (Matth.
1265 3178 1333 3232 '26
1358 3187 1402 3231 et
1435 3177 1604 3230 Marc.
1638 3178 1749 3249 M).
1781 3191 1824 3253 ε

134 3269 321 3341 Neque
340 3272 500 3325 enim
527 3268 781 3324 Christus
812 3268 1086 3335 indigebat
1111 3280 1403 3339 unguento,
1430 3286 1530 3324 nec
1553 3281 1756 3342 marty-

139 3377 227 3417 res
249 3365 472 3418 lumine
506 3377 826 3418 cereorutu:
852 3370 905 3415 ct
932 3370 1111 3414 tamen
1143 3362 1228 3415 illa
1252 3363 1449 3418 mulier
1473 3365 1524 3417 in
1550 3363 1756 3419 honore

134 3455 300 3528 394
329 3456 555 3511 Christi
582 3455 683 3510 hoc
712 3454 861 3518 fecit,
895 3455 1227 3526 devotioque
1253 3459 1452 3512 mentis
1479 3458 1598 3528 ejus
1620 3459 1757 3513 reci-

131 3553 296 3619 pitur.
352 3551 423 3605 Et
480 3549 824 3621 quicumque
859 3550 1166 3604 accendunt
1195 3566 1383 3606 cereos
1412 3593 1426 3617 ,
1455 3552 1753 3606 secundum

131 3641 292 3695 fidem
329 3658 499 3697 suam
546 3641 748 3696 habent
790 3642 1137 3705 mercedem,
1189 3643 1402 3698 dicente
1450 3644 1752 3714 Apostolo:

132 3731 514 3806 Unusquisque
570 3734 624 3786 in
665 3750 758 3787 suo
805 3750 957 3787 sensu
1000 3735 1224 3788 abundet
1265 3735 1444 3805 (Rom.
1496 3753 1626 3800 xw,
1672 3738 1749 3808 5).

127 3821 464 3882 ldololatras
494 3825 753 3896 appellas
789 3824 1099 3894 hujusmodi
1132 3826 1419 3882 homines?
1452 3827 1567 3882 Non
1600 3829 1744 3884 difﬁ-

129 4023 212 4076 pta
243 4013 480 4068 videtur
509 4027 544 4066 e
581 4010 758 4076 capite
783 4011 812 4062 7
844 4009 966 4064 libr.
994 4026 1043 4064 IV
1076 4011 1262 4066 Esdrae
1289 4027 1432 4066 vers.
1462 4013 1533 4067 56
1571 4013 1636 4068 ad
1668 4013 1760 4068 44.

128 4082 761 4140 Μιιιτιληρ-Νυῑτιῑιιιη
780 4080 1014 4135 Victorio
1026 4093 1102 4134 est
1123 4097 1153 4136 e
1174 4096 1364 4154 quarto
1384 4084 1520 4154 libro
1533 4099 1760 4154 apocry-

127 4159 230 4220 pbo
288 4159 490 4210 Esdrie
544 4167 676 4221 cap.
729 4167 822 4216 vu,
872 4166 1005 4205 sess.
1055 4154 1123 4206 36
1159 4153 1223 4206 ad
1264 4169 1433 4222 usque
1487 4153 1556 4208 44
1605 4153 1754 4208 suam

128 4225 444 4293 Opinionem
470 4236 780 4290 utcumque
809 4224 1106 4293 extundere
1127 4226 1366 4293 potuisse
1385 4224 1750 4291 Vigilantiuui.

195 4305 218 4331 ³
252 4297 619 4350 Thesaurum
645 4291 943 4345 Manio/tati.
973 4291 1387 4356 Duas—naturas,
1414 4309 1574 4347 uuam
1605 4297 1750 4361 boni,

129 4364 355 4420 alteram
399 4368 586 4429 mali,
641 4363 966 4418 Manichzeus
1009 4363 1258 4423 dicebat;
1300 4379 1497 4431 easque
1537 4366 1681 4419 velut
1721 4383 1751 4420 e

1861 1884 1962 1938 sub
2003 1896 2129 1957 typo
2166 1887 2383 1942 luminis
2420 1891 2721 1959 corporalis
2755 1891 2843 1945 illa
2886 1891 2973 1945 lux
3024 1893 3361 1962 ostendatur,
3395 1894 3464 1950 de

1860 1994 1961 2048 qua
1996 1982 2048 2033 iu
2079 1980 2347 2036 Psalterio
2384 1983 2612 2053 legimus
2645 2003 2656 2038 :
2692 1984 2926 2038 Lucerna
2955 1985 3168 2055 pedibus
3194 1987 3318 2039 meis
3348 2003 3462 2040 rer-

1860 2068 1979 2122 bum
2007 2081 2182 2140 tuum,
2212 2071 2435 2126 Domine
2459 2116 2474 2136 ,
2499 2085 2544 2127 et
2569 2076 2740 2129 lumen
2772 2077 2966 2130 semitis
2988 2078 3110 2129 meis
3137 2076 3254 2146 (Ps.
3282 2093 3466 2147 cxvtn,

1864 2165 2010 2233 103).

1934 2261 1987 2315 8.
2020 2260 2282 2314 Romanus
2333 2261 2622 2334 Epismpus
2653 2279 2808 2334 super
2848 2279 3071 2334 corpora
3118 2263 3464 2334 apostolorum

1864 2347 2018 2415 offert
2043 2353 2317 2420 sacriﬁcia.
2355 2351 2621 2422 l’igilantii
2653 2354 2810 2407 stulta
2837 2355 3088 2408 sententia
3121 2355 3197 2408 rel
3227 2356 3463 2424 objectio.

1865 2442 2150 2497 Eunomius
2177 2455 2358 2499 auctor
2378 2447 2628 2501 ha'reseos
2660 2457 2837 2501 contra
2853 2448 3118 2519 reliquias.
3159 2449 3460 2503 Montanus.

1866 2533 2169 2588 Tertulliani
2201 2536 2512 2607 Scorpiacus
2541 2540 2697 2593 liber.
2733 2541 2892 2594 Caina
2916 2541 3124 2593 ha'resis
3154 2539 3460 2594 instaurata.

1860 2628 2087 2682 —Male
2139 2628 2264 2683 facit
2311 2647 2440 2701 ergo
2492 2633 2768 2687 Romanus
2799 2634 3126 2703 episcopus,
3165 2636 3256 2704 qui
3297 2649 3466 2705 super

1861 2729 2194 2774 mortuorum
2228 2722 2505 2776 boiuiuum
2537 2724 2681 2778 Petri
2711 2736 2764 2777 et
2797 2725 2982 2788 Pauli,
3017 2726 3315 2778 secundum
3362 2740 3460 2779 nos

1858 2829 1980 2868 ossa
2011 2812 2035 2850 ι¹
2066 2815 2372 2870 veneranda
2395 2858 2408 2881 ,
2453 2817 2750 2872 secundum
2784 2827 2836 2872 te
2864 2819 3022 2871 vilem
3055 2819 3417 2887 pulvisculum
3445 2859 3462 2883 ,

1858 2906 2014 2960 olTert
2043 2907 2272 2961 Domino
2313 2909 2575 2963 sacriﬁcia
2605 2953 2619 2974 ,
2651 2918 2706 2964 et
2753 2910 2989 2964 tumulus
3037 2925 3224 2964 eorum
3258 2910 3463 2966 Christi

1857 2998 2154 3053 arbitratur
2179 2999 2408 3054 altaria?
2437 3001 2502 3055 Et
2534 3016 2638 3055 non
2669 3001 2842 3055 solum
2875 3004 3036 3055 unius
3061 3003 3232 3064 urbis,
3253 3001 3348 3056 sed
3377 3011 3465 3056 to-

1861 3091 1966 3146 tius
1987 3092 2136 3148 orbis
2157 3104 2338 3148 crrant
2363 3094 2638 3164 episcopi,
2667 3096 2754 3164 qui
2779 3110 3079 3165 cauponem
3108 3094 3459 3164 Vigilantium

1858 3196 2286 3254 contemnentes,
2319 3187 2690 3258 ingrediuntur
2714 3187 2966 3242 basilicas
2997 3196 3370 3251 mortuorum,
3407 3187 3459 3240 in

1857 3280 2051 3349 quibus
2076 3281 2247 3349 pulvis
2271 3281 2569 3335 vilissimus
2595 3290 2648 3336 et
2676 3281 2857 3335 favilla
2879 3323 2893 3346 ,
2927 3283 3111 3336 nescio
3131 3298 3252 3352 qua:
3275 3323 3289 3345 ,
3309 3282 3458 3350 jacet

1858 3370 2175 3426 linteamine
2202 3382 2224 3408 ο
2255 3374 2544 3428 convoluta
2579 3391 2593 3426 :
2629 3382 2685 3427 ut
2727 3373 2936 3443 polluta
2979 3374 3158 3427 omnia
3202 3373 3409 3442 polluat
3445 3388 3458 3423 :

1857 3473 1912 3517 et
1943 3463 2096 3533 quasi
2119 3463 2368 3532 sepulcra
2394 3463 2691 3532 pbarisaiea
2726 3464 2855 3518 foris
2879 3464 3129 3518 dealbata
3158 3463 3268 3516 sint
3295 3461 3312 3499 τ
3337 3475 3459 3513 cum

1858 3557 2004 3612 intus
2053 3557 2334 3612 immundo
2383 3556 2599 3620 cinere,
2648 3557 2808 3628 395
2850 3557 3003 3627 juxta
3047 3568 3134 3620 te,
3182 3552 3460 3610 immunda

1861 3649 2040 3703 omnia
2092 3651 2274 3704 oleant
2306 3659 2466 3718 atque
2495 3648 2772 3702 sordeant.
2817 3649 2884 3701 Et
2909 3656 3028 3717 post
3059 3647 3172 3700 haec
3203 3645 3268 3698 de
3296 3644 3460 3697 bara-

1863 3741 1986 3796 thro
2009 3743 2242 3810 pectoris
2271 3741 2354 3796 sui
2394 3756 2671 3796 comesam
2701 3741 3012 3809 spurcitiam
3041 3751 3300 3790 evomens
3320 3777 3334 3799 ,
3365 3746 3458 3792 aut

1859 3832 2040 3889 dicere
2063 3851 2076 3888 :
2099 3853 2117 3886 ι
2141 3835 2283 3903 Ergo
2305 3834 2518 3888 cineres
2547 3847 2677 3886 suos
2700 3840 2886 3886 amant
2913 3831 3105 3884 animai
3136 3836 3462 3900 martyrum,

1865 4023 1984 4069 erat
2009 4016 2185 4085 quarti
2227 4015 2346 4069 libri
2381 4030 2539 4086 quem
2574 4024 2760 4068 contra
2793 4011 3200 4086 rectamhlidenl
3217 4012 3468 4086 Scythia-

1864 4102 1964 4139 nus
1995 4083 2152 4154 hujus
2184 4083 2412 4140 lizeresis
2434 4097 2624 4138 auctor
2646 4091 2974 4153 composuit.
3005 4083 3136 4136 Vide
3161 4083 3458 4154 Eusebium

1862 4153 2107 4208 oratione
2139 4156 2204 4208 de
2235 4156 2482 4209 laudibus
2513 4154 2854 4209 Consrautini
2878 4197 2891 4217 ,
2923 4165 2976 4209 et
3007 4169 3126 4219 quae
3157 4153 3210 4206 in
3241 4153 3459 4221 Episto-

1863 4226 2068 4279 lam25
2107 4226 2172 4278 ad
2215 4225 2556 4279 Theodoram
2605 4243 2750 4280 num.
2787 4228 3222 4282 3aunotavimus
3251 4234 3374 4277 nota
3405 4227 3458 4283 b.

1859 4295 1917 4351 In
1943 4312 2044 4350 ms.
2075 4297 2398 4350 Borioniensi
2431 4298 2654 4349 verbum
2690 4299 2921 4364 proferas
2949 4295 3311 4348 desideratur.

1932 4367 1956 4404 ι’
1980 4367 2072 4421 Ille
2095 4367 2326 4422 fortasse
2350 4370 2484 4440 liber
2511 4369 2795 4440 indicatur,
2817 4365 3460 4440 cuititulusuarptépxai

128 4437 364 4516 quodam
397 4437 926 4516 mterno_tliesaiiro
956 4435 1474 4516 errﬂasuassereb‘at.
1508 4434 1748 4516 Ridicula
1783 4459 1830 4516 ι)
1856 4437 1910 4491 in
1943 4439 2221 4516 Athanasii
2254 4439 2472 4508 sytmpsi
2501 4477 2514 4500 ,
2549 4446 2601 4490 et
2632 4436 2920 4504 Nicephori
2949 4434 3447 4506 Constantinopoli-

129 4503 245 4562 hac
276 4519 552 4577 portenta
609 4505 888 4577 Manielnni
933 4515 986 4577 et
1031 4502 1277 4577 Basilidis
1317 4503 1438 4577 vide
1469 4504 1604 4569 apud
1646 4505 1756 4558 Ire-

129 4573 326 4648 naeum.
387 4576 808 4648 Epiphaniam,
863 4573 1338 4648 et_Augustinum.
1385 4575 1652 4628 MABTIAN.
1685 4605 1758 4616 —

127 4643 681 4705 l’utatMartia'nmus
723 4661 753 4698 e
794 4643 1024 4711 quodam
1053 4653 1260 4698 aeterno
1303 4643 1556 4697 theSuuro
1576 4655 1757 4699 erutas

127 4718 278 4772 iuuui
309 4721 474 4788 juxta
523 4715 894 4773 Mauicbmum
941 4715 1075 4788 duas
1103 4715 1532 4788 _na_t_ln';ts,_boui
1567 4732 1756 4788 unain,

127 4783 353 4842 alteram
393 4791 534 4844 mali
566 4831 584 4854 ,
623 4803 654 4841 a
683 4802 788 4854 quo
821 4801 925 4837 non
957 4783 1164 4837 abludit
1195 4784 1493 4850 Victorius,
1539 4786 1627 4854 qui
1654 4785 1761 4837 the-

124 4875 344 4913 saw-um
367 4863 549 4914 obvio
573 4871 745 4912 sensu
774 4855 881 4909 dici
928 4864 1189 4908 autumat.
1215 4854 1410 4909 Verum
1435 4870 1466 4909 e
1489 4858 1761 4910 contrario

128 4931 439 4983 thesaurum
476 4945 667 4983 unum
694 4930 858 4980 fuisse
877 4941 906 4978 e
933 4926 1260 4994 portentosis
1284 4927 1609 4988 nominibus,
1641 4942 1760 4992 qua:

125 4996 405 5055 Basilides
428 5012 488 5054 et
506 5000 860 5054 Manichtnus
873 4999 1266 5059 eXCOgilat‘tlltt,
1292 4997 1488 5062 pas-im
1508 4996 1764 5066 Hierony-

126 5085 247 5124 mus
291 5073 508 5126 indicat
534 5073 593 5124 in
623 5082 749 5137 cap.
785 5083 904 5121 μιν
935 5066 1108 5130 Ιςειίτιι,
1138 5065 1203 5121 Ut
1237 5066 1502 5137 Basilidis,
1533 5065 1764 5121 Balsami

127 5150 278 5208 atque
297 5141 600 5205 Thesauri,
631 5136 935 5190 Barbelonis
955 5153 1153 5207 quoque
1182 5146 1227 5188 et
1251 5136 1571 5203 Lensibortc,
1595 5157 1656 5190 ac
1683 5155 1763 5192 re-

127 5209 386 5280 liquorum
418 5213 716 5265 nominum
747 5217 1010 5280 portenta,
1030 5222 1134 5280 etc.
1155 5208 1307 5260 Paria
1336 5211 1494 5280 habet
1519 5211 1568 5262 iu
1590 5211 1760 5277 Epist.

126 5277 188 5333 ad
207 5283 583 5337 Theodomm
603 5320 621 5345 ,
659 5289 717 5331 ct
746 5277 796 5330 in
833 5280 919 5330 illa
949 5278 1012 5329 ad
1037 5277 1439 5348 Pammachium
1463 5281 1531 5334 de
1560 5282 1764 5348 Optimo

125 5363 328 5414 genere
381 5349 858 5420 interpretandi:
903 5348 1046 5420 lngr
1091 5346 1402 5420 Plitenicum
1461 5346 1764 5403 vertrtleos

127 5423 494 5500 Melza'ceapou,
527 5415 597 5500 et
627 5420 938 5500 seems»...
959 5415 1274 5500 Thesaurum
1296 5419 1533 5500 C-odin'us
1552 5435 1764 5488 quoque

129 5489 422 5549 emuner'at
457 5497 515 5545 in
552 5489 882 5556 Originibus
900 5490 1509 5555 Coustantinopolitanis
1540 5506 1764 5542 numero

132 5561 220 5628 66,
266 5564 502 5618 tametsi
540 5577 661 5633 pro
693 5561 966 5633 Θησοιυρόν
1014 5558 1100 5610 alii
1134 5558 1461 5633 substituant
1494 5561 1762 5633 Θύσῳρογ,

131 5643 185 5686 et
224 5637 378 5688 falsae
415 5630 700 5688 lectionis
733 5629 990 5681 (lodiuum
1020 5636 1263 5697 arguant.
1310 5629 1470 5682 Certe
1511 5647 1614 5681 non
1651 5629 1766 5681 alio

129 5716 288 5758 sensu
315 5704 613 5758 Thesauri
650 5713 875 5760 nomen,
908 5708 964 5758 ut
991 5706 1182 5752 aut-tor
1207 5697 1456 5754 Historia:
1489 5701 1766 5753 llarreseos

133 5772 578 5834 Manichaeorum
601 5809 617 5834 ,
649 5783 848 5823 recens
887 5765 1103 5821 Parisiis
1148 5767 1323 5821 editus
1350 5768 1506 5823 tradit
1535 5809 1548 5828 .
1584 5769 1766 5822 titulus

1862 4508 1973 4561 taui
2003 4524 2230 4561 canone.

1935 4590 1956 4616 ο
1992 4579 2196 4631 Βοιιοιι.
2226 4595 2326 4633 ms.
2360 4596 2421 4631 ne
2450 4587 2611 4631 tecum
2639 4575 2975 4637 dormiamus,
3009 4574 3210 4643 absque
3242 4579 3383 4631 cceci.

1933 4645 1958 4683 ά
1995 4649 2277 4716 Proprium
2307 4650 2626 4702 reverentia:
2659 4646 2986 4716 Sanctormu
3021 4645 3265 4715 reliquiis
3303 4649 3458 4704 debi-

1864 4728 1931 4772 ta:
1953 4727 2036 4772 est
2056 4715 2396 4770 venerationis
2427 4717 2770 4769 Vocabulum.
2796 4715 2852 4769 S.
2893 4716 3127 4768 Ililarius
3151 4717 3240 4769 lib.
3268 4729 3457 4773 Contra

1863 4788 2236 4843 Constantium
2282 4803 2430 4840 num.
2461 4787 2494 4840 8
2540 4784 2816 4837 Beatorum
2849 4784 3142 4854 Martyrum
3167 4791 3455 4842 veneranda

1864 4875 1979 4911 ossa
2005 4868 2180 4910 vocat.
2204 4859 2472 4912 Eusebius
2502 4855 2834 4917 Gallicanos,
2869 4857 2982 4909 she
3006 4865 3062 4907 ut
3084 4857 3318 4920 videtur,
3354 4858 3462 4910 Eu-

1863 4927 2080 4982 cherius
2123 4927 2308 4980 homil.
2343 4925 2411 4978 de
2446 4926 2645 4978 Sancta
2686 4923 2947 4976 Blautlina
2973 4965 2986 4982 ,
3028 4925 3314 4979 ueneranda
3344 4942 3460 4980 ossa

1863 5000 1918 5052 in
1946 5000 2137 5050 cineres
2179 4999 2246 5050 ab
2286 4997 2463 5064 impiis
2503 4994 2720 5047 reilacm
2751 4995 2916 5048 dolet.
2947 4995 3114 5064 Tum,
3162 4993 3258 5048 Ubi
3305 5006 3458 5062 sunt,

1868 5069 2035 5136 inquit
2060 5108 2074 5131 ,
2106 5069 2193 5137 qui
2219 5063 2394 5119 dicunt
2423 5107 2437 5128 ,
2465 5063 3332 5137 renerationemsacris(Martyrum
3361 5085 3461 5120 non

1866 5135 2199 5208 deferendam
2221 5155 2330 5191 esse
2350 5135 2666 5208 corporibus,
2697 5147 2801 5189 etc.
2835 5135 2938 5190 Pro
2968 5136 3145 5202 vilem,
3169 5135 3258 5191 alii
3284 5141 3377 5192 lib.
3409 5149 3466 5194 et

1867 5227 1969 5263 ms.
2005 5210 2138 5263 Bon.
2171 5211 2283 5262 rile.

1919 5290 1942 5316 θ
1970 5281 2136 5334 Vetus
2166 5280 2311 5334 Edit.
2343 5294 2466 5335 cum
2500 5278 2705 5332 Bonou.
2738 5294 2840 5332 ms.
2873 5279 3168 5333 linteamine
3193 5281 3459 5347 colligata.

1947 5349 1964 5388 ί
1987 5353 2170 5406 Denuo
2189 5351 2517 5404 BonOuiens.
2545 5365 2646 5402 ms.
2692 5351 2829 5401 intus
2860 5349 3126 5401 immundo
3153 5351 3322 5402 cinere
3349 5365 3460 5402 sor-

1869 5421 2058 5486 deant,
2088 5423 2304 5476 omissis
2335 5439 2452 5492 qum
2480 5423 2894 5492 iiiterseruutur,
2929 5421 3084 5488 juxta
3123 5429 3168 5471 te
3197 5421 3461 5492 iminunda

1870 5495 2042 5545 omnia
2086 5493 2253 5546 oleant
2283 5536 2295 5556 ,
2326 5489 2505 5564 atque,
2549 5505 2668 5560 qua:
2696 5489 2968 5564 Vit-torius
2994 5503 3210 5564 quoque
3243 5490 3292 5541 in
3324 5494 3464 5564 anti-

1869 5565 1989 5630 quis
2017 5557 2416 5631 exemplaribus
2440 5557 2542 5616 non
2567 5557 2764 5614 'baheri
2792 5557 3177 5612 animadvertit
3197 5599 3211 5623 ,
3241 5567 3295 5611 et
3323 5558 3462 5616 forte

1869 5633 2038 5687 satius
2070 5649 2186 5687 erat
2219 5651 2544 5703 expungere.

1941 5735 2010 5743 ——
2038 5703 2169 5757 Cum
2209 5697 2646 5759 intusintntundo.
2675 5699 2864 5765 lilures
2896 5711 3025 5750 mss.
3059 5697 3314 5754 omittunt
3361 5701 3464 5768 hoc

1874 5773 1995 5827 loco
2035 5775 2294 5829 nonnulla
2337 5773 2821 5842 verbaLIcgcntcs
2856 5782 2971 5821 cum
3017 5767 3151 5822 intus
3197 5770 3463 5828 immundo
