4062 6376
596 307 700 364 5ὶῖ

1780 303 1841 361 S.
1886 300 2153 360 EUSEBII
2194 298 2584 358 tumul

3766 298 3868 356 548

598 433 652 478 et
675 419 1068 485 circumvolant
1095 433 1213 485 eos,
1236 432 1561 489 semperque
1588 428 1887 484 pra-sentes
1927 424 2090 481 sunt;
2118 429 2186 471 ne
2209 417 2269 483 Α
2288 415 2469 484 potius
2501 418 2773 487 pudicitia:
2803 420 3029 490 vigilare
3065 426 3351 488 cogamur,
3392 415 3483 487 qui
3513 415 3720 471 libidini
3749 416 3873 472 dor-

598 514 737 569 l'orte
769 511 787 531 '
814 513 860 567 si
891 511 1085 581 aliquis
1112 520 1364 581 precntor
1388 508 1501 580 [ΑΙ.
1534 508 1815 583 peccator]
1860 508 2191 573 advenerit,

600 604 853 661 absentes
880 605 1071 661 audire
1088 621 1195 669 non
1222 603 1473 675 possint?
1502 621 1522 656 ι
1547 604 1590 657 υ
1612 602 1996 673 portentumin
2017 610 2195 657 terras

597 700 819 756 ultimas
850 700 1275 770 deportandum!
1312 696 1474 753 Rides
1497 697 1566 753 de
1595 697 1843 767 reliquiis
1872 707 2192 766 martyrum,

606 804 661 847 et
689 808 810 846 cum
842 801 1065 847 auctore
1103 790 1260 861 hujus
1294 790 1569 847 harreseos
1597 789 1871 846 Eunomia
1893 830 1908 855 ,
1937 788 2197 844 Ecclesils

604 884 1153 943 Christicalumniam
1178 885 1346 941 simis
1368 901 1382 939 :
1404 898 1504 939 nec
1536 884 1629 937 tali
1658 883 1919 938 societate
1948 882 2193 949 terreris,

609 986 669 1032 ut
698 978 883 1032 eadem
927 986 1113 1032 contra
1145 992 1243 1031 nos
1271 976 1544 1046 loquaris,
1578 992 1701 1046 qua:
1742 975 1833 1031 ille
1873 986 2065 1031 contra
2094 974 2199 1029 Ec-

608 1069 831 1125 clesiam
862 1070 1138 1139 loquitur?
1162 1068 1363 1123 Omnes
1387 1069 1530 1125 enim
1561 1079 1857 1125 sectatores
1900 1072 2018 1139 ejus
2058 1069 2201 1123 basi-

610 1163 743 1218 licas
770 1163 1141 1233 apostolorum
1165 1170 1221 1217 et
1246 1169 1547 1232 martyrum
1576 1179 1682 1217 non
1715 1162 2109 1232 ingrediuntur,
2140 1168 2201 1217 ut

609 1256 821 1310 scilicet
857 1265 1127 1310 mortuum
1156 1252 1384 1309 adorent
1428 1253 1794 1320 Eunomium,
1840 1254 1995 1324 cujus
2038 1255 2201 1309 libros

612 1348 835 1418 majoris
866 1348 1204 1407 auctoritatis
1227 1346 1585 1413 arbitrantur,
1616 1363 1776 1416 quam
1799 1346 2125 1417 Evangelia;
2150 1354 2206 1413 et

615 1440 668 1495 in
714 1440 831 1507 ipso
873 1439 1100 1497 credunt
1145 1453 1264 1499 esse
1291 1436 1524 1493 blumen
1570 1438 1814 1492 veritatis
1849 1455 1861 1491 :
1895 1438 2039 1493 sicut
2085 1437 2205 1493 alia

616 1531 857 1586 haereses
904 1532 1234 1602 paracletum
1268 1531 1320 1585 in
1354 1530 1663 1584 montanum
1716 1529 1934 1584 venisse
1977 1539 2204 1583 conten-

618 1623 787 1691 dunt,
822 1633 876 1678 et
904 1623 1255 1687 Manicbaeum
1287 1622 1460 1691 ipsum
1493 1622 1678 1676 dicunt
1700 1637 1821 1677 esse
1852 1622 2205 1690 paraeietuut.

621 1715 819 1783 Scribit
858 1715 1146 1775 adversum
1189 1716 1437 1771 haeresim
1488 1726 1631 1771 tuam
1658 1757 1671 1779 ,
1696 1730 1817 1785 quae
1854 1716 1983 1770 olim
2032 1716 2211 1785 erupit

2297 510 2486 564 miunt.
2518 510 2675 576 Quod
2702 512 2847 566 enim
2872 511 3044 566 semel
3070 508 3263 565 fecisse
3287 508 3485 562 bonum
3517 518 3627 573 est,
3658 524 3760 563 non
3784 524 3874 581 po-

2298 611 2406 655 test
2454 602 2658 656 malum
2699 617 2852 666 esse,
2885 606 2927 657 si
2966 602 3302 673 frequentius
3337 602 3427 654 tlat
3461 618 3475 654 :
3506 610 3596 656 aut
3627 602 3671 655 si
3701 602 3873 671 aliqua

2297 693 2449 762 culpa
2475 695 2693 748 vitanda
2723 704 2836 758 est.
2872 712 2975 749 non
3017 710 3084 748 ex
3113 709 3180 749 eo
3208 694 3350 763 quod
3380 708 3526 759 stupe
3548 736 3562 758 ,
3591 693 3688 747 sed
3712 710 3773 749 ex
3804 709 3866 749 co

2297 785 2440 852 quod
2480 786 2539 838 ﬁt
2574 786 2863 855 aliquando
2901 786 3173 857 culpabile
3198 798 3301 844 est.
3333 786 3446 839 Non
3476 786 3757 856 vigilemus
3785 787 3876 842 itav

2294 893 2404 945 quo
2433 878 2625 934 diebus
2654 878 2879 934 Pascha:
2900 920 2915 942 ,
2948 897 3020 935 ne
3060 888 3373 949 cISpcctata
3400 880 3491 932 diu
3516 879 3876 933 adulterorum

2296 969 2569 1025 desideria
2624 973 3044 1041 compleantur;
3101 987 3169 1027 ne
3223 972 3564 1027 occasionem
3626 971 3879 1041 peccandi

2300 1078 2437 1117 uxor
2468 1064 2735 1132 inveniat,
2768 1080 2839 1121 ne
2880 1066 3108 1120 maritali
3136 1080 3242 1121 non
3287 1067 3458 1135 possit
3487 1066 3687 1120 recludi
3715 1066 3879 1121 clave.

2302 1155 2595 1211 Ardentius
2633 1160 2910 1227 appetitur
2930 1159 3188 1229 quidquid
3226 1169 3308 1213 est
3339 1160 3534 1215 rarius.

2376 1248 2463 1303 40.
2504 1248 2770 1321 Vigilantii
2813 1262 3119 1322 argumenta
3154 1260 3332 1305 contra
3378 1253 3652 1307 miracula.
3683 1283 3749 1292 —
3777 1252 3885 1307 Non

2304 1355 2526 1410 possunt
2558 1344 2810 1397 universa
2855 1359 3203 1414 percurrere,
3238 1360 3358 1414 qua:
3398 1354 3712 1399 sanctorum
3746 1360 3887 1414 pres-

2308 1434 2619 1505 byterorum
2653 1434 2849 1489 littera
2881 1435 3383 1504 comprehendunt,
3413 1438 3482 1489 de
3521 1435 3723 1490 libellis
3752 1437 3888 1490 illius

2308 1527 2484 1598 aliqua
2532 1527 2826 1597 proferam.
2874 1530 3295 1599 Argutnentatur
3333 1536 3523 1583 contra
3555 1527 3706 1599 signa
3737 1540 3889 1597 atque

2314 1621 2563 1685 virtutes,
2599 1636 2718 1690 qua:
2744 1621 2798 1675 in
2840 1622 3080 1677 basilicis
3128 1633 3423 1693 martyrum
3471 1622 3638 1689 ﬁunt,
3671 1634 3725 1678 et
3768 1622 3891 1676 dit-it

2317 1726 2409 1767 eas
2431 1712 2725 1768 incredulis
2754 1715 3033 1782 prodesse,
3058 1727 3166 1768 non
3188 1714 3562 1783 credentibus,
3588 1715 3740 1785 quasi
3764 1726 3894 1767 nunc

624 1807 910 1869 adversum
967 1807 1263 1873 Ecclesium
1308 1809 1403 1877 (ue
1447 1815 1502 1862 et
1544 1808 1599 1862 in
1639 1808 1740 1865 hoc
1776 1808 1932 1879 quasi
1962 1816 2211 1878 repertor
2240 1801 2291 1862 B
2318 1806 2419 1858 hoc
2438 1814 2734 1873 quaeratur,
2759 1806 2954 1874 quibus
2981 1804 3135 1871 ﬁant,
3158 1817 3211 1860 et
3240 1820 3370 1871 non,
3398 1821 3501 1877 qua
3529 1806 3730 1862 virtute
3759 1807 3892 1862 ﬁant.

626 1896 751 1953 novi
792 1898 1019 1955 sceleris
1056 1898 1331 1970 glorieris)
1378 1899 1743 1955 Tertullianus
1790 1902 1875 1955 vir
1907 1900 2218 1970 eruditissi-

628 2005 750 2045 mus
793 1991 1001 2061 insigne
1044 1991 1292 2057 volumen
1318 2033 1332 2056 ,
1361 1992 1508 2061 quod
1537 1992 1886 2063 Scorpiacum
1916 2005 2071 2049 vocat
2101 2010 2220 2051 rec—

631 2083 843 2137 tissimo
886 2083 1296 2154 nontinezquia
1342 2094 1563 2139 arcuato
1604 2084 1822 2141 vulnere
1858 2084 1914 2143 in
1960 2086 2218 2141 Ecclesia

629 2191 827 2246 corpus
841 2192 1045 2233 venena
1069 2175 1341 2244 diﬁ‘undit,
1362 2192 1485 2248 qua:
1504 2177 1629 2232 olim
1658 2178 2029 2247 appellabatur
2052 2175 2219 2232 Caius

630 2266 851 2325 haeresis
872 2277 959 2325 :et
983 2270 1151 2327 multo
1178 2278 1419 2339 tempore
1441 2270 1713 2326 dormiens
1726 2270 2053 2341 velsepulta,
2079 2285 2222 2325 nunc

631 2377 661 2417 a
691 2364 1045 2421 Dormitantio
1088 2364 1344 2419 suscitata
1373 2373 1475 2418 est.
1506 2353 1695 2428 Miror,
1726 2362 1869 2432 quod
1900 2379 2005 2417 non
2034 2363 2218 2427 dicas,

642 2471 977 2526 nequaquam
1014 2455 1376 2526 perpetranda
1425 2457 1682 2527 martyria
1704 2496 1719 2520 ,
1747 2455 1918 2511 Deum
1955 2456 2100 2512 enim
2129 2455 2224 2526 qui

634 2548 947 2621 sanguinem
967 2549 1238 2605 hircorum
1265 2560 1654 2617 taurorumque
1676 2564 1782 2603 non
1798 2561 2032 2619 quaerat,
2051 2549 2224 2603 multo

2318 1892 2345 1932 ά
2375 1898 2502 1951 Esto
2530 1897 2681 1966 signa
2709 1897 2818 1952 sint
2858 1897 3156 1953 inﬁdelium
3177 1939 3191 1965 ,
3223 1899 3313 1969 qui
3345 1898 3600 1969 quoniam
3632 1899 3859 1954 sermoni
3879 1939 3894 1966 ,

2319 2000 2373 2042 et
2394 1987 2654 2042 doctrina:
2683 1988 2909 2044 credere
2938 1989 3255 2056 noluerunt,
3278 1991 3450 2061 signis
3478 1990 3813 2046 adducantur
3838 1986 3897 2046 ad

2320 2080 2515 2150 ﬁdem,
2541 2092 2597 2138 et
2626 2083 2884 2137 Dominus
2906 2083 3205 2139 incredulis
3232 2084 3383 2155 signa
3415 2083 3655 2140 faciebat
3686 2128 3699 2151 ,
3731 2090 3783 2141 et
3822 2095 3897 2138 ta-

2320 2188 2445 2229 men
2474 2189 2583 2229 non
2603 2175 2805 2230 idcirco
2828 2175 3040 2230 Domini
3067 2176 3399 2246 suggillanda
3428 2187 3563 2232 sunt
3596 2177 3765 2247 signa,
3789 2176 3900 2245 quia

2322 2268 2402 2323 itii
2430 2268 2677 2323 inﬁdeles
2702 2280 2879 2329 erant,
2900 2269 2995 2323 sed
3021 2269 3212 2338 majori
3239 2269 3589 2326 admirationi
3618 2282 3775 2326 erunt
3799 2269 3899 2341 [ΑΙ.

2321 2360 2524 2433 erant],
2554 2364 2681 2431 quia
2728 2370 2890 2415 tanta:
2920 2360 3073 2417 fuere
3101 2363 3383 2431 potentiae,
3417 2372 3473 2416 ut
3502 2362 3670 2418 etiam
3712 2370 3904 2418 mentes

2324 2453 2644 2509 durissimas
2676 2455 2993 2509 edomareut
3018 2498 3031 2520 ,
3061 2465 3115 2509 et
3144 2455 3212 2510 ad
3240 2454 3401 2511 ﬁdem
3424 2467 3707 2527 cogerent.
3738 2456 3906 2526 Itaque

2326 2548 2455 2603 nolo
2485 2547 2612 2601 mihi
2635 2548 2805 2613 dicas,
2833 2554 2983 2620 signa
3008 2549 3305 2604 inﬁdelium
3333 2559 3491 2615 sunt;
3523 2550 3623 2606 sed
3654 2548 3906 2620 responde

635 2643 805 2714 magis
825 2642 1103 2698 hominum
1122 2657 1229 2699 non
1254 2640 1718 2712 requirere.Quod
1740 2655 1860 2696 cum
1878 2642 2102 2706 dixeris;
2127 2642 2228 2695 im-
2328 2642 2600 2713 quomodo
2623 2642 2676 2695 in
2703 2642 2963 2697 vilissimo
2988 2645 3230 2712 pulvere,
3265 2652 3319 2697 et
3344 2642 3547 2710 favilla,
3583 2645 3763 2699 nescio
3790 2656 3903 2713 qua,

638 2751 727 2790 mo
743 2737 857 2793 etsi
878 2750 984 2790 non
1000 2736 1221 2801 dixeris,
1238 2736 1311 2790 ita
1327 2734 1545 2790 haberis
1558 2733 1948 2804 quasidixeris.
1963 2735 2063 2802 Qui
2083 2735 2227 2789 enim

640 2828 895 2897 reliquias
919 2838 1215 2899 martyrum
1246 2827 1446 2883 asseris
1471 2840 1594 2881 esse
1621 2824 1943 2892 calestidas,
1976 2825 2231 2889 prolibes

641 2918 956 2987 sanguinem
986 2918 1165 2983 fundi,
1193 2916 1287 2988 qui
1306 2916 1458 2972 nullo
1481 2917 1688 2972 honore
1714 2917 1907 2986 dignus
1932 2928 2041 2973 est.

2331 2743 2476 2788 tanta
2499 2739 2776 2805 signorum
2799 2738 3168 2805 virtutumque
3198 2738 3505 2807 prtesentla.
3538 2738 3727 2794 Sentio
3748 2779 3761 2802 ,
3789 2752 3904 2791 sen-

2335 2828 2438 2893 tio,
2486 2826 2858 2885 infelicissitne
2905 2831 3246 2895 mortalium,
3280 2830 3408 2902 quid
3438 2830 3656 2897 doleas,
3687 2829 3805 2900 quid
3840 2828 3905 2883 ti-
3944 2818 3953 2827 ’
4008 2840 4009 2903 1

2335 2937 2502 2977 meas.
2530 2922 2766 2992 Spiritus
2798 2925 2900 2981 iste
2932 2926 3240 2979 immundus
3271 2926 3361 2995 qui
3388 2922 3506 2979 haec
3539 2935 3593 2980 te
3618 2925 3757 2996 cogit
3785 2921 3907 2978 scri-

711 3012 765 3066 9.
800 3010 1002 3078 Vigitiw
1026 3021 1074 3065 et
1110 3012 1516 3082 pernoctationes
1552 3011 1607 3064 in
1636 3010 1887 3067 basilicis.
1928 3012 2232 3068 Pentrorum
2336 3014 2494 3081 bere,
2522 3028 2669 3085 stupe
2697 3014 2801 3071 hoc
2846 3016 3105 3072 vilissimo
3137 3024 3308 3072 tortus
3344 3026 3430 3072 est
3470 3018 3691 3086 pulvere
3714 3059 3728 3083 ,
3761 3016 3907 3070 immo

641 3102 796 3172 culpa
821 3117 925 3156 non
956 3102 1264 3172 prwjudicot
1286 3102 1545 3176 religioni.
1579 3100 1733 3167 Quod
1756 3101 1911 3161 uniti
1938 3104 2120 3174 fecisse
2140 3105 2234 3159 ιο-
2269 3173 2303 3180 _
2336 3107 2605 3180 hodieque
2637 3118 2940 3179 torquetur,
2979 3118 3033 3163 et
3066 3109 3156 3179 qui
3184 3110 3237 3163 iu
3280 3119 3334 3163 te
3362 3110 3549 3179 plagas
3579 3107 3906 3171 dissimulat,

644 3209 765 3245 nam
792 3202 903 3257 est,
938 3208 1040 3247 non
1067 3202 1232 3267 potest
1261 3209 1370 3248 esse
1398 3191 1591 3248 malum
1621 3193 1668 3247 si
1691 3197 1982 3266 frequenter
2020 3196 2135 3264 ﬁat.
2160 3225 2233 3238 -—-
2257 3173 2305 3238 ο
2338 3202 2391 3256 in
2419 3200 2631 3255 emteris
2667 3201 2974 3255 conﬁtetur.
3006 3200 3119 3256 Nisi
3150 3200 3290 3257 forte
3324 3202 3375 3254 in
3418 3216 3627 3256 morem
3650 3197 3909 3272 gentilium

646 3283 723 3339 De
758 3283 952 3355 tigillis
977 3296 1032 3341 et
1058 3286 1557 3356 pernoctationibus
1578 3286 1633 3341 iu
1665 3287 1903 3343 basilicis
1931 3297 2233 3360 martyrum

642 3393 788 3449 saepe
813 3379 1172 3446 celebrandis,
1206 3380 1259 3435 in
1287 3380 1456 3435 altera
1487 3380 1762 3450 Epistola,
1788 3397 1949 3451 quant
1971 3392 2099 3440 ante
2131 3382 2235 3440 hoc

644 3473 816 3530 ferme
844 3475 1120 3529 biennium
1152 3482 1342 3528 saneto
1374 3473 1594 3543 liipario
1637 3474 1954 3544 presbytero
1997 3477 2236 3546 scriptae.

644 3583 797 3634 ram,
840 3567 1095 3637 respondi
1138 3568 1393 3623 breviter.
1441 3569 1596 3633 Quod
1629 3569 1673 3621 si
1717 3567 1840 3624 ideo
1877 3583 1971 3623 eas
1996 3570 2240 3626 aestimas

649 3664 1005 3732 respuendas,
1039 3676 1109 3717 ne
1133 3676 1278 3730 saepe
1309 3662 1588 3718 videamur
1613 3662 1822 3717 Pascha
1850 3664 2158 3731 celebrare,
2186 3672 2243 3719 et

648 3770 759 3815 non
791 3756 1065 3813 solemnes
1090 3765 1217 3825 post
1237 3771 1436 3811 sanum
1467 3771 1733 3813 exercere
1764 3758 1976 3828 vigilias
2001 3778 2015 3812 :
2040 3769 2246 3831 ergoet

652 3850 739 3904 die
762 3849 1036 3908 dominico
1059 3866 1166 3904 non
1215 3859 1343 3906 sunt
1377 3848 1595 3906 Christo
1631 3849 1909 3907 oﬁ‘erenda
1943 3853 2242 3923 sacriﬁcia,

659 3956 724 3995 ue
772 3941 1187 3997 resurrectionis
1238 3940 1451 3995 Domini
1492 3942 1683 3997 crebro
1732 3942 1945 3998 Pascha
1992 3945 2240 4000 celebre-

660 4048 779 4097 mus
811 4050 827 4087 :
856 4044 913 4089 et
945 4034 1265 4103 incipiamus
1296 4050 1401 4088 nou
1433 4051 1599 4089 unum
1640 4035 1843 4091 Pascha
1886 4036 2119 4104 habere,
2150 4039 2246 4094 sed

653 4127 906 4196 plurima.
936 4127 1103 4182 Error
1131 4126 1295 4198 398
1314 4137 1494 4181 autem
1538 4138 1593 4183 et
1633 4128 1785 4199 culpa
1813 4128 2073 4200 juveuum
2102 4130 2247 4186 vilis—

658 4222 1027 4291 simarumque
1059 4218 1368 4285 mulierum,
1400 4220 1489 4292 qui
1523 4235 1621 4290 per
1653 4231 1864 4277 noctein
1883 4238 2029 4293 szrpe
2056 4222 2251 4294 depre-

660 4311 934 4379 benditur,
969 4328 1075 4368 non
1106 4322 1189 4369 cst
1214 4314 1478 4385 religiosis
1507 4313 1819 4371 hominibus
1846 4315 2196 4385 iinputaudus
2233 4332 2248 4372 :

658 4407 786 4475 quia
810 4416 869 4461 et
918 4406 971 4460 in
999 4406 1194 4475 vigiliis
1223 4405 1444 4460 Pascha
1476 4406 1581 4461 tale
1618 4406 1746 4475 quid
1786 4407 1899 4461 fleri
1932 4407 2253 4479 plerumque

663 4497 1022 4564 convincitur,
1052 4509 1105 4554 et
1133 4508 1312 4554 tamen
1351 4514 1641 4569 paucorum
1670 4500 1826 4570 culpa
1860 4516 1965 4556 non
1998 4502 2252 4571 praeiudi-

2336 3295 2730 3365 impiorumquc
2751 3334 2766 3359 ,
2793 3294 3081 3365 Porphyrii
3115 3306 3169 3349 et
3197 3294 3476 3360 Eunomii,
3506 3296 3605 3349 has
3633 3291 3910 3365 praestigias

2340 3402 2365 3430 θ
2388 3391 2698 3447 daemonum
2734 3407 2856 3447 esse
2902 3395 3178 3464 contingas
3202 3435 3215 3458 ,
3250 3394 3410 3466 397
3441 3403 3495 3449 et
3527 3410 3633 3451 non
3667 3409 3788 3450 vere
3815 3390 3912 3447 cla-
4008 3396 4009 3453 ἲ

2339 3498 2491 3541 mare
2518 3486 2825 3549 daemones;
2858 3487 2950 3542 sed
2974 3502 3069 3541 sua
3102 3488 3357 3541 simulare
3390 3496 3678 3542 tormenta.
3704 3486 3777 3543 Do
3800 3496 3915 3538 con-
4008 3468 4009 3513 Ῑ

2342 3579 2545 3642 silium,
2568 3578 2855 3648 ingredere
2886 3580 3137 3634 basilieas
3171 3590 3490 3650 martyrum,
3550 3587 3608 3634 et
3646 3570 3913 3647 aliquando
4008 3568 4009 3571 “

2346 3667 2658 3738 purgaberis
2692 3686 2704 3722 :
2732 3668 2977 3726 invenies
3005 3669 3076 3726 ibi
3107 3669 3305 3725 multos
3337 3669 3517 3723 socios
3548 3680 3669 3725 tuos
3691 3710 3705 3733 ,
3735 3675 3788 3723 et
3828 3677 3911 3719 ne-

2347 3776 2611 3831 quaquam
2640 3763 2816 3817 cereis
2864 3776 3187 3835 martyrum,
3232 3764 3323 3831 qui
3353 3762 3447 3817 tibi
3482 3762 3786 3832 distilicent,
3831 3748 3917 3811 sed

2346 3852 2577 3907 ﬂammis
2614 3852 2971 3909 invisibilibns
2994 3854 3332 3911 combureris
3354 3896 3367 3920 ,
3399 3862 3454 3909 et
3486 3862 3613 3907 tunc
3642 3846 3914 3911 fateberis,

2349 3943 2492 4012 quod
2524 3960 2664 3999 nunc
2700 3962 2884 4015 negas,
2915 3955 2970 4000 et
3000 3955 3148 4001 tuum
3183 3963 3402 4011 nomen,
3438 3947 3528 4014 qui
3566 3947 3617 3999 in
3650 3937 3918 4013 Vigilantio

2351 4036 2616 4105 loqueris,
2653 4038 2820 4093 libere
2847 4039 3238 4109 proclamaliis,
3270 4051 3321 4095 te
3347 4054 3469 4094 esse
3500 4047 3594 4093 aut
3622 4031 3921 4093 Mercurium

2353 4142 2570 4205 propter
2621 4149 2963 4189 Ituuttnotutn
3016 4135 3415 4204 cupiditatem,
3463 4142 3558 4189 aut
3607 4131 3920 4188 Nocturnum

2354 4226 2461 4299 [Αι.
2493 4226 2930 4299 Noeturniuum],
2957 4227 3107 4297 juxta
3136 4228 3308 4281 Plauti
3337 4228 3799 4297 Amphitryouem,
3828 4227 3923 4289 quo

2356 4320 2681 4385 dormiente,
2716 4320 2766 4374 in
2798 4319 3077 4375 Alcmena:
3107 4319 3399 4383 adulterio,
3428 4317 3449 4356 ί
3480 4318 3612 4372 duas
3644 4322 3822 4370 noctes
3842 4306 3925 4363 Ju-

2357 4414 2494 4485 piter
2523 4415 2814 4487 copulavit,
2847 4428 2903 4473 ut
2925 4432 3135 4485 magna:
3164 4414 3503 4470 fortitudinis
3540 4408 3790 4467 llercules
3816 4417 3925 4457 nas-

2357 4517 2606 4575 ceretur;
2638 4519 2731 4563 aut
2757 4519 2903 4564 certe
2930 4508 3182 4561 Liberum
3214 4517 3418 4576 patrem
3464 4522 3564 4574 pro
3604 4501 3857 4559 ebrietate
3880 4499 3925 4546 et

665 4595 752 4640 cat
784 4587 1057 4659 religioni;
1089 4592 1178 4660 qui
1220 4600 1271 4645 et
1303 4591 1508 4661 absque
1536 4591 1731 4659 vigiliis
1760 4602 1781 4629 ε
1817 4602 2040 4661 possunt
2069 4606 2254 4649 errare
2279 4575 2335 4637 D
2358 4603 2618 4655 cantharo
2636 4616 2705 4655 ex
2738 4599 2977 4655 humeris
3000 4598 3342 4668 dependente
3361 4640 3376 4665 ,
3399 4602 3454 4654 et
3480 4610 3693 4666 semper
3722 4590 3926 4648 rubente

671 4680 757 4735 vel
784 4681 836 4735 in
864 4683 999 4749 suis,
1032 4685 1116 4740 vel
1147 4685 1201 4739 in
1234 4684 1426 4739 alienis
1466 4684 1737 4740 domibus.
1774 4685 2157 4755 Apostolorum
2189 4688 2255 4741 ii-

665 4773 790 4829 dem
816 4774 967 4830 Juda:
989 4776 1222 4849 proditio
1244 4793 1353 4835 non
1383 4777 1671 4833 destruxit.
1700 4777 1765 4833 Et
1790 4789 2002 4839 nostras
2026 4796 2156 4852 ergo
2178 4780 2259 4837 vi-

664 4866 822 4939 gilias
875 4870 1029 4925 mala:
1075 4871 1308 4927 aliorum
1360 4869 1557 4942 vigilia:
1606 4884 1713 4927 non
1762 4871 2049 4929 destruent
2079 4889 2093 4927 :
2125 4875 2257 4944 quin

664 5100 833 5156 cinere
858 5100 1117 5159 sordeam.
1142 5098 1512 5153 Cluniaeensis
1530 5097 1702 5153 codex
1730 5099 1931 5154 variam
1953 5099 2095 5158 hanc
2113 5109 2248 5164 reti-

669 5178 759 5243 net
812 5171 1103 5243 lectionem
1145 5188 1159 5223 :
1204 5169 1424 5243 et__inms
1472 5169 1722 5243 immundi
1765 5171 1961 5243 cineres
1994 5174 2154 5243 juxta
2199 5182 2246 5236 te

671 5238 935 5293 immunde
965 5239 1137 5292 omnia
1167 5238 1399 5307 polluant
1428 5248 1473 5291 et
1498 5240 1758 5295 sordeam.
1922 5238 2187 5301 Mittunt.

744 5320 771 5383 ξ
795 5311 934 5383 alibi
962 5320 1020 5365 et
1048 5310 1101 5363 in
1124 5325 1252 5365 mss.
1287 5309 1341 5383 si
1361 5311 1548 5380 aliquis
1574 5324 1826 5383 peccator.

746 5380 771 5420 δ
802 5381 915 5436 Duo
946 5395 1077 5435 niss.
1109 5398 1217 5435 esse
1257 5382 1457 5435 cultiten
1502 5380 1726 5437 veritatis
1748 5399 1766 5436 :
1790 5384 1947 5450 paulo
1993 5394 2116 5451 post
2158 5382 2263 5439 Bo-

674 5454 923 5510 noniens.
949 5453 1203 5507 volumine
1220 5454 1408 5523 insigni
1429 5470 1539 5508 cant
1568 5454 1898 5526 Scorpiacam
1924 5468 2134 5523 uocans,
2153 5463 2262 5510 etc.

675 5527 814 5579 haud
846 5536 1012 5580 recte.

755 5607 776 5633 ο
823 5595 967 5651 idem
1018 5595 1346 5651 Bououieus.
1395 5596 1568 5657 liber,
1625 5602 1837 5666 possunt
1892 5610 2041 5647 orare
2086 5594 2165 5666 rei
2212 5594 2269 5666 in

678 5671 811 5733 suis,
835 5684 946 5753 etc._
976 5672 1144 5726 Paulo
1173 5674 1326 5753 infra.
1349 5682 1401 5726 at
1430 5674 1476 5724 si
1506 5664 1680 5753 aliqua
1709 5667 1864 5740 culpa
1891 5704 1905 5728 ,
1935 5673 2041 5719 etc.
2072 5664 2271 5725 deinde

682 5755 744 5797 ue
781 5745 1045 5797 occasione
1068 5747 1314 5808 peccandi
1341 5758 1470 5798 mror
1496 5745 1679 5795 veniat.

756 5809 783 5847 (³
816 5809 960 5889 idem
984 5814 1178 5870 iterum
1205 5828 1328 5874 cum
1350 5822 1458 5872 vet.
1477 5813 1635 5884 edin,
1664 5810 1802 5887 Ergo
1821 5809 1972 5887 signa
1990 5815 2109 5864 sunt
2127 5847 2143 5881 ,
2161 5815 2270 5867 etc.

2363 4698 2534 4769 facie,
2585 4708 2641 4756 et
2680 4696 3055 4769 spumantibus
3095 4693 3257 4751 labiis
3281 4735 3294 4761 ,
3341 4693 3729 4758 eil'tenatisque
3757 4677 3926 4741 convi-

2362 4802 2484 4856 ciis.
3926 4864 3930 4869 .

2438 4897 2522 4950 ll.
2567 4894 2644 4951 De
2676 4892 2960 4968 Vigilantio
2985 4886 3223 4943 historia.
3256 4917 3325 4927 —-
3351 4882 3506 4942 Unde
3531 4891 3586 4939 et
3615 4881 3666 4935 in
3700 4880 3797 4932 hac
3819 4881 3932 4943 pro-

2434 5127 2457 5155 θ
2486 5118 2541 5173 ln
2570 5112 2761 5172 eodem
2794 5110 3117 5170 Bononiensi
3146 5108 3436 5183 prwsligias
3464 5098 3932 5170 daemonurnfcotttra

2361 5197 2406 5241 te
2435 5189 2764 5256 conﬁngens,
2797 5196 2900 5240 etc.
3730 5239 3761 5256 _.
3817 5232 3910 5256 .--ε

2446 5234 3026 5326 'r'iiiiiii’é'i'rés'pissim
3054 5259 3379 5326 enumerant
3398 5256 3611 5326 veteres
3637 5234 3933 5326 “ll'limlj‘ﬁi;

2369 5327 2475 5382 Sed
2893 5307 3133 5388 Praepar.
3167 5320 3265 5375 lib.
3297 5338 3330 5374 ll
3356 5339 3368 5373 :
3402 5317 3527 5372 Tres
3549 5307 3721 5388 noctes
3743 5307 3935 5388 tradunt

2368 5398 2548 5454 Jovem
2569 5400 2885 5469 geminasse,
2915 5374 3049 5451 und'c
3068 5394 3467 5469 Τριὲσπεροςιέῗέ
3488 5374 3935 5469 Τρισέληνξλε

2371 5445 3014 5526 Late}
3026 5445 3211 5517 tamen
3228 5445 3373 5516 'cilni'
3387 5445 3714 5528 Hieronymo
3735 5445 3937 5506 Ovidius

2372 5551 2517 5597 notat
2553 5542 2644 5601 lib.
2673 5558 2690 5596 ι
2716 5540 2902 5598 Amor.
2940 5536 3091 5605 Eleg.
3128 5533 3231 5588 l5:

2498 5632 2747 5684 Conuuisit
2768 5636 2941 5683 noctes
2963 5630 3011 5678 in
3035 5640 3123 5679 sua
3147 5630 3260 5676 vota
3279 5623 3421 5673 duas.

2376 5717 2597 5772 Plautus
2625 5729 2786 5786 quem
2817 5720 3004 5768 noster
3028 5710 3233 5775 laudat,

2499 5807 2660 5873 Credo
2682 5818 2779 5875 ego
2804 5805 2896 5858 bac
2918 5808 3062 5857 nocte
3086 5799 3385 5856 Nocturnum
3406 5794 3725 5849 obdormisse.

3826 6134 4010 6271 gl
