4068 6328
153 355 252 412 549

1215 357 1418 413 LIBER
1459 350 1740 414 CONTRA
1779 350 2255 412 VIGILANTIUM.

3331 360 3436 418 550

152 464 320 522 vincia
339 473 366 502 ⁸
387 479 507 520 cum
523 464 736 526 subitus
756 475 911 527 terra)
925 473 1129 532 motus,
1151 467 1330 521 noctis
1348 466 1529 522 medio
1548 481 1745 523 omnes
1771 473 1822 531 Α
1849 465 2139 520 collectum
2181 474 2284 521 est.
2331 467 2388 521 In
2415 468 2638 533 Actibus
2676 485 2894 540 quoque
2933 473 3324 542 Apostolorum
3364 477 3445 532 lo-

152 559 213 612 de
230 573 421 614 somno
442 559 764 629 excitasset;
791 571 846 614 tu
868 560 1348 630 prudentissimus,
1371 569 1426 614 et
1447 560 1738 628 sapientis-

151 651 316 708 simus
353 650 663 710 mortalium
703 651 876 706 nudus
915 653 1134 720 arabas,
1178 662 1234 708 et
1275 650 1547 718 referebas
1583 651 1740 708 nobis

151 742 318 799 Adam
362 753 415 800 et
454 743 620 798 Evam
663 744 731 800 de
760 746 1012 816 paradiso
1042 763 1054 800 :
1087 754 1142 802 et
1172 746 1246 800 illi
1279 745 1498 816 quidem
1537 745 1741 814 apertis

150 835 320 890 oculis
356 836 716 901 erubuerunt,
753 837 926 892 nudos
962 851 1021 892 se
1055 851 1179 892 esse
1217 845 1526 902 cernentes,
1564 846 1618 892 et
1651 850 1744 890 ve-

149 928 314 984 renda
349 937 600 992 texerunt
634 929 888 986 arborum
918 930 1062 986 foliis
1103 948 1116 983 :
1155 940 1208 984 tu
1247 938 1302 984 et
1340 930 1517 984 tunica
1557 938 1611 983 et
1641 927 1743 983 fide

149 1019 323 1076 nudus
348 1063 362 1088 ,
401 1020 690 1090 subitoque
722 1022 918 1078 timore
943 1022 1304 1092 perterritus,
1335 1031 1390 1076 et
1418 1021 1616 1091 aliquid
1651 1021 1742 1074 ha-

152 1113 282 1168 bens
314 1122 595 1171 nocturnae
619 1115 878 1182 crapulae,
912 1124 1224 1172 sanctorum
1253 1112 1423 1170 oculis
1452 1113 1740 1174 obscenam

151 1213 358 1274 partem
378 1206 631 1276 corporis
652 1205 964 1276 ingerebas,
984 1217 1041 1262 ut
1057 1217 1198 1262 tuam
1225 1206 1490 1262 indicares
1511 1207 1744 1275 pruden-

153 1297 306 1360 tiam.
356 1297 513 1355 Tales
556 1299 722 1366 habet
762 1299 1108 1357 adversarios
1143 1300 1388 1355 Ecclesia
1428 1317 1442 1354 :
1486 1300 1538 1354 bi
1576 1301 1746 1356 duces

151 1401 337 1444 contra
362 1399 664 1460 martyrum
693 1393 1010 1463 sanguinem
1039 1391 1294 1446 dimicant
1323 1410 1336 1446 :
1369 1391 1742 1460 hujuscemodi

149 1491 402 1538 oratores
427 1491 617 1540 contra
645 1483 925 1553 apostolos
951 1491 1276 1554 pertonaut,
1310 1483 1482 1538 immo
1514 1492 1622 1539 tam
1657 1499 1744 1538 ra-

143 1571 261 1632 bidi
287 1586 456 1628 canes
485 1583 668 1634 contra
698 1573 899 1629 Christi
938 1575 1137 1630 latrant
1167 1575 1482 1642 discipulos.

221 1663 312 1718 12.
361 1662 585 1720 Timebat
612 1666 870 1722 interdum
901 1665 1251 1737 Hieronymus
1283 1667 1521 1722 basilicas
1551 1668 1748 1722 intrare

138 1763 455 1824 martyrum.
483 1786 552 1794 —
581 1755 861 1814 Confiteor
891 1757 1146 1828 timorem
1179 1773 1357 1814 meum
1376 1799 1392 1825 ,
1422 1774 1491 1814 ne
1516 1758 1744 1816 forsitan

1845 571 2017 625 quens
2039 559 2105 611 ad
2131 557 2368 613 Felicem
2393 561 2684 630 praesidem
2711 579 2724 614 :
2755 562 2885 616 Post
2906 580 3092 633 annos,
3119 567 3213 628 ait,
3245 568 3442 638 plures,

1845 647 2193 718 eleemosynas
2217 651 2453 718 [acturus
2481 655 2531 705 in
2558 663 2757 722 gentem
2780 672 2964 721 meam,
2995 658 3110 710 veni
3138 657 3444 732 Hierosoly-

1846 757 2003 805 mam,
2029 749 2077 793 et
2100 741 2384 795 oblationes
2413 753 2458 794 et
2484 753 2597 796 rota
2628 746 2679 797 in
2709 746 2892 814 quibus
2920 748 3222 803 invenerunt
3245 767 3324 803 me
3343 770 3446 822 ρης

1844 833 2103 902 riﬁcatum
2135 835 2188 887 in
2219 837 2408 904 templo
2441 836 2597 906 (Act.
2629 853 2716 891 xrv
2741 880 2754 904 ,
2793 838 2881 908 l7)
2909 879 2922 893 .
2956 839 3224 910 Numquid
3254 843 3305 897 in
3337 845 3443 899 alia

1845 931 2000 993 parte
2031 934 2323 991 terrarum,
2354 935 2408 980 et
2441 927 2492 980 in
2528 927 2813 997 Ecclesris,
2847 945 2986 1000 quas
3020 946 3308 991 nascentes
3339 938 3444 994 [ide

1846 1029 1943 1068 Sua
1975 1017 2292 1082 erudiebat,
2321 1033 2442 1086 qua:
2469 1018 2538 1073 ab
2561 1020 2684 1073 aliis
2713 1032 3034 1092 acceperat,
3071 1025 3312 1083 dividere
3337 1043 3444 1084 non

1849 1110 2103 1177 poterat?
2140 1120 2161 1148 ε
2197 1109 2300 1165 Sed
2331 1119 2648 1166 sanctorum
2681 1115 2921 1168 locorum
2958 1119 3284 1186 pauperibus
3315 1121 3447 1180 dare

1847 1202 2134 1272 cupiebat,
2181 1202 2274 1272 qui
2320 1213 2445 1257 suas
2487 1219 2584 1274 pro
2627 1203 2847 1261 Christo
2893 1207 3236 1265 facultatulas
3279 1212 3446 1268 reliu~

1848 1302 2104 1362 quentes,
2135 1293 2201 1348 ad
2232 1295 2444 1348 Domini
2480 1297 2798 1351 servitutem
2835 1309 2945 1353 tota
2976 1310 3159 1355 tuente
3191 1305 3446 1359 conversi

1849 1395 1992 1439 sunt.
2027 1387 2268 1456 Longum
2302 1396 2385 1441 est
2417 1403 2560 1442 nunc
2599 1389 2642 1442 si
2676 1389 2744 1443 de
2794 1392 3005 1445 cunctis
3054 1394 3302 1463 epistolis
3330 1395 3447 1464 ejus

1849 1478 2030 1532 omnia
2065 1479 2372 1531 testimonia
2407 1482 2691 1535 revolvere
2717 1483 2942 1536 voluero
2964 1524 2978 1547 ,
3023 1484 3076 1537 in
3107 1486 3304 1554 quibus
3345 1483 3448 1546 hoc

1850 1570 1992 1639 agit,
2027 1579 2082 1623 et
2107 1579 2216 1624 tota
2248 1580 2434 1624 mente
2463 1571 2712 1637 festinat,
2743 1582 2804 1626 ut
2830 1571 3264 1645 Hierosolymam
3299 1588 3348 1632 et
3379 1580 3447 1636 ad

1850 1673 2034 1718 sancta
2069 1667 2185 1718 loca
2217 1664 2571 1719 credentibus
2603 1665 2846 1733 pecunia:
2878 1666 3178 1736 dirigantur
3209 1687 3220 1721 :
3255 1686 3357 1725 non
3389 1673 3442 1728 in

1851 1757 2132 1809 avaritiam
2160 1798 2174 1821 ,
2205 1756 2302 1810 sed
2335 1758 2386 1809 in
2418 1757 2755 1828 refrigerium
2783 1800 2796 1824 ,
2823 1773 2928 1812 non
2961 1760 3026 1812 ad
3055 1760 3270 1817 divitias
3307 1780 3440 1818 con-

136 1845 208 1901 de
243 1846 630 1916 superstitione
657 1847 975 1904 descendat.
1011 1848 1245 1916 Quando
1273 1851 1445 1905 iratus
1474 1850 1656 1915 fuero,
1693 1862 1747 1908 at
1778 1868 1825 1927 Β
1853 1847 2185 1917 gregandas,
2213 1849 2307 1902 sed
2338 1846 2402 1902 ad
2430 1849 2866 1904 imbecillitatem
2895 1854 3203 1920 corpusculi
3236 1868 3451 1912 susten-

137 1938 346 2008 aliquid
369 1940 494 1998 mali
527 1940 582 1996 in
611 1955 735 1997 meo
757 1941 945 2002 animo
969 1942 1281 2010 cogitavero
1309 1959 1320 1994 :
1345 1950 1401 1996 et
1423 1957 1508 1996 me
1532 1952 1749 2003 noctur-

138 2047 272 2089 num
295 2030 626 2100 phantasma
648 2032 934 2099 deluserit,
953 2033 1205 2090 basilicas
1223 2043 1525 2104 martyrum
1548 2035 1750 2092 intrare

134 2139 250 2180 non
286 2123 465 2186 audeo
510 2141 524 2188 ;
565 2124 639 2178 ita
683 2132 828 2178 totus
863 2132 920 2184 et
953 2138 1185 2193 corpore
1219 2131 1276 2178 et
1316 2125 1499 2182 animo
1535 2137 1753 2183 contre-

129 2213 340 2268 misco.
364 2213 564 2276 Ridens
585 2212 837 2279 forsitan,
856 2222 911 2270 et
932 2214 1372 2270 muliercularum
1396 2214 1751 2272 deliramenta

129 2308 484 2367 subsannes.
529 2304 647 2364 Non
679 2305 945 2362 erubesco
977 2320 1163 2360 earum
1189 2305 1351 2362 fidem
1371 2346 1387 2371 ,
1417 2322 1538 2375 quae
1565 2308 1752 2377 prima:

126 2402 408 2457 viderunt
449 2400 736 2456 Dominum
775 2408 1182 2468 resurgentem.
1223 2415 1344 2470 quae
1373 2401 1656 2459 mittuntur
1683 2401 1751 2458 ad

129 2491 463 2562 aposmlos,
495 2507 613 2558 qua:
640 2491 693 2546 in
727 2499 901 2546 matre
936 2489 1147 2545 Domini
1182 2490 1515 2557 Salvatoris,
1549 2493 1753 2548 sanctis

127 2585 412 2657 apostolis
458 2584 938 2642 commendantur.
992 2584 1076 2640 Tu
1121 2593 1337 2644 ructato
1393 2603 1515 2642 cum
1559 2589 1751 2646 .szeculi

132 2678 464 2734 hominibus
488 2715 503 2742 ,
543 2691 644 2746 ego
678 2675 934 2745 jejuuabo
969 2690 1091 2730 cum
1136 2677 1380 2742 laminis,
1420 2679 1588 2732 immo
1625 2695 1749 2734 cum

129 2772 424 2840 religiosis
446 2769 597 2834 viris,
624 2769 714 2838 qui
741 2769 1051 2836 pudicitiam
1075 2768 1239 2839 398
1261 2769 1409 2823 vultu
1433 2769 1749 2840 priefcrunt,

129 2875 184 2919 et
236 2864 450 2934 pallida
499 2861 614 2932 jugi
660 2859 996 2918 continentia
1043 2875 1136 2916 oia
1187 2871 1495 2931 portantes,
1547 2861 1749 2918 Christi

127 2955 448 3009 ostendunt
475 2951 883 3016 verecundiam.

202 3049 296 3102 15.
341 3043 671 3116 Vigilantius
695 3043 819 3113 quid
845 3041 1186 3113 prohibebat?
1207 3042 1446 3099 Collectis
1473 3045 1523 3098 in
1549 3045 1632 3098 die
1658 3046 1752 3100 do-

125 3143 340 3196 minico.
394 3137 736 3194 Consuetudo
771 3138 1207 3207 eleemosynarum
1242 3140 1380 3209 apud
1421 3139 1668 3194 Hebrazos
1705 3152 1750 3196 et

1854 1939 2091 2004 tandem,
2123 1948 2180 1993 et
2210 1939 2380 2009 frigus
2409 1951 2572 2008 atque
2601 1941 2834 1994 inediam
2858 1941 3022 2014 399
3044 1943 3443 2001 declinandam.

1856 2028 1965 2085 Hac
2005 2032 2060 2084 in
2098 2030 2283 2084 Judtea
2326 2045 2495 2100 usque
2537 2030 2700 2085 hodie
2739 2042 3121 2100 perseverante
3153 2046 3445 2092 consuetu-

1853 2121 2004 2186 dine,
2039 2135 2148 2174 non
2177 2122 2352 2176 solum
2382 2121 2523 2190 apud
2554 2137 2675 2186 nos,
2706 2121 2801 2176 sed
2826 2133 2881 2177 et
2911 2124 3052 2192 apud
3078 2126 3357 2194 llebra-os,
3393 2136 3450 2183 ut

1853 2214 1946 2283 qui
1978 2214 2032 2267 in
2063 2213 2186 2283 lege
2215 2213 2432 2268 Domini
2465 2214 2802 2269 meditantur
2829 2215 2916 2271 die
2947 2232 3009 2270 ac
3038 2226 3200 2274 nocte
3220 2261 3233 2285 ,
3268 2231 3322 2275 et
3356 2235 3448 2290 pa-

1856 2316 1996 2362 trem
2027 2321 2133 2361 non
2161 2307 2363 2361 habent
2388 2308 2443 2361 in
2474 2315 2640 2372 terra,
2679 2309 2783 2362 nisi
2807 2313 2983 2363 solum
3015 2311 3203 2381 Deum,
3234 2310 3260 2349 ά
3289 2329 3453 2384 syna-

1854 2413 2112 2469 gogarum
2138 2407 2194 2453 et
2212 2402 2379 2454 totius
2395 2400 2543 2454 orbis
2567 2399 2852 2454 foveantur
2872 2401 3191 2457 ministeriis
3215 2403 3388 2474 (Psat.
3411 2422 3449 2474 ι,

1859 2491 2074 2544 Denter.
2120 2491 2319 2561 xvut);
2364 2508 2430 2546 ex
2461 2493 2768 2562 :cqualitate
2795 2495 3078 2550 dumtaxat.
3108 2514 3210 2552 non
3247 2509 3303 2552 nt
3334 2499 3454 2555 aliis

1856 2582 2194 2654 refrigerium:
2217 2625 2230 2650 ,
2262 2591 2316 2638 et
2363 2586 2488 2639 aliis
2529 2586 2599 2640 sit
2643 2587 2922 2642 tribulatio
2957 2605 2971 2642 :
3006 2590 3099 2643 sed
3132 2602 3189 2644 ut
3219 2593 3453 2649 aliorum

1855 2676 2455 2740 abundantia,aliorum
2487 2689 2754 2734 sustentet
2784 2681 3020 2750 in0piam
3053 2684 3118 2753 (ll
3133 2683 3276 2752 Cor.,
3308 2684 3447 2756 rm).

1927 2770 2015 2822 14.
2053 2768 2408 2839 Eleemosynw
2435 2771 2619 2840 quibus
2650 2773 2974 2842 potissimum
3009 2776 3276 2844 faciendun
3318 2777 3452 2832 Mali

1853 2879 2123 2933 pauperes.
2148 2893 2218 2902 —
2248 2863 2658 2932 Respondebis,
2692 2868 2790 2918 hoc
2821 2882 3258 2937 unumquemque
3292 2883 3450 2936 posse
3514 2886 3524 2898 ·

1855 2956 1906 3007 in
1947 2954 2114 3021 patria
2146 2969 2243 3007 sua
2277 2953 2455 3009 facere
2491 2973 2502 3006 :
2547 2971 2646 3010 nec
2690 2973 2960 3026 pauperes
2988 2957 3272 3014 defuturos
3297 3001 3310 3021 ,
3358 2962 3450 3032 qui

1859 3045 2116 3101 Ecclesiae
2147 3049 2340 3116 Opilius
2372 3051 2713 3104 sustentandi
2743 3051 2871 3106 sint.
2917 3052 3023 3106 Nec
3055 3069 3154 3107 nos
3191 3069 3452 3123 negamus

1857 3141 2063 3194 etinctis
2097 3141 2430 3209 pauperibus
2470 3144 2632 3197 etiam
2664 3143 2864 3198 Juda-is
2895 3155 2949 3199 et
2978 3145 3363 3212 Samaritanis,
3405 3148 3450 3202 si

124 3235 499 3290 Christianos.
533 3260 603 3270 --
632 3229 848 3286 Videris
895 3229 1026 3283 mihi
1062 3229 1248 3284 dolere
1283 3242 1332 3284 et
1376 3231 1551 3298 aliud,
1598 3249 1665 3286 ne
1707 3234 1750 3287 si
1781 3243 1825 3306 ρ
1861 3240 2007 3284 tanta
2039 3231 2108 3284 sit
2137 3231 2384 3300 largitas,
2416 3233 2584 3301 stipes
2610 3235 2984 3302 porrigendas.
3017 3236 3123 3292 Sed
3159 3239 3451 3306 Apostolus

122 3326 436 3382 inoleverit
467 3323 608 3392 apud
633 3322 823 3379 Gallos
843 3321 1178 3380 continentia
1207 3332 1258 3376 et
1293 3323 1559 3378 sobrietas
1589 3335 1750 3395 atque

116 3421 430 3490 jejunium,
467 3418 706 3472 taberna:
737 3428 839 3470 tum
871 3417 1018 3470 lucra
1050 3432 1158 3470 non
1191 3416 1448 3483 habeant,
1473 3421 1751 3488 etvigilias

119 3514 330 3568 diaboli
381 3526 460 3566 ac
493 3511 787 3566 temulenta
824 3510 1105 3574 convivia,
1148 3518 1254 3564 tota
1296 3521 1454 3565 nocte
1494 3527 1751 3568 exercere

122 3622 229 3660 non
255 3607 488 3678 possis.
515 3602 785 3657 Prmterea
817 3601 1010 3655 iisdem
1039 3601 1106 3655 ad
1144 3617 1230 3656 tne
1261 3603 1490 3658 relatum
1519 3614 1598 3657 est
1625 3604 1752 3672 Epi-

119 3697 311 3764 stolis,
339 3694 509 3767 quod
534 3701 721 3748 contra
741 3694 1118 3752 auctoritatem
1137 3696 1368 3762 apostoli
1397 3696 1565 3762 Pauli,
1584 3699 1751 3750 immo

121 3789 290 3855 Petri,
315 3786 576 3844 Joannis
596 3793 651 3838 et
671 3784 882 3849 Jacobi,
911 3783 1004 3853 qui
1031 3785 1249 3840 dextras
1275 3785 1542 3841 dederunt
1585 3789 1751 3842 Paulo

118 3890 170 3934 et
191 3880 495 3936 Barnaba‘:
518 3875 1052 3941 communicationis,
1084 3885 1139 3930 et
1168 3888 1543 3946 pra'ceperunt
1566 3882 1664 3941 eis.
1695 3889 1752 3935 ut

120 3987 440 4042 pauperum
493 3981 767 4021 memores
804 3977 1008 4032 essent,
1040 3977 1091 4019 tu
1127 3967 1416 4035 prohibeas
1437 3969 1753 4043 llierosoly-

117 4080 261 4121 mam
289 4067 347 4120 in
380 4075 540 4119 usus
567 4069 880 4114 sanctorum
913 4060 1088 4129 aliqua
1120 4072 1426 4130 sumptuum
1453 4063 1642 4117 solatia
1673 4065 1754 4117 di-

122 4161 243 4232 rigi.
281 4158 590 4216 Videlicet
614 4154 658 4218 si
690 4153 756 4210 ad
782 4154 898 4210 haec
919 4153 1272 4224 rcSpondero,
1298 4155 1479 4209 Statim
1506 4156 1748 4221 latrabis,

126 4267 303 4309 meam
337 4267 439 4308 me
468 4262 704 4306 causam
737 4262 918 4317 agere,
951 4247 1041 4317 qui
1072 4255 1218 4300 tanta
1245 4258 1472 4302 cunctos
1506 4248 1754 4318 largitate

124 4344 380 4411 donasti,
418 4352 489 4396 ut
525 4339 633 4406 nisi
661 4339 904 4392 venisses
935 4336 1401 4405 Hierosolymam,
1435 4346 1489 4390 et
1521 4348 1642 4391 tuas
1668 4339 1754 4393 vel

122 4445 501 4506 patronorum
534 4437 753 4490 tuorum
784 4429 1040 4500 pecunias
1064 4427 1373 4491 eli'udiSses,
1400 4445 1588 4484 (mines
1615 4431 1756 4499 peri-

119 4530 465 4585 clitaremur
503 4526 676 4582 fame.
709 4523 822 4592 Ego
851 4523 951 4579 hoc
980 4523 1196 4590 loquor,
1230 4518 1372 4588 qttod
1402 4519 1589 4574 beatus
1619 4536 1753 4589 apo-

1859 3325 2158 3380 faciendam
2185 3325 2403 3394 quidem
2429 3327 2585 3382 docet
2608 3329 2672 3381 ad
2697 3343 2884 3384 omnes
2908 3330 3331 3401 elcemosynam.
3354 3329 3448 3384 sed

1858 3419 2091 3473 maxime
2120 3419 2184 3472 ad
2213 3420 2545 3473 doutcstims
2577 3421 2698 3474 fidei
2734 3420 2891 3493 (Gal.
2923 3437 2975 3474 Vl
2997 3424 3031 3490 ).
3068 3423 3139 3475 De
3171 3423 3367 3489 quibus
3398 3429 3454 3474 et

1857 3510 2110 3563 Salvator
2135 3509 2184 3562 in
2215 3509 2515 3578 Evangelia
2547 3513 2872 3581 loquebatur
2899 3531 2910 3565 :
2946 3511 3130 3566 Facite
3153 3512 3293 3565 vobis
3321 3511 3454 3562 anti-

1857 3619 1942 3654 cos
1970 3601 2031 3654 tle
2051 3618 2341 3655 mammona
2369 3603 2657 3670 iniquitatis
2681 3603 2787 3674 [ΑΙ.
2825 3603 3062 3674 iniquo],
3094 3604 3182 3672 qui
3217 3619 3298 3654 ros
3323 3602 3455 3654 reci-

1857 3696 1998 3763 piunt
2030 3695 2080 3747 in
2112 3705 2303 3748 (eterna
2345 3696 2679 3748 tabernacula
2713 3695 2879 3763 (Luc.
2911 3711 2997 3748 xvr
3020 3737 3032 3760 ,
3065 3694 3152 3764 9).
3181 3692 3455 3761 Numquid

1859 3784 1943 3838 isri
1979 3800 2243 3853 pauperes
2270 3828 2282 3848 ,
2321 3788 2461 3839 inter
2491 3801 2720 3854 quorum
2753 3801 2957 3854 pannos
2989 3797 3041 3837 et
3071 3783 3304 3837 illuviem
3334 3797 3457 3837 cor-

1859 3878 2036 3945 poris,
2087 3876 2324 3948 ﬂagrans
2372 3878 2541 3932 libido
2587 3878 2918 3944 dominatur,
2976 3885 3201 3943 possunt
3254 3875 3455 3931 habere

1858 3979 2060 4022 mterna
2107 3970 2492 4034 tabernacula,
2536 3970 2627 4037 qui
2667 3985 2767 4023 nec
2809 3969 3094 4039 praesentia
3134 3968 3455 4038 possident,

1860 4077 1959 4116 nec
2002 4062 2225 4115 futura?
2277 4063 2393 4116 Non
2449 4063 2595 4116 enim
2653 4062 2978 4132 simpliciter
3013 4073 3320 4141 pauperes,
3364 4057 3460 4112 sed

1864 4169 2135 4222 pauperes
2197 4155 2395 4223 spiritu
2461 4155 2608 4211 beati
2662 4156 3008 4224 appellantur
3069 4172 3082 4206 :
3141 4152 3211 4206 de
3262 4149 3461 4218 quibus

1859 4247 2123 4314 scriptum
2171 4257 2256 4301 est
2306 4265 2317 4298 :
2375 4246 2564 4300 Beatus
2611 4249 2700 4314 qui
2744 4247 2986 4317 intelligit
3035 4261 3188 4314 super
3237 4258 3456 4315 egenum

1859 4346 1910 4391 ct
1961 4354 2235 4407 pauperem
2273 4339 2369 4390 :in
2433 4338 2516 4391 die
2565 4339 2703 4390 malo
2749 4337 2980 4394 liberabit
3038 4354 3148 4390 eum
3209 4334 3459 4392 Dominus

1863 4429 2036 4500 (Paul.
2075 4448 2159 4498 ιιι,
2201 4432 2274 4501 1).
2319 4432 2375 4486 lu
2415 4432 2560 4502 vulgi
2605 4434 2932 4500 pauperibus
2962 4428 3332 4484 sustentandis
3365 4442 3463 4481 nc-

1860 4541 2130 4594 quaquam
2183 4526 2493 4589 intellectu,
2537 4525 2632 4580 sed
2677 4528 3022 4594 eleemosyna
3068 4538 3204 4593 opus
3245 4533 3348 4577 est.
3398 4521 3455 4576 lu

120 4623 294 4676 stolus
329 4621 556 4676 Paulus
588 4617 641 4671 in
664 4615 877 4669 cunctis
903 4629 1040 4683 pene
1069 4611 1325 4681 Epistolis
1354 4612 1464 4666 suis
1490 4612 1749 4682 loquitur,
1783 4627 1836 4687 ι)
1862 4617 2068 4670 sanctis
2108 4618 2441 4686 pauperibus
2482 4617 2765 4671 beatitudo
2807 4625 2889 4670 est
2933 4614 3347 4684 intelligentiae,
3402 4623 3461 4669 ut

118 4725 170 4768 et
197 4715 470 4786 praecipit
508 4708 774 4766 Ecelcsiis
800 4706 1050 4762 Gentium
1086 4720 1178 4774 per
1206 4717 1364 4757 unam
1391 4702 1619 4767 sabbati,
1657 4705 1760 4761 hoc

120 4817 225 4872 est,
253 4808 349 4864 die
379 4804 681 4861 dominico
703 4815 892 4855 omnes
913 4801 1160 4854 conferre
1184 4798 1406 4862 debere,
1429 4814 1548 4868 quae
1571 4799 1761 4855 Hiero.

121 4903 405 4972 solymam
437 4901 499 4954 in
534 4905 854 4951 sanctorum
890 4892 1082 4946 solatia
1110 4891 1434 4960 dirigantur,
1466 4903 1519 4946 et
1549 4892 1632 4946 vel
1667 4908 1761 4961 per

119 4994 438 5066 discipulos
472 5005 643 5053 suos,
677 4988 762 5042 vel
791 5001 891 5056 per
917 5000 1052 5055 quos
1082 4985 1182 5054 ipsi
1215 4984 1603 5054 probaverim:
1634 4994 1688 5040 et
1715 4985 1761 5040 si

120 5089 346 5157 dignum
383 5084 612 5147 fuerit,
648 5083 767 5150 ipse
795 5087 891 5134 aut
915 5073 1133 5148 dirigat,
1167 5087 1258 5131 aut
1288 5075 1314 5114 b
1343 5077 1583 5146 perferat
1609 5079 1755 5149 quod

191 5301 218 5329 δ
249 5291 389 5344 Cum
413 5282 640 5338 subitus
654 5287 805 5332 terra:
827 5275 1252 5343 motus.Prosper
1272 5275 1321 5327 in
1348 5275 1630 5342 Chronicis
1645 5279 1747 5343 Ar-

121 5363 267 5416 cadio
299 5375 356 5413 ιν
389 5364 442 5408 ct
471 5349 732 5406 Honorio
760 5363 815 5400 ιιι
842 5363 973 5399 coss.
1002 5356 1149 5398 terra:
1187 5355 1350 5398 motus
1380 5362 1469 5416 per
1495 5349 1604 5400 dies
1634 5347 1750 5414 plu-

121 5436 279 5496 rimo,
325 5429 438 5499 [μέμ
487 5417 1238 5499 malumque}ardereurituar-
1265 5417 1657 5499 ρειηΜΑιιτιΑμ.
1686 5447 1758 5457 -

325 5483 646 5560 ιίηιοςρθνι
693 5483 757 5560 εἰσ
797 5483 1115 5560 Marcellini
1180 5483 1466 5560 Clironicis
1528 5488 1759 5541 refertur

123 5555 188 5628 εδ
218 5555 438 5628 ῃῇῃυπι
471 5555 597 5620 596
626 5575 638 5611 :
668 5557 891 5612 Arcadio
917 5573 948 5610 ν
976 5566 1022 5609 et
1050 5555 1286 5610 Honorio
1315 5571 1371 5608 ιιι
1435 5572 1565 5610 coss.
1611 5569 1759 5612 terra:

123 5658 289 5702 "totus
319 5658 423 5710 per
456 5638 588 5692 dies
623 5632 875 5710 plurimos
906 5634 1032 5710 fuit,
1061 5644 1169 5685 etc.
1203 5630 1372 5684 Paulo
1419 5629 1559 5685 infra
1607 5641 1759 5688 vetus

129 5709 299 5776 editio
319 5705 394 5772 tle
422 5706 631 5767 Parad
639 5705 714 5759 iso
735 5711 921 5778 ejectos
948 5708 1020 5760 sic
1045 5725 1234 5762 orasse.

197 5773 358 5849 ams,
398 5785 646 5844 Bonon.
687 5773 772 5831 aui
811 5779 1059 5856 proferat,
1089 5791 1192 5838 etc.
1224 5788 1275 5834 et
1309 5788 1434 5832 mox
1473 5777 1583 5832 veni
1609 5773 1757 5832 obla-

1865 4710 1983 4780 [Αἰ.
2017 4719 2073 4762 ιιι
2109 4719 2161 4762 et
2188 4708 2274 4779 ei]
2306 4711 2354 4764 ei
2394 4709 2625 4774 tribuat,
2661 4711 2749 4778 qui
2781 4708 3060 4765 erubescit
3087 4710 3336 4778 accipere
3366 4726 3380 4760 :
3410 4717 3463 4764 et

1865 4817 1985 4857 cum
2011 4801 2286 4869 acceperit
2305 4842 2318 4863 ,
2341 4801 2490 4854 dolet
2521 4818 2534 4852 :
2567 4808 2777 4853 metens
2804 4798 3044 4854 carnalia
3064 4840 3079 4863 ,
3108 4810 3162 4854 et
3187 4801 3462 4854 seminans

1864 4893 2147 4964 spiritalia.
2178 4892 2334 4958 Quod
2365 4901 2545 4943 autem
2575 4892 2772 4943 asserit
2793 4905 2889 4945 eos
2916 4891 3110 4944 melius
3135 4889 3338 4954 facere,
3371 4889 3464 4955 qui

1868 4995 2091 5041 utuntur
2115 4985 2280 5039 rebus
2305 4982 2441 5043 suis,
2466 4991 2519 5036 et
2543 4983 2800 5050 paulatim
2829 4982 3036 5036 fruetus
3062 4982 3468 5052 possessionum

1866 5093 2085 5132 suarum
2121 5073 2451 5146 pauperibus
2477 5071 2748 5141 dividunt,
2785 5089 2943 5144 quatn
2974 5072 3101 5128 illos
3132 5071 3224 5143 qni
3257 5086 3472 5142 posses-

1857 5281 2018 5401 qiones
2057 5288 2104 5330 et
2146 5285 2259 5330 rota
2283 5275 2468 5343 afferre
2494 5278 2547 5331 in
2575 5277 2755 5347 quibus
2779 5320 2791 5342 ,
2821 5288 2929 5332 etc.
2964 5277 3165 5346 absque
3198 5277 3450 5329 Hieroso-

1883 5366 2075 5401 unmm.

1921 5371 1964 5400 Nl
1971 5371 2000 5400 ιι
2006 5371 2053 5400 ιη
2063 5387 2075 5400 υ

1921 5367 1988 5400 rm
2063 5387 2075 5400 .

1880 5367 1955 5503 {c-
1987 5366 2138 5503 iis...
2161 5420 2277 5478 t'ere
2298 5434 2420 5476 cum
2449 5420 2618 5478 veteri
2641 5419 2904 5484 editione,
2929 5419 3020 5478 sed
3041 5417 3234 5473 εαηεὶἰε
3258 5432 3458 5485 μαυρο-

1860 5492 1971 5543 ribn
2063 5508 2120 5543 ar
2157 5531 2169 5543 .

1933 5491 2247 5631 dséirrserei
2292 5564 2539 5618 ordinem
2584 5561 2850 5627 ertplieat,
2897 5557 3471 5631 multaque__congerit

1862 5627 2112 5705 exempla
2137 5638 2365 5694 doetiss.
2392 5639 2450 5693 Ρ.
2482 5635 2826 5698 Baechinius,
2859 5634 2912 5687 in
2939 5632 3078 5686 libro
3100 5627 3464 5705 deblett'Opo-

1863 5701 2041 5764 libus;
2077 5711 2172 5766 Ms.
2207 5711 2418 5766 Bonan.
2466 5709 2659 5765 deinde
2692 5707 2857 5763 habet
2892 5720 2955 5760 ea
2992 5701 3288 5776 (equalitate
3317 5712 3363 5760 et
3394 5703 3468 5766 ita

1866 5779 2152 5850 dumtaxat,
2184 5791 2306 5856 etc.
