4062 6342
267 239 303 295 ἱὸ
633 237 768 296 LIBER
795 238 1029 297 CONTRA
1069 238 1391 297 JOANNEM
1437 232 2168 297 IIIEROSOLYMITANUM.
2212 234 2609 295 ADMONITIO.
3103 233 3204 292 εδδ

269 355 808 426 tt/tropomorpltitarumItarési
829 357 1007 425 publice
1047 360 1285 411 incusare
1314 373 1416 409 non
1461 356 1728 408 dubitarit.
1761 357 1841 408 Ad
1868 357 1976 410 ha'c
2003 357 2236 410 rixarum
2272 356 2421 409 homo
2466 355 2703 423 cupidus,
2751 367 2935 406 causas
2977 367 3210 422 qua'rens

269 447 404 512 ttlicttr,
422 449 459 501 in
478 467 519 502 eo
538 466 572 501 se
589 448 706 502 la'sum
723 449 766 501 ab
782 448 1033 518 Epiphanio
1063 458 1367 518 conquestus
1397 461 1491 508 est,
1521 449 1657 517 quod
1688 447 1777 500 ille
1819 447 2191 501 Paulinianum
2220 449 2386 501 sancti
2418 447 2725 517 Hieronymi
2751 450 2963 516 fratrem
3010 450 3058 497 in
3107 443 3212 497 Pa-

277 541 362 588 titur
381 541 594 591 monasterio
624 549 794 609 agentem,
818 539 1187 592 ertraditionem
1217 538 1407 591 scilicet
1438 538 1717 592 Salaminii
1746 540 1973 607 episcOpi
2000 542 2351 612 presbyterum
2376 541 2707 592 ordinauerit.
2745 540 2897 605 Quod
2928 538 3013 591 ille
3033 553 3214 607 quam-

270 643 309 676 m
338 629 428 680 satis
449 628 537 681 bene
555 629 889 698 arcusarcuquod
915 645 1017 682 non
1049 629 1104 682 in
1142 628 1403 683 Parochia
1443 628 1639 682 Joanni
1678 632 1906 698 subjecta
1946 632 2000 684 id
2040 632 2268 701 fecisset,
2312 648 2569 703 unamque
2613 648 2719 686 esse
2762 632 2964 684 dissidii
3008 647 3219 685 causam

273 734 448 787 staretur,
477 725 644 776 violatam
667 721 910 793 Origeaianis
952 724 1277 794 dogmatibus
1309 733 1499 777 rectam
1531 723 1709 790 ﬁdem,
1750 721 1980 778 Joannes
2010 725 2144 778 hanc
2183 742 2338 779 unam
2379 725 2758 779 ordinationem
2803 724 3085 777 iracundiae
3109 739 3218 777 sua:

273 831 332 866 om
356 816 593 883 pra'tes'ebat.
620 815 868 880 Quamobrem
893 825 935 869 et
962 815 1340 887 Hieronymum
1376 832 1595 886 quoque,
1639 817 1872 888 ejusdem
1913 816 2217 870 Pauliniani
2249 818 2446 886 fratris,
2482 817 2639 870 multo
2671 832 2784 869 rero
2825 816 2989 886 magis
3029 814 3217 886 Orige-

271 907 286 959 i
315 923 445 972 causa,
467 909 554 960 odio
585 907 728 960 habuit.
754 905 845 960 Cum
867 909 995 960 enim
1024 908 1087 960 ab
1119 907 1403 979 Epiphanii
1425 909 1659 977 portibus
1681 919 1836 962 staret
1868 910 1928 964 S.
1964 909 2177 977 Doctor,
2209 922 2254 964 et
2276 928 2378 963 non
2409 911 2575 964 solum
2608 910 2788 978 fratris
2817 910 2898 962 sui
2922 909 3218 962 ordinatio-

272 999 412 1068 absque
429 999 589 1051 alterius
613 999 774 1068 injuria,
807 999 875 1051 sed
915 1015 977 1052 es:
1006 1012 1210 1068 recepta
1251 1000 1384 1052 inter
1412 999 1569 1070 Cypri
1596 999 1863 1070 episcOpos
1913 1001 2288 1054 consuetudine
2319 1005 2513 1071 factam
2560 1000 2716 1070 probe
2742 999 2916 1062 sciret,
2946 997 3037 1050 sed
3064 998 3218 1051 etiam

270 1093 337 1141 nis
356 1105 503 1142 errores
523 1091 673 1142 acribus
689 1106 766 1160 qua
785 1090 934 1148 verbis.
965 1107 1066 1159 qua
1093 1090 1302 1159 scriptis
1319 1091 1614 1161 jugularet,
1647 1090 1719 1142 ita
1746 1087 1965 1143 Joannis
2006 1091 2332 1143 iracundiam
2367 1091 2544 1153 movit,
2574 1101 2630 1142 ut
2669 1087 2731 1141 ab
2757 1087 2850 1140 illo
2875 1089 2939 1141 de
2968 1085 3217 1141 Ecclesia:

269 1181 420 1235 natione
439 1183 559 1252 fuerit
577 1183 720 1249 ejectus
740 1199 754 1233 :
774 1182 940 1234 tametsi
971 1197 1086 1232 cum
1111 1191 1216 1232 tota
1244 1179 1726 1249 Hierosolymitana
1753 1180 1984 1233 Eccltsia
2012 1181 2334 1234 continenter
2355 1179 2767 1233 communicarit.

269 1276 409 1329 Tantos
430 1276 652 1328 animorum
675 1286 800 1328 motus
824 1273 1092 1327 Archelaus
1120 1290 1287 1326 comes
1309 1290 1632 1342 compescere
1659 1275 1831 1326 statim
1869 1275 2017 1326 initio
2040 1275 2260 1340 studuit,
2285 1274 2619 1341 condictoque
2651 1272 2789 1340 pacis
2820 1271 3059 1325 ineundce
3080 1272 3220 1342 loco,

270 1383 318 1417 tm
349 1367 504 1418 violata
525 1365 620 1433 ﬁdei
655 1365 830 1435 suspicio
851 1363 1126 1418 discordias
1158 1365 1458 1433 peperisset,
1491 1381 1517 1417 e
1543 1365 1867 1436 singulorum
1899 1365 2019 1431 fidei
2044 1365 2361 1434 professione
2391 1365 2576 1417 inirent
2598 1364 2952 1417 concordiam.
2991 1361 3220 1421 Joannes

269 1458 382 1508 semel
403 1466 520 1524 atque
541 1456 683 1507 iterum
708 1454 898 1506 invitanti
927 1455 993 1505 ad
1024 1453 1415 1521 pasciscendum
1443 1452 1722 1518 Archelao,
1758 1454 1908 1506 modo
1933 1471 2106 1518 unam,
2144 1457 2295 1506 modo
2324 1455 2505 1519 aliam,
2538 1455 2820 1508 levissimas
2860 1456 3218 1509 excusationes

269 1551 379 1612 dens,
405 1548 570 1599 minime
593 1547 746 1614 paruit.
771 1545 856 1598 Sed
880 1545 947 1595 ad
982 1544 1323 1612 TheOphilum
1347 1544 1780 1608 Alexandrinum,
1817 1554 1872 1596 ut
1900 1561 1993 1611 par
2015 1555 2089 1597 est
2116 1543 2342 1604 credere,
2364 1544 2558 1596 litteras
2585 1545 2748 1608 dedit,
2779 1545 2830 1596 in
2861 1545 3042 1612 quibus
3066 1545 3217 1597 illum

273 1637 469 1688 arescenti
486 1636 693 1688 distordia
710 1635 933 1686 certiorem
957 1634 1096 1702 fecit,
1127 1635 1258 1701 forte
1279 1634 1431 1687 etiam
1459 1645 1512 1686 ut
1534 1636 1856 1689 adversarios
1877 1651 1996 1687 suos
2019 1634 2427 1705 reprehenderet,
2453 1636 2755 1703 deprecatus
2781 1644 2875 1690 est.
2902 1634 3214 1706 Theophilus

269 1745 341 1796 pro
362 1744 408 1779 eo
430 1742 480 1777 ac
502 1726 642 1778 debuit
666 1724 720 1776 ad
739 1723 1084 1794 Hieronymum
1117 1725 1344 1789 scripsit,
1376 1725 1538 1792 deque
1567 1724 1647 1777 his
1673 1742 1785 1793 qua'
1811 1725 1901 1778 abs
1921 1723 2127 1778 Joanne
2149 1734 2437 1793 acceperat,
2455 1727 2863 1796 commonefecit,
2885 1736 2930 1778 et
2951 1725 3020 1778 ad
3039 1741 3218 1796 pacem

269 1829 286 1868 '.
314 1818 381 1868 Ad
399 1833 519 1887 quem
543 1827 682 1867 noster
703 1814 936 1879 epistolam
974 1813 1074 1867 1⁸52
1101 1815 1153 1865 in
1182 1826 1357 1867 nostra
1385 1815 1679 1867 recensione
1704 1816 1953 1878 rescribit,
1986 1818 2037 1867 in
2071 1833 2172 1885 qua
2202 1833 2374 1882 pacem
2403 1816 2540 1869 ultro
2575 1834 2628 1870 se
2663 1834 2892 1887 qua'rere
2929 1822 3216 1888 professus,

269 1907 506 1977 tingit/etim
529 1902 674 1968 diluit,
703 1919 952 1970 causasque
989 1905 1398 1964 contentionum,
1429 1913 1476 1956 et
1508 1904 1713 1957 violattr
1741 1906 1863 1973 fidei
1898 1905 2078 1978 legerit
2106 1907 2157 1958 in
2189 1905 2465 1959 Joannem.
2506 1906 2637 1961 Tum
2677 1909 2932 1962 laboranti
2963 1912 3124 1980 magis
3155 1925 3218 1962 ac

269 1999 430 2050 :clesite
453 2010 706 2049 succurrere
734 1995 881 2046 volens
909 1992 1248 2062 TheOphilus,
1283 1992 1546 2046 Isidorum
1574 1995 1924 2063 presbyterum
1969 1997 2173 2065 pietatis
2219 1997 2543 2063 aliarumque
2578 1999 2818 2051 rirtutum
2846 2002 2986 2067 fama
3015 1999 3225 2051 notissi-

270 2094 288 2143 l
306 2108 435 2159 quem
463 2089 730 2157 Origeuiana
759 2086 877 2138 labes
899 2087 1238 2154 corripuerat,
1264 2087 1490 2154 legatum
1530 2086 1683 2137 mittit
1714 2084 2131 2157 Hierosolymam
2149 2103 2263 2138 cum
2289 2088 2497 2150 litteris,
2528 2087 2713 2156 quibus
2737 2103 3042 2157 componere
3061 2087 3220 2140 dissi-

268 2185 388 2235 ‘imos
405 2181 570 2235 studet.
614 2180 772 2231 Verum
796 2178 948 2230 ntalus
974 2179 1066 2230 iste
1087 2178 1226 2247 pacis
1259 2187 1513 2246 sequester
1539 2192 1653 2228 cum
1675 2178 1879 2230 advenit
1903 2177 2346 2247 Hierosolymam,
2371 2178 2680 2248 legationem
2710 2195 2856 2232 suam
2880 2179 3215 2244 renuntiavit,

271 2285 464 2326 stamen
491 2273 663 2324 litteras
697 2269 885 2322 reddere
913 2265 1235 2336 Hieronymo
1265 2264 1448 2326 noluit,
1494 2266 1576 2318 cui
1601 2283 1702 2335 qua
1719 2265 1953 2333 renti,,Si
1989 2267 2199 2336 legatus
2227 2283 2308 2331 cs,
2339 2268 2508 2321 redde
2539 2268 2829 2338 legationis
2861 2268 3144 2338 epistolas,
3175 2266 3224 2322 si

279 2380 373 2415 non
405 2362 574 2425 habes,
601 2358 841 2428 quomodo
865 2359 1094 2426 legatum
1125 2364 1178 2408 te
1208 2355 1502 2424 probabis?
1531 2356 1795 2424 respondit
1825 2355 2009 2407 habere
2037 2371 2090 2408 se
2111 2356 2316 2424 quidem
2339 2357 2560 2422 litteras,
2595 2357 2686 2411 sed
2707 2370 2991 2430 rogatuma
3015 2356 3223 2413 Joanne

268 2464 335 2505 tt:
363 2451 652 2521 proindeque
676 2446 840 2500 maluit
869 2463 922 2498 re
959 2447 1151 2514 infecta
1187 2445 1474 2509 discedere,
1505 2461 1662 2514 quam
1694 2445 1887 2511 favoris
1927 2446 1982 2498 in
2027 2444 2372 2515 Origenianas
2404 2456 2573 2514 partes
2611 2446 2810 2501 tolleret
2852 2450 3220 2521 suspicionem.

271 2563 347 2598 ten
372 2546 467 2616 fuit
486 2543 680 2606 Joanni,
713 2551 762 2594 ut
791 2539 1091 2610 Apologiam
1119 2539 1187 2590 ad
1215 2536 1560 2607 TheOphilum
1587 2553 1679 2608 pro
1702 2554 1796 2590 sua
1828 2554 1982 2590 causa
2013 2536 2274 2603 scriberet,
2312 2537 2380 2590 ad
2417 2554 2628 2607 eumque
2655 2539 2977 2593 scribendam
3015 2557 3226 2613 cperant

267 2641 477 2703 ttodttt‘ll,
511 2649 580 2704 ut,
609 2637 760 2706 inquit
799 2633 1013 2687 Hieron.
1052 2633 1195 2687 idem
1223 2643 1371 2686 esset
1398 2641 1453 2685 ct
1476 2631 1708 2685 dictator
1748 2642 1804 2686 et
1843 2630 2058 2700 bajulus
2095 2631 2424 2685 litterarum.
2470 2629 2656 2700 Itaque
2681 2631 2911 2686 Joannes
2941 2632 3226 2703 Epiphanii

270 2736 518 2802 rspondere
545 2730 852 2800 dedignatus,
882 2725 1187 2796 Apologiam
1227 2724 1372 2776 illaut
1401 2738 1783 2793 quaquaversus
1823 2723 1983 2787 misit,
2024 2724 2113 2777 sed
2155 2724 2479 2793 potissimum
2505 2724 2557 2776 in
2590 2722 2934 2790 Occidentem,
2968 2737 3024 2779 ut
3061 2726 3114 2780 in
3141 2724 3223 2780 sui

271 2830 402 2882 xime
427 2827 765 2881 Romanorum
803 2823 1122 2873 sacerdotum
1147 2834 1296 2870 aures
1326 2827 1727 2885 pra'occuparet.
1757 2816 1958 2870 Revera
1987 2816 2372 2881 Pammachius,
2401 2818 2682 2871 multarunt
2722 2820 2920 2872 animos
2943 2821 2996 2873 in
3026 2821 3229 2876 diversa

270 2920 387 2971 tisse
423 2917 594 2971 scribit
625 2915 692 2967 ad
725 2911 1120 2978 Hieronymum,
1163 2907 1282 2961 aliis
1310 2908 1610 2971 Salaminii,
1639 2908 1760 2961 aliis
1790 2907 2252 2978 Hierosolymitani
2293 2910 2524 2980 episcopi
2547 2926 2759 2964 causam
2781 2911 3180 2980 defendentibus
3202 2927 3225 2968 ,-

271 3011 533 3072 ea'citatus,
579 3007 636 3060 S.
683 3003 957 3057 Doctorem
999 3008 1167 3068 rogat,
1202 3009 1251 3050 ut
1283 2998 1408 3067 quid
1439 2997 1513 3049 rei
1538 2996 1624 3063 sit,
1657 3007 1902 3066 exponat.
1932 2995 2051 3049 Jam
2084 3014 2199 3050 vero
2229 2997 2326 3049 hoc
2355 3000 2482 3052 libro
2515 2997 2858 3069 Hieronymus
2899 3002 2979 3054 illi
3023 3018 3220 3057 morem

269 3105 441 3172 (itque,
475 3101 604 3152 adeo
626 3113 726 3150 non
759 3090 1063 3147 Pauliniani
1089 3092 1265 3158 fratris
1296 3087 1672 3141 ordinationem
1701 3104 1907 3140 causam
1933 3105 2040 3142 isse
2064 3087 2288 3154 dissidii,
2321 3088 2411 3141 sed
2455 3087 2768 3162 Origenismi
2798 3108 2997 3146 errores
3025 3092 3224 3146 Joanni

276 3208 625 3269 pra'terquam
655 3195 792 3263 quod
816 3194 866 3245 in
892 3188 1408 3260 EleutherOpolitano
1441 3187 1720 3248 territorio,
1760 3203 1858 3239 non
1889 3188 1940 3239 in
1973 3185 2200 3240 xEliensi
2244 3189 2512 3241 ordinatus
2542 3200 2618 3242 est
2653 3189 3020 3258 I’aulinianus,
3063 3195 3221 3248 etiam

272 3287 650 3347 tsecrationem,
684 3284 793 3346 iam
828 3282 1068 3354 Origenis
1115 3295 1272 3332 causa
1305 3275 1562 3329 Joannem
1590 3278 1728 3329 inter
1757 3285 1906 3345 atque
1946 3273 2304 3345 Epiplianium
2335 3277 2489 3346 fuerit
2527 3277 2620 3332 illa
2659 3282 2948 3338 altercatio.
2982 3281 3224 3355 Origeni-

272 3382 292 3433 t
314 3391 431 3433 octo
460 3385 667 3432 revocat
691 3376 889 3446 capita,
921 3391 946 3428 e
970 3373 1150 3442 quibus
1173 3373 1274 3424 tria
1303 3381 1501 3424 tantum
1528 3367 1782 3440 Apoloyia
1811 3367 1901 3420 illa
1927 3385 2020 3420 sua
2041 3367 2270 3421 Joannes
2293 3373 2608 3442 purgaverit,
2636 3373 2691 3426 1⁸
2714 3391 2803 3428 nec
2829 3373 3024 3430 Filium
3045 3375 3218 3430 videre

275 3519 287 3539 ,
316 3491 412 3528 nec
436 3474 730 3544 Spiritum,
757 3467 809 3522 F
813 3470 1001 3533 ilium;
1030 3469 1089 3522 2°
1111 3469 1314 3521 animas
1343 3475 1551 3537 pr0pter
1575 3475 1782 3536 peccata
1805 3481 1832 3518 e
1853 3463 1977 3518 ctelo
2008 3463 2235 3535 dilapsos
2258 3465 2309 3517 in
2341 3480 2528 3535 corpus
2557 3482 2667 3520 esse
2692 3468 2850 3522 veluti
2879 3470 2931 3522 in
2960 3483 3216 3522 carcerem

299 3573 593 3638 futurum,
635 3574 692 3616 ut
736 3561 986 3616 diabolus
1031 3560 1322 3628 resipiscat,
1370 3568 1416 3612 et
1462 3565 1811 3621 convertatur,
1859 3566 1906 3609 et
1940 3571 2054 3608 cum
2093 3554 2300 3610 Sanctis
2344 3567 2550 3626 regnet;
2593 3555 2650 3608 4°
2689 3559 2944 3611 Adamum
2983 3567 3029 3612 et
3061 3557 3228 3612 Evam

273 3667 455 3711 carent
485 3672 724 3724 corpore
747 3654 1003 3718 concisse,
1037 3667 1150 3721 qua:
1175 3666 1394 3719 corpora
1420 3647 1609 3701 tunicis
1639 3646 1875 3717 pelliceis
1901 3657 2016 3718 post
2047 3657 2312 3718 peccatum
2339 3647 2676 3713 indicantur;
2708 3651 2765 3705 5°
2806 3667 3012 3705 carnem
3037 3666 3228 3720 nequa-

273 3771 362 3805 um
409 3751 508 3814 iri,
570 3763 784 3817 nosque
827 3762 959 3799 sexu
999 3745 1052 3798 in
1081 3743 1459 3796 resurrectione
1511 3741 1802 3805 carituros;
1843 3740 1899 3795 6°
1927 3742 2228 3811 paradisum
2273 3750 2565 3794 terrestrem
2614 3742 2892 3814 allegorice
2938 3743 3232 3814 intelligen-

275 3865 300 3901 s
330 3861 460 3916 quae
489 3859 664 3913 super
695 3841 866 3894 caelos
902 3839 954 3892 in
984 3837 1262 3908 Scriptura
1285 3836 1550 3900 dicuntur,
1580 3851 1688 3889 esse
1717 3836 1972 3906 Angelos,
2005 3850 2120 3905 qute
2139 3835 2313 3888 subter
2345 3834 2497 3890 ctelos
2535 3845 2679 3896 sunt.
2713 3835 3006 3901 dwmones;
3046 3837 3103 3893 8"
3136 3839 3229 3894 ho-

273 3950 438 3991 atum
467 3935 580 3989 Dei
601 3933 910 4006 imaginem
936 3930 1190 3984 amisisse.
1228 3927 1280 3981 II
1285 3944 1339 3983 os
1370 3929 1541 3996 itaque
1567 3943 1765 3981 errores
1793 3928 1979 3980 iterum
2011 3925 2208 3982 Joanni
2230 3926 2430 3998 objicit,
2455 3928 2668 3998 ejusque
2691 3927 2960 3999 Apologitr
2988 3932 3226 4001 strophas

271 4049 276 4079 ε
305 4030 594 4081 continuo
629 4024 934 4094 alloquens
963 4021 1498 4092 Hierosolymitanum
1529 4017 1846 4088 episcopum.

271 4140 325 4185 ι),
356 4119 572 4188 quibus
605 4118 754 4172 liber
788 4116 898 4168 iste
923 4115 985 4168 ab
1002 4124 1213 4168 auctore
1234 4129 1336 4167 non
1359 4112 1538 4180 finitus
1567 4109 1826 4173 videatur,
1861 4110 1999 4174 quod
2031 4125 2090 4162 ea
2135 4110 2329 4178 factum
2355 4112 2420 4167 de
2447 4129 2604 4166 causa
2633 4124 2842 4182 putant,
2867 4113 3005 4183 quod
3028 4129 3088 4167 eo
3111 4115 3227 4186 ipso

269 4213 597 4274 'ibebatur,
633 4207 952 4277 Theophili
983 4207 1153 4261 studio
1177 4224 1282 4276 pax
1305 4207 1436 4259 inita
1466 4203 1674 4258 tandem
1701 4203 1790 4256 sit.
1827 4201 2020 4256 Verum
2053 4219 2215 4272 neque
2235 4205 2575 4275 improbabile
2600 4207 2666 4261 sit
2683 4207 2911 4276 opinari,
2944 4217 3233 4276 temporum

271 4320 344 4354 rm
380 4305 515 4373 ejus
545 4309 817 4370 partem,
852 4313 1072 4362 eamque
1111 4296 1471 4367 perexiguam,
1502 4292 1777 4348 excidisse.
1814 4290 1881 4346 Ut
1911 4302 1964 4346 ut
1994 4309 2048 4350 se
2073 4309 2152 4346 res
2185 4294 2392 4360 habeat,
2426 4306 2562 4350 certe
2596 4297 2850 4367 Ruﬁnum
2884 4298 3036 4353 latuit
3057 4298 3236 4354 istlttcc

278 4407 422 4443 nam
449 4389 728 4443 maxime
763 4386 988 4440 velitari
1019 4401 1121 4438 non
1146 4385 1425 4439 destitisset
1463 4387 1515 4438 in
1553 4383 1939 4439 Invectivarum
1979 4383 2147 4440 libris.
2184 4385 2267 4441 Ex
2295 4387 2377 4441 his
2417 4387 2604 4441 mirum
2631 4399 2881 4454 quantum
2920 4391 3109 4446 eruditi
3141 4394 3235 4446 viri

269 4482 605 4556 :signanda
665 4480 765 4534 illi
796 4478 1059 4548 temporis
1090 4477 1284 4548 epocha
1305 4495 1324 4531 :
1351 4478 1435 4545 qui
1477 4477 1629 4532 citius
1657 4496 1792 4533 ttnno
1817 4479 1943 4543 593,
1972 4480 2060 4549 qui
2081 4480 2245 4534 serius
2273 4479 2402 4544 406,
2434 4481 2686 4551 offigunt,
2717 4484 2811 4537 alii
2833 4495 2986 4556 prout
3035 4487 3241 4543 libitum

271 4575 464 4628 arenis
479 4613 493 4625 .
541 4571 692 4625 Nos
725 4580 793 4624 ut
825 4587 926 4624 an.
947 4566 1078 4633 599,
1099 4567 1177 4620 vel
1197 4566 1303 4622 400
1325 4567 1706 4636 consignemus,
1740 4569 1940 4622 duobus
1965 4567 2105 4622 hisce
2127 4570 2448 4639 argumentis
2469 4572 2863 4641 persuademur,
2883 4593 3000 4646 qua:
3025 4578 3077 4632 in
3101 4578 3238 4633 notis

270 4671 596 4722 stolarum
612 4666 770 4735 jam
806 4661 1212 4734 praposuimus.
1246 4657 1486 4712 Primum
1527 4668 1622 4726 est,
1657 4661 1797 4730 quod
1821 4659 2228 4715 Commentarios
2253 4662 2304 4715 in
2335 4660 2724 4730 Ecclesiastcm,
2756 4676 2803 4719 et
2823 4671 3240 4739 explanationem

272 4762 422 4814 'sios
454 4776 498 4812 a
530 4773 602 4812 se
666 4763 837 4810 ante
871 4768 1056 4807 armos
1084 4751 1264 4806 ferme
1291 4749 1485 4804 decem
1517 4751 1876 4804 concinnatam
1904 4752 2098 4817 tradit;
2123 4768 2252 4820 quos
2274 4762 2332 4806 ut
2361 4754 2424 4807 de
2445 4752 2841 4812 Commentariis
2866 4773 3068 4816 tantum
3098 4764 3246 4817 dica-

295 4854 443 4910 390
483 4851 866 4905 adornasse
902 4848 1040 4901 idem
1071 4847 1184 4915 ipse
1215 4853 1432 4898 testatur
1457 4852 1564 4896 tum
1591 4844 1738 4910 alibi,
1769 4854 1876 4898 tum
1925 4844 2186 4914 prtecipue
2226 4845 2279 4897 in
2311 4847 2610 4900 earumdem
2645 4847 2971 4919 Prtefatione
3009 4863 3076 4907 aa
3098 4855 3244 4908 Pau-

271 4966 319 5011 ι,
366 4947 516 5012 ubi,
562 4950 737 5014 post
806 4942 1000 4997 ferme
1048 4938 1512 5010 quinquennium,
1542 4953 1606 4992 ea:
1629 4953 1730 5005 quo
1771 4935 1941 4990 Roma
1965 4935 2228 5003 evasisset,
2258 4937 2396 4990 istud
2421 4952 2477 4991 se
2515 4940 2684 5008 aperis
2707 4942 3014 5011 suscepisse,
3049 4946 3248 5016 planis-

278 5054 502 5110 porro
541 5036 606 5089 si
648 5041 877 5106 ferme
929 5032 1103 5086 decem
1130 5029 1463 5101 adjunxeris,
1503 5044 1670 5082 annus
1708 5027 1936 5098 efficitur
1958 5026 2066 5082 599
2112 5037 2202 5080 aut
2234 5028 2361 5084 4L0.
2417 5028 2674 5100 Alterum,
2714 5051 2816 5104 quo
2860 5036 2995 5090 idem
3043 5047 3244 5109 tempus

276 5143 487 5186 suum
557 5129 734 5182 inde
800 5130 1070 5197 pet-imus,
1119 5125 1259 5195 quod
1302 5123 1394 5179 sub
1423 5121 1679 5193 Opusculi
1715 5122 1872 5191 ﬁnem
1921 5139 1977 5177 se
2006 5121 2132 5176 dicit
2179 5131 2307 5178 ante
2356 5138 2538 5180 annos
2586 5128 2852 5185 tredecim
2896 5133 3243 5190 Antiochiam

283 5241 406 5277 cm
449 5219 926 5284 deseruisse,
957 5229 1018 5273 ut
1047 5218 1101 5272 in
1131 5217 1276 5288 agris
1313 5231 1376 5271 ac
1405 5214 1729 5278 solitudine.
1755 5214 2146 5270 adolescentia:
2171 5214 2380 5273 deﬂens
2416 5231 2660 5288 peccata,
2685 5222 2887 5280 Christi
2920 5227 2972 5281 in
2999 5242 3060 5282 se
3083 5231 3248 5285 mise-

293 5325 446 5370 ret.
491 5313 917 5374 Enimvero,
945 5328 1048 5365 non
1079 5311 1176 5364 nisi
1204 5309 1267 5363 ab
1319 5320 1497 5364 exacto
1537 5325 1676 5362 anno
1699 5309 1806 5364 586
1842 5310 1896 5362 hi
1922 5310 2163 5363 tredecim
2197 5312 2474 5382 supputari
2496 5314 2607 5367 ullo
2639 5318 2789 5369 modo
2811 5332 3051 5389 possunt,
3083 5323 3247 5390 siqui-

294 5409 574 5463 terioris
642 5405 802 5461 585
873 5404 1166 5475 Augustum
1197 5419 1417 5457 mensem
1462 5402 1647 5457 Romae
1692 5419 1810 5457 eum
1854 5403 2146 5459 constitisse
2191 5417 2514 5477 compertum
2544 5419 2656 5474 est;
2683 5427 2782 5480 quo
2809 5422 3036 5482 tempore
3059 5431 3174 5470 cum
3195 5418 3252 5474 in

308 5510 472 5566 εδει,
519 5499 700 5554 aliis
746 5497 1010 5552 subinde
1042 5497 1340 5568 regionibus
1365 5496 1679 5567 peragratis,
1725 5507 1835 5550 tum
1881 5498 2090 5551 demum
2129 5499 2354 5552 substitit
2395 5500 2687 5554 Antiochia:
2716 5517 2910 5572 :quam
2933 5508 3110 5562 urbem
3132 5510 3248 5566 ideo

319 5615 353 5658 -,
405 5595 611 5666 quod
654 5595 733 5647 in
773 5596 922 5666 ejus
957 5589 1211 5658 Ecclesia,
1236 5591 1304 5644 ad
1326 5607 1480 5660 quam
1523 5590 1584 5645 ob
1611 5591 1992 5647 ordinationem
2031 5595 2288 5664 pertinere
2332 5594 2622 5658 videretur,
2649 5612 2765 5650 cum
2785 5599 3057 5666 splendide
3073 5613 3247 5672 posset

334 5685 611 5758 afungi,
659 5681 919 5737 maluit
949 5697 1102 5752 agros
1134 5696 1194 5734 ac
1215 5680 1550 5737 solitudinem
1571 5693 1830 5753 appetere,
1853 5695 1910 5739 ut
1949 5685 2314 5740 adolescentia:
2333 5697 2544 5756 peccata
2567 5686 2865 5755 paenitentia
2884 5688 3093 5750 deleret.
3125 5693 3250 5760 Tre-
