4062 6390
565 14 950 22 ———-——.__

618 347 725 402 δεῖ)
1801 336 1860 392 S.
1908 334 2182 392 EUSEBII
2225 336 2607 394 HIERONYMI
3805 345 3907 402 360

625 440 816 526 postea
869 453 1177 522 Episcopus
1208 450 1371 522 Cypri
1399 465 1425 505 a
1457 450 1686 506 Valente
1715 464 1821 505 non
1875 452 2214 520 tangebatur.
2248 458 2294 515 Α
2325 454 2440 523 Ipsa
2481 469 2696 525 quoque
2737 455 2837 509 tria
2866 454 3028 528 413
3056 457 3206 527 quasi
3255 458 3536 528 negligens
3573 467 3732 529 atque
3760 477 3908 516 sccu-

628 547 822 601 Tantae
846 545 991 598 enim
1025 543 1392 599 venerationis
1421 557 1638 613 semper
1667 543 1786 608 fuit,
1834 551 1892 596 ut
1933 552 2224 612 regnantes
2329 562 2442 611 rus,
2469 548 2732 615 quasique
2779 548 2926 602 aliud
2969 564 3137 619 agens
3178 567 3190 603 :
3230 557 3282 604 et
3330 550 3606 620 inquibus
3654 561 3742 605 aut
3769 553 3908 610 nulla

627 633 895 698 hzeretici,
922 635 1275 703 ignominiam
1296 647 1447 687 suam
1478 643 1751 702 putarent,
1784 632 1830 686 si
1855 635 2013 687 talem
2047 635 2222 686 virum
2329 651 2422 694 aut
2455 655 2620 710 parva
2643 640 2712 695 sit
2739 640 2988 710 quaestio.
3008 643 3363 712 praetervolas
3387 654 3550 713 atque
3576 644 3908 715 perstringis.

625 739 1112 799 persequerentur.
1163 727 1355 782 Scribe
1398 727 1562 796 igitur
1608 726 1673 780 ad
1727 727 1887 780 hunc.
1939 724 2226 794 Responde
2333 733 2398 786 Et
2432 733 2502 787 ita
2529 744 2751 803 opertus
2780 749 2843 789 ac
2885 743 3058 790 tectus
3084 737 3316 802 incedis,
3369 744 3428 791 ut
3469 737 3588 804 plus
3615 738 3913 794 confitearis

627 821 878 888 episntla:
909 821 1070 889 ejus:
1104 820 1342 874 sentiant
1369 818 1555 874 caeteri
1602 818 1790 884 tinem,
1833 818 2225 888 eloquentiam,
2332 823 2561 878 tacendo
2611 839 2769 892 quam
2823 839 3020 880 renuas
3061 825 3408 896 disputando.
3442 826 3575 895 Quis
3617 843 3722 882 non
3754 829 3912 896 proti-

634 915 981 986 prudentiam
1025 923 1199 979 tuam,
1236 929 1302 967 ne
1350 913 1442 966 tibi
1490 913 1641 967 solus
1686 912 1926 967 disertus
1975 927 2095 966 esse
2147 911 2228 964 vi-
2333 930 2433 969 nus
2459 915 2550 968 tibi
2581 925 2754 983 potest
2780 917 2961 972 dicere
2994 935 3007 970 :
3045 919 3103 971 Si
3129 917 3303 972 lumen
3331 919 3543 989 quodin
3573 929 3621 973 te
3651 928 3740 986 est,
3775 931 3912 975 tene-

635 1009 845 1064 dearis.
870 1007 978 1062 Cur
1005 1006 1074 1061 ab
1103 1007 1210 1060 alio
1241 1016 1586 1076 provocatus,
1619 1005 1874 1060 aliorsum
1924 1020 2070 1058 arma
2101 1018 2231 1058 con-
2333 1006 2438 1060 bra:
2463 1016 2600 1072 sunt,
2635 1008 2758 1076 ipsa:
2783 1009 3002 1062 tenebra,’
3043 1021 3250 1080 quaan
3277 1023 3422 1064 erant
3455 1011 3668 1081 (Matth.
3699 1027 3770 1078 vt,
3794 1012 3917 1083 9'5)?

632 1102 845 1157 vertis?
874 1100 1178 1155 Palaestina:
1229 1097 1338 1171 [Αι.
1390 1096 1721 1168 Paltestinis]
1752 1096 2126 1166 interrogaris,
2176 1103 2232 1150 et
2332 1099 2388 1154 Si
2427 1111 2535 1153 tres
2565 1100 2997 1168 qumstiunculm,
3027 1101 3096 1156 de
3125 1104 3320 1172 quibus
3351 1105 3500 1158 visus
3530 1119 3589 1159 es
3619 1104 3816 1172 aliquid
3846 1106 3922 1159 di-

637 1193 936 1263 respondes
970 1193 1230 1263 [Egyptm
1255 1190 1396 1246 Aliis
1425 1190 1781 1260 lippientibus
1801 1231 1815 1255 ,
1842 1190 1998 1260 ungis
2043 1187 2232 1244 oculos
2333 1204 2480 1255 cere,
2504 1191 2818 1260 StISpicione
2845 1203 2898 1245 et
2924 1193 3083 1261 culpa
3115 1210 3220 1248 non
3244 1204 3452 1260 carent,
3507 1203 3563 1249 et
3616 1195 3920 1250 fraudulen-

639 1299 747 1340 non
797 1284 1121 1339 dolentium.
1156 1281 1212 1338 Si
1262 1283 1526 1353 placitura
1557 1282 1714 1336 nobis
1757 1281 1912 1335 alteri
1971 1280 2227 1350 loqueris,
2337 1292 2418 1335 ter
2441 1296 2502 1335 ac
2526 1282 2734 1336 lubrice
2757 1283 2973 1351 scriptae
3003 1293 3386 1354 coarguuntur,
3428 1285 3557 1355 quid
3579 1285 3832 1342 faciemus
3860 1287 3925 1342 de

635 1379 769 1433 satis
811 1376 1050 1447 superbe
1082 1394 1095 1430 :
1127 1376 1171 1430 si
1203 1374 1350 1430 aliud
1400 1390 1559 1444 quam
1604 1374 1920 1444 quaerimus,
1967 1373 2100 1426 satis
2143 1387 2235 1426 su-
2335 1374 2575 1442 quinque
2607 1373 2854 1444 reliquis,
2889 1377 2940 1428 in
2966 1375 3161 1444 quibus
3191 1378 3315 1445 quia
3365 1377 3511 1431 nulla
3556 1378 3788 1448 ambigui
3816 1393 3928 1433 ser-

635 1467 861 1539 perflue.
2338 1468 2513 1521 monis
2530 1467 2762 1522 dabatur
2789 1469 3026 1532 occasio,
3054 1483 3155 1523 nec
3194 1468 3423 1525 illudere
3450 1481 3673 1540 poteras
3713 1470 3931 1527 audien-

714 1560 876 1633 412
919 1561 972 1616 5.
1016 1558 1338 1629 TheOpltilus
1387 1559 1509 1628 quid
1558 1558 1864 1626 probaverit.
1917 1557 2023 1612 Sed
2077 1556 2232 1621 dicis,
2340 1570 2450 1626 tes,
2483 1560 2721 1615 maluisti
2766 1566 2990 1616 omnino
3037 1561 3293 1627 reticere,
3334 1578 3494 1632 quam
3553 1573 3746 1634 aperte
3789 1563 3928 1634 quod

642 1653 926 1722 epistolam
957 1666 1132 1705 meam
1179 1650 1428 1719 probavit
1480 1648 1883 1705 Alexandrinus
1925 1648 2231 1718 episcopus.
2338 1660 2541 1706 rectum
2573 1651 2930 1725 [ALtcctum]
2957 1653 3130 1708 fuerat
3159 1654 3426 1709 confiteri.
3465 1688 3470 1693 -

641 1744 781 1813 Quid
836 1743 1129 1813 probavit?
1178 1749 1367 1796 contra
1403 1741 1626 1806 Arium,
1684 1751 1875 1793 contra
1919 1739 2233 1804 Photinum,

2411 1746 2464 1798 '7.
2512 1744 2639 1798 Octo
2686 1763 2748 1799 ea:
2802 1745 3039 1817 Origenis
3088 1748 3346 1803 erroribus
3395 1750 3736 1817 qutcstionum
3767 1751 3932 1819 capita

644 1845 834 1892 contra
857 1835 1216 1889 Manichteum
1242 1833 1378 1886 bene
1404 1832 1665 1886 locutum.
1697 1830 1828 1897 Quis
1864 1831 2008 1884 enim
2044 1841 2092 1883 te
2135 1829 2237 1884 hoc
2267 1833 2315 1892 B
2340 1833 2533 1889 Joanni
2551 1837 2745 1909 objecta
2758 1837 2818 1890 ab
2844 1837 3298 1908 Epiphania—El
3317 1842 3545 1909 primum
3565 1841 3633 1896 de
3656 1843 3795 1896 libro
3817 1844 3934 1918 περὶ

646 1938 892 1998 tempore
936 1927 1114 1998 arguit
1162 1925 1470 1979 Arianum?
1514 1925 1634 1992 quis
1685 1924 1780 1978 tibi
1812 1939 1952 1976 nunc
1998 1922 2234 1987 Photini,

2359 1936 2546 2004 Λρχῶν
2563 1929 2648 1982 ubi
2671 1930 2936 1998 loquitur:
2957 1931 3252 1986 sicuteuim
3271 1933 3622 2003 incongruum
3638 1933 3929 2000 estdicere,

646 2017 1039 2087 Manichtcique
1072 2015 1276 2072 crimen
1311 2014 1596 2084 impingit?
1621 2013 1762 2067 Olim
1809 2013 1910 2066 ista
1955 2012 2237 2066 emendata
2344 2020 2484 2089 quod
2505 2021 2671 2088 possit
2695 2020 2861 2074 Filius
2880 2021 3063 2075 videre
3086 2022 3419 2079 Patremzita
3452 2025 3936 2081 inconveniensest

649 2122 776 2167 sunt
804 2121 965 2180 atque
993 2122 1282 2164 concussa.
1309 2107 1424 2160 Non
1454 2119 1580 2159 eras
1614 2114 1721 2158 tam
1749 2103 1968 2169 stultus,
2002 2114 2058 2157 ut
2083 2119 2240 2171 aper-

2356 2111 2572 2180 )pinari,
2588 2111 2728 2182 quod
2749 2112 2982 2181 Spiritus
2998 2125 3141 2168 sanet
3154 2129 3214 2168 us
3227 2114 3397 2184 p05sit
3412 2113 3588 2169 videre
3605 2115 3822 2169 Filium.
3839 2115 3937 2172 St-

649 2219 702 2264 te
731 2203 1054 2261 defenderes
1084 2201 1358 2265 hwresim,
1390 2214 1549 2269 quam
1593 2197 1806 2251 sciebas
1839 2195 2097 2250 Ecclesiae
2131 2194 2242 2248 dis—

2356 2208 2601 2268 :undum,
2618 2207 2761 2277 quod
2778 2206 2828 2260 in
2855 2206 2956 2261 hoc
2969 2223 3197 2272 corpore
3217 2210 3368 2279 quasi
3393 2210 3444 2263 in
3463 2225 3688 2265 carcere
3705 2213 3812 2264 sint
3828 2209 3941 2264 ani-

645 2300 870 2370 plicere.
895 2296 1137 2352 Noveras
1171 2305 1222 2349 te
1252 2294 1299 2347 si
1329 2293 1430 2347 hoc
1464 2291 1708 2355 fecisses,
1742 2290 1924 2345 statim
1955 2290 2074 2342 loco
2125 2305 2241 2342 mo-
2343 2316 2442 2354 mae
2466 2300 3108 2371 religatw;et,antequam
3136 2302 3298 2356 homo
3319 2303 3474 2358 fieret
3499 2304 3548 2357 in
3565 2304 3840 2373 paradiso,
3865 2306 3942 2358 in.

649 2391 912 2455 vendutn,
945 2398 999 2443 et
1027 2387 1150 2442 solii
1179 2385 1256 2439 tui
1283 2385 1505 2440 delicias
1533 2382 1865 2452 suspirabas.
1899 2380 1988 2436 Sic
2015 2389 2236 2435 senten-

2356 2408 2424 2446 .er
2443 2392 2732 2446 rationales
2747 2403 3027 2447 creaturas
3041 2395 3090 2445 in
3106 2393 3420 2448 coelestibus
3435 2404 3787 2449 commorata:
3802 2403 3940 2449 sunt.

643 2487 770 2542 tiam
803 2483 1142 2554 temperasti,‘
1173 2490 1229 2534 ut
1251 2496 1351 2535 nee
1383 2478 1724 2549 simplicibus
1755 2475 2112 2545 displiceres,
2141 2488 2241 2528 nec

2356 2483 2496 2540 Unde
2528 2495 2716 2553 postea
2748 2485 2799 2538 in
2841 2486 3271 2541 consrilationem
3301 2502 3454 2541 suam
3492 2487 3676 2542 anima
3714 2488 3943 2556 loquitur

643 2589 763 2635 tuos
793 2576 1122 2632 offenderes.
1158 2573 1303 2626 Bene
1356 2569 1645 2640 scripsisti,
1676 2569 1770 2624 sed
1817 2567 1950 2622 nihil
2000 2565 2065 2620 ad
2115 2580 2244 2620 cau-

2366 2592 2396 2629 n
2429 2575 2655 2630 Psalmis
2689 2595 2700 2628 :
2749 2575 3062 2647 Priusquam
3105 2577 3429 2641 humiliarer,
3470 2596 3562 2652 ego
3608 2579 3804 2649 deliqui
3829 2577 3941 2650 (Ps.

643 2687 759 2726 sam
794 2669 1099 2739 pertinens.
1128 2663 1281 2719 Unde
1305 2669 1535 2716 noverat
1564 2659 1951 2714 Alexandrinae
1983 2657 2244 2712 Ecclesia:

642 2762 908 2834 pontifex,
932 2761 983 2813 in
1003 2760 1202 2828 quibus
1223 2755 1537 2825 arguereris
1555 2753 1577 2805 ?
1595 2767 1824 2822 quorum
1850 2760 1947 2806 ate
1972 2748 2245 2804 confessio

648 2851 1067 2923 postularetur?
1099 2847 1376 2901 Debueras
1423 2845 1516 2900 tibi
1567 2842 1781 2912 objecta
1829 2856 2161 2912 pr0ponere,
2193 2851 2246 2895 et

649 2949 729 3002 sic
759 2946 825 3000 ad
858 2945 1070 3014 singula
1119 2942 1478 3012 reapoudere.
1530 2940 1700 2995 Vetus
1752 2949 1937 2993 narrat
1981 2937 2242 2993 historia:

648 3039 876 3107 Quidam
919 3053 1042 3092 cum
1084 3035 1290 3090 diserte
1345 3034 1571 3098 diceret,
1635 3031 1974 3102 ferreturque
2043 3031 2246 3102 impetu

649 3147 714 3186 ac
755 3128 1094 3184 volubilitate
1136 3126 1451 3193 verborum,
1505 3139 1830 3195 causamque
1873 3124 2093 3179 omnino
2139 3138 2242 3178 non

2345 2683 2539 2730 cxvnt,
2560 2669 2672 2737 67).
2696 2668 2796 2723 Et:
2819 2668 3112 2735 Revertere,
3139 2671 3313 2723 anima
3331 2688 3461 2739 utea,
3483 2671 3536 2724 in
3561 2675 3791 2741 requiem
3807 2682 3946 2724 tuam

2347 2758 2463 2829 (Ps.
2495 2774 2639 2825 cxrv,
2666 2758 2741 2829 7).
2774 2761 2868 2813 Et:
2898 2758 3048 2814 Educ
3069 2762 3132 2814 de
3156 2778 3360 2816 carcere
3380 2763 3605 2816 animam
3632 2779 3806 2817 meam
3829 2761 3945 2834 (Ps.

2345 2866 2485 2912 cht,
2516 2849 2596 2921 8),
2632 2861 2684 2904 ct
2716 2861 2912 2904 cmtera
2939 2851 3021 2904 his
3051 2851 3272 2906 similia.
3309 2852 3573 2919 Tertium,
3604 2853 3758 2923 quod
3789 2855 3948 2916 dicat,

2347 2950 2401 2997 et
2429 2942 2702 2996 diabolum
2740 2949 2797 2997 et
2843 2941 3120 2998 daemones
3155 2952 3370 2999 acturos
3421 2946 3804 3014 pmttitentiam
3848 2944 3945 2998 ali-

2348 3033 2584 3102 quando,
2615 3041 2671 3088 et
2701 3049 2822 3088 cum
2856 3037 3057 3089 sanctis
3083 3036 3272 3089 ultimo
3303 3045 3546 3107 tempore
3595 3049 3945 3108 regnaturos.

2349 3129 2634 3196 Quartum,
2668 3127 2810 3196 quod
2843 3129 3052 3183 tunicas
3083 3130 3333 3198 pelliceas
3357 3130 3588 3184 humana
3613 3147 3849 3202 corpora
3872 3131 3948 3184 in-

648 3233 918 3295 tangeret,
948 3222 1188 3293 prudens
1219 3218 1434 3275 auditor
1465 3228 1519 3274 et
1545 3217 1748 3289 judex:
1790 3237 1808 3271 ‹
1849 3219 2016 3282 Bene,
2043 3217 2240 3289 inquit,
2272 3210 2316 3272 C
2351 3230 2702 3291 terpretetur,
2737 3224 3088 3293 quibus-post
3132 3221 3392 3277 offensam
3425 3233 3481 3278 et
3521 3223 3853 3293 cjectionem
3885 3223 3949 3278 de

649 3318 811 3382 bene,
843 3316 939 3371 sed
967 3330 1074 3385 quo
1097 3313 1237 3368 istud
1276 3326 1382 3366 tam
1413 3312 1588 3367 bene?
1620 3330 1639 3364 ι
1668 3311 1908 3382 Imperiti
1952 3311 2143 3366 medici
2175 3310 2243 3365 ad

649 3427 841 3468 omnes
873 3410 1152 3465 oculorum
1179 3407 1396 3462 dolores
1431 3424 1536 3461 uno
1588 3416 1811 3461 utuntur
1850 3406 2096 3477 collyrio.
2144 3405 2245 3472 Qui

650 3503 900 3574 arguitur
923 3503 974 3556 itt
1002 3501 1265 3572 pluribus,
1297 3511 1352 3554 et
1381 3499 1433 3552 in
1466 3499 1733 3554 dilutione
1754 3497 2044 3552 criminum
2064 3495 2244 3565 aliqua

653 3597 1046 3670 praetermittit,
1075 3592 1337 3664 quidquid
1369 3593 1620 3656 tacuerit,
1666 3591 1978 3646 confitetur.
2012 3592 2093 3642 An
2139 3604 2243 3641 tton

650 3690 983 3760 respondisti
1032 3688 1098 3742 ad
1125 3687 1410 3756 epistolam
1457 3685 1769 3756 Epiphanii,
1818 3692 1872 3738 et
1920 3682 2246 3752 proposuisti

652 3785 769 3855 ipse
793 3801 912 3855 qua:
933 3780 1300 3838 diSSolveres?
1342 3779 1606 3834 Nimirum
1640 3778 1741 3831 hac
1783 3776 1977 3830 fiducia
2020 3790 2248 3844 respon-

651 3879 776 3934 disti
808 3877 1036 3933 :Nullus
1068 3876 1283 3931 fortiter
1321 3887 1350 3926 a
1393 3873 1689 3940 semetipso
1737 3869 1982 3936 caztlitur,
2034 3868 2188 3939 Elige
2218 3883 2248 3923 e

655 3974 886 4041 duobus,
914 3972 1059 4042 quod
1088 3971 1191 4025 vis.
1222 3967 1384 4036 Optio
1408 3968 1503 4022 tibi
1531 3967 1774 4034 dabitur,
1798 3974 1891 4019 aut
1915 3964 2248 4033 respondisti

653 4068 718 4124 ad
745 4069 1037 4139 epistolam
1061 4062 1378 4135 Epiphanii,
1403 4070 1496 4116 aut
1522 4076 1652 4116 non.
1683 4061 1740 4114 Si
1772 4056 2123 4129 reSpondisti,
2153 4073 2250 4112 cur

653 4162 888 4218 maxima
935 4169 991 4215 et
1019 4157 1252 4230 plurima
1292 4155 1361 4210 de
1392 4154 1476 4209 his
1519 4170 1639 4224 qua:
1689 4152 1784 4208 tibi
1828 4152 2042 4222 objecta
2097 4159 2246 4217 sunt,

655 4255 965 4328 reliquisti?
993 4254 1048 4311 Si
1083 4269 1190 4309 non
1220 4251 1551 4323 respondisti
1583 4270 1597 4306 :
1624 4251 1710 4306 ubi
1736 4259 1818 4305 est
1867 4249 1955 4303 illa
1989 4248 2249 4319 Apologia

654 4361 767 4417 tua,
819 4351 872 4404 in
921 4362 1024 4418 qua
1069 4345 1322 4416 gloriaris
1351 4343 1491 4414 apud
1521 4343 1800 4412 simplices
1833 4359 1845 4395 :
1877 4350 1932 4396 et
1959 4340 2110 4410 qttasi
2141 4339 2250 4411 [ΑΙ.

651 4441 864 4514 quam]
915 4438 1294 4511 ignorantibus
1357 4451 1576 4492 causam
1614 4477 1629 4503 ,
1691 4437 1797 4489 huc
1845 4434 2084 4504 illucque
2141 4433 2254 4488 dis-

657 4538 894 4594 seminas
918 4537 942 4587 Ἰ

2351 3314 2598 3383 paradiso
2627 3313 2796 3368 Adam
2829 3323 2882 3369 et
2911 3314 3019 3367 Eva
3047 3314 3216 3369 induti
3245 3315 3374 3384 sint,
3396 3316 3538 3370 haud
3566 3316 3798 3373 dubium
3823 3316 3947 3387 quin

2348 3417 2474 3460 ante
2502 3406 2554 3460 in
2589 3406 2840 3474 paradiso
2889 3407 3008 3461 sine
3037 3422 3227 3472 carne,
3259 3408 3442 3463 nervis
3477 3415 3530 3462 et
3584 3409 3812 3464 ossibus
3841 3408 3953 3462 fuc-

2350 3501 2475 3554 rint.
2530 3500 2808 3567 Quintum,
2844 3499 2989 3569 quod
3039 3501 3219 3555 carnis
3269 3501 3736 3558 resurrecﬁonem
3785 3516 3953 3556 ntem-

2350 3591 2682 3660 brorumquc
2712 3607 3050 3663 enntpagem,
3081 3603 3135 3648 et
3157 3610 3344 3648 sexum
3376 3610 3485 3665 quo
3514 3595 3620 3650 viri
3663 3596 3953 3651 dividimur

2351 3701 2382 3740 a
2413 3686 2652 3750 feminis,
2680 3687 3023 3755 apertissime
3069 3698 3228 3758 neget
3261 3705 3273 3741 :
3329 3699 3434 3743 tam
3465 3690 3516 3743 in
3559 3691 3953 3761 explanatione

2353 3778 2512 3846 primi
2543 3778 2758 3846 psalmi,
2791 3793 2951 3848 quam
2986 3780 3036 3832 in
3065 3778 3184 3833 aliis
3223 3779 3408 3834 multis
3440 3783 3795 3837 tractatibus.
3826 3781 3956 3838 Sex-

2353 3880 2489 3937 tum,
2519 3871 2660 3942 qttod
2686 3872 2764 3926 sic
2788 3872 3096 3940 paradisum
3130 3872 3467 3941 allegorizet,
3500 3885 3557 3928 ut
3585 3873 3841 3929 historia:
3865 3887 3957 3926 au-

2352 3963 2488 4018 ferat
2518 3966 2802 4019 veritatem
2829 3981 2844 4028 ;
2871 3980 2968 4035 pro
2996 3965 3288 4020 arboribus
3320 3965 3584 4035 Angelos,
3626 3983 3732 4037 pro
3784 3966 3961 4021 ﬂumi-

2353 4057 2510 4110 nibus
2542 4061 2775 4112 virtutes
2797 4055 3050 4112 coelestes
3099 4057 3406 4127 intelligens
3438 4075 3449 4109 :
3488 4067 3778 4126 totamque
3809 4070 3962 4128 para-

2353 4149 2452 4204 disi
2487 4148 2512 4187 b
2537 4149 2925 4204 continentiam
2958 4149 3290 4220 tropologica
3324 4151 3791 4220 interpretatione
3837 4151 3966 4204 sub-

2356 4249 2550 4296 vertat.
2599 4238 2764 4312 414
2786 4239 3120 4310 Septimum;
3165 4241 3307 4310 quod
3355 4257 3552 4311 aquas,
3611 4259 3743 4315 qua:
3795 4256 3965 4313 super

2355 4335 2523 4390 caelos
2574 4334 2628 4388 in
2659 4334 2952 4403 Scripturis
3005 4351 3129 4390 esse
3181 4336 3456 4404 dicuntur,
3495 4348 3724 4392 sanctas
3764 4352 3967 4406 Super-

2356 4441 2560 4498 nasque
2605 4427 2857 4492 virtutes,
2898 4444 3019 4497 quze
3070 4443 3232 4497 super
3271 4439 3468 4484 terram
3497 4438 3550 4485 et
3575 4431 3718 4484 infra
3756 4441 3966 4485 terram

2355 4521 2659 4578 contrarias
2717 4532 2769 4576 et
2822 4521 3185 4576 dzemoniacas
3237 4537 3361 4578 esse
3417 4525 3744 4579 arbitretur.
3809 4523 3972 4580 Octa-

727 4631 783 4686 6.
826 4628 1008 4683 Tribus
1035 4644 1097 4684 ex
1123 4637 1235 4682 octo
1267 4623 1639 4698 qmestionibus
1669 4624 1756 4678 Jo.
1803 4622 2089 4692 respondit.
2114 4620 2250 4676 Octo
2277 4604 2502 4677 Dvum,
2554 4613 2698 4684 quod
2739 4624 3043 4669 extremum
3089 4614 3309 4684 objicit,
3353 4613 3646 4685 imaginem
3704 4628 3764 4672 et
3817 4615 3972 4670 simi-

658 4721 751 4778 tibi
782 4722 802 4792 (
836 4729 895 4775 ut
943 4720 1123 4775 statim
1172 4716 1456 4789 probabo)
1504 4716 1575 4771 de
1627 4731 1724 4786 spe
1766 4713 1887 4768 fidei
1930 4713 2254 4768 Christiana:

652 4813 1014 4888 quaestionum
1042 4813 1219 4882 capita
1244 4811 1458 4881 objecta
1487 4819 1635 4863 sunt.
1660 4807 1788 4863 Tria
1816 4815 2021 4860 tantum
2054 4805 2252 4874 tangis,

654 4917 708 4966 et
728 4906 996 4980 praeteris.
1048 4902 1104 4958 In
1152 4902 1369 4958 caeteris
1392 4899 1600 4972 grande
1646 4897 1926 4954 silentium
1960 4905 2061 4952 est.
2095 4895 2153 4950 Si
2189 4896 2252 4948 ad

650 5016 859 5071 septem
900 4997 1309 5054 absolutissime
1349 4991 1752 5062 reSpondisses,
1782 4989 2046 5044 haererem
2075 4997 2254 5042 tamen

653 5092 761 5164 [Αι.
797 5088 1027 5161 tantum]
1055 5087 1111 5142 in
1145 5103 1250 5140 uno
1272 5087 1544 5141 crimine:
1588 5086 1808 5154 etquod
1855 5092 2124 5145 tacueras,
2155 5081 2257 5135 hoc

657 5191 920 5237 tenerem.
967 5180 1122 5234 Nunc
1148 5190 1279 5231 vero
1311 5184 1336 5212 ⁸
1377 5175 1532 5244 quasi
1577 5176 1800 5230 auribus
1839 5175 2022 5244 lupum
2063 5186 2258 5243 appre-

655 5271 933 5336 henderis,
977 5283 1077 5324 nec
1133 5277 1321 5322 tenere
1367 5275 1542 5334 potes,
1601 5281 1701 5321 nec
1747 5265 1916 5320 audes
1960 5265 2255 5320 dimittere.

727 5470 754 5498 "
788 5459 866 5516 Ex
894 5455 1085 5514 Graeco
1113 5449 1430 5521 proverbio,
1472 5457 1571 5505 τῶν
1619 5453 1758 5507 ὠτῶν
1817 5449 1951 5521 ἴχωῄ
1973 5451 2058 5505 τὸν
2085 5450 2250 5514 λύκον,

659 5531 765 5590 οὔτ’
795 5531 961 5604 ἔχειν,
991 5518 1349 5604 οὔτ”ἁφεῐναξ
1369 5518 1615 5591 δύναμαι,
1649 5521 1806 5604 quod
1821 5518 1900 5604 sic
1931 5519 2102 5604 [nunc
2134 5536 2253 5574 ver-

659 5589 957 5659 titiLa't'tne-
985 5589 1283 5653 Terentius
1311 5589 1538 5647 Phorm.
1571 5589 1742 5656 nt,’2,
1775 5591 1838 5644 21
1883 5608 1894 5640 :
1927 5589 2152 5642 Auribus
2182 5598 2256 5644 te-

658 5691 752 5728 neo
775 5676 974 5745 lupum.
1005 5667 1145 5745 Nam
1168 5680 1326 5745 neque
1351 5661 1609 5742 quomodo
1634 5679 1666 5715 a
1697 5677 1775 5715 me
1817 5659 2074 5726 amittam,
2117 5660 2256 5715 iuve-

662 5745 767 5809 nio,
795 5733 955 5808 usque
990 5741 1065 5795 uti
1095 5738 1364 5799 retineam,
1385 5733 1512 5812 scio.
1715 5802 1750 5812 η
1788 5801 1801 5812 _
1833 5800 1882 5812 Η
1924 5807 1935 5812 _
2012 5801 2021 5811 _
2197 5801 2225 5812 γ’

731 5800 766 5853 δ’
795 5800 1042 5883 Intellige
1066 5825 1163 5881 pro
1185 5822 1253 5866 eo
1292 5803 1439 5878 quod
1483 5805 1536 5860 in
1565 5801 1805 5876 paradisi
1831 5800 2060 5858 historia
2081 5801 2256 5859 conti-

2358 4706 2639 4762 litudinem
2675 4705 2792 4772 Dei,
2828 4705 2894 4760 ad
2931 4721 3088 4777 quam
3125 4707 3287 4762 homo
3312 4708 3562 4763 conditus
3593 4707 3810 4774 fuerat,
3841 4707 3976 4763 dicit

2356 4803 2424 4855 ab
2453 4815 2519 4856 eo
2561 4798 2860 4871 perditam;
2889 4806 2944 4854 et
2981 4798 3032 4853 in
3085 4799 3303 4855 homine
3347 4807 3468 4869 post
3505 4799 3836 4869 paradisum
3865 4815 3975 4855 non

2355 4892 2542 4948 fuisse.

2430 4987 2484 5040 8.
2527 4984 2815 5038 Humilitas
2867 5002 2928 5039 ac
2974 4985 3201 5042 charitas
3252 4988 3555 5060 Epiphanii.
3609 4988 3977 5046 Prwtextatus

2361 5078 2545 5132 consul
2573 5079 3044 5150 designatus;quid
3064 5079 3259 5134 solebat
3287 5082 3479 5136 dicere.
3504 5081 3677 5138 Fides
3706 5103 3849 5156 pura
3872 5103 3982 5140 mo-

2361 5186 2473 5224 ram
2504 5186 2605 5224 non
2650 5170 2864 5239 patitur.
2899 5169 3054 5225 Zelus
3070 5172 3192 5240 ﬁdei
3234 5173 3351 5244 quis
3389 5173 3730 5230 dcbeatesse.
3793 5207 3852 5217 -
3889 5177 3982 5231 Ha:

2363 5271 2489 5318 sunt
2525 5261 2753 5333 sagittae,
2796 5262 2994 5332 quibus
3032 5263 3337 5319 confoderis
3382 5282 3398 5318 :
3445 5265 3558 5320 ha:c
3597 5267 3746 5335 tela,
3783 5268 3986 5340 quibus

2366 5458 2547 5520 natur,
2593 5454 2755 5520 atque
2801 5453 3107 5502 enarratur.
3155 5446 3268 5520 Iloc
3319 5463 3489 5520 sensu
3539 5445 3797 5520 Siricius
3853 5464 3989 5520 papa

2362 5519 2542 5588 Epist.
2572 5519 2641 5573 ad
2669 5519 2935 5588 diverso:
2969 5526 3157 5570 c0ntra
3207 5519 3555 5572 Jovinianum
3612 5519 3692 5574 ab
3728 5538 3802 5576 eo
3855 5519 3993 5577 dixit

2363 5590 2519 5654 novi,
2565 5607 2624 5643 ac
2661 5588 2852 5660 ueteris
2893 5587 3208 5643 Testamenti
3253 5590 3626 5660 continentiam
3697 5594 3988 5660 praeverti,

2361 5662 2503 5731 quod
2527 5671 2613 5714 est
2642 5659 2944 5731 doctrinam
2977 5662 3028 5713 in
3074 5668 3301 5731 utroque
3346 5658 3724 5718 Testamento
3757 5675 3995 5720 conten-

2364 5730 2472 5787 tam
2503 5731 2743 5787 absurde
2771 5730 3136 5800 interpretari.
