4068 6318
212 287 308 343 561

211 403 263 458 in
312 411 422 457 tota
475 403 714 473 Epistula
757 405 1068 462 vulneraris
1119 425 1131 460 :

214 496 318 551 tuis
355 497 582 567 genibus
625 497 951 565 advolutus,
1011 509 1367 572 sanctamque
1411 502 1668 557 canitiem
1726 517 1810 557 se-

209 591 389 658 posito
449 607 734 662 parumper
808 593 1121 650 Sacerdotis
1178 596 1384 651 honore
1448 599 1809 651 subSIernens

213 680 322 754 [ΑΙ.
361 683 696 758 substinens]
723 729 736 749 ,
778 685 1108 755 deprecatur
1149 689 1381 743 salutem
1443 699 1611 755 tuam,
1641 698 1696 744 et
1727 688 1810 743 his

211 774 394 830 verbis
419 774 688 847 loquitur:
713 796 730 830 ι
754 778 959 834 Praesta
984 779 1115 834 mihi
1136 791 1190 835 et
1205 781 1298 834 tibi
1320 789 1380 835 ut
1397 781 1648 845 salvcris,
1671 781 1812 836 sicut

213 871 474 943 scriptum
502 885 608 942 est,
641 875 686 930 A
715 881 1073 948 generatione
1105 896 1360 950 perversa
1399 900 1412 936 :
1445 891 1498 936 et
1521 882 1714 936 recede
1743 882 1810 938 ab

214 963 408 1021 haeresi
427 965 700 1038 Origenis,
715 977 770 1025 et
787 971 1048 1027 acunctis
1061 971 1386 1040 ba-resibus,
1403 972 1804 1029 dilectissime.»

213 1056 280 1112 Ει
309 1057 444 1113 inl‘ra
474 1077 486 1113 :
523 1077 544 1112 ι
572 1060 807 1132 Propter
825 1063 1201 1122 defensionem
1227 1066 1500 1123 ΙιςιιιὍεεθε
1522 1067 1808 1123 adversum

213 1162 300 1201 me
327 1147 448 1203 odia
470 1151 796 1208 suscitantes
818 1156 1074 1226 rumpitis
1094 1157 1439 1221 charitatem.
1466 1175 1623 1229 quam
1643 1159 1695 1213 in
1714 1174 1812 1214 vo—

212 1238 295 1295 bis
321 1239 483 1297 babui
509 1261 522 1295 :
552 1244 841 1314 intantum,
865 1250 1193 1306 utfaceretis
1220 1266 1318 1305 nos
1354 1253 1516 1306 etiam
1548 1252 1813 1322 panitere

210 1351 376 1405 quare
403 1338 555 1394 vobis
579 1344 1181 1412 communicaverimus,
1217 1347 1289 1400 ita
1313 1345 1563 1418 Origenis
1591 1363 1815 1403 errores

212 1439 264 1485 et
288 1430 536 1501 dogmata
559 1434 993 1492 defendentibus.
1012 1459 1028 1489 ›
1055 1438 1146 1493 Die
1163 1425 1638 1510 lllihi,di§ptllal0r
1662 1456 1816 1512 egre-

208 1523 319 1592 gie,
356 1522 422 1578 de
450 1535 574 1579 octo
603 1527 1094 1598 capitulis,adqu:c
1123 1532 1502 1601 responderis.
1535 1531 1816 1602 Paulisper

207 1619 281 1675 de
303 1622 512 1677 exteris
542 1634 694 1678 taceo
716 1622 824 1694 [Αι.
847 1625 1074 1696 tacens].
1111 1625 1288 1680 Prima
1327 1628 1416 1681 illa
1450 1627 1812 1698 blasphemia,

205 1714 355 1782 quod
412 1730 510 1769 nec
540 1714 710 1770 Filius
743 1715 985 1782 Patrem,
1020 1733 1120 1772 nec
1166 1717 1362 1772 Filium
1406 1721 1578 1790 possit
1628 1720 1817 1776 videre

1027 291 1235 349 LIBER
1273 291 1553 350 CONTRA
1593 293 1907 350 JOANNEM
1954 292 2693 354 1111ι1ἷο801λΥΜΙΤΑΝυΜ.

3401 315 3509 371 5932

1188 419 1416 477 excepto
1472 423 1539 463 eo
1571 451 1586 475 ,
1655 407 1798 479 quod
1829 415 1876 474 Α
1904 407 2030 461 beat
2060 407 2365 473 exordium,
2392 409 2682 464 anathema
2708 411 2777 475 ei,
2802 413 2891 482 qui
2923 413 3051 468 talia
3079 431 3241 474 ausus
3263 434 3344 477 est
3373 429 3506 482 seri-

1914 498 2066 554 bere.
2101 499 2262 554 Fides
2296 516 2426 570 pura
2460 516 2669 556 moram
2700 518 2806 557 non
2833 505 3052 574 patitur.
3087 507 3155 564 Ut
3191 520 3509 581 apparuerit

1913 593 2185 662 scorpius,
2220 594 2367 650 illico
2390 597 2759 652 contereudus
2789 610 2891 653 est.
2924 599 3092 656 David
3127 604 3378 662 inventus
3425 623 3509 664 se-

1914 686 2149 740 cundum
2175 701 2271 740 cor
2300 686 2546 756 Domini,
2579 687 2786 757 Nonne,
2821 691 3014 762 inqttit,
3047 697 3276 751 odientes
3299 708 3365 767 te,
3404 699 3511 754 Do-

1915 781 2068 846 mine,
2092 781 2299 835 oderam
2311 790 2358 834 et
2371 799 2525 854 super
2539 783 2772 838 inimicos
2787 793 2902 840 tuos
2916 786 3258 845 tabescebam?
3271 790 3512 864 Perfecto

1915 872 2037 926 odio
2059 873 2272 927 oderam
2302 873 2557 946 illos(Ps.
2589 891 2846 946 cxxxvm,
2871 878 2987 951 2t).
3031 882 3142 952 Ego
3186 884 3232 940 si
3278 899 3510 956 patrem,

1915 964 1959 1016 si
1988 972 2238 1030 matrem,
2267 965 2311 1020 si
2342 977 2662 1037 germanum
2699 969 2962 1026 adversus
2997 971 3271 1030 Christum
3325 995 3510 1036 meum

1915 1055 2240 1112 audivissent
2270 1059 2370 1114 ista
2395 1059 2663 1128 dicentes,
2687 1063 2840 1132 quasi
2882 1064 3058 1121 rabidi
3085 1069 3236 1124 canis
3265 1070 3518 1142 blasphe-

1918 1148 2116 1203 mantia
2141 1166 2232 1203 ora
2267 1152 2622 1220 lacerassent,
2658 1167 2710 1210 et
2746 1156 2938 1212 fuisset
2989 1158 3040 1212 in
3078 1161 3274 1229 primis
3323 1180 3515 1221 manus

1919 1256 2035 1296 mea
2067 1259 2231 1312 super
2258 1246 2494 1313 eos.Qui
2530 1249 2670 1316 patri
2701 1258 2754 1303 et
2784 1251 3222 1308 matriditcrunt
3244 1277 3255 1310 :
3277 1256 3398 1312 Non
3427 1277 3518 1312 no-

1918 1335 2080 1389 rimus
2109 1353 2216 1404 vos,
2261 1337 2315 1392 hi
2350 1339 2718 1409 impleverunt
2767 1343 3100 1400 voluntatem
3147 1347 3382 1404 Dotnini.
3419 1351 3519 1418 Qui

1919 1427 2094 1498 diligit
2143 1439 2347 1499 patrem
2381 1443 2468 1486 aut
2499 1443 2727 1489 matrem
2759 1451 2922 1506 super
2965 1435 3267 1503 Christum,
3302 1456 3405 1494 non
3439 1453 3522 1497 est

1920 1537 1985 1576 co
2016 1521 2212 1592 dignus
2242 1523 2398 1597 (Μαι.
2427 1543 2478 1592 x,
2509 1525 2621 1596 57).

1993 1617 2047 1673 9.
2080 1616 2373 1673 Invisibiles
2426 1632 2543 1675 sunt
2576 1625 2765 1694 angeli.
2805 1624 3116 1696 Hieronymi
3145 1644 3275 1696 pura
3306 1631 3434 1696 ﬁdes
3459 1648 3522 1685 ac

1921 1708 2282 1763 sineeritas.——
2303 1709 2571 1779 Objicitur
2595 1714 2709 1779 tibi,
2730 1715 2872 1784 quod
2904 1718 3163 1786 magister
3188 1727 3333 1788 tuus,
3362 1738 3520 1792 quem

207 1804 440 1872 spiritus
492 1817 745 1872 ετιηειυε,
780 1809 981 1876 quibus
1029 1825 1058 1864 a
1117 1819 1170 1866 ιρ
1211 1811 1337 1865 te“;
1393 1812 1646 1866 confossa
1687 1813 1816 1868 est?
1849 1815 1893 1874 Β
1922 1802 2253 1857 catholicum
2302 1818 2483 1870 vocas,
2535 1822 2691 1876 quem
2725 1807 2974 1862 defendis
3026 1811 3247 1881 obnixe,
3276 1814 3524 1872 dixerit:

211 1914 229 1946 ι
271 1896 524 1953 Sanctam
547 1939 561 1964 ,
598 1899 796 1969 inquit,
838 1909 894 1955 et
923 1901 1255 1956 adorandam
1285 1902 1637 1971 Trinitatem,
1667 1904 1814 1972 ejus--

203 1988 330 2044 dem
385 1993 732 2056 siibstantitn,
761 2001 816 2046 ct
846 2004 1205 2057 comternam;
1238 1994 1481 2063 ejusdem
1535 1996 1719 2066 gloriae
1763 2007 1819 2051 et

202 2080 520 2135 divinitatis
579 2083 857 2136 credimus
903 2099 916 2135 :
965 2085 1490 2140 anathematizantes
1543 2100 1672 2148 eos,
1725 2087 1816 2156 qui

199 2174 421 2244 grande
465 2183 562 2228 aut
615 2190 881 2244 parvum,
915 2187 1008 2230 aut
1062 2176 1348 2247 inaequale,
1383 2189 1476 2234 aut
1533 2180 1819 2234 visibilein

202 2266 419 2321 deitate
476 2265 763 2321 Trinitatis
813 2268 1109 2338 quidquam
1162 2271 1473 2341 loquuntur.
1519 2271 1626 2328 Sed
1677 2275 1824 2328 sicut

199 2357 646 2426 incorporalem,
679 2357 1036 2424 invisibilem,
1071 2369 1126 2414 et
1159 2371 1425 2415 aeternum
1453 2362 1688 2419 dicimus
1716 2364 1822 2419 Pa-

204 2459 352 2504 trem
389 2450 508 2503 :sic
544 2450 968 2520 incorporalem,
1003 2452 1336 2508 invisibilem
1364 2464 1419 2510 et
1445 2463 1708 2512 aeternum
1741 2458 1822 2513 di-

201 2546 386 2600 cimus
419 2544 617 2601 Filium
641 2557 697 2604 et
717 2547 981 2617 Spiritum
998 2561 1267 2605 sanetum.
1285 2571 1302 2601 ι
1327 2550 1438 2606 Nisi
1461 2552 1561 2608 hoc
1585 2553 1820 2620 diceres,

201 2639 516 2695 Ecclesiam
549 2657 656 2695 non
707 2648 928 2697 teneres
956 2660 968 2694 :
993 2650 1049 2696 et
1089 2652 1268 2698 tamen
1303 2659 1411 2699 non
1462 2661 1680 2716 quaero,
1709 2657 1731 2684 ⁸
1775 2647 1820 2701 si

201 2747 337 2790 ante
367 2750 478 2788 non
510 2734 720 2789 dixeris
755 2754 766 2787 :
803 2751 908 2789 non
959 2736 1292 2798 eventilabo.
1325 2737 1370 2792 si
1412 2739 1686 2794 amaveris
1727 2755 1823 2795 eos

200 2824 294 2895 qui
330 2825 464 2880 talia
506 2824 958 2896 przedicaverint;
985 2842 1106 2882 cum
1152 2828 1349 2898 quibus
1379 2828 1571 2897 fueris,
1604 2831 1823 2900 quando

200 2918 305 2973 ista
341 2919 600 2974 dicentes
648 2919 848 2973 exsilia
895 2919 1239 2975 sustinebant
1287 2937 1299 2974 :
1327 2922 1446 2992 quis
1477 2922 1548 2976 sit
1575 2921 1665 2977 ille
1689 2965 1704 2989 ,
1729 2922 1823 2993 qui

198 3007 441 3065 Theone
503 3009 834 3081 presbytero
884 3010 1151 3080 Spiritum
1203 3022 1450 3066 sanctum
1507 3012 1671 3068 Deum
1706 3011 1819 3083 [AL

199 3099 456 3172 Domini]
491 3102 544 3156 in
575 3102 819 3157 Ecclesia
854 3102 1209 3172 praedicante,
1235 3104 1496 3160 clauserit
1543 3119 1723 3171 aures,
1747 3103 1828 3160 ιυ-

1928 1911 1943 1943 ι
1983 1892 2153 1947 Filius
2185 1911 2292 1949 non
2323 1896 2467 1951 videt
2495 1897 2707 1953 Patrem
2728 1915 2742 1962 ;
2767 1907 2822 1954 et
2853 1900 3044 1955 Filium
3079 1919 3185 1959 non
3227 1906 3375 1961 videt
3405 1907 3528 1978 Spi-

1920 1986 2059 2038 ritus
2088 1997 2306 2042 sanctus
2349 2007 2360 2040 :
2405 1989 2473 2043 Et
2511 1998 2565 2043 tu
2597 1991 2726 2043 mihi
2770 1992 2904 2046 dicis
2949 1993 3289 2052 :Iavisibilis
3340 2001 3525 2068 Pater,

1923 2076 2208 2132 invisibilis
2265 2080 2474 2148 Filius,
2528 2083 2818 2138 invisibilis
2882 2085 3116 2155 Spiritus
3184 2103 3402 2146 sanctus
3449 2113 3460 2148 :
3501 2115 3518 2147 ι

1923 2168 2080 2235 quasi
2112 2186 2216 2222 non
2251 2180 2304 2223 et
2346 2174 2534 2241 Angeli
2580 2183 2636 2229 et
2663 2174 2957 2230 Cherubiin
2998 2189 3052 2233 ct
3102 2179 3412 2252 Seraphim,
3444 2201 3528 2241 se-

1924 2260 2161 2315 cundum
2189 2271 2434 2317 naturam
2459 2281 2611 2320 suam
2637 2268 2812 2322 oculis
2841 2273 3048 2326 nostris
3073 2275 3373 2332 invisibiles
3397 2281 3531 2334 sint?

1925 2355 2086 2409 Certe
2118 2355 2278 2410 David
2321 2359 2484 2413 etiam
2514 2361 2583 2415 de
2636 2374 2860 2430 :tSpCClll
2908 2367 3172 2422 cmlorum
3222 2369 3477 2427 dubitans
3513 2392 3525 2427 :

1935 2445 2148 2512 Videbo,
2175 2449 2370 2518 inquit,
2388 2449 2560 2516 caelos,
2582 2468 2738 2522 Opera
2752 2455 3030 2528 digitorum
3051 2468 3257 2514 tuorum
3273 2461 3392 2535 (Ps.
3416 2481 3529 2531 \‘lll,

1924 2537 2006 2608 4).
2043 2539 2271 2606 Videbo,
2307 2557 2414 2596 non
2440 2543 2619 2599 video.
2652 2545 2888 2613 Videbo,
2923 2551 3140 2619 quando
3182 2551 3320 2610 faeie
3371 2573 3531 2612 reve-

1926 2627 2032 2681 lata
2078 2631 2306 2701 gloriam
2341 2632 2550 2689 Domini
2583 2636 2736 2692 l'uero
2767 2645 3166 2711 contemplatus
3203 2664 3214 2698 :
3247 2663 3390 2703 mine
3439 2665 3533 2704 au-

1927 2729 2036 2775 tem
2079 2738 2149 2778 ex
2198 2735 2352 2793 parte
2398 2726 2666 2795 videmus,
2727 2741 2779 2785 et
2830 2747 2894 2787 ex
2955 2746 3106 2803 parte
3151 2741 3532 2806 cognoscimus

1931 2813 1969 2883 (l
1995 2813 2116 2870 Cor.
2150 2831 2261 2882 xm,
2296 2815 2371 2886 9).
2405 2818 2861 2894 Qumriturﬁls
2889 2841 2954 2879 an
2983 2826 3193 2882 Patrem
3231 2830 3409 2886 videat
3435 2832 3530 2886 Fi-

1927 2906 2031 2961 lius
2053 2924 2065 2960 :
2087 2917 2142 2962 et
2173 2918 2226 2962 tu
2252 2908 2420 2964 dicis:
2446 2928 2463 2961 ι
2493 2910 2791 2969 Ιιινίθίὺὶιίδ
2815 2915 2978 2972 Pater
2998 2929 3100 2972 est.
3131 2937 3148 2971 ›
3184 2921 3530 2979 Deliberatur

1927 3015 1994 3055 an
2023 3001 2215 3056 Filium
2250 3003 2427 3058 videat
2455 3004 2690 3074 Spiritus
2721 3018 2942 3065 sanctus
2973 3030 2984 3064 :
3018 3024 3066 3065 et
3106 3021 3158 3066 tu
3193 3016 3526 3084 respondes,

1936 3115 1953 3148 ι
1980 3097 2270 3154 Invisibilis
2302 3110 2388 3155 est
2412 3101 2597 3156 Filius.
2624 3122 2641 3154 ι
2668 3103 3195 3172 Versaturincausa,
3223 3127 3290 3164 an
3314 3125 3374 3166 se
3394 3112 3532 3165 invi-
3561 3159 3565 3162 ,

195 3209 406 3264 rasque
439 3210 562 3248 eum
588 3195 702 3249 suis
743 3195 992 3250 concitus
1022 3195 1243 3266 fugerit,
1276 3211 1343 3251 ne
1379 3204 1584 3250 tantum
1608 3196 1822 3253 audiret
1851 3195 1895 3257 Ο
1927 3203 2042 3244 cem
2074 3191 2309 3246 Trinitas
2337 3192 2534 3258 videat,
2567 3193 2818 3250 humanm
2847 3213 3004 3252 aures
3037 3209 3237 3254 tantam
3269 3201 3528 3271 blasphe-

194 3287 508 3356 piaculum.
553 3287 752 3342 Statim
785 3286 948 3359 415
999 3304 1118 3344 sera
1173 3289 1536 3346 conversione
1579 3290 1819 3356 ﬁdelem,

193 3378 400 3450 inquit,
440 3379 582 3434 volo.
610 3380 936 3435 Miserabilis
975 3381 1359 3448 Praetextatus,
1383 3383 1475 3453 qui
1512 3383 1823 3453 designatus

190 3473 394 3527 consul
441 3483 530 3528 est
569 3482 842 3528 mortuus.
877 3472 1050 3528 Homo
1095 3474 1415 3544 sacrilegus,
1459 3485 1514 3530 et
1555 3474 1819 3530 idolorum

196 3566 407 3632 cultor,
454 3564 890 3620 solebatludens
935 3565 1094 3620 beato
1125 3566 1286 3636 Papae
1318 3566 1550 3621 Damaso
1595 3566 1817 3622 dicere:

198 3654 224 3694 ὕ
253 3655 453 3714 Facite
485 3673 574 3714 me
605 3659 862 3714 Romanae
894 3659 1044 3714 urbis
1073 3661 1409 3730 episcopum,
1443 3669 1500 3716 et
1532 3675 1627 3716 cro
1653 3662 1824 3731 proti-

198 3768 301 3808 nus
323 3752 708 3809 Christianus.
733 3751 872 3821 Quid
898 3752 1029 3807 mihi
1054 3752 1216 3822 longo
1237 3768 1494 3808 sermone
1519 3763 1574 3808 et
1598 3753 1822 3808 lacinio-

194 3846 270 3900 sis
304 3846 566 3917 periodis
620 3845 881 3901 Arianum
917 3859 968 3900 te
1001 3861 1108 3901 non
1152 3862 1276 3902 esse
1302 3847 1686 3914 demonstras?
1717 3850 1822 3902 Aut

199 3956 336 4010 nega
367 3941 484 3996 hoc
515 3938 724 3995 dixisse
748 3955 894 4006 eum,
939 3941 1026 4009 qui
1076 3941 1318 4011 arguitur
1352 3959 1364 3993 :
1398 3951 1420 3980 ο
1451 3949 1545 3996 aut
1589 3942 1634 3995 si
1672 3941 1822 3995 locn-

200 4040 284 4087 tns
315 4044 398 4089 est
442 4033 603 4098 talia,
637 4032 857 4097 damna,
886 4034 1009 4102 quia
1053 4033 1270 4089 dixerit.
1297 4034 1392 4090 Vis
1419 4035 1560 4090 seire
1590 4024 1824 4104 quantus

197 4127 266 4180 sit
307 4127 488 4182 ardor
531 4127 678 4182 bene
715 4126 1093 4182 credentium?
1121 4129 1246 4182 audi
1288 4129 1608 4200 Apostolum
1639 4128 1737 4182 :Et
1779 4132 1822 4182 si

196 4237 290 4276 nos
313 4221 431 4293 [AL
471 4219 691 4291 homo],
721 4230 810 4274 aut
842 4222 1071 4294 Angelus
1099 4221 1162 4276 de
1188 4221 1312 4276 caelo
1339 4222 1489 4276 aliter
1507 4220 1824 4292 euangeliza-

197 4315 323 4366 t'erit
357 4314 510 4367 vobis
542 4328 699 4381 quam
728 4313 1179 4377 annnntiavimus,
1209 4313 1482 4367 anathema
1517 4314 1582 4366 sit
1607 4311 1750 4382 (Gal.
1781 4329 1820 4380 1,

199 4404 276 4474 8).
311 4406 394 4460 Tu
430 4405 573 4459 mihi
600 4416 658 4457 ιιι
699 4405 909 4460 crimen
956 4414 1244 4466 cxtenues,
1277 4413 1333 4458 et
1360 4405 1700 4459 dissimulato
1727 4421 1823 4459 no-

201 4502 349 4553 mine
397 4499 723 4564 criminosi,
771 4499 929 4570 quasi
959 4513 1150 4553 secura
1182 4497 1288 4552 sint
1318 4499 1532 4563 omnia,
1556 4509 1610 4553 et
1644 4499 1822 4554 nullus

1927 3284 2088 3337 miam
2135 3284 2278 3340 ferre
2323 3303 2429 3340 non
2479 3287 2751 3342 sustinent
2782 3307 2794 3342 :
2825 3298 2880 3343 et
2909 3299 2962 3344 tu
2995 3293 3148 3356 dicis,
3188 3312 3204 3345 ι
3238 3294 3532 3349 Invisibilis

1926 3375 2164 3431 Trinitas
2187 3387 2289 3432 est.
2329 3397 2346 3429 ι
2378 3378 2435 3433 In
2488 3379 2675 3436 laudes
2719 3392 2948 3437 caeteras
2975 3386 3228 3454 evagaris
3259 3404 3270 3437 :
3304 3401 3528 3454 peroras

1928 3466 1980 3520 in
2028 3467 2135 3535 his,
2183 3485 2306 3540 qua:
2352 3471 2531 3525 nullus
2588 3473 2836 3543 inquirit.
2891 3475 3204 3530 Auditorem
3264 3477 3525 3532 aliorsum

1928 3559 2114 3626 trahis,
2141 3570 2202 3617 ut
2222 3563 2364 3634 quod
2398 3567 2710 3634 quarrimus,
2747 3583 2851 3621 non
2880 3567 3135 3639 loquaris.
3183 3568 3380 3622 Verum
3411 3569 3530 3626 ha-c

1926 3670 1991 3710 ex
2017 3655 2296 3723 superﬂuo
2327 3656 2471 3712 dicta
2499 3659 2627 3711 sint.
2648 3658 2926 3715 Donamus
2947 3662 3064 3725 tibi,
3083 3674 3137 3715 ut
3156 3675 3261 3715 non
3276 3661 3352 3715 sis
3372 3661 3530 3717 Aria-

1925 3764 2028 3803 nus
2062 3750 2270 3805 :immo
2304 3752 2443 3821 plus,
2479 3761 2537 3807 ut
2583 3769 2875 3824 numquam
2919 3756 3105 3810 lueris.
3140 3755 3525 3824 Coucedimns,

1926 3850 1986 3894 ιιι
2011 3842 2064 3896 in
2088 3843 2432 3913 expositione
2463 3845 2620 3913 primi
2675 3845 2922 3916 capituli,
2953 3847 3243 3902 adversum
3291 3858 3341 3906 te
3383 3855 3526 3908 nulli

1925 3933 2166 4002 suspicio
2188 3935 2277 4000 sit,
2311 3944 2367 3990 et
2397 3943 2567 3988 totmn
2603 3953 2754 4006 pure.
2788 3948 2956 3992 totum
2985 3939 3310 4009 simpliciter
3344 3945 3420 3998 sis
3447 3946 3528 3998 lo-

1925 4034 2102 4090 cutus,
2135 4025 2326 4080 eadem
2351 4009 2700 4097 simplicitate
2745 4041 2797 4084 et
2841 4045 2942 4084 nos
2999 4040 3175 4086 tecum
3230 4031 3522 4102 loquimur.

1927 4117 2063 4172 Num
2097 4133 2230 4187 papa
2257 4116 2594 4188 Epiphanius
2613 4122 2897 4177 accusavit
2926 4131 3001 4186 te,
3028 4124 3168 4192 quod
3190 4123 3423 4179 Arianus
3445 4143 3530 4182 es-

1927 4213 2050 4267 ses?
2083 4222 2106 4249 ο
2133 4211 2270 4266 Num
2299 4213 2548 4267 Eunomii
2591 4217 2760 4279 ἀθέου,
2795 4224 2889 4270 aut
2923 4213 2941 4250 ί
2976 4215 3117 4270 ΑΕΓῘῙ
3167 4216 3260 4270 tibi
3305 4217 3530 4288 impegit

1929 4305 2361 4361 bazrcsim?Hoc
2387 4322 2480 4376 per
2509 4317 2677 4364 totam
2731 4309 3025 4377 Epistolam
3072 4310 3334 4379 qtneritur
3379 4318 3522 4384 quod

1926 4400 2174 4471 Origenis
2224 4400 2539 4472 dogmatum
2594 4403 2842 4472 sequaris
2874 4415 3111 4461 errores.
3155 4411 3212 4456 ct
3260 4406 3522 4474 quosdam

1927 4494 2130 4550 habeas
2186 4494 2344 4562 hujus
2377 4494 2646 4549 haereseos
2680 4494 2870 4548 socios.
2907 4492 3016 4547 Cur
3053 4494 3200 4549 aliud
3229 4497 3528 4571 interroga-

198 4588 250 4644 in
278 4591 653 4662 blaspbentiis
677 4601 960 4661 arguatur,
990 4589 1015 4627 ἀ
1044 4591 1272 4645 otiosam
1299 4590 1455 4644 iidem
1481 4590 1679 4644 artilici
1708 4608 1823 4646 ser-
1852 4587 1900 4646 D
1931 4597 2039 4653 tus,
2063 4587 2367 4654 respondes
2410 4585 2578 4649 aliud,
2601 4597 2654 4641 et
2695 4587 2846 4656 quasi
2895 4601 3017 4640 com
3047 4589 3230 4642 Stultis
3287 4591 3525 4663 loquaris

202 4701 365 4741 mone
398 4686 678 4740 cont-:xis.
714 4684 812 4740 Dic
841 4686 1044 4749 statim,
1078 4693 1134 4738 et
1163 4681 1403 4752 Epistola
1455 4689 1545 4737 tua
1595 4681 1697 4738 hoc
1729 4682 1827 4737 ha-

276 4853 310 4910 τί,
344 4844 486 4898 Cum
534 4857 730 4910 neiupc
760 4853 921 4896 antea
954 4837 1251 4896 Macedonii
1303 4837 1555 4910 liceresim
1581 4847 1825 4910 _secutus

203 4907 384 4970 sitJo.
425 4907 984 4982 llierosolymitanus,
1017 4922 1072 4968 et
1109 4927 1152 4966 s.
1207 4909 1442 4978 Spiritus
1486 4908 1822 4964 divinitatem

201 4986 518 5058 negaverit.
557 4987 710 5058 Quod
740 4985 921 5039 subdit
948 4984 1369 5058 de_Pr:e_t‘extato
1411 4982 1581 5035 altera
1624 4995 1828 5058 capro-

205 5053 392 5111 bratia
426 5065 521 5112 est
556 5057 606 5109 in
640 5056 924 5133 Joannem.
955 5055 1047 5133 qui
1081 5053 1330 5133 utilitatis
1375 5067 1537 5133 causa
1579 5067 1609 5106 a
1644 5053 1819 5133 blacco

204 5129 469 5182 douianis
494 5131 750 5191 secessit,
777 5138 829 5181 ct
857 5127 1112 5181 nihiluon
1131 5123 1320 5190 movit,
1349 5124 1821 5194 utilierosolymi-

207 5198 900 5278 tartusppiscopusﬁeret.
1546 5267 1576 5278 _
1675 5266 1724 5278 η

279 5270 307 5308 ί)
349 5270 482 5325 Vid.
525 5265 796 5323 Ammian.
831 5269 1131 5324 Marcellin.
1156 5268 1228 5322 lib
1272 5282 1443 5333 xxvn,
1471 5284 1519 5320 c.
1545 5267 1599 5334 5,
1633 5266 1728 5322 ubi
1757 5265 1823 5322 de

209 5339 273 5394 Β.
309 5339 529 5397 Pontif.
568 5340 962 5410 magniﬁcentia
997 5341 1252 5409 loquitur.

284 5424 305 5448 ε
350 5414 503 5465 Olim
541 5407 680 5479 erat;
713 5421 802 5463 aut
847 5413 890 5464 si
919 5407 1116 5466 locutas
1162 5419 1236 5464 est
1287 5407 1435 5474 (alia,
1467 5426 1605 5463 eum-
1633 5408 1825 5462 damna

209 5482 557 5560 qtti_d_i_:rerit.
597 5552 608 5560 _
806 5555 816 5560 Α
1080 5553 1103 5560 _
1130 5553 1141 5560 _
1541 5558 1548 5560 _
1630 5549 1662 5560 ,.

281 5551 309 5590 ιι
351 5552 730 5623 Reposuimns
748 5555 959 5607 otiosam
982 5570 1048 5608 ex
1074 5553 1176 5607 {ide
1216 5565 1362 5623 mss.)
1387 5551 1824 5623 et_vetustiorum

213 5621 558 5689 editionum,
599 5622 712 5690 ipso
747 5626 909 5678 etiam
954 5634 1180 5695 cogente
1227 5621 1492 5695 orationis
1538 5629 1822 5695 contextu.

211 5696 354 5752 Puta
387 5697 502 5749 dici
533 5698 754 5750 inanem
784 5697 897 5749 sive
923 5690 1167 5749 inutilem
1189 5708 1253 5746 ac
1280 5690 1611 5760 superﬂuam
1637 5691 1822 5746 iidem.

218 5768 297 5822 Eo
328 5783 503 5822 sensu
528 5765 898 5831 Quintilianus
927 5767 1142 5819 otiosum
1162 5779 1445 5818 sermonem
1472 5763 1635 5829 dixrt,
1669 5771 1729 5817 ut
1758 5762 1826 5816 ab

220 5841 344 5894 aliis
357 5834 642 5906 exemplis
659 5837 974 5891 abstineam.
1003 5837 1261 5890 Erasmus
1280 5834 1559 5891 maluisset
1580 5833 1822 5901 enodam,

669 5928 937 5989 Ρηιιοι..
985 5927 1217 5988 XXIII.

1929 4678 2286 4735 dissimulatis
2323 4677 2665 4744 criminibus,
2699 4694 2818 4747 qum
2842 4677 2892 4731 in
2920 4678 3117 4734 litteris
3151 4687 3520 4750 continentur,

1929 4831 2315 4906 sive_enodem.
2335 4831 2612 4906 Victorius
2643 4839 2698 4884 et
2722 4831 3065 4886 Martianmus
3088 4851 3285 4888 erasum
3316 4839 3523 4906 legunt.

1930 4937 1998 4947 -
2031 4903 2251 4957 Erosam
2281 4903 2453 4972 ﬁdem.
2489 4901 2603 4954 Non
2642 4918 2888 4966 wroaam,
2941 4905 3034 4957 Sed
3091 4907 3309 4959 otiosam
3359 4901 3518 4967 Iidem

1932 4979 2262 5046 leguntmss.
2296 4972 3052 5046 codices.g(§onjic_itErasmus
3084 4977 3370 5046 legendum
3400 4999 3523 5036 eno-

1931 5043 2050 5102 άᾰιη
2071 5088 2086 5112 ,
2117 5047 2228 5099 sive
2259 5043 2472 5097 madent
2513 5044 2785 5115 ﬁdein,_id
2819 5056 2902 5099 est
2931 5043 3232 5115 sittttilicetit
3259 5091 3273 5115 ,
3305 5062 3358 5106 ct
3389 5054 3521 5108 nihil

1932 5119 2224 5173 habentem
2253 5115 2486 5171 distorti.
2521 5116 2673 5182 Quod
2704 5113 2971 5188 Marianos
3007 5113 3287 5188 impugnat
3326 5124 3378 5178 in
3409 5129 3523 5180 Suis

1930 5189 2189 5254 scholiis,
2224 5189 2458 5257 probans
2488 5204 2689 5241 erosam
2721 5186 2879 5242 [idem
2924 5186 3246 5258 legendum,
3295 5197 3394 5250 hoc
3441 5208 3524 5250 est

1935 5277 2040 5318 nea
2075 5262 2370 5328 integram,
2406 5275 2580 5329 neque
2608 5275 2817 5315 sanam.
2853 5260 3120 5315 Maurum.

2009 5342 2030 5369 ε·
2066 5331 2207 5386 Nunt
2244 5329 2507 5384 Eunomii.
2548 5331 2905 5386 Sorbooicum
2937 5334 3213 5400 exemplar
3245 5351 3346 5390 ins.
3383 5336 3524 5393 Nam

1935 5403 2202 5470 Ennomii,
2230 5404 2284 5457 id
2317 5412 2388 5457 est
2419 5405 2528 5457 sine
2555 5402 2685 5466 Deo,
2724 5399 2956 5474 autErii
2996 5403 3089 5455 tibi
3102 5399 3335 5474 impegit
3361 5407 3526 5464 Ιιωνε-

1929 5477 2048 5530 sint.
2083 5469 2226 5530 Editi
2254 5477 2506 5528 omittunt
2533 5489 2726 5529 nomen
2751 5469 2917 5537 xErii,
2951 5475 3039 5540 qui
3067 5484 3122 5526 et
3152 5469 3526 5543 ipse'Aii-anus

1929 5548 2030 5602 fuit
2060 5563 2123 5603 ac
2150 5546 2458 5602 haereticus.
2505 5545 2642 5601 Vide
2678 5543 3039 5612 Epiphaniam
3078 5543 3170 5597 lib.
3212 5560 3270 5600 ιιι
3307 5549 3376 5604 de
3403 5552 3528 5607 Hm-

1929 5635 2061 5686 res.,
2108 5628 2162 5673 et
2192 5618 2473 5689 Augustin.
2509 5619 2560 5671 in
2605 5616 2742 5669 libro
2773 5617 2836 5666 ad
2881 5613 3340 5689 Quodvultdeum.

3107 5685 3378 5746 ΜΑιιτιΑΝ.

2005 5759 2022 5797 ί
2069 5760 2220 5815 Haud
2254 5761 2390 5815 bene
2420 5758 2667 5812 Martian.
2706 5757 2846 5810 Aerii
2873 5773 2970 5828 pro
2998 5753 3173 5824 zErii,
3201 5764 3344 5831 quod
3388 5767 3534 5824 cele-

1929 5831 2040 5887 bris
2067 5832 2306 5888 bmretici
2339 5840 2418 5886 est
2444 5844 2660 5884 nomen.

2983 5926 3058 5987 12
