4062 6370
559 326 669 390 $65

1819 327 1877 385 S.
1923 327 2191 386 EUSEBII
2232 326 2612 384 HlEllONYill

3756 310 3858 387 scit

555 441 798 514 replicati
830 438 958 509 quid
990 438 1050 494 in
1090 438 1334 495 Ecclesia
1382 438 1639 509 praesenti
1670 438 1978 509 Epiphanio
2008 441 2160 496 dixe-
2190 442 2243 504 Α
2268 440 2411 510 Papa
2445 439 2781 510 Epiphanius
2812 438 3133 509 loquebatur
3166 457 3180 495 :
3210 440 3426 512 quando
3455 440 3557 498 sub
3585 442 3729 498 illius
3761 462 3860 498 no-

562 534 638 588 ris
661 532 684 585 ἲ
710 528 1128 588 Confessionem
1153 530 1280 589 ﬁdei
1331 532 1646 603 postularis,
1676 543 1731 588 et
1776 533 2168 590 disertissimos

561 632 827 681 tractatus
864 633 988 680 tuos
1018 625 1335 683 nolentibus
1373 626 1611 696 ingeris?
1639 641 1849 697 quasso,
1876 627 2069 693 lector,
2109 636 2168 683 ut

562 731 773 773 memor
803 718 1094 777 tribunalis
1122 719 1358 787 Domini,
1386 727 1441 774 et
1465 719 1535 776 de
1555 719 1765 789 judicio
1785 731 1876 777 tuo
1894 728 1948 776 te
1970 719 2171 775 intelli-

565 825 703 881 gens
725 810 1104 881 judicandum,
1131 826 1232 868 nec
1256 811 1411 877 mihi,
1440 827 1542 868 nec
1580 812 1897 869 adversario
1957 813 2161 881 faveas,

565 918 705 961 neve
732 918 994 974 personas
1021 904 1391 975 loquentium,
1425 904 1524 961 sed
1557 919 1777 961 causam
1824 910 2160 963 consideres.

565 998 823 1054 Dicamus
843 1013 975 1070 ergo
995 998 1142 1069 quod
1165 998 1452 1070 coepimus.

636 1092 726 1151 10.
752 1091 923 1153 Isaias
948 1092 1175 1166 Virginis
1197 1096 1594 1152 demonstrator.
1623 1124 1694 1133 --
1722 1094 1929 1151 Scribis
1959 1094 2013 1150 in
2037 1094 2165 1166 Epi-

562 1186 700 1243 stola
718 1195 831 1253 tua,
851 1188 995 1258 quod
1010 1194 1299 1258 antequam
1316 1188 1670 1244 Paulinianus
1682 1189 1969 1259 presbyter
1987 1188 2160 1258 ﬁeret,

564 1294 861 1347 numquam
919 1289 972 1334 te
1012 1279 1159 1349 Papa
1211 1279 1549 1350 Epiphanius
1589 1295 1757 1351 super
1785 1280 2040 1351 Origenis
2078 1296 2167 1335 er-

561 1385 689 1427 rore
717 1372 1001 1428 convenit.
1053 1372 1292 1428 Primum
1323 1372 1547 1429 dubium
1571 1381 1676 1440 est,
1719 1383 1774 1429 et
1810 1372 1880 1429 de
1915 1372 2165 1444 personis

556 1461 795 1535 disputo.
827 1463 924 1520 llle
962 1463 1237 1533 obiecisse
1266 1480 1327 1521 se
1376 1465 1532 1532 dicit,
1561 1474 1619 1520 tu
1649 1482 1815 1537 negas
1844 1484 1858 1521 :
1883 1467 1976 1522 ille
1998 1475 2165 1523 testes

552 1559 787 1629 profert,
811 1568 867 1614 tu
888 1574 996 1615 non
1028 1560 1111 1615 vis
1129 1560 1323 1616 audire
1350 1560 1667 1631 productos.
1702 1562 1797 1617 Ille
1821 1562 1986 1617 etiam
2014 1576 2165 1617 com-

554 1662 825 1713 memorat
852 1652 1019 1711 alium
1044 1668 1168 1711 esse
1194 1662 1549 1721 conventum,
1584 1663 1640 1710 tu
1666 1670 1763 1726 pro
1792 1665 2027 1725 utroque
2053 1653 2169 1709 dis:

550 1746 822 1805 simulas:
857 1744 1026 1802 mittit
1051 1745 1152 1801 tibi
1180 1761 1280 1816 per
1325 1745 1599 1802 Clericum
1640 1761 1796 1801 suum
1848 1745 2156 1816 epistolam,

2271 532 2418 587 mine
2466 532 2521 587 in
2566 546 2660 587 vos
2690 529 2797 603 [ΑΙ.
2845 530 2969 602 nos]
3008 531 3186 600 jacula
3231 534 3643 604 torquebantur.
3698 536 3777 592 Tu
3809 548 3863 595 et

2268 625 2469 681 chorus
2516 632 2641 680 tuus
2686 625 2881 681 canino
2925 626 3104 693 rictu,
3152 625 3482 698 natibusque
3527 632 3857 700 contractis,

2267 718 2577 788 sculpentes
2611 718 2785 788 capita
2813 759 2829 784 ,
2862 717 3092 773 delirum
3120 733 3308 774 senem
3339 728 3366 756 η
3402 721 3625 777 nutibus
3675 722 3863 795 loque-

2267 809 2489 865 bamini.
2518 809 2711 865 Nonne
2737 821 2862 865 ante
2893 811 3204 880 sepulcrum
3232 811 3442 866 Domini
3474 813 3644 869 misso
3671 816 3863 871 Archi-

2268 905 2501 960 diacono
2530 904 2858 975 prazcepisti,
2889 916 2947 961 ut
2974 906 3100 960 talia
3130 906 3411 975 disputans
3434 909 3861 966 conticesceret?

2265 998 2398 1066 Quis
2427 998 2530 1055 hoc
2557 1014 2811 1070 umquam
2844 999 3161 1071 presbytero
3208 1015 3309 1055 suo
3357 1015 3540 1056 coram
3575 1003 3735 1072 plebe
3764 1003 3865 1059 im-

2268 1091 2483 1160 peravit
2511 1090 2617 1162 [ΑΙ.
2652 1091 2985 1163 impetravit]
3017 1092 3360 1163 Episcopus?
3404 1093 3596 1151 Nonne
3646 1113 3768 1151 cum
3798 1097 3865 1155 de

2267 1183 2296 1223 ι)
2328 1185 2580 1240 Anastasi
2614 1186 2915 1256 pergeretis
2943 1185 3011 1240 ad
3044 1202 3264 1242 crucem
3290 1230 3304 1255 ,
3354 1197 3409 1243 et
3438 1189 3507 1245 ad
3535 1206 3658 1246 eum
3690 1193 3865 1249 omnis

2267 1279 2448 1335 artatis
2477 1288 2533 1335 et
2559 1279 2727 1352 418
2752 1294 2914 1336 sexus
2944 1280 3097 1337 turba
3127 1281 3451 1353 conﬂueret,
3481 1285 3717 1341 offerens
3744 1303 3867 1357 par-

2268 1372 2444 1440 vulos,
2479 1372 2646 1443 pedes
2670 1373 2993 1429 deosculans
3017 1417 3032 1441 ,
3063 1375 3302 1431 ﬁmbrias
3332 1377 3581 1436 vellens:
3630 1395 3863 1453 cumque

2268 1478 2375 1519 non
2404 1472 2588 1534 posset
2620 1480 2957 1534 przemovere
2985 1465 3237 1537 gradum,
3270 1468 3364 1523 sed
3398 1469 3453 1523 in
3484 1486 3592 1526 uno
3621 1471 3745 1528 loco
3773 1473 3860 1528 vix

2268 1555 2465 1613 ﬂuctus
2494 1558 2809 1614 inuudantis
2842 1559 3024 1629 populi
3056 1560 3392 1628 sustineret,
3436 1571 3489 1617 tu
3522 1570 3699 1619 tortus
3733 1566 3871 1621 invi-

2270 1652 2359 1706 dia
2390 1651 2655 1708 adversus
2678 1650 2974 1721 gloriosum
3007 1668 3195 1709 senem
3223 1654 3543 1710 clamitabas
3575 1673 3590 1710 :
3620 1672 3723 1712 nec
3749 1673 3874 1715 eru—

2268 1744 2432 1799 buisti
2467 1748 2519 1799 in
2554 1760 2617 1800 os
2641 1745 2689 1801 ei
2718 1744 2940 1813 dicere,
2970 1745 3115 1815 quod
3163 1745 3357 1802 volens
3391 1757 3444 1802 et
3489 1746 3556 1803 de
3601 1748 3869 1806 industria

553 1839 974 1908 responsionem
1012 1837 1222 1909 ﬂagitat
1254 1854 1268 1893 :
1302 1849 1473 1904 taces,
1519 1840 1720 1895 mutire
1748 1854 1857 1894 non
1889 1838 2080 1903 audes,
2110 1849 2164 1893 et
2196 1850 2243 1910 Β
2271 1848 2597 1892 moraretur.
2615 1837 2945 1906 Recordare,
2968 1854 3175 1908 quaeso,
3212 1841 3360 1895 illius
3390 1841 3518 1907 diei,
3546 1844 3766 1913 quando
3798 1845 3869 1901 ad

554 1930 859 1997 Palestina:
889 1940 1233 2003 provocatus,
1262 1931 1610 2006 Alexandriae
1643 1933 1898 2004 loqueris.
1920 1933 2070 1986 lntcr
2096 1931 2162 1987 il-

550 2026 663 2085 lum
693 2035 750 2083 et
770 2035 846 2094 te,
871 2026 961 2083 cui
982 2026 1447 2083 accommodanda
1470 2027 1539 2082 sit
1556 2026 1714 2096 ﬁdes,
1734 2042 1839 2081 non
1865 2034 1950 2082 est
1978 2041 2157 2081 meum

552 2121 764 2178 dicere.
799 2120 939 2177 Puto
970 2121 1113 2192 quod
1153 2136 1253 2177 nec
1280 2121 1400 2192 ipse
1445 2121 1650 2177 audeas
1682 2120 1969 2177 adversum
1997 2120 2159 2175 talem

545 2229 611 2270 ac
635 2223 846 2271 tantum
871 2215 1070 2281 virum,
1090 2214 1187 2270 tibi
1204 2215 1513 2282 veritatem,
1534 2214 1609 2269 illi
1634 2214 1973 2271 mendacium
1996 2212 2159 2286 417

545 2307 834 2377 deputare.
865 2307 974 2363 Sed
1004 2307 1120 2364 ﬁeri
1144 2315 1353 2378 potest,
1381 2317 1437 2363 ut
1456 2308 1832 2380 unusquisque
1862 2323 1962 2378 pro
1991 2322 2050 2363 se
2079 2307 2161 2362 lo-

545 2410 769 2471 quatur.
800 2399 1059 2470 Teipsum
1083 2410 1281 2455 contra
1312 2410 1366 2455 te
1397 2408 1592 2455 testem
1647 2401 1873 2456 vocabo.
1907 2400 1963 2455 Si
2012 2399 2155 2455 enim

547 2493 698 2550 nulla
730 2492 798 2549 de
827 2492 1175 2564 dogmatibus
1200 2494 1432 2564 qumstio
1462 2494 1783 2551 versabatur
1812 2512 1826 2549 :
1866 2495 1913 2549 si
1957 2504 2160 2550 stoma-

539 2587 705 2643 chum
734 2587 889 2643 senis
940 2602 1050 2641 non
1073 2570 1375 2643 moveras':
1405 2587 1452 2640 si
1486 2588 1575 2642 ille
1615 2587 1709 2641 tibi
1759 2587 1895 2641 nihil
1931 2602 2159 2656 respon-

543 2678 720 2745 derat,
750 2678 879 2749 quid
909 2694 1140 2735 necesse
1192 2688 1335 2745 erat,
1368 2689 1425 2733 ut
1473 2679 1527 2732 in
1578 2694 1684 2733 uno
1710 2678 1974 2734 Ecclesiae
2018 2691 2158 2732 trac-

546 2780 685 2836 tatu,
706 2771 774 2826 de
788 2770 1000 2826 cunctis
1020 2770 1390 2841 dogmatibus,
1409 2771 1572 2825 homo
1587 2788 1692 2825 non
1712 2770 1847 2825 satis
1865 2772 2154 2840 eloquens,

544 2862 852 2930 disputares
895 2878 909 2915 :
939 2862 1011 2916 de
1039 2862 1333 2929 Trinitate,
1364 2862 1433 2917 de
1474 2864 1852 2932 assumptione
1897 2863 2157 2917 dominici

547 2954 823 3024 corporis,
857 2953 925 3007 de
962 2968 1149 3020 cruce,
1179 2954 1250 3009 de
1294 2953 1511 3022 inferis,
1546 2954 1616 3009 de
1669 2954 2006 3025 Angelorum
2061 2969 2158 3008 na-

545 3056 686 3111 tura,
719 3045 789 3103 de
811 3046 1115 3101 animarum
1144 3057 1289 3102 statu
1311 3090 1324 3112 ,
1349 3047 1420 3103 de
1467 3050 1879 3103 resurrectione
1908 3047 2159 3103 Salvato-

542 3141 644 3205 ris,
676 3151 734 3195 et
761 3149 1059 3195 nostrazct
1099 3141 1154 3195 in
1202 3149 1377 3209 terra,
1422 3158 1544 3213 qua:
1585 3142 1818 3199 forsitan
1864 3144 2067 3199 oblitus
2096 3160 2155 3200 es

2267 1931 2458 1984 horam
2487 1930 2778 1997 septimam
2810 1931 3066 1985 invitatus
3095 1932 3329 2003 populus
3368 1948 3465 2004 spe
3496 1935 3613 1989 sola
3641 1977 3655 2002 ,
3707 1939 3869 2008 quasi

2264 2032 2453 2090 postea
2495 2019 2782 2076 auditurus
2831 2022 3193 2093 Eptplianium
3246 2036 3434 2093 esset,
3475 2027 3869 2099 detinebatur,

2263 2113 2391 2183 quid
2417 2122 2544 2168 tunc
2573 2118 2929 2170 coucionatus
2949 2118 3047 2172 sis.
3081 2117 3291 2189 Nempe
3336 2128 3523 2175 contra
3551 2120 3873 2193 AnthrOpo-

2263 2205 2604 2277 morphitas,
2654 2208 2745 2277 qui
2792 2208 3144 2277 simplicitate
3194 2214 3392 2267 rustica
3439 2214 3609 2269 Deum
3655 2214 3868 2274 habere

2265 2300 2534 2367 membra,
2568 2316 2688 2369 quae
2719 2301 2772 2355 in
2805 2300 3115 2357 divinislibt
3131 2304 3176 2357 is
3196 2306 3397 2374 scripta
3426 2308 3873 2373 sunt,arbitran-

2265 2400 2370 2456 tur,
2406 2392 2597 2448 furens
2623 2402 2677 2448 et
2706 2393 2997 2465 indignans
3030 2396 3342 2465 loquebaris
3373 2420 3384 2452 :
3419 2402 3607 2457 oculos
3653 2413 3708 2458 et
3747 2418 3865 2458 ma~

2264 2498 2368 2538 nus
2391 2495 2446 2538 et
2478 2486 2641 2538 totius
2671 2487 2918 2556 corporis
2946 2482 3226 2554 truncum,
3261 2490 3316 2545 in
3344 2505 3533 2548 senem
3566 2494 3865 2565 dirigebas,

2263 2576 2452 2631 volens
2480 2576 2635 2631 illum
2664 2589 2976 2648 suspectum
3000 2581 3183 2637 lacere
3198 2583 3539 2641 stultissima:
3562 2588 3864 2645 luereseos.

2261 2668 2558 2739 Postquam
2592 2671 2769 2726 lassus
2799 2688 2896 2728 ore
2926 2675 3081 2730 arido
3105 2718 3119 2741 ,
3154 2679 3519 2750 rcsnpinaque
3547 2683 3760 2738 cervice
3801 2700 3868 2741 ac

2262 2765 2619 2821 trementibus
2646 2767 2801 2822 labiis
2827 2770 3137 2825 conticuisti
3163 2813 3177 2835 ,
3213 2783 3266 2827 et
3312 2774 3532 2830 tandem
3564 2778 3729 2832 totius
3756 2794 3861 2848 po-

2262 2861 2373 2931 puli
2412 2873 2539 2917 voto
2566 2865 2840 2933 completa
2871 2874 3041 2932 sunt,
3089 2867 3220 2937 quid
3267 2869 3363 2924 tibi
3409 2869 3540 2926 fecit
3580 2870 3784 2927 delirus
3812 2884 3873 2929 et

2260 2952 2445 3011 fatuus
2474 2958 2685 3011 senex?
2714 2957 2986 3024 Surrexit,
3018 2967 3078 3013 ut
3106 2976 3167 3016 se
3193 2960 3463 3018 indicaret
3491 2980 3658 3034 pauca
3684 2965 3868 3020 dictu-

2260 3064 2379 3107 rum
2407 3063 2530 3104 esse
2556 3091 2571 3117 ,
2613 3050 2960 3123 salutataque
2987 3063 3039 3108 et
3072 3068 3206 3109 voce
3248 3064 3270 3093 ε
3301 3064 3358 3111 et
3382 3072 3547 3113 manu
3576 3058 3820 3114 Ecclesia
3850 3104 3866 3131 ,

2266 3161 2284 3194 ι
2320 3143 2524 3198 Cuncta
2554 3144 2791 3218 (inquit)
2821 3161 2943 3217 qua:
2992 3149 3202 3205 loeutus
3245 3160 3329 3206 est
3374 3152 3606 3223 collegio
3656 3154 3866 3224 frater,

543 3233 812 3299 scribere,
840 3233 1199 3302 praesentibus
1225 3235 1440 3305 populis
1471 3245 1525 3291 et
1572 3236 1663 3290 tali
1715 3252 1778 3291 ac
1824 3244 1979 3290 ιηιιιο
2011 3239 2144 3302 viro,
2175 3244 2220 3306 Ο
2253 3248 2413 3293 (etate
2440 3239 2581 3294 ﬁlius
2608 3258 2797 3303 meus,
2827 3252 3015 3297 contra
3047 3243 3869 3318 Anthropomorpbitarumhac-

543 3322 848 3393 intrepidus
876 3322 1111 3391 diceres,
1136 3333 1191 3381 et
1222 3328 1408 3381 omnia
1439 3342 1544 3382 una
1567 3328 1739 3382 saliva
1763 3328 2152 3384 continuares?

545 3416 651 3473 Ubi
679 3425 808 3473 sunt
835 3424 1048 3471 veteres
1074 3417 1331 3473 Ecclesia:
1361 3427 1709 3484 tractaturos,
1733 3422 1822 3492 qui
1861 3421 1949 3476 vix
1969 3424 2152 3491 singu-

543 3510 625 3564 las
649 3508 983 3580 quaestiones
1009 3508 1289 3576 explicare
1339 3511 1524 3565 multis
1560 3512 1929 3567 voluminibus
1962 3522 2155 3580 potue-

544 3602 704 3658 runt?
742 3602 835 3658 ubi
884 3601 1177 3658 electionis
1221 3617 1339 3668 vas,
1386 3602 1514 3658 tuba
1569 3603 1890 3674 Evangelii,
1941 3605 2154 3674 rugitus

546 3695 727 3752 leonis
753 3695 949 3764 nostri,
981 3695 1254 3750 tonitruus
1281 3697 1554 3765 gentium,
1594 3696 1797 3753 ﬁumen
1825 3697 2151 3769 eloquentia:

548 3789 908 3854 Christianae,
955 3788 1051 3859 qui
1107 3789 1429 3860 mysterium
1497 3799 1645 3845 retro
1706 3791 2151 3861 generationibus

550 3884 881 3952 ignoratum,
914 3890 970 3936 et
1032 3880 1359 3951 profundum
1400 3880 1711 3937 divitiarum
1766 3883 2049 3952 sapientiae
2097 3896 2152 3938 et

550 3975 801 4031 scientia:
832 3974 929 4030 Dei
960 3974 1135 4045 magis
1159 3974 1409 4042 miratur,
1438 3990 1599 4045 quam
1624 3975 1864 4045 loquitur
1885 3975 2064 4048 (Rom.
2090 3991 2149 4043 ll,

550 4069 643 4134 35;
673 4065 787 4123 Col.
816 4083 854 4131 ι,
878 4065 1008 4139 26)?
1062 4064 1164 4121 Ubi
1214 4065 1382 4121 Isaias
1436 4065 1676 4135 Virginis
1720 4067 2149 4135 demonstrator,

552 4160 646 4231 qui
673 4159 729 4215 in
755 4174 861 4214 una
882 4159 1189 4229 quaestione
1214 4158 1577 4215 succumbens
1608 4159 1683 4212 ait
1716 4177 1729 4214 :
1762 4158 2154 4215 Generationem

552 4256 668 4325 ejus
706 4253 821 4323 quis
862 4251 1124 4306 enarrabit
1153 4249 1309 4322 (lsai.
1352 4267 1468 4317 ιιιι,
1512 4249 1606 4320 8)?
1637 4250 1907 4321 Repertus
1937 4261 2019 4307 cst
2052 4267 2154 4308 εω-

550 4346 690 4403 culis
718 4344 921 4401 nostris
945 4343 1086 4400 haud
1110 4343 1336 4415 grandis
1368 4345 1750 4412 homunculus,
1782 4345 1874 4414 qui
1894 4346 1962 4401 de
1989 4360 2154 4401 eune-

551 4439 622 4493 tis
672 4437 936 4494 Eeclesia:
984 4436 1399 4508 quaestionibus,
1426 4453 1533 4492 uno
1563 4438 1762 4508 linguae
1802 4448 1982 4493 rotatu
2037 4439 2156 4495 sole

552 4528 754 4584 clarius
784 4540 1122 4585 coruscaret.
1155 4529 1210 4587 Si
1234 4545 1395 4586 nemo
1426 4540 1521 4584 ate
1554 4530 1889 4601 postulabat,
1924 4541 1979 4587 et
2008 4541 2153 4587 tran~

2258 3333 2445 3398 resim,
2481 3332 2621 3386 bene
2651 3342 2705 3387 et
2732 3333 2969 3390 ﬁdeliter
2988 3336 3201 3392 locutus
3224 3349 3327 3406 est,
3355 3355 3479 3409 quze
3502 3356 3620 3396 mea
3645 3357 3869 3412 quoque

2254 3423 2543 3479 damnatur
2571 3440 2720 3480 voce.
2758 3426 2863 3481 Sed
2896 3444 3109 3498 :equum
3137 3441 3242 3497 est,
3278 3441 3336 3486 ut
3362 3429 3388 3469 δ
3413 3435 3687 3504 quomodo
3712 3435 3863 3493 hanc

2258 3518 2506 3573 haeresim
2554 3519 3023 3587 condemnamus,
3095 3524 3258 3579 etiam
3302 3525 3554 3598 Origenis
3606 3544 3866 3598 perversa

2256 3612 2508 3681 dogmata
2537 3612 2987 3670 condemnemus.
3027 3635 3047 3669 ι
3096 3617 3195 3686 Qui
3227 3618 3368 3674 risus
3401 3622 3649 3676 omnium
3678 3664 3691 3689 ,
3739 3639 3867 3695 qua:

2256 3706 2577 3763 acclamatio
2603 3724 2898 3768 consecuta
2927 3716 3036 3783 sit,
3087 3725 3215 3784 puto
3246 3718 3389 3787 quod
3440 3721 3697 3776 retineas.
3749 3723 3867 3779 lloc

2255 3810 2341 3855 est
2370 3801 2503 3856 illud
2534 3804 2677 3873 quod
2710 3805 2763 3859 iu
2807 3805 3051 3877 Epistola
3088 3818 3176 3863 tua
3222 3810 3360 3866 dicis
3392 3854 3405 3878 ,
3436 3812 3750 3883 loquentem
3791 3813 3867 3869 ilo

2257 3893 2365 3947 tum
2398 3884 2464 3949 ad
2499 3898 2752 3968 pupulum
2793 3916 2915 3971 qua:
2967 3902 3161 3970 vellet,
3194 3913 3249 3959 et
3288 3907 3465 3976 qualia
3514 3907 3699 3963 vellet.
3737 3908 3860 3964 Sci-

2258 3985 2385 4042 licet
2411 3986 2694 4055 delirabat,
2729 3993 2819 4064 qui
2852 3995 2904 4048 in
2937 4010 3108 4066 regno
3138 4004 3229 4051 tuo
3258 4008 3447 4053 contra
3472 4008 3616 4054 tuam
3639 4012 3863 4056 sentcn-

2259 4079 2387 4134 tiam
2421 4081 2765 4152 loquebatur.
2818 4087 2946 4153 Qurc
2980 4089 3167 4153 vellet,
3197 4090 3380 4160 inquis
3401 4132 3415 4157 ,
3446 4102 3502 4147 et
3531 4094 3709 4164 qualia
3745 4096 3862 4151 vcl-

2258 4173 2354 4228 lct.
2409 4172 2507 4230 Vel
2542 4176 2720 4243 lauda,
2754 4179 2836 4233 vel
2866 4182 3118 4250 reproba.
3164 4181 3303 4251 Quid
3330 4193 3384 4238 et
3433 4184 3518 4239 hic
3546 4185 3739 4241 dubius
3771 4188 3858 4241 in-

2257 4266 2461 4321 cedis?
2532 4269 2588 4323 Si
2638 4269 2777 4325 bona
2820 4282 2974 4328 erant
3015 4290 3137 4345 qum
3184 4276 3545 4347 loquebatur,
3598 4294 3695 4333 cur
3741 4295 3859 4336 non

2256 4371 2445 4429 aperte
2476 4362 2740 4432 praedicas
2764 4365 2789 4417 ?
2839 4364 2894 4422 Si
2928 4366 3069 4422 mala
3097 4408 3111 4433 ,
3146 4384 3244 4423 cur
3271 4386 3380 4425 non
3419 4379 3726 4427 constanter
3757 4387 3853 4427 re-

2256 4453 2601 4524 prehendis?
2631 4457 2791 4529 Atqui
2816 4461 3065 4515 columna
3095 4461 3342 4518 veritatis
3369 4479 3434 4520 ae
3462 4463 3615 4529 ﬁdei,
3649 4467 3739 4535 qui
3785 4466 3858 4522 de

2259 4555 2411 4601 tanto
2438 4547 2555 4602 viro
2586 4549 2749 4605 audet
2773 4550 2995 4617 dicere,
3049 4553 3301 4620 loquente
3347 4557 3438 4610 illo
3483 4556 3549 4611 ad
3597 4558 3859 4628 populum

547 4619 712 4692 quilLt
739 4629 896 4676 erant
942 4622 1340 4688 omnia,5tu|te
1369 4632 1516 4678 tanta
1569 4623 1885 4694 disputandi
1931 4625 2150 4681 voluisti

2263 4652 2377 4707 qua:
2407 4639 2570 4693 vellet
2595 4658 2607 4694 :
2632 4640 2701 4695 de
2728 4644 2910 4713 seipso
2937 4658 3095 4713 quam
3128 4646 3427 4714 prudenter
3449 4658 3501 4701 ct
3526 4619 3852 4718 verecunde,

543 4714 732 4773 subire
755 4713 1090 4770 discrimina.
1138 4716 1196 4772 Si
1231 4720 1343 4787 jam
1377 4731 1506 4774 tunc
1534 4716 1589 4772 in
1620 4718 1997 4775 satisfactione
2025 4719 2151 4776 ﬁdei

546 4806 883 4880 loquebaris,
909 4822 1041 4877 ergo
1067 4825 1174 4864 non
1198 4818 1284 4865 cst
1323 4810 1600 4866 ordinatio
1628 4811 1957 4884 presbyteri,
1987 4827 2153 4868 causa

543 4902 833 4962 discordia:
864 4919 877 4960 :
903 4918 1062 4973 quem
1092 4916 1303 4963 constat
1356 4908 1531 4964 multo
1578 4919 1701 4980 post
1733 4920 1978 4981 tempore
2017 4925 2151 4967 con-

546 4998 818 5055 stitutum.
850 4995 1119 5053 Fcfellisti
1148 4999 1424 5066 absentes,
1464 5010 1521 5059 et
1547 5002 1747 5060 litterae
1779 5011 1884 5059 tua:
1912 5003 2151 5075 peregri-

549 5092 637 5145 nis
657 5090 883 5144 auribus
923 5087 1289 5144 blandiuntur.

624 5182 714 5237 ll.
744 5179 1310 5251 Ant/tropoutorphitw.
1332 5213 1402 5223 —
1424 5185 1531 5239 Nos
1561 5185 1649 5242 hic
1676 5202 1915 5255 eramus,
1948 5198 2141 5246 cuncta

552 5275 807 5333 novimus
832 5312 847 5339 ,
884 5271 1103 5343 quando
1127 5284 1320 5333 contra
1347 5278 1641 5348 Origenem
1666 5280 1720 5335 in
1752 5280 1999 5343 Ecclesia
2028 5293 2143 5351 tua,

616 5481 642 5509 ⁸
676 5478 788 5534 Vox
818 5474 1028 5549 nutibus
1054 5476 1105 5531 in
1130 5479 1301 5534 veteri
1330 5480 1461 5537 edit.
1496 5480 1857 5540 desideratur.
1884 5485 2055 5549 Porro
2074 5504 2139 5547 ex

547 5550 797 5623 sequenti
846 5547 975 5607 loco.
1025 5549 1459 5623 antiquissimum
1514 5553 1894 5613 Archidiaconi
1946 5573 2141 5617 munus

548 5617 940 5681 animadverte.

618 5695 643 5727 υ
672 5690 879 5763 Victor.
913 5692 1213 5763 ἀναστάσει,
1245 5693 1387 5763 quod
1407 5704 1491 5749 est
1518 5692 1588 5748 tle
1618 5695 1735 5749 loco
1761 5696 2141 5753 llesurrectio-

547 5760 628 5810 nis
679 5758 746 5812 ad
787 5758 967 5811 locum
1013 5762 1128 5817 sive
1176 5758 1466 5823 stationem
1512 5766 1708 5820 crucis.
1751 5766 1920 5822 Vetus
1958 5778 2136 5825 autem

543 5829 675 5881 edit.
709 5839 1016 5895 perperam,
1041 5845 1208 5890 nonne
1230 5851 1345 5892 cum
1387 5855 1494 5894 una
1538 5852 1653 5891 cum
1695 5835 1795 5892 Dei
1828 5852 1976 5894 sema
1998 5838 2133 5896 Ana-

2251 4745 2431 4800 quam-
2470 4732 2743 4789 humiliter
2801 4736 3038 4802 referat,
3118 4739 3549 4796 consideremus.
3614 4759 3632 4792 ι
3670 4742 3849 4810 Cum,

2255 4821 2429 4893 inquit
2457 4866 2472 4893 ,
2501 4834 2554 4879 et
2583 4841 2680 4880 nos
2710 4827 2943 4898 quadam
2972 4828 3060 4885 die
3091 4841 3217 4886 ante
3254 4847 3375 4887 eum
3409 4833 3574 4888 locuti
3605 4850 3856 4894 essemus

2255 4926 2306 4970 et
2332 4932 2575 4985 praesens
2603 4918 2767 4974 lectio
2799 4918 3117 4995 [Evangelii]
3147 4935 3541 4994 provocasset,
3593 4928 3857 4986 audiente

2256 5009 2371 5077 illo,
2403 5019 2459 5066 et
2489 5012 2741 5067 universa
2770 5015 3016 5070 Ecclesia
3037 5057 3052 5082 ,
3092 5018 3160 5072 de
3189 5018 3293 5074 ﬁde
3323 5028 3378 5075 et
3405 5020 3659 5076 omnibus
3687 5021 3858 5097 419

2256 5101 2646 5160 ecclesiasticis
2673 5105 3019 5176 dogmatibus
3045 5109 3162 5167 haec
3193 5111 3358 5167 locuti
3389 5125 3576 5168 sumus
3606 5155 3621 5177 ,
3650 5130 3771 5186 qua:
3797 5124 3856 5171 et

2255 5208 2492 5265 semper,
2522 5197 2693 5266 gratia
2726 5199 2841 5267 Dei,
2890 5201 3260 5261 indesinenter
3318 5204 3373 5260 in
3401 5203 3645 5267 Ecclesia
3689 5208 3856 5267 doce.

2259 5300 2411 5350 tuus,
2440 5294 2496 5342 ct
2524 5287 2577 5342 in
2610 5290 3011 5350 catecltcsibus.
3048 5314 3067 5345 ›

2244 5493 2404 5566 stasio
2436 5499 2731 5566 pergeretis,
2765 5508 2873 5554 etc.

2320 5575 2341 5646 ς
2375 5564 2544 5625 Manu
2561 5570 2763 5646 scilicet
2790 5570 2972 5646 ades
2997 5572 3104 5646 lata
3133 5615 3147 5638 ,
3174 5572 3369 5631 deinde
3400 5585 3647 5644 porrecta
3672 5618 3687 5642 ,
3722 5596 3846 5646 qua:

2245 5643 2403 5707 vetus
2431 5646 2548 5693 erat
2587 5641 2928 5697 salutationis
2966 5644 3128 5700 etiam
3171 5641 3560 5702 Ecclesiasticm
3599 5641 3849 5707 consue-

2245 5706 2407 5791 ludo...
2437 5707 2825 5791 Gracidicuut
2851 5720 3004 5786 τιμᾷν
3032 5714 3781 5791 τοῖςχιιρῶνηφιλήμασι.

2314 5775 2535 5861 d_Vetus
2560 5780 2693 5861 edit.
2712 5775 2918 5861 aequum
2946 5775 3042 5861 est,
3063 5775 3129 5840 ut?
3147 5775 3349 5856 liquide
3369 5775 3691 5859 explicantis
3707 5775 3850 5861 quo.

2244 5849 2394 5903 modo
2425 5848 2559 5907 tunc
2589 5846 2828 5911 heresim
2851 5846 3272 5912 condemnemus.
