4068 6320
188 344 288 401 565

1021 343 1227 399 LIBER
1265 341 1540 398 CONTRA
1577 340 1895 398 JOANNEM
1939 337 2674 398 lllEROSOLYMlTANUM.

3381 347 3487 404 566

262 462 350 517 12.
398 461 560 518 Pater
588 461 943 533 episcoporum
974 459 1332 533 Epiphanius.
1365 491 1432 500 ——
1462 460 1617 531 Rogo
1660 475 1779 529 qua:
1808 463 1858 521 Α
1887 458 2353 529 quadragesimam
2384 460 2600 515 locutus
2627 476 2707 528 es,
2741 461 3019 530 quomodo
3051 470 3101 517 te
3127 463 3358 532 quadam
3375 466 3484 533 die,

193 566 273 614 est
298 558 397 612 ista
424 556 754 612 confidentia
777 597 791 624 ,
819 556 908 627 qui
936 567 1116 611 tantus
1155 555 1320 610 animi
1374 555 1594 611 tumor?
1641 554 1780 609 Gor—

193 652 332 723 giam
363 651 692 707 Leontinum
720 651 898 706 cuncti
933 650 1240 720 philosophi
1283 662 1336 704 et
1359 658 1608 703 oratores
1641 649 1784 702 lace-

194 756 336 812 rant,
383 746 525 816 quod
552 761 712 800 ausus
739 746 828 811 sit,
865 745 1076 816 publice
1107 746 1242 799 sella
1285 745 1464 814 posita
1491 785 1504 808 ,
1541 741 1784 811 polliceri

195 855 582 910 responsurum
614 855 675 895 se
694 881 708 905 ,
751 839 819 894 de
849 855 955 910 qua
983 840 1215 910 quisque
1245 853 1304 893 re
1325 838 1666 907 interrogare
1692 849 1787 889 vo-

194 935 401 990 luisset.
452 934 562 989 Nisi
608 949 692 989 me
720 932 895 988 honor
924 931 1216 988 sacerdotii
1241 973 1255 996 ,
1289 939 1344 987 ct
1371 931 1649 986 veneratio
1690 945 1786 984 no-

192 1030 352 1086 minis
377 1031 676 1085 refl-enaret
700 1071 714 1096 ,
747 1041 800 1083 et
829 1030 1025 1084 scirem
1074 1026 1203 1082 illud
1237 1026 1480 1097 Apostoli
1515 1043 1527 1079 :
1576 1024 1787 1079 Nescie-

192 1125 326 1190 bam,
359 1125 547 1194 fratres
573 1167 586 1187 ,
621 1125 740 1194 quia
773 1122 1020 1194 Pontifex
1049 1131 1120 1176 est
1153 1138 1170 1175 :
1217 1124 1462 1192 scriptum
1507 1130 1579 1174 est
1610 1121 1742 1174 enim
1765 1135 1784 1174 :

194 1215 492 1287 Principem
521 1216 700 1286 populi
733 1216 806 1268 tui
852 1232 953 1268 non
1002 1215 1271 1268 maledicas
1313 1213 1468 1282 (Act.
1504 1229 1636 1266 χχιιι
1665 1254 1677 1277 ,
1711 1211 1783 1277 5;

192 1305 368 1361 Exod.
404 1305 562 1378 ιιιιιι),
595 1321 701 1376 qua
731 1306 1116 1361 vociferatione
1153 1313 1208 1359 et
1252 1303 1630 1373 indignatione
1667 1319 1788 1357 ver-

188 1396 406 1466 borum,
435 1398 503 1452 de
546 1407 637 1453 tua
666 1398 980 1452 narratione
1015 1413 1381 1467 conquererer
1411 1397 1424 1450 l
1476 1396 1624 1451 Licet
1669 1395 1788 1464 ipse

189 1491 430 1547 nominis
459 1491 531 1545 tui
559 1500 822 1546 estenucs
865 1491 1207 1562 dignitatem,
1254 1506 1377 1545 cum
1409 1498 1618 1559 patrem
1653 1504 1789 1558 pene

190 1585 434 1640 omnium
468 1585 842 1654 episcoporum
866 1625 880 1649 ,
933 1596 987 1639 et
1029 1585 1270 1655 antiquae
1300 1585 1558 1655 reliquias
1588 1583 1790 1639 sancti-

193 1679 320 1732 tatis
349 1686 404 1732 et
432 1692 595 1747 Opere
625 1687 678 1730 ct
707 1692 967 1732 sermone
1007 1676 1302 1747 despicias.
1356 1677 1499 1732 Dicis
1553 1686 1604 1731 te
1655 1691 1788 1747 qua-

189 1769 316 1826 dam
349 1771 455 1836 die,
487 1787 608 1825 cum
645 1786 884 1841 praesens
915 1772 1077 1825 lectio
1106 1783 1478 1840 provocasset,
1531 1771 1792 1826 audiente

1891 563 1945 608 ut
1972 554 2040 608 de
2064 555 2276 610 cunctis
2303 554 2648 625 dogmatibus
2676 554 2888 610 diceres
2910 597 2924 622 ,
2962 573 3064 610 una
3100 556 3263 612 lectio
3292 573 3491 626 provo-

1891 649 2074 704 cavit?
2120 647 2225 702 Sed
2277 658 2331 703 et
2380 649 2466 703 hic
2510 649 2763 717 ambigue
2810 650 3088 720 loquitur:
3139 658 3318 720 potest
3345 651 3490 704 enim

1889 739 2030 804 ﬁeri,
2078 751 2134 795 ιιι
2162 754 2282 810 «jus:
2310 756 2404 810 per
2427 741 2780 811 quadraginta
2811 741 2929 796 dies
2959 742 3172 798 tradere
3197 743 3410 798 solebat
3438 743 3490 796 in

1893 831 2135 888 Ecclesia
2167 832 2510 901 baptizandis
2533 875 2547 900 ,
2595 835 2711 889 haec
2740 834 2844 890 sub
2872 836 3034 890 unius
3064 836 3318 892 lectionis
3341 853 3502 894 occa-

1891 930 2046 984 sione
2075 928 2474 998 perstrinxerit.
2502 929 2758 998 Ejusdem
2787 929 2929 986 enim
2957 931 3281 1001 eloquentia:
3298 943 3407 999 est,
3439 943 3496 989 et

1894 1035 2062 1091 pauca
2092 1022 2301 1087 multis,
2352 1028 2408 1076 et
2439 1021 2606 1076 multa
2637 1023 2822 1091 paucis
2848 1023 3032 1078 verbis
3078 1038 3239 1094 posse
3289 1025 3499 1080 dicere.

1895 1113 2010 1169 Hoc
2035 1129 2252 1185 quoque
2278 1114 2505 1186 intelligi
2532 1114 2712 1180 datur,
2737 1115 2882 1186 quod
2909 1126 3194 1188 postquam
3219 1116 3372 1172 illum
3394 1134 3498 1173 una

1896 1209 2052 1262 lectio
2081 1207 2394 1277 provocavit
2425 1247 2438 1273 ,
2482 1205 2847 1262 inﬂammatus
2876 1210 3075 1264 ardore
3109 1209 3324 1264 dicendi
3351 1251 3366 1276 ,
3399 1225 3495 1279 per

1894 1299 2249 1370 quadraginta
2281 1301 2398 1355 dies
2427 1315 2720 1369 numquam
2750 1301 2999 1356 tacuerit.
3033 1300 3141 1356 Sed
3193 1314 3249 1355 et
3289 1302 3497 1357 otiosus

1895 1408 2060 1448 senex
2088 1435 2103 1458 ,
2147 1408 2213 1448 ex
2242 1393 2362 1462 ejus
2388 1407 2486 1446 ore
2530 1393 2848 1462 dependens
2874 1435 2888 1459 ,
2921 1395 3050 1448 dum
3099 1407 3188 1449 res
3232 1393 3500 1450 inauditas

1895 1488 2036 1542 scire
2066 1487 2364 1553 desiderat,
2393 1502 2533 1557 pene
2561 1487 2844 1543 dormiens
2869 1488 3151 1543 ceciderit.
3200 1487 3501 1561 Utcumque

1897 1579 2180 1634 toleranda
2207 1589 2365 1634 sunt:
2387 1580 2610 1635 forsitan
2639 1590 2693 1636 et
2721 1580 2842 1636 hinc
2873 1581 3197 1652 simpliciter
3226 1597 3380 1639 more
3399 1598 3500 1640 suo

1895 1673 1965 1727 sit
1997 1673 2227 1728 locutus.

1969 1767 2057 1821 M.
2092 1767 2322 1822 Joannes
2364 1777 2533 1822 tacere
2576 1768 2731 1839 jussit
2783 1766 3160 1837 Epiphaniam.
3215 1768 3504 1841 Epiplianii

187 1863 286 1919 illo
317 1875 370 1918 et
398 1865 649 1919 universa
683 1865 926 1920 Ecclesia
960 1906 972 1929 ,
1005 1864 1071 1919 de
1104 1864 1206 1919 fide
1233 1873 1288 1919 et
1329 1865 1582 1919 omnibus
1612 1863 1790 1920 ccclc-
1820 1862 1869 1922 B
1898 1858 2068 1913 Ῑίίιενα
2095 1861 2163 1913 ad
2195 1859 2462 1914 δὶνὶεἱιιηιο
2504 1888 2577 1900 -
2616 1860 2894 1914 Ροηθηιυδ
2933 1860 3139 1930 reliqua
3163 1901 3179 1929 ,
3222 1861 3274 1916 in
3303 1863 3501 1933 Quibus

185 1958 423 2014 siasticis
455 1959 802 2028 dogmatibus
849 1959 1180 2028 diSputassc.
1224 1967 1248 1995 α
1281 1957 1436 2012 Nunc
1479 1967 1562 2012 est
1604 1958 1788 2012 mirari

186 2049 639 2115 DentOSlllettettt,
670 2050 760 2118 qui
795 2049 1221 2119 pulcherrimam
1253 2051 1558 2104 orationem
1601 2060 1793 2104 contra

187 2142 511 2198 IEschinem
543 2143 714 2196 multo
745 2151 990 2212 tempore
1024 2143 1221 2197 dicitur
1253 2159 1533 2198 exarasse.
1569 2143 1792 2198 Frustra

188 2234 527 2301 susiticimus
569 2233 677 2305 [ΑΙ.
713 2235 1064 2306 suscipimus]
1094 2235 1360 2299 Tullium;
1387 2234 1414 2273 ι)
1445 2236 1608 2291 refert
1648 2237 1793 2290 enim

189 2325 487 2382 Cornelius
523 2326 735 2396 Nepos,
775 2344 836 2383 se
873 2337 1174 2397 praeSente,
1210 2329 1402 2383 iisdem
1444 2345 1579 2398 pctte
1614 2329 1796 2385 verbis

190 2419 397 2490 quibus
422 2420 564 2473 edita
596 2430 700 2486 est,
730 2435 848 2475 eam
881 2435 980 2490 pro
1001 2420 1259 2474 Cornelio
1289 2421 1547 2476 seditioso
1578 2422 1796 2476 tribuno

189 2511 573 2567 defensionem
602 2520 934 2582 peroratam.
974 2513 1048 2567 En
1081 2514 1270 2584 Lysias
1297 2525 1506 2579 noster,
1539 2531 1607 2570 en
1632 2516 1798 2572 Grac—

190 2605 353 2671 chus,
385 2612 440 2658 et
469 2615 526 2658 ut
552 2604 751 2672 aliquid
781 2604 848 2658 de
893 2607 1184 2661 nectet-les
1211 2607 1435 2660 inferam
1464 2650 1477 2672 ,
1511 2608 1614 2675 Qu.
1669 2609 1798 2663 Ate-

194 2697 346 2762 rius,
389 2699 478 2768 qui
513 2699 792 2768 ingenium
840 2699 890 2752 in
942 2709 1224 2755 numerato
1269 2701 1540 2766 habebat,
1595 2711 1651 2756 ut
1677 2702 1796 2759 sine

194 2793 469 2846 monitore
503 2802 682 2848 tacere
708 2808 813 2847 non
848 2804 1032 2864 posset
1067 2811 1079 2849 :
1116 2793 1184 2850 de
1224 2811 1330 2865 quo
1360 2797 1582 2867 egregie
1613 2795 1798 2854 Caesar

193 2886 483 2955 Augustus
509 2927 524 2951 ,
579 2903 599 2937 ι
654 2884 908 2954 Quintus,
935 2885 1126 2957 inquit,
1157 2898 1178 2926 ο
1213 2898 1396 2943 noster
1426 2888 1799 2944 sufﬂaminan-

194 2979 294 3033 dus
324 2987 435 3035 est.
472 2997 490 3030 ι

265 3075 355 3128 15.
402 3071 732 3126 Consuetudo
764 3072 1008 3128 Ecclesiae
1035 3091 1128 3143 pro
1159 3075 1500 3146 baptizandis.
1534 3106 1605 3116 —
1641 3077 1801 3144 Quis-

191 3178 439 3234 quamne
471 3164 801 3234 prudentum
833 3174 889 3220 et
944 3166 1064 3220 sani
1096 3167 1291 3238 capitis
1321 3169 1372 3222 in
1405 3184 1512 3222 uno
1541 3170 1798 3226 Ecclesia:

1900 1963 2019 2021 post
2049 1953 2320 2008 laciniosa:
2342 1953 2738 2024 disputationis
2761 1953 3122 2024 labyrinthos,
3158 1971 3500 2028 nequaquam

1897 2045 2156 2112 dubiam,
2201 2047 2294 2100 sed
2346 2057 2594 2116 apertam
2627 2047 2776 2115 ponit
2821 2049 3191 2115 sententiam,
3246 2058 3300 2103 et
3337 2051 3505 2105 miros

1902 2144 2163 2191 tractatus
2188 2153 2314 2192 suos
2346 2138 2451 2193 hoc
2484 2138 2595 2192 line
2633 2138 2910 2193 concludit
2941 2156 2954 2191 :
2989 2158 3009 2190 ι
3044 2139 3184 2194 Cum
3217 2141 3335 2194 huic
3378 2142 3500 2210 ipso

1903 2241 2170 2302 prasente
2197 2233 2361 2287 locuti
2393 2247 2660 2296 essemus,
2693 2246 2747 2286 et
2784 2233 2900 2302 ipse
2925 2242 3048 2303 post
3077 2249 3177 2289 nos
3202 2248 3366 2289 causa
3394 2235 3494 2290 ho-

1903 2327 2070 2390 noris,
2099 2342 2255 2396 qnem
2280 2328 2329 2381 ei
2352 2342 2516 2395 super
2534 2341 2751 2381 omnem
2787 2343 3100 2382 mensuram
3129 2329 3499 2395 exhibuimus,

1905 2426 2228 2487 provocatus
2253 2427 2401 2475 esset
2431 2428 2488 2472 ut
2517 2419 2727 2476 diceret
2753 2440 2761 2471 :
2792 2422 3238 2491 praedicationem
3264 2437 3505 2481 nostram

1902 2511 2166 2577 laudavit,
2194 2525 2355 2582 atque
2380 2514 2604 2567 miratus
2633 2525 2735 2578 est,
2766 2523 2823 2569 et
2851 2514 3174 2571 catholicam
3200 2518 3360 2574 fidem
3386 2535 3508 2575 esse

1901 2607 2153 2661 omnibus
2181 2606 2498 2662 declaravit.
2532 2607 2802 2672 Quantum
2832 2610 2880 2664 ei
2915 2624 3084 2680 super
3111 2626 3329 2666 onmem
3354 2628 3505 2668 men-

1901 2710 2082 2750 suram
2114 2697 2335 2752 honoris
2361 2697 2678 2752 exhibueris
2702 2739 2718 2766 ,
2766 2699 3049 2757 declarant
3081 2717 3242 2771 supra
3273 2719 3499 2759 mensu-

1902 2805 2014 2844 ram
2042 2790 2297 2846 exhibitm
2327 2791 2671 2846 contumelia:
2717 2809 2730 2848 :
2765 2795 2983 2860 quando
3020 2809 3143 2849 eum
3179 2812 3273 2864 per
3303 2797 3501 2852 Archi-

1900 2882 2186 2937 diaconum
2226 2894 2405 2938 tacere
2444 2883 2652 2952 jnssisti
2681 2901 2694 2950 ;
2731 2892 2786 2937 et
2817 2897 3118 2942 morantem
3150 2887 3203 2942 in
3239 2889 3453 2959 populis
3481 2933 3494 2955 ,

1902 2977 2075 3033 laudis
2129 2977 2381 3048 cupidum
2430 2979 2778 3047 pertonabas.
2837 2979 3044 3035 Doccnt
3093 2985 3380 3051 prtescntia
3433 2984 3502 3039 de

1905 3072 2211 3141 prasteritis.
2243 3072 2338 3126 Ille
2370 3087 2467 3142 per
2500 3082 2669 3127 totum
2701 3073 2897 3128 exinde
2927 3073 3216 3130 triennium
3250 3093 3378 3132 suas
3416 3078 3501 3132 in-

1899 3165 2073 3234 jurias
2101 3164 2348 3228 devorat,
2383 3165 2701 3234 privataque
2734 3165 3010 3221 simultate
3060 3177 3392 3239 contempta,
3441 3168 3501 3220 liv

194 3264 457 3322 tractatu,
489 3255 558 3310 de
582 3257 688 3312 fine
715 3265 771 3312 et
797 3258 864 3313 de
884 3258 1137 3313 omnibus
1163 3260 1794 3333 eeclesiasticisdogma-
1824 3258 1868 3319 C
1901 3257 1988 3312 dei
2024 3265 2227 3311 tantmn
2257 3257 2652 3312 correctionem
2685 3258 2940 3326 postulat.
2971 3258 3050 3312 Tu
3075 3260 3165 3329 qui
3188 3259 3497 3324 sumptibus

192 3351 337 3407 tibus
369 3367 436 3406 se
463 3363 673 3407 asserat
698 3353 1048 3423 disputasse?
1095 3355 1291 3421 Quaeso
1342 3364 1395 3410 te
1445 3364 1500 3409 ut
1537 3356 1797 3412 ostendas

191 3443 326 3497 mihi
353 3485 368 3509 ,
402 3459 526 3513 qua:
558 3444 629 3498 sit
659 3445 750 3499 illa
780 3445 941 3500 lectio
969 3488 982 3510 ,
1017 3455 1130 3500 toto
1162 3446 1570 3516 Scripturarum
1601 3463 1798 3518 sapore

189 3537 412 3593 condita
445 3579 460 3604 ,
490 3538 645 3608 cujus
673 3548 724 3594 te
763 3541 982 3595 occasio
1016 3541 1320 3610 provocarit
1346 3581 1361 3607 ,
1391 3551 1449 3595 ut
1478 3549 1702 3610 repente
1729 3541 1794 3596 ad

192 3634 501 3701 periculum
528 3633 726 3704 ingenii
756 3634 1118 3689 descenderes
1147 3634 1171 3688 ?
1212 3635 1277 3690 Et
1306 3636 1409 3690 nisi
1458 3637 1553 3692 tibi
1579 3636 1797 3692 diserti-

192 3725 395 3781 tudinis
435 3735 542 3781 tua;
570 3726 768 3781 ﬂuvius
794 3726 1144 3794 inundasset,
1180 3735 1394 3799 poteras
1440 3728 1618 3798 argui,
1651 3728 1796 3798 quod

192 3835 295 3874 non
321 3836 523 3892 posses
547 3837 612 3876 ex
638 3831 880 3890 tempore
904 3822 971 3876 dc
993 3823 1202 3878 cunctis
1224 3823 1566 3892 dogmatibus
1589 3823 1792 3878 dicere.

193 3914 394 3972 Verum
431 3916 567 3986 quid
607 3916 710 3972 hoc
734 3925 817 3972 est
844 3917 866 3969 ?
908 3917 1055 3972 aliud
1102 3918 1374 3987 promittis
1401 3959 1415 3983 ,
1446 3925 1503 3974 et
1527 3917 1674 3972 aliud
1703 3933 1796 3972 ex-

194 4006 368 4065 hibes.
397 4009 758 4065 Consuetudo
787 4019 968 4065 autem
1003 4009 1144 4080 apud
1193 4026 1290 4066 nos
1337 4009 1640 4065 istiusmodi
1672 4019 1794 4075 est,

195 4112 250 4154 ut
293 4101 378 4157 his
429 4103 528 4175 qui
559 4103 864 4173 baptizandi
898 4110 1050 4167 sunt,
1105 4101 1270 4174 420
1300 4118 1396 4172 per
1441 4101 1796 4173 quadraginta

196 4189 305 4247 dies
329 4235 345 4259 ,
385 4194 610 4265 publice
658 4193 932 4250 tradamus
961 4205 1202 4249 sanctam
1237 4203 1290 4248 et
1317 4193 1646 4248 adoraudam
1679 4192 1798 4251 Tri-

195 4285 417 4343 nitatem
454 4287 603 4360 [βάεὶ
627 4286 961 4359 symbolum].
1009 4286 1067 4342 Si
1116 4295 1170 4341 te
1203 4301 1441 4355 priesens
1485 4286 1646 4340 lectio
1677 4300 1798 4354 pro-

196 4381 426 4446 vocavit,
463 4390 524 4434 ut
554 4379 622 4435 de
651 4381 861 4434 cunctis
893 4377 1236 4448 dogmatibus
1267 4393 1374 4432 una
1400 4377 1533 4432 hora
1563 4377 1794 4444 diceres,

198 4470 322 4539 quid
352 4487 582 4530 necesse
613 4471 713 4526 fuit
737 4471 1092 4542 quadraginta
1143 4467 1351 4523 dierum
1393 4468 1662 4538 replicare
1694 4469 1794 4522 do-

197 4566 475 4621 ctrinam?
511 4565 606 4622 Sin
637 4575 817 4620 autem
845 4580 907 4620 ea
957 4562 1272 4626 referebas,
1323 4577 1444 4631 qua:
1487 4576 1583 4630 per
1631 4570 1794 4616 totam

1901 3350 2144 3405 abundas
2175 3349 2280 3422 [Αι.
2315 3349 2636 3422 abundans],
2679 3363 2731 3406 et
2757 3347 2784 3386 ιι
2816 3352 2978 3406 totius
3005 3353 3155 3407 orbis
3189 3352 3378 3422 religio
3410 3352 3496 3403 lu-

1901 3460 2050 3500 crum
2085 3455 2232 3500 tuum
2261 3453 2345 3500 est
2371 3486 2383 3509 ,
2431 3445 2782 3515 gravissimos
2829 3445 2948 3500 illos
2993 3445 3198 3516 legatos
3238 3456 3357 3500 tuos
3391 3447 3496 3500 huc

1901 3536 2135 3607 illucque
2176 3536 2498 3591 transmittis
2524 3579 2538 3603 ,
2592 3547 2644 3590 et
2673 3536 3036 3592 dormientem
3083 3553 3269 3592 senem
3313 3536 3382 3590 ad
3416 3552 3501 3592 re-

1901 3631 2277 3701 spondendum
2311 3631 2561 3686 suscitas.
2611 3630 2679 3684 Et
2711 3647 2897 3686 revera
2931 3631 3015 3685 cui
3045 3641 3247 3686 tantum
3275 3630 3501 3686 honoris

1901 3721 2174 3778 detuleras
2202 3765 2216 3789 ,
2253 3722 2457 3792 justum
2481 3721 2642 3793 421
2673 3732 2788 3777 erat
2811 3765 2824 3788 ,
2865 3733 2920 3777 ut
2949 3732 3035 3777 tua
3070 3723 3372 3793 praesertim
3405 3738 3500 3778 ex-

1899 3819 2217 3889 temporalia
2243 3818 2389 3872 dicta
2421 3816 2686 3871 laudaret.
2715 3817 2849 3883 Quia
2875 3832 3004 3871 vero
3021 3818 3199 3871 solent
3227 3818 3498 3874 interdum

1903 3911 2152 3967 homines
2175 3911 2401 3966 laudare
2429 3909 2572 3980 quod
2605 3925 2712 3964 non
2745 3910 2998 3981 probant,
3029 3919 3082 3964 ct
3111 3911 3341 3966 alienam
3370 3913 3504 3967 stu]-

1903 4005 2074 4059 titiam
2103 4005 2271 4059 cassis
2299 4001 2509 4059 nutrire
2537 4004 2822 4074 praeconiis
2853 4045 2866 4067 ,
2903 4019 3007 4057 non
3037 4001 3212 4056 solum
3243 4012 3330 4058 tua
3357 4003 3498 4059 dicta

1900 4097 2159 4163 laudavit,
2193 4096 2288 4152 sed
2319 4094 2562 4150 laudavit
2591 4105 2749 4165 atque
2781 4095 3005 4150 miratus
3042 4106 3124 4149 εει
3157 4112 3168 4147 :
3202 4103 3256 4149 ct
3308 4109 3375 4149 ne
3402 4095 3504 4148 mi-

1902 4189 2142 4243 raculum
2171 4202 2386 4257 quoque
2419 4201 2644 4256 parvum
2675 4196 2840 4251 esset,
2876 4185 3158 4241 catholicae
3196 4200 3321 4240 esse
3380 4184 3502 4242 fidei

1903 4283 2047 4338 omni
2078 4282 2274 4352 populo
2303 4281 2622 4336 declaravit.
2675 4279 2799 4335 Iliae
2827 4296 2985 4350 quam
3031 4295 3155 4334 vere
3184 4279 3379 4333 dixerit
3406 4322 3419 4346 ,
3448 4293 3507 4336 et

1903 4391 2000 4430 nos
2035 4384 2200 4430 testes
2227 4389 2418 4430 sumus
2446 4373 2535 4444 qui
2566 4370 2872 4426 audivimus
2899 4413 2912 4438 ,
2946 4371 3012 4426 ad
3042 4387 3178 4441 quos
3209 4371 3311 4424 tuis
3354 4373 3504 4427 voci-

1901 4470 2002 4526 bus
2027 4469 2374 4539 perturbatus
2401 4467 2550 4524 venit
2579 4466 2845 4520 exanimis
2873 4506 2886 4530 ,
2936 4475 3142 4528 temere
3173 4479 3233 4521 se
3259 4480 3499 4521 commu‘

1904 4562 2135 4629 nicasse,
2165 4561 2348 4617 dicens
2382 4578 2396 4616 :
2445 4561 2796 4629 Rogatusque
2845 4558 2913 4612 ab
2956 4559 3103 4613 omni
3145 4559 3500 4629 Monasterio,

269 4756 293 4783 ιι
323 4749 401 4803 lta
448 4764 607 4817 mss.,
634 4765 734 4819 pro
761 4763 866 4818 quo
895 4748 1132 4804 editores
1171 4743 1504 4819 substituunt
1550 4759 1650 4795 non
1673 4783 1699 4819 ,_
1721 4758 1793 4798 ex
1823 4753 1876 4812 Β
1903 4741 2082 4819 vitium
2124 4740 2285 4808 ﬁeret.
2354 4738 2539 4819 Itaque
2578 4738 2735 4819 dirus
2769 4738 3047 4819 Augustus
3072 4743 3266 4819 optime
3324 4744 3454 4819 dixit
3487 4763 3507 4800 :

199 4813 668 4888 consequenti,’u't
696 4813 864 4884 ain-nt,
895 4821 1034 4874 serie
1065 4818 1347 4873 orationis.
1401 4817 1468 4869 At
1512 4823 1635 4884 puta
1686 4813 1796 4869 iro-

193 4889 317 4962 nice
347 4893 496 4962 loqui
529 4893 939 4962 Hieronymum.

268 4960 294 4998 ι’
319 4955 618 5033 Scripserit
653 4955 766 5018 haec
796 4973 983 5018 noster
1002 4961 1180 5028 Nepos
1214 4962 1265 5015 in
1305 4961 1469 5033 libros
1491 4957 1562 5033 de
1593 4955 1798 5033 Cicero-

199 5032 275 5084 nis
317 5031 462 5100 Vita,
483 5039 574 5103 qui
605 5036 896 5090 intercidit.
935 5037 1184 5088 Attamen
1212 5048 1331 5086 cum
1367 5031 1522 5085 Plinii
1550 5031 1797 5084 testimo-

201 5105 288 5157 nio
318 5115 586 5175 pugnant,
615 5108 703 5176 qui
735 5108 825 5161 lib.
862 5106 903 5173 l,
947 5105 1117 5173 Epist.
1148 5105 1239 5166 ΞΟ,
1278 5103 1438 5156 tradit
1461 5103 1792 5176 plliceronem

201 5187 296 5241 pro
323 5172 587 5248 Cornelio
615 5172 915 5248 quadriduo
943 5172 1142 5244 egisse,
1175 5193 1237 5228 ne
1267 5219 1278 5239 ,
1323 5174 1519 5244 inquit,
1554 5172 1794 5248 dubitare

204 5247 454 5318 possimus
484 5291 496 5307 .
529 5245 644 5312 quas
670 5266 758 5318 per
790 5251 962 5316 plures
990 5249 1118 5313 dies,
1149 5257 1204 5300 ut
1235 5254 1565 5318 necesseerat
1593 5287 1607 5310 ,
1641 5245 1794 5298 latins

202 5315 403 5390 dixerit,
439 5326 621 5386 postea
648 5315 811 5374 recisa
841 5337 901 5373 ac
929 5328 1144 5390 purgata
1177 5319 1225 5370 in
1249 5335 1407 5390 unum
1433 5316 1621 5390 librum
1646 5333 1796 5385 grun-

205 5386 312 5440 dem
339 5391 575 5458 quidem,
604 5408 759 5444 unum
782 5401 968 5451 tamen,
1005 5386 1311 5442 c'oarctasse.
1336 5388 1390 5441 In
1418 5387 1587 5441 veteri
1613 5397 1793 5440 autem

205 5459 332 5512 edit.
365 5461 623 5516 absolute
649 5463 900 5516 scribitur
930 5461 1110 5513 iisdem
1139 5460 1297 5513 verbis
1322 5475 1336 5522 ;
1362 5471 1415 5512 et
1457 5460 1613 5525 paulo
1644 5469 1791 5524 ante,

205 5541 375 5600 voces,
392 5532 562 5586 multo
595 5539 815 5600 tenipore
841 5531 1239 5586 desiderantur.

276 5610 296 5639 ε
326 5599 522 5656 Noster
545 5599 976 5671 sufflaminandus
999 5612 1090 5656 est.
1121 5604 1369 5656 Erasmus
1393 5599 1518 5671 legit
1542 5607 1798 5671 corrupte

326 5641 509 5656 ...ηιμ
545 5641 607 5653 υ..
654 5641 976 5658 ...................
999 5641 1090 5656 νυ..
1122 5641 1369 5656 υ........υυ
1394 5641 1440 5653 ,ιι
1484 5641 1518 5652 ..
1543 5641 1701 5652 νη...
1749 5641 1793 5653 ,υ

207 5641 687 5740 aitfﬂanttttrittdiiii;
726 5687 876 5728 vetus
916 5673 1085 5727 codex
1123 5641 1548 5743 illﬂtttttlltt’tlttitts.
1583 5669 1658 5743 De
1693 5641 1793 5743 [ioc

210 5746 369 5799 verbo
400 5745 599 5798 isthaec
629 5745 726 5814 legi
756 5743 894 5812 apud
925 5741 1203 5798 eruditos:
1230 5741 1567 5814 Sal/lamina,
1600 5741 1806 5814 signiti-

214 5824 293 5883 cat
313 5815 633 5868 sufﬂamine
653 5805 1006 5883 comprimi-re
1037 5825 1089 5869 et
1117 5805 1377 5869 retinere.
1408 5812 1617 5869 Seneca
1645 5805 1678 5863 ἆ
1707 5812 1808 5865 De-

214 5881 542 5940 clamatione
603 5901 616 5939 :
663 5881 826 5939 Tanta
877 5882 953 5937 illi
1000 5896 1106 5939 erat
1160 5884 1396 5940 velocitas
1442 5883 1723 5949 orationis,
1764 5889 1817 5934 ut

1901 4813 2107 4866 Aterius
2139 4828 2170 4862 η
2199 4821 2312 4863 εισι·
2356 4809 2798 4881 sufﬂaminandus
2819 4819 2917 4881 est.
2950 4809 3049 4865 Ubi
3090 4809 3229 4868 alias
3253 4814 3455 4881 legitur
3483 4835 3496 4869 :

1901 4881 2360 4952 sufﬂaminandus,
2403 4879 2538 4952 alias
2590 4879 3003 4952 sufftbulandus.
3035 4882 3168 4936 Erat
3196 4879 3361 4950 porro
3390 4887 3500 4938 sui.

1899 4951 2098 5008 llatnen
2144 4951 2512 5006 retinaculum
2570 4960 2702 5002 rota:
2748 4951 3116 5019 decurrentis,
3153 4969 3220 5008 ne
3265 4953 3504 5010 velocius

1901 5027 2244 5081 decurreret.
2280 5020 2488 5077 Gallice
2522 5021 3401 5096 sufﬂamineintelligitnrenrayer
3429 5028 3501 5081 (es

1900 5114 2051 5150 rones
2079 5096 2226 5168 id‘un
2256 5110 2512 5168 carrosse,
2543 5101 2648 5168 etc.
2683 5093 2792 5148 llac
2843 5109 2981 5168 voce,
3004 5096 3205 5168 abusus
3228 5093 3506 5168 est'impe-

1899 5168 2038 5224 ritus
2065 5167 2304 5220 Joannes
2333 5165 2565 5220 clericus
2617 5166 2666 5239 in
2700 5164 3043 5239 Questionib.
3078 5167 3300 5224 llieron.
3346 5164 3500 5239 quasi

1901 5239 2177 5294 timuisset
2204 5253 2270 5292 ne
2305 5247 2485 5291 rotatu
2512 5237 2743 5305 quodam
2767 5236 3046 5292 ferrentur
3077 5241 3235 5295 hodie
3263 5241 3315 5295 in
3357 5236 3500 5308 prm-

1898 5327 2026 5380 ceps
2052 5309 2229 5363 studia
2253 5324 2529 5364 sacrarmn
2564 5310 2885 5380 litterarum.
2913 5309 3178 5364 Man'rmv.
3200 5340 3270 5350 --
3287 5310 3495 5367 Seneca

1899 5379 2028 5436 intv
2055 5380 2510 5434 Declamationum
2546 5398 2556 5432 :
2579 5379 2743 5434 Tanta
2768 5380 2867 5444 illi,
2897 5381 3104 5444 Aterio,
3131 5389 3240 5435 erat
3260 5384 3502 5437 velocitas

1900 5454 2168 5518 orationis,
2198 5461 2254 5506 ut
2275 5453 2448 5505 citium
2471 5453 2632 5520 ﬁeret.
2656 5450 2835 5520 Itaque
2857 5450 3016 5522 Divus
3035 5451 3296 5522 Augustus
3315 5456 3501 5520 optime

1898 5525 2028 5578 dixit
2066 5541 2079 5578 :
2132 5523 2334 5579 Aferius
2367 5534 2535 5578 noster
2561 5521 2996 5592 sufﬂaminandus
3048 5521 3140 5575 est".
3198 5521 3318 5578 για.
3353 5534 3405 5580 ct
3433 5527 3501 5583 de

1898 5607 2071 5651 morte
2088 5593 2314 5650 Claudii.

1969 5666 1995 5704 ά
2029 5665 2207 5723 Totius
2253 5667 2390 5722 orbis
2419 5662 2822 5736 religio.~V’ide_s
2847 5661 3199 5736 locupletatus
3254 5673 3499 5736 temj‘iorc

1918 5737 2236 5809 Hieronymi
2286 5732 2616 5809 sacerdotes
2648 5732 3185 5809 es_C|u'istianorum
3217 5732 3501 5795 oblationi-

1925 5811 2041 5870 bus,
2070 5803 2160 5878 qui
2185 5825 2348 5864 causa
2374 5805 2650 5878 religionis
2685 5803 3110 5875 Hierosolymam
3144 5809 3462 5932 j‘tlsrgebant.

3153 5903 3168 5931 t
3206 5891 3424 5932 ARTIAN.

3153 5891 3424 5938 MARTIAN.
