4062 6362
533 375 641 434 567

1792 361 1849 417 S.
1891 357 2166 417 ΕυδΕΒιι
2208 356 2583 413 ιιιΕῐιυΝϊΜι

3734 349 3836 406 568

531 500 590 545 ut
612 488 677 544 ad
714 496 765 541 te
794 483 861 540 de
887 481 1172 539 Bethleem
1204 487 1602 544 reverteretur,
1634 484 1913 532 tantorum
1945 487 2137 545 preces
2166 480 2213 541 Α
2242 472 2311 527 do
2338 512 2355 536 ,
2399 486 2577 542 neque
2624 468 2912 525 docuimus
2941 466 3106 539 (absit
3129 465 3302 536 enim)
3330 507 3346 532 ,
3388 472 3445 520 et
3465 464 3706 519 alienum
3737 464 3837 520 hoc

531 598 639 639 non
672 580 854 635 ferens
878 617 894 643 ,
944 576 1023 631 sic
1067 589 1320 631 reversus
1347 581 1432 629 est
1465 585 1715 641 vespere,
1745 582 1802 622 ut
1833 567 2011 623 medio
2041 581 2138 620 no-

531 677 635 733 ctis
666 675 990 744 aufugeret,
1040 678 1095 725 et
1124 669 1326 725 littera:
1375 666 1443 721 ad
1491 680 1683 736 papam
1715 662 1971 719 Siricium
2004 676 2135 730 pro-

532 770 667 825 bant
697 786 711 821 :
745 781 881 839 quas
910 765 956 820 si
987 764 1205 835 legeris,
1231 758 1556 832 pervidebis,
1582 756 1856 829 quomodo
1885 765 1973 809 tua
1994 753 2138 808 dicta

540 863 768 919 miratus
794 860 864 917 sit
889 901 905 926 ,
937 869 993 914 et
1021 856 1290 913 catholica
1318 852 1701 910 declaraverit.
1736 849 1940 905 Verum
1969 860 2139 916 nugas

532 956 802 1019 terimus,
851 964 905 1007 et
945 949 1120 1005 aniles
1185 957 1242 1004 et
1293 947 1597 1018 superfluas
1626 942 1932 1000 cantilenas
1978 941 2141 1009 longo

534 1062 791 1105 sermone
816 1042 1217 1100 convincimus.

608 1140 699 1197 i5.
743 1137 1110 1193 Transeamus
1135 1132 1204 1189 ad
1227 1130 1531 1189 secundam
1551 1128 1933 1201 quaestionem,
1960 1126 2014 1181 in
2036 1139 2142 1196 qua

539 1231 693 1305 quasi
726 1231 861 1287 nihil
908 1230 1010 1285 sibi
1057 1227 1397 1299 prepositum
1426 1227 1527 1291 sit,
1571 1238 1801 1280 securus
1831 1232 1887 1278 et
1925 1231 2145 1277 ructans

536 1323 782 1383 dormire
813 1337 874 1377 se
918 1321 1179 1385 simulat,
1221 1327 1282 1373 ut
1333 1318 1579 1389 legentes
1616 1314 1779 1370 faciat
1820 1313 2143 1370 dormitare.

537 1431 564 1458 ιι
594 1419 703 1476 Sed
724 1417 795 1474 de
819 1416 1049 1487 reliquis
1081 1431 1200 1485 qua:
1237 1411 1306 1468 ad
1336 1411 1494 1467 (idem
1519 1410 1816 1482 pertinent,
1840 1422 2022 1464 sermo
2050 1423 2149 1462 no-

536 1513 625 1570 bis
646 1522 786 1575 erat,
819 1510 872 1565 id
900 1520 1004 1576 est,
1030 1508 1275 1563 omnium
1307 1505 1633 1570 visibilium,
1661 1510 1719 1558 et
1764 1501 2144 1567 iuvisibilium,

540 1607 853 1665 caelestium
888 1602 1265 1659 fortitudinum
1287 1641 1303 1667 ,
1325 1609 1381 1654 et
1411 1597 1747 1653 terrestrium
1776 1602 2147 1650 creaturarum

545 1713 713 1753 unum
754 1706 812 1752 et
850 1696 1102 1751 eumdem
1133 1707 1257 1748 esse
1297 1690 1631 1746 conditorem
1661 1688 1689 1725 δ
1720 1688 1917 1751 Deum,
1971 1686 2023 1741 id
2066 1693 2151 1739 est

546 1801 791 1847 sanetam
816 1787 1197 1850 Triuitatent,s
1224 1785 1378 1855 juxta
1402 1783 1619 1838 beatum
1638 1780 1807 1835 David
1838 1779 2146 1835 dicentem:

2239 581 2361 622 esse
2388 581 2418 620 a
2447 564 2841 636 praedicatione
2873 562 3261 618 Ecclesiastica
3293 561 3639 617 conﬁtemur.
3674 578 3692 612 ι

2315 660 2400 715 16.
2434 658 2675 732 Origenis
2704 655 3308 725 errores.—Qu:erimus
3325 663 3503 709 utrum
3527 653 3726 707 anima:
3740 669 3836 707 an-

2243 763 2459 823 tequam
2502 751 2669 807 homo
2718 752 2771 806 in
2819 750 3074 821 paradiso
3125 749 3314 814 fieret,
3376 756 3432 802 et
3474 747 3837 817 plasmaretur

2241 849 2416 906 Adam
2444 848 2514 904 de
2540 857 2709 915 terra,
2740 847 2886 903 inter
2912 844 3267 902 rationabiles
3292 842 3495 899 fuerint
3522 849 3836 907 creaturas;

2243 953 2424 997 utrum
2447 942 2727 1012 proprium
2755 948 2960 995 statum
2993 937 3305 1003 habuerint,
3331 936 3590 1001 vixerint,
3613 945 3835 989 moratae

2242 1037 2375 1105 sint,
2407 1046 2571 1109 atque
2603 1034 2983 1099 substiterint,
3014 1043 3068 1089 et
3091 1048 3163 1086 an
3193 1031 3448 1103 Origenis
3497 1029 3745 1085 doctrina
3770 1027 3840 1083 sit

2245 1146 2373 1186 vera
2398 1171 2414 1197 ,
2464 1130 2556 1200 qui
2607 1127 2747 1183 dixit
2785 1135 3015 1182 cunctas
3044 1121 3400 1180 rationabiles
3429 1128 3733 1185 creaturas,
3765 1119 3848 1173 itt-

2246 1223 2564 1295 corporales
2605 1220 3018 1284 etinvisibiles.
3062 1219 3110 1273 si
3149 1213 3577 1288 negligentiores
3625 1213 3846 1281 fuerint,

2247 1317 2509 1388 paulatim
2541 1313 2609 1368 ad
2641 1313 2901 1369 inferiora
2951 1312 3080 1376 labi,
3114 1319 3170 1364 et
3194 1310 3353 1379 juxta
3375 1306 3669 1378 qualitates
3696 1306 3847 1361 loco-

2248 1425 2368 1464 rum
2412 1406 2479 1462 ad
2510 1422 2633 1478 qua:
2663 1405 2932 1472 defluunt,
2960 1417 3247 1459 assumere
3273 1401 3377 1456 sibi
3406 1414 3659 1471 corpora.
3687 1395 3851 1453 Verbi

2247 1500 2445 1573 gratia,
2470 1499 2702 1569 primum
2731 1497 2994 1563 tetherea,
3040 1495 3243 1551 deinde
3273 1509 3456 1550 aerea.
3495 1492 3745 1562 Cumque
3782 1488 3855 1546 ad

2247 1593 2503 1650 viciniam
2532 1604 2690 1649 terrae
2722 1591 3107 1663 pervenerint,
3156 1588 3521 1646 crassioribus
3552 1597 3576 1625 ο
3605 1585 3855 1656 corpori—

2249 1687 2351 1743 bus
2382 1685 2748 1751 circumdari,
2803 1685 3103 1741 novissime
3143 1683 3397 1739 humanis
3425 1683 3681 1738 carnibus
3725 1680 3854 1736 alli-

2250 1782 2387 1850 gari,
2420 1780 2675 1851 ipsosque
2701 1780 3012 1845 da~mones,
3047 1782 3139 1851 qui
3173 1778 3393 1850 preprio
3445 1775 3670 1833 arbitrio
3723 1791 3853 1831 cum

557 1882 721 1938 l'erbo
754 1880 971 1936 Domini
999 1878 1114 1934 cali
1154 1877 1350 1947 ﬁrmati
1393 1886 1543 1943 sunt,
1575 1884 1623 1929 et
1666 1874 1858 1946 spiritu
1906 1874 2013 1927 oris
2036 1875 2150 1945 ejus
2179 1871 2226 1931 B
2255 1874 2503 1947 principe
2530 1889 2630 1929 suo
2660 1873 2883 1929 diabolo
2904 1873 2973 1929 de
3020 1873 3113 1928 Dei
3137 1872 3444 1927 ministerio
3475 1877 3850 1937 recesserunt,

544 1977 710 2032 omnis
742 1976 908 2030 virtus
932 1990 1111 2027 eorum
1132 1970 1309 2041 (Psaf.
1346 1985 1515 2035 χχιιι,
1544 1966 1630 2041 6):
1656 1967 1801 2039 quod
1827 1965 2152 2037 simpliciter

542 2069 787 2127 ostendit
808 2078 863 2124 et
906 2065 1143 2122 hominis
1171 2065 1405 2120 creatio.
1432 2063 1551 2133 Ipse
1581 2072 1662 2116 est
1692 2062 1839 2116 enim
1882 2059 2008 2129 qui,
2061 2072 2152 2112 ac-

546 2173 708 2235 cepto
739 2162 872 2216 limo
896 2160 966 2216 de
986 2170 1153 2224 terra,
1188 2156 1473 2228 plasmavit
1503 2155 1777 2209 hominem
1796 2195 1812 2221 ,
1831 2163 1887 2208 et
1915 2168 2010 2221 per
2029 2167 2154 2222 gra-

544 2258 678 2310 tiam
704 2252 942 2324 propria:
971 2250 1357 2306 insufflationis
1396 2248 1629 2302 animant
1660 2245 1883 2301 donavit
1917 2245 2155 2299 rationa-

548 2349 713 2405 bilem
772 2345 901 2418 [ΑΙ.
951 2340 1356 2412 rationalem],
1407 2350 1463 2396 et
1516 2339 1674 2394 liberi
1730 2336 1986 2402 arbitrii,
2045 2351 2152 2391 nou

552 2455 762 2513 partem
791 2440 1029 2511 aliquam
1059 2454 1174 2492 sua:
1202 2446 1409 2491 natura:
1442 2434 1618 2503 (juxta
1647 2444 1667 2471 ο
1702 2431 1964 2504 quosdam
1989 2473 2002 2494 ,
2062 2429 2155 2499 qui

547 2534 831 2603 bocimpie
851 2530 1200 2601 praedicant),
1228 2528 1323 2582 sed
1355 2526 1631 2597 propriam
1665 2523 2059 2579 conditionem.
2087 2522 2157 2577 Et

552 2628 622 2683 de
642 2625 848 2682 sanctis
869 2624 1095 2692 Angelis
1121 2638 1277 2691 arque
1299 2619 1555 2685 credunt,
1578 2617 1877 2674 secttndutn
1908 2615 2156 2671 divinam

554 2721 900 2788 Scriptorum
923 2714 1087 2787 422
1112 2714 1181 2769 de
1212 2713 1326 2768 Deo
1348 2711 1621 2766 dicentem
1654 2727 1666 2761 :
1700 2710 1802 2773 Qui
1833 2709 1957 2780 facit
1990 2708 2162 2780 Ange-

557 2814 637 2865 los
689 2826 812 2865 suos
866 2808 1115 2877 spiritus,
1168 2815 1214 2859 et
1253 2806 1519 2858 ministros
1558 2819 1678 2856 suos
1714 2803 1885 2873 ignem
1930 2810 2161 2854 urentem

556 2903 732 2973 (Psat.
769 2916 891 2964 cut,
922 2901 980 2968 4)
1018 2916 1031 2950 :
1057 2898 1125 2952 de
1156 2898 1353 2966 quibus
1376 2894 1604 2950 credere
1628 2893 1777 2963 quod
1807 2893 2162 2948 immutabilis

557 2986 1092 3065 [Al.itnmutabile.~]
1144 2998 1351 3040 natura:
1397 2985 1527 3049 sint,
1566 3000 1671 3038 non
1701 2982 1957 3039 concedit
2007 2984 2163 3040 nobis

555 3085 869 3155 Scriptura,
901 3081 1131 3136 dicens:
1162 3078 1383 3152 Angelos
1409 3093 1614 3148 quoque
1650 3077 1741 3146 qui
1776 3092 1878 3130 non
1905 3077 2165 3131 custodie-

556 3185 681 3231 runt
708 3191 863 3229 suum
915 3169 1419 3242 principatunt;sed
1464 3167 1847 3237 dereliquerunt
1896 3170 2165 3238 proprium

2252 1967 2299 2021 si
2345 1965 2623 2037 paululum
2682 1966 3009 2035 resipiscere
3048 1964 3338 2035 coeperint,
3400 1964 3639 2019 humana
3692 1978 3861 2019 carne

2255 2062 2464 2126 vestiri,
2491 2071 2548 2115 ut
2573 2072 2694 2115 acta
2720 2059 2983 2129 deinceps
3006 2059 3322 2129 paenitentia
3349 2066 3471 2127 post
3501 2057 3861 2112 resurrectio-

2254 2168 2377 2207 nem
2405 2150 2599 2206 eodem
2631 2150 2860 2219 circulo,
2891 2152 3076 2222 quoin
3107 2165 3329 2205 carnem
3356 2157 3642 2215 venerant,
3670 2165 3860 2204 rever-

2257 2255 2443 2300 tantur
2471 2243 2488 2282 ῐ
2514 2245 2582 2299 ad
2611 2245 2867 2300 viciniam
2894 2247 3010 2311 Dei,
3043 2245 3262 2301 liberati
3286 2245 3449 2300 etiam
3482 2247 3661 2301 aereis
3689 2263 3719 2300 a
3739 2244 3863 2300 the-

2261 2340 2480 2409 reisque
2529 2340 2878 2409 corporibus,
2909 2348 2965 2395 et
2997 2351 3122 2394 tunc
3168 2340 3350 2393 omnia
3406 2354 3581 2408 genua
3630 2349 3868 2394 current

2261 2431 2396 2499 Deo,
2426 2433 2755 2498 cmieStium,
2780 2432 3144 2497 terrestrium,
3176 2442 3233 2487 et
3261 2431 3596 2486 infernarum
3627 2473 3643 2497 ,
3685 2441 3740 2487 et
3790 2434 3867 2487 sit

2260 2522 2405 2577 Deus
2449 2523 2633 2577 omnia
2672 2522 2947 2577 omnibus.
2996 2521 3131 2577 Cum
3181 2538 3315 2595 ergo
3363 2521 3527 2596 423
3568 2524 3672 2578 ista
3715 2538 3868 2593 qua:-

2259 2625 2471 2677 rantur.
2502 2632 2600 2671 cur
2632 2627 2688 2671 tu
2710 2618 2929 2672 omissis
2957 2633 3121 2685 super
3152 2617 3349 2688 quibus
3378 2634 3555 2688 pugna
3583 2626 3702 2683 est,
3732 2618 3804 2673 de
3835 2626 3863 2664 Β

2260 2717 2562 2762 scauunate
2588 2717 2644 2762 et
2678 2707 2800 2763 loco
2829 2708 3146 2763 certaminis
3176 2709 3498 2779 egrediens,
3526 2710 3581 2764 in
3616 2708 3868 2780 peregri-

2263 2800 2347 2854 nis
2373 2809 2427 2852 ct
2457 2801 2617 2870 loage
2639 2801 2835 2857 alienis
2870 2801 3338 2872 disputationibus
3367 2802 3720 2857 immoraris?

2336 2890 2423 2943 l7.
2476 2891 2615 2957 Quid
2660 2894 2714 2945 in
2759 2893 2906 2947 libris
2953 2897 3075 2970 περὶ
3106 2892 3309 2969 Ἀρχῶν
3345 2893 3547 2948 dicebat
3589 2892 3866 2965 Origenes.

2267 2984 2383 3048 Quo
2454 2996 2680 3056 :empore
2728 2984 3143 3041 Commentarios
3188 2986 3353 3040 edidit
3404 2988 3458 3042 in
3515 2985 3873 3042 Ecclesiasten

2268 3076 2638 3149 Hieronymus.
2674 3109 2743 3118 —
2772 3079 2969 3136 Credis
3011 3079 3155 3151 quod
3212 3090 3439 3136 cunctas
3492 3080 3757 3148 visibiles,
3814 3092 3878 3138 et

2266 3168 2572 3226 invisibiles
2587 3186 2872 3229 creaturas
2894 3190 3038 3230 unus
3059 3176 3199 3232 Deus
3228 3176 3419 3231 fecerit
3446 3190 3459 3228 :
3487 3173 3595 3230 hoc
3620 3182 3678 3229 et
3706 3174 3877 3229 Arius

551 3265 882 3323 domicilium
933 3265 986 3317 in
1026 3261 1291 3336 judicium
1324 3260 1495 3333 magni
1522 3255 1549 3295 τι
1575 3259 1705 3324 diei,
1752 3259 1972 3314 vinculis
2012 3269 2165 3316 arter—
2191 3276 2237 3339 ρ
2268 3264 2638 3331 conﬁteretur,
2673 3267 2764 3336 qui
2793 3267 2929 3322 dicit
2971 3278 3169 3325 cuncta
3214 3279 3399 3325 creata
3426 3283 3522 3338 per
3555 3266 3777 3323 Filium.
3810 3266 3873 3324 Si

563 3362 644 3417 nis
685 3359 739 3412 in
784 3357 1008 3411 tenebris
1039 3353 1312 3408 custodiuit
1362 3351 1539 3423 (.lad.,
1574 3352 1677 3422 6):
1728 3353 1853 3421 quia
1895 3352 2167 3408 immutati

562 3458 715 3519 sunt,
742 3459 801 3506 et
825 3465 891 3505 ex
927 3447 1149 3519 propria
1170 3444 1438 3516 dignitate
1460 3453 1513 3498 et
1543 3444 1741 3515 gloria,
1768 3445 1941 3515 magis
1973 3446 2024 3499 in
2057 3445 2169 3500 ιιω-
2199 3449 2210 3463 ’

566 3558 787 3599 mouuut
810 3539 1060 3596 ordinem
1080 3536 1266 3593 abisse
1291 3549 1387 3591 eos
1404 3534 1761 3604 cognovimus
1792 3533 1901 3606 [ΑΙ.
1934 3551 2166 3607 cognos-

562 3634 781 3707 cimus].
804 3634 1029 3689 Animas
1054 3646 1187 3687 vero
1219 3627 1502 3682 hominum
1527 3642 1593 3682 ex
1623 3628 1953 3698 Angelorum
1983 3631 2163 3699 ruina,

565 3737 657 3781 aut
685 3742 753 3783 ex
783 3723 1145 3782 conversione
1167 3718 1285 3774 fieri
1315 3737 1328 3772 :
1355 3734 1532 3789 neque
1557 3718 1893 3774 credidimus
1924 3721 2168 3793 aliquan-

646 3948 672 3975 ³
702 3939 780 3993 Ex
809 3938 892 3992 his
933 3933 1123 4002 incipit
1167 3930 1581 4002 antiquissimus
1626 3929 1686 3987 S.
1712 3930 1902 3986 Crucis
1932 3932 1983 3987 in
2009 3933 2170 3990 Jeru.

570 4010 746 4066 salem
774 4008 844 4064 de
876 4006 1021 4063 Urbe
1048 4000 1160 4058 ins.
1185 4000 1382 4057 litteris
1417 4000 1531 4055 fere
1564 4003 1883 4074 papyraceis
1905 4045 1921 4070 ,
1968 4007 2084 4062 sive
2112 4016 2172 4062 ut

574 4084 626 4138 iu
672 4080 928 4153 Egyjitia
970 4090 1183 4153 papyro
1213 4082 1547 4153 .t‘lClelIIld-li,
1580 4085 1873 4153 exaratos,
1899 4078 2023 4153 _sub
2071 4079 2173 4133 hac

577 4143 885 4224 Epigrapbe
920 4167 932 4202 :
961 4146 1155 4224 .'_nc_ipit
1204 4143 1415 4198 Eusebii
1447 4143 1754 4224 Hieronymi
1793 4147 1857 4199 de
1889 4146 2174 4204 Resurrec.

574 4216 711 4279 tione
741 4216 932 4277 carnis.
967 4218 1098 4273 Tale
1128 4216 1492 4286 fragmentum
1541 4217 1820 4272 studiosus
1851 4234 1959 4274 non
2009 4236 2172 4277 nemo

576 4297 682 4351 sibi
704 4312 768 4351 ex
793 4297 1002 4362 integro
1033 4304 1199 4362 opere
1228 4289 1612 4362 exscripserat.

650 4368 674 4405 b
704 4367 817 4421 Vox
869 4358 1031 4418 lfeum
1055 4361 1140 4433 “in
1186 4358 1403 4433 laudato
1452 4374 1555 4433 ms.
1588 4358 1929 4433 desideratur
1964 4380 1977 4415 :
2012 4363 2170 4433 paulo

580 4431 1161 4511 post,mtodnsin_ti_liter
1184 4430 1347 4511 habet
1365 4444 1465 4500 pro
1490 4430 1812 4511 sititpliciter:

655 4522 677 4549 ε
708 4499 839 4563 Puta
864 4504 1213 4559 Manieltaeos.
1261 4499 1381 4554 Mur
1410 4500 1535 4573 end.
1569 4499 1627 4556 S.
1653 4501 1861 4565 Crucis,
1893 4519 2037 4573 atque
2056 4522 2170 4560 ore.

581 4584 791 4641 dentes;
822 4587 976 4631 vetus
1008 4574 1138 4630 edit.
1167 4586 1311 4641 (eque
1335 4572 1633 4626 ordiuntur.

2265 3358 2334 3415 de
2363 3358 2655 3415 Marcionis
2697 3364 3015 3432 arguereris
3063 3364 3297 3432 lneresi,
3330 3378 3451 3435 qua:
3495 3362 3732 3417 alterum
3764 3360 3869 3416 bo-

2267 3468 2424 3517 num,
2456 3453 2689 3509 alterum
2709 3453 2917 3523 justum
2946 3452 2973 3491 ιι
3003 3455 3175 3511 Deum
3201 3456 3474 3522 inferens;
3502 3456 3653 3509 illum
3679 3452 3874 3509 invisi-

2267 3543 2489 3609 bilium,
2540 3545 2686 3601 hunc
2718 3547 3013 3603 visibilium
3064 3548 3265 3605 asserit
3294 3546 3613 3604 Creatorem
3644 3588 3659 3612 ,
3719 3554 3873 3602 recte

2269 3640 2402 3693 mihi
2453 3639 2522 3694 de
2564 3639 2879 3711 hojusmodi
2923 3640 3259 3699 satisfeceris
3300 3643 3623 3713 quresuone.
3679 3639 3872 3696 Credis

2268 3730 2413 3801 quod
2437 3731 2816 3789 universitatis
2844 3732 3085 3789 Trinitas
3102 3735 3173 3789 sit
3192 3733 3451 3790 creatrix.
3475 3733 3625 3790 istud
3644 3730 3660 3769 ί
3680 3728 3872 3787 Ariani

2276 3941 2383 4018 ἴρῆὲ
2412 3960 2425 3997 ;
2456 3943 2603 3999 Fieri
2624 3963 2773 4018 posse
2794 3956 2851 4000 ut
2876 3946 3309 4015 quemadmodum
3331 3945 3394 3999 de
3414 3944 3778 4000 incredulitate
3802 3944 3876 3999 ad

2269 4013 2428 4081 fidem
2450 4057 2466 4079 ,
2506 4018 2571 4070 ab
2606 4013 2983 4072 incontinentia
3010 4019 3081 4071 ad
3125 4019 3452 4080 castitatem,
3491 4026 3539 4070 et
3566 4021 3802 4071 universe
3839 4033 3874 4070 α

2276 4088 2505 4168 nequitia
2531 4088 2601 4140 ad
2633 4090 2876 4168 virtutem
2903 4090 3057 4168 homo
3086 4089 3425 4168 convertitur,
3438 4088 3510 4141 ita
3534 4097 3604 4153 et,
3628 4087 3874 4168 Angelus

2275 4158 2360 4210 cui
2386 4158 2574 4211 anima:
2600 4176 2725 4213 cura
2754 4162 2927 4213 statim
2974 4161 3037 4216 ab
3077 4170 3193 4215 ortu
3237 4161 3513 4214 commissa
3555 4167 3666 4225 est,
3701 4158 3876 4214 malus

2273 4227 2426 4311 initio
2453 4244 2585 4311 esse”
2606 4232 2807 4311 possit,
2839 4231 3024 4285 deinde
3049 4248 3171 4311 vero
3197 4248 3299 4303 qua
3328 4232 3662 4311 preportione
3686 4230 3731 4283 is
3752 4245 3874 4284 cre-

2277 4297 2376 4365 dit,
2403 4300 2617 4373 quisibi
2664 4302 2886 4357 traditus
2919 4312 3016 4368 est,
3047 4297 3229 4358 eadem
3249 4312 3296 4356 et
3325 4297 3436 4373 ipse
3458 4302 3649 4373 credat,
3674 4308 3724 4373 et
3743 4308 3871 4373 tan-

2279 4378 2357 4423 tos
2402 4371 2571 4447 faciat
2620 4388 2952 4447 progressus,
2991 4378 3059 4436 ὡς
3096 4370 3504 4447 ’γενέσθαιάὐτὸν
3528 4370 3757 4447 ’ᾊγγελον
3777 4372 3875 4428 ἵνα

2274 4449 2376 4498 τῶν
2397 4440 2481 4519 Sed
2498 4440 2685 4506 πανὲὸς
2710 4440 3003 4519 βλεπόντων
3019 4447 3083 4519 τὸ
3102 4440 3387 4519 apes-atrior
3412 4452 3502 4519 τρῦ
3624 4440 3875 4519 cupenci;

2278 4512 2475 4589 πατρός
2493 4556 2506 4575 ,
2536 4525 2590 4568 ut
2612 4512 2745 4569 unus
2776 4533 2838 4570 ex
2863 4515 3075 4589 Angelis
3095 4512 3283 4589 [eicient
3302 4515 3598 4589 Patrisqui
3635 4512 3707 4568 in'
3727 4513 3873 4568 cretis

2279 4585 2599 4657 est,:semper
2618 4585 2988 4654 spectantibus,
3018 4586 3301 4657 efﬁciatur.
3346 4585 3542 4641 Nescio
3572 4587 3755 4656 itaque
3800 4600 3872 4657 an

654 4651 680 4689 ά
707 4647 1245 4727 aletul0<eltac1ettuns
1277 4644 1591 4727 obtinuerat
1616 4641 1713 4696 Dei
1736 4658 1836 4727 prp
1860 4644 2003 4727 _diei,
2029 4648 2158 4716 quod

2282 4641 2465 4727 verius
2506 4641 2753 4711 uisionem
2807 4641 3331 4713 veteres'editiones
3388 4656 3610 4727 legant;
3656 4641 3872 4712 iametsi

583 4720 940 4784 emendamtts
968 4732 1034 4772 ex
1056 4714 1178 4770 eod.
1211 4714 1267 4769 S.
1301 4712 1514 4778 Crucis,
1554 4712 1752 4781 prmter
1780 4712 2058 4785 Vulgatutn
2092 4723 2172 4773 in—

585 4800 901 4866 ιθνρτειεω.
928 4786 1123 4866 (ξι-φορ
1149 4786 1314 4866 etiam
1334 4792 1495 4866 texi“
1513 4824 1542 4866 ,γ
1559 4787 1782 4866 ἡμέρας,
1814 4789 2171 4866 assentiente.

580 4855 918 4923 Concinnius
945 4857 1143 4914 deinde
1167 4855 1291 4911 cod.
1334 4856 1500 4919 idem,
1532 4855 1750 4911 tametsi
1774 4872 1880 4911 non
1918 4859 2024 4913 alio
2048 4874 2173 4912 sen-

576 4957 663 5002 su,
692 4936 814 5003 quia
837 4930 1021 5003 mutati
1050 4930 1172 4983 sint.
1194 4926 1338 5003 Tum
1366 4928 1704 5003 vetus_edit._,
1748 4944 1812 4982 ea:
1834 4931 2049 4999 propria
2089 4932 2170 4984 di-

576 4996 769 5082 qnitatc
788 5019 834 5082 et
858 5002 1047 5082 giaria.
1073 4998 1235 5079 magis
1262 5014 1416 5067 quam
1584 5000 1636 5081 in
1658 4996 1973 5082 daemonum,
2006 5012 2112 5082 etc.

655 5090 677 5116 ι’
702 5076 837 5132 Cod.
859 5068 929 5130 'S.
962 5068 1183 5130 Crucis,
1241 5068 1542 5139 corporibus
1564 5068 1912 5125 circumdatas
1933 5114 1948 5139 ,
1997 5074 2166 5128 novis-

572 5150 700 5205 sime
725 5148 877 5201 etiam
918 5139 1158 5195 humanis
1186 5136 1424 5211 carnibus
1448 5139 1688 5207 alligatas
1706 5181 1720 5203 ,
1745 5136 2002 5211 ipsosque,
2037 5156 2166 5211 ctc.;

578 5229 635 5276 et
656 5216 827 5329 paulo
850 5224 996 5283 post,
1032 5219 1084 5262 ut
1108 5215 1317 5289 accepta
1338 5208 1578 5278 deinceps
1610 5208 1927 5279 paenitentia.

706 5286 1049 5329 Mal-sinimus
1080 5289 1156 5329 att
1188 5295 1201 5329 :
1232 5295 1249 5328 ι
1295 5279 1405 5329 lloc
1435 5278 1555 5329 loco
1584 5297 1827 5329 errarem
1876 5284 1927 5329 'l‘t

704 5278 1049 5343 Martianzeus
1080 5280 1156 5333 ait
1188 5295 1201 5332 :
1232 5295 1249 5328 ι
1295 5279 1405 5357 [ξυμ
1435 5278 1827 5357 locauerrorem
1876 5284 2169 5357 'l‘lteologio

578 5376 703 5417 eum
725 5357 969 5414 inferunt
996 5361 1212 5407 veteres
1250 5350 1522 5406 editiones
1554 5352 1771 5406 Erasmi
1797 5392 1813 5417 ,
1862 5364 1917 5409 et
1943 5350 2167 5412 Mariani

578 5431 800 5487 Victorii
835 5424 1060 5490 (addere
1115 5421 1383 5494 potuisset
1420 5431 1475 5476 et
1517 5424 1851 5494 vetustiores
1884 5425 2051 5494 aliae),
2074 5430 2166 5483 ubi

581 5503 777 5571 legitur
796 5503 1121 5571 revertantur
1149 5491 1217 5545 ad
1239 5492 1481 5571 uisionem
1523 5493 1626 5571 Dei
1654 5511 1668 5545 :
1693 5493 1858 5571 quasi
1885 5491 2171 5571 DiBlllOllCS

578 5562 869 5629 aliquando
903 5566 997 5622 lie‘t
1025 5562 1231 5618 visione
1254 5564 1406 5617 beata
1431 5563 1536 5615 frui
1559 5565 1881 5629 potuissent.
1918 5584 1937 5617 ι
1962 5564 2034 5619 At
2061 5584 2168 5623 non

580 5632 905 5703 tatholicus,
929 5635 1027 5692 sed
1054 5633 1525 5703 Origettisseusus
1552 5635 1636 5685 hic
1668 5632 2007 5689 edisseritur.
2029 5636 2166 5694 Num

584 5725 749 5774 porro
781 5702 953 5761 levior
972 5715 1055 5760 est
1076 5718 1232 5774 error
1251 5743 1266 5767 ,
1297 5702 1582 5774 Daemones
1609 5713 1729 5757 acta
1760 5705 2076 5774 ptnnitentia
2098 5709 2167 5764 ad

582 5772 824 5829 uiciniam
864 5776 957 5828 Dei
1010 5773 1205 5826 reterti
1246 5788 1405 5840 quam
1436 5772 1501 5825 ad
1532 5772 1816 5826 risionem?
1849 5773 1938 5829 Sic
1983 5790 2162 5835 autem

582 5861 644 5903 re
669 5846 785 5915 ipsa
809 5845 1071 5911 Origenes
1100 5842 1269 5895 sensit
1298 5850 1430 5895 tom.
1465 5842 1532 5897 lll
1571 5842 1624 5897 in
1673 5842 2010 5916 Matthmum,
2035 5864 2158 5923 pag.

2278 4726 2537 4786 uiciniam.
2573 4743 2674 4784 nec
2696 4729 2917 4785 diverso
2948 4727 3167 4799 quidem
3202 4742 3386 4793 sensu,
3422 4726 3645 4797 praefert
3684 4737 3874 4783 noster

2276 4812 2493 4867 quoque
2524 4814 2627 4854 tus.

2346 4899 2371 4933 κ
2400 4889 2478 4945 De
2507 4904 2801 4946 scammate.
2832 4892 2981 4948 Bene
3008 4901 3193 4948 monet
3222 4893 3520 4959 Marianus,
3545 4902 3601 4949 et
3628 4892 3868 4962 castigat

2273 4959 2562 5034 Erasmum
2615 4964 2880 5034 legentem
2909 4964 2974 5017 de
3014 4973 3307 5029 stammate,
3359 4973 3683 5034 etc.,quum
3731 4959 3870 5018 mss.

2273 5048 2462 5086 onines
2501 5032 2687 5103 legant
2707 5044 3003 5089 scammate.
3022 5034 3290 5089 Maurus.
3315 5065 3385 5074 —
3406 5034 3496 5091 Sic
3519 5032 3743 5090 Veteres
3771 5050 3872 5103 ap-

2273 5103 2548 5171 pellabant
2578 5104 2797 5162 fossam.
2824 5123 2926 5174 qua
2958 5105 3194 5161 stadium
3222 5105 3591 5165 claudebatur,
3622 5115 3677 5159 et
3703 5121 3869 5174 quam

2273 5175 2412 5227 ultra
2439 5176 2689 5242 progredi
2728 5177 3067 5231 certantibus
3085 5191 3191 5231 non
3216 5175 3434 5231 licebat.
3459 5175 3623 5232 Vetus
3644 5175 3778 5231 edit.
3802 5175 3873 5232 de

2273 5246 2474 5297 numeri
2499 5246 2573 5298 tui
2594 5246 2774 5300 ordine
2803 5264 2816 5299 :
2846 5247 3059 5301 Et'asm.
3093 5246 3156 5299 de
3184 5255 3473 5302 stammate.

2347 5337 2370 5373 ιι
2397 5334 2566 5391 Deum
2592 5338 2840 5409 inferens.
2868 5339 2985 5393 Non
3011 5354 3203 5403 serens,
3232 5354 3409 5409 neque
3438 5339 3627 5410 ferens,
3659 5338 3756 5394 sed
3783 5340 3872 5395 in-

2270 5411 2438 5478 ferens
2469 5410 2646 5478 reperi
2676 5411 2936 5481 scriptum
2968 5410 3020 5463 in
3057 5410 3287 5466 vetustis
3318 5411 3617 5535 codicigus.

3542 5497 3617 5535 ur

3542 5496 3739 5537 ABTIAN
3748 5519 3763 5535 ο

2356 5568 2368 5607 ί
2401 5569 2605 5639 Ariani,
2644 5582 2691 5627 et
2736 5571 3070 5627 Hemiarinti.
3107 5571 3182 5625 Ita
3210 5572 3339 5641 legit
3362 5589 3464 5630 ms.
3500 5573 3875 5631 Sorbonicum

2276 5643 2556 5714 exemplar
2590 5660 2604 5694 :
2635 5642 2688 5696 in
2723 5644 3066 5714 Cluniacensi
3110 5657 3240 5714 vero
3282 5659 3388 5697 non
3438 5644 3629 5699 iisdem
3657 5645 3873 5714 verbis,

2274 5711 2368 5765 sed
2397 5712 2587 5765 eodem
2610 5726 2800 5779 Setzsu,
2823 5713 3006 5767 Ariani
3034 5724 3082 5767 et
3117 5712 3433 5767 Eunomiani
3474 5725 3682 5783 negant.

3489 5786 3758 5842 Maurum.
