4068 6308
187 235 287 294 369

999 238 1206 295 LIBER
1244 239 1522 297 CONTRA
1560 237 1881 296 JOANNEM
1922 238 2654 297 HIEROSOLYMITANUM.

3369 253 3482 308 5ἷο

186 367 237 412 et
264 357 594 413 llemiariaui
631 366 853 427 negant,
887 356 1144 428 Spiritum
1173 365 1417 410 sanctum
1452 373 1560 411 non
1588 355 1780 410 condi-
1812 358 1864 418 Α
1890 355 2112 410 llatiOne
2137 355 2332 409 donata
2357 365 2473 410 est:
2500 371 2568 409 an
2594 357 2644 409 in
2683 367 2703 394 ε’
2739 367 2896 411 sexto
2924 357 3012 413 die
3037 360 3251 429 quando
3279 378 3487 435 corpus

189 459 382 516 torem,
413 451 510 507 sed
535 451 810 508 conditum
835 451 1296 520 blaspliemantes.
1323 451 1428 506 Sed
1456 461 1508 505 te
1533 450 1652 519 quis
1679 448 1781 505 hoc

188 549 432 611 tempore
489 542 767 597 insimulat
802 541 1113 596 Arianum?
1154 542 1298 598 Dicis
1347 544 1556 597 animas
1601 541 1780 596 bomi-

188 649 313 689 num
341 651 447 689 non
480 646 685 705 partem
718 636 811 690 Dei
839 651 961 691 esse
987 647 1235 700 natum;
1269 637 1418 703 quasi
1449 634 1780 691 Manichacus

187 741 332 783 nunc
356 729 425 783 ab
450 729 757 800 Epiphanio
795 729 870 783 sis
897 739 1144 783 vocatus.
1180 729 1482 783 Detestaris
1522 743 1640 795 eos,
1689 727 1778 798 qui

185 820 396 877 animas
423 837 487 877 ex
512 822 734 894 Angelis
763 832 1013 878 asserunt
1045 823 1187 889 ﬁeri,
1220 831 1276 877 et
1318 823 1538 878 illorum
1569 823 1779 878 ruinam

187 922 430 968 nostram
463 914 653 970 dicunt
682 931 802 971 esse
833 916 1218 970 substantiam.
1267 915 1390 970 Noli
1439 916 1781 971 dissimulare

187 1005 327 1076 quod
363 1008 528 1073 nosti,
556 1017 580 1045 ³
612 1023 711 1062 nec
737 1007 1087 1076 simplicitate
1115 1007 1259 1078 quod
1293 1023 1398 1062 non
1424 1008 1590 1062 babes
1620 1008 1782 1078 finge-

189 1114 248 1153 re
293 1117 306 1152 :
345 1099 456 1154 Nec
479 1099 744 1172 Origenes
775 1116 1030 1171 umquam
1061 1100 1194 1155 dixit
1222 1117 1288 1156 ex
1321 1101 1542 1171 Angelis
1571 1101 1781 1156 animas

191 1189 330 1258 ﬁeri,
363 1205 488 1245 cum
521 1191 670 1260 ipsos
695 1191 936 1261 Angelos
981 1205 1174 1246 nomen
1205 1205 1325 1244 esse.
1346 1189 1509 1245 ofﬁcii
1541 1190 1736 1245 doceat
1762 1232 1777 1258 ,

189 1295 295 1335 non
323 1290 554 1337 naturre.
599 1281 657 1336 In
687 1282 840 1337 libris
863 1283 1006 1337 enim
1031 1286 1148 1357 περὶ
1179 1283 1400 1356 Ἀρχῶν,
1435 1291 1491 1338 et
1516 1281 1777 1353 Angelos,

191 1373 534 1441 etTlirouos,
568 1385 624 1430 et
651 1375 1077 1441 Dominationes,
1103 1376 1429 1442 Potestatcs,
1455 1384 1510 1430 et
1535 1384 1780 1431 rectores

187 1467 397 1534 mundi,
431 1477 484 1521 et
515 1468 882 1534 tenebrarum,
912 1478 964 1523 et
995 1483 1156 1523 omne
1185 1484 1384 1522 nomen
1430 1467 1574 1538 quod
1609 1460 1784 1522 nomi-

186 1570 348 1616 natnr
377 1561 592 1634 (Ep/tes.
630 1578 667 1627 ι,
697 1563 812 1634 21),
847 1578 952 1616 ιιοιι
976 1563 1150 1616 solum
1176 1564 1226 1616 in
1260 1563 1515 1632 pra-senti
1554 1561 1778 1628 szeculo,

183 1655 280 1709 sed
315 1655 366 1709 in
408 1655 587 1710 futuro
614 1697 627 1720 ,
677 1655 811 1710 dicit
837 1656 1045 1710 animas
1073 1671 1197 1711 esse
1225 1671 1419 1710 eorum
1465 1670 1779 1723 corporum,

1887 463 1951 503 ex
1971 448 2100 502 limo
2129 448 2418 503 formatum
2453 458 2560 513 est,
2582 458 2637 503 et
2659 465 2782 504 esse
2800 451 3071 516 etvivere,
3090 450 3188 505 Dei
3217 463 3487 520 potestate

1884 541 2208 610 susceperit.
2236 540 2310 594 De
2339 541 2440 594 hoc
2475 551 2642 608 taces,
2665 551 2718 596 et
2741 542 2868 612 quid
2882 552 3158 612 qnzeratur
3179 545 3317 598 scire
3330 545 3493 600 dissi-

1887 633 2119 698 mutans,
2146 634 2199 687 in
2220 635 2513 703 superﬁuis
2541 637 2934 704 quaestionibus
2960 639 3269 708 occuparis.
3293 638 3489 708 Orige-
3571 673 3575 679 η

1886 741 2007 780 nem
2034 726 2297 795 relinquis
2314 727 2598 792 intactum,
2619 736 2874 782 etcontra
2899 729 3226 785 Marcionem
3244 732 3489 801 ,Apolli-

1887 835 2095 883 narem,
2125 819 2477 888 Eunomium,
2496 821 2871 885 Manicbmum,
2893 823 3076 877 Arium
3093 821 3116 859 ἀ
3133 834 3492 879 cieterornm-

1886 929 1992 982 que
2025 912 2405 967 licerelicorum
2462 913 2698 982 ineptias
2723 913 3105 969 debaccliaris.
3140 917 3356 970 Manum
3389 931 3484 986 pe-

1888 1008 2040 1072 teris,
2073 1015 2128 1061 et
2179 1006 2368 1076 pedem
2425 1009 2698 1078 porrigis;
2753 1018 2809 1063 et
2851 1018 3035 1064 tamen
3087 1010 3284 1082 dogma
3336 1011 3482 1083 quod

1888 1104 2118 1168 retines,
2147 1103 2384 1158 latenter
2441 1104 2705 1158 insinuas.
2743 1103 2835 1159 Sic
2867 1120 2962 1159 nos
2992 1105 3227 1161 rusticos
3255 1107 3445 1176 placas
3468 1148 3482 1174 ,

1888 1207 1944 1252 ut
1977 1197 2080 1251 tuis
2108 1198 2322 1268 penitus
2346 1214 2450 1252 non
2475 1197 2788 1268 displiceas.

1958 1289 2048 1344 l9.
2073 1287 2221 1343 Dicis
2247 1304 2311 1344 ex
2334 1290 2559 1357 Angelis
2582 1291 2859 1346 daemones
2879 1293 3065 1364 potius
3087 1309 3250 1362 quam
3275 1295 3488 1350 animas

1888 1382 2029 1446 ﬁeri,
2075 1383 2227 1451 quasi
2263 1397 2369 1437 non
2413 1383 2592 1452 etipsi
2648 1383 2923 1440 daemones
2971 1385 3123 1454 juxta
3156 1383 3487 1456 Origeuem,

1890 1485 1911 1511 ο
1945 1475 2139 1530 anintae
2166 1477 2279 1531 sint
2300 1480 2443 1532 aerei
2473 1479 2752 1545 corporis,
2783 1490 2838 1534 et
2861 1496 2925 1534 ex
2959 1479 3304 1535 daemonibus
3333 1491 3482 1550 post-

1883 1581 1946 1623 ea
2005 1570 2048 1622 si
2109 1570 2474 1639 resipucrint,
2526 1571 2779 1626 humanae
2827 1571 2844 1608 ί
2886 1573 3081 1626 animae
3131 1574 3239 1628 sint
3293 1575 3484 1631 futuri.

1888 1662 2108 1733 Angelos
2131 1663 2310 1717 scribis
2338 1679 2445 1717 esse
2467 1664 2771 1730 mutabiles,
2803 1675 2855 1718 et
2898 1665 3002 1719 sub
3045 1681 3110 1719 eo
3152 1667 3294 1736 quod
3337 1669 3482 1736 pium

182 1763 302 1816 qua:
335 1747 416 1801 vel
447 1746 740 1813 desiderio,
766 1749 850 1802 vel
873 1747 1178 1802 ministerio
1207 1748 1566 1816 susceperint.
1594 1747 1778 1802 Solem

1909 1763 1988 1821 :st,
2023 1754 2155 1810 illud
2183 1755 2326 1826 quod
2356 1757 2578 1827 impium
2611 1768 2692 1811 est
2720 1757 3053 1822 introducis;
3092 1769 3148 1812 ut
3179 1761 3362 1815 multis
3393 1776 3486 1830 pe-

184 1858 397 1913 quoque
437 1845 611 1913 ipsum
645 1854 701 1897 et
732 1843 942 1911 lunam,
972 1853 1027 1898 et
1077 1843 1319 1896 omnium
1348 1854 1622 1896 astrorum
1652 1841 1784 1896 clio-

182 1951 326 2002 rum,
353 1953 472 1992 esse
501 1939 710 1991 animas
734 1935 1134 1992 rationabilinm
1169 1933 1194 1971 ι)
1221 1934 1493 2004 quondam
1527 1946 1581 1989 et
1604 1935 1783 1989 incor-

186 2029 460 2100 poralium
485 2045 862 2088 creaturarum
890 2050 1042 2103 :qum
1069 2049 1213 2087 nunc
1231 2033 1458 2087 vanitati
1483 2033 1743 2102 subjecta:
1766 2074 1780 2098 ,

183 2124 378 2194 ignitis
409 2126 664 2182 videlicet
685 2126 1040 2196 corporibus,
1070 2142 1190 2195 qua:
1222 2141 1319 2180 nos
1340 2126 1581 2197 imperiti
1604 2135 1658 2180 et
1690 2142 1781 2179 ru-

183 2217 293 2272 des
327 2216 614 2272 luminaria
665 2218 851 2274 tnundi
900 2218 1278 2288 appellamus,
1329 2217 1704 2273 liberabuntur
1757 2233 1786 2272 a

181 2309 458 2364 servitute
489 2309 856 2378 corruptionis
887 2310 938 2362 in
969 2310 1276 2364 libertatem
1315 2309 1506 2379 gloriae
1555 2309 1789 2363 ﬁliorum

183 2403 310 2457 Dei.
349 2402 504 2458 Unde
536 2410 591 2457 et
616 2403 797 2457 omnis
833 2413 1082 2457 creatura
1128 2401 1488 2472 congemiscit
1520 2413 1572 2456 et
1604 2412 1794 2473 partu-

184 2494 278 2550 rit.
317 2495 387 2549 Et
421 2495 716 2564 Apostolus
743 2495 1021 2564 deplorat,
1054 2495 1243 2550 dicens
1279 2513 1290 2548 :
1318 2493 1515 2565 Infelix
1557 2512 1649 2567 ego
1703 2497 1795 2549 ho-

183 2606 289 2657 mo,
333 2591 451 2657 quis
496 2606 577 2643 me
600 2587 766 2661 424
797 2590 1033 2644 liberabit
1059 2589 1122 2642 de
1149 2606 1364 2660 corpore
1391 2591 1570 2643 mortis
1603 2590 1796 2662 hujus?

182 2683 300 2738 Non
334 2692 426 2736 cst
448 2682 607 2736 istius
642 2682 907 2753 temporis
937 2693 1125 2737 contra
1158 2683 1356 2751 dogma
1402 2683 1708 2752 gentilium,
1743 2691 1798 2737 et

183 2788 444 2848 exparte
491 2777 853 2842 Platonicum,
890 2777 1156 2833 scribere.
1204 2776 1347 2831 Ante
1397 2792 1572 2831 annos
1621 2777 1796 2831 ferme

183 2871 380 2926 decem
419 2869 472 2924 in
500 2868 926 2925 Commentariis
959 2869 1320 2936 Ecclesiaste,
1367 2880 1419 2924 et
1453 2871 1503 2923 in
1537 2871 1795 2940 explana-

184 2967 332 3019 tione
362 2962 632 3034 Epistolze
657 2963 723 3018 ad
753 2963 1044 3035 Ephesios,
1077 2963 1324 3018 arbitror
1347 2979 1574 3017 sensum
1627 2963 1795 3016 animi

188 3057 292 3111 mei
321 3055 691 3126 prudentibus
715 3057 1080 3126 eXplicatum.

1887 1848 2058 1902 riodis
2089 1849 2286 1904 anima}
2316 1850 2448 1904 ﬁant
2478 1868 2584 1906 non
2613 1867 2678 1906 ex
2707 1852 2946 1921 Angelis,
2981 1852 3075 1908 sed
3101 1868 3168 1909 ex
3211 1855 3296 1912 bis
3325 1871 3488 1911 voca-

1889 1945 2052 2011 bulis,
2085 1946 2135 1999 in
2161 1963 2280 2016 que
2330 1947 2479 2016 prius
2523 1947 2717 2017 Angeli
2747 1948 2937 2001 mutati
2964 1957 3113 2003 sunt.
3150 1949 3283 2006 Volo
3335 1953 3480 2022 quod

1889 2039 2033 2104 dico,
2069 2039 2409 2094 manifestius
2434 2040 2548 2094 ﬁeri
2581 2057 2594 2093 :
2629 2039 2770 2109 ﬁnge
2798 2043 3033 2113 aliquem
3055 2044 3350 2100 tribunitia:
3381 2059 3476 2112 po-

1893 2130 2101 2185 testatis
2130 2147 2230 2185 suo
2262 2132 2390 2186 vitio
2435 2132 2778 2202 regradatum
2809 2175 2823 2198 ,
2872 2151 2969 2204 per
3017 2137 3227 2208 singula
3279 2135 3490 2190 militias

1894 2233 1917 2270 ε
1950 2223 2218 2293 equestris
2246 2222 2421 2278 ofﬁcia
2448 2266 2462 2289 ,
2492 2225 2558 2279 ad
2593 2226 2786 2282 tironis
2810 2229 3132 2283 vocabulum
3155 2230 3493 2293 devolutum,

1895 2314 2153 2384 numquid
2180 2330 2246 2370 ex
2302 2316 2523 2371 tribuno
2563 2318 2743 2372 statim
2781 2319 2835 2372 lil
2889 2321 3029 2376 tiro?
3053 2321 3203 2387 Non;
3238 2323 3334 2378 sed
3365 2335 3492 2377 ante

1897 2406 2270 2476 primicerius,
2313 2408 2564 2463 deindeh
2593 2422 2840 2480 senator,
2889 2413 3251 2482 ducenarius,
3300 2427 3491 2470 cente-

1898 2501 2106 2564 narias,
2160 2498 2323 2572 425
2358 2501 2634 2571 biarchus,
2667 2505 2910 2571 circitor,
2937 2523 3104 2577 eques
3126 2551 3140 2575 ,
3175 2508 3302 2564 dein
3353 2509 3488 2572 tiro;

1896 2603 1951 2648 et
1988 2609 2314 2663 quamquam
2367 2595 2616 2651 tribunus
2686 2601 2960 2668 quondam
3010 2602 3168 2658 miles
3211 2603 3496 2673 gregarius

1896 2688 1994 2753 sit,
2049 2697 2228 2741 tamen
2263 2705 2326 2742 ex
2383 2690 2599 2745 tribuno
2642 2707 2748 2746 non
2795 2694 2940 2758 tiro,
2995 2695 3092 2750 sed
3149 2696 3497 2764 primicerius

1897 2781 2070 2837 factus
2097 2792 2198 2837 est.
2238 2783 2402 2838 Docet
2429 2786 2695 2855 Origenes
2724 2803 2821 2856 per
2846 2788 3048 2842 scalam
3095 2789 3270 2844 Jacob
3302 2791 3492 2858 paula-

1899 2875 1990 2928 tim
2025 2875 2376 2931 rationabiles
2427 2887 2711 2933 creaturas
2748 2879 2814 2933 ad
2857 2881 3102 2935 ultimum
3133 2881 3386 2951 gradum,
3442 2883 3494 2936 id

1897 2977 1999 3032 est,
2026 2966 2090 3019 ad
2118 2982 2340 3022 carnem
2376 2977 2431 3023 et
2475 2970 2796 3040 sanguinem
2826 2970 3160 3029 descendere
3195 2993 3206 3027 :
3243 2989 3342 3030 nec
3375 2974 3495 3030 ﬁeri

1900 3073 2090 3128 posse,
2151 3070 2208 3113 ut
2260 3061 2328 3115 de
2375 3064 2693 3118 centenario
2747 3080 2977 3120 numero
3021 3067 3200 3121 subito
3260 3067 3382 3137 quis
3429 3068 3496 3121 ad

259 3151 348 3204 18.
411 3149 528 3203 lloc
566 3163 710 3204 mmc
737 3164 869 3219 rogo
896 3191 910 3213 ,
944 3149 1033 3218 qui
1079 3156 1227 3201 tanta
1276 3147 1539 3218 loqueris,
1587 3150 1676 3218 qui
1723 3148 1790 3203 de
1819 3154 1864 3216 C
1898 3170 2061 3209 unum
2086 3171 2370 3210 numerum
2387 3159 2778 3226 praecipitetur,
2803 3160 3284 3232 nisipersingulos
3309 3177 3498 3214 ltlllltc-

188 3245 402 3297 cunctis
435 3241 786 3296 sermonibus
817 3241 918 3296 sub
948 3258 1056 3295 uno
1086 3250 1317 3296 tractatu
1353 3241 1613 3297 edisseris
1655 3244 1795 3297 veri-

190 3346 382 3400 tatem,
415 3347 478 3391 ut
508 3335 840 3406 respondeas
872 3336 1281 3390 sciscitantibus
1309 3335 1531 3391 brevem
1577 3337 1800 3391 absolu-

191 3440 412 3502 tamque
434 3431 788 3486 sententiam.
822 3431 1050 3498 Quando
1104 3430 1392 3500 plasmavit
1431 3431 1576 3484 Dens
1623 3429 1798 3485 homi-

189 3542 312 3581 nem
346 3543 415 3581 ex
447 3525 584 3580 limo
606 3567 619 3590 ,
669 3533 723 3578 et
752 3541 846 3594 per
873 3525 1104 3595 gratiam
1137 3526 1370 3595 propria:
1405 3524 1798 3579 iusufflationis

189 3621 236 3676 ei
262 3623 515 3676 animant
551 3620 776 3674 tribuit:
813 3632 991 3674 utrum
1031 3619 1118 3673 illa
1156 3620 1334 3673 anima
1383 3619 1543 3673 fuerit
1589 3629 1715 3674 ante
1744 3629 1800 3673 et

189 3713 534 3778 substiterit,
561 3719 614 3766 et
643 3711 731 3766 tibi
766 3720 976 3766 verSata
1012 3710 1103 3775 sit,
1138 3726 1258 3781 qua-
1290 3712 1379 3766 Dei
1415 3721 1604 3781 postea
1627 3711 1800 3768 insuf-

259 3934 282 3960 ⁸
313 3923 374 3979 S.
410 3919 616 3979 Crucis
648 3933 752 3972 ms.
794 3932 884 3971 nec
911 3915 1314 3985 simplic.'tatem,
1363 3931 1514 3984 quant
1567 3930 1666 3966 non
1707 3913 1804 3966 ha-

249 4011 269 4047 s
423 4034 436 4047 .

220 4012 290 4104 ei:
316 4004 469 4121 Ιῗῖἓιιι
505 4078 593 4117 ms
627 4105 640 4127 ,
675 4059 1038 4130 quarwmlnm.
1087 4057 1205 4110 Vill.
1240 4075 1361 4126 qua:
1391 4068 1719 4111 atmotainus
1747 4055 1798 4130 in

193 4137 362 4202 Epist.
397 4139 466 4191 ad
505 4128 756 4192 Avitum,
791 4141 953 4200 atque
981 4130 1142 4193 alibi;
1192 4130 1251 4182 S.
1285 4145 1500 4198 quoque
1535 4128 1800 4196 Augusti-

193 4224 314 4262 num
342 4211 399 4263 in
434 4203 788 4262 Eueliit'idio.

262 4291 283 4318 ε
305 4281 358 4332 lu
387 4281 598 4335 eodem
635 4291 734 4330 ms.
766 4291 833 4327 an
850 4274 902 4326 in
928 4273 1110 4342 quinto
1127 4270 1213 4324 die
1233 4272 1437 4340 quando
1460 4286 1669 4340 corpus,
1691 4278 1800 4323 etc.

195 4361 246 4405 et
266 4368 395 4406 mox
428 4353 612 4404 videre.
642 4362 736 4417 pro
766 4346 948 4417 vivere.

1906 3263 2015 3310 ros,
2049 3249 2202 3317 quasi
2231 3263 2324 3316 per
2354 3249 2518 3303 scalze
2545 3251 2765 3321 gradus,
2793 3251 2858 3304 ad
2893 3253 3140 3307 ultimum
3171 3268 3344 3322 usque
3376 3267 3499 3321 per-

1904 3343 2113 3407 veniat;
2137 3352 2192 3398 et
2224 3354 2299 3397 tot
2331 3353 2540 3400 mutare
2575 3360 2830 3415 corpora,
2856 3356 2988 3417 quot
3016 3347 3084 3402 de
3113 3347 3254 3400 cmlo
3284 3344 3351 3399 ad
3382 3355 3493 3398 tcr-

1906 3451 2018 3489 ram
2051 3436 2378 3490 mutaverint.
2401 3438 2729 3493 mansiones.
2771 3439 2864 3492 lla:
2885 3448 3012 3494 sunt
3036 3439 3276 3509 strOphae
3298 3446 3496 3490 vestra:

1903 3534 2065 3597 atque
2097 3529 2406 3599 prcestigize,
2439 3529 2635 3599 quibus
2665 3545 2763 3585 nos
2810 3530 3111 3585 Pclusiotas
3135 3539 3190 3584 et
3214 3529 3459 3597 jumenta
3479 3569 3496 3595 ,

1904 3631 1958 3676 et
1983 3623 2243 3676 animales
2273 3623 2522 3678 homines
2549 3624 2733 3678 dicitis
2760 3665 2773 3689 ,
2830 3626 2950 3694 quia
2985 3640 3091 3678 non
3121 3622 3413 3692 recipimus
3435 3639 3501 3678 ea

1904 3730 2024 3785 quae
2057 3715 2280 3786 Spiritus
2321 3726 2447 3771 sunt
2483 3716 2635 3787 (l'id.
2685 3715 2856 3787 Epist.
2907 3715 3247 3770 Pammachio
3299 3724 3344 3768 et
3376 3713 3506 3769 Oce-

1906 3917 2129 3991 traditnr
2174 3919 2414 3991 Legionis
2457 3922 2598 3988 eius,
2652 3921 2738 3983 qui
2789 3936 2904 3972 cum
2945 3916 3288 3991 Eatsuperio,
3341 3930 3395 3973 ut
3450 3922 3506 3975 in

1903 3990 2132 4060 exercitu
2187 3989 2450 4059 appellant
2496 3991 2887 4060 campidoctore
2933 3989 3087 4057 (lege
3129 3991 3507 4060 campidoctore

1906 4058 2084 4113 Graio.
2115 4058 2263 4113 enim
2310 4058 2692 4124 ὁπλοδιδακτῆς,
2727 4075 2776 4115 et
2813 4060 3267 4128 ὁπλοδιδάσκαλος)
3297 4069 3343 4114 et
3369 4059 3508 4114 Can-

1907 4130 2032 4182 dida
2054 4140 2287 4184 senatoi-e
2327 4133 2576 4194 militum,
2621 4133 2924 4186 accenderat
2962 4131 3280 4185 exhortando
3326 4133 3507 4201 singu-

1908 4201 2018 4261 los,
2061 4212 2167 4254 etc.
2213 4203 2319 4257 Sed
2352 4203 2514 4256 etiam
2562 4205 2613 4257 in
2659 4203 2952 4257 Theodosii
2998 4201 3254 4267 Novella,
3293 4204 3374 4256 tit.
3410 4204 3503 4270 ‘29,

1909 4270 1975 4324 de
2008 4271 2389 4335 Scholaribus,
2426 4273 2514 4328 tibi
2558 4273 2838 4327 Comitibns
2873 4272 3168 4327 scholarum
3205 4275 3512 4329 verbernndi

1915 4343 2330 4415 regradundique
2371 4354 2629 4399 senatores
2680 4362 2740 4398 ac
2768 4345 3076 4397 ducenarios
3116 4346 3322 4397 licentia
3353 4346 3512 4400 dene-

265 4420 291 4458 ιι
323 4423 542 4476 Nmien
592 4411 706 4473 Arii
739 4433 802 4471 ex
829 4415 950 4469 cod.
987 4411 1262 4491 S._Cr_ue_is
1295 4413 1600 4491 suppletur.
1645 4412 1803 4477 juxta
1838 4432 1891 4491 D
1919 4411 2090 4483 gatnr,
2131 4427 2201 4491 et_
2229 4411 2350 4470 mox
2414 4418 2607 4470 iterum
2659 4423 2969 4491 senatorum
2999 4456 3012 4476 ,
3065 4416 3508 4491 ducenariorum,

200 4509 355 4561 quem
418 4495 616 4547 itidem
653 4491 881 4557 legimus
936 4485 1095 4552 paulo
1147 4485 1283 4535 intra
1313 4486 1513 4548 retices,
1570 4497 1668 4550 pro
1701 4498 1808 4551 quo

201 4575 356 4618 antea
389 4575 508 4619 erat
544 4563 760 4616 retines.

274 4645 296 4671 ε’
328 4637 382 4690 In
420 4634 672 4702 antiquis
716 4627 1044 4702 cditionibus
1086 4625 1408 4702 glossatoris
1459 4640 1660 4702 tiranii,
1699 4623 1812 4702 liae

205 4717 274 4758 est
300 4709 448 4775 pium
475 4694 673 4758 animm
703 4703 802 4754 sint
829 4699 967 4775 aerei
998 4695 1252 4775 corporis.
1279 4703 1324 4747 et
1355 4694 1449 4775 hoc
1477 4703 1550 4775 est
1594 4695 1813 4775 impiam

206 4792 267 4829 ex
300 4765 684 4834 'Dazmonibus,
717 4783 824 4826 etc.
881 4770 1081 4823 Deinde
1124 4769 1330 4830 istlnec,
1357 4766 1581 4836 Angelos
1634 4765 1814 4817 :cribis

207 4864 316 4902 esse
337 4847 643 4911 mutabiles,
677 4845 730 4898 in
759 4841 975 4916 cod_._S.
1009 4839 1195 4893 Crucis
1226 4837 1641 4916 nouiliabentur.
1712 4906 1724 4916 υ
1760 4905 1789 4916 γ’

286 4919 302 4957 τ
336 4920 545 4974 Animw
572 4906 698 4982 sint,
728 4924 822 4968 etc.
859 4913 1002 4967 Idem
1032 4910 1313 4982 exemplar
1331 4908 1578 4982 gluttiac.
1613 4906 1818 4960 omittit

214 4989 327 5045 hmc
378 4995 580 5051 verba,
625 4979 720 5040 hoc
748 4995 818 5038 est
854 4985 1021 5050 pium,
1050 4997 1170 5051 qua:
1212 4981 1260 5033 in
1294 4979 1417 5035 aliis
1444 4980 1598 5033 libris
1625 4993 1819 5047 super-

213 5060 919 5130 “llCngUltlllr.MABTlAN.
987 5125 997 5132 _
1067 5125 1074 5132 _
1325 5130 1330 5132 Α
1718 5121 1730 5132 ,

283 5143 306 5178 a’
345 5121 663 5196 Equestrem
712 5139 864 5182 vocat
916 5125 1230 5192 palatinam,
1280 5130 1533 5196 ut‘puto,
1567 5121 1822 5177 militiam

213 5204 326 5259 sive
354 5194 625 5262 militum,
659 5199 749 5269 qui
783 5213 883 5267 pro
913 5196 1114 5264 palatio
1147 5194 1504 5269 excubabant.

1922 4487 2471 4552 centenariorumque
2513 4487 2714 4540 IllQllllO
2750 4494 2852 4539 est.
2883 4487 3270 4541 Constantinus
3302 4489 3372 4542 Μ.
3407 4506 3455 4545 c.
3494 4506 3511 4544 ι

1919 4556 2056 4626 Cod.
2090 4557 2416 4611 Justinianei
2449 4557 2514 4608 de
2537 4557 2692 4610 Ufﬁc.
2726 4557 2856 4624 Mag.
2884 4556 2985 4611 Oli.
3021 4561 3316 4626 Agentibus
3343 4562 3394 4614 in
3425 4576 3516 4616 re-

1923 4625 2022 4678 bus
2054 4627 2120 4679 ita
2154 4628 2447 4696 respondet
2475 4627 2809 4696 :Privilcgiis
2839 4628 3040 4682 dudum
3068 4630 3282 4684 Scholia
3313 4643 3513 4687 vestras

1925 4697 2149 4768 indultis
2178 4709 2229 4750 et
2277 4699 2504 4758 integris
2536 4699 2826 4768 reservatis
2847 4740 2859 4754 .
2895 4699 2960 4752 ad
3015 4700 3463 4756 DUCENARIAM
3495 4745 3512 4768 ,

1924 4767 2444 4841 CENTENARIAM,
2471 4780 2524 4841 et
2554 4767 2926 4822 BlARClllAll
2959 4811 2972 4830 ,
3023 4788 3182 4825 nemo
3222 4767 3513 4841 νειιῐῐιἭείφ

1925 4837 2238 4913 scd‘labo-re
2264 4840 2635 4913 unnSqnisque
2662 4842 2960 4913 perveniat,
2990 4851 3096 4895 etc.
3135 4841 3308 4913 Erant
3336 4837 3521 4913 itaque

1927 4908 1980 4982 in
2024 4907 2638 4982 ScholaAgentiunrin
2690 4911 2869 4982 rebus
2895 4915 3168 4980 equestris
3210 4912 3325 4966 sive
3374 4907 3525 4982 pala-

1931 4981 2055 5033 tina:
2095 4979 2300 5054 militia:
2326 5021 2340 5044 ,
2400 4979 2482 5054 vel
2515 4979 2746 5054 aliorum
2791 4979 3094 5037 cohortium
3127 4984 3217 5052 qui
3251 4979 3522 5054 Prin—cipis

1930 5065 2017 5104 res
2061 5049 2306 5119 publicas
2337 5050 2433 5126 _ve_l
2487 5051 2722 5126 privatas
2769 5055 3108 5126 tractabant,
3139 5049 3273 5110 certi
3320 5049 3526 5126 gradus

1931 5138 2028 5192 per
2055 5136 2205 5198 quos
2224 5121 2486 5198 paulatim
2513 5125 2609 5198 fuit
2627 5124 3060 5198 ascendendum,
3106 5129 3282 5198 primo
3309 5121 3527 5198 equites,

1932 5209 2056 5247 mox
2083 5193 2342 5247 circitares
2360 5235 2374 5257 ,
2398 5192 2522 5249 dein
2550 5195 2748 5249 biarchi
2765 5240 2779 5262 ,
2803 5208 2910 5252 etc.
2953 5192 3160 5253 Nomen
3195 5192 3533 5255 Centenarius

287 5274 312 5312 ιι
349 5265 692 5331 Ξεηειιοιέιιὶ
722 5265 827 5324 non
861 5266 1529 5335 militaremdignitatem,
1586 5265 1679 5319 sed
1739 5280 1828 5319 ur-

220 5346 396 5400 bicam
422 5359 554 5400 esse
604 5350 855 5396 eausatns
881 5339 964 5392 vir
990 5337 1184 5391 doctus
1209 5381 1222 5401 ,
1259 5352 1544 5404 perperam
1600 5337 1688 5390 hic
1740 5336 1824 5389 in-

223 5425 431 5472 truSmn
467 5428 677 5488 nomen
704 5408 1110 5488 i_stud_put:ivit,
1136 5415 1230 5459 aut
1262 5407 1535 5488 .mendose
1580 5408 1701 5476 legi.
1759 5410 1830 5488 At:

226 5505 328 5543 non
355 5499 477 5542 erat
509 5483 819 5552 suspicioni
851 5483 1032 5544 locus;
1063 5479 1302 5552 occurrit
1336 5494 1530 5552 nempe
1553 5518 1566 5542 ,
1617 5479 1832 5530 tametsi

226 5575 369 5621 raro,
409 5557 559 5627 apud
592 5548 809 5607 veteres
848 5552 986 5605 inter
1018 5550 1219 5627 militia:
1255 5548 1545 5627 dignitatis
1586 5559 1829 5627 senator,

229 5631 280 5685 in
302 5619 461 5685 Actis
489 5628 795 5693 Martyrum
819 5622 1216 5693 Agaunensimn
1250 5635 1277 5670 a
1312 5619 1371 5693 S_.
1396 5619 1669 5693 Eucherio
1698 5619 1833 5672 scri-

233 5706 354 5771 ptis.
392 5689 809 5771 lncitamentum
826 5689 1308 5771 tamen‘m-aximntn
1329 5690 1450 5771 ﬁdei
1495 5691 1547 5742 in
1577 5689 1670 5742 illo
1699 5699 1832 5771 temf

234 5761 353 5839 pore
375 5787 531 5836 penes
566 5769 630 5821 S.
668 5761 972 5818 Mmu'icinm
997 5762 1126 5832 fuit,
1157 5761 1505 5828 primicerinm
1539 5771 1657 5813 tunc
1703 5762 1833 5814 sicut

1933 5264 2187 5340 bicapud
2213 5264 2607 5340 Hieronymum
2637 5268 2850 5340 deerat.
2878 5271 2942 5323 lit
2968 5270 3256 5340 soppletur
3277 5313 3290 5333 ,
3349 5286 3379 5326 e
3425 5286 3532 5326 ms.

1934 5335 1992 5392 S.
2027 5335 2241 5409 Crucis.
2291 5336 2395 5390 Pro
2426 5335 2635 5392 circiter
2666 5339 2755 5392 alii
2797 5339 2941 5394 docti
2979 5335 3087 5393 vi'ri'
3124 5340 3311 5409 legunt
3360 5341 3536 5396 cirmi—

1934 5410 2088 5472 citor,
2112 5407 2270 5478 cujus
2301 5425 2400 5462 nec
2432 5410 2672 5464 nominis
2703 5425 2801 5464 nec
2834 5410 3112 5479 dignitatis
3163 5407 3367 5466 mentio
3420 5413 3534 5468 ulla

1935 5497 1963 5543 q
1982 5480 2084 5532 uod
2115 5494 2282 5534 sciam
2314 5481 2549 5535 occurrit
2581 5480 2720 5549 apud
2749 5490 3023 5535 auctores.
3052 5480 3285 5536 Circitor
3313 5496 3493 5538 autem
3514 5524 3532 5549 ,

1945 5551 2120 5630 Cra-t3,
2151 5551 2509 5630 ττεριοδευιτιρςε
2542 5562 2595 5608 et
2623 5553 2880 5630 adrui-nc,
2926 5561 3045 5630 erat
3075 5552 3163 5620 qui
3194 5553 3540 5630 vigiliasrir-

1946 5621 2694 5689 cumibat,'remnniabatque
2716 5624 2760 5674 si
2787 5637 2890 5688 qua
2921 5625 3076 5692 culpa
3108 5621 3535 5685 esset'adniissa.

1951 5693 2136 5766 \"eget.
2169 5695 2263 5749 lib.
2294 5712 2371 5762 ιιι,
2403 5711 2452 5749 c.
2477 5695 2510 5749 8
2540 5693 2767 5766 ab‘unc,
2798 5693 3224 5766 inquit,_militite
3253 5696 3421 5763 [actus
3461 5707 3542 5754 est

1948 5761 2158 5832 gradus,
2193 5775 2238 5822 et
2268 5761 2525 5820 circitores
2551 5761 2818 5818 occantur.
2861 5761 2965 5820 Alii
2999 5763 3179 5835 legunt
3211 5761 3506 5826 ci’rcatorei.
