4062 6342
567 262 667 314 571

1824 244 1879 299 S.
1923 242 2193 302 EUSEBII
2232 242 2614 299 HIERONYHI

3761 245 3865 300 372

564 390 667 428 ano
701 373 771 425 ad
801 368 940 437 βω).
977 364 1083 415 Vos
1124 358 1559 430 llierosolymitac
1600 359 1763 413 etiam
1795 359 2030 427 Angelos
2061 358 2159 413 de-
2190 361 2233 420 Α
2266 374 2349 411 ma
2378 359 2657 412 rationalis
2684 359 2786 422 sit,
2821 367 2869 411 et
2899 357 3101 425 p'oprii
3126 359 3371 421 arbitrii,
3408 368 3459 413 et
3495 361 3699 414 scimus
3722 365 3860 431 quod

567 465 781 519 ridetis.
816 455 1213 512 l‘ertrahuntur
1248 452 1355 523 [ΑΙ.
1404 450 1811 521 pro‘rabuntnr]
1838 453 1888 504 in
1921 452 2159 505 medium

563 563 744 607 vestra
799 548 1103 620 mysteria,
1161 554 1215 598 et
1252 544 1321 599 de
1365 543 1664 598 Gentilium
1714 543 1911 597 fabulis
1970 544 2163 613 dogma

566 654 905 707 contextum,
928 639 1255 694 Christianis
1280 638 1501 690 auribus
1530 636 1853 703 publicatur.
1883 636 1994 690 Hoc
2019 636 2162 705 quod

566 752 666 792 vos
690 735 963 790 miramini
1004 732 1111 803 [ΑΙ.
1165 730 1484 799 imitamur],
1518 730 1646 782 olim
1682 731 1731 781 in
1764 730 1987 783 Platone
2031 745 2163 784 con-

566 832 909 901 tempsimus.
935 826 1369 894 Contempsimus
1385 836 1585 885 autem,
1603 825 1726 893 quia
1750 824 1952 877 Christi
1982 825 2162 877 stulti-

570 928 699 979 tiam
722 924 1028 994 recepimus
1058 921 1166 992 [ΑΙ.
1213 920 1551 989 recipimus].
1584 918 1912 987 Recepimus
1962 918 2163 972 Christi

571 1020 895 1081 stultitiam,
942 1016 1064 1083 quia
1106 1013 1310 1066 fatuum
1347 1012 1440 1066 Dei
1475 1013 1773 1081 sapientius
1821 1021 1902 1065 est
1936 1012 2167 1065 homini-

569 1111 690 1165 bus.
725 1110 842 1163 Non
870 1108 1036 1178 pudet
1061 1106 1404 1161 Christianos
1428 1114 1482 1158 et
1510 1104 1828 1158 sacerdotes
1862 1104 1980 1167 Dei,
2011 1105 2164 1172 quasi

571 1205 639 1259 de
672 1204 832 1259 rebus
865 1201 1086 1256 ludicris
1122 1208 1335 1269 agatur,
1369 1208 1394 1234 ο
1432 1198 1613 1252 verbis
1650 1198 1828 1251 dubiis
1858 1197 2087 1260 hmrere,
2113 1206 2167 1249 et

571 1302 855 1370 ambiguas
880 1298 1082 1353 librare
1108 1296 1409 1352 sententias
1432 1336 1444 1357 ,
1495 1294 1693 1363 quibus
1739 1294 1965 1363 ll'qthDS
1997 1293 2166 1361 magis

568 1410 728 1465 quam
762 1392 991 1447 audiens
1013 1390 1284 1458 decipitur
1311 1387 1355 1456 (Ι
1378 1386 1499 1441 Cor.
1552 1402 1590 1450 ι,
1621 1386 1738 1455 95).

634 1491 725 1545 20.
768 1487 848 1541 De
892 1486 1115 1557 quodam
1149 1484 1444 1553 Origenisla
1484 1486 1593 1533 hazc
1637 1481 1792 1533 dicta.
1822 1510 1890 1519 —
1916 1478 2069 1534 Unus
2098 1495 2164 1533 ex

570 1584 741 1637 choro
788 1586 973 1633 vestro
1024 1591 1146 1630 cum
1188 1590 1215 1625 a
1248 1588 1334 1627 me
1372 1583 1673 1633 teneretur,
1706 1581 1763 1624 ut
1792 1571 2004 1626 diceret
2036 1568 2164 1638 quid

567 1676 793 1730 sentiret
832 1671 902 1726 de
946 1670 1163 1731 anima,
1207 1667 1468 1719 fuissetue
1506 1676 1634 1719 ante
1665 1679 1920 1726 carnem,
1961 1680 2027 1716 an
2058 1678 2163 1717 non

2268 452 2361 504 Dei
2413 453 2501 505 illa
2556 452 2795 505 conditio
2844 453 2931 505 sit.
2980 452 3149 504 Nemo
3192 450 3405 506 dubitat
3459 468 3647 508 errare
3690 455 3862 509 Mani-

2264 542 2505 606 cbreum,
2551 543 2640 611 qui
2668 542 2792 596 dicit
2827 558 2945 596 eam
3001 557 3124 595 esse
3176 543 3274 597 Dei
3320 545 3704 600 substantiam.
3752 548 3863 603 lloc

2267 650 2408 689 nunc
2434 636 2708 705 interrogo
2733 651 2746 686 :
2776 638 2964 688 Anima
2992 635 3089 689 ista
3115 636 3208 689 Dei
3251 637 3509 702 conditio,
3538 639 3697 694 liberi
3721 642 3865 696 arbi-

2267 728 2352 781 trii
2374 770 2386 789 ,
2417 728 2719 793 rationalis,
2749 743 2925 794 neque
2957 729 3022 782 de
3048 728 3350 782 substantia
3372 730 3670 795 Creatoris,
3696 750 3866 803 quatt-

2267 820 2337 873 do
2385 821 2520 873 facta
2551 822 2619 872 sit
2656 838 2668 872 :
2704 831 2883 873 utrum
2915 836 2982 874 eo
3012 830 3256 891 tempore
3286 838 3394 892 quo
3422 824 3490 878 de
3522 824 3652 879 limo
3691 826 3866 882 factus

2268 924 2343 966 est
2368 914 2549 973 homo,
2584 922 2634 965 et
2652 912 2983 965 insultlatum
3008 914 3436 980 estspiraculum
3460 917 3583 968 vita!
3604 918 3656 969 in
3674 918 3863 973 lactem

2268 1006 2417 1072 ejus:
2452 1022 2517 1058 an
2547 1022 2666 1073 qua:
2693 1007 2839 1074 prius
2868 1006 3045 1059 fuerat
3073 1006 3178 1077 [ΑΙ.
3210 1018 3367 1061 antea
3397 1008 3537 1061 facta
3562 1008 3782 1081 fuerat],
3810 1022 3865 1067 et

2269 1097 2407 1149 inter
2437 1098 2784 1150 rationabiles
2828 1109 3107 1152 creaturas
3141 1110 3192 1153 et
3244 1102 3593 1170 ineorporeas
3630 1114 3746 1158 erat
3778 1114 3864 1159 at-

2269 1203 2372 1257 que
2402 1190 2615 1242 vivebat
2638 1232 2652 1250 ,
2682 1189 2776 1242 Dei
2810 1202 2994 1258 postea
3029 1191 3390 1245 insulttatione
3416 1194 3609 1247 donata
3634 1197 3737 1249 sit?
3770 1197 3865 1252 Hic

2271 1292 2450 1347 taces,
2487 1282 2573 1336 hic
2601 1284 2903 1352 simplicem
2930 1300 2991 1339 ac
3018 1286 3279 1339 rusticum
3312 1296 3363 1339 te
3393 1288 3651 1351 simulas;
3683 1298 3737 1343 ct
3768 1291 3868 1346 sub

2269 1378 2451 1431 verbis
2483 1379 2779 1447 Set'ipturm
2800 1421 2813 1443 ,
2842 1395 2902 1432 ea
2931 1396 3051 1448 qua}
3088 1381 3363 1448 Scriptura
3398 1398 3503 1434 non
3526 1384 3711 1445 sentit,
3744 1383 3867 1438 abs-

2269 1473 2480 1525 condis.
2529 1472 2583 1524 In
2622 1488 2688 1527 co
2728 1474 2844 1527 loco
2892 1475 2980 1527 ubi
3023 1474 3196 1537 dicis,
3227 1476 3368 1544 quod
3413 1477 3595 1529 nullus
3638 1479 3863 1547 quzerit,

2271 1584 2378 1621 non
2410 1568 2552 1621 illim
2584 1578 2789 1637 partem
2822 1568 3059 1638 aliquam
3093 1584 3215 1623 esse
3246 1585 3356 1624 sum
3386 1572 3491 1641 [ΑΙ.
3524 1571 3745 1644 όὶνὶηίῐξ]
3775 1589 3869 1626 na-

2274 1669 2406 1713 tura:
2430 1662 2616 1729 (juxta
2644 1660 2906 1730 quosdam
2936 1662 3023 1730 qui
3059 1661 3159 1714 hoc
3192 1662 3354 1730 impie
3391 1664 3705 1733 pradicant)
3736 1665 3866 1720 illttd

565 1768 790 1828 luisset;
827 1765 989 1817 fuisse
1018 1758 1516 1831 responditsimul,
1540 1768 1810 1827 etcorpus
1832 1769 1885 1811 et
1905 1757 2162 1810 animant.
2199 1762 2245 1821 Β
2274 1752 2443 1823 magis
2472 1754 2740 1807 debueras
2779 1755 2962 1807 dicere
2983 1796 2998 1820 ,
3031 1756 3174 1824 quod
3202 1770 3390 1808 omnes
3411 1757 3723 1825 qumrimus,
3759 1773 3864 1814 non

568 1863 817 1917 Sciebam
876 1860 1150 1913 hominem
1198 1854 1516 1909 hairetienm
1560 1855 1783 1922 laqueos
1824 1852 1877 1906 in
1914 1866 2167 1905 sermone

564 1970 829 2025 qumrere.
864 1950 1120 2005 Tarndem
1147 1948 1323 2018 reperi
1350 1961 1507 2008 eum,
1542 1962 1605 1999 ex
1653 1961 1763 2015 quo
1794 1960 1992 2014 corpus
2040 1944 2163 1997 ani-

574 2055 809 2110 masset,
840 2061 904 2098 ex
949 2054 1071 2096 tunc
1102 2056 1224 2097 eam
1265 2041 1447 2094 dicere
1492 2039 1726 2091 animam
1771 2046 2163 2106 nuncupatam,

570 2157 692 2211 quae
749 2139 896 2207 prius
948 2138 1031 2191 vel
1078 2135 1329 2197 dmnton,
1383 2132 1469 2186 vel
1511 2132 1748 2200 Angelus
1789 2130 2036 2191 Satante,
2082 2127 2167 2181 vel

572 2232 793 2301 spiritus
816 2229 843 2267 δ
875 2227 1276 2290 fornicationis,
1304 2233 1395 2277 aut
1418 2224 1467 2277 in
1493 2232 1645 2294 parte
1673 2221 1968 2287 contraria,
1995 2219 2170 2273 domi-

571 2326 718 2377 natio
738 2365 751 2387 ,
788 2331 1024 2392 potestas
1049 2362 1065 2386 ,
1097 2318 1505 2373 administrator
1530 2316 1789 2385 spiritus,
1820 2325 1910 2369 aut
1940 2314 2169 2367 nuncius

572 2418 842 2486 appellata
871 2417 962 2470 sit.
992 2414 1047 2469 Si
1077 2414 1173 2468 fuit
1204 2413 1383 2467 anima
1415 2420 1706 2480 antequam
1738 2409 1907 2463 Adam
1935 2412 1983 2461 in
2011 2423 2167 2477 para-

570 2511 692 2564 diso
716 2510 1061 2573 formaretur,
1095 2509 1144 2560 in
1170 2506 1409 2577 quolibet
1435 2513 1576 2558 statu
1598 2512 1655 2559 et
1680 2504 1873 2558 ordine
1891 2545 1905 2567 ,
1930 2511 1985 2557 et
2011 2502 2165 2561 vixit,

575 2612 627 2655 et
657 2603 767 2671 egit
797 2602 903 2672 [ΑΙ.
946 2600 1085 2670 erat]
1117 2598 1315 2667 aliquid
1356 2600 1556 2665 (neque
1599 2596 1741 2649 enim
1777 2609 2063 2664 possumus
2086 2594 2168 2646 in-

573 2695 915 2763 corporalem
939 2735 952 2757 ,
1007 2705 1060 2748 et
1102 2702 1361 2746 (uernam
1395 2693 1445 2744 in
1473 2691 1691 2744 modum
1717 2691 1940 2759 glirium
1977 2690 2172 2741 immo-

577 2788 741 2839 bilem
766 2795 1185 2854 torpentemque
1221 2784 1477 2851 sentite),
1512 2798 1735 2835 necesse
1764 2791 1847 2835 est
1894 2793 1947 2834 ut
1990 2780 2169 2849 aliqua

577 2892 740 2930 causa
777 2878 1117 2944 praecesserit
1145 2918 1158 2937 ,
1188 2892 1285 2928 cur
1314 2893 1432 2944 qum
1458 2876 1605 2942 prius
1633 2877 1750 2927 sine
1776 2889 2006 2942 corpore
2039 2874 2167 2939 fuit,

582 2980 770 3039 postea
792 2970 1127 3023 circumdata
1154 2971 1223 3021 sit
1250 2984 1499 3036 corpore.
1533 2968 1661 3022 Etsi
1684 2966 1849 3037 426
1874 2970 2065 3020 animo:
2091 2977 2175 3021 est

581 3062 830 3115 naturale
859 3078 980 3115 esse
1004 3062 1121 3115 sine
1142 3077 1395 3129 carpere,
1420 3076 1550 3125 ergo
1591 3071 1778 3112 contra
1813 3068 2058 3111 naturam
2089 3071 2173 3113 est

2273 1864 2391 1903 eam
2416 1891 2429 1914 ,
2462 1865 2581 1918 qua:
2609 1850 2759 1919 prius
2781 1849 2975 1913 fuerat,
3010 1866 3113 1902 non
3146 1865 3266 1903 eam
3302 1865 3462 1919 quam
3503 1861 3625 1905 ante
3675 1852 3868 1905 condi-

2272 1941 2466 2007 derat,
2512 1957 2632 2011 qua:
2663 1942 2802 1994 inter
2837 1941 3185 1995 rationabiles
3226 1952 3388 2011 atque
3435 1944 3781 2011 incorporeas
3816 1952 3869 1998 et

2274 2033 2572 2088 invisibiles
2603 2045 2879 2088 creaturos
2912 2033 3209 2102 muliojam
3239 2047 3483 2102 tempore
3526 2034 3865 2090 versabatur.

2274 2129 2415 2182 Nihil
2470 2129 2658 2183 horttnt
2712 2130 2982 2198 loqueris,
3034 2128 3195 2200 427
3228 2131 3482 2198 producis
3513 2130 3671 2183 nobis
3706 2132 3869 2184 Mani-

2273 2226 2503 2285 charum,
2528 2232 2584 2276 et
2614 2222 2903 2276 abscondis
2931 2222 3239 2291 Origenem,
3273 2237 3325 2275 et
3358 2223 3491 2276 sicut
3526 2223 3765 2291 parvulis
3793 2224 3869 2276 ci-

2275 2317 2398 2370 bum
2424 2317 2791 2386 poscentibus,
2819 2316 3023 2370 ludicra
3053 2316 3295 2385 qua-dam
3314 2316 3538 2369 off-runt
3558 2317 3780 2386 gerulzc,
3813 2323 3869 2369 ut

2274 2420 2498 2465 at'ocent
2547 2420 2755 2464 mentes
2794 2426 3019 2474 eorum,
3060 2409 3137 2463 sic
3180 2418 3232 2461 tn
3276 2424 3373 2462 nos
3413 2413 3641 2462 rusticos
3674 2420 3869 2462 avocas

2275 2502 2337 2554 ad
2370 2503 2509 2565 alia,
2559 2512 2615 2555 ut
2668 2503 2793 2555 dum
2853 2504 3071 2556 alterius
3111 2517 3356 2571 persiina:
3410 2503 3869 2556 noritatectcne-

2275 2611 2415 2659 tnur,
2459 2594 2600 2665 quod
2649 2596 2893 2648 volumus
2934 2611 3038 2648 non
3067 2609 3395 2664 qurcramus.

2347 2688 2435 2740 :22.
2468 2688 2575 2740 Era
2606 2690 2656 2741 in
2686 2699 2806 2757 typo
2842 2687 3105 2740 Erclcsiw.
3145 2690 3387 2753 QuOtidic
3418 2686 3556 2741 Deus
3588 2687 3869 2755 fabricatur

2275 2781 2471 2832 animas
2513 2780 2809 2833 rationales.
2832 2778 3014 2833 Libera
3042 2782 3295 2850 confessio
3318 2783 3457 2845 ﬁde}.
3486 2810 3558 2820 --
3592 2780 3742 2844 Esto,
3767 2781 3871 2835 hoc

2278 2888 2382 2924 non
2414 2871 2685 2939 loquaris,
2721 2882 2773 2925 et
2815 2873 3131 2939 SillillliCIIIIS
3172 2883 3256 2925 tzia
3288 2874 3424 2925 nihil
3470 2874 3522 2927 iu
3566 2888 3624 2927 se
3673 2873 3872 2927 habeat

2276 2966 2416 3035 quod
2445 2966 2637 3020 callide
2668 2977 2864 3020 taceas.
2889 2967 2989 3034 Qui
3019 2984 3147 3037 ergo
3181 2968 3246 3020 de
3276 2970 3453 3020 anima
3488 2968 3657 3020 semel
3685 2968 3872 3021 dicere

2276 3074 2539 3127 cceperas,
2566 3059 2703 3113 etde
2730 3077 2788 3113 re
2814 3070 2958 3113 tanta
2976 3061 3045 3112 ab
3069 3061 3295 3113 exordio
3319 3060 3651 3114 mnditiouis
3676 3060 3872 3113 huma—

520 3164 527 3173 '
580 3170 703 3207 esse
735 3156 787 3207 in
820 3170 1072 3222 corpore.
1100 3152 1156 3208 Si
1190 3166 1378 3207 ριιηιη
1406 3165 1649 3206 naturam
1683 3163 1765 3206 est
1794 3167 1914 3205 esse
1962 3153 2012 3204 in
2054 3167 2174 3206 cor-
2202 3146 2245 3207 (Σ
2283 3166 2364 3203 na:
2391 3161 2636 3218 repetere
2668 3170 2681 3204 :
2714 3167 2834 3217 cur,
2870 3152 3239 3220 disputatione
3273 3152 3565 3218 pendente,
3587 3152 3651 3205 ad
3687 3154 3869 3221 Ange-

580 3264 710 3315 porc
732 3287 745 3309 ,
777 3262 908 3311 ergo
938 3246 1260 3299 resurrectio
1284 3247 1531 3314 Corporis
1554 3255 1741 3299 contra
1769 3253 2013 3297 naturam
2046 3246 2169 3299 erit.

577 3340 682 3395 Sed
717 3358 822 3394 non
851 3342 881 3392 ft
922 3342 1293 3394 ιιθθυτνιλοιίο
1316 3351 1502 3394 eontra
1547 3351 1829 3402 naturam;
1864 3356 1992 3408 etgtt
2020 3340 2170 3409 juxta

576 3436 906 3489 sententiam
941 3446 1174 3487 vestram
1201 3450 1399 3501 corpus
1431 3434 1572 3499 quod
1606 3444 1790 3487 contra
1819 3443 2063 3486 naturam
2090 3445 2173 3488 est

580 3544 599 3567 ε
636 3544 957 3599 resurgens.
991 3531 1226 3581 animam
1260 3544 1364 3579 non
1396 3528 1632 3585 habebit.

645 3624 737 3679 21.
771 3623 1117 3677 Martii-lucum
1147 3623 1411 3675 nominare
1431 3623 1645 3691 pollutio
1673 3632 1766 3673 est.
1789 3650 1856 3660 -—
1881 3620 2025 3673 Dicis
2054 3622 2170 3673 ani~

575 3731 715 3768 mam
756 3730 860 3768 non
902 3729 1023 3769 esse
1054 3715 1123 3767 de
1156 3714 1250 3768 Dei
1290 3712 1619 3766 substantia.
1651 3712 1902 3767 Pulchre.
1941 3712 2173 3767 Damnas

573 3809 716 3859 enim
744 3808 1125 3876 impiissimum
1154 3804 1535 3870 .llanichwum,
1560 3820 1719 3873 quem
1747 3806 2028 3859 nominare
2061 3807 2173 3874 pol-

573 3899 712 3951 lutio
765 3911 868 3954 est.
914 3900 1057 3954 Dicis
1096 3914 1163 3952 ex
1202 3898 1425 3967 Angelis
1471 3898 1680 3951 animas
1730 3913 1835 3951 non
1893 3899 2029 3953 lieri.
2071 3904 2172 3953 Ac-

574 3994 804 4063 quiesco
837 3994 1136 4062 paulisper,
1175 3991 1301 4046 licet
1332 3993 1573 4045 noverim
1612 4006 1720 4061 quo
1751 4008 1913 4046 sensu
1946 3992 2170 4047 dixeris.

571 4085 705 4151 Quia
739 4099 869 4154 ergo
891 4084 1179 4138 didicimus
1206 4082 1333 4153 quid
1370 4098 1564 4152 neges,
1599 4083 1846 4138 volumus
1880 4085 2019 4137 scire
2042 4084 2171 4154 quid

571 4177 783 4231 credas.
827 4176 1135 4246 «Accepto,
1182 4176 1381 4243 inquis,
1416 4176 1482 4229 de
1514 4185 1655 4230 terra
1689 4175 1848 4242 limo,
1882 4177 2173 4245 plasmavit

572 4268 720 4323 Deus
752 4269 1051 4332 hominem,
1081 4276 1137 4322 et
1163 4284 1257 4337 per
1281 4268 1507 4337 gratiam
1533 4269 1763 4338 proprim
1788 4269 2172 4324 iusulllationis

573 4366 807 4417 animam
836 4364 1057 4418 donavit
1085 4363 1497 4426 rationabilem;
1528 4371 1581 4415 et
1613 4362 1769 4415 liberi
1798 4363 2032 4426 arbitrii,
2067 4378 2171 4417 non

578 4464 786 4521 partem
811 4456 1044 4525 aliquam
1070 4472 1182 4510 sua:
1207 4466 1417 4509 natura:
1443 4453 1611 4525 (juxta
1636 4454 1925 4524 quosdam,
1952 4457 2040 4525 qui
2071 4456 2173 4511 hoc

2278 3244 2357 3296 los
2382 3254 2439 3297 et
2466 3244 2531 3297 ad
2564 3244 2783 3312 dispi-iis
2804 3246 3023 3298 itionem
3059 3245 3319 3299 llnuiinici
3366 3247 3611 3313 cirporis
3642 3254 3873 3314 repente

2280 3338 2615 3391 transcendis
2645 3355 2656 3388 :
2686 3347 2739 3391 et
2786 3348 2889 3390 tam
2941 3340 3129 3406 grandi
3182 3340 3233 3392 in
3282 3340 3457 3393 medio
3505 3341 3872 3409 prietcrmissa

2277 3432 2490 3485 s‘tlebra
2510 3473 2521 3493 ,
2552 3432 2748 3486 dubios
2774 3449 2873 3485 nos
2904 3432 2955 3485 in
2986 3432 3097 3484 luto
3126 3432 3332 3486 literere
3362 3434 3601 3501 pateris?
3625 3434 3680 3486 Si
3706 3433 3875 3487 insuf-

2278 3527 2427 3579 ﬂatio
2457 3528 2547 3578 Dei
2575 3526 2741 3595 (quod
2776 3540 2880 3579 non
2917 3527 3026 3592 vis,
3057 3527 3272 3595 etquod
3302 3544 3445 3581 nunc
3469 3528 3728 3598 relinquis
3750 3543 3872 3581 am-

2278 3620 2522 3689 biguum)
2557 3621 2804 3673 humana!
2829 3621 3023 3673 aninnc
3047 3622 3286 3675 conditio
3311 3633 3393 3675 est
3415 3640 3428 3674 :
3451 3622 3564 3676 Eva
3586 3664 3599 3687 ,
3637 3623 3687 3676 in
3718 3622 3875 3691 cujus

2279 3713 2474 3767 faciem
2519 3728 2623 3765 non
2676 3714 2967 3767 insulllavit
3000 3714 3168 3776 Deus,
3203 3715 3345 3769 unde
3373 3715 3612 3768 animam
3642 3716 3874 3769 habuit?

2278 3808 2456 3861 Taceo
2506 3806 2573 3859 de
2622 3806 2731 3860 Eva
2756 3849 2769 3869 ,
2803 3823 2921 3875 quin
2950 3809 3001 3859 in
3036 3816 3161 3877 typo
3194 3808 3453 3862 Ecclesia:
3490 3808 3558 3863 de
3589 3820 3737 3863 costa
3771 3810 3873 3864 viri

2278 3900 2539 3954 :cdilicata
2563 3940 2578 3963 ,
2613 3916 2717 3953 non
2743 3900 2903 3954 debet
2936 3910 3057 3967 post
3086 3909 3228 3955 tanta
3260 3902 3457 3955 sa-cuia
3488 3912 3747 3970 nepotum
3777 3917 3876 3956 ca-

2278 3992 2509 4044 lumnias
2553 3991 2844 4045 sustinere.
2876 3990 3006 4044 Cain
3038 4001 3092 4045 et
3122 3992 3298 4058 Abel,
3354 3994 3511 4060 primi
3566 4008 3630 4047 ex
3683 3993 3876 4062 primis

2279 4084 2621 4147 hominibus,
2656 4086 2800 4140 unde
2842 4085 3079 4139 habuere
3109 4087 3355 4140 animas?
3396 4090 3565 4142 Omne
3615 4089 3876 4157 deinceps

2278 4177 2573 4230 humanum
2615 4194 2785 4247 genus
2810 4220 2823 4241 ,
2853 4180 3047 4247 quibus
3078 4179 3380 4233 animarum
3412 4190 3667 4235 censetur
3706 4198 3872 4237 exor-

2278 4274 2416 4327 diis?
2452 4273 2467 4309 ί
2504 4273 2694 4328 Utrum
2741 4289 2808 4327 ex
2841 4274 3088 4339 traduce,
3122 4274 3269 4343 juxta
3303 4276 3456 4329 bruta
3490 4276 3734 4328 animalia
3772 4292 3784 4325 :
3814 4286 3875 4329 ut

2278 4369 2550 4439 quomodo
2572 4382 2769 4436 corpus
2799 4384 2861 4421 ex
2886 4382 3115 4436 corpore
3137 4407 3151 4431 ,
3176 4367 3255 4421 sic
3286 4368 3462 4421 anima
3486 4378 3774 4438 generetur
3802 4381 3871 4422 ex

2280 4462 2493 4516 anima?
2524 4477 2589 4515 an
2615 4460 2961 4516 rationabiles
2987 4471 3253 4515 creatum
3279 4462 3548 4516 desiderio
3578 4476 3872 4530 Corporum

578 4548 747 4617 impie
790 4550 1139 4621 praedicant),
1172 4550 1269 4605 sed
1299 4552 1573 4620 propriam
1613 4549 2003 4606 conditionem.
2028 4572 2047 4604 ι
2089 4552 2175 4605 Vi-
2202 4538 2253 4596 D
2284 4555 2540 4624 paulatim
2583 4554 2649 4607 ad
2693 4565 2889 4607 terram
2924 4554 3191 4621 delapsm,
3246 4556 3540 4609 novissime
3572 4556 3732 4609 etiam
3770 4558 3871 4610 hu-

576 4643 705 4698 dcte
732 4654 934 4713 quanto
963 4643 1267 4709 circumitu,
1293 4644 1436 4713 quod
1470 4659 1574 4696 non
1607 4642 1925 4712 quaerimus,
1952 4645 2172 4715 eloqua-

576 4744 682 4789 tur.
711 4733 928 4790 Scimus
954 4736 1094 4805 quod
1124 4736 1190 4791 de
1219 4745 1363 4790 terra
1388 4734 1531 4789 Deus
1558 4733 1841 4805 plasmavit
1871 4737 2169 4801 liiirnineiii,

576 4828 831 4883 novimus
862 4829 1003 4898 quod
1038 4829 1331 4885 insulﬂavit
1361 4830 1412 4884 in
1446 4830 1640 4885 faciem
1679 4830 1830 4898 ejus,
1871 4828 1967 4885 ctd
1998 4830 2172 4886 factus

572 4932 658 4978 est
688 4923 740 4977 in
780 4923 1015 4977 animam
1049 4923 1321 4978 viventem
1354 4940 1366 4977 :
1402 4938 1507 4977 non
1542 4924 1855 4993 ignoramus
1891 4924 2033 4993 quod
2061 4928 2174 4981 ani-

648 5074 669 5097 “
696 5062 832 5115 Cod.
864 5062 921 5117 S.
955 5062 1145 5116 Crucis
1164 5103 1179 5127 ,
1215 5064 1365 5116 verba
1386 5064 1544 5116 dubia
1573 5082 1802 5133 quarere
1824 5082 1841 5119 :
1867 5066 2071 5121 leviora
2102 5069 2168 5123 ad

570 5138 875 5189 maminem
902 5142 1255 5187 annotantur.

644 5204 757 5279 bglu
788 5219 915 5279 mss.
950 5205 1118 5279 etiam
1142 5220 1171 5257 a
1221 5205 1278 5279 _P.
1324 5204 1636 5279 Martiaan
1668 5208 1927 5276 inSpectls
1959 5212 2169 5279 fortitu-

570 5277 710 5330 dinis
741 5274 937 5345 legitur
970 5289 1068 5343 pro
1093 5274 1472 5343 fornicationis.

648 5360 669 5387 ε
702 5348 858 5414 Illud,
893 5361 1185 5416 resurgens,
1215 5346 1268 5399 in
1298 5361 1397 5400 ms.
1428 5349 1487 5403 S.
1512 5347 1702 5404 Crucis
1727 5366 1829 5403 non
1865 5351 2114 5406 habetur.

645 5418 669 5454 ι¹
705 5420 850 5474 Idem
903 5436 1004 5473 uls.
1032 5460 1046 5483 ,
1094 5428 1142 5470 et
1171 5423 1340 5489 factus
1380 5421 1445 5473 sit
1488 5422 1639 5473 homo
1668 5424 1717 5472 in
1758 5424 2020 5487 animant,
2066 5435 2171 5479 etc.

569 5491 711 5612 Idm
732 5533 745 5555 ,
783 5491 986 5543 Scimus
1011 5491 1149 5559 quod
1178 5488 1316 5543 Deus
1343 5492 1485 5544 illam
1515 5496 1790 5555 creaverit,
1815 5494 2026 5560 ejusque
2053 5511 2171 5547 con-

610 5566 700 5612 m'o
727 5564 813 5612 ait.

610 5562 700 5614 ilio
727 5564 813 5617 ait.

655 5646 677 5669 ο
710 5632 806 5684 Ms.
838 5634 895 5686 S.
930 5631 1118 5685 Crucis
1146 5643 1419 5685 tenemur.
1452 5633 1618 5685 Paulo
1650 5630 1785 5683 infra
1817 5639 1969 5683 vetus
2000 5631 2175 5687 Editio

580 5713 627 5753 et
655 5718 810 5774 causa
837 5704 887 5774 in
917 5704 1082 5774 medio
1122 5704 1463 5774 prmerittissa
1486 5745 1499 5765 ,
1542 5719 1644 5754 non
1678 5700 1834 5753 soleis
1876 5703 2031 5755 dubia
2059 5721 2174 5757 uos-

581 5780 687 5835 ινα,
719 5772 805 5819 sed
842 5772 891 5820 in
927 5771 1053 5825 luto.
1084 5771 1185 5827 etc.

2281 4649 2455 4703 manis
2484 4649 2701 4717 illigata:
2735 4647 3055 4718 corporibus
3086 4649 3234 4701 sint?
3266 4651 3347 4703 An
3377 4659 3526 4704 certe
3574 4650 3739 4719 (quod
3774 4651 3876 4704 Ec-

2281 4742 2643 4797 clesiasticuin
2674 4753 2755 4795 est
2784 4741 3078 4795 secundum
3114 4742 3327 4812 eloquia
3362 4742 3681 4814 Salvatoris)
3720 4740 3875 4799 f’aler

2281 4853 2421 4889 meus
2456 4847 2479 4882 Β
2510 4853 2667 4907 usque
2694 4834 2846 4888 modo
2875 4845 3138 4905 operatur,
3167 4844 3213 4887 et
3251 4852 3344 4907 ego
3392 4852 3574 4902 operor
3600 4835 3781 4906 (Joan.
3814 4853 3874 4903 γ,

2280 4929 2394 4999 Π).
2427 4926 2450 4963 ¹¹
2488 4928 2554 4981 Et
2596 4926 2724 4981 illud
2765 4927 2917 4981 Isaia!
2953 4944 2965 4980 :
3003 4926 3102 4995 Qui
3144 4932 3334 4998 format
3372 4928 3607 4999 spiritum
3651 4927 3875 4982 hominis

2352 5070 2368 5106 ί
2404 5070 2524 5123 Vid.
2576 5071 2617 5123 si
2650 5070 2797 5125 lubet
2826 5071 2985 5139 epist.
3031 5071 3091 5123 8t
3133 5070 3183 5122 in
3219 5078 3402 5121 nostra
3450 5070 3772 5123 recensione
3808 5070 3879 5127 de

2275 5142 2573 5195 animarum
2608 5143 2837 5210 origine.
2874 5142 2990 5195 Mox
3020 5141 3141 5195 cod.
3185 5142 3242 5194 S.
3290 5140 3476 5193 Crucis
3506 5140 3759 5211 paulatim
3804 5144 3879 5195 ad

2276 5225 2472 5265 terrena
2497 5214 2720 5282 delapsa:
2745 5255 2757 5273 ,
2788 5223 2890 5265 etc.

2351 5296 2369 5329 ε
2412 5286 2601 5337 Deerat
2632 5300 2791 5343 triens,
2823 5283 2963 5352 quod
2990 5282 3203 5349 supplet
3233 5297 3332 5333 ms.
3367 5282 3558 5335 Graeco
3604 5294 3750 5335 textu
3784 5300 3876 5334 as-

2280 5357 2569 5409 sentiente.
2608 5354 2712 5408 Pro
2762 5351 2918 5406 Isiiim
2948 5364 3124 5406 autem
3161 5351 3429 5405 Victorius
3477 5353 3747 5406 Zur/mrito
3796 5357 3878 5409 Ie-

2280 5429 2385 5497 git,
2418 5430 2604 5494 sicque
2634 5426 3005 5493 reponendum
3038 5434 3215 5497 monet
3251 5424 3591 5477 Mailianmus
3620 5442 3837 5495 quoque
3866 5469 3883 5490 ,

2283 5496 2423 5565 quod
2460 5498 2616 5564 hujus
2648 5497 2922 5564 piophetie
2952 5497 3058 5549 sint
3084 5496 3242 5546 verba
3276 5510 3393 5563 cap.
3440 5498 3604 5555 ειμι.
3640 5498 3705 5549 At
3741 5513 3879 5551 mss.

2285 5584 2389 5621 non
2420 5567 2799 5635 suffragantur.

2356 5637 2381 5674 δ
2416 5639 2480 5691 Et
2520 5638 2651 5690 illud
2686 5638 2855 5691 Isaiw.
2892 5637 2994 5689 Pro
3036 5637 3189 5689 Isaia
3218 5635 3506 5703 legendum
3555 5638 3829 5693 Zachariw
3863 5658 3883 5693 .'

2285 5709 2400 5763 haéc
2454 5711 2597 5761 enim
2657 5711 2815 5761 verba
2869 5709 3008 5775 apud
3044 5706 3370 5779 Zachariam
3406 5710 3578 5777 posita
3628 5710 3888 5779 leguntur

2286 5796 2405 5854 cap.
2441 5795 2533 5843 xu,
2574 5780 2625 5847 t,
2659 5780 2786 5833 licet
2844 5779 2984 5849 apud
3036 5778 3223 5833 Isaiam
3255 5779 3420 5833 multa
3471 5778 3724 5843 dicantur
3752 5797 3885 5860 cap,
