4068 6352
189 251 285 276 ἰη-ε

190 271 288 305 010

1005 247 1208 304 LIBER
1248 245 1527 303 CONTRA
1568 245 1888 302 JOANNEM
1930 244 2660 302 HIEROSOLYMITANUNI.

3373 257 3476 309 ὅτι

188 368 236 420 in
265 367 394 438 ipso.
446 364 512 420 Et
543 365 596 419 iu
627 363 855 420 Psalmis
889 383 899 415 :
931 363 1030 429 Qui
1061 364 1208 434 ﬁngit
1237 380 1327 435 per
1363 363 1593 433 singulos
1623 363 1780 414 corda
1811 375 1861 435 Λ
1889 372 1938 418 te
1965 378 2201 427 rursum,
2228 363 2420 428 lecwr,
2453 363 2787 418 admonitum
2821 366 2963 427 volo,
2991 376 3046 420 ut
3075 383 3195 423 eum
3221 371 3414 428 timore
3430 381 3483 429 et

191 477 359 514 eorum
391 459 508 530 (Ps.
538 475 714 526 xxxii,
752 459 861 528 15),
891 458 1132 529 quotidie
1162 458 1305 512 Deus
1335 457 1630 512 fabricatur
1659 457 1773 510 ani-

192 570 302 609 mas
339 573 350 607 :
385 554 538 623 cujus
581 554 718 608 velle
766 553 962 608 fecisse
1003 562 1123 618 est,
1155 562 1211 607 ct
1237 555 1491 608 conditor
1521 567 1642 606 esse
1675 567 1779 606 non

192 645 399 702 cessat?
454 647 579 700 Scio
633 662 753 716 qua:
801 655 991 700 contra
1042 647 1159 700 haec
1208 647 1432 700 soleatis
1466 645 1688 709 dicere,
1728 655 1784 700 et

194 740 456 795 adulteria
503 740 659 794 nobis
691 748 848 810 atque
879 741 1081 794 incesta
1122 755 1468 810 proponere;
1501 754 1620 808 quze
1665 740 1784 794 lon-

192 833 310 903 gior
340 848 514 903 pugna
548 842 657 897 est,
700 849 797 887 nec
831 833 989 902 hujus
1033 832 1298 903 temporis
1339 834 1540 903 patitur
1580 848 1781 902 angus-

193 926 312 979 tias.
349 924 545 979 Eadem
571 927 941 981 controversia
960 935 1015 979 et
1037 927 1089 980 in
1122 941 1217 979 vos
1249 927 1552 995 retorqueri
1585 935 1781 996 potest:

191 1025 243 1071 et
271 1017 650 1088 quodcumque
681 1027 705 1055 ⁸
733 1020 785 1072 in
826 1019 1178 1074 Conditorem
1210 1021 1490 1096 praesentis
1525 1019 1786 1084 temporis

190 1113 408 1168 videtur
461 1113 777 1184 indignum,
833 1114 935 1168 hoc
967 1114 1131 1168 etiam
1171 1129 1235 1167 eo
1276 1113 1511 1168 donante
1557 1128 1660 1166 non
1704 1120 1788 1166 est

191 1205 493 1276 indignum.
553 1206 712 1261 Nasci
747 1208 813 1262 de
877 1207 1175 1272 adulterio,
1221 1222 1326 1260 non
1368 1207 1485 1276 ejus
1519 1207 1672 1273 culpa
1705 1215 1790 1260 est

189 1301 277 1370 qui
305 1299 563 1366 nascitur,
588 1301 681 1355 sed
703 1302 846 1355 illius
861 1299 1025 1373 428
1047 1303 1132 1370 qui
1157 1311 1400 1370 generat.
1427 1301 1707 1368 Quomodo
1733 1302 1785 1354 iu

193 1393 497 1448 seminibus
513 1410 615 1448 non
638 1407 822 1465 peccat
844 1405 980 1448 terra
999 1410 1120 1464 qua:
1141 1394 1304 1461 fovet,
1323 1411 1425 1449 non
1445 1409 1627 1449 semen
1643 1393 1788 1464 quod

188 1484 239 1538 in
262 1485 668 1556 sulcosjacitnr,
689 1501 790 1540 non
813 1485 1004 1540 humor
1021 1495 1071 1539 et
1089 1485 1260 1552 calor,
1278 1485 1473 1557 quibus
1493 1495 1787 1555 temperata

187 1577 455 1632 frumenta
479 1580 528 1632 in
556 1594 790 1648 germem
813 1579 1079 1648 pullulant
1100 1580 1215 1650 (sed
1237 1581 1384 1634 verbi
1409 1581 1603 1650 gratia,
1629 1581 1715 1635 lur
1736 1589 1790 1634 et

183 1669 326 1725 latro
354 1672 440 1742 qui
469 1672 653 1726 fraude
680 1682 734 1726 ct
759 1671 864 1744 [AL
891 1673 1110 1745 exinde]
1132 1675 1180 1726 vi
1214 1673 1374 1743 eripit
1416 1673 1687 1743 semina)”
1711 1674 1790 1728 sic

1881 458 2082 525 judicio
2108 457 2203 510 Dei
2234 474 2320 511 me
2347 457 2490 511 scias
2519 457 2693 527 loqui,
2727 469 2782 513 et
2816 468 2866 512 te
2908 460 3101 515 audire
3125 461 3342 518 debere.
3373 466 3478 522 Nec

1883 566 1985 620 que
2015 549 2158 604 enim
2211 560 2372 604 tanta:
2419 551 2660 605 stultitia:
2691 567 2844 619 sum,
2882 560 2942 606 ut
2984 555 3028 608 si
3059 556 3108 608 in
3141 558 3480 626 expositione

1887 643 2030 696 illius
2078 642 2212 698 lidcs
2261 658 2408 697 mera
2459 652 2576 704 est;
2625 652 2679 698 et
2708 644 2952 713 perlidire
3000 647 3143 701 nulla
3203 650 3478 718 snSpicio,

1885 751 2122 806 quaeram
2171 736 2461 792 accusandi
2493 737 2834 792 occasionem
2868 757 2880 791 :
2909 750 2961 794 et
2991 739 3157 813 429
3182 742 3309 797 dum
3355 746 3482 800 volo

1885 829 2048 883 alium
2083 839 2271 883 notare
2296 829 2470 898 culpat
2490 873 2503 896 ,
2538 829 2652 898 ipse
2674 838 2830 884 noter
2851 832 3154 889 calumniae.
3182 834 3326 904 Lege
3348 852 3479 907 ergo

1887 921 1954 976 de
1984 923 2387 977 resurrectione
2426 924 2606 976 carnis
2637 938 2757 992 quae
2786 924 3000 978 subdita
3044 937 3206 992 sunt;
3255 940 3310 982 et
3355 943 3479 984 cum

1890 1017 2110 1088 legeris,
2143 1013 2234 1071 etd
2250 1018 2553 1087 placuerint
2571 1017 2704 1084 (scio
2723 1018 2864 1072 enim
2888 1019 3150 1088 placitura
3177 1022 3476 1091 ignoranti.

1890 1109 2039 1179 bus),
2073 1110 2342 1179 StISpenJe
2367 1110 2652 1176 judicium,
2685 1121 2939 1180 exspecta
2989 1114 3281 1185 paulisper,
3313 1134 3486 1190 usque

1890 1203 1953 1255 ad
1981 1203 2140 1258 finem
2175 1204 2540 1272 responsionis
2570 1213 2770 1259 nostra:
2797 1206 2991 1262 cohibe
3030 1212 3358 1265 sententiam
3393 1225 3486 1268 :ot

1891 1295 1935 1348 si
1964 1295 2057 1349 tibi
2086 1305 2270 1364 postea
2305 1296 2630 1364 placuerint,
2662 1307 2787 1352 tunc
2816 1313 2913 1353 nos
2939 1300 3228 1355 calumniae
3254 1303 3481 1358 denota-

1894 1387 1997 1441 his.
2050 1403 2067 1435 ι
2091 1386 2401 1440 Passionetn
2439 1401 2654 1458 quoque
2683 1388 2798 1457 ejus
2824 1389 2877 1443 in
2899 1404 3061 1445 cruce
3081 1401 3136 1446 et
3159 1402 3389 1448 mortem
3422 1411 3484 1450 ac

1892 1479 2251 1548 sepulturam,
2277 1495 2395 1549 qua:
2429 1481 2678 1534 universa
2707 1482 2978 1546 servavit,
3012 1497 3075 1535 ac
3129 1489 3485 1543 resurrectio-

1892 1591 2017 1629 nem
2052 1575 2299 1641 vcritatc,
2324 1584 2377 1630 et
2399 1590 2504 1630 non
2536 1575 2776 1644 putative
2799 1575 3120 1631 confitemur
3142 1595 3154 1630 :
3175 1578 3266 1648 qui
3289 1578 3482 1651 (Color.

1897 1667 2054 1738 xvm)
2094 1677 2147 1722 et
2175 1667 2567 1737 primogenitus
2595 1682 2661 1722 ex
2692 1668 2922 1722 mortuis
2943 1708 2958 1734 ,
2996 1669 3259 1738 primitias
3287 1687 3483 1730 massae

189 1763 244 1818 in
273 1766 622 1833 generatione
647 1766 1049 1838 hominnm[At.
1071 1782 1240 1836 genus
1265 1766 1578 1838 humanum]
1599 1765 1790 1836 recipit
1823 1775 1865 1834 Β
1895 1776 2184 1831 corporum
2221 1769 2532 1816 nostrorum
2558 1801 2572 1826 ,
2604 1775 2738 1830 quas
2767 1761 2818 1815 in
2851 1762 3108 1830 SCPUlCI‘O
3135 1765 3342 1833 positas
3370 1780 3491 1821 sus-

183 1865 352 1926 terra,
381 1857 434 1912 id
466 1868 570 1924 est,
605 1859 759 1913 vulva
784 1858 923 1930 quod
941 1875 1097 1913 suum
1125 1869 1238 1924 est;
1269 1869 1324 1914 et
1348 1869 1622 1928 receptum
1652 1875 1785 1914 cou-

179 1951 331 2005 fovct
357 1994 371 2016 ,
421 1951 706 2007 confotum
762 1963 1056 2021 corporat,
1085 1961 1432 2021 corporatum
1460 1954 1511 2006 in
1544 1953 1785 2007 membra

177 2045 487 2115 distinguit.
524 2047 587 2100 Et
617 2048 757 2100 inter
790 2048 912 2100 illas
940 2057 1187 2103 secretas
1219 2049 1428 2102 ventris
1467 2049 1744 2116 angustias
1769 2087 1784 2113 ,

176 2137 276 2192 Dei
311 2153 505 2191 manus
543 2152 761 2206 semper
791 2147 1049 2206 operatur
1085 2155 1096 2190 :
1131 2138 1382 2208 idemque
1427 2146 1512 2192 est
1540 2138 1787 2207 corporis

174 2240 231 2284 et
276 2231 480 2283 anima:
527 2229 776 2285 Creator.
820 2230 938 2284 Noli
971 2231 1255 2301 despicere
1306 2231 1598 2286 bonitatem
1641 2232 1786 2302 liguli

176 2324 283 2391 tui,
320 2325 412 2395 qui
441 2332 491 2379 te
524 2325 814 2394 plasmavit
835 2366 849 2393 ,
881 2334 935 2380 et
968 2324 1095 2380 fecit
1124 2335 1180 2379 ut
1212 2325 1401 2380 voluit.
1435 2326 1552 2394 ipse
1583 2337 1663 2380 est
1691 2326 1786 2381 Dei

169 2417 355 2471 virtus
383 2426 439 2471 et
470 2417 562 2471 Dei
586 2418 851 2487 sapientia
881 2419 968 2488 qui
1001 2417 1108 2490 [ΑΙ.
1140 2417 1281 2490 quat]
1327 2419 1376 2473 in
1412 2429 1570 2474 utero
1606 2418 1783 2489 \‘irgi-

173 2509 258 2562 nis
293 2507 596 2563 aediﬁcavit
638 2509 738 2564 sibi
779 2510 998 2563 domum
1049 2509 1219 2580 (Heb.
1274 2511 1382 2581 χι).
1416 2510 1614 2580 Jephte
1645 2511 1788 2565 inter

171 2603 321 2656 viros
364 2611 584 2657 sanctos
626 2605 872 2673 Apostoli
916 2619 1048 2660 voce
1087 2617 1436 2672 ntnneratus,
1481 2607 1786 2662 meretricis

170 2702 254 2750 est
284 2693 460 2748 lilius.
481 2693 508 2731 ι)
528 2694 634 2749 Sed
668 2695 790 2749 audi
811 2736 824 2761 ,
860 2712 924 2750 cx
955 2695 1197 2751 Rebecca
1231 2705 1286 2751 et
1317 2699 1500 2763 Isaac,
1526 2697 1666 2752 Esau
1694 2715 1787 2768 ge-

169 2787 356 2851 nitus,
409 2785 685 2856 hispidus,
741 2797 846 2840 tam
891 2796 1075 2842 mente
1113 2803 1275 2857 quam
1325 2802 1552 2857 corpore
1581 2829 1594 2854 ,
1632 2790 1787 2858 quasi

171 2875 380 2932 bonum
410 2879 646 2932 triticum
673 2879 725 2932 in
756 2879 941 2932 lolium
970 2894 1276 2950 avenasque
1301 2881 1594 2949 degenerat
1622 2898 1634 2934 :
1661 2883 1784 2952 quia

172 2973 352 3023 nonin
371 2970 703 3036 seminibus,
722 2971 816 3025 sed
834 2972 885 3024 in
905 2972 1180 3026 voluntate
1196 2974 1492 3038 nascentis,
1517 2988 1678 3027 causa
1705 2980 1788 3029 est

170 3061 436 3117 vitiorum
479 3071 640 3132 atque
670 3062 951 3117 virtutum.
985 3063 1043 3119 Si
1072 3063 1274 3119 offensa
1304 3073 1388 3119 est
1415 3066 1562 3121 nasci
1591 3081 1788 3135 corpo-

1888 1855 2109 1921 citavit,
2145 1853 2391 1924 pervexit
2435 1853 2500 1907 ad
2546 1853 2778 1920 cretum,
2810 1869 2964 1925 spem
3011 1856 3166 1912 nobis
3205 1872 3486 1914 resurrec-

1891 1949 2051 2002 tionis
2105 1949 2157 2002 in
2207 1948 2608 2002 resurrectione
2651 1947 2855 2018 proprii
2903 1950 3149 2020 corporis
3200 1951 3485 2009 tribuens:

1892 2038 2032 2093 unde
2073 2047 2129 2093 et
2157 2054 2348 2093 onmes
2377 2041 2453 2093 sic
2491 2054 2776 2108 speramus
2803 2056 3090 2111 resurgere
3117 2057 3183 2097 ex
3221 2045 3446 2100 mortuis
3468 2085 3484 2113 ,

1890 2130 2028 2184 sicut
2070 2129 2162 2184 ille
2197 2130 2510 2185 resurrexit.
2560 2130 2676 2184 Non
2724 2132 2777 2185 in
2818 2133 2938 2187 aliis
2977 2133 3302 2201 quibusdam
3334 2151 3487 2204 pere-

1889 2223 2058 2294 grinis
2083 2233 2134 2277 et
2181 2223 2231 2277 in
2263 2223 2456 2277 alienis
2488 2223 2839 2292 corporilms,
2888 2241 3010 2295 quae
3040 2237 3393 2282 assumuntur
3433 2228 3488 2285 in

1891 2317 2264 2387 phantasmate
2295 2333 2307 2367 :
2341 2315 2436 2370 sed
2479 2316 2618 2369 sicut
2660 2315 2777 2385 ipse
2818 2317 2871 2371 in
2905 2317 2998 2371 illo
3042 2332 3268 2388 corpore
3291 2359 3306 2384 ,
3339 2321 3485 2390 quod

1891 2410 2030 2480 apud
2064 2425 2161 2464 nos
2193 2409 2246 2462 in
2281 2420 2470 2464 saneto
2513 2409 2768 2479 sepulcro
2808 2409 3090 2465 conditum
3140 2413 3439 2468 resurrexit
3474 2431 3487 2469 ι

1891 2503 1960 2557 ita
1997 2513 2052 2557 et
2076 2518 2172 2558 nos
2198 2503 2248 2556 in
2294 2503 2425 2572 ipsis
2455 2504 2773 2571 corporibus
2795 2545 2808 2568 ,
2842 2504 3040 2573 quibus
3068 2521 3212 2560 nunc
3256 2507 3492 2562 circum-

1890 2596 2112 2661 damur,
2137 2606 2190 2649 et
2218 2595 2491 2664 inquibus
2522 2609 2664 2648 nunc
2694 2595 3021 2664 sepelimur,
3053 2597 3243 2652 eadem
3277 2601 3493 2655 ratione

1891 2695 1946 2742 ct
1979 2698 2001 2724 (⁵
2035 2687 2242 2741 visione
2286 2700 2572 2754 Speramus
2623 2700 2930 2756 resurgere.
2979 2687 3110 2754 Quae
3151 2690 3297 2743 enim
3335 2690 3490 2758 juxta

1889 2779 2206 2849 Apostolum
2247 2779 2588 2834 seminantur
2639 2779 2690 2832 in
2733 2781 3123 2849 corruptione,
3165 2791 3392 2852 surgent
3433 2783 3486 2837 in

1888 2873 2297 2943 incorruptione
2331 2890 2342 2925 :
2367 2887 2490 2942 quae
2516 2872 2855 2926 seminantur
2885 2873 2938 2926 in
2967 2872 3330 2942 ignobilitate,
3365 2890 3490 2931 sur-

1888 2974 2019 3036 gent
2045 2965 2308 3035 ingloria.
2348 2965 2647 3019 Seminatur
2676 2981 2863 3034 corpus
2893 2965 3136 3033 animale,
3171 2977 3344 3038 surget
3371 2985 3488 3022 cor-

1890 3079 1982 3133 pus
2012 3060 2282 3130 spirituale
2319 3060 2362 3131 (l
2395 3057 2514 3113 Cor.
2551 3075 2640 3125 xv,
2675 3057 2768 3131 62)
2799 3077 2813 3113 :
2845 3060 2912 3114 de
2937 3060 3133 3130 quibus
3156 3070 3210 3115 et
3238 3059 3490 3117 Salvator

169 3155 320 3210 ribus
353 3149 637 3220 humanis,
671 3157 944 3227 quomodo
968 3157 1115 3213 lsaac
1149 3157 1368 3230 (Cenes.
1394 3163 1562 3229 xvut)
1587 3201 1600 3226 ,
1633 3161 1785 3217 Sant-
1811 3165 1855 3226 (ζ
1889 3157 2087 3212 docens
2122 3154 2335 3208 locutus
2383 3164 2466 3208 est
2497 3171 2510 3207 ε
2546 3153 2647 3220 Qui
2691 3155 2826 3207 enim
2865 3153 3008 3224 digni
3054 3154 3246 3223 [uerint
3291 3155 3484 3208 stacqu

167 3264 268 3306 son
294 3251 512 3323 (Judic.
539 3253 682 3322 xm),
705 3253 942 3309 Joannes
967 3255 1201 3324 Baptista
1227 3255 1380 3326 (an.
1412 3255 1475 3326 ι),
1503 3257 1570 3311 de
1597 3273 1787 3328 repro-

168 3345 440 3400 missione
494 3348 834 3399 nascuntur?
868 3345 1133 3417 lntelligis
1161 3348 1286 3418 quid
1329 3349 1399 3402 sit
1439 3349 1601 3403 fidem
1635 3365 1785 3404 suam

165 3437 434 3494 audacter
471 3453 537 3492 ac
565 3438 735 3494 libere
757 3439 1035 3509 profiteri?
1066 3441 1211 3495 Pone
1238 3457 1423 3496 errare
1457 3457 1564 3506 me,
1597 3452 1787 3510 aperte

171 3532 296 3587 dico
327 3531 485 3603 quod
519 3531 713 3586 sentio.
750 3532 819 3586 Et
851 3543 905 3586 tu
939 3532 1100 3602 igitur
1123 3543 1212 3587 aut
1245 3534 1415 3588 libere
1445 3542 1626 3588 nostra
1661 3551 1788 3604 pro.

169 3623 350 3691 litore,
382 3635 486 3680 aut
518 3635 830 3679 constanter
860 3636 945 3679 tua
975 3626 1025 3680 lo
1049 3642 1214 3696 tuere.
1255 3638 1274 3664 ε
1301 3627 1418 3681 Noli
1453 3639 1690 3683 statuere
1740 3643 1789 3684 te

169 3716 221 3772 in
249 3720 371 3775 acie
403 3733 562 3784 mea,
595 3726 651 3773 ut
680 3721 983 3775 rusticitate
1014 3721 1263 3775 simulata
1314 3721 1366 3774 in
1401 3731 1515 3776 tuto
1548 3722 1750 3778 habeas
1772 3763 1788 3789 ,

172 3824 294 3864 cum
327 3809 610 3877 volucris,
647 3813 902 3881 pugnanti
937 3820 1082 3882 tcrga
1113 3813 1428 3868 ceufodere.
1457 3812 1570 3868 Non
1611 3824 1694 3868 cst
1719 3816 1792 3869 is-

169 3905 275 3958 tius
303 3904 590 3976 temporis
611 3913 801 3960 contra
831 3906 1082 3976 Origenis
1109 3907 1359 3977 dogmata
1399 3910 1744 3964 conscribere
1775 3929 1788 3965 :

172 3997 324 4054 alteri
363 3996 550 4062 istud,
577 3998 622 4052 si
653 3996 902 4053 Christus
934 4001 1096 4054 vitam
1129 4001 1359 4066 dederit,
1391 4003 1542 4070 aperi
1574 4002 1794 4058 dedica-

173 4092 374 4150 bimus.
407 4094 579 4150 Nunc
605 4095 884 4164 quaeritur,
928 4112 994 4150 an
1041 4097 1128 4167 qui
1161 4100 1425 4167 arguitur,
1459 4099 1795 4166 adinterro-

177 4196 293 4255 gata
326 4187 726 4258 responderit,
772 4197 825 4243 et
870 4188 1104 4258 simplex
1135 4193 1205 4245 sit
1234 4200 1288 4246 ct
1312 4203 1498 4260 aperta
1531 4191 1649 4260 ejus
1678 4208 1792 4246 res-

178 4282 394 4347 ροηείο.

247 4373 340 4429 ‘25.
369 4374 512 4429 Cum
548 4375 730 4428 timore
761 4373 854 4428 Dei
889 4375 1114 4445 loquitur
1141 4385 1189 4428 et
1222 4377 1326 4430 rnlt
1353 4378 1548 4430 audiri.
1577 4376 1799 4432 Joannis

179 4469 465 4535 confessio.
491 4467 952 4522 —-Transeamus
1002 4467 1128 4521 hinc
1167 4467 1232 4521 ad
1264 4468 1678 4523 famosissimum
1731 4469 1802 4526 de

1894 3249 1984 3302 illo
2011 3288 2024 3312 ,
2067 3257 2111 3302 et
2138 3247 2505 3300 resurrectione
2535 3260 2597 3298 ea:
2626 3245 2868 3311 mortuis,
2910 3261 3070 3315 neque
3103 3245 3294 3300 nubent
3331 3261 3495 3315 neque

1898 3345 2147 3397 nnbentur
2171 3358 2187 3396 :
2212 3357 2369 3412 neque
2403 3341 2536 3394 enim
2567 3338 2702 3392 ultra
2739 3340 2869 3393 inori
2913 3349 3150 3409 poterunt
3182 3339 3314 3394 :sed
3340 3347 3490 3394 erunt

1897 3436 2026 3490 sicut
2063 3433 2079 3471 ί
2113 3434 2295 3504 Angeli
2325 3432 2423 3486 Dei
2450 3450 2468 3487 .·
2497 3449 2613 3486 cum
2642 3433 2742 3486 sint
2771 3431 2868 3500 lilii
2899 3432 3286 3487 resurrectionis
3324 3428 3490 3499 (Luc.

1900 3546 2000 3594 xx,
2030 3530 2122 3594 55,
2155 3529 2270 3599 56).

1969 3623 2059 3676 2i.
2085 3621 2322 3676 Rursum
2373 3621 2423 3674 in
2457 3619 2561 3674 alia
2601 3630 2755 3689 parte
2788 3618 3072 3689 Epistolas,
3125 3618 3230 3673 hoc
3281 3622 3386 3680 est,
3435 3616 3488 3670 in

1897 3717 2003 3772 line
2031 3729 2252 3771 suorum
2280 3722 2632 3778 tractatuum,
2651 3723 2711 3768 ut
2729 3713 2954 3768 auribus
2975 3711 3230 3766 illuderet
3249 3708 3498 3765 nescien-

1893 3814 2049 3877 tium,
2081 3809 2368 3881 strepitum
2419 3806 2843 3862 resurrectionis
2870 3821 2933 3859 ac
2967 3819 3218 3874 pompam
3246 3801 3348 3858 hac
3377 3817 3498 3858 ver-

1895 3903 2087 3957 borum
2112 3901 2470 3970 ambiguitate
2494 3898 2750 3953 libravit:
2783 3916 2801 3947 ‹
2835 3896 2943 3952 Sed
2967 3911 3142 3966 neque
3163 3895 3229 3950 de
3253 3895 3497 3951 secundo

1893 3997 2131 4067 glorioso
2189 3994 2425 4048 adventu
2475 3989 2694 4045 Domini
2744 3989 2911 4044 nostri
2941 3987 3071 4044 Jesu
3100 3985 3300 4042 Christi
3333 3987 3498 4040 inter-

1897 4091 2167 4155 misimus,
2216 4088 2306 4158 qui
2351 4096 2612 4143 venturus
2663 4085 2830 4141 estin
2879 4083 3054 4153 gloria
3106 4095 3206 4136 sua
3248 4079 3499 4150 judicare

1902 4182 2050 4237 vivos
2079 4191 2136 4236 et
2162 4189 2410 4235 mortuos
2435 4198 2447 4234 :
2480 4178 2600 4249 ipse
2629 4180 2775 4234 enim
2810 4176 3100 4231 suscitabit
3125 4188 3315 4228 omnes
3345 4188 3498 4228 mor-

1901 4284 2046 4342 tuos,
2089 4284 2144 4331 et
2189 4283 2316 4330 ante
2367 4288 2526 4329 suum
2557 4271 2794 4328 tribunal
2835 4267 3001 4339 530
3039 4281 3163 4323 esse
3212 4265 3415 4321 faciet:
3447 4276 3503 4324 et

1904 4369 2192 4438 unicuique
2241 4367 2433 4424 reddet
2482 4366 2781 4422 secundum
2812 4361 2955 4431 quod
2987 4361 3094 4431 egit
3140 4374 3236 4429 per
3279 4373 3500 4430 corpus.

1903 4471 2015 4524 sive
2047 4468 2248 4524 bonum
2281 4467 2396 4522 sive
2426 4465 2664 4530 malum;
2695 4460 2910 4517 scilicet
2949 4468 3042 4514 aut
3077 4458 3425 4515 coronandus
3449 4461 3503 4516 in

181 4563 646 4618 resurrectionne
673 4562 853 4616 earnis
881 4569 930 4616 et
954 4561 1201 4632 corporis
1221 4563 1597 4631 quaestionem,
1624 4562 1674 4615 in
1698 4577 1800 4632 qua
1830 4556 1883 4616 D
1909 4577 2162 4630 corpore,
2195 4559 2340 4630 quod
2382 4568 2533 4615 caste
2554 4558 2697 4628 egit,
2725 4565 2779 4611 et
2807 4553 2986 4622 iuste;
3017 4563 3109 4609 aut
3137 4555 3508 4612 condemnan-

186 4735 292 4774 χιιι
317 4730 366 4775 et
398 4737 539 4784 Lvu,
570 4719 638 4774 de
669 4720 949 4775 creatione
971 4721 1166 4774 anima:
1213 4729 1266 4773 et
1312 4717 1675 4773 insulllatione
1704 4721 1815 4789 spi-

189 4792 351 4847 ritus.
401 4793 447 4847 Μ
461 4805 690 4847 ΛΒΤΙΑΝ.

259 4874 285 4900 ι·
317 4864 592 4933 Legimus
621 4881 687 4918 ex
717 4877 820 4916 ms.
855 4864 912 4919 S.
941 4863 1155 4926 Crucis,
1179 4879 1300 4916 cum
1330 4871 1488 4917 antea
1513 4872 1653 4915 esset
1687 4873 1816 4914 con-

191 4935 362 4988 trario
395 4951 609 5001 sensu,
637 4937 690 4989 in
729 4937 1056 4989 Conditorem
1083 4938 1344 5007 prtt'sentis
1394 4935 1636 5007 temporis
1679 4933 1820 4985 ride-

191 5016 272 5078 tur
296 5007 596 5078 indignum
623 5048 636 5070 ,
659 5009 757 5078 hoc
781 5009 935 5062 etiam
958 5024 1017 5062 eo
1044 5005 1268 5078 donante
1299 5024 1397 5061 non
1426 5019 1498 5060 est
1518 5005 1816 5078 indignum.

263 5076 288 5113 b
323 5076 517 5132 Verba
553 5077 664 5131 Sed
692 5080 816 5132 audi
857 5082 908 5132 in
955 5094 1058 5131 ms.
1085 5077 1143 5132 S.
1178 5079 1366 5132 (Irucis
1415 5077 1817 5132 desiderantur.

193 5146 337 5203 Infra
371 5151 597 5204 leviora
624 5152 867 5218 qutedam
899 5167 960 5204 ex
991 5152 1180 5204 eodem
1204 5151 1583 5205 emendantur.

267 5232 288 5257 ε
319 5219 464 5275 Cod.
501 5219 567 5275 S.
602 5220 814 5286 Crucis,
851 5220 989 5275 Nolo
1015 5233 1257 5283 statuere,
1289 5232 1394 5276 etc.

265 5288 291 5327 ι¹
337 5292 665 5364 Periodum
703 5293 838 5347 hanc
887 5309 1008 5346 cum
1059 5294 1258 5361 triplici
1302 5292 1591 5364 nrgatione
1639 5291 1824 5360 legunt

197 5361 491 5432 hucusque
523 5363 669 5416 editi
694 5377 812 5431 post
841 5365 1146 5427 Erasmum,
1176 5375 1221 5416 et
1249 5382 1348 5416 non
1376 5361 1684 5431 placuerint,
1715 5363 1821 5416 scio

196 5437 330 5488 enim
367 5435 521 5487 haud
549 5432 837 5499 placitura,
861 5444 915 5488 et
943 5452 1087 5499 mox,
1113 5437 1156 5488 si
1184 5435 1272 5487 tibi
1298 5444 1471 5506 postea
1493 5451 1592 5506 non
1614 5435 1823 5502 placue-

196 5506 324 5559 rint.
360 5505 445 5558 Ex
483 5513 612 5558 toto
640 5517 820 5559 autem
862 5514 1122 5560 contextu
1172 5523 1233 5560 ac
1275 5505 1413 5558 serie
1450 5505 1717 5558 orationis
1769 5515 1824 5558 et

198 5577 506 5646 scriptoris
557 5589 748 5631 mente
799 5577 984 5643 liquet,
1043 5578 1322 5632 contrario
1371 5577 1657 5643 legendum
1708 5590 1832 5630 esse

202 5661 408 5709 sensu.
463 5646 783 5715 trinatnqne
827 5650 971 5701 illam
1019 5650 1248 5716 negandi
1279 5649 1598 5716 particulam
1626 5661 1835 5713 expuu-

206 5720 487 5788 gendam.
539 5716 736 5782 Neque
764 5720 928 5784 enim,
962 5723 1105 5783 quod
1135 5722 1266 5771 satis
1296 5720 1592 5772 oscitanter
1624 5717 1842 5788 Martia-

216 5787 382 5850 tta-us
432 5789 696 5863 scripsit,
734 5790 890 5844 Fides
931 5790 1284 5850 Ecclesitecst
1320 5807 1438 5860 qnzc
1481 5787 1843 5856 subnectitur,

1922 4729 2084 4787 atque
2112 4715 2462 4779 eventilatur,
2486 4713 2580 4787 sed
2603 4712 2852 4776 Joannis,
2879 4710 3088 4787 snbdoli
3108 4713 3372 4787 haeretici,
3395 4729 3516 4778 quae

1923 4777 2216 4843 artificiose
2274 4787 2410 4839 adeo
2449 4777 2687 4854 texitur,
2730 4792 2787 4854 ut
2832 4782 3015 4854 prima
3055 4783 3233 4838 fronte
3284 4777 3515 4854 placeat,

1924 4859 2159 4915 maxime
2190 4853 2585 4924 ignorantibus,
2614 4863 2667 4908 et
2696 4853 2786 4923 qui
2814 4851 2926 4905 doli
2967 4853 3098 4906 nihil
3145 4851 3513 4922 suspicentur,

1925 4933 2017 4986 sed
2051 4939 2173 4999 post
2194 4925 2507 4999 Hieronymi
2536 4924 2969 4999 responsionem,
3000 4926 3043 4978 si
3083 4924 3373 4999 placuerit,
3401 4926 3517 4999 ipse

1926 4996 2370 5057 velit'calnmniic
2397 4996 2668 5049 denotari.
2699 4997 2771 5050 Ita
2800 5005 3064 5065 pra‘terea
3092 4996 3238 5065 legit,
3259 4997 3521 5066 quemad-

1926 5071 2146 5129 modum
2173 5080 2219 5124 et
2252 5068 2556 5126 emendavi.
2585 5067 3064 5134 prmstantissimus
3087 5067 3147 5122 S.
3171 5067 3358 5122 Crucis
3387 5084 3518 5135 ms.,

1924 5150 2156 5214 duaeque
2179 5151 2396 5195 veteres
2425 5139 2716 5214 editiones,
2759 5140 2932 5214 altera
2966 5139 3207 5214 Venetiis
3243 5139 3404 5214 1496,
3436 5141 3521 5214 al-

1927 5227 2041 5272 tera
2071 5211 2159 5268 an.
2196 5212 2505 5279 insequenti
2549 5211 2750 5267 Nieolai
2785 5211 2970 5267 Keslet
2998 5213 3130 5267 civis
3163 5211 3518 5273 Basilcensis,

1925 5306 2046 5360 quer.
2076 5297 2126 5342 et
2156 5286 2423 5360 superiori
2452 5299 2612 5339 versu
2649 5284 2870 5347 habent,
2907 5284 2972 5335 de
3013 5283 3390 5338 resurrectione
3418 5281 3528 5336 Do-

1925 5359 2128 5414 minicnz
2154 5359 2343 5413 carnis.

2004 5442 2026 5468 ε’
2068 5433 2126 5487 S.
2177 5429 2367 5484 tirucis
2412 5443 2543 5492 ms.,
2589 5429 2767 5482 eadem
2811 5425 3013 5479 ratione
3056 5434 3100 5478 et
3133 5424 3372 5495 jussione
3420 5437 3532 5497 spe-

1958 5520 2123 5564 amns,
2157 5515 2260 5557 etc.

1927 5521 1953 5558 Γ
2013 5575 2030 5612 ί
2064 5576 2206 5630 Idem
2233 5588 2334 5628 ms.
2365 5574 2499 5627 sicut
2529 5568 2802 5643 Angeliin
2825 5568 2972 5631 catlo,
3007 5581 3124 5643 cum
3156 5566 3282 5633 sint,
3313 5576 3418 5622 etc.
3452 5568 3538 5643 ln-

1941 5651 2144 5715 tcgrius
2170 5659 2219 5700 et
2249 5649 2399 5714 juxta
2430 5638 2676 5699 Grtectun
2704 5638 2966 5715 irrigatus
3010 5638 3278 5715 interpres
3316 5642 3540 5711 annales

1948 5706 2159 5788 Angelis
2192 5706 2328 5783 mill,
2363 5727 2408 5769 et
2442 5715 2540 5786 ﬁlii
2568 5721 2685 5768 sunt
2713 5706 2834 5775 Dei,
2859 5717 2972 5763 cum
3001 5710 3125 5771 sint.
3146 5706 3246 5765 etc.
