4068 6320
530 270 634 323 57.)
1779 261 1817 314 S
1885 259 2155 316 EUSEBII
2197 259 2576 314 IIIERUNYMI
3714 265 3814 321 576

524 388 648 453 dus,
681 385 822 455 quod
855 379 1219 451 voluptatibus
1250 380 1457 448 pariter
1487 379 1974 448 iniquitatibusque
2013 395 2128 433 ser-
2154 381 2211 442 Α
2234 376 2367 432 Caro
2413 390 2460 432 et
2492 380 2702 449 sanguis
2733 397 2944 449 regnum
2978 379 3072 435 Dei
3117 398 3218 435 non
3271 383 3628 451 possidebunt,
3663 399 3817 452 neque

528 477 681 532 vivit.
711 493 729 526 ι
769 474 880 529 Hoc
909 472 1055 543 quod
1090 472 1142 526 in
1167 471 1466 538 Evangelia
1491 471 1721 541 legimus
1747 488 1759 524 :
1793 471 1850 524 In
1876 485 2130 525 consum-

530 570 770 626 matione
819 567 1030 632 mundi,
1060 567 1104 618 si
1133 565 1249 634 βδνὶ
1279 574 1444 636 potest
1477 562 1700 634 (Matth.
1733 563 1908 634 xxiv),
1944 563 2127 619 seduci

528 663 690 718 etiam
714 661 944 724 electos,
968 659 1020 712 in
1047 657 1150 712 hoc
1180 656 1418 725 capitulo
1443 665 1469 692 ι
1499 656 1936 726 comprobamns.
1969 655 2132 710 Audit

530 756 726 824 vulgus
770 752 1044 807 indoctum
1077 759 1321 804 mortuos
1360 759 1416 803 et
1445 749 1726 819 sepultos:
1760 749 1905 804 audit
1944 764 2129 803 resur-

530 852 830 906 rectionem
880 859 1251 908 mortuorum,
1307 846 1535 899 veritate
1584 855 1638 899 et
1687 860 1793 898 non
1846 844 2128 913 pttlative:

535 943 688 997 audit
720 942 986 1012 primitias
1028 955 1220 994 massa:
1262 949 1577 993 neStrorum
1605 952 1918 1006 corporum,
1952 937 2002 989 in
2031 937 2132 990 Do-

533 1037 670 1092 mini
708 1051 935 1104 corpore
967 1037 1031 1088 ad
1067 1035 1310 1089 caelestia
1361 1033 1680 1101 pervenisse
1711 1049 1724 1084 :
1760 1033 1911 1087 audit
1951 1046 2131 1087 resur-

539 1144 810 1196 recturus,
847 1146 952 1183 non
1001 1129 1053 1182 in
1094 1129 1397 1198 peregrinis
1439 1127 1744 1195 alienisque
1785 1126 2130 1194 corporibus,

535 1243 656 1296 qua:
683 1233 1038 1279 assumuntur
1068 1226 1118 1276 in
1149 1226 1550 1293 phantasmate,
1584 1220 1681 1275 sed
1726 1220 1868 1274 sicut
1897 1219 2134 1274 surrexit

541 1321 805 1375 Dominus
837 1320 890 1373 in
926 1333 1181 1386 corpore,
1210 1316 1351 1386 quod
1383 1315 1524 1385 apud
1573 1329 1670 1368 nos
1715 1314 1767 1368 in
1815 1325 2004 1367 sancto
2049 1327 2134 1366 se.

537 1417 726 1484 pulcro
766 1413 1044 1469 COildtllltll
1090 1411 1256 1479 iacuit
1284 1430 1296 1465 :
1333 1411 1402 1464 ita
1432 1423 1485 1464 et
1515 1425 1612 1464 nos
1645 1411 1696 1463 in
1736 1409 1868 1478 ipsis
1889 1409 2134 1478 corpori-

539 1509 664 1570 bus,
705 1507 902 1576 quibus
933 1520 1076 1559 nunc
1102 1503 1507 1558 circumdamur
1537 1513 1589 1556 et
1616 1501 1930 1570 sepeliatur,
1963 1502 2014 1554 in
2047 1500 2136 1554 die

543 1599 723 1668 iudicii
775 1607 1204 1653 resurrectttros.
1244 1596 1307 1649 Et
1355 1611 1421 1648 ne
1451 1597 1555 1649 hoc
1584 1608 1769 1665 parum
1797 1593 1916 1662 quis
1950 1593 2136 1647 existi-

543 1703 738 1755 maret,
781 1693 930 1745 addit
987 1692 1039 1744 in
1088 1698 1342 1744 extremo
1371 1687 1606 1756 capitulo
1637 1703 1650 1740 :
1687 1706 1704 1737 ι
1748 1687 1813 1740 Et
1842 1685 2134 1753 unicuique

2234 473 2496 541 corruptio
2525 473 2958 544 incorruptionem
2987 475 3052 545 (l.
3078 472 3198 530 Cor.
3225 491 3263 540 ι,
3292 474 3400 546 15).
3427 494 3445 527 ι
3477 475 3603 530 ΗΠξο
3624 490 3721 530 nos
3743 477 3818 529 in-

2235 574 2492 618 nocentes
2523 576 2575 618 ct
2604 567 2836 620 l'll:llCOS
2859 566 3278 623 asseritdicere.
3308 587 3326 618 ι
3354 568 3649 623 [hereticos
3673 583 3816 633 vero,

2235 657 2288 710 in
2323 671 2550 724 quorum
2572 665 2721 726 parte
2747 667 2871 712 sunt
2893 658 3155 722 Marcion,
3183 659 3398 729 Apelles
3419 702 3432 725 ,
3471 659 3782 715 Valentinus
3803 703 3816 728 ,

2237 748 2422 803 Manes
2453 760 2496 813 υ,
2531 765 2730 805 nomen
2759 752 3006 811 insaniae.
3041 753 3256 820 penitus
3280 761 3337 807 et
3359 755 3536 808 carnis
3560 763 3614 809 et
3639 770 3823 825 corpo-

2235 843 2311 898 ris
2357 845 2814 898 resurrectioncm
2858 860 3058 913 negare
3089 855 3180 900 :et
3208 845 3440 901 salutem
3488 859 3695 901 tantum
3729 848 3822 902 tri-

2237 935 2404 991 buere
2447 937 2665 1003 auiun'c,
2711 939 3020 1005 frustraque
3063 953 3160 991 uos
3203 938 3387 994 dicere
3418 939 3483 994 ad
3514 940 3819 1010 exemplum

2237 1029 2449 1083 Domini
2482 1037 2916 1098 resurrecturus,
2977 1047 3100 1086 cum
3151 1032 3266 1100 ipse
3323 1048 3540 1102 quoque
3565 1033 3824 1089 Dominus

2237 1123 2289 1176 in
2321 1123 2696 1192 phantasmate
2747 1126 3109 1179 resnrrexerit
3137 1144 3148 1178 :
3180 1135 3238 1180 et
3284 1143 3390 1181 non
3435 1128 3614 1181 solum
3647 1142 3825 1183 resur-

2237 1217 2408 1271 rectio
2437 1217 2575 1286 ejus,
2601 1217 2695 1272 sed
2727 1228 2780 1271 et
2815 1218 2927 1287 ipsa
2981 1219 3236 1273 natis-itas
3283 1228 3355 1288 τῷ
3407 1218 3591 1286 δοκεῖν,
3642 1222 3692 1275 id
3728 1231 3824 1288 est,

2240 1307 2476 1378 putative
2520 1308 2627 1363 visa
2681 1311 2850 1378 magis
2905 1311 2998 1377 sit,
3039 1327 3198 1381 quam
3249 1311 3429 1366 fuerit.
3479 1312 3594 1370 Sibi
3650 1325 3826 1369 autem

2239 1411 2523 1470 utramque
2567 1402 2856 1470 displicere
2900 1405 3253 1468 sententiam,
3295 1403 3484 1476 fugere
3515 1421 3574 1461 se
3605 1415 3660 1461 et
3693 1406 3826 1461 Nos-

2240 1505 2445 1549 trorum
2475 1511 2692 1561 carnes,
2737 1507 2792 1551 et
2831 1497 3222 1553 Ha'reticorum
3258 1499 3636 1568 phantasmata
3665 1520 3676 1554 ;
3711 1504 3828 1572 quia

2241 1594 2467 1656 utraque
2527 1603 2652 1657 pars
2704 1589 2753 1642 in
2794 1589 3128 1644 Contrarium
3175 1591 3339 1644 nitnia
3387 1591 3486 1657 sit;
3527 1593 3650 1648 aliis
3696 1593 3833 1648 idem

2239 1677 2551 1733 volentibus
2573 1693 2631 1733 se
2661 1695 2782 1734 esse
2805 1680 2948 1750 quod
2981 1681 3174 1736 fuerint
3203 1684 3308 1753 [ΑΙ.
3337 1700 3442 1737 ιιοιι
3468 1684 3684 1756 erunt];
3718 1686 3836 1741 aliis

543 1786 737 1841 reddet
785 1782 1084 1838 secundum
1133 1781 1279 1852 quod
1308 1781 1417 1849 egit
1447 1778 1474 1816 δ
1505 1795 1600 1848 per
1628 1793 1850 1848 corpus,
1884 1778 2005 1832 sive
2037 1777 2134 1830 bo-
2167 1774 2216 1832 B
2244 1773 2701 1827 resurrectionem
2768 1789 3056 1844 corporum
3127 1780 3352 1832 omnino
3421 1778 3834 1848 denegantibns.

543 1897 694 1948 num,
724 1881 843 1934 sive
869 1879 1069 1932 malum
1093 1877 1328 1931 :scilicet
1351 1885 1439 1929 aut
1461 1873 1806 1928 cor0uandus
1831 1871 1884 1925 in
1906 1885 2138 1940 corpore

546 1972 686 2043 quod
737 1982 886 2026 caste
917 1973 1026 2041 egit
1064 1980 1118 2024 et
1140 1970 1286 2038 juste
1317 1985 1330 2021 :
1359 1975 1452 2021 aut
1482 1965 1950 2028 condemnandus,
1994 1963 2138 2032 quod

542 2065 911 2134 voluptatibus
972 2063 1459 2133 iniquitatibusque
1507 2059 1753 2115 servivit.
1805 2076 1824 2109 ι
1869 2056 1992 2111 Haec
2047 2072 2142 2109 au-

539 2161 715 2226 diens,
745 2159 1023 2214 indoctum
1057 2158 1274 2226 vulgus,
1301 2157 1354 2210 in
1381 2163 1531 2209 tanto
1556 2162 1914 2218 mortuorum,
1943 2150 2141 2220 sepulti

539 2251 806 2322 corporis,
860 2248 1280 2305 resurrectionis
1328 2247 1533 2313 sonitu,
1585 2245 1786 2299 nullam
1832 2244 2138 2312 stropham,

542 2346 722 2400 nullas
756 2344 982 2399 insidias
1006 2342 1335 2412 suSpicatur.
1375 2338 1562 2394 Credit
1592 2354 1713 2393 esse
1743 2337 1886 2406 quod
1916 2337 2135 2392 dicitur.

545 2438 858 2495 Sanctiores
886 2436 1031 2492 enim
1063 2444 1193 2490 sunt
1221 2448 1383 2488 aures
1406 2430 1614 2502 pepuli,
1639 2445 1799 2500 quam
1841 2428 2141 2484 sacerdotis

542 2534 775 2588 anbnus.

612 2626 702 2682 25.
737 2625 936 2681 lterum
963 2632 1128 2692 atque
1158 2623 1382 2687 iterum,
1411 2629 1463 2675 te
1494 2620 1684 2680 lector,
1709 2631 2056 2680 commoneo,
2087 2626 2143 2669 ut

545 2719 860 2790 patientiam
893 2729 1104 2781 teneas,
1147 2727 1202 2772 et
1243 2716 1424 2770 discas
1452 2712 1593 2783 quod
1615 2726 1719 2782 ego
1756 2726 1969 2780 quoque
1999 2723 2020 2746 ε
2050 2725 2144 2778 per

545 2811 863 2879 patientiam
910 2809 1111 2872 didici;
1145 2817 1199 2862 et
1230 2816 1408 2860 tamen
1441 2815 1738 2872 antequam
1769 2803 1977 2855 vultum
2017 2800 2146 2854 dra-

543 2902 699 2958 conis
721 2900 994 2963 evolvam,
1038 2909 1094 2953 et
1135 2899 1330 2966 dogma
1372 2895 1625 2966 Origenis
1650 2895 1718 2948 de
1743 2891 2145 2947 resurrectione

546 2994 787 3052 breviter
817 3007 1084 3061 exponam
1116 2991 1249 3062 (non
1280 2991 1424 3044 enim
1455 2986 1659 3057 poteris
1692 2987 1796 3040 vim
1831 2984 1974 3038 scire
2003 2984 2146 3038 anti-

546 3088 685 3153 doti,
733 3087 835 3141 nisi
888 3100 1096 3141 venena
1133 3080 1532 3154 perspexeris),
1574 3079 1707 3135 illud
1735 3077 2028 3150 diligenter
2051 3078 2146 3132 ob-

2244 1866 2508 1934 Quatuor,
2544 1867 2738 1938 inquit,
2769 1870 3042 1924 elementa
3075 1880 3222 1932 sunt,
3255 1872 3594 1943 philostvpbis
3624 1889 3838 1942 quoque

2245 1969 2371 2012 nota
2411 1970 2468 2014 et
2509 1960 2769 2025 medicis,
2813 1962 2880 2015 de
2912 1963 3106 2032 quibus
3138 1978 3329 2018 omnes
3375 1980 3463 2018 res
3508 1974 3562 2018 ct
3607 1980 3837 2036 eorp:-ra

2245 2052 2476 2107 humana
2508 2066 2794 2124 compacta
2817 2064 2963 2120 sunt,
3014 2065 3154 2110 terra
3175 2099 3190 2122 ,
3224 2073 3360 2126 aqua
3382 2099 3396 2123 ,
3427 2073 3545 2122 aer,
3579 2069 3632 2111 et
3680 2059 3834 2128 ignis.

2245 2146 2472 2202 Terram
2501 2147 2553 2202 in
2582 2147 2862 2212 carnibus,
2894 2162 3078 2203 aerem
3110 2148 3163 2202 in
3199 2149 3390 2215 halitu,
3425 2164 3623 2218 aquam
3651 2150 3705 2204 in
3743 2149 3842 2205 hu-

2245 2259 2422 2310 more,
2458 2243 2634 2313 ignem
2675 2241 2839 2316 432
2907 2244 2958 2297 in
3008 2244 3190 2298 calore
3236 2243 3491 2316 intelligi.
3522 2243 3660 2298 Cum
3715 2260 3840 2312 ergo

2246 2337 2424 2390 anima
2451 2334 2718 2390 caducum
2757 2335 2860 2390 hoc
2906 2334 3274 2406 {rigidumque
3318 2336 3715 2406 corpusculum
3749 2337 3840 2392 l)ei

2240 2429 2488 2500 iussione
2535 2428 2827 2494 dimiserit,
2881 2429 3141 2498 paulatim
3183 2429 3364 2483 omnia
3410 2429 3589 2484 redire
3627 2429 3697 2484 ad
3731 2444 3842 2484 ma-

2247 2524 2413 2578 trices
2459 2537 2586 2577 suas
2624 2524 2958 2578 substantias
2992 2542 3006 2578 :
3040 2538 3238 2579 earnes
3290 2526 3341 2578 in
3392 2527 3595 2579 terram
3645 2525 3840 2588 relabi,

2251 2616 2480 2670 halitum
2513 2617 2567 2670 in
2595 2630 2719 2671 aera
2753 2617 2994 2678 misceri,
3027 2617 3311 2672 humorem
3342 2618 3541 2673 reverti
3581 2617 3648 2672 ad
3682 2619 3846 2690 abys-

2245 2723 2358 2770 sos,
2391 2709 2629 2764 calorem
2661 2708 2727 2762 ad
2775 2711 2979 2764 aethera
3027 2710 3335 2765 subvolare.
3373 2710 3442 2764 Et
3478 2712 3761 2781 quomodo
3803 2713 3846 2766 si

2247 2801 2541 2856 sextarium
2593 2802 2748 2856 lactis
2793 2813 2847 2856 et
2871 2802 2984 2856 vini
3018 2803 3204 2858 mittas
3233 2804 3284 2857 in
3319 2804 3564 2874 pelagus,
3601 2805 3848 2874 velisque

2247 2909 2462 2949 rursum
2502 2908 2759 2963 separare
2802 2895 2944 2964 quod
2982 2895 3209 2949 mixtum
3241 2908 3323 2950 ρει
3357 2913 3372 2949 :
3405 2897 3592 2951 vinum
3623 2899 3845 2967 quidem

2247 2999 2301 3043 et
2349 2989 2432 3044 lac
2473 2988 2616 3058 quod
2668 2991 2897 3044 miseras
2939 3007 3044 3043 non
3079 2989 3256 3059 perire
3299 2989 3410 3061 [ΑΙ.
3444 2990 3708 3063 periere],
3743 3007 3847 3045 non

2247 3091 2429 3137 tamen
2460 3097 2621 3152 posse
2648 3083 2792 3154 quod
2826 3084 3000 3138 lusum
3033 3091 3118 3137 est
3147 3083 3390 3151 separari
3425 3100 3437 3135 :
3472 3085 3551 3138 sic
3591 3085 3850 3140 substan-

542 3196 700 3236 serva
736 3187 791 3232 et
813 3185 971 3232 eaute
999 3177 1247 3247 relegens
1273 3189 1498 3229 numera
1530 3191 1543 3226 :
1569 3172 1714 3244 quod
1745 3171 1934 3226 novies
1962 3185 2143 3225 resur—
2170 3181 2215 3244 ρ
2249 3177 2377 3232 tiam
2407 3177 2587 3232 carnis
2616 3187 2673 3232 et
2700 3177 2978 3248 sanguinis
3007 3193 3112 3231 non
3138 3176 3318 3248 perire
3345 3176 3561 3247 quidem
3598 3179 3649 3233 in
3687 3180 3851 3250 origi-

541 3270 842 3326 rectionem
902 3267 1189 3322 nominans
1239 3267 1511 3337 corporis,
1575 3280 1642 3321 ne
1697 3263 1870 3319 semel
1919 3263 2138 3334 quidem

543 3363 730 3420 carnis
761 3362 991 3417 inseruit
1016 3379 1030 3415 :
1060 3371 1480 3430 suspectumque
1521 3359 1612 3413 tibi
1643 3358 1738 3424 sit,
1773 3356 1919 3428 quod
1961 3357 2030 3411 de
2060 3357 2142 3411 in-

543 3456 753 3512 dustria
805 3454 1173 3525 przetcrmisit.
1224 3451 1358 3506 Dicit
1403 3467 1536 3522 ergo
1581 3450 1845 3522 Origenes
1882 3447 2044 3520 ω]
2086 3448 2138 3502 in

545 3549 792 3619 pluribus
822 3547 976 3613 locis,
1017 3557 1069 3601 et
1107 3545 1339 3600 maxime
1366 3543 1418 3598 in
1449 3543 1587 3598 libro
1615 3543 1683 3598 de
1717 3540 2142 3597 Resurrectionc

543 3654 760 3716 quarto,
796 3655 849 3699 et
875 3645 926 3697 in
963 3640 1321 3711 Expositione
1367 3639 1524 3709 primi
1557 3638 1771 3707 psalmi,
1806 3648 1859 3692 ct
1902 3637 1955 3690 iu
1987 3636 2140 3692 Stro-

546 3736 816 3800 matibus,
864 3734 1136 3804 duplicem
1192 3746 1433 3787 errorem
1496 3730 1700 3784 versari
1752 3729 1805 3783 in
1865 3727 2138 3791 Ecclesia;

544 3837 881 3895 nostrorum,
905 3837 958 3882 et
981 3826 1358 3881 hmreticorum
1383 3843 1394 3878 :
1423 3842 1440 3875 ι
1471 3824 1578 3878 Nos
1601 3823 1876 3893 simplices
1902 3832 1955 3876 et
1977 3819 2002 3857 ἀ
2029 3821 2143 3892 phi-

543 3922 787 3976 losarcas
833 3921 1040 3987 dicere,
1073 3919 1217 3989 quod
1265 3917 1458 3973 eadem
1509 3933 1654 3984 ossa,
1702 3929 1755 3973 et
1802 3919 2046 3988 sanguis,
2089 3926 2142 3972 et

542 4029 695 4083 caro,
722 4014 774 4068 id
796 4025 900 4080 est,
935 4015 1115 4067 vultus
1144 4023 1200 4067 et
1249 4011 1517 4078 membra,
1564 4013 1841 4079 totiusque
1880 4025 2141 4080 compago

541 4109 788 4178 corporis
818 4117 1072 4177 resurgat
1098 4107 1152 4160 in
1185 4105 1480 4160 novissima
1505 4106 1591 4160 die
1617 4122 1630 4157 :
1661 4103 1875 4159 scilicet
1901 4115 1958 4157 ut
1992 4103 2142 4173 pedi-

539 4200 646 4256 bus
670 4201 1034 4264 ambulemus,
1068 4214 1360 4268 Operemur
1393 4197 1667 4263 manibus,
1696 4197 1981 4251 videamus
2013 4211 2142 4249 ocu-

540 4291 632 4360 lis,
669 4293 891 4348 auribus
939 4292 1256 4355 audiamus,
1307 4289 1864 4359 circumferamusque
1895 4297 2140 4344 ventrem

538 4385 934 4451 insatiabilem,
982 4395 1037 4440 et
1081 4383 1424 4440 stomachum
1474 4381 1628 4438 cibos
1679 4392 2136 4452 concoqttentem.

539 4477 900 4548 Consequens
947 4487 1126 4532 autem
1171 4493 1314 4544 esse,
1348 4477 1440 4546 qui
1483 4475 1584 4529 ista
1617 4474 1926 4542 credamus,
1957 4473 2139 4529 dicere

2249 3271 2462 3327 nalibns
2509 3272 2773 3336 materiis,
2828 3286 2932 3326 non
2986 3280 3164 3326 tamen
3216 3271 3268 3324 in
3319 3271 3598 3342 antiquam
3666 3273 3849 3328 redire

2244 3363 2644 3434 compaginem,
2701 3378 2802 3418 nec
2855 3377 3012 3433 posse
3051 3379 3116 3418 ex
3164 3372 3277 3417 toto
3322 3363 3511 3418 eadem
3559 3379 3691 3420 esse
3731 3382 3849 3437 qua:

2244 3455 2467 3512 fuerint.
2507 3475 2526 3508 ι
2562 3457 2695 3511 Cum
2745 3467 2926 3511 autem
2979 3460 3078 3510 ista
3113 3455 3385 3522 dicantur,
3429 3456 3679 3512 soliditas
3728 3473 3849 3513 car-

2247 3551 2419 3614 nium,
2451 3551 2730 3620 sanguinis
2760 3551 2961 3620 liqnor,
2991 3549 3296 3605 crassitudo
3329 3565 3643 3617 nervorum,
3677 3567 3847 3608 vena-

2246 3660 2478 3714 rumque
2503 3644 2802 3712 perplexio,
2835 3655 2889 3700 ct
2912 3647 3117 3700 ossium
3141 3644 3368 3698 durities
3398 3645 3724 3716 denegatur.

2314 3735 2406 3791 26.
2443 3735 2681 3807 Origenis
2710 3738 2980 3791 sententia.
3016 3767 3085 3777 —
3115 3755 3132 3788 ι
3171 3738 3284 3791 Alia
3317 3738 3530 3792 ratione
3567 3753 3852 3794 resurrec-

2244 3829 2446 3884 tionem
2471 3845 2759 3900 corporum
2777 3831 3117 3895 conﬁtemur,
3151 3847 3478 3899 eorumquac
3511 3830 3561 3884 in
3577 3831 3848 3902 sepulcris

2247 3921 2419 3992 posita
2451 3931 2596 3986 sunt,
2629 3921 2950 3993 dilapsaqtte
2991 3923 3041 3976 in
3083 3923 3298 3977 cineres
3335 3939 3348 3976 :
3391 3921 3542 3976 Pauli
3588 3922 3766 3990 Pauli,
3797 3933 3849 3978 et

2247 4015 2392 4070 Petri
2422 4015 2591 4084 Petri,
2625 4026 2679 4070 et
2707 4016 2916 4086 singula
2964 4016 3322 4086 singulorum,
3361 4030 3536 4086 neque
3583 4016 3732 4070 enim
3770 4015 3846 4069 fas

2244 4119 2329 4163 est
2356 4118 2414 4162 ut
2445 4109 2496 4162 in
2526 4107 2645 4162 aliis
2669 4109 2994 4178 corporibus
3021 4110 3219 4163 animm
3244 4109 3608 4178 peccaverint,
3645 4109 3696 4163 in
3727 4110 3846 4163 aliis

2247 4208 2648 4269 torqueantur:
2693 4215 2793 4254 nec
2843 4199 2975 4269 justi
3016 4199 3256 4270 jndicis,
3315 4199 3420 4254 alia
3471 4216 3697 4268 corpora
3745 4217 3844 4268 pro

2243 4289 2465 4347 Christo
2495 4294 2812 4364 Sanguinem
2844 4292 3094 4360 fundere,
3132 4304 3186 4348 et
3211 4292 3314 4348 alia
3349 4295 3618 4348 coronari.
3655 4315 3672 4345 ι
3703 4292 3841 4358 Quis

2245 4383 2361 4440 haec
2412 4385 2663 4451 audiens,
2718 4387 3177 4440 resurrectionem
3236 4387 3418 4439 carnis
3468 4399 3586 4440 eum
3637 4398 3843 4452 negare

2246 4478 2434 4546 putet?
2465 4495 2482 4528 ι
2516 4476 2602 4542 Ει,
2628 4475 2826 4546 inquit,
2853 4475 3080 4546 singulis
3103 4475 3404 4530 seminibus
3432 4476 3569 4530 ratio
3591 4475 3844 4544 quadam

538 4583 642 4624 nos
671 4571 815 4640 quod
864 4579 918 4625 et
965 4571 1359 4627 comedendum
1411 4568 1566 4626 nobis
1615 4568 1708 4634 sit,
1738 4575 1794 4623 et
1823 4567 2138 4630 bibendum,
2167 4577 2223 4637 Ι)
2249 4584 2276 4622 a
2324 4569 2436 4624 Deo
2473 4572 2680 4625 artilice
2728 4569 2916 4636 insita,
2949 4583 3071 4640 quae
3111 4567 3321 4623 futuras
3361 4571 3616 4624 materias
3648 4573 3701 4624 in
3733 4584 3848 4624 me-

537 4664 836 4735 digerenda
887 4675 1150 4731 stercora,
1200 4663 1559 4723 effundendus
1607 4663 1824 4729 humor,
1873 4661 2138 4717 ducenda:

535 4771 755 4822 uxores,
793 4758 946 4813 liberi
970 4759 1311 4828 procreandi.
1335 4757 1453 4824 Quo
1474 4755 1620 4812 enim
1653 4756 1896 4811 membra
1930 4755 2137 4826 genita-

535 4850 629 4914 lia,
662 4851 707 4906 si
759 4853 961 4922 nuptia:
1009 4870 1116 4908 non
1156 4853 1360 4908 erunt?
1389 4852 1508 4920 Quo
1555 4851 1779 4916 dentes,
1811 4851 1854 4905 si
1886 4849 1996 4904 cibi
2029 4865 2136 4904 non

532 4945 775 5000 molendi
800 4947 962 5001 sunt?
993 4947 1108 5012 Quo
1138 4958 1325 5002 venter
1355 4957 1410 5001 et
1437 4946 1540 5002 cibi
1564 4945 1610 5001 si
1635 4945 1787 5016 juxta
1813 4943 2136 5014 Apostobnn

533 5047 590 5093 et
641 5038 728 5092 hic
768 5048 828 5094 tet
874 5039 955 5092 illi
1001 5038 1387 5095 destruentur‘?
1419 5042 1536 5107 ipso
1574 5042 1772 5096 iterum
1818 5040 2135 5096 clamante:

610 5161 635 5188 ιι
669 5150 836 5226 vetus
867 5151 1016 5226 edit._
1045 5153 1098 5203 in
1141 5151 1236 5206 hoc
1271 5155 1497 5223 capitulo
1526 5168 1793 5226 operatur,
1826 5173 1938 5210 cum
1981 5157 2129 5210 turba

530 5223 794 5290 imperita,
820 5221 1134 5297 autuulgus,
1164 5233 1295 5286 etc.;
1326 5221 1380 5276 et
1405 5221 1686 5288 moxfnon
1715 5231 1937 5296 putatire
1968 5229 2131 5297 con/i-

530 5297 648 5360 teri,
681 5311 742 5348 ac
763 5293 1019 5365 primitias
1041 5308 1225 5348 massa:
1248 5303 1534 5348 nostrorum
1558 5293 1854 5367 corporum,
1879 5309 1925 5352 et
1958 5293 2127 5352 Deum

532 5383 768 5437 corpore,
795 5376 902 5421 etc.

598 5437 628 5476 δ
660 5437 833 5492 Antea
866 5445 1005 5507 erat,
1035 5440 1089 5490 in
1115 5453 1349 5507 corpore.

603 5519 624 5546 ε
654 5507 788 5564 Cod.
821 5509 880 5564 S.
913 5506 1124 5575 Crucis,
1172 5506 1263 5577 per
1309 5510 1530 5564 multam
1570 5510 1895 5579 patientiam.
1961 5509 2128 5565 Paulo

527 5588 651 5648 post
681 5590 821 5645 erat,
854 5581 916 5632 de
936 5581 1326 5636 resurrectionis
1350 5583 1587 5647 breviter,
1617 5592 1724 5636 etc.

527 5685 556 5720 έν
599 5649 623 5685 α
658 5650 826 5720 Idem,
856 5651 1232 5720 philosarcltas,
1261 5654 1311 5706 id
1343 5664 1418 5707 est
1439 5663 1694 5706 amatores
1724 5651 1979 5717 carnium,
2013 5651 2120 5705 sci»

523 5718 706 5790 licebit
737 5718 868 5790 φίλω
895 5732 947 5774 et
975 5725 1127 5787 σάρξά
1222 5718 1227 5720 ⁷
1319 5737 1327 5770 ε
1601 5773 1608 5788 .
1979 5763 1986 5788 -.

593 5797 616 5822 ε
651 5783 924 5841 Ροειῖδίιξιιιιι
955 5783 1148 5845 nomen
1178 5807 1253 5848 est
1285 5796 1489 5860 Manes,
1521 5783 1662 5862 quoi
1687 5783 1888 5850 servant
1922 5784 2069 5850 ttolttl
2101 5813 2113 5845 τ

2241 4662 2407 4718 dolia:
2463 4664 2745 4734 principiis
2787 4673 2953 4718 tenet.
2989 4662 3055 4716 Et
3110 4663 3386 4732 quomodo
3439 4672 3584 4718 tanta
3632 4663 3848 4718 arboris

2243 4756 2579 4827 magnitudo,
2616 4768 2865 4820 truncus,
2895 4756 3058 4820 rami,
3093 4769 3274 4823 poma,
3307 4757 3430 4812 folia
3455 4772 3560 4810 non
3587 4757 3848 4812 videntur

2239 4851 2296 4906 in
2339 4853 2575 4912 semine,
2609 4861 2736 4905 sunt
2789 4861 2966 4905 tatnen
3025 4852 3076 4905 in
3121 4852 3333 4904 ratione
3390 4851 3634 4916 seminis,
3680 4867 3845 4921 quam

2245 4942 2463 5000 ‘Grzeci
2494 4946 2846 5022 σπερματικὸν
2887 4943 3033 5016 λόγον
3083 4954 3319 4998 vocant:
3354 4953 3406 4998 et
3439 4947 3489 4997 itt
3531 4958 3702 5013 grano
3735 4943 3848 4998 fru-

2243 5037 2412 5094 menti
2443 5046 2527 5091 est
2568 5036 2898 5089 intrinsecus
2928 5034 3010 5088 vel
3057 5033 3320 5100 medulla,
3355 5034 3443 5089 vel
3474 5034 3696 5101 venula,
3723 5051 3847 5104 qua:

2238 5165 2288 5207 at
2316 5153 2680 5223 Hieronymus
2703 5150 2768 5204 ad
2788 5149 3036 5206 Grmcnm
3065 5153 3225 5223 nimia
3244 5150 3483 5223 respicit,
3503 5150 3646 5218 quod
3671 5152 3844 5220 furor,

2235 5225 2440 5280 insania
2473 5221 2880 5290 interpretatur,
2911 5224 3025 5275 sive
3056 5221 3229 5292 μανὸς,
3256 5222 3490 5292 insanus.

2311 5294 2526 5371 [στέατὶ
2552 5295 2922 5371 σπξρμαςτικόν.
2946 5292 3145 5346 Vocem
3179 5291 3318 5345 hanc
3346 5291 3590 5371 Gra‘cam
3624 5292 3676 5371 in
3699 5308 3840 5348 mss.

2235 5367 2522 5423 eodicibus
2555 5363 2714 5420 valde
2741 5365 3118 5434 depravatam,
3149 5374 3271 5432 post
3311 5363 3544 5417 multum
3578 5363 3847 5418 sudorem

2235 5440 2315 5494 sic
2347 5439 2607 5492 Erasmus
2634 5433 2924 5493 restituere
2947 5443 3198 5499 conatur,
3233 5450 3385 5502 quam
3418 5433 3590 5489 (ἕνανεὶ
3621 5437 3848 5495 σπινθη-

2233 5511 2416 5587 ρισμὸν
2451 5507 3001 5587 ι·οι·αηι.ΑιιΙ.ιι’ἰειιιιιε,
3035 5504 3322 5587 Erasmnm
3354 5505 3459 5587 hoc
3517 5507 3637 5560 loco
3685 5521 3845 5587 secu-

2234 5578 2342 5643 ius,
2378 5588 2607 5636 testatur
2651 5580 2844 5635 Graece
2875 5580 2943 5631 ita
2981 5578 3244 5646 scriptum
3269 5591 3391 5631 esse
3418 5579 3467 5629 in
3499 5579 3755 5646 exempla
3770 5579 3845 5631 ri-

2230 5654 2328 5707 bus
2381 5650 2786 5719 manuscriptis.
2848 5651 2988 5719 Ergo
3046 5651 3328 5717 perierunt
3399 5647 3555 5719 nobis
3614 5650 3846 5704 codices

2227 5724 2612 5792 manuscripli,
2645 5717 2845 5791 quibus
2889 5717 3143 5792 utebatur
3187 5719 3468 5792 Mariautts
3498 5717 3787 5792 Victorius
3828 5733 3841 5772 ι

2225 5797 2346 5863 quia
2370 5790 2528 5848 hodie
2545 5790 2727 5846 nullus
2749 5801 2852 5853 est,
2869 5792 2958 5858 qui
2980 5790 3209 5843 retineat
3225 5790 3832 5864 νυρριιιστνινθηρςσμὸνε
