4036 6352
594 286 697 338 570

1828 280 1907 347 ξε.
1953 281 2217 340 EUSEBII
2259 278 2635 340 HIERONYMI

3768 291 3870 347 580

586 399 729 453 Cirim
768 393 1065 465 ingreditur
1092 394 1268 460 Ostiis,
1302 403 1353 447 et
1382 395 1434 448 in
1467 393 1733 451 lractionc
1762 398 1918 467 panis
1952 412 2018 451 ex
2049 411 2179 453 ocu-
2205 407 2251 467 Α
2281 397 2309 435 ἀ
2333 400 2465 454 satis
2497 399 2770 469 superﬂue
2796 412 3117 470 corporeum
3143 407 3199 456 et
3226 414 3482 456 corneum
3517 399 3678 471 dicit,
3723 402 3869 473 quasi

585 488 655 542 iis
681 486 975 541 evanescit.
1006 485 1149 555 Ergo
1174 494 1231 540 et
1257 486 1411 541 nobis
1456 496 1574 555 post
1602 490 2060 544 resurrectionem
2098 490 2179 544 bi-

586 578 820 635 bendunt
844 578 949 633 erit
970 585 1024 632 et
1046 577 1463 645 comedendum,
1496 586 1551 633 et
1579 585 1703 648 post
1725 579 1905 634 cibum
1936 589 2177 636 stercora

584 669 891 741 egerenda?
966 670 1027 723 Iit
1084 670 1169 723 ubi
1224 670 1322 723 erit
1369 670 1461 724 illa
1511 664 1802 741 promisSio
1843 688 1858 726 :
1903 671 2114 745 Oportet
2151 680 2179 709 ἰ

584 764 800 819 mortale
826 764 921 817 hoc
941 763 1153 817 induere
1181 762 1616 818 immortalitatem
1643 764 1690 833 (Ι
1715 762 1836 818 Cor.
1875 780 1967 830 xv,
1995 766 2125 833 55)?
2152 783 2173 818 ι

657 859 749 915 27.
780 858 913 915 Caro
938 869 986 913 et
1011 875 1197 930 corpus
1240 856 1511 925 ili/ferunt.
1561 861 1764 915 Astutia
1799 860 2177 917 Iucreticorum.

590 953 808 1008 --llaec
855 961 939 1008 est
988 953 1165 1007 omnis
1193 966 1352 1006 causa
1380 993 1395 1014 ,
1428 968 1524 1007 cur
1575 956 1631 1007 in
1670 955 2010 1022 expositione
2056 955 2178 1010 ﬁdei

587 1056 713 1113 tum,
744 1047 807 1101 ad
834 1045 1181 1117 decipiendos
1223 1058 1384 1101 aures
1412 1046 1800 1116 ignorantium,
1832 1048 2021 1103 novies
2055 1063 2179 1102 eor-

585 1155 707 1210 pus,
738 1150 791 1194 et
819 1154 884 1194 oe
913 1139 1079 1193 semel
1107 1137 1327 1208 quidem
1356 1153 1577 1193 carnem
1607 1139 1893 1193 nominas:
1924 1138 2051 1193 dum
2084 1138 2181 1194 bo-

588 1233 760 1288 mines
807 1241 995 1302 putant
1036 1242 1087 1286 te
1132 1246 1325 1287 carnes
1358 1232 1412 1286 in
1456 1232 1777 1301 corporibus
1807 1231 2077 1298 conﬁteri,
2128 1240 2184 1286 et

586 1329 728 1384 idem
755 1341 975 1382 carnem
1005 1340 1128 1381 esse
1155 1325 1299 1396 quod
1343 1340 1561 1396 corpus.
1606 1325 1662 1382 Si
1708 1324 1849 1380 idem
1882 1334 1985 1391 est,
2021 1341 2128 1380 non
2153 1323 2180 1363 ιι

581 1421 860 1476 diversum
915 1420 1200 1491 signiﬁcat.
1271 1420 1398 1476 Scio
1450 1420 1595 1475 enim
1636 1426 1691 1475 te
1723 1421 1824 1475 hoc
1854 1434 1977 1475 esse
2004 1419 2179 1474 dictu-

580 1530 700 1570 rum
726 1534 738 1569 :
767 1515 954 1569 Potavi
986 1513 1127 1568 idem
1152 1528 1350 1583 corpus
1372 1528 1494 1568 esse
1521 1513 1660 1583 quod
1690 1528 1908 1568 carnem
1932 1531 1944 1567 :
1976 1512 2185 1582 simpli-

583 1608 718 1662 citer
748 1622 866 1661 sum
900 1606 1134 1661 locutus.
1167 1606 1348 1673 Quare
1394 1621 1499 1660 non
1529 1622 1749 1660 carnem
1794 1606 1973 1675 potius
2011 1608 2185 1660 nomi-

584 1715 701 1763 nas,
737 1708 793 1752 ut
820 1713 1020 1769 corpus
1055 1699 1349 1768 signiﬁces,
1384 1709 1435 1752 et
1484 1699 1854 1754 intliﬁ'erenter
1886 1714 2028 1754 nunc
2065 1715 2185 1754 ear-

2279 507 2412 549 earo
2444 506 2550 547 non
2575 493 2906 564 intelligatur
2930 495 2982 548 in
3016 508 3267 565 corpore.

2353 587 2443 643 28.
2482 588 2786 658 Symbolum
2835 589 2960 657 fidei
3010 589 3073 642 ob
3121 587 3382 658 Apostolis
3424 588 3693 644 traditum.
3718 618 3789 632 -—
3817 586 3866 646 In

2283 680 2544 752 Symbolo
2570 681 2691 738 ﬁdei
2719 692 2774 738 et
2796 682 2910 752 spei
2944 690 3166 747 nostras,
3193 683 3335 754 quod
3367 683 3435 738 ab
3464 684 3737 754 Apostolis
3767 693 3868 739 tra-

2284 773 2478 841 ditum,
2512 788 2616 828 non
2648 775 2903 829 scribitur
2930 777 2980 829 in
3027 775 3211 831 charta
3243 783 3297 830 et
3336 785 3674 843 atramento;
3703 775 3794 833 sed
3823 776 3870 834 in

2287 865 2481 921 tabulis
2532 866 2715 921 cordis
2758 867 3089 931 carnalibus,
3119 876 3243 938 post
3270 866 3670 923 confessionem
3704 867 3876 923 Trini-

2284 963 2409 1017 tatis
2439 971 2493 1017 et
2519 962 2780 1017 unitatem
2802 964 3081 1027 Ecclesim,
3106 976 3266 1018 mane
3294 963 3584 1018 Christiani
3613 962 3872 1034 dogmatis

2283 1066 2707 1124 sacramentum,
2737 1059 2920 1114 carnis
2949 1056 3353 1114 resurrectione
3374 1067 3397 1095 ο
3430 1056 3789 1113 concluditur.
3815 1056 3877 1114 Et

2286 1162 2339 1207 tu
2387 1152 2653 1207 intautum
2684 1152 2735 1205 in
2768 1155 3034 1221 corporis,
3066 1162 3121 1207 et
3163 1151 3359 1207 iterum
3408 1148 3575 1223 $36
3611 1148 3871 1223 corporis,

2286 1254 2335 1297 et
2369 1245 2528 1298 tertio
2555 1243 2824 1313 corporis,
2854 1250 2909 1298 et
2938 1259 3109 1314 usque
3134 1243 3322 1298 novies
3344 1244 3613 1313 corporis,
3653 1241 3738 1299 vel
3767 1258 3877 1300 ser-

2288 1355 2448 1396 mone
2483 1340 2564 1396 vel
2597 1354 2827 1395 numero
2866 1340 3210 1404 immoraris,
3264 1352 3365 1393 nec
3413 1337 3585 1393 semel
3643 1334 3878 1394 nominas

2286 1448 2536 1499 carnem;
2570 1434 2712 1503 quod
2742 1433 2821 1489 illi
2852 1448 3071 1503 semper
3101 1433 3386 1488 nominant
3411 1446 3656 1498 carnem,
3691 1446 3878 1505 corpus

2285 1544 2419 1584 vero
2467 1536 2668 1584 tacent.
2703 1526 2810 1584 Sed
2842 1537 2896 1584 et
2928 1528 3057 1583 illud
3109 1527 3253 1599 quod
3286 1537 3476 1599 argute
3508 1528 3799 1595 subnectis,
3831 1534 3879 1583 et

2289 1622 2581 1691 prudenter
2628 1637 2941 1691 praecavens
2985 1620 3331 1687 dissimulas,
3387 1622 3526 1678 scito
3559 1637 3658 1677 nos
3690 1620 3881 1679 intelli-

2287 1730 2434 1786 gere.
2472 1714 2564 1769 llis
2593 1715 2736 1771 enim
2783 1714 3110 1771 testimoniis
3142 1716 3426 1771 veritatem
3468 1712 3883 1771 resurrectionis

584 1807 732 1858 nem,
784 1806 929 1847 nunc
958 1806 1179 1861 corpus,
1224 1800 1281 1844 ut
1310 1806 1509 1861 corpus
1555 1792 1608 1846 in
1655 1807 1842 1858 carne,
1874 1804 1930 1847 et
1974 1808 2100 1848 caro
2131 1793 2182 1848 in

2305 1807 2512 1873 )i‘ObllS,
2541 1806 2735 1879 quibus
2760 1806 3021 1879 Origenes
3048 1816 3230 1879 negat,
3262 1818 3313 1864 et
3364 1806 3431 1864 de
3473 1806 3650 1863 dubiis
3681 1810 3882 1864 incerta

587 1901 821 1956 corpore
875 1885 1326 1941 demonstretur?
1378 1885 1488 1942 Sed
1544 1886 1676 1941 mihi
1723 1886 1907 1953 crede,
1957 1901 2062 1942 non
2104 1898 2188 1943 est

586 1978 818 2048 simplex
852 1976 1125 2031 silentium
1160 1984 1331 2030 tuum.
1358 1975 1520 2049 435
1546 1978 1660 2032 Alia
1682 1979 1826 2032 enim
1850 1981 2054 2044 carnis,
2082 1980 2186 2034 alia

589 2070 837 2140 Corporis
890 2068 1137 2124 deﬁnitio
1190 2078 1308 2123 est:
1344 2069 1523 2123 omnis
1553 2084 1682 2124 caro
1712 2077 1799 2124 est
1824 2085 2046 2141 corpus,
2081 2086 2187 2126 non

590 2178 754 2219 omne
781 2176 981 2233 corpus
1031 2170 1111 2216 est
1156 2176 1305 2215 caro.
1348 2160 1487 2216 Caro
1516 2171 1601 2217 est
1634 2163 1877 2233 proprie,
1913 2179 2032 2231 qua!
2064 2178 2189 2218 san-

589 2241 779 2327 guine,
805 2257 981 2322 venis,
1010 2254 1248 2318 ossilms,
1283 2254 1572 2325 nervisque
1600 2257 2009 2327 constringitur.
2042 2255 2193 2310 Cor-

593 2361 692 2417 pus
738 2362 1066 2419 quamquam
1123 2356 1178 2401 et
1226 2362 1354 2402 caro
1401 2348 1633 2416 dicatur,
1686 2350 1953 2405 interdum
2014 2361 2190 2406 tamen

592 2440 915 2508 mthcreum,
947 2442 1030 2495 vel
1061 2456 1279 2497 aereum
1311 2443 1642 2512 nominatur,
1666 2445 1809 2514 quod
1843 2446 2007 2500 tactui
2031 2446 2198 2502 visui-

594 2550 700 2606 que
749 2552 854 2591 non
905 2535 1173 2606 suhjaeet,
1223 2545 1276 2588 et
1303 2536 1623 2608 plerumque
1652 2538 1864 2593 visibile
1909 2548 1992 2594 est
2035 2548 2196 2609 atque

595 2629 872 2698 langibile.
926 2628 1111 2683 Paries
1159 2637 1245 2682 est
1277 2643 1497 2699 corpus,
1530 2629 1624 2684 sed
1655 2646 1759 2686 non
1800 2646 1930 2687 caro
1957 2649 1970 2684 :
2005 2643 2027 2670 ο
2057 2631 2198 2700 lapis

600 2739 802 2792 corpus
850 2733 955 2789 est,
1006 2723 1102 2779 sed
1135 2737 1241 2778 non
1287 2737 1415 2778 caro
1460 2723 1677 2779 dicitur.
1715 2724 1867 2780 Unde
1905 2724 2217 2805 Apostolus

605 2830 834 2884 corpora
863 2816 1104 2870 cmlcstia
1129 2817 1387 2884 appellat,
1416 2825 1469 2870 et
1497 2831 1726 2883 corpora
1752 2819 2054 2871 terrestria.
2078 2817 2204 2873 Cm‘

606 2908 745 2963 leste
776 2921 974 2976 corpus
993 2908 1149 2972 Solis,
1177 2907 1341 2973 lunm,
1371 2908 1673 2963 stellarum.
1705 2908 2009 2975 Terrestre,
2042 2912 2200 2979 ignis,

608 3000 772 3063 aeris,
806 3014 979 3069 aqttu',
1005 3007 1185 3061 terrae,
1209 3009 1265 3053 et
1292 3001 1640 3069 reliquorum,
1663 3016 1783 3071 qum
1800 3001 2002 3071 absque
2023 3004 2201 3058 animo

610 3092 696 3148 bis
722 3099 1014 3147 censentur
1042 3092 1350 3149 elementis.
1381 3092 1542 3148 Vides
1573 3107 1672 3148 nos
1699 3094 2001 3164 intelligere
2029 3096 2204 3151 subtl—

2290 1900 2643 1965 conﬁrmans,
2676 1910 2879 1957 certam
2924 1902 3046 1957 ﬁdei
3081 1901 3323 1967 domum,
3365 1898 3542 1957 subita
3571 1911 3885 1974 tempestate

2289 1994 2581 2049 subvenis.
2618 1994 2939 2063 Seminatur,
2979 1992 3173 2066 inqttit,
3207 2008 3397 2066 corpus
3423 1997 3690 2052 animale:
3719 2006 3886 2069 surget

2291 2104 2477 2159 corpus
2499 2088 2788 2159 spiriluale.
2825 2086 3006 2161 Neque
3030 2086 3164 2143 enim
3188 2086 3396 2154 nubent,
3423 2102 3584 2161 neque
3612 2090 3888 2153 nubenlur;

2293 2181 2381 2235 sed
2419 2191 2566 2236 erunt
2588 2182 2719 2235 sicut
2752 2180 2935 2253 Angeli
2958 2181 3011 2236 in
3037 2180 3179 2236 caelis
3202 2183 3217 2253 (
3242 2177 3259 2235 Ι
3284 2180 3404 2236 Cor.
3434 2180 3535 2245 15,
3566 2180 3673 2249 44;
3704 2181 3882 2236 Matth.

2294 2288 2425 2341 xxtt,
2457 2275 2558 2339 30;
2593 2284 2640 2329 et
2664 2274 2789 2327 Luc.
2819 2290 2911 2341 xx,
2938 2273 3050 2344 55).
3081 2272 3213 2342 Qua)
3239 2268 3343 2328 alia
3376 2272 3626 2343 exempla
3660 2288 3891 2330 assume-

2295 2383 2405 2429 res,
2437 2367 2481 2421 si
2511 2369 2968 2423 resurrectionem
3026 2364 3297 2437 negares?
3326 2367 3418 2423 Vis
3445 2370 3885 2425 resurrectionem

2297 2460 2497 2527 carnis,
2530 2461 2760 2515 veritate
2782 2468 2954 2515 etnon
2974 2460 3233 2530 putalive,
3256 2469 3312 2515 ut
3336 2456 3599 2531 loqueris,
3623 2460 3886 2517 confiteri.

2297 2551 2425 2605 Post
2458 2551 2571 2615 illa,
2613 2551 2809 2621 quibus
2850 2552 3211 2621 ignorantium
3260 2548 3532 2608 blanditus
3558 2568 3622 2610 es
3650 2554 3887 2621 auribus,

2302 2642 2441 2709 quod
2471 2642 2526 2696 in
2553 2642 2684 2712 ipsis
2714 2644 3060 2712 corporibus,
3093 2644 3145 2698 in
3178 2644 3374 2715 quibus
3404 2646 3605 2701 mortui
3635 2658 3819 2702 sumus
3844 2648 3892 2701 et

2301 2732 2519 2799 sepulti,
2562 2747 2927 2804 resurgamus,
2976 2735 3079 2791 hoc
3110 2735 3291 2806 potius
3319 2736 3575 2809 adiunge,
3613 2747 3669 2795 et
3716 2738 3801 2794 dic
3827 2757 3841 2792 :
3872 2733 3891 2774 τ

2302 2824 2584 2891 Quomodo
2612 2826 2874 2881 Dominus
2902 2836 3022 2899 post
3061 2829 3518 2885 resurrectionem
3549 2830 3752 2886 ﬁxuras
3793 2829 3895 2885 clas

2304 2932 2493 2972 vorum
2523 2919 2762 2973 ostendit
2792 2920 2844 2975 in
2878 2920 3148 2987 manibus,
3183 2923 3377 2977 \‘ttltttls
3398 2922 3605 2979 lancea:
3639 2930 3899 2980 monstra-

2305 3013 2379 3065 vit
2411 3012 2461 3065 lu
2497 3012 2685 3075 latere,
2720 3021 2772 3067 et
2817 3012 3193 3069 dubitantibus
3218 3013 3519 3085 Apostoils,
3569 3015 3718 3087 quod
3748 3023 3896 3087 puta-

2307 3113 2427 3159 rent
2458 3105 2777 3174 phantasma
2810 3120 2871 3161 se
2900 3106 3105 3173 videre,
3150 3107 3451 3177 respondit,
3504 3106 3731 3179 Palpate
3756 3124 3833 3162 me
3856 3111 3900 3161 et

608 3187 789 3241 litates
820 3194 1053 3252 vestras,
1084 3195 1141 3240 et
1182 3200 1398 3252 arcana,
1448 3202 1567 3257 quae
1601 3187 1651 3241 in
1685 3187 1948 3243 cubiculis
1975 3198 2029 3245 et
2061 3190 2204 3246 inter
2228 3195 2271 3259 C
2307 3198 2489 3264 ridete,
2518 3199 2759 3263 quoniam
2782 3200 2997 3269 spiritus
3027 3212 3207 3254 carnes
3230 3210 3277 3253 et
3305 3215 3419 3253 ossa
3440 3216 3540 3255 non
3570 3200 3748 3265 habet,
3777 3202 3898 3254 sicut

607 3281 881 3351 perfectos
907 3280 1212 3347 loquimini,
1241 3291 1295 3335 et
1326 3297 1446 3351 qua:
1481 3283 1711 3351 populus
1740 3281 1871 3337 loris
1902 3293 2074 3350 stans,
2102 3300 2204 3341 nec

609 3382 848 3428 meretur
874 3371 1083 3437 audire,
1116 3373 1361 3443 proferre
1408 3375 1458 3427 iu
1502 3375 1783 3431 medium?
1815 3376 1928 3432 Hoc
1957 3388 2038 3434 est
2072 3378 2203 3435 illud

605 3467 748 3536 quod
779 3466 995 3523 reducta
1028 3468 1094 3523 ad
1120 3470 1418 3524 auriculam
1453 3487 1632 3537 Inanu,
1668 3482 1722 3529 et
1751 3477 2206 3544 cieinrrepantibus

606 3560 809 3630 digitis,
844 3561 1085 3616 ridentes
1116 3562 1333 3616 dicitis:
1387 3562 1567 3618 Omnis-
1597 3566 1765 3635 gloria
1791 3567 1918 3637 ﬁliae
1946 3569 2080 3641 regis
2125 3570 2207 3624 in-

611 3654 858 3706 trinsecus
886 3650 1015 3723 (Ps.
1051 3669 1195 3714 κων,
1240 3653 1356 3725 id).
1396 3656 1459 3709 Et
1494 3656 1780 3711 introduxit
1809 3672 1891 3712 me
1915 3676 2008 3714 rea:
2033 3663 2086 3715 in
2116 3677 2207 3715 cu-

613 3742 835 3797 biculum
872 3758 1026 3797 suum
1069 3743 1263 3817 (Cant.
1299 3760 1337 3810 ι,
1368 3744 1625 3817 5).i’atet
1649 3764 1815 3819 quare
1842 3756 2108 3823 corporis.
2154 3763 2209 3808 et

612 3848 715 3889 non
745 3836 925 3891 carnis
972 3837 1429 3893 resurrectionem
1480 3837 1720 3895 dixeris:
1768 3841 1973 3899 scilicet
2019 3855 2077 3899 ut
2108 3862 2205 3904 nos

610 3927 772 3984 rudes
800 3944 1020 3985 carnem
1057 3938 1108 3984 te
1139 3930 1323 3986 dicere
1352 3941 1672 4002 putaremus
1703 3935 1754 3989 in
1786 3950 2041 4006 corpore,
2069 3948 2124 3994 et
2153 3939 2205 3994 hi

605 4024 695 4093 qui
744 4025 969 4095 perfecti
1010 4035 1157 4088 sunt,
1213 4024 1580 4097 intelligerent
1614 4043 1834 4084 carnem
1884 4032 1935 4084 in
1979 4044 2208 4103 corpore

607 4117 882 4188 denegari.
919 4116 1163 4188 Denique
1205 4120 1496 4189 Apostolus
1525 4119 1577 4176 in
1612 4119 1851 4193 Epistula
1884 4137 1981 4179 sua
2014 4124 2079 4179 ad
2105 4123 2211 4180 Co-

606 4210 884 4267 lossenses
906 4252 921 4276 ,
951 4212 1142 4267 volens
1191 4228 1389 4283 corpus
1440 4214 1642 4270 Christi
1690 4231 1949 4272 earneum
1972 4259 1987 4284 ,
2018 4228 2073 4274 et
2101 4234 2208 4275 non

602 4306 908 4375 spiritualc,
941 4322 1187 4371 aereum,
1208 4316 1390 4375 tenue,
1409 4309 1809 4379 demonstrare,
1841 4312 2211 4383 signiﬁcanter

609 4402 823 4458 locutus
875 4415 979 4468 ρει,
1031 4402 1256 4459 dicens:
1315 4401 1378 4457 Et
1412 4422 1498 4459 vos
1529 4421 1645 4458 cum
1696 4407 1875 4461 essetis
1924 4406 2210 4479 aliquando

606 4495 820 4550 alienati
858 4513 891 4549 a
933 4496 1161 4565 Christo,
1208 4508 1253 4552 et
1292 4498 1488 4551 inimici
1525 4515 1705 4554 sensus
1744 4503 1854 4572 ejus
1887 4501 1942 4553 in
1972 4501 2211 4570 operibus

2302 3308 2384 3347 me
2402 3292 2584 3346 videtis
2614 3292 2802 3347 habere
2828 3292 2986 3365 (Luc.
3015 3306 3161 3359 xxiv,
3185 3292 3252 3349 59
3272 3293 3289 3364 )
3306 3334 3321 3359 ,
3345 3300 3400 3348 et
3422 3293 3646 3363 proprie
3671 3293 3737 3348 ad
3764 3292 3898 3348 Tito-

2307 3400 2490 3440 mam:
2524 3383 2671 3456 lnfer
2700 3386 2920 3457 digitum
2959 3394 3103 3439 tuum
3129 3386 3184 3439 in
3216 3401 3400 3439 manus
3437 3398 3595 3447 meas,
3631 3395 3682 3441 et
3705 3396 3899 3439 manum

2305 3488 2445 3533 tuam
2472 3479 2525 3532 in
2551 3477 2687 3532 latus
2713 3492 2904 3543 meum,
2933 3486 2981 3531 et
3008 3477 3115 3532 noli
3140 3492 3247 3532 esse
3272 3477 3592 3543 incredulus,
3618 3478 3711 3533 sed
3742 3475 3899 3547 ﬁdelis

2306 3570 2496 3642 (Joan.
2532 3588 2622 3633 xx,
2650 3568 2787 3640 27);
2820 3571 2899 3626 sic
2949 3581 3004 3626 et
3047 3585 3146 3626 nos
3177 3580 3301 3641 post
3342 3571 3792 3626 resurrectionem
3819 3583 3899 3624 ca-

2308 3663 2433 3719 dem
2468 3664 2788 3720 habebimus
2832 3664 3072 3718 memhra
3097 3706 3111 3728 ,
3145 3665 3340 3735 quibus
3368 3680 3509 3719 nunc
3540 3665 3765 3730 utimur,
3788 3678 3901 3720 eas-

2309 3757 2433 3814 dem
2479 3771 2674 3813 carncs
2700 3767 2755 3814 et
2776 3759 3091 3829 sanguinem
3121 3768 3174 3815 et
3206 3771 3364 3813 ossa:
3394 3772 3623 3827 quorum
3656 3761 3709 3813 in
3732 3757 3902 3826 Serip—

2312 3853 2447 3908 turis
2475 3852 2676 3907 salictis
2708 3868 2897 3924 opera,
2932 3869 3038 3907 non
3072 3861 3260 3908 natura
3291 3850 3639 3908 damnantur.
3672 3851 3904 3921 Denique

2311 3946 2363 4000 in
2415 3945 2614 4001 Genesi
2671 3946 2936 4012 scriptum
2985 3954 3109 4000 est:
3144 3944 3267 3999 Non
3318 3945 3637 4013 prrmanebit
3686 3943 3905 4015 Spiritus

2313 4052 2452 4092 meus
2481 4038 2535 4091 in
2561 4036 2855 4092 hominibus
2894 4037 3029 4101 istis,
3055 4037 3177 4107 quia
3204 4053 3325 4090 caro
3354 4044 3472 4090 sunt
3517 4035 3537 4108 ί
3560 4034 3692 4090 Gen.
3714 4049 3789 4099 vr,
3814 4031 3901 4103 3).

2314 4131 2377 4186 Et
2405 4130 2605 4187 Paulus
2643 4129 2939 4203 Apostolus
2979 4126 3046 4186 de
3073 4146 3240 4199 prava
3283 4131 3533 4187 doctrina
3574 4137 3630 4186 et
3660 4124 3906 4200 operibus

2311 4224 2674 4280 Judmorum:
2742 4223 2865 4278 Non
2920 4223 3179 4295 acquievi,
3240 4223 3336 4289 ait,
3389 4222 3532 4277 carni
3578 4231 3628 4276 et
3672 4213 3906 4289 sanguini

2314 4316 2469 4389 (Gal.
2506 4316 2704 4387 t,16).
2758 4316 2822 4371 Et
2872 4315 2937 4369 ad
2990 4313 3243 4382 Sanctus,
3295 4313 3386 4384 qui
3415 4314 3600 4383 utique
3646 4312 3697 4365 in
3744 4320 3909 4361 carne

2314 4418 2487 4470 erant,
2514 4408 2674 4462 dicit:
2714 4402 2811 4461 νος
2837 4418 3009 4462 autem
3033 4408 3087 4459 in
3117 4421 3272 4459 carne
3298 4420 3400 4460 non
3430 4403 3583 4469 estis;
3609 4398 3697 4455 sed
3722 4402 3775 4455 in
3806 4397 3908 4469 spi-

2313 4503 2449 4557 ritu:
2471 4503 2516 4556 si
2533 4512 2702 4556 tamen
2717 4500 3036 4571 Deispiritus
3052 4496 3244 4554 habitat
3261 4499 3316 4554 in
3338 4497 3476 4555 nobis
3494 4492 3672 4571 (liam.
3695 4511 3812 4561 vni,
3831 4489 3905 4559 9).

609 4588 782 4655 malis,
815 4591 1159 4645 reconciliavit
1186 4591 1238 4643 in
1265 4606 1482 4661 corpore
1510 4594 1686 4646 carnis
1715 4606 1825 4646 tute
1874 4606 1965 4663 per
1998 4603 2211 4647 mortem
2240 4586 2287 4645 D
2314 4596 2528 4669 Negatis
2554 4596 2697 4652 enim
2725 4611 2821 4651 eos
2869 4596 2919 4649 in
2944 4609 3130 4659 carne,
3171 4608 3309 4665 quos
3332 4595 3384 4648 in
3424 4608 3591 4648 carne
3631 4605 3754 4648 esse
3778 4601 3906 4644 con-

611 4679 850 4753 (Coloss.
887 4694 923 4748 t,
949 4683 1039 4749 Ἢ,
1068 4684 1198 4756 ‘22).
1252 4683 1597 4754 Rursumque
1628 4687 1681 4741 in
1710 4685 1899 4742 eadem
1935 4686 2173 4760 Epistula
2199 4710 2211 4745 :

612 4772 680 4830 In
717 4791 820 4846 quo
858 4776 1147 4833 circumcisi
1184 4779 1305 4832 estis
1332 4778 1722 4835 circumcisione
1761 4798 1864 4836 non
1896 4799 2051 4837 manu
2080 4785 2221 4853 facta

610 4871 667 4927 in
693 4871 1070 4943 exspoliatione
1093 4876 1329 4945 corporis
1354 4876 1525 4931 carnis
1546 4875 1772 4944 (Coloss.
1798 4892 1856 4943 ll,
1880 4877 1989 4949 ll).
2015 4877 2070 4934 Si
2096 4894 2217 4933 cor-

610 4982 711 5037 pus
736 4982 956 5023 carnem
990 4967 1165 5023 solum
1198 4968 1486 5038 signiﬁcat,
1538 4982 1592 5026 et
1621 4986 1727 5026 non
1767 4979 1849 5025 est
1877 4986 2073 5027 nomen
2100 4985 2214 5025 am-

609 5058 852 5127 biguum,
887 5075 989 5115 nec
1016 5060 1082 5114 ad
1121 5060 1366 5116 diversas
1398 5060 1783 5134 intelligentias
1821 5062 1961 5118 trahi
1996 5072 2212 5133 potcSt:

684 5266 708 5295 α
743 5256 799 5313 lu
831 5255 1023 5313 eodem
1054 5269 1181 5319 ms.,
1211 5264 1405 5329 oportet
1432 5258 1781 5329 corrup‘irum
1808 5257 2022 5312 induere
2045 5257 2216 5311 inccr-

610 5331 923 5402 ruptionem,
956 5339 1003 5382 et
1032 5325 1251 5402 mortale
1280 5331 1396 5392 hoc,
1425 5337 1530 5402 etc.

685 5403 708 5441 ί)
739 5401 863 5461 Με..
891 5413 936 5454 et
968 5418 1068 5454 non
1100 5399 1360 5470 diversum
1389 5400 1670 5470 signiﬁcas.

687 5488 707 5511 ο
741 5474 974 5528 Deerant
998 5471 1209 5535 istltmc,
1241 5469 1377 5538 lapis
1404 5469 1588 5542 corpus
1615 5482 1711 5535 est,
1744 5470 1835 5524 sed
1863 5484 1963 5522 non
1988 5484 2110 5523 coro
2138 5470 2213 5523 di-

612 5544 769 5604 citur,
794 5560 915 5612 qua:
942 5560 1005 5599 ex
1038 5542 1339 5611 archetypo
1366 5542 1424 5596 S,
1460 5543 1647 5594 (Lrut-is
1676 5543 2017 5610 supplentur.

684 5614 710 5652 ἀ
746 5616 800 5670 lu
837 5630 939 5669 lIiS.
969 5617 1096 5670 satis
1122 5614 1385 5685 superﬂue
1423 5612 1626 5685 corpori
1668 5614 1845 5685 junxit
1887 5620 1935 5664 et
1981 5626 2218 5677 carnem,

618 5687 763 5754 quasi
794 5702 912 5738 caro
945 5705 1043 5740 non
1068 5681 1444 5754 intelligeretur
1471 5681 1522 5733 in
1552 5681 1786 5740 corpore.

693 5763 716 5789 θ
746 5753 963 5809 Scilicet
991 5758 1059 5810 de
1092 5751 1295 5808 a-terna
1320 5756 1428 5805 vita
1454 5754 1713 5808 articulus
1740 5756 1790 5807 iu
1823 5751 1920 5807 illo
1946 5751 2015 5806 de
2042 5751 2223 5808 carnis

625 5827 1029 5884 resurrectione
1051 5826 1323 5885 contineri
1346 5824 1690 5893 credebatur.
1740 5824 1869 5887 Vide
1922 5822 2224 5886 Ruﬁniex-

2318 4688 2523 4757 stabat,
2569 4705 2677 4744 non
2729 4687 2907 4742 carnis
2956 4685 3349 4753 substantiam,
3398 4683 3492 4741 sed
3523 4693 3737 4753 peccata
3766 4679 3907 4737 dam~

2322 4788 2505 4841 nabat.

2389 4877 2479 4933 99.
2516 4875 2651 4931 Vera
2678 4873 3066 4929 resurrectionis
3093 4874 3369 4944 confessio.
3398 4870 3543 4926 Elius
3572 4881 3620 4925 et
3644 4868 3912 4924 Enorli.--

2321 4969 2447 5025 "me
2480 4978 2561 5024 est
2591 4981 2721 5022 vera
2770 4965 3187 5021 resurrectionis
3229 4964 3524 5029 confessio,
3556 4977 3677 5033 quzr
3708 4961 3786 5016 sic
3807 4955 3911 5030 glo-

2319 5063 2453 5119 riam
2486 5061 2637 5118 carui
2666 5058 2878 5126 tribuit,
2916 5062 2972 5113 ut
3013 5075 3120 5115 non
3165 5057 3370 5113 auferat
3416 5055 3725 5112 veritatem.
3767 5044 3911 5120 Quod

2361 5254 2672 5311 ositiunem.

2400 5302 2405 5307 .
2475 5273 2519 5307 Il!
2659 5296 2672 5309 υ

2325 5272 2837 5382 ροῗιὲιιξιέκῗὲιέιιιιιιι
2869 5324 3116 5380 lacunam
3160 5320 3249 5376 hic
3273 5320 3611 5388 explevimus
3635 5334 3665 5374 e
3689 5317 3744 5371 S.
3789 5314 3916 5371 Cru-

2322 5399 2401 5455 cis
2431 5415 2531 5452 ius.
2554 5414 2676 5453 cunt
2700 5409 2855 5451 autut
2883 5396 3011 5449 editi
3036 5407 3226 5449 omnes
3251 5393 3429 5446 hiulco
3453 5404 3617 5445 sensu
3638 5388 3915 5451 haberent,

2323 5472 2553 5539 adiunge
2582 5483 2627 5524 et
2655 5471 2759 5533 die,
2788 5468 3051 5539 Quoniam
3075 5463 3315 5539 spiritus
3337 5468 3668 5539 caracaregc.
3709 5456 3917 5513 ondssis

2324 5532 2444 5610 (tua:
2494 5532 2636 5596 nunc
2680 5532 2909 5607 primum
2944 5536 3255 5590 snti‘ecituus
3287 5532 3612 5610 de_Dotnini
3645 5540 3919 5610 eouipara-

2327 5603 2494 5678 tione,
2522 5603 2691 5683 quani
2708 5611 2972 5683 orationis
2995 5605 3548 5683 contextusinferior,
3571 5611 3734 5683 atque
3755 5603 3917 5683 ipsqu

2329 5674 2699 5739 similitudinis
2744 5678 3063 5735 adverbium
3113 5674 3450 5751 postulabat,
3484 5683 3539 5727 et
3569 5674 3766 5751 quibus
3810 5674 3919 5751 sine

2330 5769 2556 5811 mancus
2600 5762 2753 5821 erat,
2802 5751 2999 5819 immo,
3040 5745 3370 5803 et’auctoris
3412 5745 3582 5800 tuenti
3624 5745 3919 5807 contrarius

2332 5839 2548 5885 εριιδιιε.
