4054 6328
146 250 239 307 διι

950 249 1153 307 LIBER
1195 249 1469 307 CONTRA
1508 250 1829 307 ,ΙοΑδΝΕΜ
1873 251 2606 312 lllEROSOLYMlTANUM.

3337 263 3448 318 ὅδε

148 383 271 422 vero
315 367 446 422 dicit
508 368 800 439 Apostolus
825 409 839 434 ,
889 369 1223 440 corruptibile
1274 369 1369 423 hoc
1428 378 1476 424 et
1526 369 1745 422 mortale
1774 374 1826 433 Α
1852 370 1922 425 25
1951 378 1995 423 et
2018 370 2204 442 καφ).
2240 371 2375 440 Quid
2412 372 2511 426 hac
2534 373 2818 442 prephetia
2851 375 3230 430 manifestius?
3257 377 3446 433 Nullus

152 463 202 533 (ι
229 464 347 518 Cor.
371 481 438 519 xv
459 463 478 536 )
496 506 512 532 ,
535 463 694 538 A37
729 465 830 518 hoc
854 464 1025 534 ipsum
1045 480 1267 535 corpus,
1293 463 1345 519 id
1368 473 1472 529 est,
1500 479 1744 530 carnem,

148 573 264 630 qum
298 567 424 612 tunc
451 559 754 624 videbatur,
796 557 1052 614 ostendit.
1097 557 1251 626 Quod
1283 567 1467 612 autem
1501 558 1744 626 copulat,

147 650 358 704 induere
388 652 842 720 incorruptionem,
872 660 918 704 et
946 650 1406 718 immortalitatem,
1433 650 1563 704 illud
1592 649 1748 703 indu-

147 753 411 811 mentum,
446 744 495 799 id
531 754 612 800 est
640 746 1043 812 vestimentum,
1070 761 1178 799 non
1211 745 1343 800 dicit
1383 760 1580 815 corpus
1610 745 1742 798 abo-

146 841 260 898 lere
285 841 432 913 quod
473 851 630 896 ornat
655 843 706 897 in
739 843 948 912 gloria:
983 842 1078 896 sed
1111 843 1253 912 quod
1295 851 1423 898 ante
1452 842 1742 912 inglorium

143 933 262 998 fuit,
298 934 520 988 efticere
546 934 879 1003 gloriosum;
911 944 969 988 ut
994 935 1347 990 mortalitatis
1377 945 1429 988 et
1459 934 1744 988 inﬁrmita-

145 1020 210 1074 tis
232 1020 424 1078 viliore
450 1033 597 1079 veste
620 1025 903 1094 deposita,
937 1024 1361 1080 immortalitatis
1391 1041 1544 1089 auro,
1580 1034 1652 1091 et,
1689 1033 1745 1079 ut

143 1109 211 1165 ita
236 1111 413 1169 dicam
432 1158 446 1180 ,
473 1116 746 1173 ﬁrmitatis
769 1127 930 1188 atque
966 1118 1178 1172 virtutis
1202 1117 1532 1172 beatitudine
1557 1117 1745 1171 indua-

142 1222 290 1272 mur;
337 1209 590 1266 volentes
621 1228 728 1268 non
755 1212 976 1282 spoliari
1024 1227 1208 1277 carne,
1257 1212 1352 1266 sed
1385 1212 1739 1282 supervestiri

139 1299 191 1353 in
219 1299 414 1370 gloria,
445 1311 500 1357 et
526 1303 863 1359 domicilium
896 1311 1164 1368 nostrum,
1195 1303 1335 1374 quod
1361 1305 1429 1358 de
1458 1305 1598 1360 cmlo
1622 1314 1738 1372 est,

136 1393 455 1462 superindui
479 1394 874 1463 desiderantes,
905 1406 958 1451 ut
979 1397 1270 1453 devoretur
1291 1398 1520 1454 mortale
1546 1413 1576 1452 a
1601 1398 1734 1453 vita.

135 1482 300 1542 Certe
332 1503 493 1543 nemo
522 1491 956 1556 superinduitur,
977 1491 1077 1545 nisi
1103 1493 1194 1562 qui
1228 1502 1356 1547 ante
1380 1494 1606 1547 vestitus
1631 1501 1736 1547 est.

135 1577 229 1632 Sic
266 1588 319 1634 et
353 1579 607 1635 Dominus
651 1590 834 1636 noster
868 1583 918 1636 in
969 1593 1154 1638 monte
1203 1585 1616 1654 transfiguratus
1655 1593 1739 1640 est

131 1671 186 1723 in
220 1670 392 1740 gloria
425 1671 650 1741 (Matth.
686 1689 821 1741 xvn,
864 1684 911 1729 et
958 1674 1124 1729 Marc.
1175 1692 1226 1730 ιιι
1248 1681 1290 1744 ),
1324 1691 1429 1731 ιιοιι
1455 1685 1512 1730 ιιι
1543 1691 1736 1731 manus

1854 473 1959 516 tam
1994 473 2182 533 aperte
2216 472 2335 532 post
2361 464 2660 526 Christum.
2691 481 2850 536 quam
2883 467 2985 520 iste
3011 476 3139 520 ante
3169 466 3442 524 Christum

1851 557 1918 610 de
1945 556 2344 611 resurreCtione
2375 557 2634 627 loquitur.
2670 557 2798 612 Vult
2843 558 3009 612 verba
3041 571 3138 612 sua
3170 559 3222 612 in
3250 573 3442 629 perpeo

1851 659 1999 703 tuum
2034 648 2232 704 durare
2262 668 2275 704 :
2305 661 2361 706 et
2409 663 2466 704 ιιι
2521 652 2663 705 nulla
2714 653 2916 719 possint
2950 662 3221 708 vetustate
3250 653 3444 719 deleri,

1850 743 2062 797 exat-ari
2089 758 2149 798 ea
2190 743 2309 797 vult
2341 743 2392 798 in
2430 745 2632 812 plumbi
2693 746 2926 812 lamina,
2963 755 3019 800 et
3055 746 3229 814 scnlpi
3277 747 3327 799 in
3373 745 3449 799 si-

1849 835 1970 890 lico.
2019 836 2213 904 Sperat
2245 841 2722 904 resurrectionem,
2749 838 2914 894 immo
2947 849 2968 877 ο
3002 838 3155 893 novit
3195 849 3249 894 et
3288 838 3445 904 vidit,

1846 930 1988 1000 quod
2038 930 2170 984 vivit
2216 930 2464 985 Christus
2522 931 2833 1000 redemptor
2878 932 3020 1002 ejus,
3050 941 3104 986 et
3146 933 3197 986 in
3254 932 3440 986 novis-

1847 1023 1984 1077 simo
2013 1023 2099 1077 die
2131 1024 2197 1078 de
2239 1035 2377 1078 terra
2430 1035 2836 1080 resurrecturus
2878 1026 2969 1080 sit.
3015 1026 3255 1080 Necdum
3298 1040 3445 1079 mor-

1847 1124 1971 1170 tuus
1994 1125 2108 1170 erat
2139 1118 2414 1180 Dominus,
2440 1125 2494 1172 et
2514 1117 2730 1172 Athleta
2758 1119 3018 1174 Ecclesia:
3042 1119 3441 1190 redemptorem

1844 1223 1998 1262 suum
2025 1209 2243 1264 videbat
2269 1211 2335 1264 ab
2363 1211 2550 1264 inferis
2569 1222 2960 1281 resurgentem.
2982 1211 3118 1266 lllud
3145 1227 3275 1266 vero
3300 1210 3444 1281 quod

1843 1301 2005 1356 infert
2036 1319 2048 1354 :
2084 1300 2151 1354 Et
2177 1319 2380 1355 rursum
2419 1303 2779 1356 circumdubor
2809 1303 2943 1375 pelle
2971 1321 3106 1366 mea,
3136 1314 3182 1357 et
3215 1305 3267 1356 in
3292 1320 3446 1357 carne

1844 1412 1953 1450 mea
2001 1396 2178 1449 ridebo
2229 1395 2412 1458 Deum,
2468 1406 2596 1466 puto
2640 1397 2785 1466 quod
2832 1413 2939 1451 non
2988 1397 3264 1466 loquatur,
3291 1397 3444 1466 quasi

1841 1500 2052 1545 amator
2083 1492 2355 1557 carnium,
2390 1507 2524 1562 quas
2567 1493 2814 1560 putridas
2860 1491 3206 1560 fetentesque
3247 1506 3441 1546 cerne-

1839 1585 1961 1651 bat;
1993 1584 2086 1638 sed
2115 1600 2178 1639 ex
2206 1585 2395 1637 fiducia
2431 1585 2768 1654 rcsurgendi,
2799 1586 3105 1639 contemnit
3132 1584 3438 1654 praesentia,

1839 1676 2034 1731 Solatio
2087 1676 2413 1730 futurorum.
2465 1677 2700 1730 Rursum
2741 1677 2850 1730 ait:
2884 1675 3258 1731 Circumdabor
3304 1675 3439 1747 pelle

130 1778 196 1818 ac
243 1764 408 1834 pedes
447 1775 756 1838 cmtcraque
811 1771 1055 1825 membra
1089 1769 1362 1840 perderet,
1396 1783 1448 1825 et
1474 1771 1653 1825 subito
1683 1770 1735 1824 in
1773 1769 1814 1827 Β
1845 1785 1976 1822 mea.
2012 1769 2114 1824 Ubi
2142 1769 2228 1823 hic
2261 1786 2303 1823 ci
2330 1784 2458 1838 rpns
2487 1768 2821 1822 a'thereutn?
2851 1768 2938 1821 ubi
2969 1784 3212 1834 aereum,
3246 1778 3299 1823 et
3328 1771 3438 1838 spi-

129 1856 459 1912 rotunditate
508 1860 594 1915 vel
640 1861 794 1928 solis,
845 1861 933 1916 vel
979 1862 1210 1932 splnerze
1242 1863 1588 1917 volveretur:
1639 1862 1735 1917 sed

130 1946 319 2003 eadem
349 1950 596 2005 membra
623 1952 756 2006 solis
789 1953 996 2022 fulgore
1019 1954 1319 2018 rutilantia,
1348 1954 1734 2024 Apostolorum

127 2040 321 2096 oculos
349 2043 838 2111 prmstringerent:
868 2045 1010 2100 unde
1039 2056 1094 2100 et
1119 2049 1440 2101 vestimenta
1473 2049 1593 2116 ejus
1623 2064 1740 2102 ιιιιι-

129 2141 241 2187 lata
295 2144 424 2188 sunt
470 2135 521 2188 in
551 2135 874 2202 candorem,
908 2151 1014 2191 non
1061 2139 1112 2191 in
1157 2154 1370 2202 aerem;
1407 2154 1476 2193 ne
1523 2139 1660 2194 forte
1685 2148 1741 2194 et

123 2234 316 2280 vestes
363 2225 484 2293 ejus
523 2241 742 2280 asseras
785 2227 1134 2296 spirituales:
1172 2229 1240 2282 Et
1286 2230 1443 2300 facies
1482 2234 1615 2303 ejus,
1660 2230 1741 2284 in-

124 2322 270 2391 quit,
302 2319 533 2392 fulgebat
560 2323 691 2376 sicut
731 2321 809 2376 sol
837 2322 1056 2392 (Matth.
1092 2341 1168 2389 Ix,
1191 2324 1270 2394 9.).
1311 2326 1408 2380 Ubi
1439 2336 1627 2398 autem.
1662 2325 1742 2379 fa-

123 2417 242 2471 cies
303 2418 638 2478 nominatur.
697 2420 910 2473 mstimo
957 2421 1101 2489 quod
1147 2430 1201 2474 et
1249 2429 1444 2475 caetera
1497 2421 1740 2476 membra

123 2519 428 2580 conspecta
459 2510 586 2565 sint.
627 2510 811 2565 Enoch
861 2512 1153 2566 translatus
1179 2521 1262 2567 est
1297 2513 1347 2566 in
1375 2528 1559 2568 carne.
1594 2513 1741 2569 Elias

126 2618 364 2658 carneus
397 2610 588 2673 raptus
615 2612 701 2658 est
728 2604 780 2657 in
813 2605 1012 2660 caelum
1048 2605 1270 2676 (Cenes.
1296 2622 1348 2668 ν,
1381 2607 1445 2670 4;
1474 2605 1601 2677 Reg.
1634 2607 1693 2676 ιι)
1721 2625 1736 2662 ;

127 2696 365 2752 necdum
395 2697 614 2762 mortui,
641 2706 693 2750 et
718 2698 951 2766 paradisi
972 2698 1081 2766 jam
1109 2699 1311 2764 coloni,
1340 2699 1541 2754 habent
1570 2716 1740 2754 mem-

127 2789 222 2842 bra
248 2804 380 2844 cum
409 2789 606 2858 quibus
639 2791 775 2860 rapti
809 2799 933 2844 sunt
955 2800 1116 2860 atque
1149 2792 1415 2846 translati.
1449 2792 1602 2858 Quod
1641 2807 1739 2847 nos

128 2881 409 2935 imitamur
427 2881 653 2951 jejunio,
681 2883 754 2936 illi
781 2883 1058 2952 possident
1074 2883 1166 2937 Dei
1185 2887 1478 2938 consortio.
1503 2884 1739 2938 Vescun-

128 2981 212 3024 tur
234 2971 455 3026 cmlesti
482 2987 641 3040 pane,
667 2983 722 3028 et
744 2985 1056 3030 saturantur
1079 2980 1224 3030 omni
1249 2978 1410 3031 verbo
1434 2977 1550 3044 Dei,
1582 2995 1734 3032 runt-

124 3064 247 3121 dem
278 3065 553 3121 habentes
583 3066 896 3134 Dominum,
928 3085 1088 3139 quem
1116 3078 1171 3125 et
1199 3070 1398 3124 cibum.
1434 3070 1571 3124 Audi
1619 3071 1738 3126 Sal-

1845 1863 1968 1917 ritni
2001 1874 2055 1917 et
2107 1879 2252 1917 aurze
2277 1863 2494 1917 simile?
2522 1863 2686 1918 Certe
2716 1863 2804 1916 ubi
2836 1863 2992 1932 pellis
3024 1871 3078 1916 et
3105 1877 3267 1928 caro,
3291 1859 3317 1900 d
3344 1864 3438 1917 tibi

1842 1971 1962 2010 ossa
1988 1964 2043 2012 et
2075 1957 2249 2020 nervi,
2275 1965 2328 2009 et
2356 1957 2578 2025 sanguis
2605 1963 2660 2010 et
2685 1970 2864 2021 venm,
2893 1955 2965 2009 ibi
2995 1956 3176 2010 carnis
3202 1965 3437 2010 struetu-

1840 2065 1922 2112 ra,
1973 2050 2045 2104 ibi
2102 2064 2264 2104 sexus
2318 2049 2648 2119 proprietas.
2682 2047 2749 2101 Et
2780 2049 2832 2102 in
2876 2063 3050 2114 carne,
3097 2047 3291 2116 inquit,
3326 2064 3436 2102 mea

1842 2142 2022 2196 ridebo
2057 2143 2239 2196 Deum.
2274 2143 2502 2210 Quando
2534 2141 2712 2196 onmis
2767 2156 2894 2195 caro
2940 2139 3141 2195 videbit
3200 2141 3439 2194 salutare

1844 2232 1960 2299 Dei,
1997 2243 2046 2286 ct
2078 2233 2263 2288 .lcsum
2295 2235 2484 2298 Deum,
2519 2243 2648 2287 tunc
2671 2242 2725 2286 et
2750 2247 2850 2302 ego
2880 2232 3075 2286 videbo
3109 2231 3440 2299 Redempto-

1844 2343 1956 2382 rem
1995 2335 2048 2381 et
2091 2327 2450 2392 Salvatorem,
2483 2338 2536 2382 et
2569 2328 2732 2381 Deum
2776 2343 2974 2382 meum.
3011 2326 3220 2382 Videbo
3252 2334 3434 2380 autem

1843 2419 1895 2474 in
1931 2420 2028 2472 ista
2057 2434 2242 2482 carne,
2276 2435 2396 2488 qum
2433 2435 2519 2473 me
2562 2433 2705 2472 nunc
2731 2419 2958 2483 cruciat,
3003 2434 3124 2488 qua:
3155 2434 3294 2471 nunc
3328 2432 3440 2486 pra)

1843 2508 2033 2564 dolore
2077 2511 2321 2564 distillat.
2359 2511 2564 2566 Idcirco
2595 2511 2760 2565 Deum
2799 2512 2850 2564 in
2882 2527 3047 2566 carne
3078 2511 3442 2579 conspiciant,

1842 2604 1965 2672 quia
1993 2618 2183 2656 omnes
2214 2604 2557 2657 infirmitates
2591 2619 2740 2658 meas
2780 2619 2878 2658 sua
2917 2605 3320 2659 resurrectione
3348 2617 3439 2656 sas

1843 2698 2008 2750 navit.
2039 2697 2228 2752 Nonne
2253 2697 2346 2750 tibi
2372 2698 2583 2751 videtur
2605 2698 2716 2766 jam
2750 2709 2875 2753 tunc
2899 2698 3000 2753 Job
3027 2709 3218 2753 contra
3249 2698 3440 2767 Orige-

1842 2808 1963 2845 nem
1989 2792 2246 2856 scribere,
2270 2799 2323 2845 et
2346 2807 2440 2859 pro
2458 2790 2642 2844 carnis
2666 2793 2914 2857 veritate,
2947 2793 2997 2846 in
3042 2807 3142 2860 qua
3169 2800 3440 2845 tormento

1839 2883 2115 2946 sustinuit,
2158 2885 2387 2937 alterum
2438 2897 2628 2936 contra
2681 2883 2967 2937 luereticos
3015 2883 3215 2937 habt-re
3264 2890 3440 2936 certa—

1842 2975 2004 3028 men?
2038 2975 2191 3029 Dolet
2218 2975 2382 3038 enim,
2416 2975 2460 3028 si
2497 2984 2641 3029 tanta
2673 2977 2745 3028 sit
2779 2975 2980 3030 frustra
3025 2990 3338 3044 perpessus,
3381 2983 3435 3030 et

1845 3066 1947 3121 alia
1993 3067 2351 3136 spiritualitcr
2401 3077 2761 3137 resurgente,
2814 3070 2912 3122 ista
2962 3070 3254 3123 carnaliter
3304 3084 3433 3122 cru-

125 3168 370 3215 vatorem
421 3159 729 3217 dicentem:
784 3160 852 3214 Et
896 3179 1017 3216 curo
1072 3179 1184 3216 mea
1230 3164 1499 3232 requiescit
1547 3164 1600 3216 in
1645 3180 1736 3232 spe
1763 3153 1805 3214 (Ι
1841 3162 1975 3215 eiata
2009 3163 2099 3215 sit.
2139 3161 2289 3216 Unde
2318 3162 2552 3215 inculcat
2595 3171 2650 3217 et
2676 3175 2988 3233 exaggerat,
3020 3173 3077 3220 et
3121 3165 3299 3218 omnia
3353 3164 3435 3218 lu-

125 3252 313 3322 (Psal.
355 3271 456 3319 xv,
489 3254 577 3324 9).
618 3256 679 3307 lit
720 3256 772 3310 in
813 3254 920 3309 alio
950 3256 1106 3310 loco:
1159 3255 1292 3309 Caro
1319 3259 1434 3328 ejus
1465 3272 1564 3309 non
1613 3255 1736 3309 vidit

121 3349 516 3416 corruptionem
547 3348 696 3418 (Act.
730 3364 788 3410 ll,
837 3349 959 3418 51).
997 3350 1058 3404 Ιείι
1093 3365 1307 3404 rursum
1345 3370 1357 3401 :
1397 3349 1577 3402 Omnis
1617 3366 1736 3402 caro

122 3439 310 3493 ridebit
335 3441 574 3495 salutare
608 3440 707 3496 Dei
735 3440 898 3510 (Isai.
939 3458 1030 3503 XL,
1059 3441 1144 3512 5).
1182 3443 1246 3496 Et
1275 3451 1328 3496 tu
1361 3458 1579 3510 semper
1617 3458 1736 3496 eor-

124 3547 219 3600 pus
245 3535 598 3605 ingeminas?
623 3535 812 3589 Profer
841 3535 1011 3604 magis
1043 3534 1315 3601 Ezechiel,
1347 3535 1436 3604 qui
1467 3550 1588 3588 ossa
1613 3535 1738 3603 jun-

122 3640 250 3693 gens
279 3626 515 3684 ossibus
542 3637 595 3681 et
627 3628 868 3683 edocens
899 3642 960 3682 ea
1001 3628 1067 3680 de
1094 3627 1364 3697 sepulcris
1396 3631 1530 3693 suis,
1565 3637 1616 3681 et
1641 3643 1728 3681 su-

123 3735 212 3785 ler
244 3723 428 3791 pedes
456 3731 600 3777 stare
623 3721 1112 3787 faciens,carnibns
1137 3721 1431 3791 nervisque
1458 3722 1731 3776 constrin-

120 3813 251 3880 git.a
281 3825 332 3869 et
365 3824 507 3870 cute
536 3814 774 3883 desuper
805 3815 936 3884 tegit
963 3813 1184 3884 (Eucti.
1217 3815 1453 3885 χχιιι-ιι).

187 3906 275 3962 50.
316 3905 436 3962 Job
463 3905 660 3960 athleta
688 3905 938 3962 Ecclesia:
960 3917 1080 3961 ante
1101 3906 1382 3963 Christum.
1409 3907 1510 3963 Job
1533 3908 1734 3962 ridetur

120 4009 294 4054 contra
320 4005 573 4072 futurum
609 3999 881 4070 Origeuem
911 4001 1148 4054 scribere.
1179 4032 1242 4041 —
1271 4003 1447 4056 'l‘onet
1488 4001 1588 4057 Job
1619 4014 1728 4056 tor-

122 4102 444 4149 mentorum
495 4093 672 4147 victor
700 4134 715 4158 ,
760 4102 817 4147 et
871 4102 1005 4148 testa
1053 4094 1247 4149 radens
1281 4093 1508 4164 putrida:
1553 4095 1732 4150 carnis

125 4188 350 4251 saniem,
383 4185 646 4242 miserias
672 4201 801 4242 suas
835 4187 1254 4241 resurrectionis
1281 4201 1377 4257 spe
1407 4197 1460 4242 et
1503 4187 1733 4242 veritate

124 4276 324 4334 soletur
356 4297 369 4333 :
405 4279 542 4347 Quis
570 4279 696 4334 mihi
721 4279 827 4344 det,
862 4280 1055 4348 inquit,
1081 4289 1132 4333 ut
1157 4280 1450 4334 scribantur
1475 4299 1732 4338 sermones

127 4370 260 4424 mei?
291 4371 425 4438 Quis
451 4370 584 4425 mihi
612 4373 716 4438 det,
746 4381 801 4426 ut
829 4381 1109 4427 crearentur
1139 4373 1192 4424 in
1224 4371 1358 4425 libro
1384 4371 1516 4440 style
1540 4377 1727 4441 ferreo,

126 4470 171 4512 et
197 4461 396 4530 plumbi
430 4464 654 4528 lamina,
689 4463 766 4518 vel
793 4463 821 4502 δ
844 4465 972 4519 celte
992 4462 1302 4530 sculpantur
1324 4465 1374 4517 in
1403 4464 1580 4517 silice?
1609 4466 1730 4519 Scio

1842 3254 2003 3307 brica:
2030 3253 2398 3308 Confessiouis
2431 3268 2626 3306 arcana
2665 3253 2951 3308 manifesta
2982 3272 3112 3311 voce
3135 3256 3438 3319 concludit,

1840 3348 2062 3402 dicens:
2101 3346 2264 3413 Quem
2296 3347 2500 3399 visurus
2539 3363 2651 3400 sum
2681 3364 2774 3419 ego
2797 3349 2924 3418 ipse,
2958 3359 3004 3402 et
3031 3350 3163 3402 ceult
3189 3350 3284 3402 mei
3305 3365 3430 3399 con-

1837 3439 2064 3507 specturi
2093 3449 2230 3501 sunt,
2256 3448 2304 3491 et
2334 3455 2434 3490 non
2465 3439 2620 3492 alius.
2651 3448 2672 3474 ε’
2700 3438 2746 3493 is
2773 3440 2816 3493 si
2844 3455 2950 3494 non
2974 3457 3105 3494 sexu
3130 3456 3229 3494 suo
3255 3453 3429 3492 resur-

1841 3540 2085 3587 recturus
2117 3543 2219 3598 est,
2253 3532 2295 3585 si
2343 3548 2446 3586 non
2495 3533 2700 3586 eisdem
2751 3535 3034 3599 membris,
3069 3550 3188 3603 qum
3215 3533 3434 3600 jacucre

1839 3626 1890 3680 in
1914 3634 2178 3681 stercore.
2211 3625 2253 3678 si
2287 3642 2391 3678 non
2423 3625 2646 3679 eosdem
2679 3627 2866 3680 oculos
2899 3625 3107 3694 aperiat
3145 3625 3208 3677 ad
3241 3622 3432 3676 viden-

1837 3724 1963 3777 dum
2020 3723 2205 3787 Duutn,
2241 3723 2437 3790 quibus
2471 3732 2598 3775 tunc
2639 3719 2852 3774 videbat
2892 3718 2906 3755 ί
2947 3717 3297 3778 vermiculos,
3346 3715 3435 3771 ubi

1837 3816 1942 3872 erit
1969 3814 2132 3887 439
2175 3830 2305 3885 ergo
2351 3813 2490 3870 Joh?
2531 3813 2702 3866 Tollis
2743 3826 2805 3865 ea
2852 3811 2902 3862 in
2949 3809 3145 3879 quibus
3192 3807 3437 3864 substitit

1834 3907 1957 3970 Joh.
1989 3918 2042 3962 et
2076 3910 2244 3962 donas
2288 3907 2416 3960 mihi
2467 3907 2625 3960 inane
2677 3903 3002 3958 vocabulum
3046 3903 3428 3970 resurgentis:

1836 4001 2108 4072 quomodo
2141 4002 2183 4053 si
2210 4000 2387 4053 navim
2421 4009 2539 4066 post
2564 3996 2902 4064 naufragium
2943 3997 3250 4050 restitutam
3277 3993 3430 4060 velis,

1835 4108 1896 4145 ac
1928 4107 2090 4160 neges
2121 4091 2328 4158 singula
2363 4089 2428 4143 de
2462 4090 2661 4158 quibus
2694 4088 2847 4142 navis
2874 4085 3230 4140 construitur.

1906 4185 1996 4238 3i.
2029 4182 2232 4237 Veritas
2256 4183 2642 4238 resurrectionis
2679 4183 2731 4235 in
2759 4197 2860 4250 quo
2889 4182 2974 4232 sit.
3004 4175 3304 4233 Similitudo
3333 4192 3431 4230 an-

1834 4278 2068 4350 gelorum
2113 4277 2256 4330 nobis
2287 4281 2538 4346 promissa
2578 4279 2630 4331 in
2671 4291 2774 4347 quo
2805 4274 2891 4328 sit.
2917 4303 2985 4312 ——
3014 4272 3127 4342 Ego
3158 4271 3325 4325 libere
3352 4269 3434 4323 di-

1833 4385 1977 4437 cam,
2010 4381 2413 4440 etquamquam
2440 4371 2740 4438 Iorqueatis
2764 4382 2880 4428 ora,
2904 4364 3132 4420 trabalis
3156 4363 3436 4435 capillum,

1837 4475 1860 4511 ς
1885 4464 2224 4534 applandatis
2256 4464 2414 4530 pede,
2444 4462 2760 4516 .ludaeorum
2795 4458 3002 4526 lapides
3029 4456 3339 4526 requiratis,
3376 4458 3436 4511 li-

124 4555 250 4609 enim
273 4558 418 4626 quod
451 4559 770 4630 Redemptor
797 4572 940 4612 uicus
961 4557 1162 4619 vivit,et
1188 4557 1241 4608 in
1270 4555 1732 4628 uerissimam
1757 4542 1808 4602 Ῑ)
1837 4559 1958 4611 dem
1994 4557 2251 4611 Ecclesia:
2275 4556 2614 4623 apertissime
2644 4551 2965 4606 confitebor.
2998 4551 3433 4609 Resnrrectionis

125 4646 204 4702 die
230 4651 294 4706 de
320 4663 466 4709 terra
505 4664 837 4708 surrecturus
877 4669 1013 4712 sum.
1054 4662 1100 4706 et
1139 4667 1344 4705 rursum
1371 4651 1729 4704 circumdabor

127 4743 256 4807 pelle
284 4762 422 4810 mea.
453 4757 504 4803 et
525 4749 578 4801 in
611 4763 765 4801 carne
787 4763 898 4801 utea
927 4746 1105 4802 videbo
1128 4745 1290 4800 Deum
1315 4762 1333 4800 :
1355 4761 1506 4817 quem
1530 4746 1730 4798 visurus

126 4846 232 4886 sum
278 4853 372 4908 ego
423 4842 559 4911 ipse,
591 4849 638 4892 et
681 4841 819 4892 oculi
852 4838 949 4891 mei
991 4839 1314 4910 conspecturi
1361 4848 1501 4903 sunt,
1535 4847 1580 4892 et
1625 4854 1728 4891 non

125 4923 280 4983 alius.
311 4929 570 5002 Reposito
591 4941 664 4986 est
685 4931 796 4986 hwc
822 4947 936 5002 spes
964 4947 1075 4984 mea
1096 4932 1150 4984 in
1170 4931 1290 4984 sinu
1319 4947 1428 4985 nico
1449 4928 1589 5001 (Job.
1615 4945 1727 4995 XIX,

195 5091 220 5155 fi
261 5083 328 5136 Et
366 5095 490 5140 cute
527 5088 745 5155 desuper
777 5088 918 5154 tegit.
961 5086 1119 5141 Nullo
1159 5102 1320 5142 sensu
1361 5089 1415 5142 in
1461 5088 1620 5142 editis
1665 5088 1727 5142 li-

129 5147 238 5206 bris
286 5156 556 5231 l_egimns,
585 5169 631 5211 et
655 5147 892 5230 'desup'er
941 5160 1064 5231 tegit
1089 5175 1108 5212 :
1131 5158 1294 5213 donec
1320 5159 1419 5213 Job
1451 5168 1730 5214 tormento—

128 5235 237 5276 rum
263 5229 454 5292 victor,
491 5240 600 5283 etc.
636 5229 836 5284 Deinde
866 5231 917 5283 in
947 5229 1208 5284 cuntextu
1241 5231 1396 5290 Jobi.
1440 5233 1724 5300 legendum

135 5303 312 5372 putant
342 5300 496 5354 docti
531 5304 732 5369 pariter
759 5310 812 5354 ct
846 5302 1041 5355 indocti
1069 5343 1081 5363 ,
1127 5303 1205 5354 rel
1251 5311 1384 5355 certe
1423 5305 1728 5372 sculpantur

130 5368 178 5414 in
205 5368 371 5424 silice.
405 5373 519 5425 Sed
536 5368 650 5426 non
678 5374 962 5426 attendunt
988 5374 1368 5442 Hieronymum
1395 5389 1451 5426 et
1467 5368 1730 5440 pressisse

131 5446 310 5494 vocem
361 5443 651 5497 llebraeam
695 5447 876 5512 pm,
907 5443 1112 5512 jebhnts
1145 5443 1273 5506 hun,
1323 5445 1447 5496 celte
1485 5447 1729 5510 sculpan-

133 5513 231 5581 ηιζζ
261 5521 316 5563 ιιι
353 5513 629 5568 iudiearet
659 5513 1072 5568 itistrumentnm
1103 5516 1416 5581 sculpturm.
1456 5515 1723 5568 Maurum.

198 5577 223 5615 ¹³
249 5584 389 5637 Sunt
424 5584 619 5638 Critiei
653 5585 790 5638 haud
830 5587 1006 5649 exigui
1038 5577 1294 5649 nominis,
1326 5587 1413 5651 qui
1461 5597 1594 5637 certe
1628 5586 1728 5652 li-gi

132 5655 690 5726 contemlnntideberi
723 5671 818 5726 pro
860 5656 1042 5710 Celte:
1071 5667 1122 5710 et
1151 5669 1278 5710 mss.
1313 5655 1530 5725 quidem
1566 5656 1730 5724 pluri-

131 5723 197 5797 mi
218 5735 343 5778 sunt
367 5725 497 5780 libri
524 5725 648 5793 Job,
678 5723 764 5796 qui
788 5737 920 5780 certe
942 5730 1250 5794 prmfet'nnl,
1277 5723 1377 5795 qua
1401 5727 1468 5780 de
1494 5743 1553 5782 re
1569 5723 1726 5796 plura

136 5787 355 5855 dicenda
395 5798 566 5859 imhis
598 5787 719 5859 ειιιιί
749 5808 892 5857 tonio
915 5787 1004 5871 IX,
1035 5799 1099 5854 ad
1131 5787 1271 5856 hunc
1297 5787 1422 5856 'Jobi
1453 5787 1631 5860 locum
1663 5814 1728 5862 ex

1839 4649 2036 4702 veritas
2065 4647 2183 4701 sine
2214 4662 2376 4702 carne
2404 4657 2457 4702 et
2488 4647 2722 4708 ossibus,
2751 4644 2870 4696 sine
2894 4644 3158 4711 sanguine
3180 4655 3230 4698 et
3257 4659 3429 4698 ntem-

1833 4739 1967 4804 bris,
1998 4738 2220 4807 intelligi
2256 4755 2358 4790 non
2395 4747 2594 4808 potest.
2641 4735 2737 4788 Ubi
2780 4747 2906 4786 caro
2943 4743 2999 4786 et
3039 4749 3182 4798 ossa,
3220 4745 3274 4789 et
3305 4750 3431 4788 san-

1833 4833 1952 4901 guis
1975 4841 2031 4886 et
2058 4829 2296 4883 membra
2329 4840 2473 4892 sunt,
2501 4826 2573 4882 ibi
2606 4839 2829 4878 necesse
2853 4835 2934 4878 est
2981 4833 3038 4877 ut.
3061 4840 3226 4879 sexus
3253 4824 3433 4879 diver-

1833 4929 1964 4982 sitas
1983 4929 2072 4980 sit.
2094 4923 2192 4979 Ubi
2215 4938 2380 4977 sexns
2395 4921 2690 4976 diversitas
2706 4931 2782 4974 est
2797 4963 2809 4984 ,
2831 4918 2898 4972 ibi
2919 4918 3155 4973 Joannes
3175 4909 3436 4987 Joannes,

1833 5085 2250 5157 Hieronymiana
2282 5086 2554 5139 versione.

1907 5170 1927 5193 ε
1965 5154 2242 5212 Ιιιόηιιὲίτρ
2291 5157 2347 5210 S.
2399 5157 2609 5224 Crucis,
2644 5157 2779 5209 norit
2824 5165 2868 5208 et
2912 5154 3046 5226 [idus
3081 5165 3175 5223 est,
3208 5163 3262 5210 et
3305 5171 3428 5214 mox

1836 5229 2146 5299 Redemptor
2177 5238 2314 5281 tuus.

1903 5300 1927 5335 α
1961 5297 2264 5363 luendum,
2305 5302 2374 5355 ibi
2417 5319 2531 5358 ossa
2580 5312 2628 5354 et
2676 5301 2857 5353 nervi:
2890 5297 3083 5352 deinde
3130 5300 3212 5351 ubi
3261 5300 3430 5352 carnis

1830 5381 2116 5445 struct_ura._
2151 5371 2314 5428 Paulo
2345 5386 2464 5445 pust
2492 5373 2677 5428 videbit
2697 5373 2974 5426 salutarem
3006 5367 3126 5435 Dei,
3159 5369 3210 5421 id
3237 5379 3308 5421 est
3339 5368 3429 5421 Je-

1831 5459 1941 5497 sum
1971 5442 2264 5497 Dominum.
2346 5442 2356 5445 “
3433 5457 3440 5465 ·

1908 5523 1930 5550 ε
1962 5516 2061 5570 Ms.
2091 5516 2135 5569 si
2163 5533 2262 5570 non
2285 5519 2338 5572 in
2361 5536 2484 5572 sexu
2507 5534 2622 5572 suo.

1912 5584 1929 5622 τ
1961 5585 2104 5639 Idem
2134 5600 2257 5642 tunc
2291 5592 2486 5644 ridebat
2511 5587 2836 5644 vermiculos,
2871 5593 2916 5635 et
2944 5581 3175 5634 radebat.

1906 5671 1929 5703 es
1962 5660 2116 5728 Sa'pe
2157 5663 2287 5716 alibi
2338 5664 2696 5734 llieronytnus
2739 5652 3019 5734 apploderc
3050 5654 3227 5734 pedem
3255 5648 3384 5734 dist!
3413 5693 3428 5715 ,

1833 5738 1995 5808 atque
2026 5721 2111 5788 ιίιο
2147 5736 2362 5804 quidem
2403 5721 2696 5808 applodatis
2737 5721 2834 5804 prb
2877 5724 3208 5806 applaudntis
3255 5721 3428 5784 libirlt-v

1834 5799 1940 5856 tius
1967 5799 2219 5878 legerem.
