4036 6354
577 300 688 363 395

1836 299 1894 354 S.
1941 297 2213 355 EUSEBII
2254 296 2626 353 HIERUNYMI

3757 292 3857 350 385

581 417 744 474 Maria
775 418 960 473 Maria.
995 415 1116 470 Noli
1151 414 1351 470 timere
1395 427 1585 468 eorum
1625 411 1864 482 nuptias,
1899 411 1988 482 qui
2015 411 2176 466 etiam
2209 416 2261 474 Α
2289 409 2382 465 Dei
2405 408 2779 464 ealnmniaris?
2799 408 2890 478 qui
2908 415 3088 478 potest
3113 405 3180 462 de
3205 405 3436 461 medulla
3463 405 3549 461 illa
3567 405 3866 462 etdesemi-

581 517 708 564 ante
736 520 961 563 mortem
989 507 1044 562 in
1073 522 1205 562 sexu
1234 521 1334 562 suo
1371 507 1488 561 sine
1516 519 1679 560 sexus
1706 519 1874 574 opere
1906 503 2178 560 vixerunt.

583 599 813 668 Quando
851 598 1050 654 dicitur
1077 618 1090 653 :
1126 599 1190 652 In
1221 598 1314 652 illa
1345 599 1430 652 die
1459 615 1618 670 neque
1645 598 1853 662 nubent,
1897 613 2060 669 neque
2089 614 2185 650 nu-

585 690 772 745 bentur
797 690 1014 764 (Matth.
1045 707 1178 758 χχιι,
1210 692 1324 761 50),
1363 690 1430 746 de
1470 690 1552 744 Itis
1588 689 1810 757 dicitur,
1839 692 1926 760 qui
1957 697 2186 759 possunt

586 785 814 848 nubere.
845 794 899 840 et
925 794 1104 840 tamen
1143 800 1248 839 non
1298 784 1524 839 nubent.
1569 783 1740 838 Nemo
1768 783 1912 838 enim
1943 783 2074 838 dicit
2117 781 2185 836 de

589 877 849 947 Angelis:
879 877 1001 931 Non
1017 877 1414 948 nubent,’neque
1435 877 1709 933 nubentur.
1746 878 1858 947 Ego
1885 892 2183 947 numquam

589 970 772 1025 audivi
803 970 1162 1041 spiritualium
1195 970 1468 1025 Virtutum
1517 972 1569 1026 in
1616 969 1756 1026 caelo
1797 972 2012 1040 nuptias
2041 970 2189 1025 cele-

590 1060 735 1116 brari
765 1079 776 1115 :
805 1062 900 1116 sed
932 1063 1021 1116 ubi
1053 1077 1212 1118 sexus
1241 1071 1345 1126 est,
1376 1062 1450 1117 ibi
1487 1064 1570 1116 vir
1614 1073 1668 1118 et
1699 1063 1918 1118 femina.
1949 1062 2104 1119 Unde
2134 1071 2189 1116 et

590 1163 645 1209 tu
693 1154 891 1211 invitus
933 1157 1082 1224 licet,
1114 1166 1343 1228 cogente
1385 1159 1637 1224 veritate,
1677 1161 1966 1216 confessus
2014 1176 2096 1225 es,
2132 1168 2188 1215 et

589 1247 819 1304 dixiSIi:
859 1268 879 1300 ‹
918 1250 1026 1305 Aut
1075 1251 1427 1305 coronandus
1459 1252 1510 1305 in
1557 1267 1813 1320 corpore,
1861 1254 2006 1323 quod
2038 1263 2189 1308 caste

593 1341 704 1412 egit
731 1341 977 1410 etjuste,
1024 1352 1114 1397 aut
1158 1343 1606 1398 condemnandus
1651 1345 1705 1400 in
1759 1360 2012 1416 corpore,
2044 1347 2187 1418 quod

589 1433 966 1500 voluptatibus
1017 1435 1394 1505 iniquitatique
1443 1437 1697 1491 servivit.
1739 1457 1758 1490 ι
1795 1438 1950 1494 Tolle
1991 1455 2190 1509 corpus

591 1535 647 1582 et
676 1542 814 1596 pone
836 1543 1078 1592 carnem,
1111 1539 1165 1584 et
1193 1531 1370 1585 virum
1414 1545 1477 1586 ac
1520 1532 1778 1587 feminam
1815 1550 1920 1587 non
1956 1537 2187 1606 negasti.

595 1627 617 1655 ο
647 1620 781 1686 Quis
807 1621 951 1675 enim
976 1621 1107 1676 vivit
1133 1635 1253 1676 cmn
1282 1622 1452 1693 gloria
1481 1623 1754 1692 pudicitiae
1781 1627 1872 1696 qui
1895 1643 2001 1680 non
2033 1627 2194 1682 habet

593 1728 809 1779 sexum,
840 1729 938 1785 per
975 1730 1138 1785 quem
1165 1717 1433 1770 committi
1464 1718 1639 1787 potuit
1665 1717 2040 1789 impudicitia?
2063 1720 2193 1789 Quis

2287 505 2443 558 nario
2465 501 2490 540 ἀ
2523 515 2724 568 vestro,
2762 506 3050 579 ἐντεριώνη.
3079 517 3188 556 ηοη
3223 516 3416 556 carnes
3439 510 3643 554 tantum
3672 501 3735 556 de
3755 516 3867 555 car-

2287 598 2468 662 nibus,
2503 597 2597 652 sed
2630 611 2828 666 corpus
2867 596 3123 659 educere,
3155 605 3206 649 et
3237 594 3382 648 aliud
3423 609 3486 649 ex
3532 594 3638 648 alio
3667 591 3862 657 facere;

2293 702 2314 728 θ
2345 701 2396 746 et
2424 692 2489 746 de
2514 707 2675 762 aqua,
2705 691 2753 745 id
2770 690 2957 756 est,de
2982 690 3186 744 vilitate
3211 693 3485 752 carnium,
3525 686 3542 724 τ
3571 689 3798 756 pretiosa
3819 695 3868 741 et

2289 788 2433 841 aerei
2489 786 2738 856 corporis
2771 786 2892 839 vina
2947 795 3161 839 mutare
3195 802 3207 836 :
3245 792 3420 852 potest
3461 782 3644 851 utique
3693 780 3866 834 eadem

2291 877 2552 948 potentia,
2580 893 2682 947 qua
2708 877 2776 932 de
2807 876 2978 930 nihilo
3000 887 3194 931 cuncta
3220 875 3512 929 fabricatus
3533 873 3868 938 est,rcddere

2291 988 2410 1038 qua:
2441 971 2654 1026 fuerunt
2683 989 2694 1024 :
2728 970 2854 1040 quia
2885 969 3060 1024 multo
3092 969 3270 1023 minus
3299 979 3383 1022 est
3426 968 3712 1022 restituere
3738 965 3868 1036 quod

2292 1065 2475 1128 fuerit,
2508 1079 2669 1131 quam
2699 1062 2876 1118 facere
2913 1061 3056 1132 quod
3091 1077 3196 1115 non
3229 1061 3348 1114 fuit.
3382 1060 3592 1114 Miraris
3621 1059 3664 1113 si
3705 1057 3768 1112 de
3799 1058 3874 1112 in-

2292 1157 2532 1212 fantibus
2573 1169 2626 1212 et
2657 1156 2884 1211 senibus
2917 1157 2967 1209 in
3017 1155 3238 1225 perfecti
3269 1154 3370 1209 viri
3400 1162 3612 1207 :etatem
3645 1166 3874 1207 resurre-

2290 1253 2400 1307 CIio
2430 1253 2540 1319 fiat,
2572 1267 2691 1306 cum
2717 1251 2785 1306 de
2815 1251 2942 1305 limo
2981 1261 3140 1305 terra:
3166 1249 3370 1318 absque
3403 1248 3524 1302 ullis
3549 1255 3761 1301 {elatum
3801 1245 3874 1298 in-

2293 1345 2614 1410 crementis,
2666 1350 3072 1397 eunsuinmatus
3123 1342 3284 1396 homo
3341 1341 3514 1396 factus
3567 1341 3674 1394 sit?
3727 1338 3874 1393 Costa

2297 1446 2538 1492 mutatur
2563 1438 2613 1490 in
2643 1437 2932 1498 feminam;
2967 1445 3021 1490 et
3064 1436 3226 1490 tertio
3270 1434 3521 1488 humana:
3561 1431 3875 1489 conditionis

2299 1532 2482 1594 modo,
2511 1531 2634 1585 vilia
2667 1541 2720 1586 et
2767 1531 3016 1600 pudenda
3052 1538 3254 1582 nostra}
3286 1529 3582 1582 nativitatis
3624 1526 3876 1580 elementa

2301 1633 2575 1680 mutantur
2609 1625 2661 1679 in
2689 1639 2884 1678 carnes
2913 1641 2924 1677 :
2957 1633 2980 1669 ες
3010 1624 3247 1693 ligantur
3273 1622 3555 1688 membris,
3587 1620 3880 1676 discurrunt

2300 1720 2350 1773 in
2383 1733 2571 1784 venas,
2621 1716 2674 1771 in
2707 1731 2828 1770 ossa
2876 1715 3162 1770 durantur.
3193 1715 3289 1770 Vis
3337 1723 3392 1767 et
3437 1721 3683 1783 quartum
3725 1723 3882 1781 genus

596 1806 742 1861 enim
776 1823 1034 1877 umquam
1080 1808 1316 1878 lapidem
1365 1814 1670 1877 coronavit,
1715 1814 1843 1882 quia
1876 1815 2027 1884 virgo
2077 1831 2201 1885 per-
2232 1811 2278 1868 B
2307 1812 2558 1867 humana:
2606 1808 2974 1878 generationis
3005 1807 3238 1862 audire?
3281 1806 3516 1873 Spiritus
3549 1805 3766 1859 Sanctus
3805 1817 3885 1854 su-

598 1904 897 1958 manserit?
923 1904 1260 1975 Angelorum
1305 1906 1462 1962 nobis
1505 1907 1804 1963 similitudo
1838 1911 2196 1978 promittitur,

605 1994 656 2048 id
685 2004 790 2062 est,
826 1997 1108 2052 beatitudo
1141 1999 1252 2063 illa,
1288 1999 1338 2053 in
1369 2016 1471 2070 qua
1499 2001 1618 2056 sine
1647 2017 1809 2056 carne
1833 2011 1886 2057 et
1909 2017 2042 2058 sexu
2077 2014 2203 2058 sunt

598 2089 818 2160 Angeli,
844 2091 999 2145 nobis
1027 2091 1080 2144 in
1113 2107 1280 2147 carne
1297 2102 1350 2148 et
1372 2108 1504 2147 sexu
1531 2103 1720 2150 nostro
1743 2095 2058 2149 donabitur.
2089 2096 2200 2151 Mea

603 2183 882 2238 rusticitas
914 2183 993 2239 sic
1026 2185 1222 2250 credit,
1255 2197 1310 2240 et
1339 2186 1418 2242 sie
1449 2187 1702 2257 intelligit
1732 2203 1922 2244 sexum
1953 2189 2204 2244 confiteri

599 2275 716 2330 sine
761 2291 989 2331 sexuum
1039 2278 1342 2348 operibus:
1376 2279 1625 2335 homines
1674 2296 1987 2350 resurgere.
2032 2289 2087 2336 et
2128 2282 2206 2336 sic

606 2382 702 2422 eos
731 2369 951 2440 Angelis
990 2370 1287 2443 adzequari.
1320 2371 1432 2429 Nec
1462 2376 1644 2428 statim
1692 2374 1969 2441 superflua
1999 2374 2207 2428 videbi~

607 2471 694 2516 tur
718 2464 1084 2518 metnbrornm
1109 2469 1462 2534 resurrectio,
1488 2485 1608 2540 quae
1629 2470 1864 2523 caritura
1887 2468 1998 2523 sint
2021 2467 2208 2522 officio

608 2569 740 2620 suo;
771 2570 892 2610 cum
933 2556 1108 2612 adhuc
1141 2559 1193 2612 in
1245 2560 1344 2614 hac
1385 2565 1492 2613 vita
1537 2561 1723 2629 positi,
1769 2561 2012 2614 nitamur
2040 2575 2208 2630 opera

611 2661 718 2701 nou
750 2647 977 2717 implere
1009 2649 1406 2705 membrorum.
1436 2649 1753 2708 Similitudo
1782 2662 1964 2706 autem
1993 2653 2059 2705 ad
2103 2655 2213 2704 An-

612 2740 786 2808 gelos,
820 2757 925 2793 non
957 2741 1236 2795 hominum
1272 2742 1322 2796 in
1353 2742 1590 2811 Angelos
1613 2744 1937 2810 demutatio,
1963 2743 2055 2798 sed
2091 2759 2215 2813 pro-

614 2830 791 2883 fectus
821 2832 1250 2886 immortalitatis
1277 2843 1332 2889 et
1359 2834 1547 2901 gloria:
1570 2845 1676 2888 est.

688 2920 779 2974 5'2.
814 2919 997 2976 Enoch
1025 2933 1070 2976 et
1099 2923 1246 2976 Elius
1272 2925 1478 2978 iterum.
1504 2957 1573 2965 —
1599 2926 1931 2996 Argumenta
1963 2944 2092 2982 vero
2125 2927 2212 2980 illa

618 3029 912 3086 puerorum
942 3025 995 3070 et
1035 3017 1414 3086 infantium,et
1441 3034 1654 3087 sonum,
1679 3029 1733 3075 et
1753 3021 2024 3087 ciborum,
2054 3021 2217 3094 ΜΟ

617 3113 672 3158 et
703 3112 1025 3172 stercornm,
1052 3108 1250 3178 quibus
1271 3110 1559 3165 adversum
1591 3113 1861 3166 Ecelesias
1887 3118 2080 3180 uteris,
2108 3131 2214 3168 non

2310 1903 2563 1971 perveniet
2614 1905 2666 1954 t'n
2716 1910 2792 1967 te,
2824 1910 2871 1954 et
2915 1901 3074 1954 virtus
3123 1898 3376 1952 Altissimi
3419 1895 3730 1950 obumbrabit
3781 1891 3883 1945 tibi.

2311 1997 2594 2069 Propterea
2622 1993 2759 2066 quod
2789 2001 3024 2046 nascetur
3053 2009 3116 2045 e1:
3143 2002 3189 2045 te
3213 2001 3468 2055 sanctum,
3506 1988 3767 2042 vocabitur
3797 1982 3885 2036 Fi-

2309 2088 2410 2143 lius
2440 2087 2539 2143 Dei
2568 2087 2722 2156 (Luc.
2753 2103 2791 2152 I,
2817 2084 2930 2158 55).
2963 2085 3133 2140 Aliter
3163 2085 3354 2149 Adam,
3391 2083 3554 2136 aliter
3583 2080 3713 2144 Eva,
3744 2077 3888 2131 aliter

2313 2183 2465 2246 Abel,
2511 2182 2670 2236 aliter
2721 2181 2884 2234 homo
2925 2179 3087 2234 Jcsus
3133 2178 3402 2233 Christus.
3454 2177 3527 2231 Et
3555 2177 3607 2230 in
3657 2171 3888 2227 omnibus

2311 2275 2548 2331 diversis
2579 2273 2842 2339 exordiis,
2874 2287 2979 2326 una
3012 2272 3248 2327 hominis
3278 2281 3468 2326 natura
3499 2287 3610 2325 non
3637 2269 3825 2324 differt.

2383 2368 2472 2424 55.
2504 2367 2820 2421 Testimonia
2849 2381 2964 2434 quae
2989 2365 3208 2435 probant
3238 2381 3409 2418 verum
3451 2363 3885 2417 resurrectionem.

2319 2459 2724 2514 Resurrectionis
2751 2453 3060 2512 vocabulum
3081 2457 3205 2526 quid
3231 2457 3513 2529 signiﬁcet.
3539 2485 3613 2496 —
3642 2455 3888 2509 Resurre-

2314 2553 2546 2608 ctionem
2594 2552 2792 2616 carnis,
2845 2551 3199 2618 omniumque
3238 2549 3400 2622 441
3453 2548 3810 2604 membrorum
3851 2542 3890 2596 si

2315 2646 2472 2701 velim
2521 2647 2793 2716 probare,
2847 2653 2901 2696 et
2942 2643 3008 2696 ad
3050 2642 3259 2710 singula
3310 2641 3625 2696 testimonia
3657 2637 3893 2708 explana-

2317 2739 2493 2794 tiones
2523 2739 2845 2808 adjungere,
2882 2736 3066 2791 multis
3111 2735 3263 2788 libris
3307 2748 3445 2804 opus
3475 2733 3622 2788 erit:
3651 2731 3740 2786 sed
3773 2743 3892 2800 prte-

2317 2847 2446 2887 sens
2476 2847 2636 2887 causa
2668 2831 2770 2884 hoc
2815 2845 2920 2884 non
2967 2826 3264 2883 desiderat.
3310 2826 3577 2896 Proposui
3606 2824 3766 2887 enim,
3798 2835 3890 2874 non

2317 2926 2536 2996 Origeni
2591 2927 2641 2981 in
2698 2925 2950 2980 omnibus
3007 2921 3362 2992 respondere,
3412 2920 3507 2975 sed
3560 2917 3893 2973 fraudulentae

2319 3018 2707 3073 satisfactionis
2740 3016 2952 3086 aperire
2984 3013 3262 3086 mysteria.
3291 3013 3547 3067 Attamen
3575 3011 3692 3081 quia
3719 3011 3895 3076 longus

2323 3111 2398 3166 fui
2431 3114 2480 3166 in
2510 3112 2812 3166 assertione
2839 3111 3211 3174 contraria,et
3235 3123 3429 3163 verror
3449 3123 3516 3161 ne
3541 3108 3667 3162 dum
3700 3101 3894 3159 fraudes

618 3207 744 3250 sunt
769 3207 856 3250 tua
883 3214 896 3248 :
925 3197 993 3252 de
1015 3198 1309 3254 Gentilium
1337 3199 1486 3256 fonte
1509 3213 1816 3259 manarunt.
1848 3204 2044 3259 Eadem
2069 3205 2214 3261 enim
2243 3197 2288 3260 C
2324 3198 2558 3268 pandere
2587 3198 2804 3261 Studeo.
2834 3197 3150 3252 scandalum
3177 3194 3362 3249 10010Γὶ
3397 3193 3733 3263 reliquerim.
3763 3202 3896 3244 ἔλθετ’

619 3299 909 3358 apponunt
947 3292 1101 3346 nobis
1148 3293 1382 3349 Ethnici.
1438 3294 1539 3363 Qui
1589 3296 1951 3352 Christianum
1998 3314 2120 3356 esse
2167 3309 2218 3354 te

620 3381 777 3445 dicis,
813 3380 1114 3439 Gentilium
1161 3402 1313 3441 arma
1359 3387 1591 3457 depone.
1637 3390 1853 3446 Discant
1881 3392 1955 3445 illi
1989 3395 2159 3464 magis
2188 3410 2216 3448 a

623 3485 676 3530 te
707 3479 1168 3534 resnrremionem
1201 3481 1384 3534 carnis
1415 3482 1686 3549 Confiteri,
1728 3500 1888 3554 quam
1927 3496 1981 3540 tu
2014 3488 2082 3540 ah
2115 3489 2219 3542 illis

627 3582 842 3637 negare.
881 3573 989 3623 Ant
1013 3571 1056 3624 si
1088 3579 1144 3625 et
1173 3581 1227 3625 tu
1252 3573 1320 3627 de
1353 3572 1588 3628 hostium
1623 3591 1849 3631 nurnero
1881 3593 1960 3642 es,
1993 3579 2220 3634 ostende

627 3667 679 3714 te
707 3660 877 3716 libere
901 3663 1302 3725 adversarium.
1339 3676 1398 3719 ut
1430 3665 1782 3722 Ethnicorum
1812 3671 2077 3740 suscipias
2107 3674 2223 3726 vul-

624 3769 779 3809 nera.
815 3756 968 3810 Dono
1003 3757 1094 3812 tibi
1124 3759 1422 3814 nutriculas
1448 3770 1585 3829 tuas,
1613 3777 1681 3816 ne
1710 3768 1926 3834 vagiant
1956 3765 2218 3830 infantes;

625 3848 772 3904 dono
815 3851 1126 3922 decrepitos
1162 3869 1346 3922 senes,
1379 3871 1447 3911 ne
1476 3855 1720 3927 hyherno
1762 3857 1966 3929 frigore
2006 3871 2222 3915 contra-

627 3940 846 3996 hantur.
885 3943 1105 3999 Frustra
1147 3945 1313 4001 etiam
1343 3959 1592 4004 tonsores
1633 3950 1860 4005 artificia
1895 3952 2221 4019 didicerunt,

621 4035 860 4091 scientes
899 4037 1256 4094 lsraeliticum
1299 4041 1556 4111 populum
1603 4059 1698 4112 per
1738 4043 2096 4114 quadraginta
2130 4061 2225 4099 an-

623 4142 748 4193 nos,
791 4127 818 4166 ι’
866 4145 966 4184 nec
1019 4132 1298 4201 unguium,
1353 4148 1453 4187 nec
1503 4135 1824 4202 capillorum
1885 4135 2224 4191 incrementa

623 4221 903 4278 sensisse:
947 4232 1004 4278 et
1034 4225 1178 4294 quod
1231 4223 1317 4280 his
1365 4225 1539 4296 majus
1577 4237 1682 4294 est,
1718 4244 1824 4282 non
1868 4238 1990 4283 sunt
2041 4231 2224 4284 attrita

622 4314 948 4370 vestimenta
981 4331 1208 4382 eorum;
1239 4333 1339 4372 nec
1379 4318 1826 4376 inveteraverunt
1860 4321 2226 4378 calceamenta

622 4422 834 4462 eorum.
864 4408 1050 4465 Enoch
1093 4421 1145 4464 et
1179 4410 1348 4478 Elias,
1391 4412 1458 4466 de
1503 4412 1700 4481 quibus
1729 4411 1932 4467 dudum
1967 4412 2223 4477 diximus,

626 4507 776 4552 tanto
807 4509 1050 4570 tempore
1083 4503 1133 4557 in
1166 4507 1356 4560 eadem
1391 4514 1712 4576 permanent
1741 4515 1922 4569 aetate,
1952 4520 2060 4576 qua
2087 4508 2226 4575 rapti

2323 3291 2489 3345 vatim
2516 3291 2821 3345 testimonia
2857 3304 3074 3360 penam.
3110 3287 3422 3357 cursimque
3456 3287 3825 3355 perstringam.
3847 3286 3896 3332 ut

2323 3396 2438 3441 toto
2476 3397 2662 3441 contra
2704 3394 3023 3440 venenatam
3052 3383 3580 3455 argumentationem
3615 3381 3897 3451 Scriptura—

2325 3495 2442 3533 rum
2481 3478 2722 3548 potulere
2769 3476 3111 3532 dimicemus.
3174 3475 3275 3543 Qui
3331 3483 3538 3529 vestem
3595 3488 3698 3528 non
3753 3470 3895 3523 habet

2326 3571 2656 3640 nuptialem,
2695 3584 2796 3624 nec
2839 3569 3077 3622 servavit
3124 3566 3255 3620 illud
3288 3565 3604 3620 Inundalum
3639 3583 3650 3618 :
3689 3558 3896 3617 Candida

2325 3666 2425 3718 sint
2458 3667 2756 3718 vestimenta
2785 3674 2872 3717 tua
2903 3679 3101 3734 semper
3130 3660 3348 3730 (Matth.
3387 3675 3482 3723 sit,
3530 3661 3647 3730 1⁸5),
3673 3653 3898 3712 manibus

2327 3756 2658 3826 pedibusque
2688 3755 3098 3825 constringitur,
3140 3770 3208 3809 ne
3246 3755 3532 3807 recumbat
3569 3753 3621 3806 in
3651 3747 3896 3804 convivio,

2327 3849 2517 3904 sedeat
2540 3851 2592 3902 in
2619 3850 2778 3911 solio,
2806 3858 2911 3903 stet
2942 3847 3006 3901 ad
3034 3847 3285 3902 dextram
3323 3845 3448 3910 Dei;
3482 3845 3712 3899 mittitur
3743 3841 3790 3894 in
3819 3851 3900 3906 ge-

2329 3942 2586 4002 hennam,
2623 3940 2709 3992 ubi
2743 3939 2900 3994 fletus
2929 3938 3232 4002 oculorum,
3265 3946 3319 3992 et
3347 3937 3554 3991 Stridor
3575 3935 3808 3990 dentium
3834 3935 3903 3981 cst

2329 4035 2537 4104 (Matth
2615 4039 2772 4103 ΠΗ).
2825 4033 3016 4104 Capilli
3071 4033 3253 4104 capitis
3303 4032 3456 4085 vestri
3507 4026 3757 4083 numerati
3799 4028 3903 4076 sunt

2328 4129 2480 4196 (Luc.
2517 4145 2616 4193 xu,
2654 4130 2729 4197 7).
2765 4129 2818 4182 Si
2860 4129 3065 4196 capilli,
3115 4140 3246 4197 puro
3297 4125 3504 4181 facilius
3551 4125 3758 4180 dentes.
3791 4119 3907 4172 Fruo

2328 4233 2438 4276 stra
2479 4232 2658 4275 autem
2707 4222 3000 4285 numerati,
3049 4221 3094 4273 si
3135 4219 3431 4289 aliquando
3463 4216 3706 4288 perituri.
3750 4209 3912 4264 Ven-‘6‘!

2329 4317 2478 4377 hora,
2511 4316 2564 4368 in
2607 4332 2707 4383 qua
2748 4330 2923 4368 omnes
2963 4315 3050 4382 qui
3080 4313 3132 4366 in
3163 4313 3505 4366 monumentis
3545 4319 3679 4371 sunt,
3711 4304 3913 4358 audient

2334 4424 2498 4462 rocem
2543 4405 2670 4460 Filii
2699 4405 2816 4472 Dei,
2845 4415 2893 4460 et
2919 4406 3205 4476 precedent
3229 4404 3450 4476 (Joauu.
3476 4422 3528 4472 v,
3553 4403 3663 4473 25).
3693 4396 3912 4454 Audicnt

2330 4502 2592 4568 antibus,
2643 4499 2937 4570 proccdent
2983 4497 3232 4568 pedibus.
3283 4496 3396 4551 Hoc
3427 4505 3481 4552 et
3529 4495 3760 4551 Lazarus
3799 4495 3911 4540 ante

624 4600 791 4644 sunt.
839 4593 1047 4650 llabent
1090 4598 1305 4663 dentes,
1351 4609 1618 4666 ventrem,
1648 4600 1930 4668 genitalia,
1978 4609 2034 4654 et
2072 4609 2252 4656 tamen
2282 4600 2467 4676 Diam
2511 4601 2737 4656 fecerat.
2791 4599 3097 4656 Procedent
3139 4608 3318 4654 autem
3353 4597 3422 4652 de
3465 4589 3839 4649 monumentis,
3882 4580 3926 4634 id

627 4679 728 4738 nec
769 4683 930 4750 cibis,
966 4697 986 4724 ε
1019 4704 1117 4743 nec
1149 4690 1412 4744 uxoribus
1444 4691 1708 4762 indigent.
1740 4690 1880 4758 Quid
1929 4692 2231 4762 potentiam
2346 4704 2453 4760 est,
2482 4691 2508 4729 ιι
2543 4695 2631 4763 qui
2683 4693 3051 4748 monumentis
3093 4693 3229 4746 illati
3284 4693 3517 4751 fuerant,
3554 4685 3767 4742 venient
3797 4682 3926 4734 inor-

2354 4808 2508 4877 tiqui.
2542 4808 2678 4862 Vide
2708 4823 2894 4875 supra,
2925 4823 3045 4876 qum
3073 4806 3215 4859 dicta
3245 4812 3372 4858 sunt
3401 4802 3467 4856 de
3497 4801 3688 4856 eodem
3717 4802 3928 4848 sennna-

2351 4879 2437 4933 rio
2465 4879 2735 4949 Origcnis.
2767 4880 3036 4932 Maurus.
3077 4947 3087 4949 Α
3115 4948 3118 4949 ν
3407 4946 3417 4949 _
3629 4941 3640 4949 ,
3837 4935 3846 4945 .

2429 4962 2452 4987 ε’
2498 4941 2655 5003 Εινάε
2687 4967 2851 5019 aqua,
2906 4959 3013 5003 etc.
3071 4947 3214 5002 Idem
3263 4946 3507 5019 Cluniae.
3541 4941 3926 5019 cotlcsvariatllt

2353 5024 2556 5076 retinet
2587 5003 2894 5090 ltttjttstntidi
2928 5021 3219 5090 lectionem
3249 5037 3258 5069 :
3293 5016 3356 5069 I'Jt
3390 5018 3453 5090 de
3483 5031 3637 5081 aqua,
3681 5011 3734 5064 itl
3771 5003 3932 5090 unde

2355 5094 2547 5146 vilitate
2573 5081 2836 5156 carnium,
2871 5093 3095 5160 pretiosa
3117 5089 3338 5144 aether-eu
3361 5089 3477 5160 vina
3505 5095 3758 5160 mutare:
3789 5081 3931 5160 potest

2353 5166 2526 5235 utique
2566 5166 2746 5218 eadem
2787 5153 3039 5235 sapientia
3058 5205 3072 5229 ,
3103 5180 3204 5232 qua
3233 5162 3296 5213 de
3324 5157 3507 5235 nihilo,
3534 5169 3640 5235 etc.
3677 5153 3927 5235 Maenas:

2418 5228 2570 5289 τ’Μς.
2628 5236 2684 5291 S.
2739 5228 2926 5290 Crueis
2978 5228 3204 5306 pretiosa
3252 5231 3457 5285 (rt/terei
3512 5228 3650 5290 riuu,
3681 5235 3808 5282 etc.;
3840 5228 3932 5272 non

2341 5305 2672 5376 displiceret
2703 5305 2930 5360 wtheris.
2980 5305 2984 5306 ν
3282 5374 3290 5376 _
3342 5373 3352 5376 _
3466 5371 3495 5376 η
3735 5375 3740 5376 γ
3784 5365 3794 5375 ,

2423 5371 2446 5423 εξ
2479 5378 2626 5434 Idem
2656 5393 2759 5433 ms.
2793 5378 3025 5449 ligantur
3049 5376 3101 5427 in
3138 5373 3412 5449 membris,
3442 5371 3742 5449 discurrunt
3781 5371 3826 5443 in
3858 5371 3933 5449 Ix:

2344 5451 2461 5516 uis;
2491 5458 2546 5504 ct
2584 5466 2707 5503 mox
2741 5427 2899 5518 genus
2949 5449 3189 5500 humana:
3218 5443 3551 5518 conditionis.
3605 5437 3771 5493 Paulo
3813 5427 3936 5484 infra

2344 5532 2392 5576 et
2419 5516 2760 5575 nihilominus
2791 5519 3006 5572 diversis
3029 5516 3278 5590 exordiis,
3310 5522 3418 5570 etc.
3689 5580 3717 5590 Α.

2424 5591 2447 5630 ιι
2478 5591 2680 5648 lterum
2713 5591 2854 5644 idem
2886 5604 2988 5642 ms.
3022 5590 3110 5659 qui
3141 5589 3193 5641 in
3225 5575 3717 5659 ntanumenta__ill_nti
3743 5575 3932 5659 [uerunt

2350 5665 2518 5718 virent
2572 5664 2794 5727 mortui,
2827 5671 2937 5716 etc.
2975 5653 3144 5714 Paulo
3173 5666 3292 5726 posl
3327 5653 3711 5727 νι-οωειιίιίρερ
3743 5653 3791 5727 il!
3840 5657 3926 5727 "'_s_‘

2343 5736 2572 5823 aliisque
2602 5717 2800 5803 passim
2825 5717 3258 5786 editionihusbst
3278 5717 3524 5793 m'edulla,‘
3553 5717 3649 5780 sed
3675 5723 3724 5776 in
3753 5717 3927 5773 Grtt‘OO

2339 5817 2449 5872 est,
2476 5808 2624 5872 ἴαμα.

698 4808 727 4878 ἦ
762 4801 954 4878 _Codcx
985 4804 1040 4861 S.
1070 4805 1282 4878 Crucis,
1316 4807 1440 4877 quid
1470 4807 1608 4860 enim
1629 4806 1771 4878 juvit
1797 4822 1911 4859 eum
1942 4808 2110 4878 gloria
2151 4825 2246 4877 pu-

624 4874 843 4937 dicitiw,
879 4878 968 4940 qui
999 4893 1103 4931 non
1134 4874 1346 4944 habuit,
1378 4889 1484 4934 etc.

697 4955 724 4994 ιι
757 4947 833 5003 Ex
867 4948 1219 5004 Hzebfeornm
1269 4951 1526 5018 opinione
1567 4950 1788 5014 dixerit,
1821 4950 2023 5016 quibus
2067 4965 2240 5017 exag-

627 5032 822 5091 gerare
852 5021 1094 5090 prodigia
1127 5021 1373 5075 solemne
1405 5033 1511 5076 est.
1560 5022 1781 5091 Ungues
1810 5031 1867 5076 et
1907 5038 2092 5075 comas
2144 5037 2242 5090 per

625 5089 989 5209 quidraginta
1015 5089 1191 5144 annos
1215 5107 1320 5144 non
1346 5089 1752 5148 succrescentcs
1773 5093 1971 5162 passim
1999 5092 2073 5147 illi
2101 5089 2239 5162 prae-

632 5176 648 5209 t
672 5171 842 5209 team-

632 5171 842 5215 meant.

707 5242 727 5264 ο
762 5231 895 5286 Cod.
927 5233 985 5287 S.
1021 5232 1210 5286 Crucis
1240 5249 1332 5286 nec
1362 5232 1610 5287 uxoribus
1640 5246 1877 5290 utuntur.
1929 5237 2045 5290 Mox
2077 5244 2233 5291 vetus

631 5301 764 5356 edit.
801 5319 896 5372 pro
927 5304 1119 5378 Graeco
1153 5306 1321 5378 verbo
1349 5305 1631 5378 ἐντεριώνη,
1661 5308 1895 5362 interiori
1936 5308 2095 5362 habet
2129 5324 2230 5360 ms.

634 5383 840 5441 uoster,
871 5375 1332 5447 quemadmodum
1363 5385 1414 5447 et
1447 5375 1633 5446 Supra,
1675 5378 1923 5431 enteriant
1965 5378 2092 5445 legit
2130 5380 2237 5432 fer-

629 5461 715 5501 me
763 5463 888 5502 cum
953 5450 1206 5509 Erasmo,
1255 5458 1307 5500 et

635 5521 1045 5576 annotationem
1087 5523 1138 5573 in
1171 5520 1339 5575 calec.

708 5587 732 5624 ά
788 5591 990 5669 Vestro,
1025 5596 1322 5669 iv7ipténm._
1349 5593 1736 5669 Codicesnmss.
1773 5589 1957 5669 legunt
1986 5589 2071 5669 It-ic
2102 5599 2240 5669 ente-

639 5659 774 5728 rinn,
811 5665 891 5717 vel
925 5659 1198 5723 enterim’e,
1242 5664 1324 5717 vel
1358 5663 1542 5716 entria.
1572 5660 1964 5722 Cluniacensis,
1994 5659 2058 5714 de
2087 5663 2240 5714 senti-

640 5731 976 5806 nariqtvestro
1004 5745 1050 5785 et
1082 5735 1291 5787 interia.
1340 5731 1542 5806 vocem
1567 5729 1834 5806 Δ(Ξι-εικῑμιιι
1855 5771 1866 5790 ,
1907 5746 2078 5806 quam
2125 5747 2230 5805 non

645 5795 1029 5867 illlt‘uigehant,
1064 5810 1342 5856 mutarunt
1381 5805 1430 5857 in
1463 5801 1707 5856 Latinium
1742 5795 2109 5866 exscriptores
2137 5795 2231 5855 an}

1369 5446 1628 5503 Victorii).
1677 5449 1874 5502 Recole
1930 5448 2232 5504 Martianati
