4054 6362
129 351 224 408 533

951 348 1154 406 LIBER
1196 339 1466 401 comm
1513 336 1833 396 .IOANNEM
1878 335 2601 424 tlltiROSOLYMlTANUM.

3319 353 3424 412 586

133 468 224 531 tui,
259 476 311 520 ct
345 473 634 536 resurgent
667 465 731 520 de
763 464 1030 535 sepulcris
1076 463 1211 518 suis.
1259 462 1364 517 Ros
1397 463 1533 514 enim
1569 461 1655 528 qui
1687 475 1717 510 α
1748 455 1794 510 Λ
1826 458 1876 508 in
1924 454 2276 510 tribulatione.
2326 457 2521 514 Paucis
2578 458 2761 515 verbis
2795 467 2963 515 totum
3012 467 3429 524 resurrectionis

131 560 235 614 Deo
290 570 383 623 cst,
438 559 698 613 medicina
745 569 818 613 cst
873 557 1069 611 ossibus
1120 558 1376 626 ipsorum.
1421 553 1574 606 Tunc
1624 552 1724 603 itu-

129 651 366 723 plebitur
417 653 561 720 quod
608 652 868 706 Dominus
908 651 1152 720 loquitur
1199 662 1294 718 per
1345 646 1670 714 Prophetam
1710 661 1721 694 :

129 742 361 815 Populus
392 759 555 810 meus,
587 744 725 798 intra
753 743 806 797 in
833 741 1050 796 cellaria
1081 751 1173 796 tua
1203 738 1608 811 aliquantulum,
1632 736 1726 788 do—

130 851 220 890 nec
247 837 329 889 ira
349 851 463 890 mea
491 845 718 890 transeat
745 834 850 902 (Is.
883 851 1044 901 xxvr,
1067 833 1163 900 20,
1192 849 1292 886 sec.
1322 830 1516 900 LXX).
1545 828 1724 884 Cella-

131 931 208 985 ria
235 931 489 1001 sepulcra
533 930 861 1000 significant,
897 931 964 984 de
992 928 1190 1000 quibus
1232 926 1335 980 hoc
1364 924 1553 994 utique
1599 937 1725 992 pro-

129 1022 322 1087 fertur,
345 1021 491 1092 quod
516 1022 789 1076 conditum
810 1021 1006 1076 fuerat.
1037 1021 1103 1074 Et
1127 1018 1351 1075 exibunt
1374 1017 1440 1071 de
1466 1016 1729 1086 sepulcris

131 1117 264 1181 suis,
297 1116 464 1171 veluti
499 1115 713 1170 hinnuli
743 1115 812 1170 de
843 1113 1075 1169 vinculis
1113 1111 1295 1167 soluti.
1338 1109 1605 1166 Gaudebit
1635 1123 1729 1163 cor

130 1222 342 1272 coium,
357 1215 415 1261 et
437 1220 558 1260 ossa
578 1220 766 1261 eorum
789 1206 930 1260 sicut
955 1204 1037 1260 sol
1060 1203 1305 1258 orientur
1322 1219 1334 1254 :
1353 1202 1533 1257 veniet
1549 1199 1728 1255 omnis

129 1317 254 1356 caro
270 1301 322 1355 in
340 1311 639 1371 conspecm
655 1299 890 1366 Domini,
906 1311 956 1355 et
975 1297 1250 1354 mandabit
1277 1297 1513 1367 piscibus
1538 1296 1725 1360 maris,

127 1404 182 1450 et
203 1395 530 1449 eruclabunt
561 1409 683 1449 ossa
702 1391 1205 1463 quazcomederant,
1236 1398 1290 1446 et
1321 1389 1480 1444 faciet
1501 1403 1724 1457 compa.

124 1505 248 1560 gem
274 1490 339 1544 ad
360 1506 696 1561 compagem,
723 1499 777 1545 et
794 1504 854 1544 os
880 1489 948 1544 ad
967 1504 1027 1543 os
1046 1507 1058 1541 :
1075 1498 1130 1542 et
1149 1487 1239 1558 qui
1261 1488 1310 1540 in
1330 1495 1488 1540 terra:
1503 1483 1729 1555 pulvere

124 1585 496 1649 dormierunt,
532 1595 854 1654 resurgcnt:
888 1582 979 1636 alii
1029 1584 1078 1636 in
1125 1581 1288 1634 vitam
1321 1591 1604 1645 :L-tcrnam,
1634 1573 1729 1629 alii

120 1677 179 1730 in
215 1677 572 1745 opprobrium
605 1685 659 1730 et
694 1674 1070 1730 confusionem
1107 1684 1368 1728 arternam
1417 1670 1582 1741 (Dan.
1629 1683 1725 1733 xu,

119 1768 205 1837 Ξ).
237 1767 387 1822 Tunc
415 1767 683 1822 videbunt
715 1767 848 1837 justi
882 1769 1174 1836 impiorum
1206 1779 1393 1834 punias
1423 1774 1584 1833 atque
1605 1775 1728 1814 cru-

117 1863 303 1917 ciatus
346 1880 358 1914 :

116 1955 268 2027 ignis
293 1973 482 2011 eorum
515 1973 622 2010 non
653 1955 1050 2026 esstinguetur,
1083 1965 1136 2009 et
1168 1963 1320 2008 erunt
1350 1954 1401 2006 in
1435 1959 1728 2021 conspectu

111 2049 307 2104 OlllttiS
336 2049 519 2103 carnis
545 2047 647 2120 (Is.
666 2063 815 2110 uvr,
838 2046 1248 2117 24).Quotquot
1276 2045 1436 2116 igitur
1461 2043 1731 2098 habemus

108 2142 266 2197 hanc
297 2157 474 2211 spem,
507 2142 649 2194 sicut
689 2140 1035 2194 exhibuimus
1064 2138 1306 2192 membra
1340 2145 1525 2191 nostra
1556 2134 1732 2189 fatuu-

108 2237 297 2291 lantia
325 2232 1066 2302 immunditiaz,etiniquitati
1096 2231 1162 2286 ad
1189 2229 1731 2304 iniqrnitatenhﬂz

102 2331 188 2385 ita
225 2328 600 2382 exhibeamus
630 2341 692 2382 ea
724 2325 1038 2380 famulantia
1066 2325 1298 2396 justitia:
1324 2324 1390 2380 ad
1420 2326 1729 2380 sanctifica-

105 2425 334 2478 tionem
366 2438 380 2472 :
417 2430 473 2474 ut
506 2426 863 2489 resurgentes
889 2434 953 2473 ex
980 2419 1230 2484 mortuis,
1261 2419 1315 2472 in
1342 2421 1578 2473 novitate
1609 2420 1731 2472 vitae

103 2515 467 2572 ambulemus
491 2513 671 2584 (Rom.
699 2530 772 2577 vt,
810 2513 924 2584 19).
971 2512 1258 2580 Quomodo
1290 2522 1346 2567 et
1379 2513 1484 2567 vita
1514 2513 1730 2568 Domini

102 2611 242 2666 Jesu
292 2606 674 2662 manifestatur
695 2607 748 2661 in
777 2618 963 2660 nostro
993 2606 1209 2660 mortali
1242 2620 1476 2675 corpore
1506 2623 1519 2660 :
1559 2617 1610 2660 et
1641 2607 1730 2676 qui

104 2701 412 2758 suscitavit
437 2699 622 2755 Jesum
672 2698 948 2754 Christum
987 2715 1013 2751 a
1055 2699 1305 2762 mortuis,
1354 2698 1650 2754 vividosbit
1678 2709 1730 2753 et

102 2795 377 2852 mortalia
403 2808 636 2863 corpora
666 2802 876 2858 nostra,
902 2799 1128 2862 propter
1150 2790 1539 2845 inhabitantem
1569 2790 1727 2860 spiri-

105 2901 224 2946 tum
263 2890 395 2960 ejus
424 2889 474 2942 itt
505 2887 661 2942 nobis
695 2885 783 2960 (ll.
817 2885 936 2940 Cor.
969 2902 1042 2952 tv,
1079 2884 1189 2956 14).
1215 2884 1426 2940 Justum
1452 2885 1595 2939 enim
1621 2893 1725 2952 est,

103 2995 163 3040 ut
200 2985 315 3056 qui
364 2998 580 3051 semper
628 2981 1102 3036 mortificationem
1149 2979 1354 3036 Christi
1403 2983 1456 3034 in
1501 2995 1730 3051 corpore

102 3089 322 3133 nostro
351 3073 804 3140 circumtulimus,
837 3073 944 3127 vita
973 3088 1189 3143 quoque
1233 3072 1361 3127 Jesu
1412 3072 1728 3128 manifeste-

98 3183 192 3228 tur
225 3173 282 3227 in
331 3183 563 3238 corpore
592 3177 780 3222 nostro
811 3168 1052 3234 mortali,
1089 3168 1138 3222 id
1173 3175 1275 3230 est,
1307 3168 1359 3221 in
1393 3183 1554 3223 carne
1585 3183 1731 3222 mor-

1832 551 2144 621 tnyslerium
2172 551 2534 620 demonstrat,
2568 553 2618 608 id
2647 562 2750 619 est,
2785 565 2836 610 et
2860 555 3141 611 veritatem
3170 559 3351 612 carnis
3382 569 3437 613 et

1831 653 2179 713 augmentum
2209 644 2420 715 gloriae.
2456 645 2520 699 Et
2553 655 2636 701 est
2674 662 2899 702 sensus:
2930 649 3060 716 Quis
3089 659 3173 704 est
3211 649 3314 705 iste
3346 653 3436 720 qui

1831 736 2164 792 ascenditde
2188 746 2355 804 lerra,
2390 738 2635 793 ascendit
2668 738 2737 794 de
2765 740 3236 814 sanguine?(Gen.
3279 759 3433 811 xux,

1835 831 1944 885 lsa.
1965 829 2139 900 Lstn).
2165 829 2333 900 Cujus
2362 831 2684 886 vestimenta
2703 832 2855 903 juxta
2879 834 3215 904 prephctiam
3241 835 3436 903 Jacob,

1831 928 1920 996 qui
1937 927 2176 998 alligavit
2195 929 2399 999 pullum
2420 944 2576 984 suum
2601 929 2665 984 ad
2682 931 2868 998 vitem,
2892 940 2947 986 ct
2966 932 3199 988 torcular
3211 933 3442 989 calcavit

1832 1022 2004 1089 solus,
2038 1032 2218 1077 musto
2236 1023 2486 1079 rubentia
2522 1033 2649 1078 sunt
2677 1023 2745 1080 de
2767 1025 2959 1094 Bosor,
2977 1026 3026 1081 id
3044 1037 3148 1092 est,
3168 1027 3236 1083 de
3249 1044 3438 1096 carne,

1832 1117 1947 1172 sive
1977 1119 2323 1174 tribulatione
2349 1119 2538 1174 mundi
2562 1119 2746 1189 (Jonn.
2772 1124 2918 1193 xvi):
2954 1124 3068 1197 ipse
3121 1125 3265 1179 enim
3313 1125 3444 1180 vicit

1835 1210 2114 1265 nntndum.
2155 1211 2387 1282 ideoque
2428 1213 2588 1268 rubra
2623 1223 2678 1269 et
2722 1213 2928 1286 fulgida
2961 1226 3088 1271 sunt
3119 1220 3444 1274 vestimenta

1833 1304 1970 1374 ejus;
1987 1306 2112 1375 quia
2125 1307 2404 1376 speciosus
2425 1317 2506 1363 est
2521 1307 2692 1362 forma
2707 1324 2817 1379 pra:
2832 1309 2956 1365 filiis
2972 1309 3251 1365 hominum
3271 1309 3442 1382 (Psal.

1834 1402 2319 1471 xuv):etpropter
2347 1403 2572 1470 gloriam
2609 1402 2993 1473 triumphantis
3024 1405 3075 1458 in
3106 1405 3300 1458 stolam
3325 1419 3447 1459 cau-

1833 1492 2012 1546 didam
2032 1505 2362 1548 commutata
2387 1505 2547 1560 sunt;
2581 1505 2634 1550 ct
2658 1504 2786 1552 tunc
2809 1511 2937 1552 vere
2958 1495 3121 1568 M3
3144 1496 3212 1553 de
3237 1497 3444 1552 Christi

1834 1597 1997 1638 carne
2009 1587 2340 1654 completum
2357 1597 2438 1640 est
2460 1604 2472 1640 :
2498 1586 2626 1654 Qua:
2647 1597 2720 1641 est
2737 1589 2838 1641 ista
2853 1603 2969 1656 qua?
2989 1589 3220 1642 ascendit
3233 1589 3446 1643 dealba-

1834 1687 1906 1744 ta,
1931 1679 2153 1733 innitens
2182 1697 2341 1748 super
2385 1682 2882 1751 fratruelemstmtn?
2900 1682 2970 1736 Et
2997 1683 3137 1753 quod
3166 1683 3218 1737 in
3246 1682 3442 1739 eodem

1834 1769 1970 1825 libro
1997 1771 2285 1827 scribitur:
2307 1770 2601 1827 Fratruelis
2619 1790 2760 1828 meus
2795 1773 3113 1829 rubicundus
3129 1777 3444 1832 etcandidus

409 1862 661 1931 quoniam
709 1863 914 1916 vermis
945 1875 1134 1916 eorum
1184 1874 1291 1913 non
1342 1858 1629 1922 morietur,
1674 1862 1728 1908 ct
1756 1845 1804 1906 Β
1833 1861 3325 1938 (Cant.vnt,5;v,10).Huncimitantur,quivestimenta
3347 1887 3444 1929 sua

1835 1972 1940 2010 non
1965 1958 2457 2027 coinquinaveruut
2484 1974 2604 2013 cum
2629 1958 2950 2013 mulieribus
2972 1961 3161 2032 (Apoc.
3191 1961 3273 2034 tn)
3296 1979 3310 2028 ;
3343 1964 3446 2018 vir-

1832 2048 1985 2117 gines
2009 2051 2152 2103 enim
2183 2060 2599 2119 permanserunt
2623 2052 2712 2121 qui
2737 2066 2797 2107 se
2820 2064 3197 2108 eastraverunt
3224 2065 3447 2124 propter

1837 2157 2000 2212 regna
2042 2143 2326 2198 caelorum.
2355 2143 2543 2214 Itaque
2593 2146 2645 2198 in
2681 2145 2823 2200 albis
2869 2155 3030 2200 erunt
3075 2147 3338 2202 vestibus.
3369 2149 3447 2206 Eo

1838 2243 2083 2305 tempore
2129 2239 2396 2292 sententia
2443 2237 2654 2293 Domini
2706 2254 2870 2307 opere
2898 2239 3136 2309 perfecta
3171 2250 3445 2296 monstra-

1836 2326 1999 2381 bitur.
2034 2326 2199 2381 Omne
2227 2329 2364 2398 quod
2389 2329 2529 2382 dedit
2561 2329 2687 2383 milii
2716 2328 2896 2393 Pater,
2925 2348 3025 2385 non
3056 2331 3268 2403 perdam
3297 2349 3361 2386 rx
3387 2349 3446 2388 eo

1835 2421 2142 2491 quidquam,
2167 2423 2254 2475 sed
2277 2423 2592 2477 resuscitabo
2620 2422 2754 2476 illud
2779 2424 2830 2477 in
2854 2425 3126 2479 novissimo
3148 2427 3230 2481 die
3263 2425 3444 2496 (Joan.

1836 2529 1913 2581 vt,
1943 2511 2057 2582 59).
2083 2514 2278 2568 Totum
2313 2514 2568 2570 videlicet
2607 2515 2915 2584 hominem,
2954 2533 3114 2586 quem
3148 2527 3320 2573 totum
3351 2534 3450 2573 na-

1835 2606 2038 2661 scendo
2085 2617 2421 2677 susceperat.
2457 2607 2607 2662 Tunc
2656 2608 2774 2662 ovis
2822 2625 2942 2677 qua:
2977 2611 3236 2680 perierat,
3287 2620 3343 2666 et
3391 2612 3445 2667 in

1837 2698 2187 2754 inferioribus
2227 2699 2530 2764 oberrabat,
2565 2700 2810 2756 humeris
2837 2701 3136 2758 Salvatoris
3166 2712 3275 2758 lota
3318 2719 3449 2774 por-

1836 2791 2070 2846 tabitur:
2104 2801 2159 2845 et
2199 2807 2319 2860 qua:
2350 2791 2585 2861 peccatis
2615 2792 2866 2862 languida
2893 2793 3014 2856 fuit.
3054 2795 3450 2864 clementiaju-

1833 2883 1970 2938 dicis
2008 2883 2406 2938 sustentabitur
2431 2882 2584 2956 (Luc.
2618 2883 2731 2956 xv).
2787 2885 2938 2941 Tunc
2981 2886 3246 2942 videbunt
3288 2888 3442 2944 illum

1833 2975 1923 3045 qui
1951 2984 2413 3045 compttttxerunt,
2443 2975 2532 3047 qui
2556 2977 2973 3032 clamaverunt:
3007 2975 3292 3050 Cruciﬁge,
3321 2996 3445 3034 cru-

1833 3070 1980 3142 ciﬁge
2029 3069 2182 3122 talem
2223 3066 2402 3139 (Joan.
2434 3085 2554 3133 xix,
2587 3069 2678 3141 6).
2705 3069 2904 3125 Tribus
2934 3079 2991 3127 et
3037 3071 3206 3127 tribus
3231 3072 3444 3128 credent

1836 3172 2074 3230 pectora,
2106 3161 2206 3230 ipsi
2233 3169 2286 3215 et
2329 3161 2587 3216 mulieres
2614 3177 2823 3217 eorum.
2854 3162 2966 3218 Illa:
3010 3164 3289 3230 mulieres,
3323 3167 3447 3235 qui-

101 3266 195 3320 tali
247 3261 570 3320 secundum
618 3268 894 3325 naturam,
946 3270 1148 3314 aeterna
1202 3269 1382 3315 autem
1429 3260 1726 3316 secundum
1758 3227 1803 3291 Ο
1835 3253 1936 3308 bus
1959 3253 2220 3307 Dominus
2249 3252 2467 3308 loculus
2485 3262 2568 3308 est
2590 3269 2804 3309 crucem
2833 3266 3089 3324 portans:
3117 3255 3272 3313 Filia:
3290 3256 3449 3313 Jeru-

95 3359 385 3428 gratiam.
415 3353 562 3408 Vidit
591 3363 647 3408 et
675 3353 987 3423 Stephanus
1012 3361 1244 3407 stantem
1283 3352 1466 3408 Jesmu
1505 3354 1569 3408 ad
1600 3354 1730 3409 dex-

101 3459 292 3506 teram
338 3447 516 3504 Patris
535 3446 672 3517 (Act.
705 3448 830 3517 vn),
861 3456 914 3501 et
937 3462 1125 3501 manus
1155 3447 1326 3518 Moysi
1347 3457 1546 3502 mutata
1570 3449 1727 3504 estin

102 3543 429 3600 candorem
461 3542 620 3606 nivis,
653 3550 705 3596 et
729 3541 988 3612 deinceps
1017 3543 1185 3597 colori
1219 3544 1450 3612 pristino
1481 3544 1728 3600 restituta

105 3635 321 3705 (Exod.
355 3635 462 3706 tv).
500 3635 558 3688 In
589 3647 818 3705 utraque
850 3635 1168 3690 diversitate
1194 3651 1386 3691 manus
1423 3637 1541 3691 fuit.
1569 3637 1732 3708 Figu-

103 3729 194 3784 lus
239 3731 346 3785 ille
378 3728 657 3792 Jeremiae,
694 3727 860 3798 cujus-
897 3743 992 3798 per
1042 3728 1297 3784 duritiam
1353 3729 1588 3800 lapidum
1635 3745 1730 3785 vas

105 3825 258 3895 quod
293 3825 535 3888 fecerat,
561 3823 898 3878 contractum
929 3832 1034 3890 est,
1067 3823 1137 3878 de
1162 3823 1352 3878 eadem
1383 3839 1559 3878 massa
1587 3834 1639 3878 et
1664 3824 1731 3880 de

105 3918 312 3976 eodem
341 3919 468 3973 luto
500 3916 888 3987 redintegravit
915 3917 1056 3986 quod
1079 3916 1350 3972 ceciderat
1373 3917 1506 3986 (Jtr.
1536 3917 1688 3988 xvnt)
1716 3936 1729 3972 :

103 4010 212 4066 Sed
243 4023 309 4067 et.
341 4011 530 4080 ipsum
562 4009 951 4062 resurrectionis
984 4009 1308 4065 vocabulum
1334 4010 1604 4080 significat
1625 4025 1732 4064 non

105 4103 260 4160 aliud
296 4117 501 4166 ruere,
535 4099 680 4155 aliud
715 4101 964 4156 suscitari
996 4117 1007 4153 ε
1042 4111 1094 4156 et
1123 4102 1266 4172 quod
1290 4101 1567 4173 adjicitur,
1591 4118 1732 4155 utor-

107 4205 350 4263 tuorum,
390 4211 621 4251 carnem
669 4195 944 4264 propriam
977 4195 1325 4250 demonsuat
1357 4213 1370 4249 :
1399 4197 1541 4266 quod
1590 4198 1732 4251 enim

108 4287 162 4343 in
203 4289 455 4346 homine
488 4287 739 4352 moritur,
788 4287 890 4343 hoe
923 4298 978 4343 et
1030 4287 1352 4343 vivilieatur.
1405 4288 1737 4344 Vulneratus

107 4381 206 4437 ille
260 4380 497 4437 itineris
525 4379 747 4434 Jericho
790 4389 933 4435 totus
959 4378 1211 4450 refertur
1240 4379 1306 4434 ad
1357 4381 1651 4447 stabulum,
1685 4390 1740 4437 et

107 4475 466 4534 deﬂetorum
512 4475 686 4546 plaga:
717 4474 1128 4530 immortalitate
1155 4482 1420 4528 sanantur
1449 4473 1612 4547 (Luc.
1646 4475 1734 4544 x).

175 4571 274 4626 54.
298 4570 726 4626 Rcsnrrectionis
742 4570 928 4622 veritas
949 4569 1164 4640 probata
1183 4568 1526 4639 quadraginta
1543 4568 1738 4623 diebus.

109 4663 292 4730 Quare
315 4662 570 4718 Christus
598 4661 816 4716 comedit
846 4672 958 4732 post
976 4661 1436 4716 resurrectionem?
1458 4660 1740 4718 Marcionis

101 4770 260 4809 error
283 4764 336 4808 et
361 4754 714 4825 blasphemia.
745 4753 1050 4826 Apollonius
1072 4753 1312 4823 Tyaneus
1338 4763 1458 4806 ante
1480 4752 1736 4810 Domitia-

103 4863 260 4903 num.
290 4879 371 4887 —
396 4846 606 4918 Aperta
642 4856 770 4900 sunt
797 4856 850 4900 et
869 4845 1114 4915 sepulcra
1147 4847 1198 4899 in
1228 4844 1440 4900 Domini
1468 4849 1736 4916 passione,

101 4942 347 5012 quando
368 4940 464 4995 sol
485 4939 639 5010 fugit,
660 4950 801 4995 terra
827 4939 1069 5004 tremuit,
1087 4949 1141 4994 et
1164 4938 1332 4994 multa
1350 4955 1580 5010 corpora
1603 4941 1739 4998 San-

102 5042 336 5090 ctorum
373 5042 765 5096 surrexerunt,
798 5042 854 5088 et
887 5033 1000 5087 visa
1025 5041 1152 5088 sunt
1206 5033 1258 5087 in
1307 5041 1491 5088 sancta
1520 5035 1741 5091 civitate

104 5125 341 5195 (Matth.
368 5119 578 5193 xxvu).
605 5122 736 5190 Quis
768 5136 862 5187 est,
896 5121 1073 5192 inquit
1095 5123 1282 5190 Isaias,
1307 5124 1394 5190 qui
1411 5124 1643 5180 ascendit
1679 5141 1742 5180 ea:

105 5215 287 5273 Edam
304 5234 326 5273 :
343 5226 371 5254 ⁸
391 5216 607 5288 fulgida
631 5217 928 5270 vestimenta
940 5216 1050 5285 ejus
1065 5214 1318 5283 exBosor,
1333 5222 1409 5271 sic
1422 5222 1679 5287 formosus
1693 5220 1746 5274 in

101 5311 242 5366 stola
263 5308 524 5365 candida
551 5307 712 5368 llsai.
755 5324 905 5374 mn,
955 5311 1005 5374 1,
1031 5311 1188 5381 juxta
1215 5308 1410 5380 LXX).
1451 5311 1623 5367 Edom
1653 5323 1747 5368 aut

105 5409 352 5460 terrenus
368 5402 798 5471 interpretatur,
815 5409 910 5455 aut
922 5409 1180 5455 cruentus.
1195 5401 1380 5468 Bosor,
1400 5414 1492 5458 aut
1507 5418 1748 5473 caro,aut

256 5586 366 5640 llic
402 5590 583 5650 atque
611 5585 750 5640 infra
778 5594 1098 5642 constanter
1120 5587 1288 5642 codex
1323 5588 1379 5644 S.
1414 5586 1604 5645 Crucis
1631 5591 1742 5662 ful-

146 5676 155 5711 l
200 5678 258 5711 α.

111 5674 258 5712 man.

182 5730 209 5766 ι’
259 5724 660 5800 Emendamus
710 5743 772 5784 ac
814 5729 1132 5796 supplemus
1175 5746 1239 5785 ex
1287 5747 1388 5786 ms.
1423 5733 1480 5787 S.
1515 5733 1743 5800 Crucis;

111 5810 272 5875 antea
305 5799 792 5875 euim__ohtiueliat
825 5800 1144 5875 imperfecto
1170 5817 1359 5875 sensu,
1387 5805 1476 5874 qui
1498 5799 1754 5875 stupenti-

111 5872 203 5929 ιιιιδ
237 5867 542 5946 Αροειοιίδ
587 5880 779 5922 can'rnt
831 5871 883 5924 in
939 5869 1115 5922 rtrlum
1167 5867 1424 5928 dixerunt.
1482 5867 1754 5931 Emenda-

1834 3347 2014 3412 salem,
2044 3347 2202 3400 nolite
2221 3347 2343 3415 ﬂere
2365 3363 2520 3418 super
2544 3364 2642 3411 tne,
2673 3348 2764 3403 sed
2784 3366 2937 3420 super
2958 3367 3043 3404 ros
3061 3352 3198 3421 ﬂete,
3225 3363 3271 3407 et
3293 3368 3449 3421 super

1834 3440 1970 3508 [ilics
2006 3449 2196 3493 rastros
2234 3438 2384 3509 (Luc.
2422 3455 2574 3506 xxnt,
2608 3441 2722 3512 ‘23).
2776 3442 2926 3497 Tune
2972 3443 3302 3514 Angelorum
3351 3458 3448 3497 va-

1837 3533 2079 3588 ticinium
2127 3534 2510 3604 complebitur,
2558 3536 2648 3604 qui
2704 3537 3050 3605 Stupentibus
3099 3535 3125 3574 δ
3164 3536 3445 3604 Apostolis

1834 3639 1959 3684 sunt
1981 3629 2141 3684 locuti
2161 3646 2174 3682 :
2204 3627 2313 3682 Viri
2334 3627 2562 3694 Galilwi,
2580 3629 2702 3699 quid
2723 3629 2868 3683 statis
2886 3639 3145 3698 stupentes
3167 3629 3219 3682 in
3237 3627 3442 3686 (telum.

1836 3719 1940 3774 llic
1965 3719 2119 3774 Jesus
2148 3721 2238 3792 qui
2264 3737 2294 3773 a
2315 3720 2450 3774 vobis
2471 3730 2764 3792 assumptus
2777 3732 2849 3774 est
2867 3722 2920 3775 in
2942 3720 3142 3788 caelum,
3171 3721 3243 3774 sic
3256 3721 3441 3791 veniet,

1835 3812 2262 3883 quemadmodum
2283 3813 2479 3866 vidistis
2494 3828 2608 3865 eum
2629 3821 2827 3867 euntem
2855 3813 2908 3866 in
2921 3813 3100 3866 malum
3115 3811 3252 3883 (Act.
3270 3826 3308 3878 ι,
3327 3812 3440 3886 Η).

1836 3905 2006 3971 Quale
2036 3913 2120 3960 est
2146 3914 2348 3970 autem,
2379 3904 2582 3959 ideirco
2597 3904 2783 3960 dicere
2814 3905 3102 3960 Dominum
3122 3913 3244 3972 post
3266 3919 3450 3962 resur-

1839 4001 2135 4057 rectionem
2162 4000 2516 4070 quadraginta
2551 3999 2746 4055 diebus
2768 4010 2790 4038 ο
2815 4001 3123 4056 comedisse
3154 4013 3273 4052 cum
3306 4001 3450 4068 Apo.

1839 4096 2015 4163 stolis,
2046 4111 2114 4150 ne
2140 4094 2457 4165 phantasma
2485 4104 2773 4164 putaretur
2797 4093 3016 4165 (Ibid);
3049 4103 3102 4149 et
3133 4092 3237 4147 hoc
3269 4091 3444 4162 ipsum

1840 4188 1982 4258 quod
2015 4186 2274 4251 comedit,
2307 4187 2357 4240 in
2389 4202 2555 4242 carne
2593 4187 2726 4242 etin
2771 4187 3030 4242 membris
3075 4185 3219 4240 visus
3255 4193 3359 4251 est,
3392 4186 3448 4243 in

1843 4281 2219 4351 phantasmate
2268 4279 2759 4335 conlirmare‘iAut
2806 4295 2993 4334 verum
3058 4278 3318 4348 estquod
3371 4282 3452 4335 vi-

1841 4375 2089 4443 debatur,
2123 4384 2218 4431 attt
2249 4374 2466 4430 falsum.
2493 4374 2548 4429 Si
2573 4389 2759 4428 verum
2790 4382 2905 4440 est,
2941 4387 3071 4445 ergo
3101 4387 3232 4428 vere
3261 4387 3451 4429 conre-

1843 4469 1962 4535 dit,
1995 4478 2050 4525 et
2071 4484 2199 4526 vere
2229 4470 2468 4523 membra
2503 4464 2708 4520 habuit.
2740 4464 2799 4520 Si
2831 4474 3014 4520 autem
3046 4463 3240 4518 falsum
3269 4507 3283 4532 ,
3316 4481 3451 4537 quo-

1847 4561 2008 4616 modo
2036 4577 2122 4616 res
2155 4561 2316 4615 falsas
2363 4558 2655 4614 ostendere
2701 4557 2906 4624 voluit,
2941 4567 3001 4612 ut
3028 4559 3451 4618 resurrectionis

1851 4657 2136 4712 veritatem
2165 4653 2455 4725 probaret?
2483 4651 2654 4707 Nemo
2677 4650 2822 4706 enim
2854 4651 2993 4707 falso
3017 4668 3202 4708 verum
3230 4653 3448 4724 probat.

1850 4748 1994 4818 Ergo
2017 4788 2030 4811 ,
2058 4746 2267 4816 inquies
2287 4787 2302 4812 ,
2335 4754 2388 4800 et
2417 4759 2518 4799 nos
2539 4751 2665 4814 post
2685 4743 3146 4800 resurrectionem
3175 4749 3450 4804 comesuri

1848 4839 2075 4895 sumus?
2100 4838 2318 4894 Nescio.
2347 4837 2464 4891 Non
2493 4837 2639 4891 enim
2667 4835 2930 4906 scriptum
2957 4845 3077 4892 est:
3109 4846 3164 4893 ct
3192 4847 3372 4892 tamen
3402 4838 3449 4894 si

1846 4942 2139 5007 qumratur,
2171 4948 2280 4987 non
2313 4940 2443 5000 puto
2464 4944 2798 4985 comesuros.
2824 4929 2955 5002 Legi
2978 4930 3123 4987 enim
3145 4973 3158 4998 ,
3196 4945 3302 4985 non
3327 4944 3451 4987 esse

1846 5044 2074 5100 regnum
2125 5025 2221 5082 Dei
2250 5024 2432 5080 cibum
2481 5031 2536 5079 et
2584 5031 2805 5094 potum,
2849 5023 3239 5097 repromittens
3294 5024 3453 5081 nobis

1849 5141 1970 5198 quae
1997 5124 2188 5180 oculus
2219 5137 2327 5177 non
2359 5121 2529 5188 vidit,
2565 5136 2665 5178 nec
2694 5122 2842 5179 auris
2872 5123 3110 5189 audivit,
3141 5138 3240 5180 nec
3274 5123 3325 5176 in
3356 5136 3453 5178 eor

1852 5218 2090 5275 hominis
2115 5213 2486 5272 ascenderunt
2517 5214 2696 5287 (Rom.
2723 5215 2798 5287 l).
2832 5216 3047 5288 Moyses
3076 5225 3131 5272 et
3153 5215 3301 5271 Elias
3327 5230 3453 5285 qua-

1851 5309 2099 5381 draginta
2121 5309 2314 5365 diebus
2336 5307 2722 5379 jejunaverunt
2744 5325 2807 5365 ac
2831 5311 3082 5366 noctibus
3111 5309 3212 5383 (Is.
3240 5309 3452 5375 va,4;

1852 5405 2007 5460 Deut.
2059 5420 2110 5459 rx
2134 5402 2177 5476 ).
2223 5402 2335 5458 Hoc
2365 5401 2644 5457 hominum
2690 5412 2879 5457 natura
2914 5419 3020 5457 non
3073 5401 3304 5471 patitur,
3356 5401 3453 5458 sed

1852 5593 2015 5649 tionis
2045 5591 2252 5646 veritas
2280 5603 2350 5644 ex
2381 5587 2499 5658 ipso
2525 5595 2787 5641 contextu
2814 5584 3003 5658 liquet.

1930 5676 1951 5704 ο
1993 5662 2233 5718 Verbum
2265 5655 2544 5716 comedisse
2593 5658 2645 5712 in
2696 5672 2799 5711 ms.
2851 5655 3217 5710 desideratur.
3254 5655 3457 5715 Deinde

1859 5734 2114 5794 habetur,
2146 5743 2234 5786 aut
2278 5747 2453 5787 verum
2495 5739 2568 5782 est
2590 5727 2732 5798 quod
2772 5728 2981 5794 dicitur,
3015 5737 3103 5782 aut
3133 5727 3358 5800 falsum,
3390 5747 3458 5790 ne

1858 5804 2176 5874 singillatim
2207 5817 2430 5860 errores
2462 5801 2873 5856 amanuensiutn
2908 5813 3228 5862 memorem.
