4036 6344
587 385 692 446 387

1838 381 1899 437 s.
1944 378 2210 436 eusseu
2252 359 2632 439 HIERONYMI

3764 363 3856 445 fias

582 501 721 572 quod
755 498 958 554 homini
986 497 1152 570 444
1182 497 1522 567 impossibile
1551 506 1635 553 est
1654 540 1669 563 ,
1703 498 1814 551 Deo
1843 495 2178 567 impossibile
2203 495 2257 556 Α
2285 498 2564 565 quaerebat
2585 499 2728 554 inter
2748 509 3016 568 mortuos,
3044 500 3396 556 hortulanum
3420 501 3860 574 putabat.Aguos-

579 613 685 652 non
729 611 811 650 ρει
853 594 945 664 tlll
994 594 1125 664 Reg.
1177 594 1312 666 XIX).
1353 594 1506 649 Sicut
1540 594 1632 663 qui
1687 592 1867 647 futura
1912 591 2180 663 praedicit,

579 705 686 743 non
737 688 963 743 interest
1014 697 1192 741 utrum
1247 695 1371 756 post
1424 685 1611 741 decem
1668 699 1874 749 annos,
1933 692 2026 737 aut
2065 691 2186 751 post

576 787 798 835 centum
839 779 1016 832 futura
1077 778 1416 846 pronuntiet,
1477 777 1599 845 quia
1657 792 1761 829 una
1820 785 1903 829 est
1957 774 2184 828 scientia

580 873 928 928 futurorum:
967 874 1046 925 sic
1081 871 1174 940 qui
1217 869 1575 940 quadraginta
1614 868 1804 923 diebus
1835 874 2015 937 potest
2048 867 2187 934 jeju-

582 980 716 1020 nare
750 976 802 1019 et
829 965 1034 1030 vivere,
1065 964 1232 1017 immo
1266 978 1370 1016 non
1406 969 1583 1030 potest
1612 960 1884 1029 jejuuare,
1927 957 2021 1014 sed
2055 958 2187 1012 vivit

581 1057 784 1112 virtute
830 1056 959 1121 Dei;
990 1063 1044 1110 et
1076 1063 1280 1109 aeterno
1310 1061 1559 1122 tempore
1595 1053 1791 1122 poterit
1825 1051 2027 1120 absque
2063 1065 2184 1103 esea

580 1162 637 1206 et
666 1160 793 1220 potu
837 1148 1041 1204 vivere.
1073 1148 1254 1214 Quare
1292 1146 1470 1200 favum
1506 1145 1747 1201 comedit
1790 1145 2087 1198 Dominus?
2122 1143 2189 1198 Ut

582 1243 1040 1299 resurrectionem
1070 1240 1366 1310 probaret;
1397 1254 1502 1293 non
1535 1248 1592 1293 ut
1624 1238 1731 1292 tuis
1757 1237 2004 1292 faucibus
2027 1235 2188 1289 mella

582 1336 946 1406 permitteret.
979 1335 1190 1389 Piscem
1225 1334 1278 1388 in
1314 1334 1500 1404 prunis
1522 1347 1705 1387 assum
1737 1333 1922 1402 petiit,
1955 1341 2010 1384 ut
2037 1330 2192 1385 dubi-

584 1439 760 1486 tantes
784 1427 1141 1484 confirmaret
1167 1427 1482 1498 Apostolos,
1511 1426 1604 1496 qui
1635 1425 1702 1479 ad
1744 1425 1896 1479 illum
1931 1423 2190 1478 accedere

587 1540 695 1579 non
745 1524 1054 1586 audebant.
1083 1522 1230 1592 quod
1275 1529 1527 1591 putarent
1572 1535 1630 1574 se
1669 1520 1926 1587 Spiritum
1972 1517 2186 1584 videre,

587 1633 694 1672 noo
717 1632 915 1686 corpus
944 1615 1108 1685 (Joan
1139 1615 1260 1684 sn).
1289 1614 1714 1684 Arehisynagogi
1744 1613 1849 1666 lilia
1874 1613 2187 1677 suscitatur,

587 1722 643 1767 et
669 1711 851 1764 cibum
884 1709 1082 1779 accipit
1107 1727 1119 1761 :
1145 1709 1384 1762 Lazarus
1406 1708 1797 1777 quatriduanns
1822 1715 2068 1760 mortuus
2099 1721 2186 1758 re-

583 1805 761 1875 surgit
787 1845 800 1869 ,
833 1815 887 1858 et
917 1802 1193 1872 praudens
1224 1800 1504 1856 inducitur
1538 1799 1730 1872 (Marc.
1758 1815 1808 1864 ν,
1840 1797 2035 1852 Joann.
2072 1798 2146 1868 XI)
2173 1815 2185 1850 :

589 1913 699 1954 non
724 1895 848 1967 quia
878 1896 1018 1966 apud
1048 1894 1252 1950 inferos
1280 1893 1562 1948 esuricbat
1586 1933 1599 1957 ,
1628 1892 1723 1947 sed
1742 1892 1868 1962 quia
1897 1890 2188 1945 difficultas

2287 589 2390 654 cit,
2421 600 2475 644 et
2508 590 2792 646 Dominum
2826 601 3002 648 vocat.
3048 592 3177 648 Post
3219 593 3675 649 resurrectionem
3721 595 3860 651 Jesus

2288 683 2466 736 stabat
2493 685 2542 737 in
2573 683 2774 752 littore,
2804 685 3052 754 discipuli
3078 685 3130 740 in
3165 687 3284 740 navi
3315 695 3494 742 erant.
3526 685 3744 743 Czeteris
3769 703 3860 743 non

2289 778 2749 846 cognoscentibus
2773 794 2917 841 eum,
2945 779 3080 834 dicit
3104 779 3409 850 discipulus
3434 795 3594 850 quem
3634 780 3864 852 diligebat

2288 869 2468 931 Jesus,
2501 870 2685 938 Petro,
2720 870 2974 926 Dominus
3001 881 3074 926 est
3102 872 3259 943 (Joan
3291 890 3405 937 ut,
3433 875 3537 941 1‘2).
3560 873 3712 929 Prior
3737 875 3863 929 enim

2291 961 2573 1032 virginitas
2598 961 2625 1000 ι’
2654 964 2921 1032 virginale
2944 980 3144 1036 corpus
3175 968 3444 1036 agnoscit.
3479 969 3620 1024 ldem
3649 978 3757 1024 erat
3784 1011 3796 1035 ,
3823 978 3868 1024 et

2292 1070 2398 1108 non
2429 1055 2570 1108 idem
2593 1057 2846 1112 omnibus
2863 1057 3170 1114 videbatur.
3193 1059 3495 1128 Statimque
3518 1060 3867 1131 subiungitur:

2293 1143 2361 1198 Et
2391 1164 2534 1201 nemo
2563 1149 2784 1204 audebat
2807 1151 3125 1221 interrogare
3156 1169 3292 1220 eum,
3320 1153 3398 1207 Tu
3425 1156 3543 1226 quis
3564 1156 3648 1209 es?
3676 1157 3869 1210 srientcs

2292 1240 2432 1308 quod
2462 1240 2712 1296 Dominus
2743 1253 2837 1297 est.
2891 1243 3062 1299 Nemo
3092 1246 3358 1315 audebat,
3400 1249 3526 1316 quia
3560 1249 3720 1304 Deum
3751 1248 3873 1303 scie-

2293 1331 2444 1386 bant.
2480 1333 2856 1390 Vescebautur
2881 1352 3002 1392 cum
3031 1337 3353 1407 prandente,
3383 1339 3512 1409 quia
3543 1339 3804 1394 hominem
3829 1345 3873 1391 et

2294 1441 2509 1481 carnem
2537 1429 2829 1495 videbant,
2861 1445 2968 1485 non
3001 1432 3142 1501 quod
3181 1432 3322 1487 alter
3348 1433 3523 1501 Deus,
3553 1435 3687 1488 alter
3727 1433 3869 1487 homo

2294 1529 2467 1580 esset,
2501 1523 2598 1575 sed
2633 1537 2771 1577 unus
2817 1532 2982 1593 atque
3015 1523 3157 1579 idem
3189 1523 3362 1580 Filius
3406 1525 3498 1581 Dei
3537 1525 3876 1596 cognosceba-

2295 1618 2381 1666 tur
2414 1623 2470 1666 ut
2500 1613 2682 1678 homo,
2719 1615 3050 1671 adorabatur
3080 1625 3138 1670 ut
3165 1617 3328 1673 Deus.
3355 1617 3576 1674 Scilicet
3602 1635 3735 1674 mine
3763 1617 3876 1672 mihi

2295 1705 2790 1775 pliilOSOphandum
2819 1719 2901 1763 est
2921 1750 2933 1770 ,
2980 1709 3220 1764 incertos
3250 1725 3373 1765 esse
3419 1725 3617 1766 sensus
3647 1721 3874 1775 nostros,

2293 1806 2346 1852 et
2376 1799 2610 1854 maxime
2641 1801 2835 1854 visum.
2867 1801 3178 1856 Carneades
3209 1803 3406 1871 aliquis
3425 1804 3491 1859 ab
3537 1805 3718 1860 inferis
3749 1804 3880 1860 exci-

2298 1889 2516 1952 tandus,
2550 1901 2573 1928 °
2609 1901 2663 1945 ut
2692 1891 2932 1961 proferat
2974 1909 3186 1948 verum.
3231 1894 3460 1949 Remum
3495 1897 3546 1949 iu
3581 1911 3713 1967 aqua
3756 1894 3880 1949 frac-

589 2001 772 2066 Operis
800 2037 814 2061 ,
847 1993 1328 2063 scrupulositatem
1369 1988 1490 2043 fidei
1530 1988 1864 2058 requirebat.
1901 1985 2188 2053 Quomodo
2220 1981 2267 2040 B
2297 1991 2405 2036 tum
2438 1983 2632 2051 videri,
2669 1985 2909 2054 porticus
2956 1985 3173 2057 longius
3217 1988 3590 2057 angustiores,
3634 1986 3880 2042 rotundos

589 2109 747 2148 veras
781 2107 972 2147 manus
1013 2100 1066 2144 et
1095 2105 1283 2145 verum
1317 2085 1556 2142 ostendit
1603 2085 1746 2138 latus
1776 2101 1788 2136 :
1823 2085 1895 2137 ita
1928 2096 2055 2136 vere
2095 2097 2190 2135 co-

591 2186 756 2242 medit
788 2201 911 2241 cum
942 2183 1223 2254 discipulis
1251 2199 1264 2236 :
1294 2196 1419 2236 vere
1444 2177 1746 2233 ambulavit
1771 2192 1890 2232 cum
1918 2175 2191 2244 CleOpha:

589 2295 720 2334 vere
750 2279 931 2347 lingua
963 2279 1176 2331 loeutus
1206 2283 1289 2331 est
1332 2289 1453 2326 eum
1491 2270 1803 2326 hominibus
1831 2289 1841 2323 :
1876 2283 2008 2324 vero
2037 2281 2197 2322 accu-

593 2374 706 2428 bitu
735 2372 1009 2427 discubuit
1038 2371 1089 2424 in
1121 2384 1277 2424 etena
1304 2386 1315 2419 :
1350 2366 1494 2421 veris
1527 2364 1782 2420 manibus
1809 2363 1956 2433 cepit
1977 2376 2196 2431 panem,

591 2465 866 2522 benedixit
895 2507 908 2530 ,
940 2479 1004 2520 ac
1031 2463 1227 2533 fregit,
1261 2471 1314 2516 et
1343 2458 1656 2530 porrigebat
1685 2457 1815 2510 illis.
1839 2454 1993 2522 Quod
2017 2461 2197 2508 autem

591 2561 660 2616 ab
690 2559 864 2615 oculis
893 2569 1121 2626 repente
1165 2555 1414 2617 evanuit,
1445 2553 1621 2606 virtus
1658 2549 1758 2603 Dei
1792 2557 1906 2613 est,
1941 2561 2050 2601 non
2083 2561 2199 2599 um-

591 2652 704 2707 bra:
734 2661 790 2707 et
820 2647 1241 2720 phantasmatis.
1273 2642 1526 2713 Alioquin
1558 2651 1614 2696 et
1663 2648 1790 2694 ante
1837 2637 2198 2693 resurrectio-

590 2761 715 2800 nem
738 2787 751 2808 ,
783 2761 906 2798 cum
937 2741 1267 2795 eduxissent
1295 2753 1418 2792 eum
1449 2735 1517 2789 de
1541 2732 1836 2797 Nazareth,
1872 2739 1928 2784 ut
1955 2727 2199 2799 pnecipi-

593 2845 774 2891 tareut
817 2835 885 2888 de
925 2832 1220 2903 supercilio
1252 2829 1455 2884 montis
1479 2869 1493 2890 ,
1530 2825 1781 2879 transivit
1822 2839 1917 2893 per
1958 2823 2199 2884 medios,

592 2927 648 2982 id
698 2937 810 2989 est,
862 2926 1083 2994 elapsus
1125 2931 1211 2976 est
1254 2921 1324 2974 de
1374 2917 1626 2973 manibus
1676 2931 1886 2970 eorum.
1934 2911 2200 2980 Numquid

592 3022 741 3093 juxta
776 3021 1106 3075 Marcionem
1153 3017 1342 3072 dicere
1373 3029 1666 3086 possumus
1691 3055 1704 3078 ,
1737 3012 1881 3082 quod
1912 3010 2032 3066 ideo
2068 3010 2204 3064 nati—

594 3117 734 3172 vitas
764 3116 880 3184 ejus
928 3116 980 3167 iu
1034 3113 1416 3182 phantasmate
1444 3107 1642 3166 fuerit,
1675 3106 1799 3174 quia
1829 3113 2016 3159 contra
2050 3113 2206 3158 natu-

597 3225 712 3264 ram
743 3208 835 3277 qui
884 3205 1197 3267 tenebatur,
1232 3203 1448 3272 elapsus
1483 3200 1600 3255 est?
1632 3198 1785 3267 Quod
1838 3198 2000 3267 Magis
2039 3197 2202 3261 licet,

597 3301 700 3355 hoc
744 3299 978 3353 Domino
1009 3312 1115 3351 non
1170 3294 1336 3348 licet?
1359 3291 1684 3363 Apollonius
1715 3291 1966 3361 Tyaneus
2010 3286 2205 3342 scribi-

2299 2079 2485 2147 procul
2519 2080 2744 2132 turrium
2777 2080 3007 2150 angulos
3032 2122 3047 2145 ,
3077 2081 3453 2135 columbarum
3485 2083 3630 2136 colla
3676 2080 3740 2135 ad
3784 2080 3880 2133 siu-

2298 2171 2447 2241 gulas
2486 2173 2876 2226 conversiones
2921 2173 3162 2228 colorem
3207 2175 3495 2228 mutantia.
3527 2171 3662 2229 Cum
3712 2171 3882 2227 Rhode

2297 2263 2514 2319 Petrqu
2548 2265 2821 2318 nuutiaret
2840 2306 2852 2328 ,
2884 2274 2936 2318 et
2964 2266 3241 2334 Apostolis
3265 2267 3471 2321 diceret
3499 2266 3643 2337 (Act.
3665 2268 3758 2335 xu)
3783 2283 3793 2317 :
3823 2263 3881 2317 ob

2299 2355 2528 2427 periculi
2553 2357 2984 2427 magnitudinem
3009 2358 3280 2412 evasiSse:
3314 2375 3421 2412 non
3448 2360 3708 2426 credunt,
3735 2359 3884 2428 phan-

2301 2457 2473 2503 tasma
2506 2449 2878 2518 suspicantur.
2908 2449 3079 2505 Porto
3111 2451 3254 2521 quod
3284 2451 3481 2505 clausis
3510 2451 3786 2523 ingressus
3814 2458 3884 2504 est

2302 2547 2475 2608 ostiis,
2508 2547 2750 2615 ejusdem
2782 2545 2998 2602 virtutis
3040 2547 3171 2612 fuit,
3207 2548 3360 2618 cujus
3390 2558 3443 2602 et
3474 2565 3538 2604 ex
3577 2550 3749 2605 oculis
3776 2563 3886 2604 eva-

2305 2655 2548 2694 nescere.
2594 2640 2844 2711 Lynceus
2897 2641 2976 2711 (ut
3019 2641 3214 2695 fabula'
3264 2642 3464 2714 ferunt)
3508 2644 3725 2700 videbat
3755 2654 3886 2697 trans

2304 2734 2568 2801 parietem
2605 2750 2617 2784 :
2653 2731 2914 2786 Dominus
2961 2733 3160 2788 clausis
3193 2734 3347 2789 ostiis
3377 2775 3390 2799 ,
3445 2736 3546 2790 nisi
3586 2737 3886 2806 phantasma

2307 2824 2503 2892 fuerit,
2558 2826 2761 2882 intrare
2813 2844 2922 2883 non
2980 2829 3226 2898 poterit?
3283 2830 3496 2898 Aquilae
3551 2841 3611 2886 et
3663 2830 3887 2884 vultures

2309 2920 2671 2973 transmarina
2717 2920 2982 2975 cadavera
3015 2923 3280 2976 sentiunt.
3314 2922 3568 2977 Salvator
3607 2921 3887 2993 Aposmlos

2307 3025 2434 3065 suos
2456 3053 2468 3077 ,
2503 3012 2605 3065 nisi
2639 3013 2838 3067 05tium
2864 3015 3145 3082 aperuerit
3171 3057 3185 3081 ,
3215 3031 3320 3070 non
3355 3015 3598 3072 videbit?
3628 3017 3718 3071 Dic
3747 3015 3884 3077 milii,

2309 3106 2616 3161 acuii~sime
2637 3106 2966 3176 disputator,
3001 3109 3130 3178 quid
3161 3119 3245 3165 est
3277 3110 3473 3179 majus,
3502 3121 3712 3166 tantam
3747 3120 3889 3164 terra:

2311 3201 2736 3270 magnitudinem
2762 3199 2786 3236 δ
2817 3201 3125 3270 appendere
3157 3218 3321 3272 super
3351 3203 3608 3265 nihilum.
3655 3212 3710 3259 et
3737 3213 3888 3272 super

2307 3307 2569 3361 aquarum
2621 3292 2826 3347 incerta
2885 3293 3131 3349 librare:
3190 3311 3256 3348 an
3313 3295 3484 3348 Dcutn
3531 3295 3766 3350 transire
3806 3305 3890 3362 per

593 3401 688 3449 tur
713 3408 835 3448 cum
881 3400 1008 3444 ante
1040 3387 1411 3442 Demitiauum
1445 3393 1616 3438 staret
1649 3384 1700 3436 in
1729 3381 2077 3446 consistorio,
2111 3395 2199 3435 re-
2229 3369 2274 3433 C
2307 3385 2547 3441 clausam
2594 3396 2842 3456 portam,
2892 3397 2949 3441 et
2995 3397 3303 3442 creaturam
3360 3389 3557 3444 cedere
3615 3382 3891 3443 Creatori?

592 3494 756 3558 pente
787 3499 893 3539 non
924 3482 1323 3550 comparuisse.
1369 3476 1488 3531 Noli
1518 3474 1816 3546 potentiam
1851 3471 2060 3527 Domini
2086 3473 2199 3526 Ma-

594 3596 784 3652 gorum
813 3575 1104 3648 praestigiis
1137 3574 1428 3643 adaequare
1449 3613 1463 3637 ,
1490 3581 1548 3625 ut
1577 3570 1830 3624 videatur
1857 3568 2026 3624 fuisse
2057 3566 2202 3638 quod

597 3689 702 3728 non
734 3670 856 3736 fuit,
890 3677 943 3724 et
973 3676 1192 3738 putetur
1216 3666 1525 3720 comedisse
1557 3663 1674 3717 sine
1701 3662 1979 3728 dentibus,
2011 3661 2202 3715 ambu-

594 3766 738 3820 lasse
761 3766 878 3819 sine
903 3762 1160 3833 pedibus,
1179 3759 1403 3830 fregisse
1420 3773 1613 3828 panem
1629 3755 2031 3820 sinemanibus,
2056 3756 2199 3809 locu-

596 3869 681 3914 tus
705 3875 825 3912 eSsc
845 3867 869 3893 ει
899 3857 1239 3924 sinclingua,
1271 3867 1325 3908 et
1351 3857 1490 3907 latus
1518 3861 1854 3906 monstrasse
1881 3849 2197 3904 sinecostis.

670 3951 758 4006 55.
813 3949 880 4004 Ει
933 3949 1249 4019 quomodo,
1311 3947 1556 4015 inquies,
1610 3961 1716 3998 non
1796 3942 2204 4011 cognoscebant

599 4060 720 4100 eum
766 4044 820 4097 in
874 4041 1114 4106 itinere,
1156 4041 1200 4094 si
1250 4041 1424 4108 ipsum
1470 4036 1710 4091 habebat
1758 4050 1996 4105 corpus,
2057 4035 2202 4103 quod

597 4149 724 4192 ante
778 4134 988 4189 habuit.
1057 4131 1200 4186 Audi
1264 4130 1603 4198 Scripturam
1670 4127 1942 4180 dicentem
1996 4125 2204 4180 :0culi

596 4250 772 4288 eorum
806 4229 1131 4293 tenebuntur,
1158 4243 1220 4280 ne
1248 4242 1358 4278 eum
1381 4232 1715 4293 agnoscerent
1741 4220 1889 4291 (Luc.
1916 4237 2060 4288 xxxv,
2088 4220 2201 4290 iii).

598 4328 664 4382 Et
694 4339 906 4381 rursum
941 4339 953 4375 :
992 4320 1173 4392 ΔρεΜὶ
1217 4327 1335 4373 sunt
1367 4318 1502 4369 oculi
1533 4330 1711 4368 eorum
1733 4353 1748 4377 ,
1783 4323 1829 4366 et
1862 4320 2205 4383 cognoverunt

596 4435 711 4472 eum
738 4415 905 4489 (Ibid.
929 4413 1042 4483 51).
1069 4409 1343 4478 Numquid
1370 4410 1512 4462 alius
1539 4407 1642 4460 fuit
1669 4402 1891 4475 quando
1911 4401 2072 4476 445
2098 4420 2203 4458 non

593 4510 1017 4581 agnoscebatur,
1071 4516 1127 4561 et
1172 4505 1313 4558 alios
1365 4500 1585 4573 quando
1630 4498 1846 4568 agnitus
1892 4499 2017 4551 est?
2044 4496 2209 4553 Certe

599 4618 742 4660 unus
769 4610 932 4670 atque
961 4599 1105 4654 idem
1135 4606 1277 4653 erat.
1310 4595 1656 4664 Cognoscere
1678 4604 1835 4660 ergo,
1867 4599 1924 4644 et
1971 4604 2078 4643 non
2115 4604 2208 4643 co—

603 4709 873 4769 gnoscere
893 4734 908 4758 ,
944 4691 1226 4747 oculorum
1248 4687 1380 4751 fuit,
1400 4701 1505 4739 non
1533 4684 1656 4753 ejus
1683 4682 1776 4753 qui
1800 4681 2106 4748 videbatur,
2142 4683 2206 4736 li-

2305 3478 2460 3544 Quod
2491 3478 2666 3548 majus
2692 3488 2777 3532 est
2799 3519 2814 3544 ,
2848 3478 3077 3533 tribuis:
3108 3477 3274 3550 m
3296 3479 3438 3550 quod
3469 3479 3650 3534 minus
3679 3488 3780 3542 e5t,
3808 3489 3888 3530 ea.

2305 3569 2606 3624 lumniaris.
2658 3569 2854 3623 Petrus
2881 3586 3045 3640 super
3079 3585 3247 3640 aquas
3274 3571 3518 3624 ambulat
3555 3571 3711 3641 gravi
3737 3578 3786 3624 et
3816 3581 3891 3622 so-

2305 3663 2418 3717 lido
2447 3677 2678 3730 corpore
2701 3660 2858 3732 (Joan
2886 3665 3006 3732 xx).
3037 3663 3217 3719 Mollis
3243 3663 3383 3718 unda
3412 3680 3518 3718 non
3548 3664 3702 3720 cedit
3731 3679 3744 3716 :
3778 3674 3891 3731 patr

2307 3755 2475 3809 Iulum
2499 3756 2633 3810 fides
2660 3755 2904 3822 dubitat,
2937 3765 2994 3810 et
3023 3757 3209 3812 statim
3242 3766 3494 3813 naturam
3526 3774 3681 3813 suam
3710 3765 3895 3824 corpus

2307 3850 2567 3919 intelligit
2600 3868 2612 3903 :
2648 3858 2700 3902 ut
2736 3849 2974 3905 sciamus
2999 3892 3011 3913 ,
3038 3866 3203 3921 super
3232 3867 3402 3922 aquas
3434 3867 3541 3907 non
3568 3865 3766 3923 corpus
3794 3862 3896 3902 am-

2306 3942 2527 3998 bulasse
2544 3984 2558 4009 ,
2589 3943 2684 3998 sed
2719 3941 2899 3998 fidem.

2377 4039 2468 4092 56.
2507 4037 2831 4092 Marcionita:
2857 4037 3165 4110 disputatio.
3193 4069 3258 4079 —-
3289 4049 3313 4077 ε’
3343 4038 3453 4095 Oro
3479 4051 3550 4105 te,
3575 4040 3666 4111 qui
3697 4037 3714 4076 ί
3743 4033 3894 4092 tantis

2309 4141 2497 4186 contra
2522 4133 2977 4187 resurrectionem
3004 4131 3545 4203 uterisargumentis,
3563 4142 3622 4188 ut
3650 4128 3900 4200 simplici-

2310 4233 2392 4278 ter
2416 4239 2625 4277 mecum
2655 4223 2913 4293 loquaris.
2964 4223 3161 4279 Credis
3193 4240 3318 4280 vere
3362 4224 3655 4280 Doiuinum
3709 4235 3896 4278 resur—

2311 4316 2517 4372 resisse
2541 4360 2554 4384 ,
2591 4317 2641 4370 in
2685 4316 2877 4372 eodem
2925 4334 3032 4387 quo
3083 4328 3328 4373 mortuus
3355 4361 3368 4384 ,
3409 4335 3519 4389 quo
3547 4318 3792 4389 sepultus
3823 4322 3902 4368 est

2309 4426 2560 4481 corpore,
2588 4426 2654 4464 an
2675 4421 2793 4465 ‘non
2822 4411 3045 4466 credis?
3069 4411 3124 4466 Si
3151 4413 3350 4479 credis,
3379 4414 3585 4468 curista
3616 4407 3898 4479 prapouis,

2314 4520 2409 4574 per
2447 4518 2567 4574 quae
2592 4504 2924 4560 resurrectio
2952 4503 3292 4575 denegatur?
3342 4506 3530 4563 Sinon
3561 4503 3747 4560 credis
3775 4545 3787 4566 ,
3818 4501 3902 4571 qui

2313 4596 2383 4652 ita
2428 4597 2802 4666 imperitorum
2856 4597 3024 4651 laetas
3055 4598 3296 4665 animas,
3337 4609 3392 4653 et
3442 4597 3897 4655 resurrectionem

2313 4704 2469 4743 casso
2503 4690 2719 4743 nomine
2753 4688 3030 4743 ventilas?
3063 4700 3087 4737 ts
3118 4691 3267 4745 audi.
3303 4690 3487 4762 Nuper
3521 4691 3591 4746 de
3622 4685 3901 4745 Marcionis

595 4801 686 4848 cet
723 4798 777 4845 et
819 4787 991 4857 ipsius
1021 4785 1202 4840 fuerit.
1239 4781 1441 4837 Oculos
1471 4778 1616 4834 enim
1641 4777 1866 4832 tenebat
1892 4791 2108 4843 eorum,
2135 4779 2201 4832 ne
2229 4770 2284 4832 D
2310 4782 2527 4852 quidam
2557 4781 2740 4837 schola
2764 4799 2777 4835 :
2805 4782 2931 4848 Vae,
2966 4781 3159 4852 inquit,
3194 4786 3265 4849 ei,
3297 4785 3390 4855 qui
3416 4785 3467 4838 in
3502 4785 3606 4839 hac
3635 4797 3822 4847 carne,
3853 4783 3902 4832 et

593 4899 654 4939 se
681 4886 1062 4953 agnoscerent.
1096 4875 1340 4943 Denique
1372 4880 1429 4925 ut
1453 4871 1598 4924 scias
1627 4883 1877 4922 errorem
1908 4870 1999 4938 qui
2026 4884 2203 4923 versa-

595 4978 752 5033 hatur
782 4976 835 5029 in
872 4972 1076 5035 medio,
1103 4985 1207 5025 non
1233 4967 1482 5038 corporis
1515 4964 1763 5029 Domini,
1789 4962 1884 5018 sed
1919 4962 2201 5018 oculorum

595 5072 766 5124 fuisse
788 5069 1104 5121 clausorum
1131 5077 1149 5114 :
1182 5060 1359 5130 Aperti
1405 5067 1523 5111 sunt
1549 5055 1687 5111 oculi
1734 5073 1940 5121 eorum,
1991 5056 2199 5127 inquit,

597 5173 644 5218 et
673 5166 1016 5231 cognoverunt
1044 5170 1158 5206 cum
1188 5152 1368 5220 (Joan.
1420 5152 1536 5221 xx).
1573 5149 1727 5204 Unde
1762 5158 1817 5204 et
1853 5149 2020 5204 Maria
2057 5149 2199 5220 Mag-

597 5255 794 5312 dalcne
841 5247 1101 5321 quamdiu
1134 5259 1238 5300 non
1282 5242 1612 5314 agnoscebat
1647 5242 1870 5309 Jesum,
1920 5252 1974 5298 et
2017 5243 2198 5299 vivum

668 5442 694 5471 ει
737 5430 841 5485 Ms.
874 5425 984 5480 sine
1011 5422 1190 5492 lingua
1221 5429 1268 5473 et
1290 5421 1457 5487 capite
1477 5461 1490 5481 ,
1520 5428 1566 5473 et
1599 5420 1766 5482 intus,
1801 5426 1905 5473 etc.

666 5504 693 5542 ι’
727 5502 825 5555 Ms.
859 5500 915 5552 S.
951 5495 1144 5548 Crueis
1175 5493 1526 5560 convirginatc
1555 5497 1907 5560 corpus,Aetc.

669 5587 688 5611 ς
737 5571 804 5626 υτ
835 5567 1056 5638 profero!
1079 5579 1270 5617 verum.
1298 5558 1465 5638 Antea
1491 5561 1625 5638 falso
1651 5558 1927 5638 leg_t_:batut_'
1952 5578 1963 5609 :
1994 5573 2047 5616 ut
2069 5583 2191 5634 pro-

616 5654 722 5699 crat
767 5628 965 5696 remum
1005 5638 1056 5688 in
1099 5651 1232 5696 aqua
1289 5635 1530 5702 fractum,
1580 5628 1740 5702 videri
1784 5631 2034 5696 porticus,
2069 5628 2189 5692 ἐιο,

616 5654 722 5699 CN“
767 5655 965 5696 remum
1005 5655 1056 5688 Ut
1099 5651 1232 5696 aqua
1289 5649 1530 5702 fraetum,
1580 5649 1739 5683 vtaert
1784 5649 2034 5696 parm-us,
2082 5649 2189 5692 θιο,

591 5649 862 5770 iisunum
886 5739 956 5750 ——-
984 5706 1187 5760 Vocem
1213 5719 1386 5758 verum
1414 5710 1626 5756 veteres
1658 5697 1925 5753 editiones
1961 5718 2062 5758 non
2095 5709 2190 5762 ha-

598 5784 752 5840 bent.

672 5849 696 5886 ά
726 5849 963 5902 Verbum
995 5842 1282 5913 appendere
1315 5845 1367 5897 in
1399 5859 1502 5897 ms.
1533 5839 1899 5913 desideratur.

653 5927 674 5958 ο
722 5917 826 5972 ora
852 5927 919 5983 te,
945 5911 1174 5969 etc-{Hic
1203 5927 1412 5982 quoque
1441 5915 1572 5968 falsa
1599 5923 1717 5968 erat
1747 5911 1911 5968 lectio
1938 5929 1951 5967 :
1981 5916 2086 5975 Oro
2114 5929 2181 5988 te,

2308 4876 2360 4930 in
2393 4874 2476 4929 his
2503 4875 2718 4929 ossibus
2743 4875 3129 4928 resurrexerit.
3155 4876 3410 4931 Gaudens
3461 4876 3682 4930 animus
3729 4868 3902 4928 statim

2308 4968 2829 5037 intulit:Consepulti
2851 4969 2985 5021 enim
3014 4985 3212 5036 sumus,
3241 4980 3286 5024 et
3303 4969 3331 5007 δ
3356 4972 3781 5025 consurreximus
3799 4979 3904 5019 cum

2309 5059 2518 5116 Christo
2550 5078 2636 5133 per
2661 5060 2972 5131 baptismum
2995 5061 3172 5133 (Rom.
3203 5079 3275 5128 vt,
3307 5064 3337 5116 4
3361 5063 3399 5134 ).
3429 5064 3662 5129 Animae,
3701 5078 3768 5116 an
3802 5073 3910 5114 car-

2309 5157 2393 5210 nis
2423 5155 2881 5210 resurrectionem
2911 5155 3047 5210 dieis
3072 5155 3096 5208 ?
3126 5156 3420 5225 Respondi,
3456 5172 3559 5211 non
3594 5156 3772 5210 solius
3795 5150 3907 5206 ani-

2309 5264 2434 5317 mze,
2467 5248 2564 5304 sed
2592 5249 2791 5315 carnis,
2825 5263 2946 5318 quae
2975 5263 3098 5303 cum
3129 5248 3308 5303 anima
3337 5249 3646 5304 renascitur
3687 5248 3740 5302 iu
3773 5246 3910 5300 lava-

2313 5427 2404 5498 qui
2433 5435 2632 5498 tantum
2658 5435 2838 5481 contra
2862 5426 3282 5498 resurrectionem
3312 5429 3470 5481 sentis
3501 5424 3907 5498 argumentaris,

2300 5495 2368 5552 au
2400 5497 2706 5567 simpliciter
2732 5513 2930 5549 naccam
2961 5495 3207 5567 loqueris.
3243 5501 3516 5553 Manum.

2378 5569 2396 5607 ί
2433 5569 2602 5624 Vetus
2629 5569 2760 5623 edit.
2793 5585 2824 5638 q
2847 5570 2882 5620 ti
2912 5577 3113 5622 tantum
3139 5580 3317 5624 contra
3344 5570 3780 5626 resurrectionem
3803 5583 3913 5623 seu-

2298 5642 2454 5704 tiens,
2488 5641 2892 5707 argumentaris,
2926 5649 2978 5692 ut
3009 5642 3142 5693 nihil
3169 5657 3389 5700 mecum.
3418 5649 3526 5694 etc.

2375 5722 2399 5756 κ
2432 5713 2590 5764 Audi.
2623 5709 2832 5776 Nuper,
2861 5717 2965 5764 etc.
3003 5710 3056 5765 In
3089 5713 3192 5768 isto
3223 5712 3473 5766 similiter
3503 5712 3628 5768 loco
3667 5712 3805 5766 falsa
3837 5726 3912 5764 rc-

2300 5781 2504 5853 tinetur
2555 5781 2862 5853 hujusmodi
2914 5781 3078 5838 lcetio
3112 5802 3123 5835 :
3163 5782 3297 5837 Audi
3344 5798 3506 5851 nuper
3529 5781 3594 5836 de
3629 5780 3914 5838 Marcionis

2297 5852 2522 5906 schola:
2559 5852 2650 5906 rm.
2687 5852 2965 5906 Maurum.

2371 5921 2394 5959 h
2429 5923 2527 5979 Ms.
2560 5923 2989 5978 consurreximus
3018 5922 3225 5981 Christo
3257 5924 3308 5980 in
3337 5923 3676 5994 baptismate.
