4054 6384
127 343 220 402 539

130 473 237 512 cro.
264 458 334 514 Et
365 459 635 530 quomodo
660 460 876 532 peribit,
901 477 1018 532 qua:
1046 461 1099 518 in
1126 460 1344 519 Christo
1377 469 1559 518 renata
1589 462 1716 516 est?
1742 474 1793 531 Α

131 548 256 614 Quia
282 550 541 621 scriptum
574 563 674 619 est,
707 554 820 608 ait:
856 553 986 609 Caro
1034 563 1082 610 et
1125 557 1336 628 sanguis
1366 571 1582 626 regnum
1625 554 1719 608 Dei

132 657 226 694 non
253 642 586 712 possidebunt
621 644 685 715 (ll
714 645 832 702 Cor.
867 663 934 702 xv
960 647 1001 717 ).
1047 647 1285 704 Attende
1317 688 1331 711 ,
1364 649 1594 704 ohsecro
1624 657 1676 703 te
1703 688 1716 711 ,

131 734 266 802 quod
287 734 513 802 dicitur,
534 735 667 793 Cara
689 749 735 793 et
755 741 967 812 sanguis
995 756 1208 813 regnum
1237 739 1334 795 Dei
1363 757 1462 795 non
1492 741 1722 812 posside-

130 822 266 878 bunt.
302 825 568 898 Numquid
595 847 700 885 non
728 834 1056 903 resurgent?
1087 831 1243 888 Absit
1270 849 1284 899 ;
1340 833 1434 888 sed
1459 849 1566 887 non
1598 847 1723 903 pos-

129 916 396 976 sidebunt.
431 922 609 988 Quare
656 940 762 980 non
812 927 1217 994 possidebunt?
1260 927 1395 995 Quia
1455 929 1721 996 sequitur,

131 1028 288 1080 neque
347 1017 605 1087 corruptio
645 1017 1087 1099 incor'i'uption;_'iii
1141 1021 1438 1088 possidebit.
1500 1021 1725 1077 Tamdiu

131 1120 258 1175 ergo
309 1123 536 1178 regnum
583 1111 673 1166 Dei
726 1129 832 1167 non
868 1113 1264 1182 possidebunt,
1299 1115 1556 1185 quamdiu
1598 1131 1726 1171 caro

129 1207 331 1254 tantum
357 1202 686 1274 sanguisque
719 1207 1140 1274 permanserint.
1175 1208 1307 1262 Cum
1335 1221 1512 1264 autem
1543 1225 1726 1267 corru-

129 1297 335 1366 ptivum
372 1298 608 1354 induerit
639 1303 1121 1374 incorruptionem,
1151 1313 1206 1360 et
1232 1305 1462 1362 mortale
1490 1306 1729 1362 induerit

123 1389 585 1448 immortalitatem
621 1394 663 1466 (Ι
689 1395 808 1449 Cor.
845 1412 934 1460 xv,
963 1395 1071 1468 55)
1103 1439 1117 1462 ,
1160 1408 1212 1454 et
1242 1399 1413 1454 lutum
1443 1400 1626 1455 carnis
1667 1403 1720 1454 in

127 1490 326 1540 testam
381 1485 542 1542 fuerit
595 1499 916 1556 excoctum,
971 1507 1092 1560 quae
1133 1493 1280 1560 prius
1306 1495 1455 1564 gravi
1487 1494 1730 1563 pondere

125 1579 478 1645 premebatur
522 1581 574 1636 in
619 1591 861 1647 terram,
905 1586 1146 1655 acceptis
1196 1587 1422 1654 spiritus
1453 1587 1646 1657 pennis
1677 1595 1733 1642 et

123 1682 146 1707 δ
179 1671 606 1740 immolationis,
641 1693 746 1731 non
778 1679 1117 1743 abolitionis.
1152 1697 1288 1734 nova
1317 1682 1489 1751 gloria
1517 1682 1730 1736 volabit

121 1765 191 1820 ad
223 1766 456 1834 caelum;
496 1777 551 1824 et
601 1781 724 1826 tunc
776 1772 1091 1838 implebitur
1121 1773 1256 1828 illud
1292 1773 1438 1843 quod
1466 1773 1730 1844 scriptum

930 347 1134 406 LIBER
1177 346 1453 407 CONTRA
1493 349 1809 408 JDANNEM
1850 351 2590 410 IIIEROSOLYMITANUM.

3310 363 3412 418 590

1821 475 2118 536 generant,
2147 467 2440 538 quidquam
2472 466 2523 524 in
2551 468 2816 537 legatione
2841 471 3234 540 reprehendam
3262 489 3276 536 ;
3322 476 3416 529 sed

1821 559 1945 628 quia
1977 560 2117 628 apud
2152 559 2550 630 interrogantes
2583 563 2752 630 magis
2780 569 2833 616 et
2883 575 3183 630 praesentes
3211 572 3260 616 te
3294 579 3420 632 pur-

1823 666 1950 721 gare
2000 651 2274 706 debueris.
2331 671 2349 704 ι
2401 653 2584 708 Misisti
2615 654 3084 723 religiosissimum
3145 656 3416 709 hominem

1829 745 1920 798 Dei
1944 744 2207 799 lsidorum
2239 746 2648 817 presbyterum,
2680 749 2852 802 virum
2906 757 3181 817 pot.ntem
3217 759 3320 802 tam
3355 765 3420 803 ex

1829 839 1943 908 ipsa
1971 841 2215 895 incessus
2237 849 2291 896 et
2321 841 2537 896 habitus
2566 842 2824 911 dignitate
2850 886 2862 907 ,
2912 861 3070 914 quam
3103 845 3300 898 divinae
3335 844 3420 899 in-

1830 931 2171 1000 IOIIIgeltIILU,
2204 949 2397 988 curare
2427 935 2588 989 etiam
2623 951 2718 989 eos
2744 977 2758 1000 ,
2804 938 2894 1004 qui
2924 937 3106 990 animo
3128 937 3420 992 vehemen-

1831 1030 1911 1078 ter
1941 1034 2234 1093 tegrotant;
2265 1027 2306 1080 si
2333 1037 2509 1082 tamen
2539 1043 2756 1082 sensum
2776 1028 3145 1098 suilangnoris
3161 1028 3414 1084 habeant.

1831 1114 2005 1172 Homo
2056 1117 2150 1172 Dei
2203 1117 2368 1174 mittit
2440 1120 2710 1174 hominem
2775 1121 2887 1174 liei.
2922 1141 2940 1172 ›
3000 1122 3144 1176 Nihil
3197 1123 3426 1179 interest

1833 1207 1974 1263 inter
2035 1210 2412 1280 presbyterum
2472 1221 2527 1267 et
2585 1213 2928 1281 episc0pum;
3001 1215 3187 1269 eadem
3248 1215 3425 1285 digni-

1835 1308 1915 1355 tas
1947 1301 2210 1356 mittentis
2236 1311 2292 1356 et
2323 1305 2470 1357 missi
2500 1321 2512 1358 :
2547 1303 2648 1359 hoc
2673 1305 2804 1360 satis
2835 1306 3088 1375 imperite
3114 1325 3126 1360 :
3157 1308 3207 1360 in
3236 1318 3392 1375 portu
3416 1351 3429 1372 ,

1835 1402 1890 1447 ut
1923 1392 2144 1459 dicitur,
2177 1396 2535 1464 naufragium.
2572 1396 2678 1451 Iste
2712 1396 2944 1452 Isidorus
2993 1399 3084 1467 qui
3135 1399 3184 1452 in
3230 1399 3431 1454 ctelum

1836 1487 1941 1540 tuis
1970 1486 2218 1542 laudibus
2248 1489 2472 1552 tollitur,
2495 1489 2726 1558 idipsmn
2756 1489 3046 1544 infamatur
3067 1488 3433 1556 Alexandriae,

1835 1578 1980 1648 quod
2008 1588 2062 1635 tu
2094 1579 2482 1651 Jerostilymrc;
2514 1597 2577 1635 ex
2611 1598 2718 1651 quo
2751 1598 2854 1636 non
2905 1583 3111 1652 legatus
3151 1583 3436 1639 advenisse

1837 1671 2068 1738 videtur,
2100 1673 2195 1729 sed
2218 1675 2418 1729 socius.
2449 1683 2470 1710 θ
2505 1675 2758 1744 Alioquin
2793 1686 2846 1730 et
2878 1676 3071 1730 litterae
3100 1692 3258 1731 manu
3320 1678 3437 1746 ejus

1837 1767 2087 1836 scriptu,
2119 1783 2239 1835 qua:
2266 1776 2392 1822 ante
2424 1777 2531 1822 tres
2561 1783 2775 1824 menses
2809 1769 3092 1837 legationis
3123 1769 3188 1824 ad
3219 1786 3316 1826 nos
3348 1771 3436 1824 di-

116 1865 241 1911 cst:
270 1857 526 1931 Absorpta
550 1869 624 1914 est
655 1877 792 1916 mors
813 1864 868 1918 in
891 1863 1126 1917 victoria.
1158 1863 1259 1919 Ubi
1286 1875 1393 1930 est,
1425 1883 1585 1931 mors,
1609 1883 1732 1922 con-

1839 1869 2000 1914 vecta:
2028 1869 2202 1925 erant,
2243 1859 2258 1900 ί
2297 1871 2576 1930 portantes
2600 1878 2864 1928 errorem,
2900 1862 3187 1919 Vincentio
3214 1867 3439 1936 presby-

115 1952 281 2007 tentio
311 1962 401 2010 tua
428 1955 452 2008 ξ)
479 1956 565 2010 ubi
591 1966 665 2010 est
685 1998 698 2021 ,
722 1974 891 2023 mors,
915 1959 1131 2012 aculeus
1164 1969 1282 2013 tuus
1311 1959 1458 2030 (Ose.
1488 1976 1601 2026 aut,
1637 1961 1731 2023 ll;

112 2053 159 2096 et
194 2041 213 2100 I
243 2042 363 2102 Cor.
395 2061 487 2112 xv,
517 2047 587 2102 55
610 2048 627 2114 )
653 2048 675 2098 ?

185 2137 284 2194 57.
326 2137 550 2194 Joannis
574 2139 745 2208 Epist.
778 2141 844 2194 ad
870 2139 1148 2209 TlteOphil.
1171 2139 1401 2195 Ctesaria
1421 2141 1734 2210 MetrOpolis

106 2230 426 2284 I’alwstina:
458 2247 475 2282 :
499 2231 652 2284 totius
687 2231 915 2287 Orientis
945 2233 1247 2286 Antiochia.
1282 2231 1526 2291 Isidorus
1565 2233 1728 2288 Pres-

102 2327 291 2394 byter.
320 2351 391 2361 -—
418 2323 762 2392 Prmpostero
808 2322 1002 2378 ordine
1052 2323 1122 2380 de
1152 2325 1458 2382 animarmn
1507 2334 1652 2382 statu
1681 2334 1736 2381 et

100 2413 310 2469 carnis
335 2416 744 2472 resurrectione
773 2414 1159 2484 respondimus
1185 2433 1198 2468 :
1229 2417 1556 2487 omissisque
1589 2418 1736 2487 prino

100 2512 283 2581 cipiis
313 2511 607 2581 Epistolw,
642 2523 748 2568 tota
784 2515 940 2567 nobis
973 2525 1163 2570 contra
1194 2517 1442 2586 egregios
1471 2525 1733 2572 tractatus

99 2603 226 2674 ejus
259 2601 364 2657 fuit
393 2602 717 2672 disputatio.
772 2605 1063 2660 Maluimus
1104 2608 1252 2662 enim
1303 2608 1372 2663 de
1399 2608 1496 2663 Dei
1527 2609 1691 2664 rebus
1715 2650 1729 2675 ,

97 2711 273 2764 quain
309 2693 377 2750 de
419 2697 624 2752 nostris
658 2696 872 2766 injuriis
910 2698 1119 2754 dicere.
1160 2697 1222 2753 Si
1253 2702 1539 2770 peccaverit
1575 2699 1729 2754 homo

97 2789 150 2842 in
171 2788 450 2842 hominem
472 2829 487 2853 ,
509 2785 536 2825 ι)
561 2789 814 2860 rogabunt
837 2806 931 2860 pro
958 2807 1016 2845 eo
1038 2791 1106 2843 ad
1138 2790 1436 2846 Dominum.
1470 2792 1530 2848 Si
1556 2804 1729 2849 autem

95 2882 150 2934 in
181 2880 368 2938 Deum
393 2883 678 2948 peccaverit
699 2924 711 2944 ,
749 2883 862 2952 quis
889 2883 1055 2940 orabit
1087 2900 1182 2955 pro
1214 2901 1270 2941 eo
1292 2884 1334 2954 (Ι
1357 2882 1488 2958 Reg.
1515 2901 1575 2950 ιι,
1604 2885 1729 2954 25')?

94 2971 258 3028 Nunc
311 2988 341 3028 e
373 2973 592 3029 diverso
618 2973 778 3046 447
813 2991 979 3044 super
1034 2977 1218 3032 omnia
1275 2990 1493 3034 nostros
1531 2978 1728 3034 adver—

91 3068 280 3123 sarios
326 3066 624 3122 immortali
649 3068 775 3124 odio
819 3071 1236 3137 persequimur:
1291 3070 1724 3141 blasphemanti-

85 3158 193 3214 bus
229 3160 449 3227 Deum,
483 3161 814 3218 clementem
843 3163 1168 3233 porrigimus
1194 3180 1436 3221 manum.
1481 3175 1502 3202 ο
1527 3165 1728 3220 Scribit

84 3253 154 3308 ad
187 3251 581 3320 TheOpbilum
615 3253 934 3323 episcopum
978 3255 1282 3326 apologiam
1311 3298 1326 3322 ,
1378 3257 1536 3326 cujus
1582 3256 1722 3314 istud
1755 3285 1799 3350 ρ

86 3346 404 3401 exordium
437 3355 519 3400 est
545 3363 556 3398 :
597 3365 613 3397 ι
649 3346 729 3401 Τιι
755 3347 971 3416 quidem
1005 3357 1062 3402 ut
1090 3347 1252 3404 homo
1279 3349 1395 3413 Dei,
1424 3357 1476 3404 et
1500 3359 1722 3420 aposto-

86 3440 198 3496 lica
232 3448 482 3497 ornatus
527 3445 700 3509 gratia
730 3484 744 3507 ,
791 3457 977 3497 curam
1028 3445 1270 3499 omnium
1309 3445 1679 3500 Ecclesiarum
1707 3487 1721 3512 ,

89 3536 352 3590 maxime
387 3533 508 3604 ejus
531 3550 652 3604 quae
681 3535 732 3588 in
765 3535 1124 3608 Jerosolymis
1158 3547 1242 3594 est
1266 3581 1280 3602 ,
1304 3540 1543 3594 sustines
1564 3580 1579 3606 ,
1603 3554 1724 3594 cum

93 3626 217 3695 ipse
256 3625 531 3697 plurimis
555 3626 1011 3683 sollicitudinibus
1038 3629 1300 3686 Ecclesia:
1335 3631 1454 3697 Dei,
1477 3647 1600 3700 qua:
1625 3631 1727 3687 sub

88 3727 142 3774 te
182 3730 272 3778 est
296 3761 312 3785 ,
369 3719 748 3788 distringaris.
787 3740 805 3773 ι
845 3720 1053 3778 Laudat
1085 3722 1302 3789 faciem,
1334 3724 1400 3778 ad
1435 3739 1724 3792 personam

85 3814 423 3884 principum
475 3812 655 3868 trahit.
708 3814 788 3868 Tu
830 3816 920 3884 qui
968 3817 1183 3886 regulas
1226 3817 1425 3886 qumris
1454 3817 1727 3872 Ecclesia—

88 3907 285 3973 sricas,
330 3917 393 3962 et
426 3902 454 3940 ιι
483 3904 693 3967 Nicacni
723 3907 940 3961 concilii
973 3909 1272 3964 canonibus
1306 3910 1498 3976 uteris,
1528 3919 1580 3964 et
1603 3910 1726 3964 alie-

86 4014 188 4054 nos
219 4000 507 4066 clericos,
533 4008 729 4055 etcum
762 4000 876 4056 suis
904 4002 1176 4071 episcopis
1199 4012 1604 4056 commorantes
1630 4000 1724 4055 tihi

85 4093 290 4149 niteris
324 4106 632 4162 usurpare.
683 4094 954 4162 responde
1006 4093 1157 4159 mihi,
1207 4096 1273 4148 ad
1299 4095 1726 4153 Alexandrinum

83 4187 439 4257 episc0puin
464 4183 758 4240 Palaestina
788 4186 918 4256 quid
942 4187 1210 4256 pertinet?
1235 4187 1297 4242 Ni
1323 4187 1502 4256 fallor,
1530 4187 1632 4243 hoc
1656 4188 1726 4242 ibi

84 4276 457 4344 decernitur,
495 4285 552 4332 ut
579 4276 880 4334 Palaestinae
924 4279 1242 4348 tuctrOpolis
1271 4280 1506 4336 Ciesaria
1535 4281 1604 4336 sit
1629 4324 1642 4348 ,
1676 4289 1732 4333 ct

85 4373 262 4431 totius
294 4370 567 4429 Orientis
597 4369 906 4428 Antiochia.
933 4374 1043 4427 Aut
1065 4371 1225 4440 igitur
1251 4372 1318 4427 ad
1333 4372 1726 4429 Caesariensem

80 4465 437 4537 episcopum
473 4465 685 4520 referre
707 4465 1001 4530 debueras,
1034 4465 1144 4530 cui,
1174 4473 1358 4532 spreta
1383 4467 1730 4522 communio-

80 4575 147 4613 ne
181 4568 309 4624 tua,
343 4558 777 4616 communicare
805 4572 905 4612 nos
929 4573 1192 4621 noveras;
1219 4566 1310 4613 aut
1339 4558 1384 4611 si
1424 4559 1608 4625 procul
1635 4574 1729 4612 ex-

1842 1960 1961 2007 tero
1984 1952 2208 2008 redditae
2239 1962 2395 2017 sunt,
2431 1970 2550 2023 qua:
2575 1969 2637 2008 us
2659 1971 2744 2023 jue
2777 1954 2936 2010 hodie
2965 1956 3032 2011 ab
3061 1973 3126 2012 c0
3158 1967 3435 2025 tenentur,

1837 2045 2036 2114 quibus
2055 2046 2370 2104 cohortatur
2396 2046 2563 2119 448
2585 2048 2775 2104 ducem
2810 2051 3085 2105 exercitus
3112 2051 3192 2105 sui
3215 2093 3229 2114 ,
3265 2061 3317 2105 nt
3342 2067 3437 2105 sn-

1838 2153 1935 2206 per
1961 2147 2167 2206 petram
2193 2139 2342 2205 fidei,
2369 2141 2548 2196 stabili
2575 2142 2834 2208 persistat
2855 2142 3042 2211 gradu,
3064 2152 3086 2189 Β
3114 2159 3214 2198 nec
3240 2143 3441 2198 nostris

1839 2229 2032 2286 inertiis
2065 2236 2353 2285 terreatur.
2386 2232 2677 2288 Pollicetur
2727 2247 2788 2287 se
2818 2243 3106 2303 antequam
3152 2234 3439 2303 legationis

1839 2331 1984 2377 esset
2011 2322 2115 2377 ulla
2145 2323 2419 2392 suspicio,
2459 2335 2744 2380 venturum
2778 2326 3170 2400 Jerosolymam
3202 2373 3216 2395 ,
3269 2340 3320 2385 et
3369 2331 3434 2386 ad

1837 2413 2128 2470 adventum
2161 2429 2318 2470 suum
2351 2416 2494 2471 illico
2523 2417 2961 2476 adversariorum
3004 2437 3208 2476 cuneos
3255 2431 3440 2492 prote-

1839 2507 2058 2564 rendos.
2078 2507 2145 2563 Et
2168 2510 2310 2565 inter
2330 2518 2524 2565 caetera
2553 2509 2636 2564 his
2659 2512 2821 2568 etiam
2837 2513 3016 2569 verbis
3037 2514 3236 2570 utitur:
3262 2516 3439 2582 «Quo-

1839 2599 1999 2655 modo
2029 2601 2203 2657 Iutnus
2230 2601 2280 2655 in
2310 2601 2793 2668 aeredissolvitur,
2831 2615 2885 2658 et
2920 2621 3043 2661 cera
3077 2606 3142 2660 ad
3184 2608 3436 2661 viciniam

1835 2691 1977 2760 ignis
2011 2692 2252 2761 liquescit
2291 2694 2396 2747 :ita
2429 2693 2845 2762 dissipabuntur
2873 2698 2964 2766 qui
2996 2713 3212 2766 semper
3241 2698 3432 2753 Eccle-

1833 2786 2069 2842 siasticm
2096 2785 2218 2842 ﬁdei
2252 2787 2589 2852 resistentes,
2616 2804 2758 2844 nunc
2777 2805 2871 2857 per
2889 2788 3136 2844 homines
3157 2791 3434 2860 simplices

1831 2878 2080 2937 eamdem
2109 2879 2270 2934 tidem
2303 2879 2604 2948 inquietare
2626 2891 2910 2936 conantur.

1903 2972 1991 3026 38.
2035 2971 2188 3041 Rogo
2213 2979 2289 3038 te,
2317 2971 2509 3038 Icctor,
2540 2973 2632 3042 qui
2665 2973 2769 3028 hoc
2797 2973 2986 3030 scribit
3027 2985 3317 3045 antequam
3340 2993 3430 3030 ve-

1832 3063 1944 3121 niat
1964 3105 1980 3130 ,
2008 3064 2100 3134 qui
2131 3064 2223 3119 tibi
2256 3063 2510 3120 videtur?
2539 3065 2909 3132 adversarius,
2939 3083 3008 3124 an
3038 3068 3290 3140 legatus?
3325 3070 3428 3126 Iste

1831 3164 1915 3212 est
1944 3172 2102 3226 quem
2127 3172 2224 3212 nos
2255 3156 2555 3227 piissimum
2582 3159 2664 3214 vel
2691 3159 3157 3228 I'Cligiii5I:SIlnlIIll
3186 3203 3200 3225 ,
3246 3173 3298 3217 et
3324 3204 3336 3228 ,
3373 3173 3431 3217 ut

1833 3250 2057 3306 verbum
2101 3252 2470 3321 exprimamus
2530 3252 2788 3320 ever-bo,
2844 3253 3100 3308 deiectam
3155 3253 3426 3327 [θεοσεϐέ-

1831 3343 2042 3416 στατον]
2077 3360 2359 3413 possumus
2381 3346 2586 3401 dicere.
2613 3344 2724 3401 Iste
2752 3354 2834 3400 est
2857 3347 3020 3403 homo
3043 3348 3239 3403 αἰνίιιω
3269 3349 3433 3403 intel-

1832 3439 2095 3508 ligentiae;
2131 3447 2235 3493 tam
2267 3449 2486 3507 potens,
2520 3447 2574 3494 et
2627 3448 2770 3493 tanta
2818 3439 3062 3497 incessus
3113 3456 3176 3496 ac
3212 3440 3430 3496 habitus

1830 3533 2113 3602 dignitate,
2134 3542 2188 3588 ιιι
2206 3535 2355 3603 quasi
2386 3533 2684 3603 spiritualis
2713 3534 3086 3604 Hippocrates,
3111 3537 3429 3606 languorem

1829 3628 2132 3683 animarum
2149 3641 2453 3684 noSIrarum
2477 3643 2570 3682 sua
2593 3628 2826 3696 potuerit
2851 3629 3132 3697 pra-sentin
3158 3627 3428 3695 mitigare,

1831 3722 1875 3774 si
1910 3727 2088 3776 tamen
2122 3735 2222 3775 nos
2249 3719 2581 3774 voluerimus
2603 3736 2711 3776 sua:
2744 3720 3028 3776 medicime
3053 3721 3424 3788 acquiescere.

1831 3811 2000 3867 Curet
2048 3828 2107 3866 se
2157 3812 2248 3866 tali
2280 3812 2640 3868 medicamine
2675 3853 2691 3879 ,
2725 3813 2815 3882 qui
2865 3813 3028 3868 etiam
3060 3811 3198 3866 alios
3239 3826 3432 3869 curare

1833 3905 2136 3960 consuevit.
2165 3902 2333 3961 Nobis
2364 3903 2544 3959 divina
2570 3904 2656 3958 illa
2683 3905 3059 3973 intelligentia,
3094 3919 3189 3970 pro
3214 3902 3432 3960 Christo

1832 4000 2061 4056 stultitia
2089 4007 2190 4055 est.
2225 3999 2481 4056 Libenter
2509 4009 2696 4055 nostra
2721 3999 3029 4056 rusticitate
3064 3998 3388 4068 languemus
3415 4041 3430 4066 ,

1835 4108 1902 4148 ne
1947 4091 2174 4162 collyrio
2229 4102 2409 4146 vestro
2464 4091 2631 4161 impie
2684 4093 2866 4146 videre
2914 4093 3209 4148 discamus.
3251 4107 3268 4141 ι
3305 4087 3433 4143 Tua:

1836 4200 1967 4242 vero
2020 4185 2427 4249 sanctimoniae,
2464 4200 2561 4253 pro
2601 4188 2802 4255 optima
2849 4188 3127 4240 voluntate
3175 4181 3330 4253 quasi
3361 4182 3428 4237 ad

1837 4278 1999 4332 tinem
2031 4291 2201 4345 usque
2226 4278 2480 4343 perducta
2507 4278 2576 4333 sit
2603 4319 2617 4344 ,
2670 4280 3028 4348 depreeamur
3057 4273 3342 4332 Dominum
3377 4274 3431 4329 in

1836 4372 2037 4426 sanetis
2067 4369 2200 4426 locis
2251 4382 2408 4426 nocte
2453 4386 2516 4424 ac
2565 4371 2688 4436 die,
2735 4380 2793 4426 ιιι
2822 4373 2870 4424 ei
2921 4369 3111 4426 reddat
3140 4365 3431 4438 perfectam

1835 4464 2142 4521 mercedem
2173 4506 2186 4530 ,
2220 4475 2274 4518 et
2303 4480 2561 4522 coronam
2593 4465 2715 4517 vita:
2741 4463 3028 4533 largiatur.
3057 4482 3075 4514 ι
3111 4462 3285 4519 Recte
3314 4478 3438 4532 gra-

1838 4559 1939 4612 tias
1961 4559 2103 4626 agis;
2135 4558 2232 4611 nisi
2257 4558 2402 4611 enim
2432 4557 2668 4611 venisset
2695 4555 2967 4623 Isidorus,
3010 4564 3067 4611 tu
3111 4557 3161 4610 in
3193 4565 3302 4612 tota
3330 4557 3433 4613 Pa-

77 4655 410 4722 petenduin
429 4653 700 4724 judicium
731 4662 849 4707 erat
880 4692 894 4717 ,
936 4651 1281 4709 Antiochiam
1305 4652 1484 4722 potius
1532 4653 1729 4708 littera:
1756 4684 1812 4744 Β
1839 4649 2045 4704 hostilia
2075 4659 2182 4703 tam
2214 4649 2426 4704 ﬁdelem
2454 4649 2693 4704 sodalem
2719 4665 2826 4703 non
2848 4650 3173 4706 invenisses.
3197 4651 3312 4706 Nisi
3342 4654 3432 4708 ille

77 4748 437 4820 dirigendae.
475 4747 584 4802 Sed
619 4747 741 4800 novi
765 4762 863 4802 cur
894 4743 1207 4810 Cessat-iam,
1250 4760 1347 4799 cur
1377 4742 1721 4801 Antiochiam

78 4843 352 4898 nolueris
382 4843 641 4898 mittere.
663 4841 883 4896 Sciebas
911 4839 1037 4909 quid
1070 4841 1307 4910 fugeres,
1341 4838 1472 4906 quid
1499 4838 1723 4894 vitares.

75 4936 338 4996 Maluisti
367 4935 670 5005 occupatis
692 4935 919 4994 auribus
963 4935 1272 4994 molestiam
1301 4932 1480 4991 facere
1507 4975 1522 4997 ,
1561 4949 1725 5003 quam

77 5031 348 5092 debitum
379 5029 825 5098 Metropolitum
869 5040 962 5084 tuo
1008 5029 1278 5086 honorem
1320 5028 1573 5086 reddere.
1617 5028 1729 5083 Nec

79 5125 184 5182 hoc
229 5125 376 5182 dico
407 5166 425 5191 ,
462 5121 612 5192 quod
641 5130 837 5192 printer
866 5122 1156 5188 amicitias,
1208 5138 1327 5192 qua:
1358 5123 1726 5193 suspicionem

150 5405 180 5434 ⁸
213 5395 388 5452 Idem
423 5390 660 5462 spiritus
686 5391 864 5460 pennis
890 5390 1193 5452 insimulatis,
1222 5405 1327 5462 non
1348 5388 1580 5462 abolitis.

154 5465 179 5506 δ
213 5460 628 5523 Βειιυοῖἀειῐι
656 5478 762 5515 ms.
795 5463 1012 5514 orabunt
1058 5478 1150 5531 pro
1178 5477 1258 5515 eo.
1296 5460 1360 5514 Si
1387 5470 1582 5526 autem,
1615 5467 1722 5513 etc.

82 5534 840 5612 Re"‘!e“l,°_G?‘?°”.“?““°
908 5604 937 5612 ,.
1018 5602 1050 5612 ,η
1162 5605 1168 5612 .
1239 5603 1247 5612 .

155 5621 176 5648 ε
213 5608 461 5666 Desinit
501 5603 597 5656 liic
643 5604 740 5655 loci
774 5618 872 5655 ms.
907 5604 961 5658 S.
1013 5602 1203 5656 Crucis
1238 5603 1336 5654 hac
1363 5600 1543 5653 addita
1575 5601 1726 5654 clau-

82 5683 218 5744 sula.
258 5675 546 5748 Explicil
588 5672 709 5748 uber
744 5672 1048 5748 dierectus?
1075 5682 1255 5748 castra
1299 5674 1505 5748 eos"!!!
1543 5671 1725 5748 Quee-

81 5756 158 5806 m's
186 5741 254 5808 de
280 5741 721 5824 reiyﬂectioiic.
757 5744 843 5809 Et,
876 5741 1107 5824 Εερριὶυἱε
1133 5745 1262 5798 liber
1289 5741 1505 5796 Eusebii
1537 5741 1727 5796 Hiero-

213 5827 223 5869 ἰ
246 5827 320 5869 ιιι
358 5827 792 5869 Hesurreclwne
818 5832 1008 5869 carius.

81 5827 223 5897 nymi
246 5823 320 5881 de
355 5823 792 5878 Resurreclione
818 5823 1008 5869 mritis.
1397 5887 1404 5896 .

153 5896 177 5933 ἀ
211 5893 495 5966 Respicit
554 5883 804 5940 Nieantos
852 5901 1085 5941 canones
1117 5885 1150 5939 6
1180 5896 1232 5939 et
1259 5885 1289 5938 7
1319 5885 1516 5956 quibus
1546 5887 1728 5941 (la-sae

1837 4743 1931 4796 tibi
1966 4739 2290 4808 promissum
2344 4751 2683 4809 apportasset
2735 4741 3037 4808 auxilium,
3087 4743 3324 4799 haerercs
3378 4745 3433 4800 in

1840 4836 1993 4890 turba
2018 4832 2377 4898 rusticorum,
2427 4850 2547 4902 quin
2603 4835 2923 4901 sapientiam
2959 4848 3100 4893 tuam
3133 4837 3436 4906 intelligere

1841 4946 1949 4984 non
1982 4936 2182 4996 posset.
2238 4924 2362 4977 Iliec
2415 4925 2529 4992 ipsa
2554 4925 2796 4994 apologia
2817 4967 2830 4988 ,
2855 4927 2922 4982 de
2945 4946 3050 4998 qna
3077 4943 3218 4982 nime
3253 4943 3436 4982 sermo

1843 5031 1947 5088 est,
1970 5018 2459 5085 Isidor-otirzesente
2480 5023 2536 5074 et
2563 5016 2790 5072 multum
2816 5020 3208 5085 collaborante,
3236 5018 3439 5077 dictata

1846 5123 1952 5180 est,
1981 5123 2036 5168 ut
2068 5109 2210 5168 idem
2243 5118 2409 5179 esset,
2443 5120 2494 5167 et
2517 5110 2748 5166 dictator
2782 5123 2835 5168 et
2858 5114 3074 5186 bajulus
3105 5115 3435 5172 litterarum.

1842 5388 1921 5460 ria
1954 5402 2060 5442 non
2093 5397 2198 5443 tam
2248 5390 2616 5452 constituitur,
2650 5403 2808 5460 quam
2839 5390 3134 5445 constituta
3170 5403 3436 5458 recogno-

1835 5459 2007 5535 scitur
2036 5461 2323 5515 Palestinae
2355 5459 2696 5535 metropolis,
2725 5461 2886 5531 eique
2936 5461 3126 5516 ismare
3154 5475 3432 5532 praeroga-

1837 5529 1942 5584 tiva
1974 5535 2346 5588 coniirinatnr.

1913 5612 1936 5638 ο
1967 5602 2134 5657 Vetus
2168 5605 2299 5660 edit.
2337 5608 2568 5672 alioquin
2600 5603 2930 5672 proferantur
2959 5613 3006 5657 et
3042 5605 3245 5656 littera.

1917 5673 2389 5732 rRosoriliendum
2441 5679 2724 5736 videatur,
2777 5677 3030 5744 portantis
3079 5689 3284 5740 errore;
3335 5679 3431 5733 sed

1835 5743 2066 5819 fortasse
2113 5750 2289 5802 verius
2338 5760 2602 5819 portantes
2650 5743 2928 5813 terrorem,
2966 5757 3022 5800 ιιι
3050 5743 3349 5803 Wasteiius
3382 5753 3433 5808 in

1841 5813 2104 5871 Vindiciis
2136 5833 2305 5886 putat.

1913 5895 1935 5930 κ
1975 5887 2196 5959 Eadem,
2230 5908 2319 5947 nec
2347 5891 2536 5946 nostris
2562 5888 2713 5945 minis
2747 5896 3059 5947 terreantur.
