4054 6342
655 344 752 401 591
1911 339 1968 396 S.
2013 337 2282 397 EUSEBII
2321 337 2704 398 IIIERONYMI
3825 343 3912 400 392

726 465 814 518 59.
859 460 1144 517 Archelaus
1167 476 1354 514 comes.
1413 460 1476 516 S.
1529 459 1810 532 Epiphanii
1839 461 2133 528 prudentia.
2183 492 2251 502 --
2281 464 2329 522 Α
2358 461 2625 516 mandasti
2653 470 2923 533 aegrotare
2950 463 3340 535 nescioquam:
3363 465 3458 520 illo
3479 465 3563 520 die
3590 471 3642 522 te
3669 480 3767 520 non
3781 480 3912 535 posse

660 574 678 607 c
701 555 832 609 Cum
853 570 982 625 ergo
1005 564 1031 591 κ
1053 553 1156 609 huc
1174 555 1436 620 venisset,
1460 562 1516 608 et
1536 554 1939 609 accessissetad
1965 570 2060 609 nos
2083 553 2255 610 tribus

656 648 899 713 vicibus,
933 657 987 702 et
1028 646 1360 702 admovisset
1409 655 1515 701 tam
1559 646 1759 701 divina:
1808 647 2088 718 sapientia:
2117 657 2252 714 tuas,

655 757 817 812 quam
843 741 1074 811 propria:
1101 739 1475 810 intelligentia:
1506 739 1756 795 habentia
1785 741 2110 796 medicinam
2136 756 2256 795 vrr-

660 835 760 899 ba,
795 849 895 888 nec
941 832 1140 902 profuit
1181 833 1371 898 alicui,
1425 848 1524 888 nec
1552 833 1754 903 profuit
1792 835 1842 889 ei
1888 835 2194 905 quisquam.
2233 853 2250 886 ι

660 928 759 984 llic
781 929 868 999 qui
923 927 989 982 ad
1040 937 1147 982 tres
1174 927 1322 982 vices
1372 927 1572 983 dicitur
1600 927 1664 981 ad
1697 942 1797 982 nos
1836 929 2169 994 accessisse,
2201 939 2259 982 ut

660 1021 716 1076 in
765 1019 1031 1076 veniendo
1083 1021 1368 1090 mysticum
1403 1035 1686 1076 numerum
1743 1031 2131 1088 conservaret,
2167 1021 2256 1091 qui

664 1112 948 1182 TbeOphili
977 1111 1216 1182 episcopi
1241 1111 1555 1167 mandatum
1613 1111 1778 1184 449
1811 1113 1967 1168 nobis
1998 1112 2255 1183 loqueba-

665 1219 768 1277 tur,
796 1209 1001 1264 litteras
1017 1207 1197 1262 adnos
1223 1208 1290 1263 ab
1312 1223 1376 1262 eo
1401 1208 1593 1261 missas
1621 1206 1790 1261 noluit
1818 1207 2068 1263 reddere.
2099 1206 2259 1262 Cum-

661 1319 767 1374 qne
784 1303 1121 1358 diceremus:
1145 1302 1202 1358 Si
1227 1302 1434 1372 legatus
1455 1315 1538 1367 es,
1561 1301 1726 1356 redde
1749 1301 2032 1371 legationis
2059 1299 2263 1369 episto-

662 1397 742 1451 las
776 1415 788 1450 :
820 1395 866 1452 si
893 1395 1152 1464 epistolas
1179 1411 1284 1450 non
1343 1394 1513 1449 habes
1537 1437 1550 1458 ,
1612 1393 1889 1464 quomodo
1935 1394 2172 1465 legatum
2209 1403 2260 1446 te

664 1489 918 1560 probabis
946 1489 968 1540 ?
1001 1488 1300 1558 RCSpondit
1331 1503 1391 1542 se
1424 1487 1626 1542 habere
1669 1486 1886 1556 quidem
1933 1486 2140 1540 litteras
2195 1483 2260 1538 ad

665 1580 1115 1651 noszadjuratum
1149 1590 1327 1634 tamen
1359 1579 1428 1634 ab
1451 1578 1948 1649 Hierosolymorum
1980 1577 2259 1646 episcOpo,

664 1691 733 1732 ne
763 1675 917 1730 nobis
944 1689 1036 1729 eas
1063 1673 1332 1729 redderet.
1371 1673 1448 1727 En
1479 1671 1639 1742 legati
1665 1672 1969 1726 Constantia
1998 1713 2013 1738 ,
2069 1671 2162 1741 qni
2207 1682 2265 1724 nt

666 1783 852 1841 pacem
881 1767 1110 1833 faceret,
1161 1777 1216 1822 et
1264 1767 1630 1837 suSpiciouem
1679 1765 1730 1818 in
1781 1764 2005 1819 alteram
2053 1773 2262 1834 partem

2355 552 2564 608 venire.
2599 552 2848 610 Ludione
2886 570 2954 609 an
2994 555 3288 627 episcopus
3320 558 3436 612 base
3464 557 3743 625 loquitur?
3791 555 3913 611 Pone

2359 660 2544 700 verum
2567 660 2689 702 esse
2719 647 2865 718 quod
2890 647 3030 703 dicis
3056 690 3070 714 ,
3127 658 3352 720 propter
3401 649 3562 704 unius
3607 648 3910 704 muliercula.

2359 738 2603 806 delicias,
2631 755 2698 795 ne
2721 748 2774 796 te
2805 741 3032 797 absente
3064 741 3248 797 doleat
3271 751 3455 813 caput,
3483 741 3749 797 fastidium
3779 740 3915 795 susti-

2360 841 2509 897 neat,
2534 833 2816 888 stomacho
2841 833 3221 906 perfrigcscat,
3252 835 3510 890 Ecclesia:
3539 850 3751 890 causam
3776 834 3915 902 negli-

2359 925 2485 996 gis?
2505 935 2582 980 tot
2609 927 2874 994 virorum,
2898 939 2952 982 et
2981 928 3405 984 christianorum
3428 939 3480 984 et
3512 926 3538 965 ἀ
3565 928 3916 984 monachorum

2360 1021 2666 1074 contemnis
2699 1023 3045 1089 pra-sentiam
3077 1022 3100 1075 ?
3146 1021 3430 1076 Noluimus
3475 1020 3805 1075 occasionem
3831 1019 3912 1073 da-

2363 1127 2423 1166 re
2472 1130 2485 1165 :
2551 1111 2874 1168 videbamus
2901 1114 3045 1169 enim
3083 1115 3364 1185 stropham
3392 1114 3669 1170 dilationis
3706 1123 3820 1180 tum,
3850 1113 3916 1167 in-

2356 1203 2554 1273 juriam
2591 1207 2848 1274 patientia
2881 1208 3127 1263 vicimus.
3155 1209 3422 1265 ltescribit
3451 1209 3556 1281 [ΑΙ.
3583 1209 3719 1279 quod
3743 1207 3919 1278 scribit]

2363 1295 2695 1351 Archelaus:
2749 1309 2936 1354 monet
2986 1299 3160 1354 altero
3190 1310 3246 1355 et
3285 1301 3445 1355 tertio
3485 1301 3572 1355 die
3613 1299 3918 1360 mancre,si

2365 1391 2532 1446 vellet
2563 1392 2669 1464 [ΑΙ.
2701 1396 2743 1447 si
2769 1393 2959 1465 velles]
3009 1395 3219 1450 venire.
3258 1396 3440 1450 Atille
3467 1406 3764 1466 occupatus
3789 1413 3800 1448 ε
3828 1395 3920 1449 Ma-

2367 1482 2595 1538 liereula
2617 1485 2760 1539 enim
2793 1502 3015 1540 vomere
3045 1502 3148 1541 non
3181 1489 3418 1542 cessavit
3451 1505 3462 1541 :
3519 1488 3648 1543 dum
3700 1503 3920 1544 nauseam

2368 1575 2651 1639 evasisset,
2684 1579 2853 1631 nostri
2880 1578 3096 1647 penitus
3124 1580 3326 1635 oblitus
3359 1591 3462 1635 est.
3496 1581 3630 1637 Post
3654 1582 3779 1636 duos
3817 1595 3922 1650 ergo

2369 1683 2586 1724 menses
2609 1670 2842 1725 tamdem
2877 1682 3223 1741 exspectatus
3252 1673 3398 1728 venit
3422 1673 3678 1741 Isidorus,
3706 1675 3788 1745 qui
3818 1687 3921 1736 non,

2372 1771 2430 1814 ut
2462 1770 2516 1815 tu
2551 1763 2708 1833 lingis
2734 1805 2749 1829 ,
2779 1780 2874 1830 pro
2913 1775 2961 1819 te
2989 1766 3384 1833 testimonium,
3413 1767 3506 1821 sed
3537 1783 3748 1823 causam
3769 1777 3925 1837 postu-

664 1862 868 1917 favoris
912 1860 1265 1924 excluderet,
1303 1875 1513 1930 aequum
1568 1874 1628 1912 se.
1660 1861 1904 1929 utrisque
1956 1858 2166 1913 tribuit.
2201 1859 2264 1912 Et
2296 1849 2342 1908 Β
2373 1858 2493 1913 latae
2521 1858 2906 1914 satisfactionis
2937 1860 3162 1915 audivit.
3219 1862 3352 1916 Cum
3400 1862 3544 1916 enim
3573 1862 3825 1932 obiiceret
3852 1876 3928 1914 no-
4004 1905 4005 1932 ι

665 1955 790 2026 quia
837 1955 954 2009 sine
1009 1954 1302 2022 emplastro
1334 1961 1590 2015 venerat,
1629 1961 1682 2006 et
1718 1950 2049 2006 medicorum
2085 1967 2264 2004 arma—

666 2057 849 2104 menta
879 2062 983 2102 non
1015 2046 1275 2112 habebat,
1301 2045 1502 2100 idcirco
1531 2045 1646 2114 ejus
1676 2043 1942 2099 medicina
1978 2059 2082 2098 non
2139 2060 2264 2113 pro—

662 2141 783 2197 fuit.
820 2139 1188 2210 Hieronymus
1221 2147 1274 2193 et
1309 2137 1361 2192 hi
1385 2153 1506 2193 cum
1529 2152 1596 2192 eo
1623 2146 1769 2204 sunt,
1833 2155 1851 2188 ι
1887 2145 1943 2192 et
1964 2145 2178 2192 secreto
2209 2146 2266 2192 et

663 2250 844 2290 coram
874 2233 1146 2298 omnibus,
1180 2231 1622 2302 frequentissime
1653 2240 1709 2286 et
1753 2229 1856 2284 sub
1908 2229 2265 2299 jurisjurandi

664 2329 1046 2386 testiﬁcatione
1085 2328 1218 2381 satis
1259 2325 1310 2382 ei
1362 2325 1644 2390 fecerunt,
1702 2324 1843 2394 quod
1878 2340 2169 2394 numquam
2197 2323 2266 2378 de

663 2422 820 2479 nobis
846 2421 952 2494 [Αι.
989 2419 1168 2492 vobis]
1217 2419 1626 2492 ambiguitatem
1683 2418 1916 2488 aliquam
1976 2415 2270 2472 habuerint

662 2517 810 2584 ﬁdei,
837 2515 1112 2572 dicentes:
1131 2513 1414 2581 Quomodo
1439 2528 1504 2568 eo
1524 2509 1997 2582 temporequando
2019 2525 2266 2564 commu-

666 2611 984 2667 nicabamus
1013 2606 1133 2677 ei,b
1165 2623 1306 2662 nunc
1321 2607 1576 2660 similiter
1603 2604 1856 2659 eumdem
1888 2601 2143 2657 affectum
2172 2602 2267 2654 ha-

663 2705 856 2759 bemus
885 2702 954 2757 de
979 2702 1189 2756 ratione
1221 2699 1368 2754 ﬁdei.
1405 2719 1423 2750 ι
1460 2697 1646 2755 Videte
1678 2697 1804 2766 quid
1831 2696 1992 2750 faciat
2030 2710 2265 2763 concor-

665 2794 754 2847 dia
785 2793 1120 2864 dogmatum.
1154 2792 1392 2846 Isidorus
1414 2832 1429 2858 ,
1485 2801 1542 2844 ut
1587 2789 1703 2842 haec
1744 2788 2116 2857 signiﬁcaret,
2148 2787 2267 2857 ejus

668 2884 846 2939 socius
876 2893 1021 2951 erat,
1056 2884 1222 2938 homo
1258 2885 1349 2938 Dci
1397 2891 1455 2939 et
1495 2881 1784 2951 presbyter
1829 2883 2226 2942 θεοσεϐέστατος
2250 2921 2264 2947 ,

670 2985 727 3032 ει
755 2977 836 3030 vir
864 2985 1058 3045 potens
1080 3017 1094 3040 ,
1120 2987 1174 3030 et
1205 2991 1368 3029 sacro
1395 2990 1458 3028 ac
1482 2973 1784 3028 venerabili
1821 2974 2036 3028 incessu
2057 3014 2072 3039 ,
2103 2985 2156 3028 et
2184 2974 2264 3026 di-

673 3070 814 3124 vina:
849 3069 1260 3140 intelligentiae,
1317 3077 1374 3122 et
1424 3067 1787 3138 Hippocrates
1827 3065 2265 3120 Christianorum

673 3172 921 3217 vocatur.
955 3162 1066 3233 Ego
1095 3161 1338 3217 misellus
1359 3161 1488 3217 dum
1518 3162 1570 3216 in
1591 3159 1890 3215 solitudine
1918 3159 2205 3225 delitesco,
2237 3175 2267 3214 a

2369 1951 2473 2016 bis,
2503 1967 2670 2020 quare
2694 1952 2742 2006 ei
2775 1954 3244 2018 communicastis,
3274 1955 3316 2006 si
3349 1953 3642 2009 ltznreticns
3672 1954 3826 2009 erat?
3858 1969 3928 2005 au-

2366 2041 2501 2096 divit
2527 2043 2594 2098 ab
2623 2043 2880 2098 omnibus
2907 2087 2920 2110 ,
2953 2045 3474 2101 communicavimus
3518 2047 3650 2101 nihil
3680 2046 3744 2102 de
3765 2043 3926 2099 lnrresi

2372 2135 2732 2204 suspicantes.
2766 2135 3058 2207 Postquam
3090 2154 3218 2192 vero
3249 2154 3276 2190 a
3307 2139 3466 2192 beato
3489 2139 3635 2210 Papa
3667 2136 3926 2208 Epiphanio

2367 2239 2686 2295 conventus,
2720 2239 2825 2283 tam
2850 2245 3128 2296 sermone,
3161 2247 3322 2302 quam
3351 2232 3587 2300 litteris,
3639 2232 3928 2303 respondere

2367 2322 2694 2392 contempsit
2728 2339 2741 2376 :
2771 2325 2984 2379 cunctis
3011 2325 3289 2381 monachis
3333 2325 3401 2381 ab
3446 2325 3643 2382 eodem
3668 2324 3927 2395 Epiphanio

2367 2417 2564 2487 scripta
2592 2426 2880 2483 venerunt,
2913 2427 2968 2472 ιιι
2994 2419 3200 2488 absque
3229 2419 3767 2487 satisfactioneﬁdei,
3787 2417 3928 2472 nullus

2367 2510 2417 2564 ei
2445 2520 2649 2565 temere
2676 2512 3128 2567 communicaret.
3179 2512 3366 2567 Presto
3424 2521 3550 2565 sunt
3610 2514 3822 2576 litterai,
3854 2525 3930 2563 nec

2369 2618 2534 2672 super
2562 2603 2664 2658 hac
2692 2620 2752 2659 re
2779 2604 3018 2660 dubitari
3046 2615 3240 2675 potest.
3272 2606 3397 2660 Haec
3425 2617 3551 2660 sunt
3581 2623 3704 2677 qua:
3741 2606 3930 2659 fratrum

2370 2695 2520 2748 turba
2546 2697 2864 2766 respondit,
2900 2714 3003 2752 non
3053 2708 3109 2754 ιιι
3166 2708 3219 2753 tu
3269 2703 3694 2770 argumentaris,
3727 2717 3788 2755 cx
3813 2714 3870 2754 eo
3895 2707 3930 2750 lc

2369 2805 2476 2845 non
2508 2806 2629 2845 esse
2654 2791 2993 2858 bmreticum,
3023 2793 3150 2862 quia
3183 2793 3476 2863 aliquando
3505 2809 3618 2850 non
3645 2795 3814 2850 dictus
3857 2791 3930 2845 sis.

2372 2882 2636 2937 llacenim
2689 2885 2902 2939 ratione
2933 2897 3201 2956 aegrotare
3248 2901 3352 2940 non
3403 2886 3669 2953 debebit,
3709 2887 3796 2959 qui
3836 2893 3933 2939 ante

2369 2995 2395 3029 ιι
2415 2978 2776 3045 grotationem
2809 2993 2972 3032 sanus
2996 2978 3117 3032 fuit.

2440 3065 2528 3121 41.
2578 3067 2879 3123 Pauliniani
2913 3071 3192 3123 ordinatio.
3216 3089 3323 3121 -ι
3355 3071 3582 3138 Quando
3617 3083 3790 3128 autem
3811 3084 3932 3138 coap-

2369 3166 2478 3213 tum
2528 3169 2610 3214 est
2655 3160 2722 3215 de
2769 3160 3112 3217 ordinatione
3159 3161 3498 3229 Pauliniani,
3531 3173 3588 3219 et
3620 3167 3838 3220 aliorutn
3865 3159 3933 3230 qui

671 3267 823 3313 tanto
856 3256 1109 3327 pontifice
1139 3265 1667 3328 tepentetruncatus
1689 3299 1702 3322 ,
1725 3255 2029 3326 presbyteri
2065 3269 2262 3308 nomen
2295 3236 2336 3296 (ἶ
2371 3267 2492 3307 cum
2524 3268 2590 3307 eo
2617 3264 2761 3317 sunt,
2792 3253 3071 3318 ventilari,
3104 3253 3351 3309 videntes
3377 3271 3434 3310 se
3463 3256 3816 3324 reprehendi,
3839 3265 3934 3308 cum

667 3353 846 3408 amisi.
869 3353 936 3406 Et
961 3360 1142 3406 tamen
1169 3353 1268 3407 iste
1281 3351 1662 3423 Hieronymus,
1687 3365 1808 3404 cum
1840 3363 2078 3419 pannosa
2108 3348 2262 3402 turba

671 3454 728 3502 et
758 3443 1054 3500 sordidatis
1083 3444 1339 3515 gregibus
1370 3485 1383 3509 ,
1444 3442 1572 3514 quid
1625 3442 1835 3497 Isidoro
1891 3439 1972 3494 illi
2006 3440 2265 3495 fulmineo

669 3539 777 3612 [ΑΙ.
803 3538 1049 3610 fulmine]
1072 3554 1236 3592 ausus
1258 3546 1342 3592 est
1371 3537 1750 3607 respondere?
1781 3537 1850 3590 At
1903 3551 1973 3591 ne
1998 3535 2135 3590 forte
2175 3536 2266 3590 ille

675 3649 781 3688 non
812 3631 1050 3698 cederet,
1083 3639 1139 3686 et
1161 3631 1498 3700 opprimeret
1527 3645 1622 3684 eos
1654 3630 1964 3699 praesentia,
1988 3640 2008 3667 ε
2039 3638 2092 3682 ει
2121 3628 2266 3682 mole

667 3726 915 3797 corporis
938 3726 1040 3793 sui,
1067 3740 1171 3778 non
1189 3725 1377 3787 semel,
1397 3740 1501 3778 non
1519 3725 1698 3789 tertio,
1716 3723 1809 3778 sed
1829 3724 2266 3793 lt'cquentissime

662 3818 1029 3888 juraverunt,
1080 3832 1140 3873 se
1195 3833 1320 3873 eum
1365 3819 1433 3873 de
1489 3833 1598 3889 quo
1643 3817 1873 3888 qumstio
1924 3827 2074 3882 erat,
2129 3818 2268 3873 scire

667 3909 1038 3966 orthodoxum
1065 3951 1079 3976 ,
1108 3925 1208 3964 nec
1241 3925 1492 3981 umquam
1551 3909 1605 3962 in
1647 3909 1961 3979 suspicione
2010 3908 2267 3964 habuisse

667 4001 968 4058 hzereseos.
993 4001 1039 4057 Ο
1065 4011 1316 4073 apertum
1376 4001 1773 4072 impudensque
1806 4001 2181 4056 mendacium!
2223 4001 2266 4056 0

667 4096 1045 4151 testimonium
1098 4112 1198 4167 pro
1221 4110 1282 4151 se
1311 4138 1326 4164 ,
1365 4110 1469 4150 nec
1500 4095 1691 4150 Catoni
1739 4095 2000 4151 creditum
2029 4097 2041 4149 !
2077 4095 2135 4150 In
2168 4111 2268 4151 ore

663 4190 812 4244 enim
849 4189 1106 4255 duorum,
1136 4190 1221 4244 vel
1251 4189 1415 4244 trium
1464 4189 1678 4243 testium
1711 4199 1814 4243 stat
1845 4205 2007 4245 omne
2039 4190 2265 4244 verbum

667 4281 851 4352 (Deut.
883 4297 1050 4349 xxvn,
1077 4281 1141 4347 6;
1163 4291 1211 4335 et
1233 4280 1424 4335 Matth.
1461 4297 1612 4349 xviu,
1645 4282 1740 4346 16;
1763 4290 1808 4335 et
1835 4281 1876 4336 ll
1899 4280 2017 4336 Cor.
2049 4298 2158 4348 xw,
2187 4282 2264 4352 I).

665 4374 883 4430 Alicubi
913 4375 1022 4447 [AL
1058 4374 1371 4446 aliquando]
1411 4391 1479 4428 ne
1509 4373 1741 4440 dictum,
1794 4385 1884 4428 aut
1917 4374 2009 4429 tibi
2068 4372 2266 4428 alicubi

666 4469 980 4523 mandatum
1008 4478 1114 4536 εει,
1145 4469 1287 4539 quod
1319 4470 1436 4523 sine
1463 4467 1841 4522 satisfactione
1874 4467 1996 4521 ﬁdei
2025 4482 2268 4521 commu-

670 4555 890 4610 nionem
923 4566 1069 4610 tuam
1097 4554 1450 4610 subiremus?
1478 4553 1711 4621 Quando
1742 4569 1838 4624 per
1869 4555 2041 4608 virum
2091 4555 2266 4607 discr-

2371 3352 2590 3414 propter
2619 3345 2942 3401 charitatem
2975 3357 3138 3416 atque
3165 3347 3514 3402 concordiam
3539 3349 3937 3405 concederentur

2367 3438 2450 3490 eis
2493 3439 2708 3503 omnia;
2762 3439 2863 3493 hoc
2912 3449 3092 3494 autem
3142 3441 3320 3494 solum
3351 3452 3724 3512 expeteretur,
3759 3450 3809 3497 ut
3836 3441 3936 3493 licet

2367 3531 2436 3587 ab
2473 3531 2596 3586 aliis
2626 3544 2812 3589 contra
2845 3535 3060 3601 regulas
3089 3535 3327 3590 ordinati
3359 3545 3574 3603 essent,
3625 3549 3794 3592 tamen
3837 3531 3936 3587 sub-

2362 3626 2668 3696 jicerentur
2711 3626 2968 3681 Ecclesie
3017 3629 3150 3692 Dei;
3203 3638 3262 3682 ut
3305 3644 3411 3684 non
3459 3629 3775 3685 scindercnt
3811 3639 3933 3683 eam.

2367 3726 2530 3787 atque
2583 3717 2858 3787 proprium
2909 3718 3011 3774 sibi
3064 3718 3305 3775 facerent
3337 3720 3696 3791 principatum
3729 3739 3741 3775 :
3772 3721 3822 3776 in
3859 3719 3937 3769 hoc
4004 3717 4005 3722 ‘

2370 3824 2476 3864 non
2499 3809 2939 3879 acquiescentes,
2970 3823 3256 3880 cceperunt
3285 3826 3589 3882 proponere
3639 3813 3706 3867 de
3751 3809 3864 3869 ﬁde,
3899 3811 3939 3858 tl
4004 3793 4005 3796 η

2369 3904 2622 3957 οιι·ιιιί1›ιιε
2648 3913 2832 3958 notum
2850 3904 3049 3972 facere,
3069 3907 3212 3974 quod
3232 3905 3274 3958 si
3298 3921 3404 3959 non
3428 3915 3784 3975 arguerentur
3811 3895 3940 3962 biqni
4004 3895 4005 3908 ξ

2370 4015 2491 4052 cum
2517 3999 2849 4066 Ilicronymo
2871 3999 3192 4069 presbytero
3220 4010 3397 4062 erant,
3417 3996 3424 4010 '
3443 3997 3578 4052 nihil
3609 3999 3876 4068 eniparenl
3898 3989 3939 4042 ἱιι

2372 4094 2546 4149 nobis.
2564 4093 2658 4148 Sin
2683 4103 2863 4148 autem
2888 4107 3249 4166 arguerentur
3270 4094 3491 4157 erroris,
3510 4092 3674 4165 451
3700 4102 3751 4147 ει
3770 4089 3940 4154 culpat.

2371 4201 2492 4241 cum
2526 4186 2738 4255 penitus
2769 4202 2875 4240 non
2909 4194 3112 4257 queant
3139 4185 3205 4241 de
3247 4185 3548 4241 istiusmodi
3583 4180 3943 4256 quaestionibus

2371 4279 2671 4347 disputare,
2696 4277 3121 4334 satisfactionem
3145 4279 3306 4333 errati
3333 4278 3537 4348 proprii
3566 4293 3670 4332 non
3691 4272 3944 4328 invenien-

2373 4383 2473 4437 tes,
2490 4373 2555 4427 ad
2583 4374 2683 4428 ista
2701 4373 3057 4444 confugerent
3083 4391 3095 4428 :
3126 4388 3232 4427 non
3256 4388 3362 4443 quo
3383 4380 3771 4442 sperarcntnos
3799 4379 3945 4437 posse

2370 4465 2619 4519 convinci
2644 4507 2657 4529 ,
2697 4466 2791 4520 sed
2826 4464 3019 4520 famam
3069 4475 3308 4518 nostram
3343 4466 3544 4521 laedere
3583 4464 3896 4517 niterentur.
3927 4473 3938 4503 ι

2441 4557 2563 4612 1H".
2594 4557 2944 4612 Paulinianus
2967 4559 3234 4629 presbyter
3257 4557 3415 4632 Cypri
3439 4559 3756 4613 versabatur.
3779 4554 3946 4607 Hirro—

670 4647 943 4702 tissimum
974 4689 987 4713 ,
1017 4657 1072 4702 et
1098 4647 1613 4702 christianissimum
1634 4645 1954 4701 Archelaum
1986 4647 2264 4712 comitem,
2298 4628 2348 4688 Ῑ)
2375 4670 2559 4724 nymus
2590 4654 2860 4708 ordinatus
2887 4670 2918 4707 α
2949 4628 3197 4707 Paulino.
3219 4628 3467 4721 —'Quod
3499 4651 3754 4723 perplexa
3793 4643 3944 4703 oratio

661 4738 756 4811 qui
775 4751 1055 4810 sequester
1084 4741 1232 4810 pacis
1263 4737 1702 4805 era',condietns
1733 4737 2118 4793 locusfmderis
2144 4737 2264 4804 fuit,

663 4851 848 4892 nonne
869 4835 973 4890 hoc
1000 4834 1053 4889 in
1085 4835 1281 4904 primis
1309 4833 1647 4904 postulatum
1679 4841 1784 4895 est,
1824 4841 1881 4886 ut
1903 4833 2094 4886 futurae
2135 4847 2266 4887 con-

663 4931 865 4988 cordiae
898 4931 1032 4985 ﬁdes
1051 4930 1263 4998 jaceret
1292 4926 1686 4984 fundamenta?
1717 4927 2002 4982 Pollicitus
2033 4935 2119 4982 est
2143 4941 2263 4982 esse

657 5042 722 5082 se
753 5033 1069 5080 venturum.
1104 5023 1344 5078 Instabat
1371 5023 1490 5078 dies
1519 5022 1684 5093 450
1707 5021 1929 5077 Pascha-3
1957 5039 1970 5075 ε
2005 5021 2265 5092 frequens

667 5115 1062 5170 monachorum
1094 5115 1248 5169 turba
1293 5122 1629 5169 convenerat
1680 5114 1786 5183 [AL
1821 5115 2069 5187 venerat]
2102 5134 2114 5168 :
2171 5131 2264 5170 ex—

663 5209 1001 5280 spectabaris
1029 5209 1080 5262 in
1115 5207 1267 5262 loco:
1298 5207 1426 5277 quid
1447 5207 1678 5273 faceres,
1699 5209 2002 5264 nesciebas.
2020 5209 2265 5279 Repente

737 5383 766 5414 α
792 5373 852 5428 Ρ.
882 5368 1186 5425 Wastelius
1218 5365 1503 5437 legendum
1537 5366 1821 5422 contendit
1851 5368 1917 5420 ad
1967 5383 2073 5432 eos,
2103 5368 2266 5421 mini-

662 5463 752 5504 me
780 5441 1203 5510 suffragantibus
1243 5453 1378 5493 mss.

733 5517 762 5556 ι)
788 5515 934 5571 Idem
953 5505 1262 5567 ‘Wastelius
1299 5512 1350 5564 in
1383 5509 1668 5564 vetustiori
1699 5508 1929 5572 quadam
1977 5505 2109 5577 edit.
2164 5509 2264 5577 legi

662 5598 892 5646 testatur
926 5595 1048 5639 tunc
1086 5581 1322 5638 similiter
1371 5582 1604 5636 eumdem
1648 5577 1886 5642 (tl/"cctam
1919 5576 2267 5645 habebamus;

663 5675 826 5730 quam
854 5659 1145 5730 lectionem
1181 5653 1315 5708 tueri
1349 5652 1549 5705 frustra
1579 5656 1825 5730 conatur,
1859 5662 1981 5727 cum
2023 5659 2117 5701 aut
2145 5651 2264 5730 nul-_

666 5719 753 5783 l'us
777 5770 794 5795 ,
822 5736 916 5781 aut
943 5741 1074 5780 sane
1105 5728 1431 5792 incongruus
1453 5763 1468 5790 ,
1513 5730 1567 5775 et
1613 5719 2050 5788 llicronymiana:
2098 5722 2263 5775 menti

677 5798 988 5852 contrarius
1017 5796 1094 5849 sit
1117 5809 1331 5848 sensus.

747 5879 768 5908 ι’
794 5866 874 5922 Ex
919 5881 1106 5918 eorum
1153 5880 1348 5932 nempe
1379 5872 1499 5918 erat
1542 5862 1781 5918 Isidorus
1825 5877 2046 5933 genere,
2079 5864 2166 5935 qui
2196 5864 2263 5919 ob

2369 4759 2474 4814 εει,
2499 4763 2657 4804 nemo
2685 4749 2874 4803 vitium
2903 4758 2926 4784 ε’
2955 4748 3418 4818 interpretationis
3450 4757 3623 4817 putet.
3654 4745 3798 4801 Talis
3821 4739 3944 4796 enim

2371 4852 2426 4895 et
2455 4839 2643 4896 Graeca
2671 4852 2774 4896 est.
2799 4839 3020 4895 Interim
3050 4855 3150 4910 ego
3173 4841 3402 4911 gaudeo,
3428 4839 3571 4909 quod
3613 4839 3706 4909 qui
3750 4851 3833 4890 me
3867 4829 3946 4884 de-

2369 4933 2624 4986 collatum
2655 4932 2927 5002 putabam,
2957 4932 3138 4987 subito
3176 4933 3309 4986 mihi
3349 4930 3676 5003 presbyterii
3704 4933 3858 4998 caput
3882 4921 3948 4974 vi-

2371 5023 2473 5078 deo
2502 5026 2823 5094 repositum.
2855 5025 2990 5080 Dicit
3013 5040 3113 5079 nos
3139 5026 3360 5080 omnino
3382 5025 3631 5080 convinci
3657 5038 3764 5078 non
3789 5030 3945 5088 possm

2373 5125 2426 5170 ct
2453 5117 2640 5171 venire
2666 5117 2733 5171 ad
2767 5118 3008 5186 pra‘lium
3045 5119 3431 5187 perhorrescit.
3463 5118 3518 5173 Si
3558 5132 3723 5173 causa
3762 5113 3949 5170 discur-

2371 5209 2496 5277 diar,
2526 5226 2632 5265 non
2661 5229 2727 5267 ex
2756 5214 3101 5270 dissensione
3127 5214 3251 5270 ﬁdei
3279 5225 3358 5270 est
3381 5256 3396 5279 ,
3438 5215 3533 5270 sed
3576 5231 3644 5269 ex
3673 5200 3949 5267 Pauliniaui

2373 5377 2598 5424 statura:
2627 5373 3009 5440 proceritatem
3043 5372 3241 5429 fratres
3287 5375 3460 5441 Longi
3487 5373 3616 5430 dicti
3643 5380 3807 5436 sunt,
3843 5367 3950 5422 Di0~

2372 5454 2562 5494 scorus
2617 5458 2811 5518 neme
2839 5485 2852 5508 ,
2877 5448 3210 5518 [AmmOnius
3232 5487 3246 5508 ,
3281 5440 3575 5511 Eusebius,
3607 5440 3949 5518 Euthynous.

2371 5525 2602 5593 quorum
2659 5515 2710 5567 in
2763 5515 3143 5571 Ecclesiastica
3197 5515 3421 5571 historia
3476 5517 3743 5571 memoria
3800 5515 3951 5567 notis-

2370 5597 2531 5638 suna.

2445 5653 2472 5688 ⁴¹
2505 5653 2674 5726 \_[etus
2705 5657 2836 5710 edit.
2873 5668 2918 5711 et
2945 5659 3314 5713 monachorum
3345 5660 3648 5726 patientiam
3676 5668 3860 5714 tentus.

2450 5733 2471 5759 ο
2507 5724 2708 5802 Eadem
2750 5736 2905 5802 vetus
2951 5729 3082 5784 edit.
3135 5732 3308 5784 vitium
3351 5724 3772 5802 't'nterpretatoris
3808 5729 3948 5798 putt”-

2373 5795 2440 5847 Ει
2465 5799 2626 5871 paulo
2655 5809 2774 5867 post
2796 5799 2924 5852 dicis
2957 5817 3044 5854 ros
3075 5803 3301 5864 omnino,
3333 5809 3461 5865 ele.,
3489 5795 3550 5855 et
3573 5795 3952 5871 c0nsequcntcr

2370 5866 2735 5934 per/terrearis.
