4054 6332
184 215 282 275 595

994 218 1199 279 LIBER
1234 219 1513 278 CONTRA
1551 222 1869 281 JOANNEM
1909 222 2642 284 IIIEROSOLYMITANUM.

3373 244 3481 303 δθι

181 334 237 379 ιιι
261 324 417 389 dicis,
449 325 792 383 ordinatione
822 328 1126 400 descendit,
1178 348 1297 402 qua:
1345 343 1488 388 tanta
1538 334 1764 389 stultitia
1794 339 1847 397 Α
1877 335 1983 391 ﬁde
2032 338 2291 392 reticendi
2334 339 2557 395 daretur
2602 342 2841 396 occasio.
2892 343 2978 398 An
3030 360 3138 401 non
3191 357 3246 404 tu
3297 353 3478 421 potius

178 427 261 471 est
287 417 593 472 volentibus
631 422 970 478 occasionem
1010 424 1162 489 dare,
1210 426 1356 480 nolle
1400 426 1773 495 reSpondere?

180 505 447 564 Conﬁtere
474 510 666 579 ﬁdem;
700 514 795 570 sed
820 526 997 571 tamen
1028 518 1295 587 responde
1317 519 1460 588 quod
1484 522 1767 589 quaareris,

182 608 239 653 ut
261 601 510 658 omnibus
535 604 729 670 luceat,
763 623 871 663 non
920 609 988 663 de
1030 609 1159 676 ﬁde,
1205 610 1298 665 sed
1327 611 1395 666 de
1426 612 1770 667 ordinatione

179 706 303 747 esse
332 704 627 753 certamen.
660 699 922 767 Quamdiu
962 702 1105 757 enim
1138 702 1502 772 interrogatus
1537 703 1605 758 de
1639 705 1767 772 lide,

180 786 451 853 tacueris,
506 797 683 857 potest
734 792 828 847 tibi
877 793 1228 849 adversarius
1276 794 1499 848 dicere:
1539 794 1653 850 Non
1687 804 1771 850 est

178 881 532 935 ordinationis
563 899 747 950 causa,
780 886 875 942 sed
908 886 1057 943 ﬁdei.
1109 887 1169 943 Si
1218 887 1572 942 ordinationis
1606 903 1770 944 causa

176 981 281 1041 est,
307 975 467 1032 stulte
496 975 625 1033 facis
654 979 722 1034 de
749 979 856 1036 ﬁde
883 980 1275 1052 interrogatus,
1306 991 1510 1037 tacere.
1539 982 1595 1037 Si
1624 982 1768 1051 ﬁdei,

173 1067 337 1123 stulte
364 1071 658 1138 praetendis
685 1072 1107 1129 ordinationem.
1144 1074 1314 1129 Porro
1353 1075 1498 1145 quod
1539 1075 1673 1130 dicis
1719 1084 1770 1130 te

170 1158 401 1229 petisse.
434 1172 491 1216 ut
515 1163 922 1233 subjicercntur
950 1165 1203 1221 Ecclesia:
1236 1166 1358 1232 Dei,
1388 1175 1441 1220 et
1480 1180 1584 1220 non
1624 1166 1769 1222 scin—

167 1252 531 1323 derenteam,
556 1272 729 1328 neque
770 1258 1046 1328 proprium
1087 1259 1187 1313 sibi
1230 1260 1468 1313 facerent
1500 1258 1766 1329 principa-

168 1352 304 1411 tum,
337 1346 405 1401 de
426 1348 625 1417 quibus
654 1349 823 1415 dicas,
860 1365 963 1406 non
996 1352 1126 1405 satis
1158 1350 1423 1421 intelligo.
1470 1350 1526 1406 Si
1572 1352 1638 1406 de
1680 1366 1767 1407 me

166 1445 220 1494 et
254 1439 324 1494 de
349 1449 375 1475 η
402 1442 722 1513 presbytero
768 1443 1072 1507 Vincentio,
1118 1445 1252 1499 satis
1297 1444 1473 1498 multo
1515 1443 1765 1500 dormisti

163 1540 437 1604 tempore,
482 1538 569 1606 qui
613 1546 733 1606 post
780 1551 951 1592 annos
1000 1537 1284 1604 tredecim,
1316 1552 1459 1593 nunc
1497 1539 1765 1594 excitatus

162 1624 283 1681 haec
314 1627 571 1696 loqueris.
601 1626 682 1684 Ob
710 1628 762 1683 id
792 1632 935 1684 enim
965 1639 1019 1686 et
1043 1646 1142 1700 ego
1164 1630 1529 1696 Antiochiam,
1572 1639 1627 1686 et
1670 1630 1764 1684 ille

1876 430 2080 485 scindis
2110 432 2431 498 Ecclesiam,
2460 434 2552 504 qui
2583 436 2888 506 prtccepisti
2920 437 3205 494 Bethleem
3249 445 3482 515 presby-

1878 522 2011 577 teris
2037 522 2184 579 tuis:
2217 539 2287 578 ne
2310 526 2743 594 competentibus
2783 530 2991 584 nostris
3021 531 3073 584 in
3108 531 3312 586 Pascha
3346 534 3482 604 hap-

1876 615 2093 670 tismum
2129 617 2443 684 traderent,
2476 635 2614 690 quos
2659 636 2758 677 nos
2796 622 3095 693 Diospolim
3140 624 3345 697 (Lidda
3370 628 3388 695 )
3415 628 3482 684 ad

1873 707 2248 763 confessorem
2274 718 2331 764 et
2357 710 2673 780 episcopum
2695 714 2981 771 misimush
3006 717 3325 788 Dionysium
3350 719 3481 790 hap—

1877 800 2127 857 tizandos
2145 802 2169 856 ?
2190 803 2494 861 Ecclesiam
2517 807 2768 863 scindere
2790 809 3042 879 dicimur,
3071 813 3163 883 qui
3185 824 3336 869 extra
3365 816 3480 871 cel-

1874 890 2013 948 lulas
2042 904 2255 950 nostras
2279 898 2453 952 locum
2486 899 2745 956 Ecclesiae
2775 917 2880 957 non
2917 904 3219 960 habemus?
3243 906 3328 961 An
3367 923 3474 964 non

1875 990 1929 1038 tu
1962 985 2168 1040 scindis
2199 987 2497 1044 Ecclesiam
2517 1032 2533 1057 ,
2566 992 2657 1061 qui
2686 993 2912 1049 mandas
2940 997 3155 1051 clericis
3183 998 3312 1065 tuis,
3344 1009 3405 1054 ut
3433 1002 3480 1055 si

1872 1080 1996 1148 quis
2020 1079 2396 1137 Paulinianum
2416 1084 2482 1137 ab
2507 1085 2807 1155 Epiphanio
2819 1089 3074 1160 episcopo
3097 1102 3475 1149 consecratum

1873 1174 2253 1244 presbyterum
2279 1176 2507 1245 dixerit,
2541 1178 2841 1235 Ecclesiam
2868 1183 3228 1251 prohibeatur
3251 1187 3473 1243 intrare.

1873 1264 1955 1320 Ex
1982 1283 2087 1337 quo
2120 1276 2367 1337 tempore
2395 1286 2570 1341 usque
2595 1273 2646 1326 in
2674 1287 3000 1343 praesentem
3045 1279 3187 1334 diem
3228 1281 3477 1339 videmus

1875 1368 2082 1414 tantum
2135 1377 2357 1430 specum
2418 1364 2663 1430 Domini;
2697 1376 2752 1421 et
2805 1367 3079 1424 haereticis
3111 1371 3476 1441 intrantibus,

1873 1456 2063 1523 procul
2095 1456 2255 1525 positi
2281 1459 2638 1527 suspiramns.

1942 1545 2030 1601 45.
2067 1546 2248 1603 Nosne
2279 1564 2489 1616 sumus,
2523 1553 2611 1620 qui
2664 1553 2964 1608 Ecclesiam
3018 1556 3354 1615 scindimus:
3407 1576 3474 1617 an

1870 1636 1963 1693 ille
1984 1640 2073 1709 qui
2102 1640 2244 1695 vivis
2270 1642 2660 1710 habitaculum,
2692 1646 2922 1701 mortuis
2948 1650 3257 1718 sepulcrum
3294 1663 3474 1723 negat,

157 1716 711 1790 ConstantinOpOIim,
740 1724 902 1779 urbes
946 1724 1332 1778 celeberrimas
1382 1724 1727 1780 deseruimus
1746 1765 1760 1789 ,
1795 1730 1843 1789 B
1870 1732 1959 1801 qui
1979 1732 2202 1789 fratrum
2218 1734 2405 1790 exsilia
2429 1737 2838 1805 postulat?Quis
2865 1716 3295 1806 potentissimam
3321 1716 3469 1800 illam

152 1827 262 1869 non
309 1822 367 1868 ut
418 1824 468 1869 te
511 1816 563 1869 in
597 1816 812 1884 populis
843 1816 1226 1887 prndicantem
1256 1817 1603 1871 laudaremus
1628 1834 1641 1870 :
1668 1818 1764 1872 sed

152 1915 211 1961 ut
245 1907 297 1960 in
330 1908 480 1977 agris
506 1916 561 1961 et
592 1908 643 1961 in
671 1908 968 1963 solitudine
996 1909 1379 1963 adolescentiae
1421 1918 1639 1977 peccata
1673 1910 1766 1964 de-

148 1999 371 2064 ﬂentcs,
404 2000 611 2055 Christi
642 2002 694 2055 in
728 2016 829 2055 nos
859 2001 1287 2056 misericordiam
1326 2002 1761 2058 deﬁceteremus.

145 2093 245 2150 Sin
276 2103 465 2148 autem
503 2094 572 2148 de
613 2095 938 2148 Pauliniano
966 2094 1059 2148 tibi
1089 2109 1269 2150 sermo
1310 2106 1393 2150 est
1420 2114 1432 2149 :
1461 2096 1611 2151 vides
1642 2111 1763 2150 enm

142 2183 432 2252 Episcopo
460 2200 560 2239 suo
581 2200 703 2239 esse
725 2185 1051 2255 subjectum,
1082 2189 1284 2240 versari
1310 2186 1498 2257 Cypri,
1538 2188 1603 2241 ad
1641 2188 1767 2241 visi-

141 2277 419 2333 tationem
468 2290 708 2332 nOSIram
754 2277 1026 2333 interdum
1067 2281 1253 2334 venire
1293 2300 1305 2331 :
1356 2295 1461 2334 non
1491 2289 1550 2334 ut
1580 2290 1765 2347 tuum,

134 2370 242 2425 sed
287 2377 350 2425 ut
373 2370 616 2425 alienum
644 2388 658 2435 ;
690 2370 809 2441 ejus
835 2370 1112 2436 videlicet,
1145 2388 1173 2427 a
1207 2389 1312 2443 quo
1340 2373 1622 2428 ordinatus
1659 2383 1763 2429 est.

138 2462 305 2529 Quod
330 2463 380 2518 si
412 2462 507 2518 hic
537 2465 699 2518 etiam
729 2479 853 2519 esse
884 2465 1142 2528 voluerit,
1176 2474 1231 2519 et
1262 2466 1315 2520 in
1347 2466 1545 2521 exsilio
1576 2475 1767 2522 nostro

136 2556 369 2625 quietus
400 2555 455 2611 in
490 2556 785 2611 solitudine
816 2559 1025 2624 vivere,
1049 2559 1175 2629 quid
1204 2560 1297 2614 tibi
1325 2559 1510 2623 debet,
1540 2561 1645 2615 nisi
1672 2560 1767 2616 ho-

137 2662 338 2707 norem
367 2666 537 2719 quem
567 2651 818 2707 omnihus
846 2652 1112 2708 debemus
1140 2653 1450 2723 episcopis?
1489 2653 1597 2709 Fac
1636 2669 1664 2707 a
1713 2663 1766 2709 te

135 2744 458 2800 ordinatum
489 2763 503 2799 :
539 2744 680 2801 idem
712 2745 780 2800 ab
807 2761 873 2801 eo
903 2746 1111 2813 audies,
1155 2748 1299 2817 quod
1345 2762 1373 2801 a
1422 2762 1509 2804 me
1552 2748 1764 2802 misello

137 2837 371 2893 homine
404 2851 617 2894 sancta:
647 2842 925 2895 memorim
957 2838 1120 2913 5.52
1165 2840 1457 2911 episc0pus
1502 2840 1765 2897 Paulinus

132 2931 366 2988 audivit.
404 2950 424 2982 ι
458 2931 600 2986 Num
627 2933 808 3002 rogavi
835 2942 905 2997 te,
936 2942 995 2985 ut
1018 2934 1338 2987 ordinarer?
1360 2933 1417 2988 Si
1440 2934 1517 2987 sic
1540 2933 1765 3005 presby-

134 3024 337 3078 terium
372 3025 598 3090 tribuis,
625 3036 682 3078 ut
719 3026 1044 3080 monachum
1090 3024 1249 3080 nobis
1291 3040 1399 3080 non
1441 3024 1680 3091 auferas,
1708 3034 1761 3080 tu

1871 1823 2065 1891 feram,
2101 1830 2265 1883 totius
2294 1829 2443 1884 orbis
2479 1832 2787 1888 cervicibus
2831 1834 3239 1905 imminentem,
3286 1850 3475 1896 contra

1869 1928 2088 1975 nostras
2134 1925 2376 1979 cervices
2403 1936 2423 1963 ε
2464 1926 2782 1995 specialiter
2838 1928 3120 1983 incitavit?
3159 1932 3292 1997 Quis
3347 1950 3471 1989 ossa

1870 2009 2218 2077 Sanctorum,
2266 2024 2322 2069 et
2353 2014 2611 2070 innoxios
2660 2018 2871 2072 cineres
2895 2018 3171 2089 hucusque
3201 2024 3477 2080 verberari

1869 2099 1939 2154 ab
1998 2103 2266 2158 imbribus
2320 2106 2492 2159 sinit?
2548 2107 2643 2162 llis
2695 2124 2794 2163 nos
2855 2109 3244 2170 blandimentis
3303 2116 3480 2172 bonus

1870 2193 2063 2248 Pastor
2090 2196 2279 2251 invitat
2308 2198 2373 2251 ad
2404 2202 2617 2267 pacem,
2658 2200 2820 2273 453
2872 2214 2925 2257 et
2976 2208 3256 2275 proprium
3303 2211 3482 2279 arguit

1869 2285 2053 2341 facere
2084 2289 2446 2360 principatum
2477 2310 2489 2344 :
2539 2294 2626 2363 qui
2658 2296 2908 2351 munibus
2942 2298 3237 2369 episc0pis,
3272 2313 3474 2357 reetam

1871 2378 2159 2435 dumtaxat
2184 2382 2342 2436 (idem
2388 2386 2729 2450 tenentibus,
2763 2398 2817 2442 et
2844 2392 3227 2447 communione
3253 2403 3307 2448 et
3351 2396 3481 2450 cha-

1871 2471 2034 2526 ritate
2066 2472 2359 2528 sociamur.
2394 2476 2476 2530 An
2513 2487 2568 2530 tu
2616 2479 2762 2531 solus
2793 2478 3039 2535 Ecclesia
3072 2497 3130 2536 es
3154 2525 3169 2545 ,
3200 2494 3255 2537 et
3306 2487 3396 2554 qui
3428 2496 3479 2542 te

1871 2562 2187 2629 offenderit,
2219 2580 2247 2618 a
2276 2565 2497 2621 Christo
2525 2570 2872 2625 excluditur?
2903 2572 2956 2627 Si
2986 2576 3266 2643 proprium
3291 2576 3479 2633 defen-

1869 2653 2051 2710 dimus
2079 2657 2477 2727 principatum,
2511 2661 2741 2716 ostende
2775 2679 2875 2717 nos
2908 2665 2959 2718 in
2990 2668 3221 2734 parcecia
3255 2676 3345 2722 tua
3379 2668 3477 2723 ha-

1868 2744 2000 2801 bere
2028 2748 2363 2818 episcopum.
2406 2751 2558 2817 Quod
2603 2754 2697 2808 tibi
2748 2770 2854 2809 non
2910 2761 3475 2830 communicavimus,

1867 2836 1993 2892 ﬁdei
2026 2848 2147 2892 est:
2182 2841 2475 2909 responde,
2508 2853 2562 2897 et
2588 2844 2949 2901 ordinationis
2979 2849 3099 2902 erit.

1938 2928 2028 2985 44.
2068 2950 2086 2982 ι
2121 2932 2473 2988 Occasionem
2504 2951 2721 3005 quoque
2764 2938 2972 3009 lingunt
3003 2942 3232 2998 aliarum
3266 2945 3475 3001 littera-

1867 3036 2008 3083 rum,
2031 3038 2164 3091 quas
2194 3022 2382 3078 dicunt
2413 3026 2514 3079 sibi
2539 3029 2830 3097 scripsisse
2856 3030 3245 3100 Epiphaniuin.
3269 3036 3472 3103 Quam-

133 3116 345 3172 videris
373 3118 445 3172 de
465 3117 679 3185 judicio
702 3126 816 3171 tuo.
844 3117 941 3173 Sin
966 3126 1144 3172 autem
1174 3118 1274 3172 sub
1298 3119 1519 3174 nomine
1542 3118 1769 3191 presby—
1794 3118 1839 3180 C
1874 3130 2033 3185 quam
2061 3115 2210 3170 dabit
2245 3118 2339 3173 ille
2382 3120 2648 3175 rationem
2704 3138 2802 3191 pro
2849 3126 3100 3180 omnibus
3150 3144 3271 3198 quae
3320 3140 3471 3200 gesta

133 3210 237 3264 teri
291 3210 453 3265 tollis
498 3208 657 3276 mihi,
692 3218 912 3278 propter
960 3209 1106 3280 quod
1156 3210 1412 3265 saeculum
1460 3210 1760 3281 dereliqui:

130 3318 233 3376 ego
262 3306 454 3360 habeo
484 3303 633 3374 quod
655 3319 870 3373 semper
894 3303 1085 3359 habui:
1107 3305 1313 3360 nullum
1341 3304 1680 3375 dispendium
1708 3305 1761 3360 in

128 3397 506 3451 ordinatione
536 3410 727 3465 passus
756 3412 837 3451 es.

200 3487 297 3541 4'2.
337 3487 709 3559 Competenles
741 3487 795 3539 in
827 3484 1080 3541 Ecclesia.
1110 3486 1183 3541 Ab
1212 3504 1369 3553 specu
1395 3486 1611 3542 Domini
1642 3504 1760 3558 pro-

131 3582 328 3637 hibitus
365 3580 759 3652 Hieronymus.
785 3613 855 3623 -—
883 3599 901 3633 ι
933 3580 1002 3636 Ut
1033 3598 1139 3635 non
1169 3583 1511 3648 scinderent,
1551 3582 1759 3653 inquit,

130 3689 275 3741 eam,
317 3690 508 3744 neque
566 3674 845 3744 proprium
899 3674 999 3728 sibi
1047 3673 1289 3730 facerent
1314 3676 1698 3747 principatum.
1737 3695 1757 3728 ι

129 3767 261 3834 Quis
295 3767 510 3823 scindit
545 3767 886 3823 Ecclesiam?
918 3767 1046 3832 Nos,
1073 3784 1326 3837 quorum,
1360 3770 1540 3825 omnis
1567 3769 1762 3824 domus

130 3856 419 3916 Bethleem
471 3860 531 3915 in
587 3858 831 3914 Ecclesia
864 3860 1265 3916 communicat?
1313 3876 1381 3915 an
1429 3870 1486 3917 tu
1535 3862 1623 3932 qui
1671 3870 1763 3915 aut

128 3949 265 4007 bene
296 3952 493 4008 credis
514 3991 534 4020 ,
576 3960 629 4006 ct
658 3951 891 4020 superbe
922 3953 988 4007 de
1019 3952 1125 4007 ﬁde
1173 3962 1321 4009 taces
1347 3971 1360 4006 :
1391 3962 1484 4007 aut
1513 3954 1674 4019 male,
1707 3961 1763 4008 et

130 4055 255 4098 vere
286 4044 509 4100 scindis
540 4042 893 4098 Ecclesiam?
938 4044 1046 4097 Nos
1091 4044 1388 4099 scindimus
1420 4045 1716 4100 Ecclesiam
1743 4084 1758 4109 ,

131 4134 218 4202 qui
249 4146 381 4191 ante
414 4149 635 4205 paucos
663 4149 881 4190 menses
909 4134 1052 4191 circa
1084 4136 1201 4191 dies
1229 4136 1614 4201 Pentecostes,
1638 4150 1758 4190 cum

132 4227 430 4285 obscurato
460 4229 616 4290 sole,
642 4229 821 4284 omnis
838 4229 1070 4284 mundus
1085 4230 1197 4300 jam
1218 4230 1441 4300 jamque
1466 4239 1758 4285 venturum

127 4318 367 4387 judicent
419 4320 791 4389 formidaret,
831 4322 1186 4393 quadraginta
1219 4322 1451 4376 diversa:
1480 4320 1657 4375 aetatis
1707 4330 1761 4376 et

134 4425 318 4479 sexus,
364 4415 720 4487 presbyteris
771 4416 877 4468 tuis
924 4414 1222 4470 obtulimus
1264 4414 1658 4482 baptizandos?
1694 4415 1762 4469 Et

1868 3218 1996 3261 sunt
2017 3219 2144 3264 ante
2170 3210 2403 3265 tribunal
2433 3212 2656 3280 Christi,
2675 3216 2955 3287 ubimajor
2979 3230 3031 3273 et
3062 3222 3241 3275 minor
3268 3222 3474 3292 absque

1868 3300 1981 3354 ulla
2032 3316 2390 3369 personarum
2438 3306 2754 3376 acceptione
2806 3309 3160 3378 judicabitur.
3218 3314 3470 3369 Attamen

1867 3393 2139 3462 quomodo
2167 3404 2394 3462 possunt
2418 3396 2562 3452 illius
2590 3399 2686 3453 niti
2711 3399 3126 3472 epistola,quam
3160 3404 3229 3457 de
3257 3406 3477 3457 ordina-

1866 3482 2016 3538 tione
2046 3484 2352 3540 Pauliniani
2384 3487 2596 3555 illicita,
2632 3498 2687 3544 et
2711 3489 2932 3545 illorum
2966 3496 3055 3562 qui
3089 3510 3209 3549 cum
3229 3507 3295 3547 eo
3324 3505 3471 3559 sunt,

1867 3591 1893 3629 a
1923 3576 2079 3631 nobis
2106 3587 2397 3649 coargutus
2428 3581 2650 3647 scripsit
2681 3598 2693 3633 :
2729 3583 2870 3638 sicut
2914 3596 2963 3638 ct
3024 3586 3136 3653 ipsa
3193 3584 3309 3653 ejus
3360 3587 3472 3655 cpi-

1865 3670 2003 3725 SIola
2039 3670 2090 3725 in
2122 3671 2348 3726 exordio
2380 3688 2483 3727 suo
2515 3674 2785 3744 signiﬁcat
2806 3674 2859 3729 ἵ»
2894 3675 3046 3746 Rogo
3072 3692 3190 3746 qum
3215 3685 3359 3731 tanta
3389 3690 3474 3735 est.

1865 3765 2105 3831 caecitas,
2137 3764 2471 3833 Cimmeriis,
2506 3766 2647 3821 sicut
2697 3766 2869 3836 aiunt,
2898 3769 3141 3823 tenebris
3179 3768 3417 3824 involuta
3448 3773 3471 3826 ?

1866 3855 2007 3912 Dicit
2030 3871 2128 3911 nos
2155 3858 2500 3913 occasionem
2546 3856 2769 3929 ﬁngere,
2802 3869 2855 3913 ct
2887 3858 3170 3929 Epiphanii
3205 3859 3468 3918 adversus

1865 3965 1924 4005 se
1947 3951 2156 4005 litteras
2183 3966 2289 4006 non
2315 3950 2536 4016 habere,
2586 3952 2887 4022 statimque
2916 3952 3192 4022 subjungit
3226 3970 3237 4003 :
3278 3972 3295 4003 ι
3324 3954 3470 4020 Quo-

1864 4044 2027 4098 modo
2056 4053 2285 4114 possunt
2333 4044 2481 4099 illius
2525 4045 2623 4099 niti
2666 4045 2917 4114 epistola,
2950 4061 3108 4115 quam
3142 4044 3209 4099 de
3250 4047 3471 4100 ordina-

1866 4135 2010 4190 tione
2063 4135 2367 4189 Pauliniani
2400 4137 2611 4203 illicita,
2636 4147 2689 4192 et
2742 4154 2930 4193 eorum
2961 4140 3188 4209 quicum
3225 4154 3290 4192 eo
3317 4149 3464 4209 sunt,

1863 4244 1891 4283 a
1912 4229 2069 4285 nobis
2088 4238 2382 4301 coargutus
2396 4232 2645 4301 scripsit:
2663 4233 2799 4287 sicut
2823 4241 2879 4287 et
2901 4234 3013 4303 ipsa
3030 4233 3147 4303 ejus
3161 4233 3388 4303 epistola
3408 4237 3459 4292 in

1862 4321 2089 4377 exordio
2110 4338 2209 4378 suo
2238 4323 2541 4393 significat?
2580 4344 2596 4375 ι
2639 4324 2753 4378 Νοη
2780 4324 3042 4379 habemus
3071 4326 3467 4393 epistolam.Et

1862 4429 1981 4484 qum
2013 4424 2096 4470 est
2118 4415 2208 4469 illa
2234 4415 2460 4484 epistola
2485 4414 2774 4487 455nm:
2800 4417 2849 4469 in
2865 4417 3090 4471 exordio
3117 4431 3217 4473 suo
3238 4418 3304 4474 de
3327 4420 3466 4477 Pau-

132 4516 287 4561 certe
312 4509 566 4579 quinque
618 4506 924 4577 presbyteri
970 4514 1129 4562 erant
1177 4506 1230 4559 in
1281 4506 1638 4569 monasterio,
1666 4506 1759 4576 qui
1790 4504 1837 4563 Ι)
1866 4506 2069 4593 liniano
2122 4507 2404 4576 loquitur?
2434 4507 2529 4560 Est
2578 4507 2777 4576 aliquid
2814 4518 2932 4577 post
2980 4510 3286 4576 exordium,
3312 4514 3466 4584 cujus

135 4611 235 4653 suo
256 4599 379 4669 jure
398 4608 670 4671 peierant
692 4600 998 4670 baptizare;
1024 4598 1119 4654 sed
1144 4597 1438 4652 noluerunt
1463 4597 1754 4668 quidquam

135 4702 325 4747 contra
357 4693 716 4748 stomachum
750 4700 897 4747 tuum
944 4692 1159 4758 facere,
1199 4706 1268 4745 ne
1311 4699 1366 4746 et
1407 4691 1522 4745 hac
1572 4691 1668 4746 tibi
1694 4691 1763 4747 de

213 4867 607 4940 {IPresbytcro
646 4866 938 4920 Vincentio.
996 4864 1111 4921 Non
1170 4865 1316 4940 legas
1370 4862 1760 4929 Innocentium,

142 4937 236 4993 sed
276 4936 624 4995 Vincentium
651 4954 669 4992 :
696 4942 771 4990 liti
803 4948 1141 5006 compertum
1179 4936 1333 4990 nobis
1362 4944 1445 4989 est
1490 4949 1557 4989 ex
1599 4950 1759 5004 snpra

139 5007 324 5070 dictis.
358 5022 413 5066 et
462 5026 536 5065 ex
567 5010 733 5064 tertio
767 5009 908 5063 libro
939 5009 1200 5063 adversus
1233 5006 1523 5072 Ruﬁnum,
1552 5007 1643 5060 ubi
1681 5007 1762 5060 di-

140 5081 282 5135 citur
313 5082 677 5137 Vincentium
699 5080 751 5134 in
774 5090 931 5147 portu
957 5080 1203 5133 Romano
1224 5094 1416 5134 navem
1448 5077 1761 5133 ascendisse

143 5163 397 5223 securum
456 5168 593 5207 cum
647 5151 975 5223 Hieronymo
1026 5151 1425 5223 .lerosolymam
1473 5150 1758 5223 redeunte.

143 5222 186 5277 Α
215 5238 324 5293 quo
353 5233 545 5278 autem
581 5231 828 5291 tempore
877 5233 1231 5278 numerentur
1277 5222 1402 5275 anni
1455 5222 1756 5293 tredecim,

142 5290 439 5363 deqnihus
468 5309 625 5348 nunc
665 5290 843 5348 sermo
890 5304 994 5361 est,
1044 5293 1173 5348 alibi
1217 5294 1461 5348 dicemus
1507 5293 1558 5346 in
1605 5290 1761 5346 Natis

143 5362 596 5434 Chronologicis.
630 5364 900 5419 Maurus.

209 5436 363 5492 bllic
410 5439 508 5491 ille
565 5435 855 5507 Dionysius
904 5436 1207 5501 Liddensis,
1270 5436 1383 5491 sive
1435 5434 1762 5507 Diospolita-

146 5522 242 5560 nus
269 5517 374 5567 est.
409 5511 579 5574 cujus
622 5504 745 5561 ante
775 5508 1030 5561 ineditam
1062 5508 1355 5576 Epistolam
1398 5507 1466 5562 de
1505 5504 1761 5576 Origeni-

145 5588 349 5634 starnm
383 5576 751 5634 damnatione
780 5574 1119 5649 vulgavimus
1162 5580 1217 5633 in
1250 5579 1417 5647 priori
1468 5574 1625 5632 tomo
1663 5574 1763 5630 sub

146 5665 373 5706 numero
395 5649 494 5705 94.

221 5734 238 5759 τ
272 5722 421 5791 Lego
453 5735 587 5775 cum
644 5735 771 5775 mss.
825 5722 1148 5792 specialiter;
1187 5719 1328 5791 quod
1373 5719 1475 5791 legi
1508 5725 1761 5790 oportere

531 5814 813 5873 PATROL.
852 5813 1093 5874 XXIII.

1868 4606 1922 4651 tu
1956 4597 2114 4652 times
2146 4599 2325 4653 facere
2353 4598 2711 4654 mentionem.
2753 4598 2799 4653 A
2826 4608 2878 4654 te
2908 4611 2991 4655 est
3017 4615 3305 4675 coargutus
3337 4618 3467 4662 aeta-

1870 4689 1958 4755 tis,
1989 4705 2094 4758 qua
2128 4689 2478 4744 Paulinianns
2538 4699 2677 4744 erat.
2707 4690 3092 4763 Presbyterum
3138 4698 3382 4767 ordinas,
3414 4712 3470 4757 ct

1868 4878 1966 4934 pro
1988 4862 2327 4941 spirituglitcr
2365 4861 2834 4941 Graviusqnoque
2880 4868 3163 4941 docuerat,
3198 4885 3252 4929 et
3276 4891 3471 4935 sensus

1867 4931 2126 5020 postulat.
2159 4931 2353 5015 Feram
2386 4941 2566 5020 autem
2610 4931 2759 4989 illam
2787 4954 2945 5020 «ruam
2989 4931 3174 5020 contra
3206 4931 3473 5020 Hieron}:

1866 5021 2013 5081 [nuru
2061 5004 2304 5081 Joannes
2337 5003 2692 5081 incitaverat,
2742 5003 2959 5076 quidam
3008 5015 3233 5081 intelligi
3278 5003 3472 5077 volunt

1865 5076 2156 5161 Ifuﬁnnmn
2185 5075 2396 5161 Arcadii
2449 5087 2716 5161 tutorem,
2756 5075 2909 5136 illum
2957 5075 3316 5161 perduellem,
3374 5075 3469 5161 qui

1865 5148 2061 5202 ducem
2117 5144 2418 5201 Gmltorum
2461 5146 2736 5205 Aluricnm
2791 5144 3005 5209 vocavit
3051 5171 3237 5215 contra
3288 5144 3469 5218 Area;

1864 5219 2034 5302 dium,
2070 5227 2137 5302 ut.
2157 5219 2276 5288 ipse
2305 5219 2435 5302 ejus
2456 5220 2737 5302 imperium
2759 5233 3217 5302 occuparetzso-d
3248 5239 3468 5302 repulso

1868 5291 2106 5367 nimico,
2126 5292 2559 5367 ipsetgicidatus
2582 5306 2685 5359 est,
2704 5291 2921 5351 labente
2943 5314 3033 5351 an.
3060 5300 3186 5356 593.
3213 5291 3471 5367 Apértius

1869 5362 1987 5439 ipse
2023 5363 2175 5439 Ιζίεευζ
2198 5362 2654 5439 ad_Theophi|um
2688 5367 2948 5420 adversus
2978 5370 3154 5439 ipsom
3201 5362 3467 5432 Joannem

1868 5433 2096 5514 eipstola
2107 5434 2209 5514 SS:
2236 5433 2666 5514 Nuper,vinquit,
2683 5440 2827 5514 nobis
2847 5433 3196 5506 postulavit,et
3215 5445 3468 5514 impetra-

1867 5506 1937 5558 vit.
1969 5504 2246 5581 exsilium;
2280 5504 2432 5580 atque
2466 5510 2665 5562 utinam
2696 5507 2909 5581 implere
2930 5504 3199 5580 potuisset,
3221 5504 3329 5571 etc.
3358 5519 3471 5576 for-

1870 5584 2013 5657 tasse
2060 5579 2185 5647 quia
2217 5579 2486 5657 trucidato
2512 5582 2692 5657 statim
2723 5579 2941 5645 Ruﬁno,
2971 5587 3298 5657 rescriptum
3334 5590 3471 5652 illud

1869 5647 2067 5705 nullius
2091 5659 2210 5705 erat
2241 5654 2603 5710 auctoritatis.

2958 5821 3033 5882 13
