4036 6356
546 269 657 347 ἐθε
1804 274 1864 343 's.
1906 278 2179 344 EUSEBII
2218 278 2600 341 utsnouvsn
3746 278 3851 337 596

545 402 785 475 legatum
834 398 1005 456 mittis
1034 412 1096 455 ac
1156 398 1365 454 socium
1415 398 1773 469 :tantamque
1802 394 1972 455 habes
2012 398 2149 456 ﬁdn-
2182 440 2229 496 Α
2258 415 2417 470 quam
2466 413 2588 453 esse
2638 410 2822 452 secum
2853 396 2922 452 de
2947 392 3196 467 Origenis
3227 391 3566 466 dogmatibus
3587 391 3848 460 locutum,

550 496 714 562 ciam,
747 504 806 549 ut
832 490 925 549 ubi
952 490 1329 547 Paulinianum
1357 491 1618 547 mentitus
1648 506 1707 545 es
1736 506 1988 563 puerum,
2024 490 2155 548 illuc
2182 488 2229 496 ”
2259 501 2315 548 et
2342 492 2440 547 sub
2464 490 2822 562 jurisjurandi
2874 488 3258 547 testiﬁcatione
3287 490 3593 556 conﬁrmat,
3614 488 3800 544 dicens
3834 505 3848 543 :

551 602 782 660 puerum
833 589 1019 641 mittas
1073 578 1474 655 presbyterum.
1518 580 1763 653 Itemque
1813 582 2154 639 Theosebam
2265 603 2283 635 ι
2318 583 2395 639 Ne
2423 583 2789 654 suspicionem
2821 581 3216 654 quidem,sicut
3241 582 3379 638 Deus
3414 580 3568 637 testis
3595 589 3701 647 est,
3732 594 3849 651 pcr-

552 674 675 753 [AL
708 670 1105 749 'l‘heosobium]
1149 670 1350 731 Thirize
1398 673 1665 731 Ecclesiae
1707 675 1995 732 diaconum
2024 675 2158 731 facis
2259 690 2433 731 versa:
2464 679 2515 730 in
2545 691 2645 730 nos
2678 673 2803 730 ﬁdei
2832 690 2892 731 se
2921 672 3125 730 habere
3170 672 3513 730 monstravit.
3551 691 3569 724 ι
3600 669 3740 726 Nolo
3768 685 3850 726 re-

551 772 959 843 ptesbyterum,
1002 779 1058 825 et
1094 778 1283 824 contra
1315 780 1415 823 nos
1441 783 1642 836 armas,
1674 768 1925 840 illiusque
1973 769 2029 824 in
2058 784 2158 825 nos
2258 771 2531 843 Spondere
2553 778 2611 827 et
2655 786 2883 843 arguere
2917 770 3135 839 acriter,
3169 785 3236 825 ne
3260 766 3485 840 periurii
3535 768 3847 838 episcopum

552 862 797 923 abuteris
825 858 1152 934 eloquentia.
1178 854 1301 918 Tibi
1333 854 1435 919 soli
1467 862 1592 917 licet
1609 861 1866 919 Ecclesia:
1888 862 2011 933 jura
2043 862 2155 919 cal-
2258 864 2588 920 convincere
2620 865 2830 921 videar.
2863 860 3074 919 Prtesto
3096 872 3223 919 sunt
3245 863 3428 934 plures
3449 860 3696 932 epistola:
3726 860 3853 931 Epi-

553 972 682 1016 care
711 975 726 1013 :
762 968 817 1015 tu
847 955 1110 1028 quidquid
1160 953 1381 1021 ieceris,
1410 971 1604 1011 norma
1641 954 1902 1011 doctrinae
1950 965 2069 1023 est;
2097 966 2152 1012 et
2256 956 2440 1029 phanii
2470 976 2482 1013 :
2515 974 2622 1015 una
2644 954 2712 1014 ad
2741 958 2940 1028 ipsum,
2961 958 3082 1013 alia:
3107 954 3173 1013 ad
3213 958 3496 1028 episcopos
3524 954 3851 1024 Palestinos,

550 1067 662 1109 non
694 1046 973 1108 erubescis
1002 1054 1131 1104 ante
1180 1047 1419 1103 tribunal
1450 1046 1650 1104 Christi
1677 1048 2033 1120 judicandum
2068 1060 2149 1105 te-
2253 1060 2307 1106 et
2338 1068 2513 1121 nuper
2575 1050 2641 1106 ad
2667 1048 2928 1107 Romamn
2963 1052 3114 1106 urbis
3163 1049 3479 1122 pontiﬁcem
3512 1068 3525 1103 :
3560 1051 3616 1104 in
3661 1047 3854 1119 quibus

550 1159 677 1201 cum
707 1138 1069 1214 Epiphaniam
1123 1155 1449 1212 provocare.
1494 1141 1628 1208 Quae
1682 1153 1981 1212 sequuntur
2031 1152 2154 1213 post
2253 1144 2463 1203 dicitse
2480 1162 2604 1204 eum
2632 1162 2817 1203 coram
2841 1144 3044 1213 multis,
3070 1144 3139 1202 de
3165 1142 3509 1215 dogmatibus
3539 1151 3853 1215 arguentem

548 1234 656 1292 hoc
678 1235 997 1306 capitulum,
1030 1233 1146 1288 haec
1176 1240 1301 1288 sunt
1328 1249 1342 1286 :
1374 1233 1576 1288 Mensae
1596 1249 1710 1289 sua:
1729 1235 1993 1291 etdomus
2021 1251 2154 1292 con-
2254 1255 2361 1296 non
2389 1241 2656 1296 meruisse
2703 1255 3049 1311 responsum,
3080 1248 3363 1310 totumque
3388 1248 3589 1293 nostra:
3616 1234 3855 1307 parvita-

544 1328 859 1387 lubernium
896 1330 1127 1400 imputat
1151 1326 1481 1400 Epiphanio,
1502 1326 1802 1400 scribitque
1844 1345 1967 1385 eum
1996 1346 2155 1386 num-
2253 1333 2322 1389 tis
2348 1331 2501 1388 testis
2527 1342 2611 1388 est
2639 1333 3056 1387 monasterium.
3084 1340 3111 1368 α

624 1476 651 1505 ιι
668 1466 873 1548 Ex__l_tac
898 1467 1080 1548 Operis
1107 1466 1461 1548 conclusione
1489 1467 1632 1525 docti
1657 1468 1758 1548 viri
1776 1480 2147 1548 _argumenta-
2258 1481 2392 1548 tum.
2422 1472 2555 1530 Vide
2580 1476 2633 1531 in
2659 1477 2800 1531 hanc
2826 1486 2944 1532 rem
2964 1472 3244 1547 praeﬁxum
3270 1469 3397 1524 huic
3425 1468 3566 1524 libro
3588 1463 3857 1524 Admoni-

551 1548 640 1595 tur
671 1578 688 1606 ,
738 1538 939 1593 librum
1006 1538 1107 1592 abs
1156 1538 1490 1609 Hieronymo
1554 1555 1663 1596 non
1711 1538 1888 1599 fuisse
1929 1543 2151 1598 absolu-
2260 1546 2484 1601 tionem.

573 1666 2837 1698 Μ

990 1786 1103 1863 ΙΝ
1175 1782 1562 1864 LIBROS
1638 1784 2076 1867 CONTRA
2148 1793 2662 1870 RUFINUM
2741 1786 3405 1875 ADMONITID.

2211 1952 2377 1967 ἡ

622 2058 975 2120 Dissensionis
1010 2057 1387 2133 Hieronymum
1434 2063 1567 2117 inter
1603 2074 1665 2117 ac
1708 2056 1957 2133 Ruﬁnum
1993 2060 2144 2138 longe
2173 2067 2342 2122 notior
2387 2067 2603 2123 historia
2634 2078 2729 2135 est,
2763 2087 2921 2142 quam
2952 2078 3129 2124 nostra
3152 2066 3499 2136 explicatione
3525 2072 3579 2117 ut
3606 2060 3866 2131 indigeat.

552 2170 723 2229 Causa
773 2167 902 2223 mali
934 2168 1064 2222 tanti
1092 2163 1279 2220 Latina
1308 2166 1472 2222 versio
1500 2166 1748 2220 librorum
1778 2163 2020 2237 Origenis
2043 2169 2163 2245 περὶ
2195 2167 2399 2246 ’Λρχῶν
2427 2167 2546 2237 fuit,
2579 2186 2735 2240 quam
2763 2167 3026 2240 presbyter
3056 2162 3419 2236 Aquileiensis,
3447 2158 3672 2215 sublesta
3694 2159 3866 2228 utique

549 2258 677 2337 ﬁde,
698 2264 1056 2318 elaboraverat
1084 2259 1264 2314 Romre
1295 2256 1433 2315 circa
1485 2276 1679 2313 annum
1726 2256 1850 2315 598.
1885 2252 2023 2312 Nam
2064 2269 2118 2313 ut
2166 2259 2474 2331 Origeniani
2497 2260 2755 2333 dogmatis
2777 2277 2994 2323 venena,
3020 2257 3252 2313 subdola:
3280 2250 3720 2325 interpretationis
3747 2252 3867 2319 fuco

550 2358 732 2424 oblita,
764 2356 963 2410 Latinis
1007 2353 1216 2409 auribus
1271 2354 1433 2407 tutius
1462 2350 1788 2425 prapinarel,
1837 2354 2196 2423 prmfationem
2246 2355 2391 2423 aperi
2444 2352 2691 2424 praeﬁxit,
2721 2348 2775 2407 in
2818 2370 2920 2424 qua
2954 2351 3327 2422 Hieronymum
3359 2341 3869 2420 ﬁguratislaudibus

548 2448 885 2521 praedicabat,
917 2447 1075 2503 veluti
1106 2444 1409 2499 Adamantii
1449 2445 1752 2517 Opinionum
1779 2444 2059 2513 fautorem,
2100 2460 2309 2516 suteque
2338 2447 2606 2501 sententia:
2630 2448 2826 2500 socium
2851 2465 2869 2501 :
2896 2448 3068 2518 ipsum
3118 2460 3237 2498 vero
3284 2441 3471 2497 librum
3513 2439 3578 2493 ab
3628 2436 3875 2507 ascriptis

548 2541 807 2596 erroribus
845 2547 1191 2610 expurgatum
1219 2552 1376 2606 opera
1399 2551 1493 2589 sua
1509 2534 1766 2608 jactabat.
1799 2534 1906 2589 Sed
1928 2552 2044 2588 cum
2071 2535 2237 2589 multa
2264 2546 2429 2590 essent
2461 2536 2631 2590 adhuc
2652 2554 2768 2604 qua:
2790 2537 3102 2592 christianos
3133 2551 3284 2590 aures
3312 2541 3591 2598 moverent,
3615 2539 3663 2585 et
3694 2530 3870 2582 minus

547 2632 805 2690 catholica
856 2632 1001 2686 dicta
1049 2630 1497 2693 existimarentur,
1550 2625 1924 2682 Pammachius
1965 2638 2013 2682 et
2041 2622 2276 2683 Oceanus
2312 2624 2631 2700 Hieronymo
2688 2641 2925 2685 auctores
2954 2633 3184 2702 fuerunt,
3211 2636 3263 2681 ut
3290 2642 3593 2700 germanam
3620 2624 3733 2694 ipse
3751 2621 3871 2689 eius

545 2728 667 2785 libri
688 2728 1165 2797 interpretationem
1192 2724 1446 2797 vulgaret,
1476 2738 1799 2796 nequaquam
1822 2726 2162 2782 dissimulatis
2193 2728 2470 2795 erroribus,
2505 2748 2609 2802 quo
2635 2748 2690 2783 se
2729 2731 3004 2804 manifesto
3037 2728 3349 2801 proderent;
3372 2731 3715 2799 purgaretque
3736 2716 3875 2773 adeo

549 2821 896 2889 suspicionem
921 2818 1114 2887 favoris
1136 2819 1191 2870 in
1234 2812 1510 2883 Origenem
1537 2810 1599 2867 ab
1629 2816 1819 2869 aemulo
1849 2817 2114 2888 injectum,
2139 2834 2204 2872 ne
2231 2820 2275 2872 si
2298 2821 2663 2875 criminantem
2693 2822 2993 2877 convincere
3024 2818 3283 2888 (li/ferret,
3306 2815 3598 2873 consentire
3615 2811 3696 2866 illi
3725 2808 3873 2864 vide-

550 2920 713 2966 retur.
745 2911 807 2965 S.
839 2909 1036 2963 Doctor
1062 2908 1198 2962 datis
1224 2909 1447 2976 primum
1492 2902 1686 2976 Ruﬁno
1710 2902 1919 2974 litteris,
1945 2911 2107 2964 amice
2134 2923 2439 2982 conquestus
2462 2924 2535 2968 est
2562 2931 2580 2968 :
2604 2913 2790 2968 deinde
2836 2925 2974 2969 anno
3001 2910 3108 2970 400
3134 2910 3374 2984 Origenis
3392 2910 3559 2981 ipsum
3582 2904 3767 2961 librum
3796 2903 3876 2956 ira

552 3000 621 3055 ad
646 3000 801 3071 ﬁnem
829 3001 1004 3064 vertit,
1026 3008 1081 3052 ut
1108 2996 1326 3052 ha’reses
1348 2997 1522 3052 statim
1549 2996 1927 3052 innotescerent
1950 3015 1969 3053 :
2000 2994 2241 3073 deditque
2285 3018 2389 3057 una
2411 3005 2776 3073 epistolam,in
2797 3016 2973 3060 nostra
3005 3005 3299 3059 recensione
3318 3001 3409 3069 84,
3437 2997 3798 3062 Pammachio,
3823 3004 3877 3051 et

552 3092 781 3159 Oceano,
816 3092 870 3146 in
918 3108 1018 3160 qua
1048 3089 1366 3145 calumniam
1399 3105 1601 3144 omnem
1630 3106 1663 3143 a
1691 3106 1745 3143 se
1786 3089 1937 3164 longe
1962 3103 2181 3161 amovet,
2212 3111 2373 3165 quove
2419 3096 2592 3152 animo
2622 3098 2805 3171 legerit
2856 3092 3159 3169 aliquando,
3213 3106 3302 3150 aut
3333 3092 3561 3149 laudarit
3589 3090 3874 3163 Origencm

544 3187 737 3259 absque
782 3186 992 3256 pietatis
1044 3181 1280 3254 periculo
1309 3184 1541 3254 exponit.
1577 3181 1723 3237 Hinc
1752 3200 1910 3255 porro
1942 3187 2122 3258 ingens
2151 3188 2206 3242 in
2242 3187 2476 3242 Ecclesia
2513 3188 2813 3245 incendium
2854 3201 3088 3245 exortum
3115 3188 3185 3245 est
3212 3206 3228 3254 ;
3256 3205 3374 3242 nam
3415 3183 3641 3255 Rufinus
3668 3180 3873 3252 Apulo.

545 3283 688 3357 giam
715 3298 813 3354 pro
860 3297 955 3335 sua
1003 3276 1108 3348 ﬁde
1128 3277 1197 3332 ad
1226 3276 1563 3333 Anastasium
1594 3294 1783 3351 papam
1830 3277 2052 3333 scribere
2081 3282 2397 3353 compulsus,
2432 3299 2534 3337 non
2561 3294 2664 3337 tant
2703 3300 2797 3356 pro
2826 3300 2880 3337 se
2906 3285 3047 3337 nisus
3077 3290 3151 3337 est
3171 3281 3491 3352 satisfacere,
3520 3291 3676 3347 quam
3704 3276 3757 3329 in
3783 3274 3878 3329 sui

546 3370 906 3448 defensionem
926 3388 1087 3427 novas
1111 3366 1435 3443 Hieronymo
1472 3371 1760 3426 calumnias
1791 3380 2007 3428 struere.
2038 3368 2173 3427 Tum
2200 3374 2592 3431 recrudescente
2616 3378 2671 3431 in
2701 3378 2811 3431 dies
2855 3379 3021 3449 magis
3066 3374 3352 3431 inimicitiae
3377 3370 3605 3439 vulnere,
3634 3379 3738 3425 tres
3766 3367 3868 3425 In-

544 3468 862 3523 vectivarum
893 3462 1053 3517 libros
1082 3479 1219 3515 anno
1240 3462 1528 3531 insequenti
1570 3462 1673 3515 sive
1703 3460 1800 3519 401
1834 3461 1889 3516 in
1920 3461 1983 3517 S.
2016 3458 2293 3518 Doctorem
2334 3466 2568 3531 procudit
2594 3482 2613 3519 :
2635 3465 2822 3536 quibus
2850 3466 2942 3520 ille
2989 3467 3219 3520 nondum
3246 3458 3415 3528 laetis,
3447 3459 3537 3516 sed
3567 3466 3769 3514 tantum
3801 3474 3875 3516 ex

546 3575 636 3615 ore
662 3558 950 3614 amicorum
971 3568 1036 3608 ex
1061 3561 1213 3624 parte
1238 3550 1456 3619 auditis,
1490 3551 1766 3621 respondet
1789 3550 1949 3607 tribus
1979 3552 2121 3607 hisce
2161 3554 2511 3628 Apologeticis
2554 3553 2697 3608 libris
2725 3572 2743 3611 :
2771 3572 2900 3627 quos
2944 3554 3014 3609 ad
3040 3572 3232 3610 annum
3259 3548 3366 3610 ἆθῖ
3380 3551 3549 3623 refero
3580 3562 3646 3605 ea:
3669 3550 3871 3604 duobus

554 3654 824 3723 ipsiusmet
847 3645 1162 3717 Hieronymi
1194 3642 1526 3699 testimoniis.
1560 3643 1797 3697 Alterum
1835 3645 1974 3699 circa
2003 3647 2160 3714 ﬁnem
2188 3648 2343 3720 primi
2374 3648 2513 3712 libri,
2545 3648 2631 3702 ubi
2678 3657 2802 3718 post
2847 3648 3127 3705 biennium
3150 3666 3204 3702 se
3224 3645 3446 3702 scribere
3472 3642 3772 3715 proﬁtetur,
3804 3658 3879 3698 ea:

548 3762 657 3817 quo
682 3743 833 3799 edito
860 3739 1016 3796 brevi
1039 3734 1256 3804 libello,
1304 3734 1580 3809 prwconiis
1622 3736 1806 3806 Ruﬁni
1841 3742 2179 3809 responderat
2207 3757 2225 3793 :
2259 3738 2421 3795 brevis
2451 3742 2585 3795 enim
2624 3736 2831 3797 libellus
2860 3743 2956 3797 iste
2981 3744 3099 3815 ipsa
3124 3748 3199 3797 est
3227 3742 3295 3795 ad
3326 3734 3726 3795 Pammachium
3753 3735 3878 3791 latt-

552 3835 678 3889 data
704 3831 921 3903 epistola
947 3826 1042 3895 84,
1065 3843 1182 3899 qua:
1207 3827 1277 3880 ad
1312 3842 1510 3881 annum
1537 3830 1739 3896 spectat
1760 3826 1889 3883 400.
1909 3826 2142 3884 Alterum
2163 3840 2278 3903 post
2306 3833 2534 3887 medium
2560 3847 2593 3887 η
2623 3833 2763 3901 libri,
2788 3833 2876 3888 ubi
2902 3851 2957 3889 se
2982 3845 3103 3888 ante
3122 3844 3295 3889 annos
3320 3832 3489 3887 ferme
3520 3830 3710 3886 decem
3741 3831 3877 3883 scri-

548 3928 711 4001 psisse
760 3922 829 3980 dc
872 3921 1177 3979 lllustribus
1202 3917 1330 3974 viris
1359 3917 1486 3973 dicit
1517 3929 1884 3988 :compertum
1927 3936 2107 3993 nempe
2149 3931 2228 3978 est
2266 3924 2526 3991 omnibus,
2574 3941 2713 3980 anno
2742 3924 2849 3981 592
2896 3927 3153 3999 prodiisse
3201 3924 3388 3980 librum
3444 3922 3615 3988 illum,
3679 3923 3877 3991 hosque

543 4022 674 4077 adeo
719 4020 851 4075 inita
894 4018 1099 4072 ratione
1153 4030 1292 4069 anno
1338 4010 1447 4068 402
1485 4011 1818 4067 ascribendos
1868 4030 1994 4069 esse.
2044 4008 2241 4070 Forum
2283 4031 2437 4086 porro
2464 4035 2667 4073 summa
2696 4028 2772 4074 est
2800 4019 3149 4093 hujusmodi:
3184 4018 3244 4073 In
3290 4018 3458 4091 primo
3487 4016 3880 4088 interpretatio.

549 4130 669 4171 nent
694 4128 844 4168 suam
870 4108 1047 4164 multis
1070 4104 1389 4181 argumentis
1414 4115 1648 4172 excusat,
1688 4104 1886 4176 sibique
1915 4105 2071 4161 diluit
2111 4110 2312 4180 objecta
2354 4112 2577 4166 crimina
2608 4112 2812 4167 :altero
2841 4112 3147 4186 Apologiam
3179 4108 3359 4183 Ruﬁni
3397 4112 3465 4166 ad
3507 4124 3696 4182 papam
3730 4109 3881 4163 Ana-

547 4208 767 4264 stasiunt
807 4204 1020 4259 missam
1072 4200 1302 4274 exagitat
1351 4215 1369 4253 :
1414 4198 1563 4253 tertio
1610 4197 1830 4270 denique
1881 4200 2113 4274 ejusdem
2152 4201 2334 4273 Ruﬁni
2365 4204 2548 4259 litteris
2596 4205 2693 4260 sibi
2743 4222 2861 4260 cum
2906 4202 3289 4262 Invectivarnm
3343 4204 3519 4260 codice
3567 4202 3737 4257 missis
3783 4218 3880 4256 re-

554 4299 792 4372 spondeL

617 4394 674 4447 2.
708 4389 864 4445 Nunc
889 4385 1015 4459 quid
1044 4404 1075 4440 a
1104 4380 1250 4439 nobis
1277 4383 1336 4438 in
1364 4381 1473 4437 illis
1502 4383 1811 4437 recudendis
1840 4386 2131 4454 praestitum
2162 4389 2250 4455 sit,
2283 4386 2623 4459 explicemus.
2676 4384 2857 4445 Primo
2882 4388 3065 4458 Rufini
3093 4388 3400 4457 Invectivas,
3427 4404 3550 4461 quas
3588 4402 3615 4438 e
3654 4384 3883 4455 regione

551 4481 976 4553 Hieronymiante
1003 4474 1277 4548 Apologia:
1307 4476 1363 4529 in
1385 4476 1603 4528 adversa
1632 4473 1878 4528 columna
1907 4477 2226 4533 continenter
2254 4475 2321 4532 Ρ.
2351 4476 2691 4534 Martiana’us
2722 4489 3056 4553 opposuerat,
3086 4480 3200 4533 loco
3227 4480 3498 4544 movimus,
3527 4485 3574 4530 et
3604 4473 3885 4547 Hierong.

555 4577 744 4633 miaais
769 4573 895 4646 ipsis
919 4571 1288 4626 subnectimus.
1325 4564 1505 4637 Neque
1524 4568 1660 4621 enim
1692 4583 1757 4622 ex
1787 4567 1966 4623 ordine
1989 4572 2256 4627 sententia:
2280 4574 2544 4628 sententiis
2576 4575 2911 4646 respondent,
2938 4584 3029 4627 aut
3055 4573 3144 4628 ubi
3171 4570 3224 4628 in
3254 4588 3358 4628 una
3384 4574 3625 4627 columna
3647 4572 3879 4627 tumulus

545 4667 861 4727 calumniam
880 4667 1118 4733 intentat,
1151 4666 1205 4720 in
1228 4665 1392 4720 altera
1422 4662 1656 4717 criminis
1687 4663 1876 4718 dilutio
1904 4674 1977 4718 est
2000 4680 2020 4731 ,'
2043 4667 2133 4719 sed
2156 4681 2185 4719 e
2210 4668 2472 4722 contrario
2501 4668 2634 4723 alter
2677 4678 2830 4739 prout
2856 4667 2975 4722 libet
3004 4684 3098 4723 suo
3142 4666 3406 4721 stomacho
3430 4665 3640 4721 inservit
3664 4675 3711 4718 et
3742 4665 3880 4719 celi-

551 4774 691 4820 tatur
718 4778 737 4817 :
768 4760 898 4816 alter
923 4776 1027 4815 non
1052 4760 1194 4814 lectis
1214 4774 1393 4813 contra
1414 4774 1468 4811 se
1497 4755 1665 4824 libris,
1700 4755 1791 4811 sed
1814 4758 1964 4831 vulgo
2000 4754 2271 4813 intellectis
2317 4760 2765 4815 criminationibus
2787 4761 3033 4815 occurrit.
3064 4759 3238 4826 Quare
3260 4768 3624 4830 prtcposteram
3649 4754 3883 4814 Martia-

545 4859 645 4916 ntei
664 4871 842 4914 curant
866 4871 1014 4911 nemo
1045 4870 1149 4908 non
1174 4852 1502 4923 improbavit,
1524 4859 1703 4906 natam
1730 4852 1799 4905 ad
1823 4851 2102 4905 creandum
2128 4852 2307 4907 lectori
2329 4853 2577 4921 laborem,
2601 4855 2867 4925 ipsumque
2883 4850 3195 4908 S.Doctoris
3215 4860 3507 4907 contextum
3538 4849 3763 4921 singulis
3778 4865 3884 4921 pa-

542 4956 677 5027 ginis
700 4948 1155 5020 intercipiendum.
1172 4947 1414 5004 Secundo
1453 4962 1572 5000 cum
1598 4945 1664 5001 sit
1696 4942 1825 4999 utile
1844 4946 2089 5001 studiosis
2116 4955 2165 5001 et
2190 4947 2539 5014 commodum,
2562 4947 2857 5002 authentico
2882 4958 3234 5010 monumenta,
3253 4961 3369 5017 qua:
3405 4944 3612 5016 scriptis
3642 4946 3882 4999 auctoris

545 5060 697 5122 quem
717 5058 957 5107 exornas,
990 5042 1311 5097 occasionem
1332 5040 1607 5105 dederunt,
1630 5041 1710 5093 vel
1757 5052 1873 5110 qua:
1900 5038 1966 5093 ab
2006 5040 2122 5109 ipso
2158 5050 2368 5095 auctore
2405 5043 2799 5113 intinguntur,
2847 5042 3059 5112 scriptis
3098 5040 3282 5095 iisdem
3327 5046 3622 5106 annectere,
3653 5053 3749 5091 nos
3772 5038 3886 5092 huc

542 5142 861 5198 adscivimus
885 5141 1055 5210 primo
1080 5134 1265 5205 Ruﬁni
1293 5135 1526 5189 libellum
1548 5136 1719 5201 illum,
1749 5137 1853 5191 sive
1873 5134 2207 5207 Apologiam,
2235 5146 2325 5190 aut
2349 5139 2725 5207 confessionem
2746 5134 2893 5208 ﬁdei,
2919 5148 3073 5208 quam
3103 5133 3173 5189 ad
3195 5147 3385 5206 papam
3411 5130 3744 5185 Anastarium
3769 5131 3883 5184 mi-

544 5238 633 5303 sit,
677 5244 729 5291 et
762 5247 918 5305 quam
948 5229 1299 5299 Hieronymus
1324 5238 1435 5283 toto
1482 5230 1707 5285 mundo
1744 5229 1878 5285 libro
1917 5233 2193 5301 confutet;
2219 5230 2407 5284 deinde
2433 5231 2605 5299 ipsam
2633 5246 2833 5301 quoque
2859 5231 3124 5285 Anastasii
3148 5245 3303 5299 super
3322 5224 3529 5281 nomine
3552 5224 3730 5294 Ruﬁni
3761 5224 3886 5295 cpio

540 5332 752 5395 statam,
775 5332 935 5399 qm
956 5323 1036 5378 illi
1054 5322 1205 5376 toties
1223 5328 1330 5375 tum
1355 5322 1501 5389 alibi,
1534 5331 1644 5377 tum
1669 5324 1893 5377 maxime
1920 5322 2060 5377 hisce
2076 5324 2130 5376 in
2153 5321 2300 5376 libris
2317 5323 2510 5395 ingerit
2534 5322 2595 5379 S.
2614 5322 2829 5379 Doctor.
2855 5322 3122 5377 Hactenus
3142 5322 3197 5375 in
3226 5336 3343 5374 eum
3368 5330 3563 5374 tantum
3575 5319 3665 5388 qui
3695 5317 3887 5375 aliena

544 5443 604 5482 ac
628 5422 968 5498 suppositiiia
994 5417 1374 5491 comp.'éctitur,
1398 5420 1605 5493 rejecta:
1628 5426 1747 5473 sunt
1772 5434 1791 5482 ;
1815 5418 1905 5472 sed
1924 5420 1977 5473 in
1999 5418 2228 5491 antiquis
2258 5420 2546 5484 codicibus,
2578 5421 3013 5493 quemadmodum
3046 5420 3111 5473 de
3128 5418 3288 5472 veteri
3314 5414 3613 5471 Corbeiensi
3635 5412 3705 5467 P.
3722 5414 3885 5471 Cost-

540 5520 763 5577 stami-s
816 5516 1027 5581 tradit,
1072 5514 1205 5567 satis
1248 5513 1530 5582 prudenter
1574 5512 1703 5583 ipsis
1752 5522 2086 5578 apponuntur
2135 5509 2445 5584 Hieronymi
2493 5514 2645 5569 libris
2672 5555 2690 5582 ,
2744 5515 2958 5585 ejusque
3012 5508 3365 5583 dispositionis
3403 5508 3701 5564 doctissimo
3757 5509 3885 5565 viro

532 5613 653 5681 ipse
706 5619 893 5666 actor
940 5605 1287 5676 ﬁerngmns
1332 5605 1625 5658 videbatur.
1690 5600 1925 5670 Denique
1975 5604 2355 5661 lucubrationes
2399 5623 2574 5661 omnes
2631 5606 2927 5678 plerasque
2977 5615 3176 5678 partem
3226 5620 3341 5658 cum
3390 5603 3620 5674 antiquis
3667 5602 3882 5659 editio-

532 5705 682 5757 nibus
714 5745 729 5771 ,
796 5718 953 5757 unam
1031 5709 1120 5754 aut
1169 5698 1389 5755 alteram
1433 5712 1553 5752 cum
1604 5694 1947 5750 vetustissimo
1998 5688 2243 5754 Palatino
2301 5730 2326 5744 -
2387 5699 2641 5757 Vaticano
2687 5700 2795 5758 254
2848 5699 3157 5755 contulimus
3189 5740 3204 5767 ,
3252 5712 3387 5769 stupe
3441 5697 3598 5753 etiam
3678 5712 3880 5756 emere-

536 5793 739 5850 damus.
