4054 6332
553 303 659 362 39’)

1807 293 1864 348 S.
1913 287 2181 347 EUSEBII
2221 288 2597 346 lilERONVMI
3723 280 3821 340 ιοο

552 415 776 472 fortuito
808 408 1043 467 fecisset,
1084 404 1330 460 consulto
1373 405 1550 458 facere
1588 410 1887 474 putaretur.
1919 401 2074 458 Unde
2097 411 2151 458 et
2176 411 2231 470 Α
2255 405 2434 469 retici,
2465 418 2585 474 quae
2627 401 2705 456 illi
2753 398 3024 471 objicitur,
3061 411 3168 454 non
3197 397 3265 454 de
3294 408 3514 452 assensu
3548 393 3819 459 haereseos,

552 508 764 564 Tullius
804 502 856 556 in
907 498 1330 556 Commentariis
1373 511 1657 552 causarum
1710 511 1806 566 pro
1859 494 2091 550 Gabinio
2135 512 2147 547 :

560 621 578 653 ‹
611 600 748 670 Ego,
779 594 978 666 inquit,
1009 607 1131 648 cum
1156 605 1345 645 omnes
1383 589 1650 643 amicitias
1678 587 1907 643 tuendas
1936 601 2153 656 semper

554 692 738 765 putavi
790 703 999 743 summa
1049 685 1313 754 religione
1359 692 1412 736 et
1452 680 1578 747 ﬁde,
1613 689 1724 735 tum
1776 695 1868 736 eas
1916 679 2153 734 maxime

557 802 678 857 quae
705 791 980 839 cssentex
1007 777 1306 833 inimicitiis
1328 786 1598 832 revocata:
1627 775 1678 830 in
1701 775 1927 844 gratiam
1955 790 1966 826 :
1995 787 2155 843 prop-

558 891 707 934 terea
737 873 882 946 quod
918 871 1142 942 integris
1164 867 1416 923 amicitiis
1439 867 1672 922 ofﬁcium
1702 865 2151 935 praetermissum,

560 967 967 1040 imprudentiae,
1013 965 1099 1019 vel
1131 962 1213 1032 (ut
1243 962 1460 1033 gravius
1497 957 1936 1030 interpretemur)
1983 957 2156 1027 negli-

557 1066 757 1138 gentiae
784 1059 1136 1118 excusatione
1169 1054 1511 1119 defenditur;
1542 1060 1663 1125 post
1689 1051 1920 1108 reditum
1952 1051 2002 1104 in
2033 1064 2154 1121 gra-

555 1162 712 1224 tiam,
739 1156 783 1210 si
815 1153 945 1226 quid
973 1161 1056 1208 est
1099 1149 1469 1214 commissum,
1494 1147 1545 1201 id
1570 1161 1674 1201 non
1699 1145 2026 1214 neglectum,
2058 1141 2153 1196 sed

552 1251 817 1306 violatum
864 1254 1083 1315 putatur
1123 1261 1136 1297 ε
1181 1257 1281 1297 nec
1330 1239 1732 1309 imprudentiae,
1774 1236 1868 1292 sed
1915 1234 2154 1306 perﬁdia:

552 1341 818 1413 assignari
856 1340 1016 1394 solet.
1055 1355 1072 1387 ›
1109 1335 1338 1390 Flaccus
1379 1332 1634 1388 Horatius
1665 1344 1880 1400 quoque
1911 1330 1963 1382 in
1993 1325 2154 1398 Epis-

553 1438 662 1493 tola
692 1450 853 1506 quam
885 1431 1072 1486 scribit
1101 1429 1167 1483 ad
1201 1427 1456 1481 Florum:
1484 1423 1646 1490 Male,
1677 1425 1770 1488 ait,
1803 1432 1946 1476 sarta
1968 1419 2154 1474 Gratia

552 1530 900 1600 nequidquam
929 1525 1052 1590 coit,
1085 1531 1131 1576 et
1161 1519 1500 1575 rescinditur.

631 1621 687 1674 2.
720 1617 979 1679 Hilarius,
999 1613 1237 1685 Origenis
1257 1613 1532 1680 interpres,
1557 1617 1604 1662 et
1631 1607 1929 1661 Ambrosius
1955 1614 2001 1658 et
2037 1603 2154 1658 Vic-

559 1714 781 1770 torinus.
813 1709 938 1764 Tres
963 1707 1079 1761 libri
1107 1706 1306 1774 Ruﬁni.
1333 1703 1563 1770 -—-Quid
1593 1701 1722 1754 mibi
1744 1715 1884 1754 nunc
1908 1695 2154 1768 prodest,

2253 494 2347 549 sed
2406 493 2474 548 de
2519 492 2720 562 ingenii
2767 492 3046 547 exstitisse
3095 490 3454 545 admiratione
3502 486 3822 556 reSpondeat.

2253 585 2540 640 Placuerat
2565 584 2638 652 ei,
2664 584 2777 638 sive
2805 593 2863 637 ut
2890 583 3006 654 ipse
3033 581 3148 636 vult
3177 579 3374 646 videri,
3399 577 3702 647 compulsus
3727 584 3827 631 erat

2256 679 2308 733 in
2350 677 2598 732 Latinam
2629 674 2867 747 linguam
2895 683 3135 740 vertere,
3159 673 3302 744 quod
3329 670 3563 726 nolebat.
3594 668 3725 735 Quid
3748 683 3829 722 ne-

2255 786 2411 827 cesse
2440 769 2542 825 fuit
2580 784 2668 824 me
2701 769 2982 834 latentem,
3011 775 3069 822 et
3101 765 3264 820 tantis
3293 762 3458 818 maris
3487 771 3646 831 atque
3681 769 3829 814 terra-

2254 880 2374 920 rum
2413 863 2646 918 divisum
2701 862 2896 932 spatiis
2928 861 3172 915 inserere
3225 855 3545 930 quazstioui?
3578 868 3830 925 Opponerc

2254 955 2473 1012 invidiae
2499 955 2876 1026 plurimorum,
2908 961 2971 1010 ut
2994 954 3113 1024 plus
3142 953 3272 1008 mihi
3306 949 3576 1006 laudando
3607 955 3827 1013 noceret,

2255 1063 2416 1119 quam
2442 1049 2545 1102 sibi
2580 1046 2868 1117 prodesset
2887 1044 3176 1115 exemplo?
3197 1043 3349 1098 Nunc
3377 1056 3589 1112 quoque
3613 1041 3727 1111 quia
3754 1055 3831 1094 re-

2256 1142 2350 1197 nui
2382 1141 2741 1207 laudatorem,
2775 1149 2827 1194 et
2857 1154 3013 1194 verso
3039 1138 3181 1210 stylo
3225 1134 3384 1192 docui
3428 1150 3515 1190 me
3559 1150 3662 1189 non
3708 1146 3831 1197 esse,

2256 1234 2399 1305 quod
2423 1247 2580 1288 meus
2616 1233 2958 1288 necessarius
2993 1229 3326 1300 praadicavit,
3353 1228 3553 1282 dicitur
3574 1224 3761 1289 furere,
3789 1230 3836 1276 et

2256 1325 2284 1364 ι’
2317 1334 2427 1382 tres
2465 1335 2654 1382 contra
2701 1340 2787 1381 me
2824 1324 2992 1380 libros
3014 1331 3302 1378 venustate
3347 1321 3522 1377 Attica
3581 1317 3832 1374 texuisse:

2257 1419 2446 1475 eadem
2479 1433 2762 1484 accusans,
2811 1433 2931 1486 qua:
2961 1425 3088 1472 ante
3133 1415 3472 1481 laudaverat,
3516 1421 3571 1468 et
3598 1410 3838 1482 objiciens

2258 1512 2393 1568 mihi
2444 1512 2496 1566 in
2543 1511 2897 1566 translatione
2938 1507 3193 1580 Origenis
3242 1505 3443 1562 nefaria
3489 1506 3754 1576 dogmata,
3783 1491 3840 1557 de

2261 1619 2371 1675 quo
2403 1605 2453 1659 in
2476 1603 2892 1658 Przefatiuncula
2935 1601 3260 1656 laudationis
3294 1616 3406 1655 sua:
3429 1599 3677 1655 dixerat:
3709 1617 3728 1650 i
3755 1597 3840 1653 Se-

2257 1713 2394 1767 quar
2443 1696 2681 1767 regulam
2717 1703 3210 1764 pr;ecessorum,et
3256 1693 3374 1761 ejus
3418 1692 3680 1762 praecipue
3728 1689 3837 1753 viri,

559 1805 706 1878 quod
757 1802 1077 1872 simpliciter
1110 1813 1325 1853 errasse
1353 1812 1411 1852 se
1433 1795 1613 1865 jnrat?
1658 1793 1798 1848 Ecce
1829 1791 2157 1861 objiciuntur
2187 1794 2232 1854 Β
2261 1789 2416 1857 cujus
2461 1789 2712 1857 superius
2745 1787 2966 1841 fecimus
3016 1785 3350 1841 mentionem
3384 1802 3395 1836 :
3427 1783 3522 1853 qui
3561 1798 3679 1838 cum
3721 1782 3841 1835 ultra

562 1899 692 1955 mihi
743 1895 929 1950 laudes
978 1894 1118 1962 ejus,
1177 1900 1231 1945 et
1286 1889 1498 1945 crimini
1555 1887 1713 1941 datur
1763 1883 2155 1955 simplicissimi

557 1989 742 2054 amici,
771 2002 877 2041 non
910 1983 1162 2054 simplex,
1197 1996 1297 2036 nec
1320 1996 1451 2052 pura
1479 1979 1742 2033 laudatio.
1775 1975 1832 2032 Si
1863 1974 2158 2029 auctorita-

559 2092 669 2139 tem
715 2097 814 2136 suo
838 2077 990 2149 operi
1017 2075 1391 2145 prmslruebat,
1423 2072 1612 2126 volens
1659 2084 1794 2140 quos
1836 2077 2159 2138 sequeretur

557 2175 871 2237 ostendere,
895 2171 1080 2225 habuit
1104 2170 1155 2222 in
1186 2176 1436 2238 promptu
1463 2163 1724 2218 llilarium
1747 2160 2152 2230 Confessoretn,

559 2269 652 2338 qui
683 2265 1036 2338 quadraginta
1088 2262 1256 2316 ferme
1302 2257 1472 2312 millia
1522 2270 1774 2310 versuum
1806 2254 2053 2324 Origenis
2103 2253 2157 2307 in

559 2359 664 2414 Job
695 2369 750 2414 et
777 2357 1026 2411 Psalmos
1056 2351 1348 2406 transtulit.
1383 2349 1581 2403 Habuit
1607 2347 1978 2412 Ambrosium,
2005 2344 2159 2414 cujus

557 2465 698 2520 pene
723 2461 916 2502 omnes
963 2443 1085 2499 libri
1128 2442 1286 2511 hujus
1330 2439 1676 2495 sermonibus
1716 2436 1859 2507 pleni
1907 2446 2032 2490 sunt
2064 2454 2076 2489 :
2108 2442 2163 2489 et

559 2543 850 2614 Martyrem
890 2538 1252 2601 Victorinum,
1279 2534 1368 2604 qui
1395 2531 1796 2601 simplicitatem
1827 2545 1980 2585 suam
2010 2530 2061 2582 in
2095 2543 2161 2583 eo

559 2637 777 2708 probat,
807 2635 937 2690 dum
967 2631 1099 2686 nulli
1132 2629 1357 2684 molitur
1402 2626 1648 2680 insidias.
1683 2625 1760 2677 De
1791 2623 1874 2676 his
1908 2622 2160 2677 omnibus

556 2738 729 2791 tacet,
760 2736 816 2781 et
842 2725 996 2794 quasi
1027 2721 1296 2778 columnis
1337 2718 1594 2772 Ecclesia:
1624 2714 2031 2784 prmtermissis,
2076 2729 2161 2767 me

560 2821 737 2874 solum
784 2818 1016 2886 pulicem
1047 2823 1104 2869 et
1131 2813 1283 2866 nihili
1326 2809 1598 2865 hominem
1631 2823 1726 2875 per
1769 2807 2001 2875 angulos
2030 2821 2162 2858 con-

561 2919 821 2967 sectatur.
853 2907 968 2962 Nisi
999 2908 1137 2960 forte
1163 2904 1352 2960 eadem
1387 2901 1754 2970 simplicitite,
1787 2914 1889 2967 qua
1931 2898 2161 2952 amicum

561 3002 783 3059 nescius
829 2999 1126 3063 accusavit,
1159 2997 1282 3051 illos
1311 2995 1590 3064 ignorasse
1639 3006 1698 3045 se
1739 2990 1905 3058 juret.
1943 2989 2007 3042 Et
2045 2989 2166 3057 quis

563 3095 616 3150 ei
667 3091 855 3146 credet
899 3090 1017 3144 viro
1047 3085 1438 3148 eruditissimo,
1489 3093 1540 3137 et
1583 3081 1674 3152 qui
1716 3090 1917 3135 tantam
1970 3079 2165 3134 habeat

2260 1879 2597 1950 septuaginta
2649 1878 2867 1934 libellos
2915 1878 3186 1947 Origenis,
3219 1892 3355 1947 quos
3396 1876 3736 1931 Homiliticos
3757 1889 3843 1943 ap-

2259 1973 2505 2043 pellavit,
2537 1972 2846 2042 aliquantos
2901 1972 3061 2024 etiam
3110 1971 3178 2025 de
3231 1969 3387 2024 tomis
3441 1969 3494 2022 in
3550 1966 3841 2038 Apostolnm

2261 2065 2501 2135 scriptis,
2537 2063 2905 2119 transtulisset
2955 2063 3006 2117 in
3063 2061 3312 2116 Latinum
3358 2061 3451 2114 :in
3511 2059 3699 2130 quibus
3733 2072 3838 2112 cum

2262 2159 2540 2226 aliquanta
2583 2155 2904 2211 offendicula
2953 2153 3297 2209 inveniantur
3326 2154 3376 2207 in
3424 2152 3642 2217 Grreco,
3674 2154 3735 2206 ita
3761 2149 3845 2205 eli-

2263 2251 2427 2304 mavit
2469 2248 2648 2302 omnia
2696 2245 3104 2317 interpretando
3141 2253 3303 2315 atque
3345 2244 3616 2314 purgavit,
3646 2253 3700 2296 ut
3728 2239 3845 2295 nihil

2264 2343 2316 2398 in
2362 2342 2467 2396 illis
2508 2340 2650 2412 quod
2680 2356 2708 2394 a
2744 2340 2848 2394 fide
2883 2347 3066 2393 nostra
3117 2338 3412 2406 discrepet,
3439 2335 3664 2390 Latinus
3698 2334 3846 2388 lector

2263 2436 2524 2490 inveniat.
2560 2435 2713 2489 lluuc
2736 2447 2866 2502 ergo
2888 2432 3050 2487 etiam
3085 2447 3204 2498 nos,
3239 2431 3366 2486 licet
3405 2445 3516 2485 non
3546 2427 3846 2500 eloquentia:

2263 2530 2490 2594 viribus,
2524 2529 2822 2600 disciplime
2856 2537 3037 2584 tamen
3066 2529 3267 2599 regulis
3299 2527 3352 2581 in
3387 2539 3646 2597 quantum
3676 2539 3846 2598 possu-

2264 2637 2405 2688 mus,
2428 2622 2725 2691 scquimur.
2771 2641 2788 2672 ι

2335 2716 2388 2768 4.
2433 2712 2592 2768 Fides
2626 2716 2858 2770 Romana
2899 2714 3284 2769 Catholicorum
3324 2725 3416 2769 est.
3466 2745 3541 2754 —
3567 2714 3720 2771 Certe
3746 2712 3848 2766 [nec

2266 2810 2412 2864 illius
2440 2809 2603 2864 verba
2651 2819 2796 2872 sunt,
2828 2825 3026 2880 negare
3056 2825 3163 2866 non
3195 2819 3391 2880 potest.
3419 2809 3542 2879 Ipsa
3589 2810 3711 2882 styli
3754 2807 3850 2863 ele-

2264 2903 2441 2972 gantia
2471 2911 2524 2953 et
2555 2916 2739 2954 sermo
2767 2901 3121 2970 compositus,
3146 2901 3399 2972 quodque
3429 2900 3520 2956 his
3565 2902 3730 2972 majus
3757 2906 3848 2962 est,

2265 2991 2424 3064 46],
2467 2992 2789 3062 simplicitas
2833 2993 3163 3059 Christiana,
3199 2993 3436 3049 auctoris
3470 2996 3555 3048 sui
3587 2995 3850 3048 characte-

2267 3103 2379 3143 rem
2411 3088 2661 3158 probanl.
2704 3087 2863 3142 Aliud
2892 3097 2995 3154 est,
3031 3088 3074 3141 si
3108 3089 3207 3142 ista
3241 3069 3511 3143 Eusebius
3540 3085 3851 3159 depravavit,

563 3186 848 3244 scientiam
877 3183 1214 3252 Scriptorum
1262 3189 1528 3242 veterum,
1560 3177 1795 3231 maxime
1825 3175 2157 3238 Graecorum,

2273 3193 2294 3221 ο
2329 3191 2382 3237 et
2426 3192 2709 3236 accusator
2758 3181 3029 3249 Origenis,
3063 3180 3280 3251 meique
3325 3180 3623 3248 studiosus,
3659 3182 3706 3234 in
3757 3191 3851 3232 uno

563 3293 625 3336 ut
657 3281 785 3335 dum
819 3276 1103 3349 peregrina
1133 3282 1392 3338 sectatur,
1419 3287 1560 3343 pene
1587 3286 1683 3325 sua
1709 3270 1950 3325 amiserit
1977 3287 1989 3323 :
2018 3268 2163 3340 quod

562 3371 962 3430 recentissima:
991 3368 1267 3422 memoria:
1293 3367 1439 3420 viros
1479 3375 1532 3419 et
1563 3364 1780 3419 Latinos
1810 3362 2057 3418 nesciat?
2083 3362 2165 3417 Ex

565 3482 678 3537 quo
706 3472 934 3535 apparet
957 3477 1062 3515 non
1090 3469 1198 3514 tam
1232 3474 1319 3514 me
1346 3460 1412 3512 ab
1442 3474 1506 3512 eo
1531 3458 1828 3523 laudatum,
1856 3471 2016 3525 quam
2045 3457 2165 3512 illos

562 3577 673 3615 non
703 3565 988 3613 accusatos
1032 3573 1044 3606 :
1074 3564 1130 3608 ut
1169 3553 1280 3607 sive
1313 3553 1433 3605 laus
1465 3552 1550 3606 illa
1598 3561 1684 3606 est
1723 3553 1807 3620 (ut
1837 3551 2016 3604 Stultis
2044 3567 2167 3619 per-

565 3651 797 3706 suadere
840 3647 1087 3717 conatnr)
1140 3645 1254 3699 sive
1288 3642 1587 3709 accusatio,
1615 3653 1670 3695 ut
1702 3657 1803 3712 ego
1829 3658 1894 3697 ex
1925 3642 2166 3698 vulneris

565 3747 675 3800 mei
719 3745 906 3799 dolore
945 3741 1145 3804 sentio,
1177 3751 1279 3792 nec
1324 3739 1374 3790 iu
1410 3735 1565 3791 laude
1594 3735 1851 3790 haberem
1881 3734 2162 3804 :rqualium

569 3837 821 3908 gloriam,
853 3848 956 3889 nec
980 3833 1031 3887 in
1061 3830 1458 3900 vituperatione
1486 3829 1758 3882 solatium.

639 3929 692 3982 '5.
722 3926 906 3982 Teneo
937 3923 1198 3994 epistolas
1242 3931 1474 3986 vestras,
1498 3920 1693 3988 quibus
1719 3926 2030 3973 accusatum
2079 3933 2165 3974 me

564 4018 802 4076 scribitis
843 4031 966 4072 esse
999 4034 1012 4069 :
1046 4025 1101 4069 et
1156 4010 1451 4066 hortamini
1501 4009 1666 4081 460
1710 4017 1767 4064 ut
1807 4009 2164 4078 respondeam

563 4110 898 4170 eriminanti;
927 4122 994 4162 ne
1019 4109 1062 4160 si
1098 4105 1380 4169 tacuerim,
1405 4102 1590 4157 videar
1611 4105 1814 4158 crimen
1845 4117 2162 4172 agnoscere.

561 4203 643 4257 Ad
665 4218 799 4272 quas
818 4198 1286 4272 respondi,fateor
1308 4215 1320 4250 :
1346 4205 1401 4252 et
1431 4195 1679 4266 quamvis
1709 4197 1894 4261 lassus,
1928 4196 2006 4252 sic
2029 4197 2165 4250 ami-

564 4295 705 4350 citia
731 4297 846 4364 jura
875 4293 1114 4356 servavi,
1137 4300 1196 4346 ut
1226 4306 1312 4345 me
1342 4290 1461 4344 sine
1491 4291 1794 4345 accusantis
1817 4293 2165 4347 accusatione

563 4387 914 4443 defenderem
949 4397 1036 4442 :ct
1065 4384 1210 4455 quod
1253 4399 1389 4439 unus
1411 4383 1599 4438 Rouite
1633 4386 1838 4440 amicus
1866 4386 2164 4455 objecerat,

563 4493 595 4532 a
625 4478 812 4531 multis
839 4478 892 4530 in
925 4486 1036 4531 toto
1059 4476 1194 4530 orbe
1221 4475 1455 4529 inimicis
1477 4473 1715 4529 dicerem
1754 4475 2082 4544 jactitatum.
2108 4487 2166 4532 ut

2268 3274 2573 3346 eodemque
2595 3289 2762 3345 opere
2794 3284 2847 3328 et
2875 3273 3025 3326 illum
3055 3282 3104 3328 et
3139 3290 3224 3328 mc
3251 3274 3333 3328 vel
3363 3287 3599 3339 errasse,
3625 3273 3703 3328 vel
3733 3271 3850 3326 bene

2267 3367 2506 3424 sensisse
2538 3376 2765 3422 testatus
2814 3376 2915 3420 esr.
2951 3366 3067 3420 Non
3113 3375 3294 3435 potest
3321 3381 3408 3421 me
3435 3381 3581 3420 nime
3624 3364 3849 3419 inimicus

2270 3460 2584 3515 hmretieum
2613 3459 2817 3523 dicere,
2849 3473 3008 3528 quem
3040 3473 3067 3511 a
3113 3457 3214 3512 ﬁde
3256 3474 3351 3513 sua
3383 3459 3589 3515 dudum
3620 3472 3719 3512 non
3745 3455 3845 3508 dis-

2267 3566 2491 3622 crepare
2523 3551 2782 3620 prmfatus
2820 3560 2925 3605 est.
2955 3551 3238 3621 Simulque
3265 3550 3445 3606 ethoc
3470 3552 3545 3607 ab
3571 3567 3635 3606 eo
3657 3559 3848 3620 quaero,

2268 3644 2393 3715 quid
2445 3643 2545 3698 sibi
2586 3645 2716 3699 velit
2761 3659 2942 3700 sermo
2983 3645 3295 3699 moderatus
3342 3655 3398 3700 et
3438 3639 3848 3700 dubius?Nihil.

2268 3736 2466 3806 inquit,
2492 3737 2542 3791 in
2589 3736 2691 3790 illis
2722 3735 2864 3805 quod
2901 3751 2930 3791 a
2974 3736 3077 3791 ﬁde
3107 3747 3286 3792 nostra
3321 3737 3622 3809 discrepet,
3647 3736 3852 3792 Latinus

2267 3832 2440 3887 lector
2487 3831 2747 3887 inveniet.
2790 3829 2978 3886 Fidem
3029 3846 3181 3886 suam
3213 3847 3375 3903 quam
3423 3833 3624 3888 vocat?
3666 3830 3851 3884 Eamne

2267 3939 2370 3995 qua
2398 3924 2640 3979 Romana
2667 3926 2832 3993 pollet
2861 3925 3142 3980 Ecclesia?
3165 3941 3230 3980 an
3262 3926 3431 3992 illam,
3456 3941 3580 3997 qua:
3611 3925 3663 3981 in
3686 3923 3853 3991 Orige-

2268 4018 2352 4072 nis
2373 4017 2741 4072 voluminibus
2782 4019 3131 4072 continetur?
3151 4017 3206 4074 Si
3239 4018 3544 4074 Romanam
3574 4014 3854 4088 responde-

2269 4111 2363 4176 rit,
2393 4125 2522 4180 ergo
2562 4110 2830 4165 Catholici
2880 4127 3088 4179 sumus,
3117 4114 3207 4182 qui
3244 4113 3377 4167 nihil
3409 4113 3476 4169 de
3512 4113 3752 4183 Origenis
3778 4123 3855 4164 er-

2269 4220 2393 4260 rore
2423 4204 2817 4260 transtulimus.
2856 4205 2949 4261 Sin
2983 4217 3162 4264 autem
3217 4207 3468 4278 Origenis
3511 4202 3853 4278 blasphemia,

2270 4296 2404 4351 fides
2435 4297 2582 4352 illius
2623 4305 2711 4352 est
2741 4315 2753 4352 :
2796 4297 2922 4353 dum
2961 4300 3090 4354 mihi
3126 4301 3506 4355 inconstantia:
3535 4300 3726 4355 crimen
3762 4296 3856 4346 im-

2271 4389 2462 4460 pingit,
2480 4404 2539 4445 se
2558 4389 2871 4446 haereticum
2894 4393 3107 4462 probat.
3133 4391 3262 4447 Sive
3281 4393 3418 4448 bene
3435 4393 3604 4449 credit
3620 4385 3855 4444 laudator

2270 4498 2444 4548 meus,
2472 4483 2819 4539 confessione
2856 4501 2950 4538 sua
2993 4499 3080 4540 me
3107 4485 3336 4538 assumit
3382 4485 3437 4540 in
3481 4483 3719 4546 socium;
3752 4478 3857 4533 sive

564 4584 674 4624 non
725 4568 943 4623 viderer
995 4568 1231 4632 homini,
1294 4568 1390 4622 sed
1436 4567 1758 4622 criminibus
1812 4571 2161 4640 respondere.
2193 4559 2246 4619 D
2273 4578 2434 4642 male,
2465 4579 2702 4634 ostendit
2742 4595 2828 4635 me
2871 4579 2993 4635 ideo
3023 4590 3150 4634 ante
3181 4580 3476 4646 laudatum,
3505 4581 3630 4650 quia
3653 4570 3858 4648 partici-

567 4662 729 4718 Aliud
754 4671 858 4728 est,
882 4663 925 4716 si
941 4663 1172 4734 projure
1197 4662 1448 4716 amicitia:
1469 4672 1752 4718 accusatus
1778 4672 1956 4719 tacere
1978 4663 2164 4731 debui,

559 4765 615 4809 et
644 4755 772 4810 dum
809 4763 834 4790 ⁸
860 4755 1080 4808 lutatam
1117 4754 1292 4810 habeo
1315 4753 1528 4821 faciem,
1563 4765 1724 4825 atque
1754 4755 1835 4827 (ut
1864 4757 1934 4811 ita
1961 4757 2162 4830 dicam)

562 4847 828 4904 horretico
878 4848 1050 4903 fetore
1097 4861 1489 4917 cou5persam,
1541 4864 1610 4902 ne
1669 4850 1900 4919 simplici
1948 4851 2164 4920 quidem

559 4957 699 5011 aqua
731 4941 964 5005 diluere,
989 4955 1053 4994 ne
1084 4940 1175 4995 ille
1205 4941 1338 4994 mihi
1365 4940 1561 4995 fecisse
1584 4952 1865 5010 putaretur
1887 4943 2162 5012 injuriam.

557 5030 692 5087 Haec
722 5047 821 5086 vox
856 5047 957 5084 nec
1002 5031 1234 5083 hominis
1275 5040 1377 5095 est,
1418 5046 1518 5086 nec
1543 5033 1607 5085 ad
1642 5035 1938 5101 hominem,
1972 5047 2160 5105 aperte

558 5121 793 5176 amicum
827 5129 1036 5189 petere,
1067 5129 1120 5173 et
1148 5121 1374 5174 crimina
1422 5123 1538 5190 ejus
1570 5124 1669 5178 sub
1711 5143 1942 5193 persona
1975 5128 2160 5184 lauda-

552 5212 692 5268 toris
717 5226 994 5278 exponere
1026 5227 1038 5262 :
1064 5219 1119 5264 et
1163 5212 1237 5264 illi
1271 5227 1338 5266 ne
1364 5211 1466 5267 hoc
1494 5215 1709 5281 quidem
1736 5217 1964 5273 liberum
1995 5219 2155 5276 dere-

552 5307 752 5379 linqui,
779 5316 837 5362 ut
862 5319 921 5360 se
951 5303 1278 5359 catholicum
1315 5305 1524 5375 probet,
1557 5317 1612 5362 et
1639 5309 2000 5366 laudationem
2040 5312 2156 5368 hae-

629 5515 653 5542 η
695 5505 991 5565 Victorius,
1023 5512 1070 5557 et
1115 5503 1330 5556 lutatam
1361 5504 1424 5557 ab
1468 5521 1528 5558 eo
1574 5504 1782 5573 faciem,
1808 5504 2014 5558 scilicet
2047 5505 2156 5560 Bu-

555 5579 686 5641 ﬁno,
707 5592 804 5645 pro
827 5574 1008 5629 habeo.
1045 5574 1267 5628 l‘lirasin
1301 5576 1660 5646 Hieronymus
1689 5575 1938 5646 videatur
1966 5590 2154 5646 sump-

556 5650 696 5701 sisse
712 5643 776 5700 ex
803 5647 1050 5708 Tatiano,
1066 5647 1156 5714 qui
1174 5646 1242 5699 de
1260 5643 1548 5699 Crescente
1568 5643 1894 5713 philosojiho
1916 5643 2151 5714 scripsit,

556 5717 698 5835 guth
719 5718 940 5768 lutatam
966 5716 1216 5770 habuerit
1247 5716 1464 5781 faciem,
1486 5727 1662 5783 eaque
1679 5724 1898 5784 propter
1922 5717 2150 5784 sapienti

559 5802 634 5835 ιιι(
658 5799 893 5835 ecoram.
2080 5821 2082 5824 .

559 5799 893 5842 tintecoram.
2080 5821 2082 5824 _

2269 4683 2390 4739 pem
2436 4672 2517 4725 sui
2550 4671 2770 4740 putabat
2815 4672 3041 4726 erroris.
3075 4669 3182 4727 Sed
3222 4672 3486 4728 adversus
3518 4671 3642 4726 illos
3680 4668 3854 4727 libros,

2267 4763 2358 4831 qui
2391 4778 2485 4832 per
2532 4763 2758 4832 angulos
2789 4764 3058 4833 garriunt,
3093 4773 3149 4819 et
3178 4763 3378 4820 furtiva
3411 4762 3754 4819 accusatione
3779 4768 3856 4812 me

2269 4853 2544 4918 mordent,
2576 4869 2698 4908 cum
2731 4853 2860 4908 editi
2894 4853 3116 4921 fuerint,
3148 4863 3203 4910 et
3229 4855 3297 4910 de
3334 4853 3579 4910 tenebris
3598 4851 3664 4908 ad
3695 4851 3856 4904 lucem

2267 4946 2654 5013 processerint,
2692 4955 2852 5016 atque
2895 4946 2962 5000 ad
2996 4960 3094 5000 nos
3123 4947 3207 5001 vel
3257 4946 3436 5001 studio
3486 4945 3740 5004 fratrum,
3782 4935 3856 4991 vel

2268 5036 2576 5090 temeritate
2623 5038 2940 5091 minulorum
2991 5039 3266 5107 potuerint
3309 5039 3615 5108 pervenire,
3648 5044 3858 5102 respou-

2267 5128 2399 5185 dere
2439 5130 2698 5185 conabor.
2737 5131 2921 5202 Neque
2962 5133 3108 5188 enim
3157 5147 3490 5203 magnopere
3544 5119 3855 5185 formidandi

2267 5228 2413 5286 sunt,
2441 5236 2578 5290 quos
2607 5225 2799 5278 metuit
2843 5233 3033 5279 auctor
3061 5221 3087 5261 ἀ
3121 5238 3254 5279 suus
3282 5224 3538 5294 prodere,
3567 5230 3624 5276 et
3666 5225 3855 5274 tantum

2265 5313 2634 5371 confederatis
2660 5316 2918 5387 legendos
2938 5332 3058 5373 esse
3079 5317 3344 5373 decrevit.
3375 5315 3527 5372 Tunc
3554 5323 3650 5368 aut
3677 5320 3859 5381 agnos-

2336 5509 2365 5548 b
2396 5510 2668 5581 Superant
2711 5511 3001 5567 hodienum
3053 5521 3202 5567 tres:
3247 5512 3299 5567 in
3352 5500 3858 5581 qttorumhabenda

2264 5589 2349 5636 cst
2379 5580 2605 5638 nurnero
2633 5583 2873 5653 Epistula
2901 5583 2966 5636 ad
2992 5583 3356 5653 Anastasium.
3391 5582 3521 5636 Vide
3548 5580 3756 5635 Vitam.

2341 5663 2362 5690 ο
2407 5652 3112 5710 [εὐνιυςςεηεονίιωηάυῐη
3153 5664 3253 5719 est,
3302 5654 3456 5712 Aliud
3501 5653 3547 5706 si
3595 5655 3862 5705 accusator

2267 5721 2526 5796 Origenis,
2559 5734 2662 5778 etc.

2331 5791 2380 5830 δ’
2399 5793 2456 5848 In
2492 5796 2664 5850 veteri
2695 5795 2831 5851 edit.
2853 5838 2867 5866 ,
2896 5799 3001 5851 suis
3036 5796 3277 5864 pandere.
