4054 6326
224 312 320 368 401

1187 316 1530 373 APOLOGIA
1570 317 1936 375 ADVERSUS
1978 318 2224 376 LIBROS
2264 320 2517 376 RUFINI.

3414 332 3519 385 402

226 443 343 483 eam
375 430 621 496 crimina,
655 441 746 485 aut
797 431 1020 497 diluam,
1064 433 1233 486 autin
1280 442 1651 489 accusatorem
1695 450 1818 505 quae
1846 443 1900 501 Α
1926 438 2173 503 vertisse,
2209 446 2267 491 ut
2294 438 2345 491 in
2373 440 2565 493 Graeco
2597 440 2892 506 invenerat,
2937 443 3017 495 vel
3060 443 3127 497 de
3163 442 3517 500 Commenta-

226 532 352 577 sunt
374 523 583 592 objecta
607 526 956 594 retorquebo:
982 533 1037 580 et
1053 525 1333 581 ostendam
1362 526 1509 597 quod
1540 527 1821 598 hucusque

227 614 503 669 silentium
534 618 812 671 modestia:
842 617 1022 683 fuerit,
1044 634 1150 673 non
1176 620 1317 674 male
1342 619 1712 675 conscientiae.

294 707 349 761 5.
391 707 585 761 Auctor
633 725 740 762 sese
778 721 1008 764 excusat.
1044 711 1359 767 —lnterim
1402 713 1545 781 apud
1591 714 1817 768 tacitum

224 795 445 854 lectoris
478 799 742 870 judicium
784 812 1069 872 purgatum
1113 819 1197 859 me
1228 820 1349 859 esse
1390 805 1559 870 volui,
1603 816 1657 860 et
1694 821 1818 875 gra-

224 893 508 948 vissimum
570 896 708 949 inter
744 897 948 951 amicos
987 898 1196 951 crimen
1235 897 1512 962 refellere,
1565 912 1631 953 nc
1669 898 1820 968 prior

222 985 432 1042 lmsissc
460 986 660 1054 videat,
702 989 793 1059 qui
831 1000 885 1043 et
914 989 1233 1045 vulneratus
1262 1005 1602 1060 nequaquam
1633 1000 1819 1045 contra

223 1090 632 1153 persecutorem
662 1084 769 1137 tela
803 1082 1017 1149 direxi;
1060 1083 1156 1139 sed
1196 1099 1315 1138 meo
1358 1093 1567 1137 tantum
1608 1084 1819 1138 vulneri

222 1172 441 1228 admovi
476 1190 721 1230 manum.
756 1174 927 1241 Quem
959 1177 1208 1241 obsecro,
1242 1185 1297 1229 ut
1323 1175 1528 1245 absque
1571 1175 1820 1245 przejudi-

222 1269 308 1321 cio
343 1283 721 1338 personarum,
745 1269 963 1339 culpam
996 1269 1046 1322 in
1079 1284 1200 1323 eum
1226 1268 1450 1334 referat,
1480 1269 1570 1337 qui
1600 1268 1821 1323 lacessi-

222 1360 320 1415 vit.
353 1360 463 1415 Nec
487 1360 696 1416 Iresisse
721 1370 1032 1428 contentus,
1070 1361 1221 1431 quasi
1246 1360 1512 1415 adversus
1538 1361 1818 1430 elinguem

221 1470 551 1526 semperque
584 1456 893 1523 taciturum,
936 1464 1045 1510 tres
1083 1455 1429 1510 elucubravit
1470 1454 1665 1520 libros,
1713 1462 1738 1491 ει
1764 1462 1819 1509 et

223 1552 499 1613 ἀντιθέσεις
522 1551 805 1606 Marcionis
826 1550 896 1607 de
922 1553 1058 1606 meis
1084 1552 1364 1621 Opusculis
1393 1550 1688 1605 fabricatus
1710 1558 1815 1605 est.

219 1643 393 1699 Gestit
414 1646 646 1709 animus,
681 1654 735 1699 et
766 1644 913 1697 illius
939 1654 1163 1713 repente
1186 1643 1520 1708 doctrinam,
1550 1652 1605 1697 et
1637 1656 1815 1697 meam

216 1736 548 1804 insperatam
579 1736 891 1791 vecordiam
945 1734 1108 1807 562
1155 1750 1510 1805 cognoscere.
1560 1734 1818 1789 Fortasse

1924 528 2077 583 riolis
2110 528 2343 599 Didymi,
2388 530 2477 599 qui
2516 530 2765 600 Origenis
2795 533 3173 601 apertissimus
3213 549 3518 604 propugna-

1925 631 2009 675 tor
2038 631 2141 683 est,
2184 633 2507 691 exaggerata
2556 632 2611 678 et
2650 626 2890 679 firmiora
2926 628 3170 693 posuisse
3206 643 3218 679 :
3256 637 3313 681 ut
3340 630 3430 697 qui
3462 630 3516 681 in

1924 712 2186 768 Trinitate
2211 713 2539 768 catholicum
2572 715 2796 785 legerat,
2831 716 2881 770 in
2916 716 3035 772 aliis
3067 717 3383 772 haereticum
3411 732 3519 773 non

1923 816 2163 860 caveret.

1995 898 2048 950 7.
2092 897 2243 953 Alius
2273 896 2524 963 forsitan,
2554 900 2642 968 qui
2669 914 2774 954 non
2797 912 2944 955 esset
2966 902 3174 956 amicus
3198 902 3341 973 ejus,
3368 905 3520 960 dice-

1925 1000 2009 1046 ret
2055 1006 2067 1040 :
2115 1000 2206 1045 attt
2241 1001 2411 1047 totum
2444 1002 2609 1059 muta,
2644 994 2791 1062 quod
2826 995 3025 1049 malum
3059 1007 3143 1050 est
3172 1015 3185 1049 :
3219 1006 3311 1052 aut
3342 1007 3517 1053 totum

1926 1086 2116 1156 prode,
2164 1086 2306 1156 quod
2336 1088 2599 1155 optimum
2648 1098 2823 1156 putas.
2858 1088 2914 1143 Si
2964 1100 3190 1159 pr0pter
3241 1091 3519 1161 simplices

1926 1179 2081 1232 noxia
2112 1194 2340 1248 quiequc
2365 1179 2675 1245 detruncas,
2706 1190 2762 1236 et
2788 1197 2850 1237 ea
2874 1199 2993 1251 quae
3020 1183 3087 1237 ab
3117 1184 3391 1238 ltmreticis
3422 1184 3518 1238 ad-

1923 1269 2032 1323 dita
2060 1269 2301 1336 simulas,
2336 1271 2388 1324 in
2410 1269 2573 1343 5.63
2602 1274 2942 1341 peregrinum
2976 1291 3081 1327 non
3114 1274 3194 1329 vis
3224 1276 3520 1329 transferre

1924 1378 2258 1430 sermonem,
2286 1362 2313 1400 δ
2342 1366 2476 1419 cedo
2506 1365 2768 1434 quidquid
2801 1376 2885 1421 est
2928 1368 3174 1422 noxium.
3214 1369 3307 1423 Sin
3336 1378 3521 1421 autem

1922 1454 2167 1510 veritatis
2196 1454 2354 1510 fidem
2396 1456 2447 1509 in
2497 1458 2853 1512 translatione
2899 1472 3217 1521 conservas.
3267 1474 3366 1513 cur
3411 1459 3520 1513 alia

1923 1557 2118 1612 mutas,
2148 1560 2201 1601 et
2239 1548 2345 1603 alia
2391 1549 2621 1604 dimittis
2662 1549 2903 1605 intacta?
2950 1550 3289 1619 Quamquam
3329 1560 3519 1620 aperta

1920 1643 2187 1698 confessio
2211 1654 2290 1697 est
2320 1643 2371 1697 in
2396 1643 2589 1699 eodem
2618 1644 2873 1714 Prologo,
2899 1645 3223 1700 emendasse
3249 1654 3303 1699 te
3327 1660 3515 1714 prava,

1921 1750 1974 1794 et
2005 1738 2205 1808 optima
2241 1738 2548 1807 reliquisse.
2596 1737 2670 1791 Ex
2714 1753 2821 1807 quo
2855 1753 2960 1792 non
2996 1739 3313 1807 interpretis
3354 1739 3515 1793 liber-

214 1828 368 1883 brevi
401 1840 646 1899 tempore
674 1828 881 1893 didicit,
918 1829 1062 1897 quod
1106 1842 1205 1882 nos
1250 1828 1447 1881 docere
1488 1826 1719 1889 debeat;
1762 1834 1815 1880 et
1846 1830 1891 1889 B
1922 1837 2051 1894 tate,
2096 1827 2189 1883 sed
2220 1829 2501 1897 scriptoris
2529 1829 2851 1882 auctoritate
2883 1829 3177 1895 tcneberis,
3227 1829 3274 1883 si
3301 1829 3429 1899 quid
3461 1829 3516 1882 in

212 1921 358 1991 quod
394 1921 545 1975 illum
570 1922 712 1976 scire
747 1922 932 1975 nullus
956 1921 1197 1988 putabat,
1228 1920 1467 1973 subitum
1493 1919 1816 1988 eloquentiae

210 2015 414 2069 ﬂumen
438 2017 709 2069 ostendet.
748 2014 836 2067 Sic
868 2023 1012 2084 pater
1046 2013 1135 2065 ille
1177 2013 1341 2066 Deum
1365 2013 1525 2081 faciat
1554 2027 1571 2064 :
1605 2012 1676 2063 sic
1702 2028 1819 2063 ma-

207 2123 345 2178 gnus
371 2105 521 2159 Iesus
551 2104 659 2174 (Ea:
695 2103 886 2175 Virgil.
920 2103 1009 2157 lib.
1055 2118 1086 2155 x
1114 2102 1379 2172 xEneid.).
1423 2102 1653 2170 Incipiat
1686 2116 1817 2155 con-

206 2195 361 2251 ferre
392 2211 635 2250 manum.
684 2194 944 2261 Quamvis
976 2194 1257 2248 libraverit
1295 2192 1665 2248 accusationis
1703 2208 1817 2249 suae

206 2289 422 2355 hastas,
453 2299 506 2344 et
535 2290 662 2343 totis
691 2288 981 2342 adversum
1007 2300 1105 2340 nos
1131 2286 1344 2341 viribus
1368 2288 1675 2350 intorserit,
1698 2301 1818 2341 cre-

198 2384 392 2440 dimus
424 2385 477 2439 in
508 2384 796 2438 Dominum
826 2383 1184 2445 Salvatorem,
1217 2381 1360 2452 quod
1393 2392 1549 2437 scuto
1583 2381 1817 2435 circum-

199 2479 359 2535 dabit
385 2494 484 2534 nos
513 2480 717 2535 veritas
739 2479 894 2548 ejus;
926 2488 979 2534 et
1008 2494 1129 2532 cum
1160 2478 1445 2533 Psalmista
1468 2486 1690 2531 cantare
1722 2492 1816 2545 po-

200 2572 440 2626 terimus
468 2590 480 2625 :
513 2572 732 2640 Sagitta:
755 2571 1091 2635 parvulorum
1120 2571 1275 2638 facta:
1295 2579 1412 2623 sunt
1434 2570 1606 2641 plaga:
1635 2585 1811 2623 eorum

200 2662 383 2733 (Psal.
413 2679 549 2717 thtt
568 2706 582 2725 ,
608 2662 687 2730 8).
724 2659 820 2727 Et,
858 2661 917 2715 Si
947 2662 1266 2715 constiterint
1292 2662 1567 2714 adversam
1595 2676 1675 2712 me
1700 2677 1813 2714 cas-

196 2762 301 2815 tra,
338 2769 447 2807 non
494 2752 690 2805 timebit
729 2768 818 2806 cor
854 2768 1041 2806 meum.
1091 2753 1150 2806 Si
1196 2753 1391 2806 steterit
1433 2749 1813 2805 adversum’me

195 2848 471 2916 praelium,
500 2848 553 2900 in
581 2845 677 2899 hoc
704 2862 796 2916 ego
818 2846 1036 2914 sperabo
1079 2844 1249 2917 (Psal.
1287 2861 1450 2912 xxvt,
1497 2847 1549 2909 5,
1580 2844 1659 2913 4).
1700 2844 1809 2900 Sed

194 2943 317 2997 hrec
348 2944 511 2997 alias.
544 2941 699 2995 Nunc
722 2942 789 2995 ad
822 2942 873 2995 id
896 2941 1040 3011 quod
1074 2945 1361 3011 coepimus,
1396 2950 1755 2996 revertamur.

267 3034 324 3089 6.
374 3031 485 3087 Cur
518 3032 703 3087 Latine
730 3035 931 3086 verterit
976 3034 1216 3102 Urigenis
1244 3032 1606 3087 Periere/ton?
1638 3031 1807 3102 Didy-

189 3142 309 3179 mus
340 3134 708 3196 prOpugnator
740 3124 1000 3193 Origenis.
1035 3154 1104 3164 —
1143 3124 1419 3193 Objiciunt
1460 3124 1593 3177 mihi
1632 3134 1807 3179 secta-

1922 1920 2005 1973 his
2031 1936 2149 1991 quae
2178 1920 2411 1985 vertisti,
2448 1918 2761 1975 hmreticum
2797 1923 3215 1990 comprobetur;
3254 1932 3307 1975 et
3347 1920 3519 1974 mani-

1922 2010 2045 2065 festi
2074 2012 2315 2065 criminis
2345 2012 2606 2080 argueris,
2634 2011 2835 2065 idcirco
2865 2022 2918 2065 te
2935 2012 3123 2067 veneni
3154 2013 3381 2067 calicem
3407 2012 3515 2066 cir-

1920 2104 2221 2157 cumlinere
2255 2104 2415 2159 melle
2446 2104 2702 2170 voluisse,
2748 2112 2807 2157 nt
2835 2105 3085 2158 simulata
3136 2104 3401 2170 dulcedo,
3436 2106 3515 2158 vi-

1922 2210 2012 2248 rus
2043 2196 2332 2263 pessimum
2363 2205 2586 2266 tegeret.
2622 2197 2744 2250 llaec
2775 2206 2829 2251 et
2851 2198 3022 2252 multo
3045 2197 3128 2251 his
3156 2197 3380 2253 duriora
3415 2199 3519 2253 ini-

1922 2287 2091 2342 micus
2128 2287 2334 2344 diceret
2366 2307 2379 2342 :
2412 2300 2465 2344 et
2493 2299 2565 2354 te,
2596 2306 2703 2343 non
2737 2301 2793 2344 ut
2825 2292 3179 2358 interpretem
3226 2294 3351 2347 mali
3385 2308 3517 2364 ope-

1920 2380 2017 2445 ris,
2048 2380 2144 2435 scd
2183 2391 2238 2435 ut
2277 2383 2689 2451 astipulatorem
2731 2384 2782 2437 in
2809 2384 2899 2453 jus
2940 2384 3203 2441 Ecclesiae
3247 2389 3511 2441 traheret.

1920 2471 2036 2541 Ego
2066 2482 2246 2527 autem
2274 2484 2475 2529 memet
2519 2484 2725 2529 tantum
2767 2475 3080 2531 defendisse
3118 2487 3427 2542 contentus,
3461 2479 3515 2531 in

1919 2562 2069 2617 libris
2097 2569 2217 2640 περὶ
2243 2564 2448 2641 ’Λρχῶν
2480 2566 2800 2635 simpliciter
2821 2568 2965 2637 quod
2994 2569 3044 2621 in
3066 2568 3257 2623 Graeco
3282 2569 3517 2623 trahetur-

1918 2665 2004 2708 tur
2041 2659 2292 2724 expressi
2326 2676 2338 2709 :
2374 2674 2479 2711 non
2512 2669 2569 2711 ut
2602 2658 2852 2714 crederet
2879 2662 3053 2716 lector
3084 2661 3168 2715 his
3194 2677 3317 2732 quae
3347 2662 3514 2716 inter-

1916 2750 2197 2817 pretabar;
2222 2751 2316 2804 sed
2342 2766 2407 2805 ne
2425 2753 2678 2806 crederet
2695 2752 2823 2817 illis,
2845 2770 2964 2823 quze
2997 2766 3050 2808 tu
3071 2764 3196 2810 ante
3217 2756 3511 2810 transtule-

1914 2853 2023 2895 ras.
2057 2842 2264 2911 Duplex
2298 2843 2349 2896 itt
2384 2858 2549 2912 opere
2574 2860 2696 2899 meo
2729 2847 2929 2900 utilitas
2960 2846 3080 2912 fuit,
3110 2848 3234 2900 dum
3260 2857 3309 2901 ct
3341 2846 3514 2901 haere-

1915 2934 2053 2988 ticus
2080 2942 2266 2988 auctor
2288 2934 2551 3003 proditur,
2600 2945 2652 2990 et
2684 2953 2789 2991 non
2822 2953 2980 2993 verus
3014 2938 3285 3011 interpres
3325 2943 3509 3011 argui-

1913 3036 2017 3081 tur.
2053 3028 2129 3081 Ac
2151 3041 2219 3081 ne
2248 3027 2367 3095 quis
2390 3042 2474 3081 me
2495 3038 2711 3097 putaret
2733 3029 2814 3082 his
2844 3032 3156 3087 consentire
3182 3048 3301 3102 qua:
3328 3042 3509 3087 verte-

1914 3134 2051 3186 ram,
2100 3119 2568 3188 interpretationis
2609 3123 2997 3177 necessitatem
3041 3125 3361 3193 praefatione
3397 3141 3509 3179 mu-

190 3228 351 3272 tores
408 3218 551 3285 ejus,
586 3217 911 3285 cerealiaque
949 3232 1095 3268 arma
1128 3215 1421 3286 Expediunt
1470 3216 1590 3284 fessi
1634 3233 1805 3271 rerum
1835 3215 1880 3277 C
1914 3211 2059 3277 nivi,
2118 3221 2173 3265 et
2220 3212 2407 3275 docui,
2444 3214 2642 3282 quibus
2672 3214 2844 3268 lector
2869 3230 2977 3269 non
3014 3216 3237 3271 deberet
3263 3218 3515 3273 credere.

186 3308 461 3381 (Eneid.
496 3308 587 3361 lib.
623 3307 697 3378 t),
741 3323 911 3377 quare
949 3312 1066 3386 περὶ
1104 3306 1308 3385 Ἀρχὼν
1352 3308 1518 3363 libros
1558 3308 1807 3377 Origenis

187 3403 427 3467 noxios,
474 3410 530 3456 et
559 3401 955 3457 Ecclesiasticre
988 3402 1111 3456 fidei
1145 3413 1532 3472 repugnantes,
1564 3404 1616 3456 in
1661 3403 1809 3458 Lati-

184 3510 323 3550 num
366 3508 685 3548 sermonem
743 3494 1021 3548 verterint.
1063 3494 1144 3547 Ad
1190 3510 1326 3563 quos
1376 3496 1557 3550 brevis
1588 3504 1643 3550 et
1682 3510 1807 3550 suc-

184 3588 371 3644 cincta
398 3586 699 3655 reSponsio
728 3596 849 3641 est:
883 3586 1012 3640 Tute
1044 3603 1151 3655 me,
1184 3587 1353 3643 frater
1384 3588 1718 3654 Pammachi,
1751 3598 1808 3644 et

185 3688 417 3735 tuorum
467 3680 667 3734 littera:
708 3680 1113 3748 compulerunt,
1146 3681 1395 3736 dicentes
1428 3683 1554 3737 illos
1585 3684 1653 3738 ab
1696 3684 1806 3738 alio

180 3769 583 3826 fraudulenter
613 3785 736 3825 esse
767 3772 1083 3838 translatos,
1127 3783 1180 3827 et
1209 3774 1534 3843 interpolata
1573 3776 1809 3830 nonnul-

180 3864 230 3919 la
250 3907 266 3932 ,
299 3874 357 3921 et
390 3866 480 3921 vel
513 3864 698 3918 addita
731 3864 817 3919 vel
848 3874 1073 3919 mutata.
1100 3868 1177 3920 Ac
1208 3882 1275 3920 ne
1304 3883 1522 3936 parvam
1551 3868 1806 3937 Epistolis

182 3957 457 4015 haberem
503 3958 692 4023 fidem,
723 3959 952 4013 misistis
990 3960 1320 4028 exemplaria
1354 3961 1595 4031 ejusdem
1637 3970 1808 4016 trans~

181 4050 451 4118 lationis,
510 4068 638 4107 cum
694 4051 1109 4121 prtefatiuncula
1152 4053 1448 4108 laudatrice
1490 4070 1630 4107 mea.
1673 4055 1806 4121 Qua:

180 4160 302 4201 cum
339 4148 649 4218 legissem,
702 4146 1169 4215 contulissemque
1215 4162 1335 4201 cum
1391 4148 1605 4214 Graeco,
1660 4149 1806 4204 illico

180 4236 567 4293 animadverti
600 4252 718 4305 qua:
744 4235 1010 4306 Origenes
1036 4237 1106 4290 de
1139 4237 1299 4291 Patre
1338 4246 1397 4292 et
1436 4238 1573 4291 Filio
1604 4248 1658 4294 et
1687 4240 1806 4307 Spi-

180 4327 286 4382 ritu
317 4328 533 4384 Sancto
570 4328 735 4395 impie
766 4327 979 4381 dixerat
1015 4344 1025 4379 :
1080 4336 1135 4379 et
1178 4343 1299 4395 quae
1342 4327 1606 4382 Romana:
1644 4344 1806 4383 aures

183 4420 327 4476 ferre
367 4438 478 4479 non
515 4429 800 4491 poterant,
844 4422 896 4474 in
950 4420 1232 4475 meliorem
1282 4430 1489 4488 partem
1538 4422 1607 4475 ab
1640 4422 1807 4477 inter-

185 4526 342 4583 prete
370 4527 746 4573 commutata.
771 4514 979 4569 Caetera
1012 4522 1192 4568 autem
1222 4514 1495 4583 dogmata,
1524 4515 1592 4569 de
1626 4518 1806 4586 Ange-

1915 3305 2068 3361 Prior
2092 3306 2371 3360 translatio
2399 3307 2609 3361 latnlcm
2653 3310 2906 3364 Auctoris
2933 3313 3181 3367 continet
3216 3332 3228 3367 :
3270 3310 3507 3367 secunda

1914 3400 2387 3469 vituperationem.
2437 3400 2536 3455 Illa
2569 3402 2829 3457 lectorem
2873 3415 3131 3471 provocat
3167 3406 3233 3459 ad
3280 3404 3510 3458 creden-

1913 3491 2076 3555 dum;
2107 3492 2203 3545 ista
2235 3492 2298 3545 ad
2328 3508 2432 3547 non
2462 3493 2795 3548 credendum
2830 3507 3032 3551 movet.
3070 3497 3143 3550 lbi
3169 3506 3225 3550 et
3246 3512 3344 3565 ego
3367 3496 3508 3550 invi-

1915 3595 1997 3640 tus
2028 3585 2275 3641 laudator
2299 3601 2578 3652 assumor;
2613 3587 2697 3643 hic
2726 3588 2995 3643 intantum
3034 3606 3140 3643 non
3169 3589 3328 3641 laudo
3348 3604 3508 3658 quem

1914 3677 2202 3742 transfero,
2239 3689 2299 3731 ut
2344 3693 2506 3749 cogar
2536 3693 2791 3734 accusare
2824 3680 3155 3733 laudantem.
3189 3680 3390 3734 Eadem
3420 3697 3509 3735 res

1913 3785 2019 3824 non
2044 3769 2235 3825 eadem
2270 3781 2449 3823 mente
2478 3769 2716 3839 perfeCIa
2748 3780 2863 3835 est;
2895 3771 3061 3824 immo
3094 3787 3257 3824 unum
3294 3772 3395 3827 iter
3420 3772 3507 3827 di-

1912 3876 2099 3916 versos
2130 3863 2307 3916 exitus
2339 3862 2545 3916 habuit.
2576 3861 2815 3916 Abstulit
2841 3877 2961 3931 qua:
3003 3872 3176 3923 erant,
3221 3862 3409 3920 dicens
3436 3867 3505 3919 ab

1911 3957 2184 4014 hazreticis
2210 3959 2531 4027 depravata;
2565 3970 2619 4014 et
2640 3959 2845 4015 addidit
2877 3976 2997 4030 qum
3020 3975 3127 4014 non
3156 3970 3330 4024 erant,
3366 3973 3507 4013 a~se-

1914 4068 2037 4106 rens
2068 4052 2135 4105 ab
2173 4053 2364 4107 eodem
2400 4054 2450 4106 in
2484 4052 2616 4106 locis
2660 4053 2781 4107 aliis
2821 4053 3133 4119 disputata:
3196 4050 3343 4121 quod
3402 4051 3507 4103 nisi

1914 4144 2027 4213 ipsa
2078 4144 2196 4199 loca
2236 4146 2641 4211 moostraverit,
2687 4145 2829 4199 unde
2872 4146 3214 4200 transtulisse
3252 4159 3311 4198 se
3350 4143 3502 4208 dicit,

1913 4236 2142 4304 probare
2170 4252 2276 4290 non
2310 4237 2529 4306 poterit.
2563 4237 2691 4291 Mihi
2716 4237 2894 4291 studio
2920 4237 3014 4291 fuit
3047 4236 3181 4291 nihil
3207 4247 3415 4290 mutare
3438 4236 3506 4291 de

1915 4343 2066 4383 vero.
2101 4328 2182 4383 Ad
2227 4329 2329 4383 hoc
2360 4332 2507 4383 enim
2541 4329 2957 4393 interpretabor,
3006 4341 3026 4366 ε
3073 4340 3129 4381 ut
3161 4328 3299 4380 mala
3342 4330 3507 4381 inter-

1912 4432 2117 4492 pretata
2149 4422 2551 4476 convincerem.
2598 4421 2804 4473 Putatis
2834 4435 2919 4474 me
2950 4420 3346 4488 interpretem?
3375 4419 3508 4474 Pro-

1911 4516 2051 4569 ditor
2069 4514 2140 4568 fui
2172 4516 2413 4584 :prodidi
2440 4513 2778 4575 hrcreticum,
2804 4524 2860 4564 ut
2892 4512 3189 4567 Ecclesiatn
3212 4513 3279 4567 ab
3310 4512 3507 4568 haeresi

185 4604 365 4662 lorum
401 4610 591 4673 ruina,
623 4607 693 4661 de
734 4606 1035 4660 animarum
1079 4605 1255 4674 lapsu,
1289 4605 1355 4659 de
1385 4608 1799 4661 resurrectionis
1829 4601 1882 4659 D
1907 4606 2257 4660 vindicarem.
2291 4606 2398 4659 Cur
2421 4604 2712 4663 Origenetn
2746 4604 2796 4654 itt
2823 4601 3142 4669 quibusdam
3173 4612 3298 4659 ante
3322 4604 3509 4659 lauda-

184 4701 505 4770 prtestigiis,
539 4700 613 4755 de
659 4698 880 4761 mundo,
916 4699 1001 4753 vel
1043 4696 1426 4752 intermundiis
1459 4697 1699 4766 Epicuri.
1733 4700 1802 4755 de

187 4792 543 4848 restitutione
576 4793 824 4847 omnium
870 4792 920 4844 in
953 4791 1219 4860 aequalem
1261 4800 1485 4855 statum,
1533 4800 1591 4846 et
1632 4794 1802 4846 multo

188 4880 270 4937 itis
298 4885 589 4941 deteriora
629 4903 641 4936 :
687 4900 807 4954 qua:
839 4884 1059 4952 longum
1098 4892 1244 4938 esset
1280 4890 1557 4948 retexere,
1600 4882 1685 4938 vel
1727 4884 1799 4938 ita

260 5031 286 5059 ἰ
311 5022 379 5076 Ει
408 5026 725 5083 ἀντιθέσεις.
750 5020 1123 5091 Prodigiosum
1150 5021 1425 5083 mendum,
1462 5021 1638 5091 inquit
1664 5020 1803 5077 Cra-

188 5094 328 5159 vius,
384 5096 442 5149 itt
502 5098 656 5147 hunc
706 5094 881 5146 locum
911 5102 1003 5146 :et
1048 5108 1176 5146 vere
1225 5093 1609 5163 prodigiosum,
1663 5092 1806 5157 quod

191 5163 401 5219 Erasnti
428 5166 844 5235 phantasmata.
865 5177 971 5217 non
992 5162 1468 5234 Ilieronymianum
1491 5173 1803 5218 contextum

192 5234 584 5303 repraesentat.
622 5234 893 5287 I‘rteterca
927 5248 1117 5287 omnes
1156 5252 1284 5287 mss.
1317 5237 1537 5290 codices
1568 5237 1809 5289 retinent

192 5319 297 5380 non
330 5306 1057 5380 Erasmianum‘o’tp‘rtéatatc,
1090 5306 1183 5360 sed
1218 5305 1509 5380 Marcionis
1538 5308 1805 5368 ἀντιθέσις,

190 5374 257 5431 de
284 5380 490 5446 quibus
522 5374 903 5431 Tertullia‘uus
952 5377 1045 5446 lit).
1098 5391 1153 5439 ι,
1196 5387 1385 5430 contra
1436 5375 1804 5430 Mareionem:

196 5444 332 5500 Nam
365 5448 453 5501 ha:
482 5455 611 5502 sunt
636 5447 889 5507 ἁντιθέσις
930 5444 1241 5503 Marcionis.
1271 5462 1384 5513 qua:
1417 5457 1668 5499 conantur
1696 5448 1806 5500 dis-

193 5521 428 5571 cordiam
450 5517 735 5585 Evangelii
758 5532 871 5567 cum
889 5515 1017 5584 Lege
1035 5519 1366 5569 committere.
1382 5517 1587 5569 Deinde
1608 5517 1699 5570 lib.
1721 5532 1769 5570 tv
1794 5535 1807 5572 :

198 5586 338 5660 Opus
354 5607 419 5645 ea:
450 5588 893 5660 contrarietatam
909 5588 1313 5660 appositionibuj
1328 5588 1603 5647 ἀντιθέσεις
1618 5603 1810 5655 cogno-

192 5656 471 5729 minatum,
497 5668 545 5714 et
574 5657 649 5710 ad
676 5660 1049 5727 separationem
1078 5657 1229 5729 Legi:
1254 5656 1523 5728 Evangelii
1549 5667 1803 5729 coactum.

194 5728 417 5787 Similes
445 5731 768 5786 contrarias
798 5728 1167 5796 oppositiones
1212 5745 1277 5785 ex
1323 5730 1570 5797 opusculi
1620 5728 1807 5784 Hiero-

200 5804 345 5873 nymi
379 5802 701 5857 fabricatus
726 5807 807 5855 est
832 5798 1076 5870 Rufinus,
1108 5812 1165 5858 ut
1207 5801 1501 5859 Auctorem
1539 5799 1641 5855 sibi
1670 5815 1769 5855 con
1789 5816 1803 5840 ί-

1914 4698 2114 4759 verim,
2159 4697 2413 4765 prmlatus
2454 4693 2620 4765 464,
2666 4693 2790 4747 huic
2848 4694 2999 4761 operi
3054 4696 3290 4749 ostendit
3344 4696 3510 4751 liber.

1911 4788 2065 4843 Nunc
2091 4787 2207 4841 sola
2238 4784 2700 4853 interpretationis
2728 4800 2863 4837 meae
2889 4799 3051 4840 causa
3086 4786 3351 4850 redditur,
3386 4802 3509 4854 qua:

1910 4897 2031 4939 cum
2052 4880 2268 4949 pietatis
2298 4877 2861 4943 habeatvolnntatem,
2885 4894 2989 4931 non
3019 4878 3192 4932 debeo
3216 4880 3511 4947 impietatis

1917 5020 2143 5073 trarium
2170 5033 2233 5072 ac
2260 5031 2448 5087 parum
2479 5025 2817 5070 constantem
2847 5018 3161 5074 ostenderet
3182 5020 3236 5074 itt
3259 5034 3420 5075 causa
3453 5032 3511 5075 et

1917 5091 2170 5160 Origenis
2201 5087 2378 5142 laude.
2406 5087 3127 5160 AMAnrtw.—Antitheses
3169 5094 3290 5148 novi
3326 5102 3381 5147 et
3417 5108 3513 5149 ve-

1920 5158 2052 5217 teris
2082 5158 2625 5231 Testamenti_titulus
2657 5159 2778 5214 libri
2818 5171 2920 5226 est,
2952 5178 3113 5229 quem
3147 5164 3382 5219 Marcion
3412 5180 3511 5231 op—

1918 5233 2111 5302 positis
2135 5232 2306 5300 Moysi
2334 5238 2389 5303 et
2410 5229 2628 5285 Christo
2640 5233 2922 5303 sententiis
2943 5238 3269 5303 composuit;
3293 5229 3513 5288 Tertul-

1917 5304 2097 5428 lfizinus
2124 5318 2244 5357 cum
2270 5302 2457 5372 primis
2481 5303 2832 5373 impugnavit.
2872 5302 3010 5358 Olim
3036 5302 3153 5359 erat
3193 5308 3506 5381 ἀρτιώσειςῖ

1942 5395 1966 5428 at
1993 5389 2074 5428 so.

1942 5376 2074 5429 ’also.

1989 5445 2016 5483 ι)
2058 5444 2112 5499 In
2150 5444 2322 5499 veteri
2343 5444 2475 5499 edit.
2514 5445 2670 5498 noxia
2695 5458 2907 5513 quicque
2941 5444 3003 5497 ab
3044 5445 3298 5498 htereticis
3327 5446 3509 5502 addita

1921 5519 2158 5570 simulas.
2205 5516 2302 5570 Hic
2344 5530 2471 5570 vero
2520 5530 2617 5583 pro
2656 5515 2779 5567 cedo
2824 5514 2967 5581 quod
3007 5530 3075 5569 ex
3116 5517 3305 5570 eadem
3338 5520 3510 5574 veteri

1920 5590 2245 5657 recepimus,
2295 5586 2567 5641 Victorius
2621 5585 2761 5641 crede
2806 5586 3039 5653 legerat,
3087 5586 3277 5644 vitiose
3321 5596 3505 5645 autem

1918 5656 2256 5713 Martianaeus
2287 5658 2429 5711 cede.

1991 5742 2012 5768 ε
2049 5730 2189 5785 Alibi
2214 5738 2319 5796 est,
2347 5739 2400 5783 ut
2433 5730 2567 5784 male
2594 5728 2943 5795 interpretata.
