4036 6328
511 299 618 360 ιοὸ
1771 289 1828 343 S.
1871 285 2118 344 EUSEBI

2221 285 2570 344 UERONYMI
3685 276 3780 336 ιυι

505 415 680 485 argui,
706 411 942 483 prodens
978 407 1202 478 impium
1231 447 1245 471 ,
1279 403 1422 474 quod
1467 401 1620 474 quasi
1666 402 1810 472 pium
1840 399 2100 456 Ecclesiis
2126 399 2460 471 AOrigenis
2517 399 2698 454 facere
2761 395 3119 450 defensores?
3175 395 3279 450 Pro
3335 395 3642 453 eruditione
3688 412 3783 466 qua

510 506 824 562 tradebatur
865 500 1124 574 (Epistolis
1165 499 1233 550 ad
1276 495 1666 550 Pammachium
1708 504 1754 545 et
1800 491 2101 563 Oceanum).

579 599 633 653 8.
678 595 931 652 Eusebius
959 593 1177 666 signifer
1214 590 1423 645 Arianae
1466 587 1733 659 (actionis.
1764 617 1836 625 —
1876 589 2107 657 Septua-

505 692 658 766 ginta
687 689 856 744 libros
880 686 1018 758 ejus,
1044 693 1102 740 ut
1131 698 1285 738 meus
1317 680 1663 737 necessarius
1683 677 2022 740 criminatur,
2052 677 2105 730 in

506 783 760 838 Latinum
792 792 1086 843 veneram,
1114 786 1170 830 et
1207 775 1374 829 nmlta
1403 772 1470 827 de
1501 771 1680 826 tomis.
1713 770 2016 838 Numquam
2041 769 2107 823 de

509 891 679 947 Opere
735 889 856 928 meo
911 871 1013 927 fuit
1069 869 1336 938 quaestio,
1393 881 1687 936 numquam
1720 865 1891 919 Roma
1960 878 2110 916 com-

511 979 663 1026 mota
682 979 786 1024 est.
817 966 959 1034 Quid
991 978 1221 1020 necesse
1261 970 1380 1016 erat
1413 960 1620 1015 Latinis
1661 958 1882 1014 auribus
1923 957 2108 1011 trade-

511 1081 610 1130 re,
659 1063 803 1134 quod
834 1061 1134 1117 detestatur
1155 1068 1209 1116 et
1235 1056 1470 1122 Grzncia,
1494 1054 1638 1126 quod
1669 1054 1816 1108 orbis
1847 1049 2107 1106 accusat?

511 1159 628 1229 Ego
655 1172 752 1229 per
784 1163 864 1211 tot
889 1169 1060 1208 annos
1086 1162 1194 1207 tam
1242 1149 1410 1204 multa
1438 1159 1796 1213 convertens,
1830 1162 2106 1214 nunquam

511 1249 773 1308 scandan
798 1246 895 1302 fui.
929 1246 1011 1300 Tu
1037 1244 1105 1298 ad
1149 1242 1383 1313 primum
1419 1249 1474 1295 et
1500 1239 1675 1296 solum
1703 1253 1861 1306 opus,
1890 1238 2108 1308 ignotus

509 1341 683 1413 prius,
719 1338 1028 1394 temeritate
1061 1334 1237 1389 factus
1272 1348 1332 1388 es
1368 1330 1582 1386 nobilis.
1621 1329 1788 1384 Docet
1815 1328 1934 1397 ipsa
1964 1327 2109 1382 Prae-

507 1433 664 1499 fatio,
697 1439 750 1487 et
781 1428 1050 1500 Pamphili
1095 1427 1349 1497 martyris
1396 1424 1593 1478 librum
1641 1436 1738 1493 pro
1788 1420 2111 1477 defensione

512 1528 763 1597 Origenis
789 1539 819 1578 a
848 1531 899 1577 te
927 1536 1052 1577 esse
1080 1518 1426 1576 translatum.
1457 1516 1524 1572 Et
1553 1515 1654 1570 hoc
1676 1515 1793 1586 agis
1821 1514 1953 1568 totis
1984 1511 2111 1566 viri-

508 1621 638 1685 bus,
670 1627 725 1672 ut
750 1615 906 1685 cujus
928 1613 1090 1669 fidem
1120 1619 1329 1681 martyr
1361 1608 1574 1679 probat,
1609 1606 1852 1662 Ecclesia
1888 1619 1995 1658 non
2019 1619 2105 1658 reo

508 1715 667 1768 futet.
711 1710 819 1766 Sex
848 1709 1016 1764 libros
1055 1707 1138 1776 (ut
1165 1713 1292 1760 ante
1327 1704 1442 1772 jam
1467 1700 1604 1770 dixi)
1633 1699 1898 1754 Eusebius
1925 1696 2110 1752 Caesa-

2212 494 2383 564 polles
2408 503 2429 530 ο
2455 501 2510 546 et
2535 492 2768 563 inclytus
2792 492 3120 568 συγγραφεὺς
3147 490 3204 543 in
3227 489 3520 545 Occidente
3537 489 3784 553 laudaris,

2211 586 2285 640 ita
2317 594 2374 639 ut
2401 594 2670 659 κορυφαῖον
2702 594 2754 638 te
2787 598 2976 638 omnes
3000 593 3105 636 tua:
3134 582 3307 651 partis
3335 582 3639 646 nominent,
3683 596 3786 638 non

2211 691 2337 732 reor
2383 687 2434 731 te
2479 678 2760 746 ignorasse
2789 675 3007 730 Eusebii
3044 677 3334 747 σύνταγμα,
3365 683 3418 729 et
3457 673 3782 743 Pamphilum

2212 780 2505 839 martyrem
2534 769 2669 822 nihil
2700 769 2924 823 omnino
2945 769 3129 838 operis
3151 767 3482 824 condidisse.
3510 768 3626 836 Ipse
3650 767 3788 823 enim

2212 861 2482 916 Eusebius
2508 870 2719 914 amator
2741 871 2795 916 et
2826 876 3004 931 praeco
3030 873 3082 916 et
3102 861 3510 921 contubernalis
3532 858 3792 929 Pamphili.

2213 963 2323 1010 tres
2351 954 2520 1009 libros
2551 955 2772 1024 scripsit
2808 953 3273 1024 elegantiSsimos,
3321 956 3487 1006 vitam
3535 949 3786 1018 Pamphili

2211 1047 2597 1101 centiuentes:
2642 1046 2695 1100 in
2728 1047 2926 1116 quibus
2970 1061 3091 1102 cum
3124 1056 3324 1102 czetera
3367 1045 3521 1100 miris
3550 1042 3790 1100 laudibus

2212 1139 2562 1210 prredicaret,
2596 1139 3071 1210 humilitatemque
3122 1140 3242 1210 ejus
3284 1140 3446 1194 ferret
3490 1139 3541 1192 in
3581 1135 3786 1200 cmlum,

2212 1231 2376 1288 etiam
2412 1233 2516 1287 hoc
2562 1232 2614 1285 in
2647 1234 2808 1286 tertio
2853 1233 2992 1287 libro
3038 1232 3284 1288 addidit:
3322 1250 3339 1282 ι
3379 1233 3510 1299 Quis
3537 1229 3791 1288 studioso-

2213 1339 2334 1379 rum
2367 1325 2574 1380 amicus
2601 1339 2706 1379 non
2739 1324 2839 1380 fuit
2874 1325 3189 1394 Pamphili?
3229 1324 3287 1382 Si
3328 1339 3468 1395 quos
3500 1322 3709 1379 videbat
3730 1318 3796 1376 ad

2215 1417 2416 1470 victum
2472 1417 2798 1472 necessariis
2847 1418 3111 1489 indigere,
3165 1418 3442 1487 praebebat
3493 1417 3639 1487 large
3683 1426 3793 1484 quas

2215 1521 2448 1580 poterat.
2477 1510 2784 1580 Scripturas
2810 1526 3025 1582 quoque
3054 1522 3270 1570 sanctas
3295 1525 3402 1564 non
3429 1510 3498 1564 ad
3523 1504 3797 1579 legendum

2215 1611 2448 1668 tantum,
2467 1603 2562 1657 sed
2576 1615 2629 1657 et
2646 1603 2713 1657 ad
2733 1603 3066 1672 habendum,
3090 1602 3363 1659 tribuebat
3383 1599 3796 1672 promptissime.

2215 1695 2326 1750 Nec
2352 1696 2528 1751 solum
2548 1695 2699 1761 viris,
2723 1695 2819 1751 sed
2841 1705 2895 1751 et
2922 1695 3162 1763 feminis,
3182 1710 3316 1767 quas
3341 1695 3570 1751 vidisset
3592 1689 3798 1747 lectioni

508 1805 711 1862 rieusis
752 1803 1062 1870 episcOpus,
1095 1799 1310 1854 Arianze
1341 1795 1615 1866 quondam
1649 1792 1875 1865 signifer
1922 1792 2112 1847 factio-
2144 1805 2192 1866 Β
2217 1787 2450 1842 deditas.
2483 1785 2633 1842 Unde
2655 1797 2709 1842 et
2740 1787 2942 1842 multos
2965 1788 3184 1842 codices
3211 1789 3571 1857 praeparabat,
3599 1794 3655 1841 ut
3683 1796 3801 1838 cum.

510 1898 620 1964 nis,
651 1911 747 1967 pro
785 1895 1021 1964 Origene
1050 1892 1293 1960 scripsit,
1327 1889 1652 1944 latissimum
1685 1898 1740 1942 et
1766 1885 2109 1942 elaboratum

513 2003 688 2059 Opus;
729 1996 785 2044 et
823 1986 1011 2042 multis
1051 1981 1378 2039 testimoniis
1431 1978 1771 2050 approbavit,
1825 1977 2116 2047 Origenetn

508 2083 661 2152 juxta
690 2095 747 2135 se
778 2077 1132 2141 catholicum,
1161 2075 1215 2132 id
1242 2082 1347 2137 est,
1377 2074 1530 2141 juxta
1556 2085 1656 2126 nos
1684 2067 1946 2125 Arianum
1968 2083 2112 2122 esse.

515 2175 723 2230 Horum
756 2182 811 2228 tu
843 2174 1076 2243 primum
1104 2170 1304 2226 librum
1335 2167 1502 2223 vertis
1536 2175 1561 2202 ⁸
1589 2167 1690 2221 sub
1723 2164 1942 2220 nomine
1975 2177 2118 2217 mar-

519 2267 675 2339 tyris.
708 2266 778 2321 Et
808 2265 1094 2330 miramur,
1119 2264 1165 2317 si
1193 2277 1280 2316 me
1310 2260 1699 2315 homunculum
1732 2259 1883 2330 parvi
1923 2255 2117 2328 pretii,

517 2361 767 2432 Origenis
799 2359 1140 2414 laudatorem
1169 2356 1328 2423 velis,
1364 2371 1486 2410 cum
1534 2357 1760 2426 martyri
1789 2357 2122 2412 calumniam

514 2443 755 2502 feceris?
782 2444 1086 2513 Paucisque
1114 2440 1445 2498 testimoniis
1465 2440 1534 2496 de
1559 2441 1692 2496 Filio
1717 2441 1812 2497 Dei
1837 2450 1892 2497 et
1915 2441 2122 2513 Spiritu

513 2548 706 2596 sancto
736 2538 1115 2603 commutatis,
1148 2551 1269 2604 qua:
1301 2535 1514 2591 sciebas
1542 2535 1884 2605 displicitura
1918 2537 2119 2594 Roma-

516 2633 624 2698 nis,
669 2639 868 2686 czetera
899 2646 1072 2699 usque
1115 2628 1183 2683 ad
1227 2627 1388 2682 linem
1432 2630 1641 2696 integra
1689 2628 1976 2694 dimi-isti;
2021 2630 2126 2685 hoc

2219 1881 2518 1936 necessitas
2542 1881 2906 1951 poposcisset,
2939 1881 3257 1937 volentibus
3282 1882 3590 1950 largiretur.
3617 1879 3800 1946 Etipse

2217 1974 2437 2045 quidem
2467 1975 2673 2043 prOprii
2697 1974 2877 2043 operis
2904 1974 3038 2030 nihil
3065 1975 3290 2029 omnino
3313 1974 3555 2043 scripsit,
3580 1968 3805 2039 exceptis

2219 2068 2488 2139 epistolis,
2534 2083 2672 2138 quas
2711 2067 2778 2122 ad
2825 2069 3031 2123 amicos
3062 2067 3201 2123 forte
3233 2069 3521 2133 mittebat;
3555 2066 3800 2120 iutantunt

2220 2175 2281 2215 se
2313 2161 2620 2216 humilitate
2664 2159 2964 2230 dejecerat.
3015 2160 3275 2215 Veterum
3325 2170 3508 2214 autem
3559 2163 3808 2212 tractatus

2221 2253 2560 2324 Scriptorum
2589 2253 3240 2325 legebatstudiosissime,
3261 2253 3386 2308 etin
3423 2266 3611 2308 eorum
3643 2244 3808 2302 medi~

2226 2348 2432 2402 talione
2456 2348 2661 2419 jugiter
2690 2347 3034 2402 versabatur.
3078 2367 3096 2400 ι

2300 2441 2386 2495 10.
2434 2440 2721 2510 Thoplu'lus
2766 2452 2814 2496 et
2867 2442 3172 2496 Anastasius
3217 2441 3494 2514 Origene»:
3532 2437 3809 2494 haereticum

2227 2534 2482 2592 dicebant.
2508 2564 2577 2575 —
2602 2533 2869 2592 Defensor
2892 2533 3168 2606 Origenis,
3191 2543 3246 2591 ct
3269 2533 3518 2589 laudator
3537 2526 3811 2600 Pamphili,

2227 2626 2360 2681 dicit
2405 2627 2744 2698 Pamphilum
2780 2630 2913 2684 nihil
2957 2630 3182 2684 omnino
3208 2629 3528 2697 scripsisse,
3556 2641 3651 2681 nec
3691 2635 3809 2693 pro-

2229 2719 2329 2786 prii
2357 2719 2650 2789 quidquam
2681 2721 2992 2776 condidisse
3019 2723 3310 2777 sermonis.
3341 2721 3406 2774 Et
3435 2722 3536 2775 hoc
3566 2715 3812 2784 dicitjam

2231 2815 2518 2884 Pamphilo
2563 2817 2827 2886 martyrio
2856 2824 3139 2881 coronato,
3187 2829 3254 2869 ne
3305 2813 3508 2868 habeas
3539 2807 3810 2878 suﬂ'ugium

2231 2917 2358 2976 post
2378 2907 2551 2963 editos
2579 2908 2646 2963 ah
2679 2908 2914 2963 Eusebio
2943 2908 3134 2974 libros,
3166 2908 3268 2962 hoc
3288 2907 3623 2978 Pamphilum
3655 2902 3812 2969 scrip-

515 2724 662 2779 idem
691 2724 895 2778 faciens
925 2721 980 2774 iu
1013 2721 1300 2790 Apologia,
1333 2720 1489 2789 quasi
1541 2719 1836 2788 Pamphili,
1883 2720 2031 2788 quod
2068 2729 2126 2775 et

519 2817 575 2869 in
606 2813 855 2882 Origenis
897 2817 1018 2885 περὶ
1043 2815 1254 2887 ’Δρχῶν
1295 2810 1653 2865 translatione
1700 2811 1898 2865 fecisti.
1931 2812 1989 2867 Si
2019 2813 2126 2868 iste

521 2903 795 2971 Pamphili
829 2903 964 2957 liber
990 2909 1094 2963 est,
1135 2901 1202 2954 de
1247 2915 1339 2953 sex
1394 2899 1546 2953 libris
1595 2901 1718 2969 quis
1768 2902 1872 2955 erit
1921 2903 2127 2970 primus

523 2992 783 3049 Eusebii?
805 2991 860 3045 lu
881 2992 1004 3062 ipso
1033 2991 1323 3056 volumine,
1347 2989 1490 3059 quod
1511 2999 1564 3042 tu
1587 2988 1856 3060 Pamphili
1876 2991 2118 3058 simulas,

2232 3003 2395 3058 sisse.
2428 3000 2566 3067 Quid
2599 2999 2811 3056 facies?
2840 3003 2915 3056 lio
2946 3001 3086 3056 libro
3117 3015 3277 3070 quem
3309 3001 3410 3055 sub
3443 2998 3660 3054 nomine
3685 3006 3813 3047 mar-

521 3088 872 3158 ειτιιιιεηιίιιιη
903 3083 1164 3138 “brorum
1199 3081 1340 3135 fama
1388 3082 1593 3136 ηἶθηιῖο
1642 3091 1747 3138 εδι-
1792 3081 1846 3136 Ῑη
1887 3085 2129 3142 secundo
2236 3095 2370 3166 tyris
2395 3093 2637 3158 edidisti,
2675 3093 2970 3148 vulneratae
3015 3101 3142 3148 sunt
3169 3092 3522 3147 conscientia:
3569 3088 3816 3162 plurimo-

523 3193 746 3250 quoque
767 3187 821 3231 ει
849 3173 1078 3242 feminis
1104 3171 1240 3228 ἀίοίι
1278 3173 1570 3239 Eusebius:
1602 3173 1745 3243 (μιθά
1779 3175 1829 3229 in
1862 3177 2037 3244 ρτὶιυο
2061 3177 2128 3232 li-
2157 3186 2207 3249 (ζ
2235 3202 2374 3241 rom.
2403 3185 2520 3241 Non
2542 3185 2686 3239 valet
2713 3185 2853 3255 apud
2883 3200 2979 3240 eos
3002 3199 3165 3254 super
3192 3183 3446 3254 Origenis
3487 3178 3814 3238 damnatione

521 3277 624 3328 bro
652 3278 779 3326 ante
802 3270 914 3340 jam
944 3268 1171 3331 dixerat,
1205 3279 1254 3322 et
1298 3267 1441 3338 quod
1485 3267 1679 3322 eadem
1713 3281 1964 3338 repetere
2019 3285 2128 3327 non
2236 3279 2953 3350 episcoporumauctoritas,
2980 3293 3142 3349 quem
3173 3287 3361 3346 putant
3384 3293 3416 3333 a
3440 3277 3672 3348 Martyre
3690 3285 3814 3344 pre:-

525 3367 748 3422 debeat.
785 3363 841 3419 Si
865 3371 1035 3416 totum
1062 3375 1200 3432 opus
1227 3359 1496 3429 Pamphili
1533 3368 1646 3425 est,
1674 3375 1770 3414 cur
1802 3361 2041 3431 reliquos
2063 3363 2129 3418 li-
2235 3374 2494 3428 mearum,
2525 3371 2665 3440 Quid
2699 3372 2898 3427 [aciem
2927 3372 3170 3441 epistola;
3199 3371 3491 3444 Theophiti
3535 3359 3813 3440 episcopi?

528 3466 656 3515 bros
688 3475 794 3513 non
826 3456 1092 3513 transfers
1111 3452 1208 3524 ?,Si
1230 3452 1593 3517 alterius,cur
1612 3468 1807 3508 nomen
1833 3454 2127 3511 immotas?
2235 3464 2363 3535 quid
2392 3479 2545 3534 papae
2575 3465 2845 3519 Anastasii
2879 3465 2930 3517 in
2962 3473 3072 3519 toto
3101 3464 3232 3520 orbe
3281 3463 3596 3518 liaireticum
3640 3467 3814 3528 perse—

529 3554 731 3618 Taccs;
767 3554 899 3622 ipsa:
944 3563 1032 3603 res
1079 3547 1413 3614 loquuntur:
1446 3544 1700 3599 videlicet
1742 3555 1799 3599 ut
1843 3547 2130 3605 crederent
2233 3563 2486 3626 quentes,
2519 3571 2643 3610 cum
2668 3553 2992 3626 Mliher
3022 3564 3146 3610 tuus
3176 3555 3278 3609 sub
3315 3553 3534 3610 tiomitte
3564 3541 3814 3615 Pamphili

534 3647 795 3716 martyri.
827 3642 992 3716 465
1029 3641 1120 3710 τιυὶ
1168 3641 1496 3697 Arianorum
1549 3641 1849 3711 principem
1894 3642 2131 3698 detesta-
2238 3647 2422 3703 editus
2454 3656 2653 3716 pugnet
2685 3658 2874 3702 eontra
2909 3647 3178 3715 Epistolas
3206 3660 3420 3713 eorum,
3445 3652 3501 3701 et
3524 3631 3815 3714 Episcopal't

536 3741 639 3794 turi
666 3747 841 3794 erant.
2235 3738 2441 3794 nomini
2475 3739 2846 3794 testimonium
2895 3737 3147 3809 Martyris
3177 3736 3532 3808 Opponatur?
3570 3729 3716 3802 Quod
3745 3727 3814 3781 fe-

605 3831 662 3884 9.
699 3827 1005 3900 Pamphilus
1026 3835 1226 3897 martyr
1255 3824 1387 3879 nihil
1409 3826 1616 3881 omnino
1636 3827 1864 3893 scripsit.
1893 3857 1964 3867 -—
1993 3826 2134 3900 Quid
2235 3833 2356 3886 cisti
2388 3831 2440 3885 in
2475 3830 2626 3885 libris
2657 3835 2775 3907 περὶ
2800 3831 3020 3908 Ἀρχῶν,
3054 3829 3157 3884 hoc
3185 3827 3348 3883 facito
3373 3837 3430 3883 et
3463 3830 3515 3882 in
3544 3826 3647 3880 isto
3667 3819 3811 3876 volu-

532 3919 630 3974 tibi
657 3918 822 3972 animi
855 3917 1026 3972 fuisse
1065 3916 1268 3982 dicam,
1300 3916 1475 3970 amice
1528 3917 1981 3987 simplicissime?
2011 3929 2136 3978 tene
2236 3923 2383 3976 mine
2427 3921 2846 4000 ψευδεπιγράφῳ.
2891 3919 3032 3976 Audi
3074 3919 3360 3975 consilium
3391 3918 3573 3982 amici,
3623 3926 3723 3968 non
3766 3916 3814 3962 te

528 4010 776 4083 potuisse
827 4008 1072 4065 haeretici
1120 4007 1358 4064 hominis
1416 4007 1578 4076 libro,
1631 4012 1886 4084 martyris
1934 4029 2132 4070 nomen
2236 4014 2500 4084 paeniteat
2525 4015 2656 4068 artis
2679 3995 2822 4068 tuae:
2854 4012 2937 4068 vel
2965 4011 3151 4079 dicito,
3175 4019 3322 4066 tuum
3352 4023 3461 4064 non
3483 4021 3624 4071 esse,
3649 3999 3725 4056 vel
3750 3995 3812 4052 ab

524 4104 834 4175 imponere,
870 4113 926 4158 et
951 4099 978 4140 δ
1002 4101 1229 4172 ignaros
1251 4099 1355 4157 sub
1372 4103 1701 4159 auctoritate
1723 4103 1877 4161 testis
1901 4105 2132 4176 Christi,
2237 4108 2475 4165 Eusebio
2507 4108 2822 4180 presbytero
2852 4107 3227 4178 depravatum.
3271 4103 3429 4161 Unde
3468 4097 3681 4176 probari
3727 4088 3811 4146 tibi

2229 4302 2348 4343 cem
2396 4288 2642 4344 Grmcam
2689 4288 2976 4359 Erasmus;
3021 4303 3142 4359 non
3191 4285 3337 4359 quod
3366 4279 3705 4359 ,συγγραφῇ

528 4318 534 4332 '
605 4321 631 4350 ⁸
669 4311 728 4367 S.
754 4308 1023 4379 Pamphili
1048 4306 1361 4376 Apologiam
1387 4320 1484 4373 pro
1509 4305 1742 4376 Origene
1765 4305 2126 4379 Hieronymus
2229 4305 2348 4343 cem
2396 4305 2642 4372 “micam
2689 4305 2976 4354 Erasmus;
3018 4305 3142 4369 ,"0"
3192 4305 3337 4356 (ιιιοα
3391 4305 3704 4366 συγγραφτιέσ

531 4386 622 4438 hic
666 4392 826 4440 atque
857 4379 993 4434 infra
1037 4388 1309 4440 tamquam
1341 4382 1711 4440 apocrypham
1748 4387 1798 4429 et
1830 4379 2126 4440 suppositi-
2229 4359 2631 4440 θκθῖῖΨΙθΠίΨδ
2662 4373 2794 4440 "‘55;
2821 4358 3075 4440 f‘brm’mi
3111 4355 3206 4412 sed
3237 4355 3380 4440 9"“,
3408 4367 3593 4440 3118319:
3623 4342 3806 4440 ᾖξ’ξῖ

531 4386 622 4438 hic
666 4392 826 4452 atque
857 4379 1014 4452 infra_
1037 4388 1309 4452 tamquam
1341 4382 1716 4452 apocrypham
1748 4387 1798 4452 et
1830 4379 2126 4452 suppositi-

532 4457 662 4509 tiam
687 4447 946 4518 eiplodit.
976 4449 1243 4503 Eusebius
1272 4457 1451 4502 tamen
1477 4447 1650 4518 lib,“
1677 4447 1887 4518 Eccles.
1914 4447 2118 4504 Histor.

531 4537 654 4592 cap.
688 4517 780 4592 55,
813 4520 878 4572 sd
919 4521 1080 4574 tinem
1120 4527 1362 4592 testatur
1399 4535 1520 4587 quae
1565 4517 1634 4592 de
1663 4517 1914 4592 Origenis
1961 4533 2122 4574 causa

531 4589 794 4676 cognosci.
821 4604 1040 4677 necesse
1070 4599 1197 4645 sunt
1215 4589 1366 4677 ,‘peti
1399 4603 1580 4677 posse,
1605 4591 1660 4673 ἕξ
1689 4598 1780 4676 τῆς
1808 4591 2122 4677 diriperis-oi.
2151 4606 2204 4667 ι)

528 4659 1042 4739 πεῖτοηημὲγηςμὴμζν
1084 4683 1139 4716 τε
1161 4664 1264 4739 πιοιί⁸
1291 4669 1369 4739 τῷ
1406 4659 1518 4739 καθ’
1546 4661 1680 4730 ἡμᾶς
1702 4659 1846 4738 ’ἱερῷ
1871 4733 1880 4739 ι
1897 4659 2123 4739 μάρτυρι

531 4730 766 4810 Παμφίλῳ
797 4730 1094 4810 agmini“,
1127 4748 1189 4786 ea:
1227 4730 1587 4810 τιὶροιοςιεεὶωζε
1627 4731 1712 4797 qui
1725 4730 1938 4810 amabis
1969 4730 2016 4810 et
2041 4730 2124 4786 sit-

529 4799 993 4863 cresanctonaslfi
1022 4801 1265 4870 temporis
1284 4799 1512 4871 mariyre
1542 4799 1824 4871 Pamphilo
1859 4819 1952 4866 pro
1979 4803 2123 4858 illius

531 4877 832 4947 defensione
855 4875 1174 4947 conscriptus
1204 4881 1308 4947 θειᾷ
1335 4870 1552 4947 Falsum
1587 4870 1820 4947 proinde
1850 4873 2120 4947 videatur,

528 4942 855 5021 Apologiam
885 4942 1517 5021 istatn'soluiit_fiuﬁnu_nz
1546 4943 1639 4996 sub
1673 4942 1926 5021 Martyris
1951 4951 2120 4998 nomi-

528 5012 597 5076 ne
645 5012 885 5080 edidisse,
921 5024 980 5069 ut
1025 5012 1396 5084 contenditpS.
1457 5013 1696 5084 Doctor:
1753 5012 2018 5084 siquidem
2065 5025 2121 5070 et

526 5088 704 5147 (ἔτταὶ
733 5087 990 5156 codices,
1013 5091 1153 5138 teste
1180 5081 1376 5156 Photio
1409 5083 1534 5156 cod.
1576 5084 1711 5150 “8,
1757 5081 1895 5148 διὸ..
1940 5085 2118 5156 ipsam

529 5157 820 5227 Pamphilo
849 5154 1244 5227 attribu_er_unt._
1269 5150 1378 5227 _Nee
1409 5153 1702 5227 quidquam
1740 5166 1822 5227 est
1851 5150 1984 5227 illud
2025 5173 2116 5212 ar-

532 5221 875 5302 gumentum,
899 5223 1062 5302 quod
1087 5221 1342 5302 Eusebius
1371 5221 1599 5302 scribat,
1617 5224 1952 5302 Pamphilum
1987 5228 2120 5282 nihil

533 5292 1242 5376 propr-iiowrisuedidiug;
1269 5293 1485 5376 diserte
1514 5297 1660 5376 enim
1693 5292 1835 5352 idem
1867 5298 1982 5366 ipse
2013 5310 2120 5354 tes-

531 5363 695 5438 iattir,
725 5363 1068 5434 Pamphilum
1103 5364 1225 5438 huic
1251 5363 1559 5438 defensioni
1596 5382 1815 5436 operam
1840 5363 1991 5421 suam
2017 5384 2117 5422 na-

532 5455 718 5515 vasse.
741 5440 841 5515 etsi
861 5452 980 5515 _nou
1009 5445 1175 5515 totum
1200 5437 1347 5515 ipse.
1364 5437 1460 5515 sed
1477 5437 1664 5515 aliena
1687 5453 1878 5505 opera,
1903 5438 2119 5505 adjutus

529 5506 832 5569 scilicetah
860 5509 976 5576 ipso
1017 5506 1270 5571 Eusebio,
1313 5509 1403 5576 qui
1445 5508 1606 5564 simul
1645 5508 1698 5561 in
1745 5521 1970 5576 carcere
1998 5520 2122 5564 tunc

530 5582 793 5706 ξρὲιῧροτὶε
853 5575 1257 5634 includebatur.
1315 5575 1436 5634 Vid.
1502 5579 1703 5632 iterum
1754 5575 2005 5630 Photium
2069 5593 2118 5633 c.

609 5719 636 5758 ι»
680 5719 945 5786 Υἱοιοήιιε
971 5726 1018 5770 et
1049 5717 1253 5786 ignoras
1283 5729 1330 5775 te
1357 5719 1450 5776 sub
1479 5717 1807 5784 auctoritate,
1834 5722 1942 5772 etc.

614 5798 634 5825 ε
678 5784 744 5838 Et
771 5785 990 5854 inclytus
1020 5784 1364 5861 σύγγραφεὺς.
1408 5790 1504 5847 llic
1533 5803 1747 5862 quoque
1781 5787 2004 5844 mutavit
2029 5804 2121 5846 vo-

2227 4417 2407 4484 Ctterif
2430 4434 2740 4494 συντὰκτης,
2783 4430 2834 4495 id
2866 4439 2972 4493 est,
3016 4417 3367 4495 compositor.
3406 4417 3598 4496 Mirari!
3623 4417 3814 4496 ιρςιρν

2228 4500 2389 4556 fidem
2421 4487 2970 4571 Editoris,'qtti'cttm'
2995 4487 3265 4554 invenerit.
3295 4500 3346 4553 in
3378 4495 3630 4571 omnibus
3665 4487 3812 4571 libris

2997 4553 3248 4642 iverhum
3301 4567 3648 4642 συγγραφεὺς,
3674 4553 3811 4642 ,Ῐίιυιι

2229 4643 2412 4711 abjicit
2436 4645 2487 4696 in
2511 4643 2736 4705 scholia,
2763 4655 2821 4696 ut
2839 4633 3099 4697 o'btrudat
3122 4641 3175 4695 iu
3200 4633 3810 4711 enuteiit'um'awra'zarnr

2227 4702 2408 4779 suum,
2441 4716 2564 4784 quia
2597 4715 2647 4768 id
2679 4702 2848 4784 magis
2877 4715 2976 4782 ipsi
3007 4714 3202 4784 placet.
3254 4711 3310 4784 In
3357 4702 3811 4784 consequentibtl§

2230 4801 2327 4855 pro
2355 4771 2650 4862 κόρῦφαῑον,
2679 4771 2925 4862 glu'itiac'.
2953 4771 3081 4862 legit
3102 4781 3468 4862 Coryphamm,
3492 4771 3586 4862 alii.
3603 4771 3811 4862 codices

2228 4854 2439 4911 mutant
2472 4854 2661 4912 vocem
2689 4854 2934 4911 Graecam
2967 4856 3018 4908 in
3049 4854 3296 4911 Latinam
3324 4854 3699 4916 incorruptum;
3725 4854 3814 4896 ne-

2225 4942 2330 4998 que
2359 4943 2488 4982 vero
2515 4929 2647 4982 satis
2671 4927 3057 4998 intellexerunt
3082 4920 3606 4998 exscriptores;_sit'e
3636 4925 3811 4969 emen—

2224 4991 2442 5072 datores
2475 4998 2706 5072 antiqui,
2766 4997 2894 5064 quid
2940 5007 3085 5072 esset
3120 5002 3407 5072 κορυφαῖος,
3433 4991 3716 5072 Maurum.
3759 5012 3806 5072 ς

2222 5069 2377 5124 Haud
2425 5069 2566 5124 male
2610 5066 2866 5123 Erasmus
2914 5066 3195 5128 σωτάκτηὲ
3241 5066 3466 5135 legerat,
3519 5073 3677 5127 quant
3722 5066 3810 5106 vo-

2224 5154 2341 5194 cem
2374 5141 2512 5194 adeo
2559 5155 2664 5194 non
2710 5154 2775 5192 ex
2827 5138 3043 5209 ingenio
3093 5146 3439 5209 commentus
3470 5139 3573 5195 est,
3606 5138 3663 5209 ut
3699 5136 3811 5178 eam

2222 5212 2552 5281 vetustiores
2575 5226 2789 5281 quoque
2806 5197 2939 5264 ediii
2965 5209 3085 5263 libri
3110 5206 3424 5281 prajferant,
3450 5197 3665 5281 tametsi
3696 5210 3813 5276 pitu-

2223 5279 2391 5349 liSper
2405 5273 2616 5336 vitiose.
2637 5273 2764 5337 Mihi
2782 5297 2912 5335 vero
2924 5281 3083 5334 etiam
3103 5273 3356 5348 probatur
3373 5273 3565 5343 magis;
3582 5279 3661 5324 est
3676 5273 3810 5349 enim

2227 5343 2537 5416 συῦτὰκτης,
2561 5362 2856 5424 syntactes,
2887 5352 2998 5404 sive
3026 5343 3810 5424 lucubralot',cognomentuth

2224 5438 2331 5490 quo
2363 5411 2624 5492 Origenes
2666 5411 2900 5478 donatus
2930 5431 3030 5482 est,
3063 5430 3120 5476 ut
3165 5435 3230 5476 ex
3277 5411 3578 5492 Epiphanio
3609 5411 3812 5492 constat

2225 5479 2378 5570 iil‘ilit)
2403 5479 2638 5548 fliresis
2656 5493 2817 5549 LXIII
2839 5513 2851 5549 :
2870 5479 3157 5570 'gpqiveur
3174 5493 3265 5570 re?
3289 5479 3624 5566 ’Ᾱόἀμτᾳντὶορ
3644 5479 3812 5570 καλοῖ

2225 5563 2376 5634 μένου
2409 5570 2500 5622 τοῦ
2541 5571 2844 5628 Sum-rierm
2881 5554 3118 5636 Ui‘iéenis
3168 5554 3484 5636 Adflttmuiib
3513 5554 3813 5636 {tuiﬁogﬂf

2224 5622 2396 5689 inemo
2437 5646 2690 5708 syntactes
2717 5622 2884 5691 dictus
2920 5622 3014 5689 θεῖ.
3060 5633 3170 5708 Nec
3212 5630 3313 5685 nisi
3347 5622 3809 5708 verosi'millimum

2223 5717 2375 5776 Ρυιο,
2423 5693 2614 5765 eodem
2662 5709 2763 5764 hoc
2795 5709 3014 5764 nomine
3061 5706 3448 5774 Hieronymum
3497 5693 3809 5753 adversario

2222 5793 2322 5837 suo
2349 5779 2577 5838 illudere
2606 5781 2860 5838 voluisse.
