4036 6366
125 429 193 486 403
747 426 1090 498 APOLOGIA
1129 427 1495 490 ADVERSUS
1531 431 1777 488 LIBROS
1816 434 2073 491 RUFINI.

2990 441 3094 502 ιοϐ

117 545 262 615 poterit,
284 547 469 617 quodate
496 545 702 602 translatum
729 545 856 601 est?
900 544 1022 602 Non
1067 561 1260 602 manus
1307 557 1395 606 tua
1426 552 1475 612 Α
1503 548 1762 608 Romana:
1791 551 1859 606 ad
1895 568 1982 608 me
2029 551 2286 622 Epistolzc
2316 554 2559 610 clausula
2610 565 2827 614 teneat:
2867 577 2885 614 ι
2923 557 3096 632 Purga

113 644 283 694 tenetur:
305 655 375 694 non
392 637 831 709 tantaeseloquentitn,
863 647 920 692 ut
945 639 1124 694 nullus
1151 648 1205 694 te
1227 639 1398 710 possit

104 730 252 786 imitari.
274 734 347 786 Aut
364 742 464 788 certe
481 733 510 785 si
532 747 587 787 res
607 730 648 786 ad
683 731 1047 800 probationem
1083 733 1312 799 Venerit,
1343 742 1399 787 et

95 827 357 898 inpudentiora
389 828 516 882 frontis
546 828 841 897 oppresserint
889 827 1197 882 testimonia
1230 827 1396 896 pluri-

89 934 248 984 morum,
269 919 488 987 palinodiam
511 919 724 976 Stesichori
755 933 905 974 more
932 928 1171 976 cantato.
1204 918 1396 976 Melius

82 1018 134 1064 est
157 1018 192 1065 te
209 1010 392 1078 ptenitere
409 1010 493 1063 non
517 1010 586 1074 tui,
618 1024 744 1079 quam
787 1019 840 1064 et
887 1019 1185 1082 martyrem
1215 1009 1268 1065 in
1305 1025 1393 1065 ca-

72 1103 224 1169 iumnia,
249 1113 287 1159 et
315 1103 494 1174 deceptos
527 1104 562 1157 in
592 1118 738 1159 errore
784 1104 1101 1173 persistere.
1136 1102 1244 1160 Nec
1271 1119 1396 1160 eru-

65 1196 196 1251 bcscas
228 1197 275 1250 de
306 1196 606 1252 commutatione
640 1196 945 1252 sententi-oe;
985 1212 1090 1252 non
1134 1214 1192 1253 es
1233 1207 1394 1254 tantae

57 1289 295 1344 auctoritatis
316 1299 355 1344 et
375 1287 503 1353 famzc,
537 1297 576 1343 ut
597 1303 773 1344 errasse
808 1298 858 1343 te
908 1290 1128 1360 pudeat.
1180 1289 1394 1346 Imitare

51 1395 124 1443 me,
148 1394 266 1449 quem
289 1380 500 1449 plurimmn
523 1395 646 1442 amns,
666 1380 774 1434 sine
804 1397 909 1449 quo
937 1396 1036 1436 nec
1063 1381 1266 1446 vivere,
1294 1396 1392 1438 nec

42 1470 139 1525 mori
159 1480 300 1538 potes:
321 1480 359 1526 et
382 1487 535 1526 mecum
559 1472 704 1536 clama,
729 1487 848 1541 qua:
877 1487 978 1543 ego
1005 1473 1255 1530 laudatus
1283 1489 1312 1528 a
1342 1482 1393 1531 te

36 1561 71 1615 in
89 1561 329 1618 defensione
345 1563 424 1618 mei
448 1565 608 1618 locutus
631 1579 752 1618 sum.

80 1657 139 1710 il.
168 1656 274 1723 Quid
285 1655 474 1712 Eusebius
495 1657 701 1728 objiciebat
724 1656 990 1711 Methodio
1019 1660 1254 1729 martyri.
1281 1657 1392 1712 Eu-

21 1747 109 1802 sebii
141 1750 325 1819 opuscula
355 1751 404 1805 ab
426 1750 671 1822 Hieronymo
705 1751 974 1807 translata.
1019 1781 1091 1791 —
1121 1751 1390 1808 Eusebius

13 1838 270 1894 (Insitriensis
289 1842 527 1910 episcopus,
548 1843 666 1911 cujus
684 1857 842 1909 supra
876 1844 1122 1908 memini,
1157 1843 1209 1896 in
1233 1853 1391 1898 sexto

1502 644 1842 712 suSpiciones
1873 645 2176 710 hominum.
2208 658 2262 701 et
2291 652 2554 704 convinco
2582 651 2997 720 criminantem;
3029 667 3096 710 ne

1502 737 1546 792 si
1587 735 2042 803 dissimulaveris,
2090 741 2406 796 consentire
2459 741 2694 796 videaris
2749 761 2767 793 ι
2822 741 3097 814 (Epistula

1503 827 1829 884 Pammachii
1875 839 1925 888 et
1985 829 2238 902 Oceani).
2295 832 2411 887 Tali
2460 834 2789 889 constrictus
2841 835 3094 900 articulo,

1500 922 1957 992 interpretaturus
2003 925 2221 980 eosdem
2258 925 2447 991 libros,
2494 927 2738 982 ausculta
2787 925 2914 996 quid
2961 927 3100 982 scri-

1500 1016 1741 1086 pserim:
1780 1035 1802 1070 ‹
1840 1015 1954 1072 Hoc
2004 1016 2134 1071 mihi
2183 1019 2551 1088 praestiterunt
2595 1017 2753 1073 amici
2804 1018 2910 1074 ιιιεὶ
2953 1017 3094 1088 (ιιοιι

1499 1108 1611 1164 dixi
1641 1109 1851 1164 amicus
1883 1125 2057 1175 meus,
2108 1125 2174 1165 ne
2208 1119 2258 1165 te
2289 1110 2504 1166 viderer
2534 1109 2793 1180 arguere)
2843 1118 2901 1163 ut
2938 1109 2985 1164 si
3017 1121 3095 1166 ta-

1499 1215 1687 1268 cuero,
1720 1217 1882 1266 reus;
1922 1202 1968 1258 si
1999 1203 2356 1273 respondero,
2391 1202 2644 1258 inimicus
2673 1201 2902 1272 judicer.
2951 1201 3094 1256 Dura

1502 1304 1728 1367 utraque
1763 1296 2026 1359 conditio,
2059 1296 2153 1351 sed
2183 1313 2213 1352 e
2242 1297 2454 1354 duobus
2487 1297 2681 1366 eligam
2730 1297 2874 1364 quod
2924 1296 3096 1352 levius

1498 1397 1602 1444 cst.
1621 1387 1883 1442 Simultas
1897 1387 2257 1458 redintegrari
2278 1396 2455 1457 potest
2478 1405 2490 1439 :
2516 1385 2854 1453 blasphemia
2879 1388 3093 1442 veniam

1497 1499 1606 1538 non
1638 1490 1882 1537 meretur
1911 1480 2120 1551 (Epist.
2151 1481 2219 1535 ad
2255 1480 2460 1535 Parnm.
2493 1490 2538 1534 et
2571 1478 2797 1550 Ocean).
2832 1479 3095 1535 Animad—

1497 1575 1663 1630 vertis
1688 1573 1858 1628 invito
1885 1574 2015 1628 mihi
2041 1582 2094 1628 et
2112 1574 2433 1643 repugnanti
2454 1573 2556 1627 hoc
2577 1587 2714 1628 onus
2739 1572 3050 1642 impositum
3078 1587 3092 1636 ;

1497 1677 1548 1722 et
1594 1668 1830 1721 futuram
1872 1682 1937 1722 ex
1970 1665 2341 1736 hujuscemodi
2389 1680 2554 1736 opere
2599 1665 2954 1730 simultatem,
3000 1680 3097 1720 ne-

1495 1761 1768 1816 cessitatis
1828 1762 2176 1817 excusatione
2233 1760 2522 1817 curatam?
2575 1760 2632 1816 Si
2705 1761 3097 1832 interpretatus

1496 1868 1647 1909 esses
1676 1853 1844 1910 libros
1887 1858 2006 1930 περὶ
2037 1856 2240 1932 ’Δρχῶν
2269 1855 2475 1924 absque
2520 1869 2642 1910 meo
2673 1856 2914 1922 nomine,
2947 1863 3097 1914 recte

3 1929 98 1983 libro
120 1932 337 2004 ἀπολογίας
356 1932 569 2003 Origenis,
606 1932 687 1987 hoc
717 1933 855 1988 idem
889 1933 1077 2002 objicit
1118 1934 1391 1990 Metltodio
1421 1947 1468 2006 Β
1497 1963 1597 2016 que

1501 1947 1808 2016 querereris
1831 1947 1883 2002 in
1911 1929 2392 2018 reprehensionem
2424 1959 2571 2004 tuam
2593 1964 2624 2003 ιι
2649 1963 2736 2003 me
2765 1959 2951 2018 postea
2974 1963 3095 2006 esse

4 2021 182 2090 tpiSCt)p0
204 2032 248 2076 et
269 2025 466 2094 martyri,
491 2024 602 2094 quod
619 2034 660 2077 tu
686 2025 735 2077 in
766 2026 903 2081 meis
926 2025 1176 2080 laudibus
1202 2027 1388 2080 crimi-

4 2114 102 2179 aris,
131 2123 174 2169 et
195 2115 332 2170 dicit:
357 2117 586 2182 Quomodo
611 2133 758 2172 ausus
798 2129 880 2172 est
914 2118 1218 2174 Methodius
1250 2134 1391 2174 nunc

4 2216 109 2259 tllil‘il
134 2205 367 2276 Origenem
390 2209 602 2273 scribere,
628 2209 706 2278 qui
739 2209 852 2263 haec
882 2221 938 2266 et
969 2211 1084 2266 hcce
1109 2209 1177 2264 de
1200 2210 1391 2281 Orige-

4 2301 214 2355 slocutns
241 2310 308 2354 est
330 2301 647 2368 dogmatibus?
671 2301 783 2358 Non
829 2313 914 2359 est
957 2303 1116 2375 hujus
1161 2304 1264 2358 loci
1298 2319 1394 2373 pro

5 2407 144 2466 ~riyre
169 2397 294 2466 loqui
321 2416 331 2454 :
357 2413 505 2468 neque
525 2399 645 2452 enim
670 2399 847 2456 omnia
877 2400 932 2456 in
971 2399 1110 2454 locis
1139 2400 1394 2456 omnibus

4 2487 195 2542 serenda
211 2499 334 2543 sunt.
350 2488 482 2544 Nunc
500 2491 708 2560 tetigisse
727 2489 963 2546 sufﬁciat
986 2493 1085 2546 hoc
1103 2492 1170 2547 ab
1193 2490 1396 2548 Ariano

5 2580 105 2634 nine
130 2579 268 2650 objici
295 2582 563 2636 clarissimo
589 2591 637 2637 et
655 2583 1101 2654 eloquentissimo
1145 2588 1392 2656 martyri,

5 2671 30 2723 d
53 2683 100 2724 tn
122 2672 168 2728 in
195 2688 272 2728 me
294 2685 341 2728 et
368 2674 549 2730 amicus
575 2674 770 2742 laudas,
797 2686 851 2732 et
879 2677 1118 2734 offensus
1145 2692 1392 2733 accusas.

6 2780 52 2820 es
73 2767 377 2822 occasionem
407 2776 453 2821 et
478 2767 538 2822 dc
565 2770 799 2836 praesenti
824 2770 964 2837 loco,
996 2772 1038 2825 si
1069 2772 1227 2837 velis,
1263 2771 1394 2827 mihi

6 2859 178 2912 vnniam
217 2870 430 2923 struere,
458 2875 545 2916 cur
575 2878 704 2916 nunc
732 2872 785 2917 et
818 2863 1054 2918 Eusebio
1081 2865 1391 2932 detraham,

7 2967 19 3004 t
59 2953 107 3008 in
139 2952 238 3008 alio
285 2955 397 3008 loco
441 2965 558 3009 ante
603 2955 856 3011 laudavi?
887 2958 1130 3014 Alterura
1172 2960 1392 3029 quidem

4 3061 42 3098 tn
71 3054 92 3080 ἰ
123 3046 365 3112 Eusebii;
405 3047 493 3102 sed
537 3049 715 3103 eadem
765 3065 886 3118 qua:
930 3065 1094 3119 super
1141 3049 1395 3121 Origenis

5 3139 98 3192 tulo
122 3148 203 3192 est
228 3139 502 3194 calumnia.
535 3140 761 3196 Laudavi
789 3143 1082 3198 Eusebium
1121 3143 1172 3196 iit
1207 3145 1392 3199 Eccle-

4 3246 38 3283 :a
58 3231 282 3286 Historia
306 3252 317 3285 :
337 3233 386 3286 in
405 3234 694 3303 digestione
710 3235 1037 3305 Temporum
1059 3256 1069 3291 :
1090 3237 1142 3291 in
1157 3236 1394 3306 descrip-

1495 2039 1808 2094 translatos.
1839 2038 1991 2094 Nunc
2031 2049 2211 2096 antem
2243 2039 2442 2108 injuste
2469 2039 2644 2104 doles,
2679 2040 2732 2094 in
2760 2054 2826 2096 eo
2872 2055 3040 2110 opere
3064 2055 3094 2096 a

1495 2146 1581 2185 me
1610 2130 1705 2184 tibi
1736 2145 1856 2185 esse
1885 2145 2233 2200 responsum,
2268 2130 2321 2184 in
2348 2144 2456 2200 quo
2483 2146 2511 2183 a
2543 2139 2597 2184 te
2629 2130 2904 2185 laudando
2932 2145 3096 2186 accu-

1496 2232 1643 2276 satus
1665 2235 1804 2275 sum.
1837 2219 2009 2286 Quam
2037 2222 2181 2276 enim
2205 2231 2261 2276 ιιι
2278 2220 2491 2279 laudem
2515 2234 2702 2287 vocas,
2729 2235 2918 2276 omnes
2936 2234 3098 2277 accu-

1497 2313 1762 2368 sationem
1797 2311 2126 2381 intelligunt.
2160 2311 2388 2367 Constet
2417 2310 2561 2380 apud
2591 2320 2664 2376 te,
2698 2310 2840 2380 quod
2873 2325 3101 2366 accusa-

1497 2405 1641 2460 veris
1667 2419 1680 2468 ;
1711 2412 1765 2458 et
1795 2418 1903 2457 non
1927 2402 2318 2473 indignaberis,
2351 2401 2496 2473 quod
2521 2401 2918 2472 responderim.
2949 2401 3097 2476 Esto,

1498 2504 1553 2550 tu
1580 2495 1725 2550 bono
1752 2494 1934 2549 animo
1969 2495 2276 2564 scripseris,
2308 2502 2366 2548 et
2408 2493 2570 2550 homo
2602 2491 2865 2548 innocens
2891 2501 2943 2550 et
2969 2492 3096 2552 ami-

1498 2605 1595 2644 cus
1622 2588 1942 2654 fidissimus,
1976 2588 2043 2641 de
2071 2587 2227 2655 cujus
2254 2601 2554 2656 numquam
2585 2600 2866 2656 egressum
2898 2593 2983 2640 est
3005 2599 3101 2640 ore

1500 2682 1867 2747 mendacium,
1903 2697 1987 2736 me
2034 2678 2202 2754 468
2243 2681 2460 2734 nescius
2493 2679 2804 2735 vulneraris
2832 2696 2843 2731 :
2875 2677 3003 2747 quid
3035 2677 3101 2735 ad

1499 2793 1609 2840 me,
1634 2776 1722 2845 qui
1755 2788 2048 2844 percussus
2076 2790 2193 2828 sum
2217 2773 2240 2825 ?
2268 2772 2404 2826 Num
2433 2771 2639 2827 idcirco
2667 2772 2845 2851 curari
2875 2786 2980 2826 non
3009 2771 3103 2826 de~

1498 2870 1623 2932 beo,
1652 2868 1774 2938 quia
1808 2877 1862 2921 tu
1901 2881 1987 2920 me
2032 2867 2174 2920 bono
2203 2865 2386 2920 animo
2428 2863 2776 2920 vulnerasti?
2806 2863 3102 2919 Confessus

1489 2963 1670 3034 jaceo,
1701 2960 1896 3017 stridet
1924 2959 2121 3015 vulnus
2152 2961 2204 3014 in
2235 2967 2459 3028 pectore
2485 2975 2497 3011 :
2531 2957 2763 3014 candida
2797 2957 2946 3028 prius
2975 2972 3101 3012 san-

1493 3055 1658 3126 guine
1685 3053 1928 3108 membra
1960 3061 2272 3122 turpantur,
2299 3060 2352 3105 et
2381 3059 2436 3105 tu
2462 3050 2600 3104 milii
2631 3049 2770 3105 dicis
2796 3069 2808 3105 :
2834 3049 2954 3105 Noli
2978 3064 3099 3106 ma-

1497 3163 1624 3201 num
1649 3145 1910 3201 adhibere
1941 3145 2174 3208 vulneri,
2208 3159 2276 3198 ne
2309 3157 2410 3216 ego
2444 3151 2496 3198 te
2527 3142 2714 3197 videar
2736 3141 3099 3198 vulnerasse?

1496 3242 1833 3309 Quamquam
1860 3249 1915 3294 et
1942 3240 2057 3309 ipsa
2087 3237 2370 3293 translatio
2405 3237 2574 3306 magis
2619 3236 2909 3306 Origenem
2935 3251 3096 3306 quam

4 3335 190 3380 sane-tce
216 3326 393 3382 Terra:
418 3343 431 3392 ;
463 3341 514 3382 et
544 3328 655 3382 haec
679 3327 796 3398 ipsa
821 3330 1082 3398 opuscula
1105 3329 1132 3367 ιι
1168 3331 1220 3382 in
1249 3329 1394 3384 Lati-
1419 3315 1464 3377 C
1501 3343 1551 3388 te
1567 3333 1768 3403 arguit.
1789 3332 1867 3386 Τιι
1895 3332 2041 3387 cnim
2060 3330 2361 3386 emendasti
2389 3345 2509 3401 qua:
2537 3328 2715 3384 addita
2737 3329 2803 3382 ab
2824 3327 3102 3384 haereticis

4 3429 204 3481 ertens,
243 3435 374 3474 mea:
403 3422 594 3491 lingua:
639 3421 950 3477 hominibus
979 3422 1123 3479 dedi.
1161 3423 1297 3478 Num
1328 3437 1394 3478 ex

7 3531 144 3570 anus
171 3530 316 3580 sum,
350 3514 474 3584 quia
508 3515 777 3570 Eusebius
804 3515 898 3586 qui
930 3515 1031 3570 hos
1064 3517 1234 3570 libros
1263 3531 1396 3570 con-

2 3605 204 3660 .rianus
237 3615 320 3662 est
343 3606 365 3659 Σ)
390 3605 449 3662 Si
478 3622 645 3661 ausus
672 3606 839 3662 fueris
865 3607 1027 3679 467
1057 3624 1141 3662 me
1173 3607 1391 3664 hazreti-

2 3710 130 3758 rere,
166 3705 446 3750 memento
477 3694 915 3752 Praefatiuncula:
938 3700 1058 3772 περὶ
1085 3697 1309 3773 ’Λρχῶν,
1339 3697 1391 3752 in

0 3790 7 3840 i
40 3802 155 3845 tua:
186 3805 278 3845 me
307 3806 432 3845 esse
469 3793 694 3844 testaris
723 3807 735 3843 :
760 3791 1022 3862 simulque
1053 3794 1303 3858 obsecro,
1339 3801 1397 3848 ut

2 3882 299 3951 quondam
333 3895 490 3937 tuum
522 3883 967 3953 exgtostulantem
998 3885 1268 3953 patienter
1295 3901 1394 3939 au-

5 3985 118 4029 itra
155 3974 303 4030 alios
335 3974 701 4044 digladiaris,
747 3985 837 4030 aut
880 3975 1014 4030 facis
1042 3977 1392 4045 calumniam,

0 4069 92 4122 ris.
152 4066 314 4134 Quos
368 4082 637 4136 accusas,
695 4077 809 4125 eta
847 4071 1042 4139 quibus
1095 4073 1392 4136 accusaris,

0 4163 26 4216 ii
60 4171 260 4217 sunt:
296 4171 468 4219 recte
516 4178 593 4217 an
631 4177 949 4234 perperam,
984 4180 1080 4219 vos
1124 4165 1390 4222 videritis.

0 4275 13 4312 ι
50 4273 206 4312 vera
252 4259 571 4314 accusatio
603 4268 805 4314 contra
845 4259 1070 4314 fratrem
1095 4259 1394 4330 displicet:

0 4349 201 4405 tendo
232 4349 414 4414 alios,
469 4351 581 4404 sed
616 4349 751 4404 dico
793 4350 921 4418 quid
953 4351 1069 4418 ipse
1111 4367 1218 4405 non
1248 4349 1395 4407 face-

0 4445 41 4498 is
77 4442 314 4514 spatiis
358 4451 673 4497 terrarum
711 4451 994 4511 separatus
1021 4444 1148 4514 quid
1177 4440 1397 4514 peccavi

0 4537 54 4591 id
109 4537 474 4593 commerui
513 4538 539 4591 ?
596 4537 693 4590 An
755 4536 877 4605 quia
918 4535 1258 4604 Origenistcu
1311 4551 1397 4588 me

2 4630 344 4701 ‘espondi?
409 4629 739 4700 Numquid
789 4628 1042 4682 defensio
1095 4644 1246 4696 mea,
1301 4644 1395 4684 ac-

45 4733 158 4779 est
189 4724 218 4776 ?
259 4723 339 4777 Et
404 4733 472 4776 tu
528 4723 585 4776 si
627 4738 748 4777 non
789 4737 848 4776 es
887 4721 1256 4790 Origenistes,
1312 4723 1395 4777 vel
1428 4733 1474 4790 ι)

1 4817 166 4872 reda
196 4815 472 4886 juranti
505 4833 522 4880 ;
563 4816 620 4872 si
661 4815 837 4877 fuisti,
864 4814 1103 4884 suscipio
1130 4815 1401 4882 poeniten-

2 4911 173 4974 oles,
220 4910 286 4964 si
327 4909 398 4964 id
442 4925 636 4972 sum,
672 4909 822 4978 quod
855 4922 976 4962 esse
1022 4917 1074 4961 te
1104 4905 1282 4961 dicis?
1314 4907 1396 4964 An

4 5009 172 5073 165-»
227 5000 579 5071 Origenis
622 5001 810 5055 libros
858 5008 978 5066 post
1019 5007 1071 5054 te
1103 4999 1400 5054 transferre

3 5103 40 5146 -t
87 5091 623 5162 interpretatio
669 5108 791 5145 mea
823 5091 1132 5162 suggillatio
1178 5099 1402 5162 putatur

6 5186 157 5249 Quid
233 5197 585 5255 poteram
661 5183 892 5240 facere?
934 5184 1092 5239 Missa
1136 5183 1264 5239 mihi
1317 5193 1402 5240 est

7 5280 66 5332 id
115 5291 267 5344 est,
319 5281 710 5334 accusatio
743 5293 881 5332 mea.
910 5277 1040 5332 Tam
1072 5277 1286 5332 fortiter
1315 5293 1402 5333 me

28 5375 431 5440 idaveras,
508 5384 592 5428 ut
658 5372 711 5429 si
748 5373 850 5430 tuis
893 5372 1136 5428 laudibus
1184 5373 1402 5444 acquie-

35 5481 53 5519 ι
132 5467 605 5522 iamreticum
654 5481 751 5520 me
781 5475 1051 5533 putarent.
1106 5464 1242 5520 Vide
1272 5463 1403 5534 quid

65 5583 83 5634 i
116 5583 604 5653 Hieronymo
633 5597 966 5651 praenomen
990 5588 1108 5636 erat
1133 5581 1404 5653 Eusebius.

74 5671 94 5704 ι
140 5652 458 5709 vertens.
497 5654 702 5709 Cave
743 5668 809 5708 ne
855 5653 1128 5718 intelligas
1157 5653 1260 5704 hoc
1288 5652 1407 5706 loco

98 5742 138 5775 ιι
229 5725 598 5779 Latinum
685 5724 914 5778 vertisse
968 5722 1404 5777 Ecclesiasticam

97 5795 191 5849 bii
231 5814 249 5850 :
297 5795 537 5850 vertit
578 5795 758 5850 enim
807 5795 1148 5848 solummodo
1178 5791 1408 5848 Chroni-

113 5876 186 5920 εἰ,
237 5866 525 5922 librunt
598 5866 691 5919 de
746 5865 901 5919 Locis
942 5864 1242 5927 Hebraicis,
1273 5879 1408 5934 quos

125 5952 193 5990 ιιι
268 5937 612 5993 Historia
674 5936 1076 5993 Ecclesiastiea.
1133 5937 1404 5993 Maurus.

1499 3426 1793 3481 arbitratus
1824 3439 1905 3480 es.
1951 3424 2066 3493 Ego
2099 3422 2334 3492 prodidi,
2387 3422 2531 3494 quod
2581 3421 2648 3477 ab
2699 3421 2795 3475 illo
2837 3420 3099 3489 scriptum

1499 3518 1706 3576 Graecia
1749 3516 2002 3572 universa
2031 3515 2358 3570 conclamat.
2391 3513 2526 3582 Quis
2569 3512 2773 3567 rectius
2799 3511 3101 3566 arbitratus

1499 3611 1590 3675 sit,
1640 3624 1739 3665 nec
1771 3623 1974 3673 meum,
2029 3621 2128 3662 nec
2162 3615 2310 3662 tuum
2335 3606 2600 3676 judicium
2649 3612 2753 3659 est.
2803 3601 3102 3672 Utriusque

1498 3702 1702 3771 scripta
1751 3701 2053 3756 censoriam
2085 3699 2308 3754 leetoris
2353 3698 2619 3768 virgulam
2652 3695 2910 3751 sentiant.
2962 3693 3096 3748 Tota

1501 3795 1590 3849 illa
1624 3795 1890 3864 Epistula,
1909 3807 2010 3864 qua
2039 3807 2136 3862 pro
2165 3806 2249 3847 me
2275 3789 2572 3852 satisfacio,
2597 3797 2788 3843 contra
2812 3785 3101 3841 lttcreticos

1499 3895 1555 3942 et
1598 3894 1946 3941 accusatores
1989 3899 2139 3940 meos
2187 3883 2475 3952 dirigitur:
2525 3880 2653 3950 quid
2700 3879 2764 3932 ad
2818 3887 2890 3944 te,
2922 3879 3012 3950 qui
3045 3888 3102 3936 et

1499 3980 1860 4038 ortltodoxum
1911 3989 1962 4032 et
2010 3977 2346 4032 laudatorem
2382 3989 2562 4030 meum
2605 3981 2654 4026 te
2687 3986 2813 4028 esse
2860 3972 3019 4040 dicis,
3053 3972 3101 4028 si

1499 4074 1746 4142 asperior
1775 4087 1894 4127 sum
1925 4071 1979 4128 in
2014 4068 2320 4131 luereticos,
2352 4078 2408 4122 et
2452 4067 2670 4122 illorum
2719 4065 2773 4119 in
2820 4067 3095 4133 publicum

1503 4165 1758 4235 strOphas
1782 4161 2041 4234 profero?
2078 4161 2288 4216 Ltetare
2317 4160 2627 4215 invectione
2650 4171 2804 4222 mea;
2837 4171 2905 4211 ne
2935 4158 2978 4210 si
3003 4156 3102 4210 do-

1501 4259 1690 4325 lueris,
1719 4257 2004 4314 haereticus
2035 4270 2160 4312 esse
2186 4253 2447 4309 videaris.
2477 4252 2706 4321 Quando
2733 4250 2852 4306 sine
2881 4249 3102 4308 nomine

1499 4362 1689 4412 contra
1739 4350 1869 4406 vitia
1913 4349 2204 4415 scribitur;
2235 4349 2326 4418 qui
2374 4347 2651 4412 irascitur,
2689 4352 2976 4401 accusator
3016 4344 3101 4403 sui

1502 4458 1604 4505 est.
1639 4443 1927 4504 Prudentis
1955 4441 2194 4497 hominis
2220 4441 2428 4505 fuerat,
2453 4438 2616 4492 etiam
2644 4437 2690 4491 si
2717 4435 2967 4502 dolebat,
2991 4434 3104 4492 dis-

1503 4539 1761 4596 simulare
1791 4532 2221 4595 conscientiam;
2269 4539 2325 4584 et
2365 4528 2548 4583 cordis
2591 4526 2860 4594 nubilum,
2907 4525 3102 4583 frontis

1505 4635 1802 4688 serenitate
1823 4630 2124 4684 discutere.

1575 4723 1664 4777 12.
1694 4721 1942 4793 Epistoia:
1958 4715 2238 4786 TlteOpItili
2257 4724 2302 4770 et
2318 4713 2626 4784 Epiphanii,
2650 4725 2698 4768 et
2720 4713 3106 4784 Imperatorem

1508 4815 1702 4883 scripta
1733 4813 1978 4866 adversus
2021 4808 2312 4880 Origcnem.
2363 4833 2435 4843 ——
2472 4804 2714 4874 Alioqui,
2767 4806 2814 4862 si
2847 4804 3108 4877 quidquid

1506 4914 1694 4962 contra
1745 4903 2032 4973 Origenem
2078 4910 2133 4955 et
2184 4907 2484 4956 sectatores
2527 4898 2646 4968 ejus
2689 4899 2910 4960 dicitur.
2953 4900 3006 4953 in
3059 4907 3112 4954 te

1508 4999 1710 5054 dictum
1738 5005 1936 5066 putas;
1967 5008 2098 5062 ergo
2118 5001 2175 5046 et
2209 4991 2455 5060 epistolae
2485 5005 2637 5059 papae
2685 5001 2707 5028 ο
2739 4991 3028 5060 TheOpltili
3055 5000 3113 5045 et

1507 5088 1820 5159 Epiphanii,
1851 5094 1903 5140 et
1932 5084 2159 5139 aliorum
2189 5083 2593 5154 episcoporum,
2621 5095 2756 5151 quas
2780 5095 2952 5152 nuper
2976 5079 3110 5151 ipsis

1503 5181 1823 5254 jubentibus
1855 5178 2149 5243 transtulit,
2183 5188 2234 5233 te
2261 5187 2473 5245 petunt,
2496 5187 2546 5232 te
2569 5176 2836 5232 lacerant.
2866 5174 3110 5245 impera-

1506 5287 1683 5331 torum
1713 5287 1928 5344 quoque
1950 5272 2171 5344 scripta,
2195 5286 2315 5344 qum
2342 5271 2411 5326 de
2444 5271 2774 5327 Alexandria
2800 5279 2855 5326 et
2872 5269 3112 5340 Egypto

1505 5367 1841 5436 Origenistas
1869 5365 1996 5436 pelli
2018 5365 2229 5434 jubent,
2252 5377 2338 5420 me
2357 5371 2706 5434 suggerente,
2733 5363 2933 5418 dictata
2953 5367 3102 5416 sunt.

1506 5462 1575 5519 Ut
1603 5461 1860 5517 Romanae
1883 5459 2032 5515 urbis
2058 5460 2306 5516 Pontifex
2339 5459 2478 5514 miro
2507 5473 2601 5513 eos
2627 5455 2754 5511 odio
2781 5455 3106 5518 detestetur,

1509 5579 1734 5634 -—Puta
1775 5575 2102 5632 Chronicum
2146 5575 2448 5638 Cononem,
2477 5579 2533 5626 et
2572 5569 2773 5624 librum
2803 5567 2871 5638 de
2912 5566 3110 5632 Locis;

1511 5650 1950 5706 Ecclesiastieam
1976 5658 2154 5702 autem
2188 5637 2478 5699 Historiam
2513 5639 2788 5695 laudatam
2830 5637 3112 5694 dumtaxat

1512 5736 1541 5778 a
1566 5738 1644 5783 se,
1683 5737 1789 5775 non
1821 5719 2009 5774 Latine
2038 5717 2362 5787 explicatam
2393 5713 2539 5789 dicit.
2608 5782 2618 5789 .
2878 5776 2910 5789 η

1589 5776 1789 5850 (τ’νίᾱθ
1836 5793 1933 5845 itas
1987 5776 2242 5858 episiolas
2271 5801 2300 5840 a
2334 5783 2490 5839 nobis
2537 5782 2774 5852 primum
2827 5776 3001 5834 editas
3051 5777 3105 5834 in

1513 5865 1679 5936 priori
1713 5873 1857 5920 tomo
1887 5875 2036 5916 num.
2062 5858 2130 5914 92
2153 5867 2205 5911 et
2232 5871 2384 5928 seqq.
