4054 6342
546 360 649 415 407
1795 354 1850 407 S.
1885 350 2151 407 EUSEBII
2193 349 2571 405 ΗΙΕΙίΟΝἴΜΙ
3727 349 3821 405 408

543 493 720 535 meum
752 473 1044 530 consilium
1068 473 1189 526 fuit.
1225 470 1294 526 Ut
1331 479 1477 526 totus
1507 471 1659 524 orbis
1691 479 1810 538 post
1841 467 2151 524 translatio-
2177 473 2230 529 Α
2254 468 2506 522 sententia
2559 475 2654 520 est.
2703 466 2868 519 Certe
2939 465 3103 518 etiam
3164 464 3429 534 Origenes
3490 461 3824 518 Patriarchen

542 586 662 627 nem
695 579 841 623 tuam
872 567 926 622 in
972 564 1222 634 Origenis
1263 563 1384 619 odia
1437 562 1728 628 exarserit,
1780 577 1938 633 quem
1990 571 2148 617 antea

538 661 864 733 simpliciter
895 657 1198 722 lectitabat,
1245 669 1397 711 meus
1428 664 1691 725 operatus
1739 663 1823 710 est
1849 655 2040 726 stylus.
2093 654 2150 708 Si

537 763 750 811 tantum
783 766 1022 820 possum,
1056 750 1226 804 miror
1268 764 1366 802 cur
1390 764 1476 802 me
1508 762 1616 802 non
1651 755 1881 802 metuas.
1916 747 2027 816 Ego
2055 746 2149 801 ille

543 847 859 902 moderatus
897 845 952 898 in
982 841 1211 913 epistola
1245 839 1462 910 publica
1495 838 1701 909 (Epist.
1725 839 1788 894 81
1820 837 1888 892 ad
1912 837 2145 908 Rollin),

540 942 631 1013 qui
664 939 956 1008 diligenter
983 937 1126 1001 cavi,
1176 950 1243 988 ne
1274 933 1403 1003 quid
1451 935 1505 987 in
1555 942 1608 987 te
1648 933 1853 986 dictum
1903 941 2145 1000 putares,

541 1036 736 1103 scripsi
769 1035 834 1086 ad
867 1041 917 1085 te
950 1031 1132 1084 statim
1165 1029 1385 1082 brevem
1419 1027 1738 1096 Epistolam,
1794 1023 2148 1094 expostulans

543 1142 709 1193 super
758 1123 1010 1180 laudibus
1056 1121 1178 1174 tuis.
1225 1119 1420 1186 Quam,
1453 1119 1578 1189 quia
1612 1118 1798 1172 Roma:
1847 1132 1953 1172 non
2001 1133 2143 1184 eras,

541 1217 702 1272 amici
731 1217 834 1269 mei
868 1214 963 1268 tibi
999 1213 1217 1266 mittere
1247 1211 1558 1274 noluerunt,
1590 1224 1656 1264 eo
1686 1209 1830 1280 quod
1861 1218 1911 1264 te
1926 1219 1964 1276 ,⁸
1995 1208 2146 1264 dice-

541 1319 662 1364 rent
690 1323 810 1362 cum
860 1305 1139 1359 sodalibus
1184 1302 1294 1357 tuis
1335 1303 1550 1372 indigna
1585 1301 1806 1356 nomine
1835 1301 2148 1356 Christiano

540 1405 608 1458 de
663 1418 780 1456 mea
827 1399 1249 1455 conversatione
1297 1396 1576 1466 jaetitare.
1625 1396 1793 1466 Cujus
1838 1397 2145 1465 exemplum

544 1494 668 1549 huic
698 1493 964 1548 volumini
1014 1489 1255 1556 subdidi,
1290 1498 1342 1542 ut
1376 1488 1516 1543 scias
1564 1498 1826 1559 quantum
1873 1489 2144 1556 dolorem,

541 1595 738 1658 quanta
765 1586 1140 1640 moderatione
1164 1581 1587 1637 necessitudinis
1613 1584 1934 1652 temperavi.

620 1679 786 1752 469
829 1681 916 1733 13.
950 1677 1168 1732 Jui‘lteus
1199 1676 1508 1746 Hieronymi
1531 1687 1838 1747 praeceptor.
1862 1674 2148 1746 Gregorius

551 1772 916 1826 Nazianzenus
960 1770 1204 1840 magister
1261 1767 1584 1839 Hieronymi.
1635 1767 1854 1822 Iluillus
1905 1766 2142 1821 Judccus.

2253 560 2279 598 ά
2314 560 2569 625 lluillum,
2616 558 2706 628 qui
2750 555 3088 626 temporibus
3132 554 3248 624 ejus
3289 555 3411 620 luit,
3454 553 3690 609 nominat
3733 561 3828 608 :et

2252 655 2586 711 tricesimum
2635 661 2840 706 tomum
2888 651 2940 704 in
2986 650 3200 716 Isaiam,
3236 650 3289 704 in
3322 649 3474 717 cujus
3507 649 3611 704 line
3641 648 3829 703 edisse-

2254 748 2323 802 rit
2349 763 2361 800 :
2396 745 2489 800 Vw
2519 744 2630 811 tibi,
2657 743 2836 796 civitas
2856 742 3019 806 Ariel,
3045 758 3199 807 quam
3225 743 3534 814 expugnavit
3561 739 3746 805 David,
3772 740 3828 794 il-

2251 841 2358 894 lius
2389 837 2728 908 expositione
2756 837 3068 901 concludit;
3099 846 3151 890 et
3181 851 3304 890 cum
3337 836 3496 890 aliter
3534 836 3683 903 prius
3719 849 3830 888 sen-

2251 934 2394 988 sisse
2424 948 2483 986 se
2513 931 2679 997 dicat,
2711 930 2927 984 doctum
2958 929 3026 982 ab
3068 928 3187 995 illo,
3240 929 3290 982 id
3331 929 3475 998 quod
3517 937 3600 983 est
3641 927 3830 997 verius,

2250 1025 2566 1082 conﬁtetur.
2621 1022 3025 1093 Octogesimum
3071 1037 3288 1093 quoque
3316 1037 3517 1077 nonum
3549 1022 3830 1087 Psalmum,

2251 1119 2340 1189 qui
2363 1118 2660 1172 scribitur:
2696 1115 2877 1169 Oratio
2907 1115 3077 1186 Moysi
3107 1115 3330 1170 hominis
3372 1114 3490 1182 Dei,
3523 1123 3578 1168 et
3607 1115 3832 1184 reliquos

2253 1211 2530 1276 undecim,
2561 1211 2652 1281 qui
2681 1226 2790 1264 non
2834 1209 3038 1264 habent
3080 1209 3286 1275 titulos,
3340 1207 3639 1264 secundum
3684 1207 3834 1263 Huilli

2250 1304 2673 1372 expositionem,
2716 1301 2960 1372 ejusdem
3008 1301 3182 1373 Moysi
3225 1310 3398 1371 putat,
3427 1301 3593 1374 5.70
3619 1317 3714 1357 nec
3749 1301 3834 1356 de-

2250 1396 2506 1466 dignatur
2567 1396 2850 1451 Hebraeam
2910 1395 3248 1464 Scripturam
3319 1397 3690 1465 interpretans
3751 1409 3838 1467 per

2250 1487 2462 1556 singula
2493 1488 2628 1550 loca,
2660 1487 2786 1556 quid
2821 1486 3070 1542 l-lebrreis
3092 1487 3358 1554 videatur,
3393 1489 3667 1544 inserere.

2324 1578 2410 1632 M.
2475 1578 2724 1650 Origenes
2761 1580 3057 1632 damnatus.
3115 1609 3186 1618 —
3235 1579 3416 1634 Lectis
3477 1595 3658 1650 nuper
3687 1582 3835 1650 'papa‘.

2250 1672 2544 1743 Theophili
2586 1673 2858 1742 epistolis,
2890 1673 2942 1727 in
2984 1673 3185 1743 quibus
3227 1673 3478 1742 Origenis
3507 1673 3728 1743 exponit
3755 1688 3836 1727 er-

2249 1779 2440 1827 rores,
2489 1765 2686 1819 dicitur
2731 1765 3017 1818 obturasse
3060 1779 3222 1820 aures
3268 1779 3420 1832 suas,
3469 1775 3524 1820 et
3576 1776 3836 1820 auctorem

550 1863 754 1919 Psalmi
784 1864 893 1916 sine
929 1860 1100 1914 titulo.
1129 1891 1198 1903 »-
1223 1860 1398 1914 Audio
1427 1868 1689 1930 praeterea
1719 1868 1771 1914 te
1799 1859 2043 1930 quaedam
2077 1860 2144 1915 de
2175 1856 2222 1915 B
2253 1858 2384 1911 tanti
2441 1857 2563 1910 mali
2615 1856 2759 1910 clara
2813 1870 2936 1909 cum
2989 1853 3096 1926 [ΑΙ.
3148 1854 3356 1928 coram]
3407 1857 3661 1910 omnibus
3715 1870 3836 1910 voce

548 1958 782 2028 epistola
817 1972 933 2011 mea
963 1954 1338 2026 philosophice
1365 1969 1614 2022 carpere,
1654 1963 1709 2008 et
1746 1955 2020 2008 hominem
2055 1970 2147 2007 ru-

547 2065 696 2120 gosa:
742 2048 937 2103 frontis
984 2045 1306 2116 adductique
1342 2045 1636 2115 supercilii,
1683 2045 1929 2100 Plautino
1975 2047 2025 2099 in
2059 2061 2146 2102 me

550 2147 663 2203 sale
715 2147 922 2209 ludere,
976 2160 1042 2199 eo
1093 2144 1234 2214 quod
1284 2141 1574 2196 Barrabam
1616 2139 1862 2195 Judaeum
1912 2141 2144 2196 dixerim

552 2251 944 2311 praeceptorem
993 2251 1194 2290 meum.
1228 2233 1337 2289 Nec
1386 2235 1582 2287 mirum
1616 2232 1659 2287 si
1686 2231 2144 2301 pro'Bsn-aama,

548 2331 641 2387 ubi
687 2342 771 2387 est
815 2331 999 2394 aliqua
1048 2327 1436 2382 vocabulorum
1488 2325 1808 2389 similitudo,
1863 2325 2147 2394 scripseris

548 2424 858 2486 Barrabam,
896 2439 1018 2478 eum
1065 2431 1268 2476 tantam
1312 2420 1515 2475 habeas
1554 2419 1830 2473 licentiam
1865 2417 2142 2472 nominum

550 2517 1030 2578 immutandorum;
1063 2518 1131 2568 'ut
1169 2514 1236 2569 de
1270 2513 1507 2568 Eusebio
1535 2511 1904 2580 Pamphilum,
1937 2511 2004 2564 de
2038 2510 2146 2563 lue-

544 2610 715 2665 retico
749 2618 1045 2680 martyrem
1095 2606 1312 2662 feceris.
1346 2604 1632 2661 Cavendus
1671 2605 1866 2667 homo,
1917 2615 1970 2657 et
2015 2602 2144 2656 mihi

547 2707 785 2758 maxime
808 2701 1187 2767 declinaudus,
1213 2715 1280 2753 ne
1309 2714 1396 2752 me
1418 2707 1665 2767 repente,
1692 2696 1818 2749 dum
1844 2695 2055 2760 nescio,
2080 2695 2148 2749 de

548 2796 887 2865 Hieronymo
917 2789 1348 2860 Sardanapalum
1382 2789 1654 2843 nomines.
1702 2786 1837 2840 Audi
1870 2802 2020 2856 ergo,
2063 2799 2149 2838 sa-

551 2888 767 2956 pientia:
804 2887 1082 2949 columen,
1127 2896 1182 2939 et
1222 2900 1408 2939 norma
1449 2881 1762 2938 Catonianae
1813 2880 2144 2934 severitatis.

550 2979 668 3048 Ego
698 2993 803 3032 non
837 2978 989 3031 illum
1015 2976 1330 3045 magistrum
1361 2975 1503 3038 dixi;
1537 2971 1632 3026 sed
1667 2987 1842 3026 meum
1883 2971 1932 3023 in
1965 2970 2148 3037 Scrip-

547 3081 699 3127 turas
728 3081 943 3125 sanctas
975 3069 1211 3125 studium
1236 3068 1380 3122 volui
1408 3065 1787 3135 comprobare,
1818 3072 1873 3118 ut
1895 3063 2146 3118 ostende-

545 3179 664 3219 rem
697 3179 782 3217 me
808 3162 891 3218 sic
922 3161 1120 3232 legisse
1147 3161 1458 3230 Origenem,
1491 3159 1760 3228 quomodo
1791 3169 1843 3212 et
1878 3157 2026 3211 illum
2049 3172 2144 3210 au-

2251 1950 2560 2014 damnasse,
2618 1959 2669 2004 et
2721 1949 2923 2004 dixisse
2970 1965 3190 2020 :nsque
3235 1950 3298 2003 ad
3346 1949 3480 2004 illud
3530 1962 3738 2021 tempus
3785 1965 3836 2005 sc

2254 2043 2554 2111 ignorasse,
2581 2041 2723 2112 quod
2757 2053 2862 2095 tam
2900 2041 3101 2096 nefaria
3135 2044 3440 2112 scripserit.
3486 2042 3607 2098 Non
3635 2058 3834 2106 recuso,

2252 2150 2350 2190 nec
2375 2135 2496 2189 dico
2526 2134 2671 2205 quod
2715 2134 2854 2189 alius
2897 2134 3104 2189 diceret
3157 2134 3409 2199 forsitan,
3457 2152 3568 2191 non
3615 2137 3836 2207 potui-se

2250 2242 2371 2281 eum
2401 2227 2672 2296 ignorare,
2709 2226 2850 2296 quod
2881 2226 3272 2296 interpretatus
3311 2239 3415 2294 est,
3447 2228 3606 2297 cujus
3651 2228 3836 2298 Apolo-

2250 2322 2392 2390 giam
2421 2321 2681 2389 scriptam
2711 2320 2776 2374 ab
2807 2320 3064 2375 haeretica
3089 2321 3194 2376 sub
3213 2323 3435 2376 nomine
3459 2325 3717 2395 martyris
3743 2324 3836 2378 edi-

2251 2411 2330 2466 dit
2379 2430 2391 2465 :
2436 2413 2589 2482 cujus
2634 2410 3010 2468 defensionem
3070 2413 3236 2468 etiam
3291 2415 3512 2484 pr0prio
3579 2416 3834 2471 volumine

2252 2503 2530 2574 professus
2564 2513 2648 2558 est
2688 2521 2700 2557 :
2745 2504 3032 2559 adversum
3077 2505 3218 2573 quod
3273 2507 3324 2560 in
3375 2509 3747 2578 sequentibus,
3793 2508 3830 2561 si

2250 2597 2489 2652 dictandi
2517 2598 2751 2667 spatium
2795 2597 2988 2665 fuerit,
3019 2598 3328 2668 disputabo.
3364 2599 3481 2655 lloc
3508 2602 3718 2673 loquor,
3749 2602 3830 2656 cui

2249 2690 2626 2746 contradicere
2655 2707 2759 2745 non
2789 2702 2988 2761 potest.
3021 2693 3076 2749 Si
3108 2694 3183 2747 illi
3213 2694 3340 2750 licet
3372 2711 3480 2750 non
3515 2697 3829 2751 intellexisse

2250 2780 2393 2850 quod
2437 2783 2733 2849 transtulit,
2764 2799 2932 2853 quare
2965 2785 3093 2839 mihi
3125 2800 3230 2862 non
3276 2787 3432 2840 liceat
3471 2789 3745 2858 ignorasse
3774 2787 3830 2840 li-

2250 2872 2380 2928 bros
2406 2877 2526 2950 περὶ
2554 2874 2777 2951 Α’ρχῶν,
2807 2891 2942 2946 quos
2967 2886 3092 2932 ante
3123 2891 3230 2932 non
3260 2878 3390 2948 legi;
3421 2887 3478 2934 et
3508 2895 3602 2936 cas
3635 2888 3826 2934 tantum

2251 2965 2514 3019 llomilias
2556 2966 2778 3036 legisse,
2833 2983 2968 3037 quas
3021 2969 3293 3032 transtuli,
3350 2972 3400 3025 in
3457 2973 3654 3042 quibus
3705 2972 3828 3027 nihil

2249 3071 2370 3112 esse
2399 3058 2546 3124 mali,
2579 3058 2746 3128 ipsius
2780 3061 3147 3116 testimonium
3173 3062 3297 3116 est?
3329 3063 3422 3119 Sin
3447 3074 3629 3121 autem
3654 3074 3826 3119 contra

2247 3153 2572 3208 sententiam
2601 3169 2754 3208 suam
2800 3171 2942 3210 nunc
2968 3173 3054 3211 me
3101 3157 3154 3211 in
3196 3159 3274 3212 eis
3321 3159 3523 3228 arguit,
3560 3161 3613 3215 in
3646 3160 3828 3231 quibus

545 3257 776 3310 dieram.
811 3255 995 3325 Neque
1026 3255 1169 3308 enim
1223 3254 1479 3308 Hebraeas
1524 3253 1735 3308 litteras
1771 3267 1802 3306 a
1849 3260 1898 3306 te
1929 3251 2140 3306 discere
2167 3250 2210 3310 C
2246 3255 2373 3302 ante
2395 3246 2730 3315 laudaverat,
2757 3249 2995 3319 undique
3013 3249 3231 3305 strictus
3255 3252 3551 3307 tenebitur.
3577 3251 3825 3307 Autenim

546 3349 731 3404 debui.
764 3347 793 3386 ι)
826 3349 906 3403 Au
934 3347 1126 3416 injuria
1156 3347 1250 3402 tibi
1284 3347 1425 3402 facta
1457 3356 1561 3411 est,
1592 3346 1735 3416 quod
1768 3360 1866 3415 pro
1901 3357 1950 3400 te
1979 3347 2142 3414 Apol-

541 3440 825 3507 linarium,
858 3441 1254 3512 Didymumque
1281 3447 1521 3494 sectatus
1560 3439 1721 3493 sum?
1764 3439 2036 3509 Numquid
2087 3440 2138 3492 in

542 3532 634 3587 illa
661 3532 891 3602 cpistola
923 3532 1252 3601 Gregorium
1289 3531 1466 3585 virum
1490 3531 2002 3600 eloquentissimum
2032 3547 2139 3586 non

545 3626 692 3694 potui
725 3625 1051 3679 nominare?
1098 3636 1117 3660 ο
1151 3624 1286 3688 Quis
1334 3624 1473 3691 apud
1525 3623 1747 3678 Latinos
1789 3639 1886 3692 par
1913 3625 1993 3677 sui
2023 3626 2140 3678 est?

543 3732 652 3786 quo
673 3733 774 3787 ego
793 3717 1056 3783 magistro
1086 3716 1292 3782 glorior
1323 3726 1376 3769 et
1404 3716 1637 3770 exsulto.
1672 3716 1777 3770 Sed
1802 3732 1899 3770 eos
1930 3727 2137 3772 tantum

539 3809 720 3876 posui,
755 3809 846 3877 qui
881 3809 932 3861 in
974 3807 1401 3876 reprehensione
1447 3817 1626 3874 erant,
1675 3818 1734 3862 ut
1762 3809 2010 3864 similiter
2053 3827 2136 3866 me

541 3899 851 3970 Origenem,
887 3916 991 3956 non
1019 3901 1088 3955 ob
1121 3901 1245 3955 ﬁdei
1273 3902 1580 3966 veritatem,
1604 3903 1698 3957 sed
1723 3902 1792 3956 ob
1814 3903 2138 3960 eruditionis

541 3994 793 4049 meritum
828 3994 1024 4060 legisse
1053 4003 1306 4049 testarer.
1339 3995 1457 4063 Ipse
1481 3993 1764 4066 Origenes,
1799 4007 1854 4051 et
1883 3997 2137 4055 Clemens

539 4095 594 4142 et
653 4087 956 4150 Eusebius,
1019 4095 1179 4156 atque
1230 4087 1324 4140 alii
1381 4087 1689 4156 complures
1726 4131 1738 4152 ,
1797 4091 2014 4159 quando
2067 4091 2136 4147 de

534 4177 834 4248 Scripturis
883 4179 1061 4248 aliqua
1119 4179 1437 4248 disputant,
1487 4188 1542 4233 ct
1590 4181 1776 4235 volunt
1831 4183 2133 4252 approbare

534 4271 681 4338 quod
725 4271 934 4338 dicunt,
979 4271 1056 4325 sic
1103 4271 1280 4325 solent
1322 4273 1566 4329 scribere
1613 4293 1626 4326 ε
1681 4274 1948 4344 Referebat
2007 4275 2134 4328 mihi

538 4365 818 4431 Hebrwus;
842 4376 916 4433 et,
947 4366 1120 4420 audivi
1151 4367 1212 4420 ab
1245 4367 1471 4423 Hebraeo
1498 4385 1516 4424 :
1541 4378 1617 4435 et,
1650 4369 1998 4424 Hebrworunt
2030 4371 2132 4423 ista

2247 3340 2452 3395 ideirco
2485 3357 2571 3396 me
2599 3340 2914 3396 hmreticum
2949 3343 3226 3398 hominem
3249 3344 3508 3413 laudavit,
3543 3345 3664 3416 quia
3695 3345 3828 3414 ejus-

2249 3432 2370 3488 dem
2404 3450 2616 3488 meeum
2643 3434 2908 3502 dogmatis
2941 3446 3056 3489 erat
3081 3454 3093 3488 :
3118 3446 3211 3489 aut
3241 3452 3385 3491 nunc
3424 3437 3626 3492 frustra
3657 3435 3826 3493 inimi-

2246 3541 2343 3581 cus
2370 3538 2615 3594 accusat,
2641 3542 2802 3596 quem
2833 3528 2982 3596 prius
3012 3538 3067 3582 ut
3099 3528 3459 3585 orthodoxam
3504 3531 3822 3602 praedicavit.

2248 3617 2354 3674 Sed
2381 3617 2610 3674 forsitan
2645 3627 2771 3674 tunc
2795 3635 3011 3676 errores
3041 3637 3191 3677 meos
3219 3623 3369 3693 quasi
3400 3625 3610 3680 amicus
3639 3624 3824 3689 tacui';

2247 3719 2300 3766 et
2330 3727 2471 3764 nunc
2495 3712 2666 3767 iratus
2691 3712 2898 3782 profert
2919 3714 3062 3784 quod
3095 3715 3244 3784 prius
3273 3716 3568 3772 celaverat.

2318 3807 2406 3861 15.
2449 3806 2730 3861 Comment.
2761 3809 2814 3861 in
2834 3809 2986 3876 epist.
3018 3809 3086 3861 ad
3113 3808 3303 3877 Epltes.
3332 3818 3523 3864 tuetur.
3550 3841 3620 3852 —-—-
3641 3809 3824 3876 Quam-

2243 3917 2403 3972 quam
2439 3918 2543 3957 non
2589 3914 2861 3957 mereatur
2891 3903 3050 3958 [idem
3084 3903 3464 3969 inconstantia,
3501 3913 3554 3960 et
3583 3903 3824 3975 professae

2244 3995 2542 4051 inimicitias
2597 3995 2960 4065 suspicionem
3007 3997 3243 4053 habeant
3304 3997 3618 4054 mendacii:
3657 4007 3821 4052 tamen

2243 4088 2501 4142 audacter
2529 4087 2804 4142 conferam
2828 4089 3074 4158 gradum,
3119 4090 3308 4144 volens
3333 4092 3472 4146 scire
3503 4091 3634 4162 quid
3659 4091 3821 4144 lasere-

2244 4183 2409 4236 tieum
2441 4182 2774 4251 scripserim,
2799 4191 2966 4236 utaut
2987 4198 3110 4237 cum
3136 4182 3228 4237 illo
3252 4199 3404 4251 agam
3435 4183 3819 4253 paenitentiam,

2244 4283 2298 4329 et
2348 4274 2601 4343 Origenis
2655 4275 2796 4329 mala
2849 4276 3130 4345 ignorasse
3181 4291 3266 4330 me
3288 4276 3490 4346 jurem,
3541 4287 3572 4322 ο.
3602 4290 3661 4330 ac
3687 4285 3819 4326 nunc

2243 4367 2478 4436 primum
2511 4383 2537 4419 a
2569 4382 2704 4437 papa
2728 4366 3032 4436 Theophilo
3056 4366 3308 4422 didicisse
3342 4367 3641 4438 impietates
3670 4364 3814 4433 ejus:

605 4531 632 4558 ει
671 4521 839 4576 Vetus
870 4523 1027 4589 edit.,
1058 4540 1116 4578 eo
1145 4525 1280 4595 quod
1329 4536 1376 4578 te
1409 4525 1642 4581 dolerent
1692 4541 1809 4579 cum
1839 4524 2127 4592 sodalibus,
2159 4529 2213 4588 D
2238 4539 2420 4587 autem
2479 4527 2644 4582 habet
2701 4541 2990 4582 numerum
3048 4525 3153 4580 642
3215 4527 3267 4580 in
3312 4526 3554 4581 liminari
3613 4523 3818 4594 pagina.

531 4600 641 4649 etc.

601 4661 894 4738 b_Eadem,
923 4675 1013 4717 aut.
1047 4666 1246 4738 injuria
1287 4665 1398 4732 tibi,
1431 4677 1538 4722 etc.
1578 4668 1741 4722 Paulo
1774 4675 1897 4734 post
1925 4667 2014 4720 ubi
2060 4667 2128 4722 de

529 4733 897 4809 Nazianzeno,
939 4745 1055 4809 erat
1086 4733 1236 4809 olim,
1264 4738 1472 4809 quisui
1514 4740 1655 4809 apud
1691 4738 1908 4791 Latinos
1957 4738 2130 4804 impar

531 4814 628 4870 est,
656 4807 804 4875 quasi
845 4805 1036 4860 Latine
1075 4805 1302 4862 scivisse
1329 4807 1478 4862 illum
1505 4805 1798 4878 utcumque
1833 4809 2121 4874 putaverit,

529 4891 652 4930 cum
685 4891 806 4950 eum
825 4890 1143 4950 sermonem
1171 4878 1372 4950 callere
1400 4896 1459 4935 se
1491 4891 1647 4950 neget
1690 4882 1804 4950 ipse
1831 4878 2126 4934 Nazianze-

527 4960 630 5000 nus
654 4962 743 5013 ep.
775 4949 834 5002 7|
867 4949 930 5000 ad
956 4948 1426 5005 Postltumianum.

603 5029 623 5054 ο
648 5017 781 5091 Quis
823 5019 962 5091 apud
1010 5019 1226 5091 Latinos
1267 5037 1364 5089 par
1389 5023 1470 5075 sui
1497 5023 1613 5075 est?
1647 5023 1936 5091 [lucusque
1969 5023 2129 5091 torsit

522 5088 863 5161 eruditorum
887 5089 1103 5161 ingenia
1129 5089 1282 5161 locus
1306 5091 1406 5144 iste
1430 5093 1570 5146 male
1597 5093 1775 5146 editus
1799 5088 1938 5161 apud
1964 5090 2126 5146 Eras-

520 5171 672 5210 mum
697 5165 750 5209 et
771 5156 1094 5218 Marianum,
1124 5160 1213 5223 qui
1241 5173 1363 5212 cum
1391 5163 1666 5216 nonnullis
1691 5156 1968 5218 codicibus
1993 5177 2121 5216 mss.

522 5227 594 5304 ita
623 5227 807 5304 legunt
834 5244 853 5304 ε.
887 5225 1164 5298 Numquid
1182 5229 1234 5281 in
1260 5229 1352 5304 illa
1365 5228 1604 5298 Epistola
1622 5231 1929 5304 Gregorium
1960 5235 2123 5287 rirunt

519 5296 996 5375 {loquentissimum
1051 5296 1150 5351 non
1201 5300 1343 5367 potui
1397 5296 1684 5375 nominare,
1728 5296 1816 5375 qui
1865 5305 1947 5356 sui
1985 5304 2126 5372 apud

520 5366 738 5445 Eatinos
757 5369 926 5445 impar
943 5377 1035 5445 est,
1059 5366 1283 5445 quoego
1312 5374 1558 5441 magistro
1580 5366 1790 5445 glorior,
1819 5382 1867 5425 et
1887 5366 2125 5445 exsulto?

517 5437 600 5492 Ex
630 5440 745 5514 boe_
761 5440 942 5514 itaque
987 5437 1109 5514 loco
1149 5437 1444 5514 depravate
1480 5437 1627 5499 edito
1676 5437 1935 5514 putarunt
1980 5443 2122 5499 haud

515 5508 677 5579 pauci
707 5507 1030 5577 Gregorium
1079 5507 1270 5565 Latine
1318 5513 1579 5579 scivisse,
1612 5507 1708 5569 sed
1742 5530 1849 5568 non
1883 5528 2034 5576 mque
2060 5529 2123 5570 ac

519 5577 746 5650 graece:
787 5579 933 5635 unde
978 5582 1155 5645 impar
1205 5582 1289 5636 sui
1339 5585 1482 5650 apud
1530 5577 1752 5639 Latinos
1803 5582 2119 5639 habebatur.

516 5647 630 5720 ljltis
664 5651 958 5720 genuinam
995 5651 1284 5720 lectionem
1331 5647 1645 5720 Hieronymi
1684 5652 2022 5709 restituimus
2054 5655 2122 5708 ad

519 5705 693 5790 ﬁdem"
719 5718 1083 5790 vetustissimi
1108 5721 1312 5775 codicis
1353 5705 1851 5790 Corbeiensisret
1897 5705 2120 5778 alterius

515 5784 806 5854 Sorbouiei
839 5802 944 5850 non
974 5788 1175 5854 infima:
1206 5784 1371 5845 notae.
1395 5784 1747 5849 Corbeien'sis
1771 5795 1989 5849 nota'lus
2016 5794 2118 5850 H7

517 5856 571 5908 in
622 5861 807 5906 nostra
859 5853 1186 5912 Bibliotheca
1234 5860 1744 5932 Saugermancnsis,
1778 5858 2108 5919 Sorlionicus

3447 4599 3528 4652 ΜΛ
3539 4612 3712 4652 ama.

2305 4671 2330 4709 ἀ
2371 4672 2511 4728 Sunt
2545 4670 2634 4736 qui
2669 4667 3066 4722 emendandum
3100 4677 3291 4734 putant
3332 4668 3494 4721 Hillel
3537 4684 3634 4735 pro
3672 4664 3819 4720 Iluil-

2233 4746 2364 4798 lum.
2397 4743 2560 4815 Certe
2586 4739 2869 4815 Qrigenes,
2918 4737 3073 4815 hunc
3108 4738 3419 4815 Iudaeorum
3460 4739 3818 4815 Patriarcliatn

2232 4816 2464 4878 Ἰοῦλλον,
2507 4810 2708 4865 Jullum
2732 4817 2911 4872 vocat,
2950 4819 3005 4863 et
3028 4810 3094 4864 ab
3118 4811 3224 4863 alio
3252 4810 3468 4865 erudito
3495 4809 3707 4873 Judteo,
3736 4809 3818 4876 qui

2234 4897 2362 4939 tunc
2383 4899 2503 4938 cum
2532 4882 2734 4947 Huillo,
2769 4896 2863 4934 seu
2896 4880 3076 4936 lliullo
3104 4891 3246 4943 erat,
3280 4897 3338 4935 se
3372 4880 3502 4936 dicit
3549 4881 3817 4935 didicisse.

2231 4956 2415 5010 Potuit
2461 4954 2823 5022 Hieronymus
2849 4950 3044 5022 rlluillo
3089 4951 3352 5016 tribuere,
3384 4952 3522 5020 quod
3553 4953 3686 5005 alias
3713 4951 3820 5022 ipso

2231 5034 2522 5097 przeseute,
2569 5033 2624 5078 et
2665 5019 3007 5097 approbante
3057 5023 3335 5097 docuerat.
3370 5019 3522 5097 Quod
3570 5035 3703 5097 vero
3725 5019 3817 5097 Pa-

2231 5090 2469 5152 triarclia
2521 5093 2826 5162 appellatur
2867 5101 2925 5148 et
2953 5093 3095 5149 inter
3122 5092 3441 5160 'l‘yberiadis
3483 5090 3819 5148 Patriarchas

2231 5167 2376 5222 nulla
2408 5166 2523 5234 ejus
2549 5165 2754 5218 mentio
2781 5173 2885 5225 est.
2921 5163 3149 5220 fortasse
3180 5165 3404 5218 minoris
3427 5164 3654 5233 alicujus
3683 5162 3818 5230 Syn-

2227 5238 2389 5301 edrii,
2440 5233 2569 5306 puta
2615 5234 3000 5306 Dioca'sareae,
3037 5233 3407 5306 Patriarqhatu
3449 5245 3531 5290 est
3589 5235 3812 5306 functus.

2229 5284 2316 5364 '1')?
2331 5284 2470 5376 tiu:
2483 5284 3677 5373 ‘;;3.n'i’.;e,“qi.1;.ibasiaangustius,"
3693 5284 3818 5376 ἕως)

2227 5379 2282 5434 in
2332 5373 2563 5433 G‘emara
2601 5377 2930 5446 Jerosolym.
2956 5379 3116 5432 titulo
3155 5377 3405 5444 Megillalt
3435 5391 3557 5446 cap.
3583 5377 3638 5441 1,
3667 5387 3717 5446 et
3751 5373 3814 5426 ti-

2227 5449 2338 5503 tulo
2365 5447 2627 5518 Horajoth
2650 5463 2769 5517 cap.
2793 5445 2849 5501 5.
2869 5448 3006 5504 Vide
3033 5450 3194 5503 etiam
3222 5450 3470 5516 Origeuis
3499 5445 3814 5518 opusculum

2225 5521 2458 5643 plrimum
2503 5517 2827 5574 anecdotum
2858 5520 3000 5588 apud
3020 5519 3474 5576 Montlaueonium
3515 5528 3558 5572 t.
3593 5533 3610 5571 ι
3639 5517 3813 5572 llexa-

2227 5606 2258 5643 D
2282 5606 2461 5643 Ol'lllll.

2282 5606 2461 5646 Ol'lllll.

2225 5606 2461 5717 ι)Ιῖῃὲξὲ
2504 5660 2734 5716 habetur
2773 5661 2824 5714 itt
2867 5660 3125 5730 synodica
3158 5680 3304 5720 num.
3339 5662 3414 5718 ‘2:
3451 5659 3812 5714 Obturattimtts

2221 5748 2371 5787 aures
2399 5742 2617 5794 nostras,
2640 5742 2686 5807 et
2717 5741 2820 5791 tam
2847 5731 3144 5807 Origenem,
3172 5740 3328 5807 quam
3359 5731 3646 5802 discipulos
3681 5732 3808 5801 ejus;

2220 5807 2446 5859 conscita
2483 5819 2603 5859 uoce
2629 5801 3012 5872 damnavimus,
3037 5801 3144 5859 etc.

3993 504 4006 1049 λ

3982 1092 4002 1652 l

3985 1691 3999 2206 ι

3991 3267 3999 3420 l
