4054 6340
134 339 235 395 409

1103 347 1448 404 APOLOGIA
1487 343 1859 403 ADVERSUS
1899 346 2145 404 LIBROS
2186 348 2442 406 RUFINI.

3321 357 3426 414 4η)

135 469 223 514 aut
265 469 413 516 certe
443 461 664 518 doceam
695 479 780 519 me
809 464 1028 536 quidem
1069 466 1208 522 bene
1245 468 1512 533 sensisse,
1540 467 1634 521 sed
1665 467 1729 520 il-
1755 467 1809 528 Α
1835 481 2090 521 sermone
2122 467 2475 524 manifestam
2516 485 2529 523 :
2576 469 2866 526 multorum
2909 472 3212 526 sententias
3262 474 3427 542 repli-

137 553 243 609 lum
277 570 428 611 more
459 570 560 611 suo
588 572 692 611 non
720 558 1042 629 intelligere.
1077 560 1264 632 Neque
1299 561 1447 616 enim
1483 559 1599 615 ﬁeri
1628 573 1726 630 po-

138 654 243 702 test
269 655 329 701 ut
355 649 407 702 in
451 648 655 703 eisdem
693 649 758 704 ad
792 651 1057 720 Ephesios
1085 654 1254 720 libris,
1285 669 1423 723 quos
1452 663 1511 708 ut
1540 653 1722 719 audio,

136 740 475 806 criminatur,
511 749 565 795 et
604 741 744 797 bene
772 751 826 797 et
856 745 994 799 male
1023 745 1283 811 dixerim;
1334 757 1389 800 et
1425 747 1492 800 de
1531 746 1724 801 eodem

134 827 284 883 fonte
327 830 484 884 dulce
531 846 881 903 amarumque
933 837 1267 906 processerit
1318 853 1331 890 :
1374 845 1432 891 ut
1472 837 1562 907 qui
1613 847 1726 892 toto

130 935 297 990 opere
323 922 695 980 damnaverim
742 942 857 993 eos,
901 930 990 998 qui
1024 930 1249 985 credunt
1277 931 1483 984 animas
1517 946 1582 984 ex
1619 933 1728 985 An-

127 1013 265 1083 gelis
291 1015 562 1082 conditas,
593 1017 774 1072 subito
802 1020 904 1074 mei
935 1020 1138 1075 oblitus
1164 1019 1323 1092 471
1369 1021 1421 1074 id
1467 1019 1728 1077 defende-

127 1120 244 1162 rem
272 1107 416 1176 quod
465 1121 592 1165 ante
637 1111 914 1167 damnavi.
979 1113 1271 1168 Stultitiam
1310 1112 1444 1168 mihi
1483 1114 1726 1184 objieere

123 1213 236 1254 non
269 1209 473 1269 potest,
500 1216 660 1271 quem
693 1203 1114 1259 disertissimum
1145 1214 1198 1260 et
1220 1206 1723 1274 eloquentissimum

120 1293 175 1346 in
203 1292 322 1347 suis
349 1295 629 1363 opusculis
669 1297 1002 1365 praedicavit.
1037 1299 1253 1367 Alioqui
1282 1298 1446 1353 stulta
1475 1299 1722 1355 verbosi-

119 1394 224 1451 tas,
257 1387 461 1442 rabulas
491 1390 670 1458 potius
687 1391 956 1460 etgarrnli
982 1391 1237 1458 hominis,
1265 1408 1428 1462 quam
1462 1394 1724 1462 eloquen-

117 1481 187 1535 tis
245 1483 486 1551 putanda
539 1493 638 1538 est.
687 1484 824 1552 Quid
877 1485 930 1540 in
982 1485 1136 1540 libris
1189 1487 1407 1557 proprie
1457 1497 1717 1554 accuset,

113 1573 331 1643 ignoro.
391 1574 552 1628 Fama
594 1575 736 1629 enitn
789 1576 855 1630 ad
904 1592 990 1632 me
1049 1579 1340 1633 criminum
1397 1580 1558 1648 ejus,
1610 1593 1718 1634 non

111 1668 321 1739 scripta
354 1679 618 1724 venerunt
647 1685 660 1722 :
694 1678 750 1725 et
781 1671 1006 1726 stultum
1056 1682 1139 1727 est
1173 1673 1328 1742 juxta
1374 1672 1715 1742 Apostolum,

111 1761 311 1830 pugnis
329 1775 513 1815 aerem
541 1763 853 1818 verberare.
883 1763 1089 1818 Tamen
1115 1763 1168 1818 in
1200 1763 1466 1818 incertum
1493 1779 1721 1834 respon-

1830 570 1982 626 cant;
2012 569 2066 616 et
2093 561 2286 617 dicunt
2313 580 2325 617 ε
2359 563 2511 618 Hunc
2538 563 2716 620 locum
2742 563 2957 634 quidam
2978 565 3060 620 sic
3082 565 3390 622 edisserunt
3419 583 3433 621 :

1830 652 1919 707 alii
1950 654 2029 707 sic
2059 655 2487 724 interpretantur
2519 674 2531 709 :
2566 656 2640 710 illi
2696 671 2915 710 sensum
2967 673 3126 712 suum
3179 668 3232 714 et
3268 659 3434 714 intel-

1830 747 2104 817 ligentiam
2152 749 2238 803 his
2278 750 2630 817 testimoniis,
2662 758 2719 806 et
2769 750 2869 805 hac
2919 751 3169 806 nituntur
3222 751 3438 808 ratione

1830 841 2046 897 firmare
2074 859 2087 896 :
2119 853 2175 897 ut
2203 843 2444 912 prudens
2483 843 2698 908 Lector,
2732 858 2855 898 cum
2886 843 3132 900 diversas
3168 845 3430 914 explana-

1831 933 2004 989 tiones
2057 933 2273 1005 legerit,
2325 945 2379 989 et
2417 937 2716 990 multorum
2765 937 2849 991 vel
2881 935 3183 1006 probanda,
3223 936 3306 991 vel
3336 937 3433 992 iiii-

1828 1025 2107 1094 probanda
2165 1025 2448 1090 didicerit,
2506 1025 2715 1092 judicet
2765 1026 2894 1095 quid
2949 1029 3133 1082 verius
3183 1027 3255 1080 sit
3310 1045 3323 1080 :
3377 1037 3432 1083 et

1827 1121 1982 1187 quasi
2016 1119 2191 1174 bonus
2219 1121 2494 1189 trapezita,
2531 1119 2851 1174 adulterina:
2873 1128 3107 1175 moneta:
3137 1120 3424 1191 pecuniam

1829 1212 2104 1280 reprohet.
2135 1211 2308 1265 cNum
2340 1211 2574 1267 diversm
2597 1213 3090 1280 interpretationis,
3120 1223 3173 1268 et
3199 1223 3426 1269 contra—

1827 1306 2032 1360 riornm
2060 1305 2221 1384 472
2247 1307 2387 1361 inter
2406 1321 2464 1361 se
2488 1321 2746 1362 sensuum
2772 1307 3045 1362 tenebitur
3070 1321 3221 1372 rcus,
3245 1307 3335 1376 qui
3372 1307 3426 1362 in

1826 1413 1935 1454 uno
1950 1414 2116 1469 Opere
2145 1399 2286 1468 quod
2304 1399 2578 1466 edisserit,
2595 1401 2968 1470 expositiones
2991 1401 3236 1471 posuerit
3260 1400 3429 1470 pluri-

1826 1490 2076 1544 morum?
2100 1490 2235 1544 Puto
2256 1491 2395 1560 quod
2428 1506 2561 1561 puer
2580 1491 2776 1560 legeris
2799 1490 2955 1560 Aspri
2986 1491 3038 1544 in
3059 1489 3346 1560 Virgilium
3371 1501 3423 1546 et

1825 1582 2143 1639 Sallustium
2185 1582 2643 1650 Commentarios,
2677 1582 2910 1638 Vulcatii
2942 1582 2994 1636 in
3020 1581 3308 1638 Orationes
3340 1583 3426 1638 Ci-

1824 1676 2067 1743 ceronis,
2089 1675 2354 1731 Victorini
2382 1676 2435 1730 in
2471 1676 2726 1745 Dialogos
2751 1675 2869 1745 ejus
2894 1686 2947 1731 et
2972 1676 3024 1730 in
3049 1675 3288 1731 Terentii
3318 1673 3424 1731 Co-

1825 1771 2078 1835 moedias,
2110 1770 2462 1840 praiceptoris
2494 1770 2599 1824 mei
2629 1769 2822 1823 Donati
2847 1769 3079 1840 teque'in
3116 1770 3419 1840 Virgilium,

108 1851 276 1918 debo.
319 1852 496 1909 donec
521 1855 586 1910 ad
619 1866 768 1910 cel‘la
801 1857 1113 1925 ρθννεηίειηι
1150 1875 1161 1910 ε
1198 1865 1224 1892 ⁸
1255 1857 1513 1921 ἀντὶζη).ον
1545 1870 1720 1910 meum
1754 1859 1802 1918 B
1831 1874 1886 1919 et
1917 1864 2146 1918 aliorum
2179 1865 2230 1918 in
2261 1863 2395 1917 alios
2443 1881 2454 1917 :
2491 1863 2738 1917 Plautum
2766 1863 3048 1929 videlicet,
3081 1863 3418 1932 Lucretium,

108 1943 323 2001 docebo
367 1961 556 2015 senex,
602 1947 745 2017 quod
770 1963 906 2017 puer
937 1947 1127 2011 didici,
1176 1949 1342 2001 multa
1373 1963 1497 2002 esse
1522 1963 1720 2018 genera

106 2035 449 2104 dictionum;
479 2047 534 2093 et
555 2053 656 2109 pro
676 2039 938 2109 qualitate
966 2038 1230 2104 materiae,
1262 2056 1369 2092 non
1397 2041 1571 2093 solum
1599 2053 1728 2093 sen-

107 2130 339 2194 tentias,
361 2128 392 2166 ι’
420 2131 516 2184 sed
539 2139 596 2184 et
623 2130 1032 2200 Scripturarnm
1057 2130 1220 2185 verba
1244 2131 1464 2184 variari.

177 2222 274 2276 16.
322 2219 694 2276 Commentarii
713 2221 839 2293 quid
867 2223 1037 2292 operis
1058 2223 1293 2276 habeant.
1328 2222 1560 2276 Donatus
1592 2239 1724 2291 pra:-

99 2325 290 2388 ccptor
333 2314 667 2386 Hieronymi.
696 2345 768 2356 —
793 2315 1141 2388 Chrysippus
1172 2327 1224 2372 et
1264 2318 1548 2387 Antipater
1587 2318 1726 2371 inter

98 2409 322 2480 spineta
374 2417 681 2463 versantur.
717 2409 1114 2465 Demosthenes
1142 2419 1198 2463 et
1227 2409 1540 2480 Alschynes
1583 2423 1720 2463 con-

105 2510 186 2555 tra
213 2515 277 2555 se
305 2500 543 2556 invicem
573 2500 884 2556 l'ulmiuant.
911 2501 1102 2572 Lysias
1123 2513 1174 2556 et
1200 2502 1468 2557 Isocrates
1491 2501 1725 2557 dulciter

105 2595 312 2649 ﬂuunt.
350 2595 487 2649 Mira
522 2594 573 2649 in
597 2595 828 2665 singulis
854 2593 1167 2661 diversitas,
1197 2595 1291 2649 sed
1315 2609 1506 2649 omnes
1538 2595 1590 2649 in
1623 2609 1724 2648 suo

106 2687 343 2757 perfecti
365 2696 518 2742 sunt.
538 2687 683 2758 Lege
712 2688 779 2743 ad
810 2688 1143 2743 Herennium
1175 2687 1342 2743 Tullii
1377 2688 1564 2755 libros,
1603 2688 1723 2757 lege

106 2777 454 2834 Rhetoricos
483 2778 603 2850 ejus
633 2798 646 2834 :
673 2790 786 2846 aut,
820 2781 944 2851 quia
973 2780 1065 2836 illa
1099 2781 1203 2836 sibi
1229 2781 1360 2835 dicit
1393 2780 1641 2834 inchoata
1669 2790 1724 2834 et

106 2869 264 2925 rudia
305 2870 584 2927 excidisse
623 2872 690 2928 de
744 2873 1014 2939 manibus,
1047 2873 1267 2928 revolve
1300 2872 1405 2926 tria
1444 2871 1720 2926 volumina

105 2961 173 3016 de
201 2962 475 3029 Oratore,
510 2963 561 3017 in
594 2963 791 3033 quibus
819 2963 1118 3020 introducit
1147 2963 1626 3034 eloquentissimos
1659 2961 1720 3016 il-

106 3055 210 3110 lius
237 3055 518 3125 temporis
541 3066 810 3124 oratores,
838 3055 1099 3111 Crassum
1125 3066 1178 3110 et
1207 3055 1505 3110 Antonium
1531 3055 1723 3122 diSpu-

104 3157 345 3214 tantes;
410 3157 471 3203 et
519 3159 772 3218 quartum
823 3149 1131 3215 Oratorem,
1184 3162 1342 3217 quem
1386 3150 1497 3217 jam
1552 3163 1718 3202 senex

100 3241 301 3296 scribit
333 3240 409 3293 ad
447 3239 673 3293 Brutum
725 3258 737 3294 :

101 3333 455 3398 Historiam,
502 3333 659 3386 aliter
702 3333 1008 3398 Orationes,
1048 3335 1206 3388 aliter
1253 3333 1528 3404 Dialogos,
1562 3334 1720 3388 aliter

101 3423 419 3495 Epistolas,
446 3423 609 3479 aliter
636 3423 1085 3481 Commentarios.
1122 3428 1235 3498 Ego
1272 3427 1418 3480 enim
1467 3427 1518 3480 in
1561 3425 1722 3480 Com-

99 3518 410 3574 mentariis
444 3517 513 3571 ad
547 3516 820 3586 Ephesios
849 3521 928 3574 sic
953 3518 1241 3590 Origenem
1269 3529 1326 3575 et
1348 3519 1638 3589 Didymnm
1668 3529 1725 3574 et

101 3613 528 3681 Apollinarium
558 3621 778 3666 secutus
803 3627 920 3666 sum
955 3613 1068 3683 (qui
1099 3622 1248 3668 certe
1275 3617 1547 3668 contraria
1580 3612 1723 3666 inter

99 3719 157 3760 se
191 3707 412 3762 habent
445 3704 726 3776 dogmata)
758 3715 815 3759 tit
845 3705 970 3760 ﬁdei
1000 3722 1132 3761 mea:
1160 3722 1266 3760 non
1292 3707 1599 3760 amitterem
1630 3719 1722 3759 ve-

100 3800 350 3856 ritatem.
395 3799 800 3855 Commentarii
841 3798 967 3868 quid
999 3799 1180 3870 operis
1212 3798 1457 3854 habent?
1485 3798 1725 3853 Alterius

100 3891 240 3949 dicta
273 3893 648 3958 edisserunt,
694 3907 814 3962 qua:
864 3891 1096 3947 obscure
1127 3893 1330 3963 scripta
1357 3902 1504 3958 sunt,
1562 3890 1726 3960 plano

171 4090 195 4119 ει
236 4082 547 4148 ’Λντίζηλον
587 4095 756 4132 meum
784 4079 992 4132 docebo.
1024 4079 1100 4132 Ex
1129 4076 1230 4133 hoc
1263 4078 1381 4133 loco
1412 4077 1555 4131 haud
1585 4077 1723 4131 mul-

103 4159 213 4208 tum
267 4153 499 4208 dilticili
558 4151 717 4204 velim
780 4159 836 4204 ttt
887 4149 1154 4218 intelligat
1207 4150 1401 4204 Lector
1448 4149 1725 4202 studiosus

102 4234 300 4292 quanta
325 4227 402 4278 sit
429 4222 597 4284 tides,
621 4236 684 4277 ac
704 4221 936 4275 eruditio
961 4229 1199 4275 veterum
1225 4220 1506 4274 Editorum
1535 4220 1726 4273 lliero-

104 4297 271 4365 nymi,
304 4295 401 4366 qui
437 4293 712 4358 ἀντίζηλον
741 4293 982 4366 omnium
1012 4305 1142 4344 mss.
1177 4292 1423 4366 codicum
1453 4305 1723 4344 consensu

102 4362 688 4428 a'nobis'reSIitutum,
713 4379 812 4417 nec
833 4362 1145 4430 conjectura
1170 4362 1382 4428 assequi
1408 4370 1720 4426 potuerunt.

101 4433 191 4490 Sic
221 4435 390 4503 igitur
423 4439 614 4490 locum
646 4442 966 4503 praisentem
997 4430 1253 4503 restituit,
1284 4441 1334 4483 et
1368 4430 1590 4503 scholiis
1615 4433 1726 4484 suis

1826 1957 2103 2022 Flaccum,
2122 1956 2368 2011 Persium
2395 1969 2555 2026 atque
2585 1956 2877 2010 Lucanum.
2897 1958 3073 2026 Argue
3093 1957 3420 2024 interpretes

1826 2065 2225 2117 eornm,quare
2243 2067 2347 2105 non
2363 2065 2525 2104 unam
2552 2050 2988 2117 explanationem
3013 2049 3184 2104 secuti
3201 2051 3342 2104 sint:
3369 2059 3422 2104 et

1828 2145 1880 2200 in
1896 2146 2086 2201 eadem
2100 2160 2159 2199 re
2173 2146 2298 2215 quid
2314 2145 2394 2200 vel
2410 2145 2536 2208 sibi,
2553 2145 2636 2199 vel
2651 2145 2774 2198 aliis
2788 2143 3058 2210 videatur,
3075 2152 3421 2198 enumerent.

1902 2241 1989 2294 17.
2044 2239 2177 2292 Vitia
2229 2239 2478 2293 sermonis
2520 2238 2722 2308 Ruﬁni.
2756 2269 2826 2278 ——
2862 2239 3228 2293 Prmtermitto
3274 2238 3423 2293 Crte-

1827 2347 1942 2398 cos,
1972 2346 2201 2402 quorum
2236 2340 2291 2384 tu
2331 2331 2508 2400 jactas
2551 2330 2855 2394 scientiam,
2887 2339 2943 2385 et
2969 2331 3095 2385 dum
3136 2331 3420 2400 peregrina

1825 2424 2074 2489 sectaris,
2103 2437 2244 2492 pene
2277 2423 2352 2476 tiii
2393 2421 2666 2476 sermonis
2701 2421 2899 2476 oblitus
2949 2436 3008 2476 es
3056 2439 3069 2475 :
3127 2436 3194 2476 ne
3247 2422 3422 2476 veteri

1829 2515 2137 2586 proverbio,
2172 2515 2274 2568 Sus
2304 2513 2598 2568 Minervam
2632 2512 2836 2567 docere
2887 2512 3099 2579 videar,
3137 2523 3194 2568 et
3224 2513 3277 2566 in
3327 2513 3424 2566 sil-

1829 2624 1947 2662 vam
1979 2608 2120 2677 ligna
2157 2617 2388 2676 portare.
2423 2605 2557 2660 illud
2607 2607 2796 2672 miror,
2842 2605 2987 2676 quod
3037 2604 3064 2642 ἀ
3110 2606 3424 2662 Aristarcus

1827 2699 1996 2753 nostri
2051 2698 2309 2766 temporis
2358 2697 2585 2766 puerilia
2617 2697 2718 2750 ista
2750 2697 3030 2752 nescieris.
3080 2698 3419 2768 Quamquam

1825 2799 1882 2846 tu
1911 2798 2208 2859 occupatus
2236 2789 2289 2842 in
2322 2789 2593 2854 sensibus,
2659 2798 2682 2824 ο
2737 2798 2792 2842 et
2831 2788 2896 2842 ad
2943 2789 3257 2842 struendam
3287 2787 3420 2842 mihi

1824 2885 2151 2940 calumniam
2185 2881 2204 2920 τ
2229 2882 2503 2945 cernulus,
2534 2881 3027 2936 Grammaticorum
3057 2890 3112 2936 et
3137 2889 3416 2936 oratorum

1825 2986 2093 3049 prtecepta
2135 2976 2551 3046 contempseris,
2585 2975 2946 3044 parvipendes
2992 2977 3263 3052 ὑπέρϐατα
3295 2986 3418 3044 post

1826 3069 2103 3123 anfractus
2151 3066 2414 3131 reddere,
2461 3068 2810 3136 asperitatem
2863 3066 3070 3120 evitare
3115 3081 3422 3120 consonan-

1827 3163 1979 3228 tium,
2012 3161 2245 3215 hiulcam
2271 3161 2455 3231 fugere
2483 3159 2800 3214 dictionem.
2829 3159 3130 3214 Ridiculum
3159 3169 3242 3215 est
3265 3159 3419 3216 debi-

790 3250 916 3295 tunc
960 3239 1230 3309 intelliges
1261 3241 1421 3294 aliter
1463 3242 1716 3309 componi

1830 3256 1959 3311 litati
2008 3265 2062 3310 et
2113 3253 2268 3308 fracti
2317 3253 2480 3308 totius
2509 3251 2756 3321 corporis
2787 3253 3005 3306 vulnera
3055 3268 3224 3321 pauca
3262 3267 3420 3307 mon-

1825 3359 2020 3404 strare.
2062 3347 2180 3402 Non
2240 3346 2380 3416 eligo
2420 3345 2564 3415 quod
2603 3343 3024 3414 reprehendam,
3083 3345 3248 3413 eligat
3300 3344 3418 3412 ipse

1825 3443 1969 3516 quod
1998 3443 2132 3498 vitio
2161 3450 2363 3497 careat.
2391 3439 2468 3495 Ne
2494 3439 2625 3493 illud
2654 3438 2871 3508 quidem
2894 3437 3228 3493 Socraticum
3257 3450 3421 3490 nosse.

1826 3537 2088 3594 debuerat
2123 3554 2134 3589 :
2168 3535 2294 3592 Scio
2321 3533 2447 3604 quid
2477 3533 2661 3588 nescio
2688 3552 2699 3586 :

1921 3650 2104 3699 Navem
2129 3661 2282 3710 agere
2308 3650 2506 3708 ignarus
2529 3648 2662 3696 navis
2684 3647 2852 3710 timet;
2878 3646 3161 3710 ahrptamim
3186 3655 3321 3702 aegro

1925 3712 2030 3761 Non
2055 3707 2224 3772 audet,
2252 3707 2346 3758 nisi
2363 3711 2446 3772 qui
2469 3710 2655 3769 didicit,
2675 3709 2813 3772 dare.
2841 3707 2978 3772 Quod
3000 3708 3299 3772 medicorum
3320 3713 3418 3770 est,

1926 3768 2221 3838 Promittunt
2247 3768 2420 3838 medici
2443 3768 2688 3838 :_trai_-t.ant
2714 3769 2897 3818 fabrilia
2921 3768 3074 3838 fabri.‘

1927 3837 2194 3888 Scribimus
2215 3833 2424 3894 indocti,
2449 3835 2679 3894 doctique
2706 3839 2927 3894 poemata
2953 3833 3143 3894 passim.

2604 3890 2824 3956 litorea,
2847 3893 2982 3955 epist.
3006 3907 3022 3940 ι
3045 3890 3109 3940 ad
3133 3892 3358 3955 August.)

1828 4084 2018 4138 sonat;
2055 4073 2323 4131 simulque
2365 4069 2647 4123 Erasmnm
2697 4067 2947 4132 castigat,
2990 4063 3219 4138 qui__legi_
3261 4077 3419 4130 posse

1832 4135 2050 4215 putabat
2107 4144 2442 4267 ὁμογέςοντα,
2499 4139 2582 4194 vel
2631 4135 3021 4215 ἀθηνογέρονταζ
3068 4135 3415 4190 Μαι-ιίῑιητειιε

1832 4217 2065 4267 restituit
2089 4216 2262 4267 ἀντίζη
2285 4234 2345 4267 .ον
2371 4227 2402 4265 e
2428 4212 2540 4264 suis
2561 4226 2691 4264 mss.

1827 4212 2065 4272 restituit
2089 4212 2345 4278 antennas
2371 4227 2402 4265 e
2428 4212 2540 4264 suis
2561 4226 2691 4264 mss.

1899 4287 1926 4325 ι)
1969 4285 2075 4341 Sed
2099 4294 2145 4338 et
2177 4277 2587 4350 scripturarum.
2626 4282 2680 4334 In
2709 4280 2959 4351 pluribus
3001 4291 3134 4332 mss.
3163 4277 3415 4351 legimus,

1827 4359 1920 4413 sed
1947 4367 1993 4411 et
2021 4347 2395 4410 structurarum
2425 4353 2573 4406 verba
2606 4347 2794 4404 uitidri.
2828 4352 3182 4405 Maurum—
3209 4347 3263 4400 In
3295 4348 3413 4415 plu.

1827 4431 1978 4484 ribus
2002 4443 2132 4482 mss.
2161 4428 2263 4487 legi
2291 4435 2518 4480 teStatnr
2548 4422 2910 4487 Martianaans,
2935 4422 3024 4474 sed
3051 4428 3097 4472 et
3126 4429 3418 4472 structura-

101 4491 399 4578 illustravit
443 4491 729 4578 Marianas
777 4503 1048 4578 Victorius
1072 4499 1180 4578 ‘20,
1233 4501 1502 4578 ἀντέπαλοςδ
1554 4516 1720 4553 meum
1751 4515 1943 4578 Drurn
1974 4499 2144 4552 verba.
2183 4491 2310 4568 Mihi
2352 4495 2520 4563 magis
2573 4492 2861 4558 arrideret,
2903 4494 2992 4546 sed
3026 4500 3073 4544 et
3114 4491 3417 4545 sententiam

104 4577 298 4631 docebo
327 4593 517 4640 senex,
537 4576 678 4646 quod
701 4591 828 4644 puer
855 4573 1032 4627 didici.
1055 4571 1441 4646 Adversarium
1473 4572 1590 4646 hac
1616 4585 1720 4625 vox

104 4647 417 4716 signiﬁcat,
473 4641 585 4701 hoc
633 4641 750 4711 est,
801 4647 1017 4701 ἐναντίον
1056 4648 1140 4698 καὶ
1177 4643 1423 4716 ἐχθρὸν]
1473 4641 1724 4716 idemque

105 4713 327 4786 prorsus
357 4729 446 4774 est
471 4733 697 4781 sensus,
727 4718 769 4771 si
801 4718 1011 4786 legatur
1033 4713 1341 4786 ἀντὶμάχὸν.
1368 4713 1518 4779 Quod
1543 4721 1722 4786 autem

108 4785 206 4859 legi
226 4791 541 4863 lIOSSilivel
573 4787 999 4863 ὁμογέροντα,νο1
1030 4785 1419 4863 aenidos/(ipensa,
1453 4785 1722 4838 somnium

108 4857 187 4914 est
218 4857 625 4915 Erasmianum
652 4857 822 4913 {nam
855 4867 1214 4928 prmterquam
1242 4857 1401 4928 quod
1427 4871 1591 4910 sensu
1638 4871 1728 4908 ca-

108 4940 188 4984 ret
221 4931 343 4987 htcc
375 4933 575 4995 lectio,
615 4931 754 4999 apud
789 4939 1004 4996 cuncta,
1039 4927 1159 4996 qua:
1193 4942 1291 4981 nos
1322 4927 1554 4999 vidimus
1584 4941 1723 4999 cum

109 4999 398 5071 impressa,
437 5010 562 5056 tum
595 4997 725 5054 mss.
760 5001 1120 5067 exemplaria,
1152 5007 1244 5071 aut
1278 4998 1548 5054 ἀντίπαλον
1581 4997 1728 5051 inve-

113 5069 312 5138 nimus,
345 5082 446 5128 aut
475 5075 796 5143 ἁντίμαχον.
835 5072 1126 5143 Hucusque
1153 5069 1457 5135 Mai-ianus;
1497 5071 1582 5143 cui
1627 5084 1729 5137 ego

114 5145 450 5212 respondeo,
468 5142 686 5197 nullum
707 5142 846 5213 apud
876 5157 974 5197 nes
999 5155 1286 5213 superesse
1304 5142 1729 5213 exemplarma-

115 5210 484 5286 nuscripturit,
520 5214 672 5284 quod
703 5210 930 5269 retineat
962 5213 1045 5266 vel
1071 5210 1360 5281 antipnlon,
1393 5215 1472 5286 vel
1505 5212 1728 5264 antima-

116 5285 273 5352 clion;
303 5285 404 5342 Sed
440 5299 649 5339 omnes
677 5300 806 5338 mss.
841 5293 1056 5338 nostros
1093 5286 1308 5337 codices
1357 5285 1594 5338 retinere
1632 5298 1732 5351 pu-

117 5371 227 5410 rum
262 5363 501 5414 verbum
533 5355 834 5418 antizolon;
861 5355 945 5409 vel
994 5354 1120 5408 illttd
1164 5355 1501 5421 apertissime
1532 5368 1732 5406 renun-

118 5427 245 5484 tiare
275 5431 328 5484 in
365 5426 634 5495 vestigiis
662 5427 972 5481 Grmcorum
1005 5426 1421 5495 elementorum.
1449 5424 1733 5495 ’ᾼντίζηλος

117 5493 619 5569 veroHieronymi,
639 5496 814 5569 idest,
832 5495 1149 5569 wninlus,_et
1171 5494 1433 5569 zelotypus
1460 5493 1558 5569 fuit
1583 5495 1730 5569 Ruti-

118 5583 232 5634 nns,
253 5582 308 5626 ut
331 5565 643 5626 invectiva:
661 5567 775 5636 ejus
790 5576 843 5622 et
864 5567 1149 5622 calumniae.
1167 5565 1400 5636 probare
1413 5567 1578 5619 etiam
1600 5565 1736 5636 stul-

121 5643 183 5694 tis
213 5651 469 5709 possunt.
505 5639 594 5694 Ex
621 5635 798 5692 Levit.
832 5653 984 5699 xvui,
1014 5639 1109 5693 18:
1140 5635 1735 5709 Uxorenrnonaccipiet

121 5705 267 5783 super
306 5727 552 5767 sororem
585 5711 706 5783 ejus
727 5711 1046 5783 ,Aév'rignlou.
1089 5709 1225 5783 Vide
1259 5705 1731 5783 _LXX.__hlanyian.

125 5777 198 5836 ι-λτ
224 5777 826 5841 Victoriusiéorimkoi
856 5783 981 5834 suis.
1006 5781 1058 5832 in
1099 5778 1374 5833 codicibus
1407 5778 1535 5831 dicit
1586 5777 1737 5830 invcs

129 5856 287 5924 uisse,
336 5848 431 5909 aut
484 5848 807 5916 ἆίσιτὶςιιάχθν,
845 5849 986 5918 quod
1031 5859 1315 5918 utrumque
1359 5847 1733 5903 adversarium

1827 4573 2000 4631 verba,
2032 4578 2137 4622 etc.

1905 4653 1926 4679 ε
1969 4638 2135 4694 Vetus
2157 4637 2287 4692 edit.
2317 4653 2416 4690 non
2440 4635 2654 4688 dirersm
2672 4633 3124 4702 interpretationis.

1902 4708 1928 4747 ἀ
1970 4709 2218 4764 Gamium
2268 4715 2389 4773 puta
2423 4705 2844 4759 Grammaticnm
2874 4715 2928 4758 et
2954 4703 3210 4759 Critieum
3239 4707 3417 4773 magni

1830 4781 2065 4837 nominis
2099 4777 2290 4846 :cnjns
2316 4776 2600 4846 limiiﬂmeil
2633 4785 2812 4842 partes
2832 4775 3031 4830 Ruﬁno
3077 4778 3253 4831 minus
3274 4785 3422 4831 certe

1830 4851 2161 4910 conveniunt
2182 4845 2339 4914 quam
2371 4845 2704 4914 Hieronymo
2737 4847 2971 4914 ipsimet.

1907 4933 1928 4960 ο
1955 4921 2022 4975 Et
2048 4918 2114 4973 ad
2131 4912 2448 4972 struendam.
2471 4912 2620 4967 Unus
2639 4912 2806 4969 endex
2834 4929 2988 4972 vetus
3006 4933 3127 4970 cum
3145 4915 3330 4977 editis,
3354 4917 3422 4969 ad

1832 4992 2132 5050 struendam
2155 4987 2282 5041 mihi
2312 4985 2626 5038 calumniam
2661 5002 2902 5041 cernuus.
2946 4987 3193 5044 Cernnus
3240 4993 3418 5041 autem

1832 5066 1922 5120 vel
1953 5061 2210 5119 cernulus
2249 5057 2610 5128 calumniator
2657 5059 2994 5128 intelligitur,
3028 5068 3083 5114 et
3130 5073 3422 5114 conversus

1833 5137 1899 5191 ad
1924 5131 2247 5190 calumniam
2281 5125 2617 5182 struendam.
2653 5125 2921 5187 Mam-11s,

1914 5206 1931 5243 ί
1976 5207 2066 5259 Sic
2087 5200 2454 5256 Martianmus.
2487 5199 2590 5253 Alii
2615 5203 2763 5265 editi,
2798 5206 2994 5271 quibus
3020 5218 3148 5258 mss.
3180 5203 3423 5258 nonnulli

1835 5278 2480 5344 suﬂ‘ragantur,cernuus.
2508 5271 2643 5326 Vide
2671 5290 2795 5328 num
2823 5273 3074 5329 Cervulus
3101 5275 3204 5344 legi
3233 5274 3421 5336 possit,

1837 5361 1888 5403 et
1913 5347 2110 5402 animal
2134 5342 2417 5415 ὀξυδερκὸν,
2443 5344 2557 5397 sive
2583 5346 2880 5399 acutissimi
2902 5348 3046 5400 visus
3069 5342 3241 5410 notet,
3268 5345 3423 5412 eique

1836 5421 2090 5476 Rnlinum
2123 5415 2411 5478 assimilet,
2449 5415 2590 5483 quod
2632 5417 2697 5469 ad
2741 5417 3052 5471 struendam
3095 5417 3423 5470 calumniam

1837 5504 1996 5546 acute
2036 5487 2262 5543 videret.
2301 5486 2565 5540 Pacianus
2601 5486 3016 5541 Bareinonensis
3044 5486 3329 5554 quemdam
3363 5487 3428 5540 li-

1838 5564 1996 5618 brum
2027 5576 2180 5616 suum
2229 5558 2574 5628 inscripsisse
2599 5557 2818 5623 dicitur,
2853 5557 3028 5622 Ceras,
3069 5557 3153 5611 vel
3181 5555 3425 5628 Cerulus,

1839 5635 1980 5704 quod
2016 5646 2210 5687 nomen
2243 5631 2386 5685 idem
2415 5629 3280 5704 accalumniatorsonarevisum
3305 5643 3424 5702 est;

1839 5701 1895 5762 et
1923 5704 2169 5759 Ceratum
2201 5705 2390 5773 facere,
2414 5701 2756 5756 calumniari.
2792 5701 2924 5758 Vide
2950 5717 3071 5772 quae
3095 5702 3147 5758 in
3177 5717 3303 5762 eum
3329 5701 3431 5765 Ca?

1841 5775 2006 5845 talogi
2036 5778 2212 5832 locum
2233 5781 2576 5828 annotamus.
