4036 6326
627 308 726 366 Ui

1886 305 1945 364 S.
1991 302 2256 365 EUSEBII
2299 303 2678 364 lllERONYMl

3797 313 3892 372 412

626 416 739 472 Nisi
771 415 910 470 forte
942 429 1000 470 sc
1029 414 1239 474 litteras
1269 431 1376 476 non
1412 414 1668 474 didicisse
1692 415 1928 488 jurabit;
1963 432 2098 488 quos
2127 432 2226 474 nos
2255 421 2302 484 Α
2332 417 2495 486 ρειαςῑ
2529 434 2636 474 non
2668 416 2692 454 ά
2722 418 3048 478 cirratorum
3081 421 3235 478 turba
3266 421 3604 480 Milesiarum
3636 424 3688 479 in
3717 426 3894 486 scholis

622 503 696 559 illi
727 513 782 558 et
813 504 1351 574 absquejnramento
1380 504 1638 576 perfacile
1664 507 1940 565 credimus
1974 523 1987 560 :
2031 507 2114 564 vel
2151 507 2217 566 ad

622 595 942 667 Apostolum
996 597 1274 668 confugiet
1324 598 1667 667 profitentem
1716 599 1830 658 :Et
1869 601 1913 656 si
1955 602 2219 672 imperitus

622 707 878 754 sermone,
925 709 1026 747 non
1071 703 1239 756 tamen
1282 695 1496 750 scientia
1529 693 1572 769 (ι
1601 693 1719 750 Cor.
1766 711 1843 763 x1,
1876 693 1952 766 6).
1988 695 2083 754 llle
2123 697 2222 753 He-

625 784 785 840 bracis
816 785 1014 843 litteris
1038 785 1305 852 eruditus,
1340 799 1394 844 et
1426 789 1490 844 ad
1530 789 1702 858 pedes
1731 790 1920 848 doctus
1946 791 2221 849 Gamalie-

624 875 714 944 lis,
747 893 904 947 quem
935 893 1042 934 non
1070 879 1364 946 erubescit,
1405 880 1516 952 jam
1544 882 1876 951 Apostolicae
1912 883 2219 956 dignitatis,

625 969 945 1040 magistrum
975 970 1178 1038 dicere,
1203 971 1449 1029 Graecam
1479 972 1784 1032 facundiam
1811 977 2217 1049 contemnebat,

626 1061 712 1116 vel
756 1071 923 1129 certe,
972 1062 1117 1133 quod
1148 1072 1267 1119 erat
1299 1064 1649 1134 humilitatis,
1698 1067 2074 1126 dissimulabat
2119 1080 2221 1126 :ut

623 1152 938 1225 praedicatio
965 1155 1103 1225 ejus,
1130 1170 1234 1210 non
1257 1155 1311 1211 in
1340 1157 1694 1225 persuasione
1720 1157 1881 1232 4.73
1903 1161 2216 1231 verborum,

624 1244 722 1300 sed
767 1247 817 1299 in
856 1247 1136 1317 signorum
1165 1248 1363 1305 virtute
1401 1250 1725 1307 consisteret
1759 1268 2059 1322 :spernens
2087 1256 2222 1312 alie-

628 1351 727 1392 nas
758 1353 911 1407 opes,
935 1340 1028 1410 qui
1051 1341 1106 1395 in
1143 1340 1256 1396 suis
1293 1341 1444 1398 dives
1476 1354 1635 1400 erat:
1667 1361 1993 1418 quamquam
2021 1349 2087 1405 ad
2117 1350 2219 1408 im-

626 1431 887 1500 peritum,
936 1442 988 1488 et
1031 1447 1129 1507 per
1169 1432 1408 1504 singulas
1438 1437 1608 1492 instar
1641 1441 1713 1492 tui
1753 1443 2054 1497 sententias
2098 1459 2219 1500 ροισι-

623 1531 895 1590 ruentem,
953 1541 1244 1596 numquam
1297 1543 1393 1600 pro
1445 1531 1697 1586 tribunali
1742 1531 1932 1588 Festus
1963 1535 2214 1595 diceret:

625 1615 858 1684 Insanis,
889 1617 1056 1676 Paule
1075 1635 1094 1674 :
1124 1621 1318 1678 insanis
1349 1639 1367 1676 .'
1393 1625 1566 1678 multa:
1592 1635 1639 1678 te
1657 1625 1840 1680 littera:
1869 1629 1938 1680 ad
1960 1628 2217 1686 insaniam

625 1721 921 1766 convertunt
959 1713 1094 1786 (Act.
1130 1731 1278 1779 xxvr,
1308 1715 1422 1787 2i).
1458 1701 1536 1772 Tu
1569 1719 1658 1789 qui
1689 1719 1740 1777 in
1771 1720 1974 1777 Latinis
2018 1725 2216 1782 mussi-

2325 511 2578 581 ﬁgmenta
2611 510 2870 569 decantet
2896 531 2908 568 :
2941 523 2994 567 et
3026 521 3408 571 testamentum
3440 516 3566 569 Suis
3591 556 3606 582 ,
3635 515 3891 576 Bessorum

2321 605 2589 662 cachinno
2620 606 2864 662 membra
2895 609 3202 674 concutiat,
3237 618 3399 677 atque
3430 609 3579 665 inter
3609 625 3893 670 scurrarum

2322 699 2512 768 epulas
2534 740 2548 764 ,
2581 715 2738 770 nugae
2769 699 3078 756 istiusmodi
3110 699 3552 768 frcquententnr.
3588 703 3829 770 Quotidie
3850 706 3894 764 in

2323 790 2515 860 plateis
2546 792 2702 844 fictus
2731 790 2974 848 hariolus
3003 791 3294 848 stultorum
3327 803 3349 828 ιδ
3379 802 3536 848 nates
3568 793 3828 860 verberat,
3853 809 3896 856 et

2323 881 2540 936 obtorto
2566 880 2734 954 474
2756 884 3048 960 scorpione
3077 883 3273 939 dentes
3305 884 3678 940 mordentium
3706 890 3896 956 quatit:

2323 984 2375 1028 et
2402 974 2665 1030 miramur
2689 975 2732 1028 si
2762 976 3144 1044 imperitorum
3176 977 3298 1032 libri
3327 977 3593 1032 lectorem
3624 979 3896 1036 inveniant?

2397 1068 2482 1122 18.
2513 1066 2868 1137 Indignamur
2894 1083 3061 1138 quare
3082 1068 3420 1138 Origenistas
3447 1069 3757 1138 scripserim
3783 1072 3899 1127 inter

2321 1172 2382 1216 se
2412 1159 2578 1229 orgiis
2610 1158 3017 1216 mendaciorum
3052 1159 3337 1217 fmderari.
3371 1161 3661 1216 Nominavi
3691 1161 3898 1230 librum,

2321 1251 2374 1304 in
2402 1267 2510 1322 quo
2534 1252 2636 1307 hoc
2659 1253 2922 1322 scriptum
2946 1254 3202 1324 legerim;
3230 1253 3280 1309 id
3305 1263 3408 1321 est,
3433 1265 3652 1309 sextum
3677 1254 3897 1312 Stroma-

2323 1353 2445 1400 teon
2473 1344 2758 1416 Origenis,
2793 1346 2844 1400 in
2876 1360 2984 1416 quo
3027 1346 3270 1402 Platonis
3299 1347 3626 1414 sententiae,
3680 1359 3900 1406 nosmun

2320 1437 2513 1511 dogma
2543 1453 2900 1509 componens,
2926 1443 2999 1493 ita
3040 1440 3318 1511 loquitur:
3354 1441 3510 1496 Plato
3565 1440 3622 1495 in
3670 1442 3825 1496 tertio
3846 1442 3902 1497 de

2321 1531 2616 1603 Republica
2645 1532 2820 1588 libro:
2860 1552 2878 1588 ι
2911 1533 3124 1590 Veritas
3154 1548 3370 1604 quoque
3403 1533 3667 1590 sectanda
3700 1550 3898 1605 Inagno-

2322 1640 2452 1695 pere
2484 1635 2585 1681 est.
2621 1625 2677 1682 Si
2707 1628 2853 1684 enim
2879 1669 2894 1695 ,
2929 1638 2988 1682 ut
3022 1627 3183 1698 paulo
3212 1637 3340 1683 ante
3369 1628 3682 1684 rectissime
3708 1627 3904 1684 diceba-

2322 1734 2475 1785 mus,
2511 1721 2620 1776 Deo
2647 1721 2909 1778 indecens
2949 1731 3004 1778 et
3057 1722 3249 1778 inutile
3290 1722 3638 1777 mendacium
3680 1733 3792 1789 est,
3823 1723 3903 1780 hoc

623 1810 729 1870 tas,
757 1813 814 1858 et
846 1805 1154 1862 teStudineo
1181 1807 1353 1878 gradu
1389 1811 1622 1866 moveris
1650 1811 1850 1882 potius,
1879 1830 2039 1883 quam
2069 1816 2217 1872 iuce-
2249 1813 2296 1874 B
2326 1811 2562 1870 minibus
2593 1814 2922 1884 quandoque
2953 1815 3086 1874 utile
3118 1815 3138 1886 (
3164 1823 3224 1870 ut
3255 1822 3481 1869 utantur
3511 1830 3581 1871 eo
3613 1816 3764 1886 quasi
3791 1829 3903 1870 con-

615 1891 746 1947 dis:
796 1896 884 1949 vel
913 1896 1104 1954 Graece
1153 1899 1321 1956 debes
1373 1901 1635 1970 scribere,
1685 1912 1744 1960 ut
1790 1905 1933 1974 apud
1967 1906 2220 1966 homines

621 1987 794 2043 Gnaei
822 1991 1098 2048 sermunis
1117 1994 1356 2064 ignaros,
1382 1996 1554 2052 aliena
1581 1998 1725 2056 scire
1753 1999 1990 2056 videaris
2018 2019 2030 2054 :
2060 2003 2144 2058 vel
2171 2005 2218 2062 si

621 2079 814 2139 Latina
839 2087 1153 2153 tentaveris,
1178 2099 1304 2143 ante
1332 2089 1518 2147 audire
1538 2090 1987 2157 Grammaticum,
2022 2095 2219 2154 ferulas

623 2187 844 2231 manum
897 2177 1252 2246 subtrahere,
1282 2189 1339 2236 et
1385 2191 1410 2224 τι
1453 2183 1598 2240 inter
1630 2186 1885 2254 parvulos
1919 2190 2219 2267 ἁθηνογέρον

625 2277 793 2322 artem
819 2267 1072 2337 loquendi
1103 2271 1337 2329 discere.
1369 2274 1629 2342 Quamvis
1658 2276 1872 2335 Cra-sps
1893 2281 2017 2351 quis
2047 2281 2220 2350 spiret

624 2368 679 2416 et
705 2361 908 2431 Darios,
947 2365 1141 2424 litterae
1178 2371 1508 2440 marsupium
1551 2389 1659 2426 non
1688 2385 2010 2444 sequuntur.
2045 2376 2219 2432 Sudo-

623 2452 700 2508 ris
727 2456 953 2512 comites
981 2468 1110 2515 sunt
1134 2470 1190 2516 et
1229 2461 1431 2518 laboris
1472 2481 1484 2518 :
1531 2466 1694 2522 socia:
1719 2465 2070 2536 jejuniorutn,
2107 2487 2218 2526 non

621 2548 923 2607 saturitatis
951 2567 964 2606 :
995 2552 1367 2621 continentiaz,
1399 2571 1505 2611 non
1541 2557 1788 2614 luxuriae.
1824 2560 2220 2619 Demosthenes

625 2638 749 2708 plus
777 2642 884 2698 olei
935 2657 1095 2713 quam
1143 2645 1254 2701 vini
1302 2647 1626 2718 expendisse
1674 2649 1894 2714 dicitur.
1945 2663 2001 2710 et
2026 2669 2220 2710 omnes

626 2733 852 2799 Opifices
879 2739 1159 2791 nocturnis
1187 2753 1405 2808 semper
1435 2741 1632 2810 vigiliis
1671 2746 2034 2812 praevenisse.
2062 2746 2219 2816 Quod

624 2821 714 2877 ille
742 2823 793 2876 in
828 2839 932 2878 una
961 2826 1140 2882 littera
1187 2827 1314 2884 fecit
1353 2830 1731 2900 exprimenda,
1784 2845 1893 2890 uta
1940 2852 2077 2894 cane
2124 2839 2220 2895 rho

628 2910 884 2981 disceret,
928 2923 982 2969 tu
1029 2917 1082 2972 in
1115 2933 1201 2974 me
1230 2920 1561 2990 criminaris,
1596 2941 1762 2996 quare
1810 2926 1973 2986 homo
2015 2929 2085 2987 ab
2123 2931 2220 2988 lio-

627 3004 772 3060 mine
790 3006 1048 3064 llebrmas
1069 3011 1276 3068 litteras
1289 3012 1592 3072 didicerim.
1609 3017 1736 3074 Inde
1749 3021 1986 3090 estquod
2001 3022 2218 3093 quidam

624 3096 936 3156 binerudite
973 3107 1246 3175 sapientes
1270 3121 1580 3176 remanent,
1613 3111 1741 3170 dum
1780 3114 1968 3171 nolunt
2007 3116 2218 3178 discere

2322 1906 2563 1962 dimento
2590 1915 2754 1976 atque
2783 1905 3205 1979 medicamine);
3232 1907 3368 1962 nulli
3397 1907 3628 1963 dubium
3657 1917 3760 1973 est,
3791 1909 3904 1978 quin

2323 1999 2629 2069 huiusmodi
2664 1999 2882 2053 licentia
2915 1998 3145 2055 medicis
3171 1999 3351 2056 danda
3382 1999 3488 2068 sit,
3522 2010 3582 2054 et
3611 2001 3680 2056 ab
3711 2001 3894 2070 impru-

2320 2093 2573 2148 dentibus
2625 2093 2974 2148 removenda.
3033 2093 3206 2159 Vera,
3258 2093 3468 2164 inquit,
3509 2095 3752 2150 asseris:
3793 2107 3903 2162 ergo

2323 2189 2596 2258 principes
2627 2187 2840 2243 urbium
2863 2228 2878 2256 ,
2913 2188 2960 2244 si
2986 2188 3181 2258 quibus
3209 2197 3266 2249 et
3292 2189 3413 2246 aliis
3446 2188 3550 2246 hoc
3584 2191 3899 2254 conceditur,

2321 2289 2540 2351 oportet
2571 2281 2866 2351 aliquando
2924 2281 3169 2347 mentiri,
3203 2281 3286 2340 vel
3335 2292 3530 2338 contra
3567 2283 3793 2348 hostes,
3834 2281 3905 2336 vel

2321 2390 2420 2445 pro
2449 2375 2623 2444 patria
2655 2383 2706 2430 el
2735 2374 2964 2429 civibus.
2992 2373 3073 2428 Ab
3101 2372 3227 2430 aliis
3255 2387 3385 2429 vero
3406 2373 3498 2443 qui
3523 2373 3605 2427 uti
3637 2371 3904 2428 mendacio

2321 2470 2568 2525 nesciunt
2588 2511 2604 2536 ,
2635 2468 3002 2525 auferendum
3034 2477 3118 2524 est
3145 2483 3312 2523 omne
3345 2468 3714 2526 mendacium.
3746 2487 3765 2519 ι
3798 2466 3903 2522 Ori-

2320 2578 2488 2632 genes
2523 2580 2536 2616 :
2575 2581 2593 2616 ‹
2624 2561 2696 2618 Et
2742 2577 2840 2616 nos
2885 2562 3049 2632 igitur
3097 2561 3243 2618 illius
3295 2561 3555 2630 praecepti
3613 2573 3902 2616 memores:

2324 2655 2616 2725 Loquimini
2660 2655 2926 2707 veritatem
2977 2654 3325 2724 unusquisque
3372 2669 3486 2708 cum
3539 2653 3776 2724 proximo
3825 2667 3905 2706 suo

2323 2749 2542 2820 (Eplies.
2577 2764 2652 2816 tv,
2681 2749 2775 2820 ‘25)
2796 2791 2811 2814 ,
2847 2763 2952 2806 non
2983 2748 3246 2804 debemus
3277 2747 3495 2814 dicere,
3529 2748 3661 2816 quis
3687 2757 3768 2802 est
3797 2759 3906 2815 pro-

2322 2843 2500 2898 ximus
2527 2843 2724 2898 meus?
2757 2841 2852 2898 sed
2880 2840 3232 2898 considerare
3258 2838 3534 2910 quomodo
3566 2837 3904 2910 philosoithus

2322 2943 2479 2990 caute
2508 2933 2745 2990 dixerit:
2779 2934 2893 2990 Deo
2924 2931 3187 2990 indecens
3213 2942 3269 2988 et
3301 2932 3496 2986 inutile
3537 2947 3666 2988 esse
3705 2929 3904 2986 menda-

2322 3030 2495 3095 cium,
2551 3027 2865 3083 hominibus
2905 3026 3176 3084 interdum
3223 3025 3384 3090 utile;
3431 3035 3488 3080 ct
3526 3026 3676 3095 quod
3717 3041 3782 3079 ne
3821 3037 3904 3093 pro

2323 3119 2736 3189 dispensatione
2767 3118 2984 3188 quidem
3018 3117 3290 3188 putandus
3330 3117 3402 3173 sit
3444 3118 3589 3172 Deus
3631 3113 3903 3186 aliquando

622 3194 764 3265 quod
785 3195 1051 3265 ignorant.
1080 3199 1191 3256 Nec
1212 3201 2218 3268 Horatiumaudiuntcommonentem:
2247 3196 2290 3257 Ο
2325 3211 2568 3266 mentiri.
2602 3212 2695 3266 Sin
2729 3219 2909 3266 autem
2939 3209 3288 3266 commodum
3321 3207 3598 3264 audientis
3624 3208 3900 3277 ,exegerit,

719 3301 742 3330 α
772 3299 865 3351 Cur
884 3304 1075 3354 nescire
1099 3305 1288 3368 pudens
1311 3321 1457 3371 prave
1478 3343 1494 3369 ,
1517 3322 1661 3372 quam
1683 3312 1875 3363 discere
1896 3313 2064 3368 malo?

619 3403 884 3476 Loquitur
905 3417 960 3462 et
990 3409 1270 3478 Sapientia
1291 3453 1304 3475 ,
1334 3427 1495 3482 quam
1528 3415 1628 3469 sub
1661 3417 1878 3473 nomine
1908 3418 2219 3476 Salomonis

620 3496 893 3568 legimus:
941 3499 1009 3554 In
1058 3504 1358 3558 ntalerolam
1403 3506 1635 3560 animam
1679 3525 1957 3580 numquam
2001 3513 2215 3568 intrabit

617 3593 874 3662 sapientia
903 3634 918 3656 ,
959 3611 1050 3648 nec
1088 3594 1334 3652 habitabit
1377 3599 1429 3652 in
1469 3617 1685 3669 corpore
1723 3603 1925 3658 subdito
1965 3607 2206 3674 peccatis.

621 3684 855 3753 Spiritus
912 3687 1048 3739 enim
1098 3698 1308 3743 sanctus
1345 3691 1656 3746 eruditionis
1695 3696 1860 3767 fugiet
1909 3695 2123 3765 dolum,
2164 3709 2212 3753 et

620 3775 821 3829 recedet
849 3795 880 3830 α
909 3778 1307 3850 cogitationibus
1337 3781 1507 3836 stultis
1539 3783 1698 3854 (Sap.
1733 3800 1782 3852 ι,
1816 3787 1884 3853 4,
1917 3786 1998 3858 5).
2050 3787 2210 3844 Aliud

620 3875 701 3918 est
725 3905 740 3932 ,
769 3868 814 3922 si
842 3869 986 3940 vulgi
1017 3871 1251 3927 lectione
1275 3876 1553 3942 contenti,
1584 3875 1871 3932 doctorum
1915 3895 2078 3935 aures
2116 3881 2212 3937 de-

618 3958 888 4028 spiciunt;
921 3972 978 4018 et
1014 3973 1372 4021 conlenmunl
1411 3967 1545 4022 illud
1576 3970 1835 4041 elogium,
1865 3987 1973 4043 quo
2012 3990 2208 4044 procax

615 4052 887 4124 imperitia
919 4055 1213 4113 denotatur
1241 4079 1253 4115 :

714 4205 757 4240 λέ
915 4171 1054 4240 ._No_n
1079 4180 1130 4222 tu
1155 4176 1204 4222 in
1226 4177 1398 4240 triviis.
1424 4177 1636 4240 indocte,
1662 4179 1876 4239 solebas,

704 4231 944 4287 Stridenti
968 4236 1201 4288 miserum
1222 4231 1398 4302 stipula
1421 4231 1709 4304 disperdere
1736 4231 1969 4298 carmen?

2320 3307 2499 3362 verbis
2533 3307 2771 3376 loquitur
2799 3304 3068 3376 ambiguis
3092 3311 3149 3359 et
3177 3319 3274 3372 per
3298 3303 3591 3372 aenigmata
3624 3316 3746 3372 quae
3769 3298 3898 3362 vult,

2319 3398 2562 3469 profert:
2599 3407 2656 3453 ut
2687 3407 2742 3454 et
2782 3397 3034 3453 veritatis
3077 3395 3218 3466 apud
3260 3410 3384 3450 eum
3427 3394 3669 3465 dignitas
3695 3406 3897 3449 conser-

2315 3501 2510 3547 vetur:
2561 3501 2617 3547 et
2660 3491 2802 3560 quod
2852 3489 3075 3545 noxium
3137 3504 3264 3544 esse
3303 3496 3557 3558 poterat,
3623 3487 3668 3542 si
3712 3483 3897 3542 nudum

2318 3584 2658 3654 proferretur
2684 3585 2737 3639 in
2766 3584 2976 3652 vulgus,
3007 3583 3242 3652 quodam
3272 3591 3472 3638 tectum
3501 3581 3766 3636 velamine
3791 3590 3898 3646 pro-

2317 3678 2542 3734 feratur.
2582 3675 2599 3715 ί
2637 3677 2809 3732 Homo
2867 3686 3090 3742 autem,
3147 3675 3232 3730 cui
3293 3673 3556 3728 incumbit
3617 3668 3901 3727 necessitas

2319 3769 2619 3825 mentiendi
2645 3811 2661 3833 ,
2691 3768 2980 3838 diligenter
3008 3767 3287 3832 attendat,
3325 3775 3380 3820 ut
3408 3767 3490 3821 sic
3521 3774 3708 3822 utatur
3745 3764 3899 3818 inter-

2317 3865 2444 3919 dum
2489 3863 2809 3927 mendacio,
2855 3861 3130 3931 quomodo
3156 3859 3508 3915 condimento
3538 3869 3702 3929 atque
3739 3853 3895 3913 medi-

2315 3957 2561 4020 camine;
2597 3963 2654 4009 ut
2683 3964 2869 4009 servet
2901 3968 3208 4008 mensuram
3242 3953 3362 4020 ejus
3385 3994 3398 4016 ,
3430 3967 3499 4005 ne
3539 3950 3768 4005 excedat
3804 3958 3898 4000 ter-

2318 4049 2533 4113 minos,
2564 4046 2760 4116 quibus
2791 4061 2884 4100 usa
2925 4053 3012 4100 est
3053 4044 3242 4100 Juditb
3284 4055 3474 4100 contra
3520 4043 3891 4103 Holofernem,

2314 4151 2370 4198 et
2398 4141 2527 4194 vicit
2553 4155 2676 4195 cum
2709 4138 2958 4209 prudenti
2989 4137 3341 4193 simulatione
3368 4138 3682 4192 verborum.
3728 4135 3899 4190 Imite-

2310 4243 2401 4292 tur
2432 4232 2651 4300 Esther,
2685 4247 2805 4303 quaz
2835 4231 3152 4288 Artaxerxis
3192 4230 3559 4295 sententiam,
3603 4229 3694 4285 diu
3738 4224 3896 4280 tacita

685 4507 730 4584 εξ,
754 4499 1004 4584 Parvulos
1027 4506 1362 4584 _&9nv07épwv.
1393 4506 1738 4584 'AQnao'ye'pcev,
1772 4513 1855 4561 est
1879 4505 2202 4584 senemsene-

2317 4505 2709 4584 —_—Comatulos
2737 4479 2938 4576 pueros
2979 4501 3252 4574 signiﬁcat
3291 4502 3443 4573 juxta
3469 4500 3602 4558 illud
3644 4497 3892 4572 vulgatis-

609 4569 846 4647 lasticus,
886 4575 1076 4647 quiin
1119 4569 1396 4632 senectute
1451 4569 1646 4633 litteris
1703 4569 1902 4632 navare
1951 4577 2196 4647 incipiat.

610 4638 926 4720 Colnposita
965 4645 1128 4720 dietin
1172 4663 1238 4703 ex
1284 4647 1489 4713 nam,
1551 4648 1802 4720 Minerua,
1845 4663 1964 4720 qua:
2009 4638 2202 4706 studiis

613 4726 849 4795 prmesse
874 4713 1263 4795 t_l'i_ccbatur.__et
1291 4723 1475 4795 γέρων,
1516 4736 1691 4795 senex.
1717 4713 1982 4795 lli/tartari.
2015 4723 2201 4777 —Sub

613 4783 825 4839 initium
881 4785 1004 4863 libri
1062 4783 1494 4863 tertii,rne'qnev,
1544 4791 1746 4863 inquit,
1800 4791 2202 4863 atltenogeronta

607 4871 776 4910 meum
813 4859 1011 4931 scutica
1043 4871 1086 4913 et
1129 4862 1299 4931 plagis
1333 4859 1532 4916 litteras
1561 4859 1746 4919 docere
1772 4859 2046 4918 contendo.
2095 4863 2203 4919 No-

611 4943 831 5001 ttten_ex
862 4928 1054 4984 Gnaeo
1086 4928 1407 5001 discipulum
1442 4948 1624 4989 senem
1654 4941 1827 4990 notat.

681 4995 708 5033 ι’
739 4997 904 5053 Vetus
935 5001 1064 5053 edit.
1095 4995 1306 5072 quidam
1336 5005 1575 5059 ineruditi
1604 5007 1886 5076 prudenter
1915 5015 2200 5076 remanent,

613 5075 718 5119 οῖς.

690 5149 711 5174 ο
754 5137 857 5209 C_ur
884 5141 1078 5194 nescire
1111 5143 1326 5209 pudens.
1362 5143 1628 5204 Marianos
1654 5166 1774 5205 cum
1820 5166 1950 5207 mss.
2003 5147 2203 5207 codici-

615 5207 876 5286 bus,_Cur
907 5207 1357 5286 nescire—prudens
1391 5233 1563 5284 prave,
1611 5230 1717 5275 etc.
1763 5221 2046 5286 Erasmus,
2099 5223 2205 5276 Cur

613 5281 809 5356 nescire
838 5281 1084 5351 prudens,
1119 5295 1227 5339 etc.
1255 5281 1409 5356 Apud
1441 5281 1713 5346 Horatium
1737 5292 1806 5348 de
1829 5294 1961 5350 Arte
1988 5281 2203 5349 Poetica

613 5353 676 5404 ad
711 5352 938 5409 Pisones
965 5371 978 5408 :

736 5444 831 5514 Cur
855 5447 1038 5514 cgo,_si
1065 5459 1281 5514 nequeo,
1307 5451 1604 5514 ignoroque,
1632 5451 1785 5502 Poeta
1810 5454 2028 5514 salutor?

734 5508 830 5559 Cur
855 5508 1053 5560 nescire
1081 5508 1269 5572 pudens
1293 5508 1462 5574 prave,
1489 5508 1633 5576 quam
1657 5515 1853 5632 discam.
1877 5513 2036 5565 malo?

1754 5619 1768 5632 .
1808 5593 2024 5632 Alt’l‘lAN.

1754 5593 2024 5633 MAll'l'lAN.

683 5658 708 5698 ⁸³
753 5663 929 5738 Quasi
943 5682 1044 5718 non
1072 5667 1378 5721 cirratorum
1415 5667 1587 5721 turba.
1639 5669 1717 5725 De
1761 5672 1974 5727 cirratis
2027 5672 2208 5738 pueris

619 5740 774 5798 supra
808 5736 859 5789 in
889 5734 1147 5804 Epistolis
1176 5739 1429 5793 diximus.
1458 5739 1677 5798 Persius
1703 5744 1771 5800 de
1799 5743 1990 5801 iisdem
2014 5734 2130 5800 Sat.
2157 5761 2202 5801 t:

736 5821 777 5876 Ν
784 5838 842 5878 ec
864 5827 1091 5881 matutini
1109 5830 1286 5885 cirrata
1307 5837 1502 5887 caterva
1525 5837 1762 5902 magistri.
1811 5909 1820 5914 ‘
1873 5837 2109 5894 Mam-tut.

2161 5897 2205 5908 ρ.-

2305 4581 2526 4634 simum.

2398 4717 2520 4768 Ten’
2543 4718 2828 4765 cirratorum
2853 4717 3051 4775 centum
3073 4713 3253 4763 dictata
3277 4711 3447 4775 fuisse,

2399 4781 2496 4830 Pro
2518 4777 2668 4828 nihilo
2693 4773 2911 4841 pendas?

2305 4908 2512 4962 Vitinse
2539 4916 2718 4982 autem
2752 4904 3031 4982 hucusque
3059 4901 3294 4982 obtinuit
3323 4901 3648 4982 Milesiorum
3672 4914 3768 4969 pro
3790 4893 3888 4982 lli-

2307 4979 2580 5035 lesiarnm.
2615 4977 2818 5047 Nempe
2847 4965 3091 5030 Milesias
3119 4975 3305 5028 dixere
3329 4971 3554 5047 antiqui,
3590 4965 3789 5041 genere
3813 4965 3886 5047 [ετ

2305 5050 2533 5112 minino.
2569 5064 2673 5103 non
2710 5044 2940 5123 neutro;
2973 5044 3808 5123 sicqueappetlabantipocmata
3835 5045 3887 5123 et

2307 5121 2520 5174 fabulas
2551 5119 2917 5177 lascivientes,
2947 5120 3062 5171 sive
3101 5118 3274 5170 aniles
3307 5117 3471 5169 etiam
3506 5124 3559 5168 et
3592 5114 3882 5171 vanidicus,

2307 5199 2363 5247 et
2384 5193 2700 5256 amatorias,
2725 5199 2835 5246 etc.
2867 5188 3003 5244 Vide
3030 5186 3382 5242 Plutarchum
3410 5185 3461 5240 in
3485 5183 3680 5256 Crasso
3703 5182 3768 5236 de
3787 5179 3882 5234 Su-

2309 5279 2460 5328 rcna,
2494 5253 2787 5342 Luciattttm
2823 5262 2872 5342 in
2907 5260 3142 5342 Piulogtt
3169 5260 3530 5342 {poirscz‘ettn

2308 5323 2552 5390 mentum
2581 5334 2702 5388 vide
2731 5332 2871 5402 apud
2906 5323 3240 5407 Brissﬁninin
3269 5329 3336 5381 de
3364 5326 3632 5407 Ftirmulis
3674 5323 3764 5379 lib.
3794 5334 3882 5407 vlt.

2384 5415 2406 5444 ο
2448 5397 2790 5460 Mnrtiameus
2836 5419 3004 5456 nares.
3057 5400 3195 5455 Vide
3252 5414 3372 5468 quae
3431 5397 3671 5454 diximus
3726 5404 3881 5460 supra

2309 5476 2408 5530 lib.
2441 5491 2476 5531 ll
2508 5478 2558 5530 in
2586 5476 2766 5531 Jovin.
2799 5492 2852 5529 n.
2879 5473 2969 5536 '56,
3004 5482 3118 5526 not.

2387 5547 2403 5586 ί
2447 5547 2645 5603 Confer
2675 5562 2798 5601 cum
2832 5545 2915 5597 his
2944 5534 3065 5612 quae
3094 5541 3258 5597 habet
3286 5541 3338 5595 in
3369 5540 3655 5610 epistolam
3686 5534 3880 5612 ad_Ga-

2309 5619 2445 5672 latas
2476 5619 2569 5671 lib.
2601 5635 2637 5684 r,
2671 5617 2858 5692 eam?
2887 5633 2899 5669 :
2931 5607 3122 5692 Utilem
3157 5607 3563 5692 simulationem,
3611 5619 3715 5692 etc;
3761 5607 3880 5692 [tein

2309 5704 2430 5762 cum
2461 5678 2753 5762 Cletiiente'
2785 5684 3159 5762 Alexandrino
3195 5684 3288 5738 lib.
3335 5699 3430 5762 vnn,
3461 5680 3736 5762 pAag'.‘750.
3761 5678 3881 5762 Cas-

2308 5760 2496 5815 sianus
2516 5775 2633 5824 cap.
2662 5761 2725 5814 Π
2753 5777 2767 5815 :
2798 5756 2949 5823 Quod
2976 5751 3239 5811 venialiter
3267 5753 3534 5811 mendacio
3557 5752 3736 5808 Sancti
3762 5760 3881 5805 tam-

2308 5847 2463 5903 quam
2492 5828 2712 5889 elleboro
2740 5831 2821 5887 usi
2857 5837 2999 5884 sunt.
