4036 6302
126 239 223 298 415

1109 234 1455 295 APOLOCIA
1490 236 1856 297 ADVERSUS
1896 238 2143 297 LIBROS
2186 239 2438 298 RUFINI.

3306 244 3418 305 ιιι

122 358 287 428 gentis
304 371 391 413 ver
418 352 956 410 itatecorrexit.Etiu
977 351 1723 429 priruisPatriarcham575
1752 357 1798 417 Δ
1828 368 1984 417 cere,
2014 363 2069 410 et
2098 356 2452 412 rationabiles
2481 366 2762 413 creaturas
2794 360 2915 415 aliis
2945 370 3107 435 atque
3146 362 3265 417 aliis
3296 380 3418 419 ves-

132 448 317 519 lacob,
328 462 493 520 quem
507 446 736 519 legimus
750 446 920 502 bened
931 444 1151 502 ictiones
1168 461 1229 516 pa
1241 446 1338 501 tris
1350 446 1541 502 artifici
1559 449 1723 517 impe-

140 550 309 595 trasse
321 542 622 597 mendacio.
641 540 717 594 Ex
737 556 843 609 quo
864 538 1206 609 perspicuum
1228 548 1332 605 est,
1352 538 1495 610 quod
1518 539 1624 596 nisi
1647 541 1719 595 ita

134 634 347 687 mentiti
393 632 669 697 fuerimus,
712 640 767 684 ut
810 645 1059 701 magnum
1083 629 1240 685 nobis
1264 646 1333 685 ex
1371 630 1473 685 hoc
1503 630 1719 703 aliquod

130 736 401 798 quaeratur
419 723 929 795 bonum,judicandi
950 724 1145 789 simus,
1161 725 1315 794 quasi
1334 724 1541 779 inimici
1559 725 1679 795 ejus
1699 766 1714 794 ,

130 818 215 891 qui
245 817 357 871 ait:
392 816 502 889 Ego
530 834 644 870 sum
674 818 859 871 veritas
890 813 1074 889 (Joan.
1110 818 1250 887 xrv).
1302 835 1321 868 ι
1357 816 1485 872 Haec
1528 816 1719 888 Orige-

129 923 225 963 nes
275 908 530 978 scripsit,
599 924 800 979 negare
840 922 946 963 non
1016 922 1344 979 possumus:
1396 908 1610 978 scripsit
1661 909 1714 964 in

126 1001 292 1068 libris,
312 1018 447 1073 quos
472 1001 540 1057 ad
571 1002 841 1071 perfectos
871 1014 925 1057 et
954 1002 1020 1057 ad
1048 1003 1712 1074 discipulosloqucbatur:

126 1091 383 1165 docetque
422 1095 700 1165 magistris
742 1095 1151 1161 mentiendum;
1193 1096 1488 1166 discipulos
1535 1106 1714 1153 autem

123 1205 223 1243 non
248 1189 447 1245 debere
473 1191 719 1245 mentiri.
742 1190 844 1260 Qui
871 1206 1001 1261 ergo
1025 1190 1163 1246 bene
1208 1190 1568 1255 mentitur,'et
1590 1190 1713 1245 abs-

121 1296 219 1351 que
243 1282 347 1337 ulla
375 1282 703 1337 verecundia
731 1282 992 1353 quidquid
1016 1284 1069 1337 in
1103 1283 1325 1337 buccam
1349 1287 1559 1340 venerit
1581 1299 1713 1341 con-

118 1372 261 1444 ﬁngit
289 1373 341 1428 in
374 1375 602 1443 fratres,
636 1375 953 1444 magistrum
983 1390 1044 1431 se
1077 1376 1337 1446 optimum
1367 1377 1580 1446 probat.

182 1465 270 1520 19.
308 1464 512 1519 Psalmi
552 1482 589 1520 ιι
644 1468 1119 1537 interpretationem
1145 1465 1396 1535 defendit.
1426 1466 1711 1525 Deoscula-

116 1556 186 1609 tio
213 1574 303 1629 pro
332 1560 655 1613 veneratione
675 1560 816 1630 apud
843 1557 1323 1615 "emicem—Illud
1351 1577 1565 1634 quoque
1591 1579 1711 1621 car-

112 1664 244 1721 pere
270 1650 485 1719 dicitur,
511 1651 657 1724 quod
682 1652 979 1707 secundum
1012 1653 1285 1707 Psalmum
1311 1655 1707 1728 interpretans,

1828 449 1928 504 tire
1956 450 2311 521 corporibus,
2343 451 2727 524 Christumque
2756 452 2942 510 dicere
2974 470 3116 525 saepe
3151 470 3367 525 passum
3397 497 3414 526 ,

1823 552 1873 597 et
1907 541 2106 613 saepius
2131 558 2415 615 passurum
2442 586 2455 609 ,
2488 554 2546 600 ut
2574 544 2716 614 quod
2747 546 2916 601 semel
2948 544 3170 616 profuit,
3199 561 3417 616 semper

1822 637 1994 709 prosit
2027 645 2402 706 assumptum:
2457 636 2552 691 tibi
2598 654 2814 708 quoqtte
2862 637 2977 707 ipse
3029 645 3232 690 tantam
3264 652 3419 693 assu-

1821 729 1925 782 mis
1981 728 2360 785 auctoritatem
2391 773 2403 795 ,
2459 741 2515 784 ut
2568 730 2636 786 de
2678 731 2935 785 liceretico
2977 741 3303 802 martyrem,
3346 732 3415 791 de

1819 822 2070 893 Urigenis
2121 822 2275 877 libris
2327 823 2708 879 ba‘reticorum
2765 825 3034 881 adulteria
3092 825 3410 883 mentiaris:

1819 912 1951 967 mihi
1982 928 2089 967 non
2119 914 2303 968 licebit
2331 914 2607 984 diSputare
2632 915 2699 971 de
2727 915 2929 980 verbis,
2964 925 3018 969 et
3046 915 3097 969 in
3123 914 3411 973 Commen~

1818 1006 2079 1063 tariormu
2126 1024 2291 1078 opere
2336 1007 2557 1065 Latinos
2592 1010 2825 1075 docere,
2878 1008 3021 1081 quod
3058 1009 3126 1063 ab
3169 1009 3411 1066 Hebra-is

1817 1098 2026 1154 didici?
2056 1099 2166 1154 Nisi
2198 1102 2341 1155 enim
2384 1112 2437 1157 et
2485 1103 2754 1172 prolixum
2805 1112 2984 1169 esset,
3037 1112 3093 1157 et
3141 1104 3415 1160 redoleret

1816 1191 2129 1263 gloriolam,
2156 1193 2268 1266 jam
2302 1211 2443 1251 nunc
2476 1196 2568 1252 tibi
2604 1197 2973 1261 ostenderem,
3000 1196 3128 1265 quid
3160 1198 3412 1255 utilitatis

1815 1283 2011 1339 habeat
2040 1287 2424 1359 magistrorum
2477 1290 2665 1344 limina
2701 1299 2875 1345 terere
2895 1331 2909 1355 ,
2939 1298 2994 1343 et
3027 1297 3197 1344 artem
3228 1290 3297 1344 ab
3327 1306 3411 1345 ar-

1815 1378 2051 1433 tificibus
2102 1379 2352 1435 discere:
2404 1392 2453 1436 et
2508 1383 2719 1439 videres
2768 1393 2965 1455 quanta
2999 1384 3135 1437 silva
3168 1384 3239 1438 sit
3267 1384 3409 1453 apud

1815 1471 2074 1527 Hebraeos
2119 1474 2495 1545 ambiguorum
2548 1476 2829 1533 nominum
2877 1487 3041 1548 atque
3092 1478 3407 1533 verborum.

1814 1562 1943 1631 Quae
1977 1580 2061 1618 res
2095 1564 2329 1619 diversa:
2361 1566 2795 1638 interpretationi
2822 1572 3101 1625 materiam
3134 1570 3361 1640 prwbttit
3393 1588 3407 1627 :

1812 1653 1939 1711 dum
1970 1656 2341 1728 unusquisque
2366 1658 2510 1714 inter
2533 1660 2719 1727 dubia,
2747 1660 2893 1732 quod
2927 1661 3029 1716 sibi
3061 1676 3409 1731 consequen-

111 1758 208 1813 pro
237 1760 301 1799 eo
330 1745 474 1814 quod
511 1746 743 1816 legimus
777 1747 829 1801 in
863 1745 1095 1813 Latino,
1138 1747 1509 1819 apprehendite
1549 1749 1705 1805 disci-
1734 1749 1783 1815 B
1812 1747 1916 1803 tius
1962 1749 2083 1823 [ΑΙ.
2138 1752 2591 1824 comcnientius]
2647 1753 2863 1810 videtur
2888 1796 2903 1819 ,
2959 1753 3059 1808 hoc
3118 1756 3397 1810 transfert.

110 1835 296 1903 plinam
318 1852 337 1889 :
364 1844 424 1891 et
448 1837 504 1891 in
532 1837 805 1892 Hebraico
842 1838 1122 1891 volumine
1148 1841 1409 1910 scriptum
1440 1850 1519 1895 est
1540 1857 1705 1898 nesse

108 1942 228 1992 BAR,
258 1927 498 1983 dixerim
525 1930 582 1984 in
611 1938 637 1967 ι
663 1929 1148 1985 Commentariolis
1192 1934 1358 1999 meis,
1402 1934 1616 1989 adorate
1644 1936 1708 2004 fi.

108 2020 242 2073 lium.
274 2021 344 2077 Et
375 2037 599 2075 rursum
630 2037 792 2076 omne
820 2022 1145 2076 Psalterium
1176 2022 1228 2077 in
1262 2024 1563 2078 lionianum
1591 2040 1709 2081 ver-

109 2123 214 2169 tens
256 2131 503 2181 sonum,
548 2116 700 2184 quasi
743 2116 1035 2170 immemor
1072 2118 1435 2185 expositionis
1472 2118 1710 2188 antiquae

105 2209 382 2277 posuerim
407 2248 426 2274 ,
458 2207 673 2261 adorate
704 2224 864 2277 pure:
896 2209 1041 2279 quod
1075 2210 1263 2280 utique
1294 2210 1396 2264 sibi
1428 2224 1552 2265 esse
1578 2226 1713 2265 con-

106 2298 327 2352 trarium
361 2299 624 2354 omnibus
655 2309 825 2371 patet.
867 2299 938 2354 Et
964 2316 1153 2356 revera
1199 2302 1588 2371 ignoscendum
1628 2311 1713 2358 est

105 2394 147 2445 ei
168 2434 183 2457 ,
210 2394 253 2446 si
286 2391 509 2462 ignoret
538 2392 738 2465 [ingrue
769 2393 1049 2449 llebraicre
1077 2396 1361 2451 veritatem
1380 2436 1395 2462 ,
1427 2397 1515 2468 qui
1544 2396 1711 2452 inter-

106 2484 225 2538 dum
269 2492 325 2539 et
370 2483 427 2538 in
475 2481 685 2540 Latinis
724 2485 961 2540 btesitat.
1003 2503 1170 2542 NESCU
1198 2486 1258 2556 δ,
1292 2497 1352 2542 ιιι
1382 2488 1606 2543 verbum
1642 2488 1711 2545 de

105 2577 263 2631 verbo
293 2577 656 2648 interpreter,
682 2582 1085 2651 καταφιλήσατε,
1114 2580 1166 2635 id
1193 2591 1311 2649 est,
1340 2583 1710 2638 deosculamini

107 2668 296 2724 dicitur
322 2688 335 2723 :
368 2669 519 2740 quod
552 2685 651 2741 ego
682 2670 877 2726 nolens
913 2672 1211 2727 transferre
1242 2674 1459 2742 putide,
1484 2689 1705 2730 sensum

108 2762 267 2833 magis
294 2772 527 2818 secutus
554 2779 675 2818 sum
696 2804 710 2830 ,
744 2773 801 2818 ut
829 2763 1102 2831 dicerem,
1136 2766 1371 2821 adorate.
1400 2768 1531 2833 Quia
1562 2768 1704 2823 enim

108 2854 186 2923 qui
219 2854 453 2909 adorant
482 2858 655 2913 solent
683 2856 988 2911 dcosculari
1014 2874 1267 2920 manum,
1298 2869 1350 2914 et
1377 2862 1550 2930 capita
1579 2860 1706 2915 sub-

107 2948 313 3003 mittere
347 2950 363 3019 (
391 2948 549 3020 quod
578 2965 637 3005 se
667 2949 861 3006 beatus
892 2949 991 3005 Job
1019 2952 1304 3007 elementis
1346 2962 1399 3005 et
1439 2952 1595 3007 idolis
1630 2953 1709 3007 fe.

106 3039 233 3096 cise
278 3050 483 3114 negat,
530 3041 719 3097 dicens
768 3039 940 3115 (Cap.
973 3058 1148 3110 xxxr,
1178 3042 1275 3106 26,
1307 3042 1417 3115 27)
1446 3061 1459 3097 :
1506 3044 1563 3096 Si
1596 3044 1704 3099 vidi

1810 1840 1948 1907 Quid
1979 1844 2042 1895 ad
2077 1845 2367 1915 peregrina
2400 1855 2451 1900 te
2480 1848 2676 1902 mitto?
2708 1846 2944 1902 Revolve
2965 1848 3332 1917 Aristotelem,
3358 1859 3411 1907 et

1810 1933 2178 1990 Alexandrum
2225 1935 2535 1992 Aristotelis
2592 1940 2866 1995 volumina
2914 1939 3306 2005 disserentem;
3355 1951 3410 1999 et

1811 2036 2013 2094 quanta
2066 2028 2444 2099 ambiguorum
2492 2031 2563 2084 sit
2609 2032 2787 2101 copia,
2817 2046 3005 2086 eorum
3042 2032 3277 2086 lecrione
3307 2048 3402 2087 co-

1811 2132 2092 2185 gnosces:
2139 2127 2199 2172 ut
2232 2120 2448 2174 tandem
2500 2120 2719 2175 desinas
2761 2122 2990 2175 amicum
3047 2129 3193 2175 tuum
3252 2123 3303 2177 in
3345 2138 3411 2177 eo

1814 2208 2220 2275 reprehendere
2247 2251 2261 2275 ,
2315 2212 2458 2283 quod
2504 2229 2571 2267 ne
2605 2228 2702 2285 per
2751 2216 3023 2268 somnium
3058 2213 3278 2284 quidem
3310 2214 3410 2269 ali-

1811 2302 2033 2371 quando
2064 2301 2324 2359 didicisti.

1882 2393 1974 2447 21.
2009 2392 2357 2448 Commentar.
2392 2394 2461 2448 ad
2496 2392 2769 2466 Ephesios.
2828 2397 2935 2453 Sed
2981 2398 3105 2467 quia
3139 2399 3409 2457 Paulinia-

1813 2500 1915 2540 nus
1944 2487 2118 2541 frater
2142 2502 2318 2553 meus,
2350 2487 2416 2541 de
2441 2485 2859 2543 Commentariis
2883 2488 2948 2542 ad
2976 2488 3245 2559 Ephesios
3266 2507 3414 2562 quae-

1811 2578 1935 2633 dam
1986 2578 2054 2631 ab
2083 2594 2149 2633 eo
2193 2579 2533 2649 reprehensa
2583 2581 2846 2646 narravit,
2899 2590 2953 2636 et
3008 2597 3180 2652 pauca
3214 2598 3277 2638 ex
3327 2585 3411 2641 his

1812 2673 2094 2726 memoria:
2136 2672 2382 2739 tradidit,
2418 2671 2665 2743 mihique
2697 2673 2810 2743 ipsa
2845 2673 3245 2729 demonstravit
3274 2676 3412 2744 loca,

1810 2778 1917 2817 non
1946 2762 2121 2818 debeo
2151 2764 2533 2833 subterfugere
2565 2781 2576 2816 :
2607 2780 2907 2835 quaesoque
2939 2764 3227 2833 lectorem,
3281 2778 3335 2820 ut
3364 2768 3410 2823 si

1808 2853 2035 2926 paululo
2093 2855 2146 2909 in
2202 2856 2578 2925 pr0poncndis
2636 2865 2689 2909 et
2749 2855 3026 2911 diluendis
3087 2858 3411 2915 criminibus

1810 2946 2025 3017 longior
2076 2946 2251 3015 luero,
2304 2948 2618 3003 necessitati
2670 2948 2761 3003 det
2792 2950 3027 3003 veniam.
3078 2948 3238 3022 477
3288 2950 3405 3006 Non

1808 3043 1952 3094 enim
1994 3039 2226 3095 alterum
2286 3056 2513 3105 accuso;
2563 3040 2656 3096 sed
2692 3058 2775 3097 me
2819 3042 2963 3097 nitor
3007 3041 3322 3105 defendere,
3352 3051 3405 3098 et

107 3133 251 3186 solem
289 3150 405 3187 cum
462 3134 713 3206 fulgeret,
756 3143 801 3189 et
846 3133 1022 3188 lunam
1068 3136 1383 3189 incedentem
1432 3137 1609 3190 clare:
1656 3146 1704 3189 rt
1731 3133 1776 3195 (ἶ
1810 3131 2074 3201 ohjeclam
2105 3131 2378 3187 ha-rcseos
2423 3132 2753 3186 calumniam
2790 3132 3048 3188 refutare.
3083 3132 3140 3188 ιιι
3177 3133 3396 3202 Episto-

108 3224 318 3279 lretatum
347 3236 426 3279 est
468 3226 521 3279 in
548 3226 845 3280 abscondito
872 3244 959 3281 cor
990 3244 1157 3280 meum
1177 3268 1190 3292 ,
1221 3238 1267 3279 et
1296 3226 1560 3281 osculatus
1591 3245 1703 3281 sum

107 3332 299 3370 multum
326 3334 505 3371 meam
538 3334 626 3371 ore
653 3334 763 3371 meo
781 3360 796 3385 ,
828 3334 943 3389 quw
971 3319 1212 3389 iniquitas
1266 3318 1494 3372 maxime
1521 3329 1623 3384 est,
1659 3330 1703 3374 et

107 3410 295 3476 negatio
322 3417 519 3462 contra
540 3407 705 3461 Deum
732 3408 1085 3477 altissimum),
1106 3418 1159 3463 et
1185 3408 1393 3463 llebra‘i
1418 3409 1569 3479 juxta
1601 3409 1702 3465 lin-

107 3515 213 3568 gnte
240 3518 350 3557 sua:
380 3502 815 3573 proprietatem,
852 3500 1319 3557 deosculationem
1347 3520 1442 3571 pro
1478 3518 1701 3557 venera-

108 3592 239 3645 tione
288 3602 540 3663 ponunt,
582 3592 635 3647 id
682 3593 968 3657 transtuli,
1016 3594 1163 3664 quod
1207 3594 1305 3661 ipsi
1349 3595 1658 3665 intelligunt
1687 3636 1700 3661 ,

108 3701 319 3753 quorum
355 3686 593 3741 verbum
623 3696 727 3741 est.
762 3686 873 3742 Bsn
915 3695 1096 3741 autem
1138 3687 1278 3757 apud
1323 3686 1444 3741 illos
1484 3688 1700 3741 diversa

106 3776 380 3846 signiﬁcat.
420 3777 641 3833 Dicitur
668 3777 812 3833 enim
846 3788 900 3832 et
928 3777 1100 3847 filius,
1135 3787 1192 3831 ut
1231 3788 1315 3833 est
1356 3780 1486 3832 illud
1516 3799 1527 3831 :
1573 3779 1703 3833 Bar-

102 3860 251 3937 jona,
283 3872 438 3940 ﬁlius
476 3871 753 3939 columine,
789 3880 842 3925 et
880 3870 1347 3937 Bartbolommus,
1389 3871 1530 3939 ﬁlius
1557 3869 1702 3923 Tho-

106 3960 285 4027 lomrei,
316 3971 370 4019 et
401 3962 795 4029 Barthimaeus,
824 3972 879 4017 et
925 3972 945 4000 ο
999 3962 1281 4026 Barhiesu,
1330 3974 1381 4017 et
1410 3963 1698 4017 Barrabas.

108 4051 346 4109 Triticum
375 4070 637 4127 quoque,
674 4064 729 4111 et
756 4056 1018 4122 spicarum
1050 4055 1364 4125 fasciculus,
1397 4066 1447 4109 ct
1482 4055 1699 4121 electus,

110 4144 262 4219 476
286 4164 347 4203 ac
375 4164 566 4221 purus.
600 4146 739 4215 Quid
772 4148 935 4218 igitur
967 4147 1221 4217 peccavi,
1256 4145 1302 4200 si
1333 4147 1559 4201 verbum
1590 4163 1702 4200 am-

113 4240 319 4311 biguum
351 4243 567 4298 diversa
592 4241 1045 4315 interpretatione
1092 4239 1375 4295 converti?
1422 4249 1476 4295 et
1515 4240 1604 4305 qui
1650 4240 1700 4295 in

111 4329 417 4389 Commenta
429 4333 604 4398 riolis,
620 4334 708 4388 ubi
734 4333 963 4389 libertas
978 4341 1063 4387 est
1088 4332 1415 4399 disserendi,
1435 4333 1701 4401 dixeram,

109 4424 320 4476 adorate
343 4426 544 4493 ﬁlium;
579 4425 630 4479 in
660 4425 776 4494 ipso
800 4439 1031 4495 corpore
1050 4466 1062 4489 ,
1095 4439 1163 4478 ne
1190 4424 1461 4478 violentus
1488 4426 1705 4481 viderer

1813 3225 1920 3279 lam
1949 3224 2099 3279 Pauli
2141 3224 2206 3279 ad
2232 3225 2519 3294 Ephesios,
2556 3226 2657 3278 tria
2688 3225 2952 3295 Origenes
3000 3225 3219 3293 scripsit
3254 3226 3405 3280 volu-

1810 3321 1973 3379 mina.
2004 3319 2268 3392 Didymus
2296 3335 2510 3391 qunque
2542 3328 2593 3371 et
2627 3320 2989 3389 Apollinarius
3024 3318 3241 3387 propria
3274 3333 3406 3387 opu-

1807 3411 1958 3466 scula
2016 3410 2332 3466 condidere.
2384 3412 2530 3480 Quos
2580 3426 2680 3479 ego
2737 3411 2821 3466 vel
2878 3409 3264 3473 transferens,
3327 3409 3410 3464 vel

1808 3505 2050 3569 imitans,
2096 3503 2223 3575 quid
2251 3505 2303 3557 in
2337 3502 2569 3573 Prologo
2593 3503 2837 3574 ejusdem
2862 3504 3045 3573 operis
3069 3500 3406 3570 scripserim,

1806 3595 2131 3665 subjiciam:
2162 3614 2178 3646 ι
2210 3594 2343 3649 lllttd
2375 3610 2596 3664 quoque
2629 3596 2680 3647 in
2712 3593 3037 3648 Pra-faliouc
3066 3605 3408 3658 eotntnoneo,

1810 3698 1864 3741 ut
1896 3687 2082 3742 sciatis
2109 3685 2398 3758 Origencm
2426 3688 2523 3740 tria
2552 3686 2824 3739 volumina
2856 3686 2909 3739 in
2944 3685 3078 3737 hanc
3108 3682 3406 3751 Epistolam

1808 3778 2217 3849 conscripsisse,
2263 3795 2424 3851 quem
2466 3788 2520 3832 ct
2549 3794 2647 3833 nos
2676 3794 2739 3833 ex
2777 3786 2928 3847 parte
2960 3774 3130 3828 secuti
3172 3790 3358 3831 sumus
3388 3792 3401 3833 :

1808 3870 2205 3939 Apollinarium
2234 3870 2400 3923 etiam
2428 3911 2442 3933 ,
2496 3879 2545 3923 et
2599 3869 2888 3941 Didymum
2932 3866 3194 3937 quosdam
3238 3866 3404 3923 Com-

1808 3962 2161 4017 tne-utariolos
2195 3960 2453 4017 edidisse.
2502 3962 2579 4014 Ex
2612 3961 2803 4033 quibus
2830 3960 2957 4013 licet
2979 3974 3172 4028 pauca,
3208 3960 3403 4014 decer-

1810 4056 2051 4125 psimus;
2082 4065 2135 4107 et
2168 4054 2429 4108 nonnulla
2462 4070 2582 4124 qua:
2616 4053 2773 4107 nobis
2808 4052 3151 4116 videbantur,
3202 4052 3407 4122 adjeci-

1809 4164 1930 4201 mus
1962 4188 1977 4212 ,
2030 4144 2143 4199 sive
2195 4144 2568 4201 subtraxitnus
2615 4162 2627 4198 :
2684 4156 2742 4198 ut
2797 4144 3077 4198 studiosus
3128 4144 3313 4197 statin.
3353 4144 3405 4200 in

1809 4241 2077 4315 principio
2102 4242 2276 4297 lector
2301 4249 2584 4313 agnoscat,
2611 4240 2713 4294 hoc
2737 4255 2871 4309 opus
2888 4240 2969 4292 vel
2995 4239 3230 4293 alienum
3261 4253 3405 4309 esse,

1808 4335 1898 4390 vel
1918 4332 2459 4407 nostrumlPrologus
2472 4331 2758 4388 Comment.
2782 4332 2835 4383 in
2856 4328 3026 4401 Epist.
3042 4330 3109 4383 ad
3123 4330 3365 4401 Ephes.).
3381 4350 3401 4385 ι

1809 4430 2076 4503 Quidquid
2110 4446 2241 4501 ergo
2273 4432 2324 4484 in
2372 4427 2758 4499 explanatione
2805 4424 2964 4493 hujus
2996 4424 3258 4493 Epistolas
3290 4424 3407 4481 vitii

109 4516 403 4585 interpres,
437 4526 491 4572 et
514 4518 757 4574 Judaicze
786 4519 1070 4573 calumnia:
1097 4518 1274 4572 locum
1306 4516 1515 4582 darem,
1547 4518 1702 4573 dixc-
1731 4544 1785 4604 ι)
1812 4525 2051 4593 potuerit
2083 4521 2472 4587 demonstrari,
2521 4519 2567 4573 si
2612 4533 2711 4587 ego
2746 4516 2877 4570 illud
2924 4516 2976 4569 in
3006 4517 3216 4572 Graecis
3260 4518 3409 4575 volu-

109 4612 205 4667 rim
228 4654 241 4677 ,
270 4613 486 4666 adorate
514 4631 670 4681 pure,
712 4613 825 4669 sive
854 4613 1012 4670 electe
1034 4631 1051 4669 .·
1079 4612 1222 4684 quod
1254 4610 1444 4682 Aquila
1485 4627 1702 4682 quoque

117 4715 169 4761 et
197 4707 555 4780 Symmachus
589 4709 1003 4764 transtulerunt.
1046 4706 1184 4777 Quid
1226 4722 1356 4777 ergo
1395 4705 1698 4761 Ecclesias-

114 4798 224 4853 lica:
248 4800 369 4856 fidei
398 4810 585 4867 nocet,
616 4803 661 4856 si
688 4801 953 4858 doceatur
980 4803 1173 4867 lector,
1200 4809 1331 4871 quot
1357 4799 1532 4855 modis
1558 4799 1700 4871 apud

112 4885 364 4947 Hebraeos
397 4909 533 4948 unus
564 4895 867 4949 versiculus
898 4892 1251 4965 explanetur?

177 4984 264 5039 20.
309 4985 542 5057 Origenis
582 5004 801 5042 errores.
831 5018 903 5027 —
928 4985 1147 5055 Origeni
1178 4994 1270 5040 tuo
1303 4986 1430 5041 licet
1463 4993 1697 5042 tractare

116 5077 178 5135 de
208 5083 661 5155 μετεμψνχὼσειζ
699 5081 1129 5138 innumerabiles
1175 5080 1408 5136 mundos
1451 5082 1695 5136 introdu-

183 5203 207 5231 ι
232 5196 366 5251 Vide
393 5196 548 5251 Tom.
574 5196 596 5250 l
629 5197 683 5251 in
713 5195 1043 5251 Prmfatione
1068 5194 1308 5263 generali
1329 5236 1344 5261 ,
1393 5211 1512 5265 quae
1548 5195 1694 5252 dixi-

117 5279 229 5320 mus
255 5266 317 5320 de
344 5267 489 5321 hisce
514 5267 1015 5322 Commentariolis.

182 5334 208 5373 δ
246 5337 580 5403 Prmpostere
630 5339 758 5408 legit
816 5338 1161 5392 Martiantcus
1216 5335 1295 5391 sic
1321 5379 1333 5399 ,
1365 5337 1569 5389 Irwsitat
1598 5354 1615 5389 :
1639 5346 1693 5389 nt

123 5403 286 5461 Nescit
314 5410 517 5463 verbum
557 5410 622 5463 de
652 5403 801 5463 vErbo
830 5409 1153 5477 interpreter,
1188 5418 1291 5460 etc.
1336 5408 1503 5460 Paulo
1550 5409 1690 5461 infra

121 5490 271 5548 voces
310 5490 354 5533 et
399 5480 558 5535 idolis
609 5480 749 5548 apud
782 5480 921 5534 alios
956 5480 1333 5534 desiderantur
1369 5496 1380 5532 :
1430 5487 1687 5533 caeterum

123 5546 287 5619 locum
342 5546 655 5619 parenthesi
702 5549 1047 5613 includimus,
1103 5558 1151 5603 et
1204 5558 1524 5616 punctorum
1558 5550 1687 5603 vitio

122 5617 440 5677 laborantem
466 5623 844 5679 emendamus.
881 5622 956 5681 De
986 5621 1076 5677 illo
1116 5619 1377 5676 adorandi
1424 5620 1527 5671 ritu
1563 5619 1695 5675 insi-

122 5690 238 5757 gnia
264 5698 503 5771 exempla
536 5704 756 5771 sunt_rn
786 5696 993 5771 Regum
1030 5711 1296 5771 cap.__xut,
1315 5693 1696 5771 ‘Ecclesiastici

126 5713 238 5757 sunt
264 5713 503 5767 exempta
536 5713 665 5752 sunt
695 5713 756 5751 ιιι
787 5713 993 5771 negum
1030 5713 1151 5824 cas.
1186 5713 1296 5762 χιιι,
1332 5713 1695 5753 ecclesiasucr

126 5772 236 5833 cap.
268 5778 410 5819 xxix.
460 5767 616 5835 Quod
662 5767 1031 5841 Hieronymus
1062 5784 1091 5823 a
1136 5768 1234 5835 dit,
1265 5766 1585 5824 adoraturos
1609 5780 1700 5823 ca-

1811 4616 2067 4683 minibus,
2107 4614 2249 4669 unde
2280 4614 2330 4668 iu
2359 4613 2612 4667 Latinum
2643 4607 2878 4663 vertisse
2926 4625 3011 4665 me
3056 4610 3188 4676 dixi,
3226 4622 3407 4668 osten-

1809 4711 1936 4766 dere
1969 4726 2073 4764 nen
2100 4718 2361 4780 potuero,
2395 4706 2602 4759 crimen
2639 4717 2955 4773 agnoscam,
2988 4711 3042 4757 et
3075 4720 3251 4758 meum
3277 4706 3401 4776 erit,

1807 4805 1950 4878 quod
1981 4804 2218 4859 alienum
2249 4818 2354 4856 non
2388 4800 2573 4854 fuerit.
2599 4800 2799 4852 Tamen
2858 4815 2923 4852 ne
2973 4815 3160 4854 rursus
3214 4801 3405 4854 videar

1804 4898 2046 4954 cavillari
2075 4939 2088 4962 ,
2120 4904 2175 4951 et
2206 4896 2307 4949 hac
2336 4889 2704 4947 excusationis
2737 4889 2983 4959 stropha,
3022 4891 3251 4960 gradum
3291 4906 3402 4947 non

1805 4991 2009 5046 audere
2040 4988 2310 5053 conferre,
2372 4998 2572 5055 ponam
2622 4982 2736 5051 ipsa
2772 4981 3111 5052 testimonia,
3140 4998 3263 5052 quae
3313 4999 3408 5039 vo-

1805 5094 2001 5137 cantur
2030 5082 2081 5134 in
2113 5080 2341 5134 crimen.

1804 5193 2293 5267 pita_5ubmittere_,
2342 5188 2591 5267 explicat
2625 5187 2923 5267 Lampridii
2975 5189 3124 5267 locus
3180 5190 3250 5267 de
3279 5190 3412 5267 Alef

1801 5259 2032 5321 xandro.
2069 5263 2419 5319 Salutabatur
2451 5259 2669 5314 nomine
2700 5262 2833 5317 hoc.
2869 5260 2971 5312 Are
3005 5262 3312 5313 Alexander.
3345 5262 3406 5315 Si

1802 5338 1917 5409 quis
1945 5335 2375 5409 caputﬂea‘isset,
2406 5341 2493 5409 aut
2524 5330 3241 5409 blandius‘n‘liquiddirisset,
3268 5330 3403 5401 abji-

1800 5402 2052 5461 eiebatur.
2113 5402 2321 5471 Nempe
2370 5402 2589 5457 adorari
2653 5418 2712 5456 se
2758 5402 3070 5457 Alexander
3128 5411 3402 5456 vetuerat.

1797 5480 2009 5535 Plinius
2038 5479 2129 5533 lib.
2178 5491 2351 5531 xxvnr
2379 5516 2393 5538 ,
2438 5490 2558 5542 cap.
2608 5473 2643 5525 2
2681 5491 2692 5525 :
2728 5474 2779 5524 in
2826 5471 3097 5525 adoranda
3137 5471 3403 5527 dexteram

1795 5551 1864 5604 ad
1882 5551 2113 5604 osculum
2141 5548 2431 5617 referimus,
2458 5555 2617 5617 totum
2650 5560 2835 5617 corpus
2857 5542 3276 5617 circuprpgirrrus,
3294 5553 3398 5617 etc.

1883 5636 1903 5662 ο
1962 5611 2227 5677 Victorius
2282 5619 2474 5671 maluit
2530 5611 2807 5686 Barjehu,
2873 5623 2927 5686 et
2987 5611 3220 5686 fﬂsojn
3284 5614 3403 5686 aliis

1807 5694 2213 5765 exemplaribus
2238 5691 2484 5765 Barjesus
2528 5680 2969 5765 legi'_contt:titlit.
3010 5680 3403 5765 Propar'rubas

1804 5752 2020 5842 quoque
2048 5808 2062 5838 ,
2091 5752 2379 5838 legendum
2413 5764 2563 5831 putat
2585 5752 2667 5812 vel
2697 5752 2983 5825 Barnabas,
3020 5752 3397 5817 vclBursabat.
