4036 6328
636 254 741 346 tis

1876 268 1933 321 S.
1980 266 2246 327 EUSEBII
2287 272 2669 335 HIERONYMI

3818 298 3917 353 416

705 395 796 447 22.
858 393 1287 453 Commentatoris
1343 400 1596 469 ofﬁcium.
1654 401 1878 475 Tempus
1935 407 2229 475 scriptionis

2337 396 2501 448 sancti
2532 406 2577 447 et
2599 396 2920 453 immaculati
2944 418 2961 454 :
2983 400 3077 455 sed
3107 403 3255 474 elegit
3280 422 3371 457 nos
3413 416 3467 459 ut
3502 424 3730 464 essemus
3766 418 3919 470 sancti

635 484 1136 545 Commentariorum
1161 492 1213 545 in
1241 492 1535 562 Epistolam
1558 494 1625 548 ad
1651 493 1849 567 Ephes.
1878 528 1949 537 —
1972 498 2030 553 In
2056 502 2233 570 primo

632 582 815 636 statim
836 582 1116 640 volumine
1141 587 1511 642 testimonium
1537 588 1717 657 Pauli,
1752 592 1806 646 in
1830 609 1937 661 quo
1959 594 2229 665 loquitur:

634 671 789 728 Sicut
830 675 979 749 elegit
1025 695 1117 731 nos
1152 680 1204 732 in
1242 681 1357 748 ipso
1396 692 1514 735 ante
1549 685 1969 740 constitutionem
2006 690 2233 744 mundi:

633 774 689 819 ut
718 782 941 823 essemus
970 772 1138 823 sancti
1164 780 1210 824 et
1232 772 1558 827 immaculati
1586 792 1761 829 coram
1788 777 1900 849 ipso
1929 778 2148 851 (Ephes.
2177 783 2230 849 1,

635 856 721 929 4),
750 860 829 915 sic
860 862 1205 933 interpretati
1234 880 1459 931 sumus,
1495 878 1550 921 ut
1580 869 1909 927 electionem
1953 890 2057 929 non
2081 876 2232 945 juxta

637 949 952 1022 Origenem,
981 970 1168 1009 eorum
1192 956 1528 1025 diceremus,
1558 961 1648 1030 qui
1683 963 1831 1031 prius
1859 962 2103 1031 fuerant;
2135 968 2231 1023 sed

635 1042 704 1096 ad
747 1043 845 1098 Dei
875 1047 1273 1115 praescientiam
1306 1048 1656 1107 referremus.
1692 1053 1929 1126 Denique
1955 1056 2189 1112 diximus
2220 1079 2230 1112 :

643 1152 661 1186 ι
703 1134 857 1203 Quod
885 1148 1065 1193 autem
1096 1141 1299 1195 electos
1332 1157 1449 1208 nos,
1484 1154 1537 1198 ut
1570 1159 1817 1201 essemus
1844 1150 2018 1225 sancti
2047 1159 2101 1205 et
2126 1150 2230 1206 im-

638 1231 895 1285 maculati
926 1247 1111 1287 coram
1146 1235 1294 1305 ipso,
1345 1236 1450 1291 hoc
1478 1246 1582 1305 est,
1619 1241 1729 1293 Deo
1754 1281 1768 1305 ,
1807 1250 1936 1296 ante
1970 1240 2229 1299 fabricam

638 1322 860 1385 mundi,
893 1332 1123 1379 testatus
1152 1336 1271 1392 est,
1301 1328 1365 1382 ad
1394 1329 1792 1398 prmscientiam
1827 1332 1921 1387 Dei
1963 1336 2229 1403 pertinet,

633 1412 721 1467 cui
749 1415 930 1467 omnia
958 1414 1132 1470 futura
1164 1418 1277 1486 jam
1321 1419 1461 1475 facta
1492 1430 1619 1477 sunt
1640 1463 1655 1487 ,
1692 1433 1746 1478 et
1775 1436 2067 1497 antequam
2100 1430 2232 1484 fiant

636 1506 893 1562 universa
922 1518 1048 1563 sunt
1072 1519 1224 1565 nota.
1255 1513 1409 1569 Sicut
1430 1524 1485 1570 et
1510 1515 1708 1571 Paulus
1737 1519 1853 1589 ipse
1876 1521 2232 1590 praedestina-

637 1606 726 1654 tur
750 1600 803 1654 in
834 1610 988 1656 utero
1015 1604 1205 1659 matris
1232 1622 1379 1673 suze;
1414 1618 1467 1662 et
1492 1609 1765 1666 Jeremias
1794 1615 1846 1667 in
1882 1616 2043 1670 vulva
2070 1634 2228 1674 sanc-

636 1690 899 1759 tificatur,
930 1694 1171 1764 eligitur,
1201 1697 1511 1768 roboratur,
1546 1710 1601 1756 et
1628 1703 1681 1757 in
1713 1712 1838 1772 typo
1868 1702 2072 1761 Christi
2100 1708 2230 1765 Pro-

637 1785 800 1853 pheta
849 1786 1115 1843 Gentibus
1142 1791 1391 1847 mittitur.
1431 1814 1450 1845 ι
1488 1797 1647 1851 Certe
1689 1798 1743 1851 in
1769 1801 2110 1868 expositione
2138 1805 2237 1860 ista

639 1876 851 1931 nullum
883 1879 1089 1934 crimen
1135 1890 1340 1939 estzet
1382 1884 1619 1956 Origene
1667 1887 1882 1945 dicente
1925 1894 2233 1962 contraria,

640 1982 744 2022 nos
801 1969 1243 2027 Ecclesiasticum
1288 1990 1510 2031 sensum
1555 1983 1725 2034 secuti
1773 1996 1979 2037 sumus.
2016 1984 2081 2039 Et
2111 1988 2238 2055 quia

642 2057 1108 2118 Commentatoris
1156 2075 1241 2120 est
1280 2068 1524 2125 ofﬁcium
1549 2114 1563 2135 ,
1597 2076 1896 2131 multorum
1938 2080 2239 2135 sententias

641 2163 865 2221 ponere,
896 2163 953 2208 et
981 2155 1083 2210 hoc
1116 2172 1203 2212 me
1234 2156 1504 2217 facturum
1531 2164 1583 2218 in
1609 2166 1941 2224 Praefatione
1975 2173 2239 2239 promise—

643 2258 793 2310 ram,
824 2244 989 2300 etiam
1021 2248 1271 2321 Origenis
1294 2295 1308 2320 ,
1352 2254 1557 2327 absque
1590 2257 1790 2313 invidia
1822 2263 2058 2317 nominis
2088 2264 2237 2335 ejus,

643 2337 1085 2405 eXplanationem
1137 2346 1326 2413 posui,
1362 2347 1547 2403 dicens
1581 2368 1593 2403 :
1623 2349 1790 2424 478
1823 2372 1841 2406 ι
1878 2355 2032 2410 Alius
2074 2372 2236 2423 vero,

645 2428 738 2497 qui
797 2429 967 2486 Deum
1010 2433 1218 2502 jusmm
1259 2449 1487 2495 conatur
1537 2445 1867 2512 05tendere,
1926 2447 2069 2517 quod
2128 2465 2238 2503 non

636 2533 702 2574 ex
754 2521 1071 2591 prmjudieio
1113 2527 1359 2584 scientiae
1400 2548 1547 2600 suae,
1582 2535 1679 2590 sed
1718 2551 1783 2590 ex
1840 2539 2037 2593 merito
2089 2541 2237 2595 elec-

642 2619 823 2666 torum
865 2631 1309 2690 unumqucmque
1366 2622 1551 2692 eligat,
1621 2624 1754 2681 dicit
1808 2636 1933 2682 ante
1988 2631 2238 2685 visibiles

641 2715 943 2769 creaturas,
980 2712 1177 2766 cmlum
1208 2754 1222 2778 ,
1282 2722 1485 2769 terram
1514 2758 1526 2781 ,
1555 2718 1723 2772 maria
1754 2761 1768 2785 ,
1799 2730 1852 2774 et
1893 2723 2077 2775 omnia
2118 2739 2239 2793 qum

644 2794 700 2847 in
761 2798 839 2850 eis
900 2812 1064 2864 sunt,
1128 2803 1297 2858 fuisse
1348 2807 1483 2860 alias
1554 2808 1855 2864 invisibiles
1919 2823 2237 2881 creaturas,

642 2885 697 2938 in
732 2888 924 2955 quibus
976 2900 1031 2946 et
1072 2895 1311 2960 animas,
1364 2914 1485 2961 quae
1527 2900 1595 2953 ob
1626 2903 1884 2970 quasdam
1917 2920 2108 2960 causas
2137 2908 2239 2962 soli

646 2975 760 3032 Deo
810 2991 967 3036 notas
1018 2984 1246 3054 dejectae
1292 2990 1400 3043 sint
1430 2991 1721 3060 deorsum,
1760 2996 1814 3049 in
1847 2998 2040 3052 vallem
2083 3001 2237 3054 istam

644 3069 1031 3142 lacrymarum,
1066 3078 1118 3131 in
1151 3080 1329 3134 locum
1361 3082 1673 3140 afﬂictionis
1703 3097 1755 3140 et
1785 3089 2239 3158 peregrinationis

644 3175 871 3230 nostrae,
908 3167 960 3221 in
990 3186 1097 3239 quo
1126 3183 1345 3228 sanctus
1371 3179 1695 3232 constitutus
1728 3182 1937 3246 orabat,
1971 3192 2027 3236 nt
2053 3183 2121 3238 ad
2150 3200 2236 3239 se-

640 3255 762 3310 dem
790 3258 1074 3328 pristinam
1103 3276 1489 3332 reverteretur,
1521 3270 1713 3326 dicens
1740 3289 1752 3325 :
1783 3271 1902 3326 Heu
1932 3275 2078 3341 mihi,
2114 3279 2235 3347 quia

640 3349 902 3405 incolatus
936 3370 1079 3408 meus
1119 3356 1455 3430 prolongatus
1486 3372 1603 3415 est:
1630 3363 1855 3418 habitari
1885 3383 1999 3420 cum
2027 3375 2055 3404 ι
2087 3370 2235 3424 habi-

641 3443 869 3496 tantibus
919 3443 1120 3513 Cedar,
1166 3450 1383 3503 multum
1432 3457 1762 3525 peregrinata
1791 3468 1863 3513 est
1903 3461 2076 3515 anima
2127 3480 2237 3517 mea

641 3533 764 3601 (Ps.
800 3552 946 3601 cxux,
979 3538 1054 3609 5).
1086 3540 1152 3594 Et
1195 3543 1489 3611 Apostolus
1526 3564 1538 3599 :
1586 3547 1747 3601 Miser
1779 3566 1873 3620 ego
1919 3551 2093 3617 homo,
2122 3557 2237 3623 quis

638 3642 717 3681 me
746 3628 982 3684 liberabit
1019 3632 1081 3687 de
1114 3651 1328 3707 corpore
1354 3641 1533 3693 mortis
1567 3642 1725 3712 hujus
1753 3642 1932 3710 (Rom.
1964 3663 2032 3701 vu
2056 3690 2069 3713 ,
2100 3648 2238 3718 24)?

638 3719 728 3784 Et,
756 3721 947 3779 Melius
971 3738 1042 3780 est
1066 3732 1271 3794 reverti,
1296 3742 1343 3785 et
1368 3751 1477 3789 esse
1504 3752 1618 3789 cum
1642 3735 1845 3792 Christo
1862 3738 2029 3809 (Phil.
2056 3757 2095 3808 ι,
2117 3742 2231 3814 25).

639 3814 706 3866 Et
726 3816 849 3871 alibi
871 3837 884 3873 :
904 3821 1192 3892 Antequam
1213 3826 1536 3895 humiliarer,
1564 3846 1656 3899 ego
1680 3831 1884 3897 peccavi
1908 3831 2027 3903 (Ps.
2048 3850 2235 3902 cxvttl,

639 3902 755 3975 67),
792 3925 810 3958 ι
842 3918 897 3963 et
936 3923 1134 3967 caetera
1186 3916 1269 3968 his
1296 3917 1527 3983 similia,
1577 3937 1695 3990 qua:
1731 3922 1951 3993 longum
1989 3934 2071 3980 est
2100 3928 2238 3982 scri-

638 3998 789 4057 bere.
842 4005 1231 4065 Animadverte
1285 4013 1413 4081 quid
1459 4014 1691 4070 dixerim
1720 4034 1734 4071 ε
1763 4018 1918 4074 Alius
1948 4036 2111 4084 vero,
2146 4025 2236 4092 qui

636 4090 806 4149 Deum
830 4096 1037 4165 justum
1062 4111 1288 4156 conatur
1316 4106 1609 4161 ostendere
1634 4126 1646 4163 :
1670 4120 1899 4163 conatur
1922 4113 2233 4180 ostendere,

634 4182 884 4257 inquam,
933 4205 1039 4245 non
1088 4195 1353 4249 ostendit.
1406 4196 1462 4252 Si
1495 4209 1675 4254 autem
1706 4201 1761 4255 in
1806 4217 1871 4257 eo
1919 4205 2235 4262 scandalum

632 4282 873 4349 pateris,
923 4299 1092 4354 quare
1148 4287 1469 4344 latissimam
1502 4292 1753 4363 Origenis
1800 4295 2228 4364 disputationem

633 4367 784 4426 brevi
813 4390 1069 4431 sermone
1097 4382 1610 4448 comprehenderint
1634 4427 1649 4450 ,
1692 4397 1749 4441 et
1790 4387 1979 4444 lectori
2012 4407 2233 4448 sensum

635 4462 752 4530 ejus
779 4470 1117 4535 aperuerim;
1152 4483 1313 4545 atque
1342 4491 1407 4528 ex
1452 4490 1518 4530 eo
1552 4476 1645 4531 tibi
1689 4479 1938 4535 occultus
1971 4482 2117 4539 illius
2151 4487 2231 4538 vi-

2337 496 2384 539 et
2448 488 2809 545 immaculati:
2866 493 2967 547 hoc
3025 504 3127 561 est,
3185 497 3275 565 qui
3327 500 3498 553 sancti
3555 513 3609 555 et
3664 503 3915 561 immacu-

2339 577 2433 633 lati
2462 590 2587 635 ante
2617 596 2721 636 non
2752 582 2981 649 fuimus,
3010 595 3063 639 ut
3090 598 3274 657 postea
3305 605 3571 647 essemus.
3602 593 3752 663 Quod
3785 608 3834 652 et
3856 600 3917 657 de

2338 672 2719 737 peccatoribus
2765 674 2832 729 ad
2875 677 3101 732 meliora
3146 682 3427 736 conversis
3474 683 3582 738 dici
3633 697 3841 755 potest;
3871 701 3919 747 et

2338 762 2506 817 stabit
2555 764 2649 819 illa
2678 768 2948 822 sententia
2978 788 2990 821 :
3022 768 3143 824 Non
3161 773 3541 844 justi/imbitur
3574 777 3629 830 in
3660 792 3918 851 conspectu

2340 864 2425 910 tuo
2469 860 2635 911 omnis
2680 862 2851 915 uirens
2884 862 3002 933 (Ps.
3040 880 3169 931 xui,
3200 867 3292 938 2);
3339 866 3392 921 id
3435 874 3555 937 est,’
3584 872 3639 926 in
3684 883 3788 927 tota
3821 878 3918 931 vita

2337 963 2455 1012 sua,
2490 950 2539 1002 in
2570 952 2715 1004 omni
2744 968 2853 1022 quo
2885 956 2935 1007 in
2973 958 3172 1011 mundo
3196 959 3301 1013 isto
3329 958 3357 997 ι)
3388 973 3638 1019 versatus
3670 974 3752 1020 est
3790 978 3918 1023 tem-

2340 1058 2488 1111 pore.
2536 1044 2689 1108 Quod
2742 1046 2964 1115 quidem
3015 1050 3085 1103 ita
3129 1050 3495 1119 intellectum,
3528 1067 3601 1124 _et
3649 1059 3918 1117 adversum

2336 1148 2457 1188 cum
2489 1134 2635 1201 facit,
2668 1136 2757 1206 qui
2785 1150 3073 1209 antequam
3100 1143 3336 1198 mundus
3368 1145 3547 1214 ﬁeret,
3575 1150 3781 1204 animas
3800 1151 3921 1209 dicit

2336 1239 2456 1279 esse
2502 1226 2704 1281 electas
2739 1237 2962 1298 pmpter
2991 1236 3372 1302 sanctitatem,
3410 1248 3463 1291 et
3506 1239 3714 1294 nullum
3746 1242 3918 1299 vitium

2334 1316 2499 1389 479
2522 1330 2888 1389 peccatorum.
2926 1341 2943 1375 ι
2973 1324 3086 1380 Non
3113 1327 3255 1381 enim
3282 1334 3367 1398 (ut
3387 1340 3512 1385 ante
3535 1331 3647 1401 jam
3676 1333 3919 1408 diximus)

2336 1414 2613 1484 eliguntur
2640 1416 2838 1471 Paulus
2861 1459 2875 1485 ,
2908 1429 2960 1474 et
2989 1423 3079 1490 qui
3123 1423 3172 1477 ei
3206 1424 3414 1480 similes
3443 1437 3595 1493 sunt,
3625 1431 3750 1498 quia
3781 1442 3921 1487 erant

2335 1510 2509 1564 sancti
2545 1518 2598 1564 et
2625 1511 2958 1569 immaculati
2988 1532 3000 1567 :
3030 1516 3125 1570 scd
3160 1518 3437 1589 eliguntur
3466 1528 3521 1574 et
3546 1518 3922 1591 praedestinan-

2339 1608 2443 1666 tur,
2474 1612 2530 1657 ut
2554 1604 2604 1657 in
2634 1608 2990 1677 consequenti
3021 1609 3129 1663 vita
3167 1626 3262 1680 per
3290 1627 3455 1681 opera
3485 1622 3652 1684 atque
3682 1617 3918 1685 virtutes,

2335 1696 2511 1751 sancti
2540 1706 2594 1751 et
2626 1700 2955 1755 immaculati
2989 1702 3143 1756 fiant.
3179 1704 3248 1759 Et
3279 1706 3443 1762 audet
3481 1708 3768 1779 quisquam
3814 1720 3923 1782 post

2275 1791 2318 1851 B
2346 1789 2654 1858 bujusmodi
2684 1796 3031 1861 sententiam,
3066 1812 3165 1851 nos
3191 1799 3442 1869 Origenis
3473 1802 3746 1859 haereseos
3778 1820 3921 1860 accu-

2343 1885 2504 1938 Sare?
2530 1885 2731 1939 Decem
2764 1897 2785 1924 ο
2813 1900 2865 1942 et
2889 1896 3012 1942 octo
3036 1888 3209 1946 ferme
3238 1893 3362 1946 anni
3389 1903 3534 1960 sunt,
3568 1912 3633 1949 ex
3668 1912 3773 1965 quo
3803 1897 3921 1953 istos

2342 1974 2539 2031 dictavi
2566 1978 2734 2033 libros
2754 2021 2768 2046 ,
2815 1995 2882 2035 eo
2913 1992 3157 2051 tempore
3185 2000 3291 2054 quo
3320 1984 3577 2056 Origenis
3610 2003 3801 2045 nomen
3830 1989 3919 2045 llo-

2342 2068 2495 2123 rebat
2526 2072 2577 2125 in
2600 2073 2820 2139 mundo;
2850 2090 2957 2146 quo
2979 2082 3098 2155 περὶ
3118 2080 3347 2155 Ἀρχῶν.
3376 2081 3523 2134 illius
3548 2095 3708 2152 Opus,
3732 2082 3920 2139 Latinae

2342 2175 2503 2216 aures
2550 2162 2919 2234 ignorabant:
2959 2180 3013 2223 et
3057 2180 3236 2223 tamen
3284 2172 3567 2240 professus
3612 2188 3730 2227 sum
3778 2174 3921 2229 fidem

2345 2270 2549 2321 meam;
2585 2259 2798 2327 etquid
2849 2262 2979 2315 mihi
3026 2262 3367 2332 displiceret,
3419 2266 3659 2321 ostendi.
3706 2265 3778 2320 Ex
3827 2283 3921 2337 quo

2344 2349 2506 2403 etiam
2562 2352 2605 2404 si
2660 2353 2710 2406 in
2763 2356 2978 2409 caeteris
3025 2355 3226 2426 aliquid
3274 2357 3593 2413 hacretieum
3637 2369 3919 2415 monstrare

2345 2442 2612 2512 potuisset
2658 2446 2948 2513 inimicus,
3004 2462 3111 2502 non
3153 2456 3261 2503 tam
3313 2449 3631 2520 dogmatum
3661 2466 3921 2521 perverso-

2345 2550 2489 2599 rum,
2520 2551 2639 2606 quae
2672 2537 2759 2591 hic
2785 2550 2837 2594 et
2872 2540 2924 2593 in
2950 2540 3071 2595 aliis
3099 2540 3253 2597 libris
3284 2556 3429 2612 saepe
3460 2542 3737 2613 damnavi,
3773 2560 3917 2616 quam

2344 2627 2636 2696 improvidi
2674 2638 2889 2685 tenerer
2917 2634 3141 2687 erroris.

2414 2720 2504 2775 9.5.
2538 2720 2785 2777 Ecclesite
2808 2724 2955 2790 fides.
2982 2756 3052 2764 —-
3074 2725 3385 2781 Secundum
3410 2727 3591 2782 locum
3619 2745 3773 2799 quem
3799 2730 3913 2785 mihi

2342 2811 2410 2865 ab
2440 2827 2507 2867 eo
2537 2815 2925 2882 reprehensum
2960 2818 3128 2873 frater
3174 2819 3448 2887 ostendit,
3507 2821 3634 2893 quia
3665 2822 3812 2877 valde
3838 2822 3915 2877 fri-

2342 2903 2498 2958 volus
2523 2915 2626 2973 est,
2652 2916 2705 2961 et
2736 2921 2976 2978 apertam
3008 2911 3089 2965 sui
3118 2912 3339 2983 praefert
3359 2913 3709 2983 calumniam,
3742 2931 3913 2986 ponam

2342 2996 2599 3053 breviter.
2638 3000 2693 3053 In
2728 3017 2793 3056 eo
2835 3005 3149 3059 testimonio
3182 3006 3270 3061 ubi
3295 3007 3492 3063 Paulus
3522 3009 3799 3080 loquitur:
3832 3010 3915 3063 Se-

2342 3089 2460 3143 dere
2494 3108 2609 3145 eum
2640 3094 2833 3162 faciens
2855 3098 2923 3148 ad
2952 3098 3214 3152 dexteram
3244 3117 3391 3153 suam
3423 3101 3475 3154 in
3506 3102 3811 3167 cwlestibus,
3838 3119 3913 3155 su-

2265 3167 2310 3230 C
2339 3202 2431 3254 per
2474 3203 2673 3240 omnem
2711 3191 3059 3259 principatum
3103 3203 3150 3245 et
3180 3203 3483 3262 potestatem
3524 3207 3573 3249 et
3611 3197 3833 3251 uirtutem
3871 3204 3911 3247 et

2342 3278 2772 3346 dominationem,
2806 3292 2853 3336 et
2890 3300 3038 3337 onme
3065 3301 3248 3338 nomen
3286 3287 3425 3355 quod
3468 3288 3780 3355 nominatur,
3824 3304 3909 3340 non

2341 3370 2506 3422 solum
2531 3372 2581 3424 in
2606 3372 2701 3425 hoc
2727 3375 2938 3441 steculo,
2964 3376 3053 3429 sed
3081 3378 3232 3431 etiam
3258 3379 3309 3431 in
3337 3386 3515 3450 futuro
3537 3381 3751 3453 (Ephes.
3777 3380 3905 3445 1,20,

2340 3459 2453 3531 2|);
2490 3474 2611 3533 post
2640 3467 3000 3536 multiplicem
3032 3472 3465 3540 expositionem,
3499 3488 3624 3528 cum
3653 3473 3717 3527 ad
3747 3473 3909 3526 minis-

2343 3561 2549 3607 trorum
2584 3557 2675 3610 Dei
2712 3558 2885 3613 ofticia
2918 3562 3291 3629 pervenissem
3313 3603 3327 3628 ,
3360 3572 3415 3617 et
3443 3562 3512 3619 de
3543 3563 3908 3633 principatibus

2342 3660 2405 3699 ac
2431 3649 2791 3716 potestatibus
2817 3664 2872 3707 et
2901 3655 3188 3710 virtutibus
3215 3670 3277 3709 ac
3299 3656 3759 3712 dominationibus
3784 3656 3908 3709 dicc-

2342 3758 2489 3811 rem,
2524 3746 2686 3800 etiam
2722 3748 2823 3802 hoc
2850 3749 3031 3805 addidi
3058 3769 3071 3805 :
3104 3772 3129 3829 ut
3166 3752 3405 3808 Necesse
3433 3762 3547 3819 est,
3580 3762 3637 3808 ut
3664 3752 3910 3822 subjectos

2343 3835 2596 3901 habeant,
2623 3850 2678 3895 et
2703 3842 2955 3898 timentes
2984 3858 3063 3911 se,
3090 3855 3143 3901 et
3171 3848 3475 3901 servientcs
3498 3847 3627 3915 sibi,
3654 3856 3704 3901 et
3729 3860 3817 3900 eos
3834 3842 3909 3913 qui

2341 3946 2371 3985 a
2398 3947 2494 3986 sua
2520 3934 2836 3991 fortitudine
2861 3938 3208 3994 roborentur.
3233 3940 3361 4009 Quae
3385 3941 3793 3996 distributiones
3814 3936 3911 3991 olli-

2341 4023 2585 4090 ciorum,
2619 4042 2721 4081 non
2756 4030 2930 4084 solum
2976 4031 3030 4086 in
3075 4034 3518 4101 praesentiarum,
3551 4033 3646 4088 sed
3688 4031 3909 4087 etiamin

2343 4118 2521 4174 futuro
2553 4123 2751 4176 s:ecnlo
2787 4135 2985 4178 erunt:
3032 4136 3090 4179 nt
3141 4142 3235 4195 per
3282 4127 3525 4196 singulos
3567 4126 3827 4197 profectus
3866 4130 3913 4176 et

2342 4208 2579 4267 honores
2600 4255 2615 4278 ,
2648 4214 3000 4271 ascensiones
3028 4225 3079 4271 et
3109 4217 3518 4284 descensiones,
3548 4216 3573 4254 ι¹
3598 4218 3679 4273 vel
3721 4220 3913 4271 crescat

2340 4303 2556 4373 aliquis,
2591 4306 2675 4359 vel
2701 4307 3003 4377 decrescat,
3034 4320 3089 4365 et
3116 4310 3218 4365 sub
3244 4311 3347 4365 alia
3376 4322 3538 4381 atque
3559 4311 3657 4365 alia
3686 4314 3912 4378 potesta-

2343 4402 2417 4459 te,
2447 4395 2666 4464 virtute,
2693 4399 3026 4470 principatu,
3059 4411 3114 4455 et
3137 4401 3515 4458 dominatione
3544 4403 3651 4457 fiat.
3677 4420 3694 4453 ι
3716 4400 3781 4455 Et
3806 4405 3913 4468 post

2341 4490 2657 4559 exemplum
2691 4493 2892 4548 terreni
2935 4495 3109 4564 regis,
3147 4504 3422 4566 totamque
3464 4496 3651 4552 Palatii
3682 4494 3911 4560 descrip-

641 4554 776 4609 deor
803 4573 923 4613 esse
954 4574 1212 4634 sectator,
1245 4569 1368 4637 quia
1409 4569 1537 4623 nihil
1575 4571 1644 4624 ab
1674 4586 1743 4626 eo
1770 4571 1973 4629 dictum
2008 4588 2232 4646 praeter-
2258 4557 2312 4616 D
2342 4581 2543 4637 tionem
2567 4623 2581 4645 ,
2616 4599 2711 4652 per
2738 4601 2898 4655 quam
2929 4587 3141 4642 diversa
3176 4587 3604 4643 ministeriorum
3635 4586 3723 4642 Dei
3753 4582 3911 4638 officia

641 4649 889 4705 miserim
914 4694 929 4719 ,
962 4656 1081 4712 vide
1119 4676 1186 4716 ne
1217 4660 1321 4715 hoc
1363 4664 1572 4719 idcirco
1616 4663 1870 4733 fecerim,
1903 4680 1958 4723 ut
1993 4684 2231 4729 vestram

637 4741 965 4799 calumniam
1007 4748 1336 4808 declinarem
1362 4797 1375 4820 ,
1409 4772 1475 4810 ne
1506 4772 1592 4811 me
1630 4758 1891 4816 diceretis
1921 4779 2039 4830 qua:
2069 4766 2137 4820 ab
2167 4783 2233 4820 eo

635 4834 852 4892 fortiter
878 4850 1003 4895 sunt
1034 4842 1173 4899 dicta
1197 4889 1211 4911 ,
1250 4848 1517 4918 tacuisse,
1552 4862 1607 4905 et
1650 4853 1801 4907 illum
1842 4856 1893 4908 in
1934 4856 2124 4912 Graeco
2147 4876 2236 4915 ro-

633 4927 846 4985 bustius
875 4932 1174 5000 disputare.
1207 4938 1369 4992 Posui
1404 4956 1534 5011 ergo
1564 4945 1744 4997 omnia
1766 4984 1782 5010 ,
1810 4946 1935 5001 licet
1973 4948 2228 5014 brevius,

639 5035 761 5090 quae
805 5023 857 5076 in
909 5024 1100 5081 Graaco
1147 5031 1355 5097 reperi,
1408 5042 1464 5085 ut
1493 5034 1629 5088 nihil
1676 5035 1941 5093 haberent
1980 5040 2234 5110 discipuli

639 5113 757 5180 ejus
787 5116 941 5179 novi,
974 5118 1118 5186 quod
1164 5119 1482 5177 Latinorum
1527 5127 1745 5182 auribus
1774 5130 2105 5200 ingererent.
2137 5135 2239 5191 Fa-

634 5205 796 5260 cilius
847 5207 991 5261 enim
1054 5218 1213 5276 nota,
1264 5228 1420 5280 quam
1473 5219 1755 5286 repentina
1812 5227 2233 5283 contemnimus.

633 5298 899 5371 Exposita
946 5312 1124 5357 autem
1172 5306 1621 5377 interpretatione
1666 5315 1813 5384 ejus,
1848 5317 1977 5386 quid
2021 5318 2074 5373 in
2126 5320 2234 5376 fine

630 5393 852 5463 capituli
876 5394 1196 5464 dixerimus,
1225 5402 1468 5455 ausculta
1494 5420 1505 5454 :
1537 5422 1553 5453 ι
1586 5403 1701 5458 Non
1730 5405 2233 5478 enimaitAposto-

635 5483 736 5552 lus,
756 5489 909 5561 elegit
932 5507 1025 5545 nos
1048 5502 1169 5547 ante
1195 5495 1613 5551 constitutionem
1639 5499 1841 5561 mundi,
1869 5515 1983 5552 cum
2006 5518 2235 5558 essemus

704 5651 892 5721 fCod.
927 5668 1068 5708 unus
1100 5653 1476 5721 Cisterciens.,
1510 5672 1624 5709 cum
1654 5656 2080 5711 habitationibus.

706 5718 734 5757 ι)
766 5722 821 5774 1η
853 5721 1303 5791 Conmentariis,
1334 5718 1689 5787 conversatus.

710 5796 731 5827 ι
765 5790 920 5853 Quod
951 5793 1039 5846 hic
1069 5804 1214 5847 stare
1248 5790 1505 5855 numerus
1532 5801 1754 5855 omnino
1797 5815 1901 5856 non
1940 5799 2137 5871 possit;
2170 5802 2221 5860 id

2339 4671 2807 4741 demonstrabam,
2842 4676 3021 4731 addidi
3053 4696 3064 4730 :
3100 4696 3119 4730 ι
3154 4678 3219 4733 Ει
3248 4691 3497 4749 putamus
3532 4680 3723 4743 Deum,
3750 4671 3911 4729 Domi-

2342 4782 2468 4819 num
2518 4767 2907 4837 dominorum,
2952 4787 3246 4841 regemque
3288 4779 3667 4843 regnantium,
3700 4764 3909 4835 simplici

2342 4867 2551 4913 tantum
2600 4861 2905 4917 ministerio
2933 4878 3052 4919 esse
3078 4866 3432 4921 contentum?
3469 4886 3487 4917 ›
3522 4862 3797 4931 Quomodo
3823 4859 3912 4914 Ar-

2342 4950 2638 5022 changclus
2662 4970 2765 5009 non
2795 4954 3016 5023 dicitur,
3043 4958 3146 5012 nisi
3174 4961 3264 5030 qui
3290 4961 3439 5029 prior
3458 4969 3541 5014 est
3561 4957 3906 5027 Angelorum:

2340 5046 2418 5100 sic
2449 5046 2791 5117 Principatus
2832 5058 2887 5104 et
2932 5051 3241 5107 Potestates
3291 5063 3344 5107 et
3389 5053 3791 5107 Dominationes
3816 5058 3908 5098 non

2339 5140 2700 5207 appellantur,
2749 5140 2851 5195 nisi
2884 5141 3161 5210 subjectos
3193 5144 3404 5213 aliquos
3431 5142 3667 5197 habeant
3698 5150 3747 5195 et
3790 5134 3910 5191 infe—

2339 5229 2503 5283 rioris
2533 5232 2754 5300 gradus.
2776 5230 2941 5303 480
2963 5230 3057 5287 Sin
3092 5244 3272 5287 autem
3303 5243 3452 5304 putat
3480 5233 3681 5289 idcirco
3707 5245 3786 5283 me
3810 5224 3909 5280 Ori-

2335 5334 2527 5391 gencm
2554 5324 2730 5391 sequi,
2754 5324 2875 5392 quia
2911 5323 3187 5392 profectus
3210 5334 3263 5379 et
3293 5325 3552 5389 honores,
3577 5319 3907 5377 ascensioncs

2336 5426 2392 5471 et
2436 5416 2855 5481 descensiones,
2907 5418 3243 5473 incrementa
3290 5426 3345 5473 et
3392 5417 3815 5474 immunitiones,
3862 5408 3905 5459 in

2337 5509 2679 5579 expositione
2723 5524 2843 5566 mea
2886 5510 3073 5579 posui;
3124 5509 3261 5565 sciat
3302 5510 3528 5564 multum
3572 5509 3827 5562 interesse
3851 5496 3906 5551 de

2337 5664 2395 5721 S.
2432 5666 2615 5723 Patris
2642 5667 2764 5723 Vita
2795 5680 2897 5722 suo
2926 5667 3046 5721 loco
3070 5668 3432 5731 ostendimus.

2406 5733 2433 5773 ἀ
2466 5736 2588 5792 Vid.
2623 5754 2743 5809 quas
2780 5739 2830 5795 in
2866 5739 3010 5794 hunc
3039 5754 3070 5795 e
3097 5738 3515 5797 Commentariis
3546 5737 3719 5795 locum
3752 5740 3902 5789 anno“

2340 5808 2533 5861 tamus.
