4054 6378
178 384 271 442 ΗῚ

1124 383 1471 441 APOLOCH
1516 381 1885 439 ADVERSIJS
1927 383 2175 438 LIBROS
2219 380 2474 439 llUFlNl.

3351 389 3459 443 “8

177 500 387 569 Angelis
420 511 471 554 et
500 501 787 571 Serapbim
832 509 883 556 et
914 501 1200 558 Cherubim
1230 502 1444 564 dicere,
1475 501 1751 555 daunoncs
1783 506 1829 563 Α
1861 515 1956 570 pro
1997 500 2283 565 Gentibus,
2317 506 2495 569 potest
2528 506 2583 553 et.
2621 497 2687 554 de
2728 500 2986 572 martyrio
3022 498 3271 570 intelligi,
3311 501 3454 566 quod

177 603 227 647 et
256 592 499 647 homines
530 592 681 658 ﬁeri,
721 594 860 663 quod
909 593 1148 648 afﬁrmat
1176 594 1468 664 Origenes;
1513 602 1563 646 et
1604 592 1751 659 ipsos

174 683 308 740 inter
331 702 389 739 se
407 684 642 755 Angelos
667 685 881 741 diversa
908 686 1203 741 ofﬁciorum
1230 701 1431 757 genera
1449 699 1569 739 esse
1596 684 1752 737 sorti-

174 785 284 842 tos,
309 776 453 846 quod
486 777 741 833 Ecclesiae
767 793 873 835 non
906 789 1192 852 repugnat.
1224 778 1506 848 Quomodo
1534 787 1587 831 et
1616 777 1755 831 inter

176 868 420 925 homines
446 870 579 925 ordo
610 870 930 941 dignitatum
960 887 1025 927 cx
1058 871 1263 927 laboris
1288 871 1552 926 varietate
1579 867 1755 922 diver-

174 976 261 1018 sus
285 971 385 1024 est,
408 978 531 1017 cum
561 963 850 1031 episcopus
877 974 930 1017 et
956 961 1267 1033 presbyter,
1292 968 1347 1015 et
1371 959 1545 1014 omnis
1572 956 1759 1011 Eccle-

174 1052 421 1109 siasticus
472 1053 673 1124 gradus
722 1054 920 1109 habeat
965 1055 1210 1108 ordinem
1260 1068 1448 1116 suum;
1482 1062 1535 1106 et
1582 1058 1759 1104 tamen

174 1162 361 1203 omnes
410 1148 661 1203 homines
693 1158 822 1203 sunt
854 1167 865 1201 :
898 1150 979 1203 sic
1008 1158 1065 1204 et
1111 1149 1253 1203 inter
1295 1146 1533 1217 Angelos
1571 1145 1761 1200 merita

174 1255 292 1295 esse
320 1240 560 1307 diversa,
593 1250 645 1296 et
679 1251 857 1297 tamen
889 1243 941 1297 in
966 1242 1224 1312 Angelica
1253 1256 1441 1296 omnes
1473 1241 1764 1310 persistere

173 1330 470 1402 dignitate:
504 1349 605 1390 nec
633 1334 699 1389 de
722 1335 948 1405 Angelis
980 1335 1391 1407 horninesﬁeri,
1420 1349 1520 1390 nec
1547 1348 1763 1389 rursum

176 1424 429 1481 homines
458 1426 509 1481 in
534 1428 769 1499 Angelos
793 1428 1094 1483 reformari.

246 1518 339 1573 24.
380 1519 673 1574 Verecuude
720 1538 820 1574 non
852 1522 1017 1590 posuit
1048 1522 1255 1575 nomina
1284 1519 1673 1592 Erpositorum.
1696 1548 1768 1559 ——

173 1614 399 1673 Tertius
429 1626 512 1671 est
539 1617 977 1686 reprehensionis
1013 1617 1165 1671 locus
1208 1616 1349 1683 quod
1383 1617 1596 1671 dicente
1625 1613 1771 1683 Apo-

174 1710 320 1764 stolo
349 1727 360 1761 :
392 1709 460 1764 Ut
486 1710 769 1763 ostenderet
799 1711 851 1761 in
879 1708 1080 1763 sa'cut'is
1109 1708 1577 1779 supervenientibus
1607 1706 1773 1760 abun-

176 1802 360 1855 dantes
408 1800 610 1853 divitias
658 1802 839 1871 gratia:
885 1816 993 1854 sua:
1040 1800 1095 1853 in
1123 1800 1347 1853 bonitate
1391 1816 1544 1869 super
1586 1814 1679 1851 nos
1718 1797 1771 1849 in

1860 598 2043 650 Romae
2074 597 2124 649 in
2152 594 2362 650 vincula
2385 594 2689 663 coniectus,
2717 594 2857 650 hanc
2887 594 3189 664 Epistulam
3224 593 3455 657 miserit,

1859 705 1924 744 eo
1953 698 2198 757 tempore
2218 702 2327 759 quo
2357 686 2423 741 ad
2464 687 2858 754 Philemonem,
2888 698 2942 742 et
2969 688 3035 742 ad
3076 686 3463 752 Colossenscs,

1861 788 1915 834 et
1944 779 2348 849 Philippenses,
2380 778 2436 832 in
2460 778 2568 832 alio
2603 779 2724 834 loco
2762 778 2997 848 scriptas
3027 793 3153 834 esse
3180 788 3458 832 monstra-

1861 873 2058 926 vimus.
2094 871 2192 927 Vel
2232 882 2403 937 certe,
2434 873 2558 941 quia
2600 871 2652 925 in
2695 871 2944 940 plurimis
2971 870 3104 925 locis
3137 871 3335 926 lectum
3377 882 3461 929 est

1861 966 2132 1020 vinculum
2161 966 2354 1019 animae
2394 979 2592 1034 corpus
2635 965 2735 1019 hoc
2788 964 2914 1026 dici.
2946 980 3055 1035 quo
3086 967 3239 1035 quasi
3279 967 3466 1025 clauso

1864 1065 2114 1111 teneatur
2142 1059 2192 1111 in
2224 1070 2468 1121 carcere,
2501 1055 2731 1112 dicimus
2758 1070 3047 1126 prapterea
3078 1057 3305 1113 Paulum
3339 1075 3464 1115 cor-

1866 1150 2015 1219 poris
2065 1148 2289 1203 nexibus
2352 1148 2620 1214 coerceri,
2654 1163 2755 1203 nec
2810 1150 3032 1215 reverti,
3072 1158 3128 1205 et
3173 1165 3293 1207 esse
3341 1168 3463 1208 cum

1866 1242 2110 1305 Christo,
2145 1251 2201 1296 ut
2249 1243 2485 1312 perfecta
2519 1243 2572 1297 in
2622 1242 2825 1298 Gentes
2858 1259 2953 1313 per
2978 1260 3101 1301 eum
3150 1247 3467 1315 przcdieatio

1868 1336 2253 1405 compleatur:
2306 1335 2432 1391 licet
2472 1336 2691 1405 quidam
2749 1338 2912 1391 alium
2944 1354 3161 1395 sensum
3196 1341 3250 1395 in
3293 1341 3399 1397 hoc
3440 1355 3463 1383 ο

1870 1427 1992 1481 loco
2021 1427 2390 1493 introducunt,
2414 1427 2553 1497 quod
2580 1427 2777 1483 Paulus
2795 1430 3213 1498 praedestinatus
3237 1441 3290 1487 et
3314 1447 3472 1488 sanc-

1872 1519 2105 1573 tilicatus
2130 1533 2195 1573 ex
2220 1526 2374 1573 utero
2400 1519 2592 1573 matris
2620 1534 2732 1575 sua:
2758 1520 2823 1574 ad
2852 1521 3303 1592 praedicationem
3328 1524 3477 1580 Gen-

1876 1612 2005 1667 tium
2058 1622 2347 1683 antequam
2402 1623 2747 1680 nasceretnr,
2792 1624 2980 1686 postea
3026 1618 3239 1673 vincula
3295 1623 3476 1676 carnis

1876 1706 2165 1776 acceperit.
2203 1725 2221 1757 ›
2267 1707 2333 1761 Et
2372 1707 2423 1760 in
2458 1706 2563 1762 hoc
2606 1709 2897 1777 triplicem,
2934 1718 2994 1763 ut
3024 1724 3212 1781 supra,
3254 1714 3477 1783 exposi-

1879 1799 2079 1854 tionem
2101 1800 2276 1869 posui.
2306 1800 2359 1854 ln
2389 1800 2558 1869 prima
2580 1843 2593 1865 ,
2620 1801 2746 1870 quid
2783 1802 2915 1856 mihi
2956 1803 3265 1869 videretur;
3310 1806 3365 1861 in
3394 1822 3478 1864 se-

179 1892 380 1947 C/iristo
418 1890 543 1946 Jesu
568 1935 581 1958 ,
612 1907 709 1946 nos
738 1892 1007 1961 triplicem
1038 1890 1436 1961 expositionem
1468 1890 1768 1959 posuimus.
1804 1897 1850 1956 Β
1877 1892 2222 1962 cunda,quid
2249 1894 2512 1964 Origenes
2542 1903 2845 1960 assereret;
2872 1896 2924 1949 in
2956 1897 3136 1963 tertia,
3163 1898 3292 1967 quid
3315 1898 3481 1970 Apol-

180 1988 233 2044 ln
261 1990 433 2061 prima
460 1988 586 2059 quid
620 1989 776 2043 nobis
808 1987 1085 2042 videretur
1112 2005 1124 2041 :
1152 1986 1204 2040 in
1235 1984 1472 2041 secunda
1500 1984 1626 2053 quid
1654 1982 1776 2037 Ori—

178 2098 342 2153 genes
372 2092 675 2153 Opponeret
703 2104 715 2137 :
749 2083 800 2135 in
830 2083 988 2136 tertia
1020 2080 1147 2151 quid
1174 2079 1543 2149 Apollinarius
1568 2076 1779 2145 simpli-

178 2176 313 2231 citer
369 2176 711 2245 explanaret.
762 2174 1002 2241 Quorum
1064 2173 1110 2227 si
1162 2173 1380 2226 nomina
1432 2185 1538 2225 non
1592 2168 1779 2239 posui,

177 2267 410 2339 ignosce
455 2266 802 2322 verecundia:
846 2280 982 2319 mea:
1010 2282 1022 2317 :
1050 2279 1156 2318 non
1198 2263 1360 2317 debui
1390 2277 1486 2317 eos
1525 2276 1781 2330 carpere,

176 2376 321 2433 quos
356 2362 611 2416 imitabar
640 2377 704 2416 ex
749 2369 925 2431 parte,
969 2368 1023 2414 et
1051 2375 1281 2429 quorum
1314 2358 1365 2412 in
1395 2357 1639 2412 Latinam
1687 2357 1787 2411 lin-

174 2469 341 2525 gnam
379 2455 685 2508 sententias
717 2451 1135 2507 transferebam.
1168 2471 1184 2503 ‹
1223 2450 1350 2515 Sed,
1380 2449 1513 2512 dixi,
1545 2450 1635 2519 qui
1663 2448 1787 2503 dili-

176 2563 315 2618 gens
345 2548 528 2601 lcctor
558 2555 674 2611 est,
709 2545 895 2599 statim
927 2543 1195 2614 requiret,
1227 2551 1281 2598 et
1307 2542 1469 2597 dicet.
1507 2542 1575 2594 Et
1602 2556 1790 2595 rursus

178 2640 232 2694 in
259 2642 400 2703 line,
433 2636 587 2691 Alius
617 2652 746 2691 vero
773 2635 876 2689 hoc
903 2634 1046 2705 quod
1074 2634 1179 2699 ait,
1203 2644 1259 2687 ut
1291 2633 1577 2688 ostenderet
1609 2633 1660 2686 in
1692 2647 1790 2685 sa:-

178 2736 313 2788 culis
339 2730 832 2803 supervenientibus
861 2729 1187 2783 abundantes
1219 2728 1429 2780 divitias
1456 2726 1637 2796 gratia:
1664 2741 1790 2792 sure,

178 2824 246 2879 ad
278 2825 435 2878 illam
472 2822 885 2892 intelligentiam
916 2830 941 2857 ιι
970 2818 1247 2873 transfert.
1288 2838 1306 2868 ι
1344 2817 1515 2881 Ecce,
1546 2815 1790 2885 inquies,

178 2919 283 2973 sub
314 2917 601 2988 diligentis
632 2914 853 2970 lectoris
886 2927 1121 2984 persona
1142 2953 1156 2978 ,
1200 2911 1452 2982 Origcnis
1493 2910 1794 2965 sententias

179 3013 497 3085 explicasti.
531 3013 730 3068 Fateor
751 3025 1024 3076 errorem,
1051 3024 1156 3063 non
1186 3007 1347 3063 debui
1375 3007 1683 3075 diligentem
1716 3003 1798 3057 di-

178 3122 341 3172 cere,
369 3107 474 3161 sed
515 3103 931 3173 blaSphemum:
964 3100 1109 3171 quod
1133 3100 1175 3153 si
1223 3099 1468 3154 fecissem
1490 3138 1503 3161 ,
1536 3106 1588 3150 et
1615 3094 1797 3166 aliquo

177 3198 416 3254 scissem
450 3196 713 3251 vatieinio
758 3205 809 3249 te
849 3190 1157 3248 istiusmodi
1190 3190 1393 3244 nuntias
1425 3197 1756 3243 sectaturum
1780 3226 1794 3252 ,

1880 1988 2107 2042 linarius
2134 1999 2321 2042 contra
2354 1989 2501 2043 illius
2527 1988 2731 2044 vadens
2764 1989 3017 2060 dogmata
3050 1994 3297 2047 sentiret.
3338 1993 3482 2063 Lege

1883 2081 2101 2138 Graecos
2145 2084 2619 2147 Commentarios;
2651 2091 2705 2138 et
2742 2085 2848 2137 nisi
2903 2084 2975 2138 ita
3031 2086 3333 2155 repereris,
3375 2087 3483 2141 cri-

1885 2190 2008 2228 men
2044 2176 2269 2230 fatebor.
2302 2175 2453 2243 Quod
2482 2186 2569 2231 est
2604 2178 2656 2231 in
2687 2177 2791 2231 isto
2819 2176 2938 2231 loco
2962 2186 3239 2247 peccatum
3265 2179 3487 2233 meum?

1886 2265 2020 2319 Illud
2063 2266 2341 2331 nimirum,
2366 2282 2466 2335 pro
2497 2283 2603 2335 quo
2631 2283 2793 2338 supra
2832 2269 3087 2338 respondi
3123 2286 3137 2322 :
3172 2285 3340 2339 quare
3380 2284 3487 2325 non

1890 2370 1984 2411 eos
2024 2372 2055 2409 a
2098 2357 2291 2426 quibus
2338 2358 2479 2412 dicta
2532 2369 2678 2427 sunt,
2720 2360 3095 2415 nominarim?
3144 2361 3489 2431 Superlluum

1890 2457 2003 2503 erat
2030 2464 2127 2518 per
2158 2448 2641 2519 singula‘Apostoli
2676 2453 3009 2520 testimonia,
3043 2468 3234 2509 eorum
3275 2458 3492 2512 nomina

1893 2557 2117 2612 ponere,
2148 2558 2375 2612 quorum
2416 2559 2501 2597 me
2543 2546 2813 2614 Opuscula
2839 2547 3227 2603 translaturum
3270 2548 3321 2602 in
3349 2548 3494 2604 Prmc

1895 2635 2097 2691 iatione
2122 2636 2482 2705 signaveram.
2528 2638 2593 2691 Et
2616 2644 2797 2692 tamen
2832 2639 3066 2694 vinctam
3109 2641 3216 2697 dici
3257 2643 3492 2697 animam

1896 2741 2151 2795 corpore,
2181 2727 2354 2784 donec
2385 2728 2452 2781 ad
2482 2728 2757 2782 Christum
2799 2729 3010 2798 redeat,
3036 2740 3088 2786 et
3120 2732 3171 2786 in
3220 2748 3499 2789 resurrec-

1898 2820 2061 2875 tionis
2087 2819 2276 2887 gloria,
2309 2818 2681 2887 corruptivum
2714 2828 2768 2875 et
2809 2822 3042 2876 mortale
3072 2838 3289 2893 corpus,
3321 2825 3499 2880 incor—

1898 2912 2147 2980 ruptione
2186 2920 2240 2966 et
2291 2912 2697 2967 immortalitate
2738 2922 3057 2979 commutet,
3092 2932 3199 2971 non
3251 2916 3500 2973 absurda:

1900 3002 2269 3073 intelligentia:
2311 3011 2412 3058 est.
2448 3003 2604 3059 Unde
2638 3014 2691 3058 et
2721 3004 3013 3075 Aposmlus
3039 3023 3052 3059 :
3082 3007 3243 3062 Miser
3273 3025 3389 3078 ego.
3416 3009 3500 3062 in-

1902 3094 2036 3167 quit,
2080 3096 2272 3151 Itonto:
2304 3097 2417 3166 quis
2464 3112 2541 3149 me
2574 3096 2809 3150 liberabit
2849 3099 2912 3151 de
2956 3114 3171 3169 corpore
3199 3100 3376 3153 mortis
3403 3099 3502 3153 Itu-

1897 3192 2034 3260 jus?
2061 3190 2269 3260 Corpus
2294 3192 2486 3247 mortis
2515 3192 2813 3261 appellans.
2856 3193 2999 3263 quod
3032 3194 3181 3248 vitiis
3216 3202 3270 3249 et
3297 3192 3503 3250 morbis

175 3294 346 3349 etiam
396 3287 699 3345 calumnia:
745 3286 909 3340 verba
942 3284 1225 3337 vitassem.
1256 3281 1472 3337 Grande
1515 3280 1721 3334 crimen
1753 3276 1797 3330 si
1829 3280 1873 3342 C
1906 3292 1964 3339 et
1991 3284 2482 3353 perturbationibus
2525 3300 2587 3339 ac
2624 3286 2783 3340 morti
2832 3286 3144 3355 subiaceat:
3176 3287 3355 3344 donec
3376 3302 3499 3343 cum

175 3382 494 3453 Origenem
525 3378 551 3416 ι)
593 3378 907 3441 diligentem
957 3375 1069 3429 dixi
1116 3389 1236 3429 esse
1286 3375 1591 3436 lectorem,
1644 3370 1798 3439 cujus

172 3474 550 3547 septuaginta
598 3472 767 3527 libros
798 3473 1187 3539 interpretatus
1218 3484 1369 3535 sum,
1403 3482 1561 3537 quem
1608 3468 1659 3521 in
1692 3482 1801 3521 coe—

173 3567 289 3624 lum
350 3564 621 3621 laudibus
677 3564 813 3629 tuli;
854 3578 952 3632 pro
997 3577 1106 3633 quo
1146 3560 1462 3631 compulsus
1501 3574 1619 3613 sum
1674 3568 1801 3614 ante

174 3663 481 3719 biennium
517 3658 669 3715 brevi
704 3657 889 3711 libello
943 3656 1047 3709 tuis
1075 3664 1260 3709 contra
1286 3669 1370 3708 mc
1399 3651 1686 3722 praeconiis
1716 3666 1800 3706 re-

178 3756 474 3826 spondere
503 3751 773 3825 (Epistula
802 3749 872 3803 ad
904 3746 1207 3802 Pammach.
1236 3756 1356 3800 ante
1378 3745 1639 3800 biennium
1670 3746 1800 3798 scri-

178 3852 312 3921 pta).
349 3848 738 3906 Ecclesiarum
774 3844 1090 3915 magistrum
1124 3859 1152 3896 a
1184 3858 1270 3897 me
1300 3841 1504 3896 dictum
1535 3855 1656 3895 esse
1682 3838 1803 3894 Ori-

176 3958 404 4012 geuem,
438 3943 495 3996 in
523 3940 632 3995 tuis
664 3938 916 3993 laudibus
939 3936 1168 4005 objicis:
1197 3944 1251 3991 et
1279 3945 1439 4006 putas
1463 3933 1609 4004 quod
1641 3932 1804 4002 perti-

176 4050 444 4093 mescere
474 4033 714 4090 debeam
738 4072 753 4099 ,
788 4030 833 4085 si
873 4030 1191 4101 diligentem
1240 4029 1502 4084 lectorem
1536 4044 1621 4083 me
1654 4029 1802 4082 illum

177 4125 392 4185 dixisse
446 4127 713 4183 inimicus
756 4138 999 4180 accuses.
1047 4122 1296 4179 Solemus
1341 4132 1396 4177 et
1442 4122 1805 4192 negotiatores

176 4226 586 4296 parcissimos,
618 4228 673 4277 et
699 4219 837 4289 frugi
859 4233 1071 4285 servos,
1098 4228 1151 4273 et
1178 4218 1436 4273 molestos
1464 4214 1803 4286 pmdagogus,

180 4326 235 4373 et
262 4318 675 4390 argutissimos
704 4314 873 4379 fures,
906 4311 1196 4382 diligentes
1221 4324 1441 4365 vocare.
1472 4306 1633 4379 48],
1665 4304 1729 4360 Εῑ
1753 4306 1805 4359 in

177 4414 499 4487 Evangelia
530 4411 755 4467 villicus
786 4408 1090 4478 iniquitatis
1122 4405 1417 4476 prudenter
1448 4402 1697 4473 quaedam
1731 4399 1809 4454 l'e-

178 4508 328 4563 cisse
360 4509 583 4562 dicitur
616 4501 772 4576 (Luc.
816 4504 931 4570 xvr)
966 4517 978 4552 :
1012 4506 1101 4563 et,
1133 4496 1510 4549 Prudentiores
1553 4502 1672 4546 sunt
1712 4492 1808 4560 ﬁlii

175 4602 348 4675 hujus
383 4600 575 4656 seaculi
606 4598 730 4666 ﬁliis
762 4596 893 4649 lucis
924 4594 976 4647 in
1008 4589 1337 4662 generatione
1359 4604 1455 4640 sua
1488 4584 1651 4656 (Ibid.
1685 4600 1804 4652 xvr,

1904 3376 2123 3432 Christo
2153 3386 2400 3447 resurgat
2431 3378 2480 3430 in
2506 3376 2697 3445 gloria,
2730 3376 2894 3449 482
2925 3386 2980 3433 et
3019 3378 3207 3449 fragile
3240 3380 3385 3449 prius
3417 3379 3500 3434 lu-
3570 3430 3571 3433 η

1907 3479 2041 3535 tum,
2083 3478 2412 3540 excoquatur
2453 3469 2666 3525 fervore
2713 3470 2949 3539 Spiritus
3000 3471 3172 3527 sancti
3220 3472 3273 3526 in
3307 3481 3501 3528 testam

1905 3561 2282 3618 solidtssimam
2310 3578 2323 3616 :
2353 3562 2641 3616 demutans
2662 3562 2910 3632 gloriam,
2938 3578 3043 3617 non
3076 3572 3348 3619 naturam.

1977 3653 2067 3709 26.
2109 3655 2337 3722 Quintus
2366 3656 2517 3710 locus
2556 3654 2923 3709 validissimus
2962 3664 3070 3722 est,
3104 3656 3156 3709 in
3184 3672 3291 3726 quo
3331 3670 3502 3725 expo-

1906 3757 2094 3804 nentes
2123 3748 2247 3803 illud
2277 3747 2517 3817 Apostoli
2547 3747 2932 3811 testimonium,
2964 3745 3048 3801 Ex
3070 3764 3168 3817 quo
3200 3758 3360 3801 totunt
3388 3764 3505 3801 cor-

1909 3861 2002 3913 pus
2034 3852 2355 3914 compactum
2394 3852 2441 3895 et
2489 3840 2895 3913 conglutinatum
2935 3856 3027 3910 per
3064 3856 3260 3893 omnem
3291 3840 3507 3910 junctu-

1907 3953 2017 3990 ram
2045 3934 2550 3997 subministrationis,
2585 3933 2868 3987 secundum
2900 3932 3246 4002 operationem
3277 3934 3331 3987 in
3362 3951 3505 3989 uten-

1908 4046 2080 4083 suram
2110 4028 2514 4096 uniuscuiusque
2537 4027 2767 4093 membri,
2793 4035 3129 4097 augmentum
3154 4032 3386 4096 corporis
3417 4035 3503 4098 {a-

1910 4123 1975 4175 cit
2006 4123 2060 4175 in
2090 4122 2482 4189 mdiﬁcationem
2512 4120 2593 4173 sui
2624 4123 2676 4173 in
2706 4120 2958 4173 charitate
2981 4118 3121 4191 (Lib.
3173 4136 3228 4183 II,
3261 4135 3379 4189 cap.
3424 4121 3502 4191 4),

1910 4215 2224 4269 latissimam
2257 4214 2505 4283 Origenis
2532 4216 2954 4283 espositionem,
2980 4222 3033 4269 et
3054 4212 3276 4268 eosdem
3316 4226 3508 4269 sensus

1910 4322 2008 4377 per
2036 4306 2246 4361 diversa
2289 4306 2453 4361 verba
2491 4306 2821 4371 volventem,
2872 4306 3029 4361 brevi
3078 4320 3333 4360 sermone
3378 4319 3510 4361 eon-

1911 4399 2247 4464 striuximus,
2273 4397 2401 4453 nihil
2436 4400 2702 4470 exemplis
2732 4406 2786 4451 et
2817 4397 3209 4453 assertionibus
3238 4396 3385 4451 illius
3414 4412 3511 4452 au-

1912 4492 2171 4550 ferentes.
2203 4491 2446 4561 Cumque
2469 4491 2903 4560 pervenissemus
2927 4491 2992 4545 ad
3026 4489 3210 4555 tinem,
3240 4490 3353 4545 bmc
3383 4490 3512 4546 sub-

1909 4587 2176 4656 jecimus:
2214 4604 2233 4635 ‹
2269 4586 2434 4655 Igitur
2457 4592 2512 4639 et
2541 4585 2594 4638 in
2626 4582 2971 4638 restitutione
2996 4585 3261 4650 omnium,
3294 4583 3511 4652 quando

176 4669 264 4766 8):
295 4696 403 4763 Et,
440 4695 690 4761 Serpens
720 4686 1003 4759 sapientior
1045 4692 1155 4739 erat
1183 4680 1420 4737 omnibus
1451 4677 1655 4744 bestiis,
1685 4693 1810 4746 quas
1837 4669 1892 4729 D
1917 4694 2114 4748 corpus
2144 4680 2311 4733 totius
2341 4678 2601 4733 Ecclesia:
2640 4691 2787 4732 nunc
2814 4676 3122 4749 dispersum
3175 4690 3339 4751 atque
3369 4680 3514 4736 lace-

179 4790 304 4859 fecit
339 4788 619 4843 Dominus
642 4798 798 4854 super
827 4791 1020 4835 terram
1049 4776 1207 4849 (Gen.
1233 4790 1312 4841 ut,
1346 4772 1425 4843 l).

250 4881 352 4935 25.
407 4879 628 4948 Corpus
670 4875 850 4928 mortis
880 4871 1017 4942 quod
1060 4867 1477 4935 sit.——Quartus
1516 4861 1817 4933 reprehen-

177 4972 357 5029 sionis
386 4972 584 5035 locus,
618 4964 902 5022 exordium
934 4961 1156 5017 secundi
1186 4959 1307 5013 libri
1340 4956 1603 5028 possidet,
1634 4956 1685 5010 in
1710 4969 1818 5024 quo

178 5046 291 5121 hoc
320 5064 493 5121 Pauli
527 5058 906 5117 testimonium
928 5053 1280 5125 exposuimus
1313 5068 1325 5103 :
1361 5049 1535 5120 Hujus
1556 5048 1629 5103 rei
1650 5048 1820 5120 gratia

182 5178 276 5231 ego
322 5160 551 5214 Paulus
607 5156 805 5209 uinctus
849 5151 978 5206 Iesu
1017 5149 1207 5203 Christi
1244 5164 1338 5218 pro
1390 5145 1532 5200 vobis
1587 5145 1820 5216 gentibus

184 5252 420 5324 (Ephes.
459 5266 549 5318 ιιι,
586 5246 687 5317 2);
720 5256 774 5302 et
796 5246 923 5316 quia
956 5259 1051 5314 per
1088 5257 1147 5296 se
1174 5242 1324 5296 locus
1355 5241 1470 5310 ipse
1500 5239 1824 5294 manifestus

184 5361 291 5418 est,
320 5368 452 5407 eam
494 5356 714 5403 tantum
746 5354 967 5416 partem
1017 5355 1210 5410 ponam
1252 5337 1673 5408 explanationis,
1703 5351 1823 5406 quae

186 5453 343 5513 patet
366 5440 680 5499 calumniae
707 5457 719 5493 :
758 5457 776 5490 ι
804 5437 1054 5493 Vinctum
1078 5431 1428 5489 CbristiJesu
1445 5430 1668 5485 Paulum
1700 5443 1824 5484 esse

265 5614 291 5643 ⁸
328 5604 483 5659 Alibi
519 5607 583 5657 et
616 5597 672 5651 in
703 5595 1103 5661 Commentar.,
1141 5596 1435 5663 transferet.

262 5674 293 5713 ³³
326 5676 576 5732 Minime
604 5684 736 5723 vero
765 5677 985 5723 accusat
1006 5660 1234 5719 Ruﬁnus
1262 5660 1650 5732 Hieronymum
1678 5660 1825 5731 quod

192 5750 502 5820 Origenem
570 5740 875 5820 diligentem
938 5738 1170 5820 dixerit,
1208 5735 1318 5820 'scd
1368 5733 1513 5801 quod
1569 5735 1620 5820 i_n
1674 5732 1829 5820 hunc

193 5804 355 5874 Pauli
392 5820 597 5872 locum
637 5804 913 5875 senserit,
950 5809 1065 5864 l’ore
1110 5817 1164 5862 ut
1208 5808 1490 5860 Daemones
1536 5804 1603 5860 ab
1636 5804 1828 5875 ultimo

194 5891 417 5975 judicio
438 5931 454 5959 ,
491 5888 550 5941 in
588 5883 790 5938 cazlum
820 5873 1193 5947 revertantur,
1227 5876 1523 5947 eademque
1549 5884 1710 5949 atque
1742 5873 1832 5931 Je-

1919 4781 2119 4839 ratum,
2158 4786 2322 4827 verus
2348 4770 2593 4826 medicus
2615 4769 2870 4826 Christus
2897 4771 3056 4827 Jesus
3095 4784 3381 4830 sanaturus
3418 4774 3516 4831 ad-

1918 4863 2151 4931 venerit,
2193 4863 2560 4930 unusquisque
2603 4860 2897 4916 secundum
2946 4878 3256 4919 mensuram
3301 4866 3423 4920 ﬁdei
3463 4875 3519 4920 et

1922 4955 2213 5028 agnitionis
2257 4952 2378 5009 Filii
2421 4952 2515 5007 Dei
2571 4952 2754 5025 (quem
2798 4953 2921 5009 ideo
2966 4969 3263 5024 agnoscere
3300 4955 3518 5022 dicitur,

1923 5050 2047 5122 quia
2093 5049 2242 5116 prius
2297 5054 2542 5107 noverat,
2584 5055 2637 5100 et
2678 5056 2865 5115 postea
2906 5062 3068 5104 nosse
3098 5048 3317 5118 desivit)
3360 5063 3519 5103 suum

1924 5145 2149 5214 recipiet
2189 5144 2386 5206 locum,
2429 5150 2483 5196 et
2516 5140 2739 5210 incipiet
2767 5142 2820 5197 id
2852 5158 2973 5201 esse
3002 5143 3145 5215 quod
3188 5143 3406 5200 fuerat:
3450 5146 3525 5200 ita

1927 5248 2130 5305 tamen,
2171 5246 2229 5291 ut
2282 5252 2387 5290 non
2421 5234 2570 5305 juxta
2614 5233 2868 5291 haeresim
2899 5237 3057 5293 aliam
3082 5252 3272 5295 omnes
3316 5239 3367 5294 in
3418 5254 3525 5293 una

1927 5340 2084 5387 mtate
2113 5331 2222 5385 sint
2247 5327 2271 5367 ἀ
2306 5328 2491 5402 positi,
2542 5327 2592 5383 id
2622 5337 2725 5394 est,
2774 5344 2966 5387 omnes
2996 5331 3048 5386 in
3080 5331 3316 5404 Angelos
3357 5331 3532 5387 refor-

1930 5432 2177 5491 mentur;
2207 5424 2303 5481 sed
2334 5422 2753 5494 unumquodque
2784 5427 3083 5482 membrum
3111 5427 3263 5496 juxta
3308 5440 3530 5482 mensu-

1933 5603 2027 5645 sus
2057 5588 2307 5644 Christus
2333 5588 2615 5646 voluntate
2644 5597 2886 5644 utantur.

2011 5674 2033 5701 ο
2075 5661 2130 5715 1η
2158 5660 2528 5717 Commentar.
2558 5660 2622 5715 In
2651 5660 2747 5715 Itoc
2777 5658 3132 5723 introducunt,
3160 5657 3319 5728 quod,
3352 5666 3458 5715 etc.

2007 5730 2033 5770 ιι
2076 5733 2461 5802 Supplevimus
2497 5734 2585 5791 hie
2604 5748 2791 5789 vocem
2829 5731 3001 5804 positi,
3035 5744 3156 5797 aute
3183 5737 3238 5804 et
3268 5729 3341 5804 ‘in
3370 5731 3533 5788 Com-

1938 5800 2216 5928 meqtariis
2264 5805 2476 5875 legitur,
2535 5814 2591 5861 et
2633 5806 2686 5860 in
2735 5800 2976 5859 subnexa
3018 5800 3388 5871 recognitione
3428 5804 3534 5869 loci

1938 5891 2033 5928 con
2063 5884 2304 5928 trmatur.
2468 5908 2481 5920 .

1933 5884 2304 5931 conﬁrmatur.
