4036 6324
582 323 684 377 H9

1759 305 1815 361 S.
1864 302 2137 361 EUSEBli
2178 296 2562 358 HIERONYMI

3783 296 3885 351 4'20

577 449 690 489 ram
714 438 768 484 et
793 427 1038 484 ofticium
1071 440 1228 481 suum
1265 420 1565 496 perfectum
1592 419 1683 474 sit.
1716 417 1875 474 Verbi
1899 418 2096 489 gratia,
2124 425 2183 471 ut
2212 451 2263 512 Α
2290 430 2411 472 rum
2443 413 2660 469 levitate
2690 424 3039 482 suspensum,
3075 408 3130 465 in
3170 422 3351 464 aerem
3394 406 3606 465 facilius
3643 408 3883 467 subleve-

577 520 813 591 Angelus
834 519 1023 589 refuga
1051 517 1105 573 id
1138 531 1257 573 esse
1288 512 1528 585 incipiat,
1558 510 1702 581 quod
1724 518 1939 566 creatus
1968 519 2051 565 est
2078 528 2089 561 :
2122 517 2181 564 ut

577 613 740 669 homo
763 612 944 682 quide
975 610 1222 681 paradiso
1244 606 1416 662 fuerat
1437 604 1665 675 ejectus,
1698 602 1764 658 ad
1788 601 2053 658 cultuer
2077 601 2179 656 ite-

578 722 697 763 rum
730 704 970 775 paradisi
999 705 1337 766 restituatur,
1380 717 1398 750 ι
1431 708 1486 753 et
1517 697 1744 767 reliqua.

647 799 742 853 27.
785 796 915 854 Dure
945 791 1448 851 hwrescs.——Miror
1479 800 1531 846 te
1560 789 1835 845 hominem
1869 788 2181 857 prudentis-

580 894 777 948 simum
833 905 942 946 non
1001 888 1333 943 intellexisse
1384 893 1557 940 artem
1609 881 1965 952 expositionis
2022 894 2177 936 meae.

589 1006 607 1039 ι
644 984 874 1054 Quando
900 984 1043 1039 enim
1080 981 1223 1045 dico,
1261 980 1333 1035 ita
1376 989 1555 1034 tamen
1592 987 1648 1032 ut
1684 992 1791 1033 non
1820 975 1973 1047 juxta
2019 973 2178 1027 aliam

582 1078 831 1134 hmresim
872 1090 1063 1132 omnes
1092 1076 1144 1130 in
1172 1089 1279 1128 una
1309 1080 1469 1127 :etate
1491 1072 1600 1127 sint
1630 1071 1814 1142 positi,
1850 1067 1900 1123 id
1929 1076 2031 1136 est,
2064 1081 2183 1121 om-

581 1189 679 1229 nes
707 1175 759 1227 in
791 1172 1023 1241 Angelos
1052 1169 1445 1231 relormentur,
1476 1162 1708 1219 ostendo
1735 1170 1790 1218 et
1811 1176 1874 1217 ea
1902 1159 1969 1215 de
1989 1159 2182 1230 quibus

580 1265 800 1334 disputo
818 1277 939 1318 esse
958 1262 1233 1326 haeretica,
1264 1265 1319 1312 et
1348 1257 1415 1312 ab
1441 1255 1547 1311 alia
1571 1254 1765 1309 lueresi
1790 1253 2123 1319 discrepare.
2156 1268 2175 1302 ›

582 1355 714 1423 Quae
742 1365 867 1409 sunt
898 1367 1029 1423 ergo
1058 1352 1181 1407 dua:
1209 1346 1486 1404 haereses?
1518 1345 1657 1410 Una,
1688 1359 1808 1415 quaa
1835 1342 1967 1398 dicit
1992 1354 2182 1397 omnes

581 1448 933 1506 rationabiles
962 1454 1244 1501 creaturas
1275 1443 1331 1497 in
1366 1440 1603 1511 Angelos
1642 1436 1951 1494 reformari.
1996 1435 2182 1491 Altera

583 1557 704 1614 qua:
758 1541 954 1595 asserit
1005 1535 1426 1607 unumquodque
1477 1534 1532 1588 in
1588 1530 1939 1587 restitutione
1993 1525 2185 1583 mundi

583 1633 635 1689 id
686 1632 800 1687 fore
846 1630 989 1701 quod
1037 1628 1323 1683 conditum
1369 1633 1470 1681 est.
1503 1623 1667 1679 Verbi
1712 1622 1921 1693 gratia:
1953 1621 2077 1692 quia
2118 1634 2185 1675 ex

582 1724 805 1795 Angelis
844 1722 1122 1777 daemones
1174 1726 1322 1783 sunt,
1363 1731 1581 1772 rursum
1628 1714 1908 1770 daemones
1947 1710 2185 1783 Angelos

588 1816 706 1872 fieri
732 1832 743 1869 :
777 1824 832 1871 et
858 1815 1066 1869 animas
1112 1812 1414 1877 hominum,
1458 1810 1531 1863 ita
1562 1816 1619 1862 ut
1643 1814 1769 1861 sunt
1798 1804 2050 1872 conditae,
2076 1816 2185 1859 non

2291 516 2376 562 tur
2407 506 2447 576 (Ι
2478 504 2597 561 Cor.
2630 503 2747 573 xv).
2779 502 3085 559 Faveamus
3111 501 3273 572 igitur
3314 511 3369 557 et
3420 502 3517 557 viri
3558 517 3758 558 uxores
3791 519 3883 561 no-

2285 610 2445 664 Stras,
2488 606 2543 652 et
2590 595 2785 650 anima:
2836 604 3035 651 nostra:
3073 591 3348 665 corporab
3378 610 3390 647 :
3424 601 3558 648 utet
3601 609 3802 649 uxores
3829 596 3881 651 in

2282 692 2448 757 viros,
2474 698 2769 759 etcorpora
2797 688 3110 759 redigantur
3132 688 3187 741 in
3210 685 3443 751 animas,
3467 696 3522 741 et
3541 700 3884 757 nequaquam

2283 783 2354 839 sit
2390 797 2615 838 sexuum
2644 782 2748 836 ulla
2781 780 3108 837 diversitas:
3151 780 3247 837 sed
3278 778 3549 852 quomodo
3594 780 3736 851 apud
3776 780 3885 836 An-

2282 879 2452 951 gelos,
2495 895 2601 935 non
2632 888 2720 934 est
2749 877 2832 933 vir
2861 888 2915 933 et
2942 876 3143 932 mulier
3168 893 3181 941 ;
3209 875 3281 930 ita
3310 885 3365 931 et
3402 889 3521 938 nos,
3549 874 3643 944 qui
3680 873 3881 931 similes

2285 969 2505 1041 Angelis
2524 970 2689 1025 futuri
2714 986 2922 1039 sumus,
2946 969 3055 1041 jam
3087 983 3231 1024 nunc
3252 967 3578 1039 incipiamus
3595 981 3719 1023 esse
3740 969 3876 1037 quod

2285 1065 2443 1121 nobis
2467 1064 2522 1120 in
2550 1065 2865 1122 cmlestibus
2905 1064 3298 1135 repromissum
3329 1072 3433 1119 est.
3471 1081 3491 1115 ι

2354 1154 2445 1212 29.
2478 1154 2655 1228 Supra
2676 1158 2977 1228 simplicem
3019 1156 3416 1227 expositionem
3446 1152 3616 1228 m
3642 1172 3759 1226 qua:
3787 1172 3883 1213 no-

2286 1250 2367 1305 bis
2405 1252 2456 1306 in
2493 1251 2801 1313 testimonio
2843 1251 2949 1307 isto
2994 1267 3115 1307 esse
3160 1249 3465 1317 videbatur,
3496 1248 3881 1320 expressimus,

2285 1346 2571 1401 dicentes:
2623 1366 2641 1397 ι
2677 1347 2949 1413 Quantum
3001 1345 3067 1401 ad
3121 1345 3419 1415 simplicem
3476 1343 3881 1415 intelligentiam

2288 1440 2544 1511 pertinet,
2586 1450 2770 1496 sancta
2809 1439 2920 1514 [ΑΙ.
2963 1449 3203 1496 sanctam
3252 1438 3601 1511 charitatemj
3645 1440 3789 1495 inter
3820 1439 3887 1495 ri-

2288 1548 2408 1590 rum
2430 1543 2487 1591 et
2502 1549 2722 1591 uxorem
2747 1534 3011 1590 eharitate
3036 1536 3304 1605 prmeépta
3322 1532 3429 1607 [ΑΙ.
3444 1542 3725 1604 praecepto
3742 1530 3881 1604 hoc],

2288 1628 2728 1699 nuncjubemur,
2763 1638 2822 1684 ut
2861 1628 3166 1684 nutriamus
3197 1636 3254 1683 et
3282 1627 3556 1682 faveamus
3591 1625 3880 1695 conjuges:

2286 1729 2347 1775 ut
2384 1720 2593 1777 scilicet
2630 1722 2709 1777 eis
2741 1721 2939 1776 vietum
2989 1736 3043 1777 et
3081 1721 3359 1784 vestitum,
3393 1728 3448 1774 et
3492 1734 3553 1774 ea
3600 1734 3725 1790 quae
3764 1728 3887 1773 sunt

2290 1815 2598 1872 necessaria
2626 1814 2988 1885 praebeamus.
3044 1834 3062 1867 ι
3096 1812 3223 1870 Haec
3268 1820 3453 1870 nostra
3482 1812 3754 1867 sententia
3784 1820 3883 1866 est.

588 1908 642 1963 in
674 1906 941 1977 Angelos;
966 1904 1076 1959 sed
1106 1904 1158 1957 in
1188 1903 1243 1957 id
1291 1900 1435 1972 quod
1474 1914 1505 1953 a
1538 1899 1649 1955 Deo
1674 1906 1799 1952 sunt
1826 1896 2187 1961 conditm,re-

2296 1907 2459 1978 Igitur
2488 1923 2651 1965 omne
2680 1907 2825 1979 quod
2857 1909 3099 1978 sequitur
3126 1904 3406 1976 deinceps,
3449 1912 3503 1960 et
3540 1904 3746 1975 opponi
3787 1919 3881 1959 no-

586 1998 832 2063 formari,
871 2007 931 2051 ut
957 2007 1007 2050 et
1034 1995 1163 2065 justi
1188 2004 1242 2049 et
1277 2001 1598 2063 peceatores
1622 1989 1859 2060 aequales
1902 1989 2053 2042 ﬁant.
2083 1986 2189 2042 De-

588 2091 752 2159 nique
776 2097 835 2144 ut
859 2090 998 2143 scias
1040 2101 1127 2142 me
1154 2100 1263 2140 non
1296 2097 1471 2139 meam
1504 2081 1808 2152 explicasse
1835 2078 2184 2147 sententiam,

588 2183 683 2239 sed
716 2184 857 2238 inter
881 2198 941 2238 se
981 2182 1217 2236 hereses
1242 2189 1614 2246 comparasse,
1638 2187 1865 2243 quarum
1903 2181 2190 2242 utramque

590 2276 642 2331 in
671 2275 864 2331 Graeco
904 2274 1162 2344 legeram,
1207 2270 1636 2341 disputationem
1675 2280 1852 2321 meam
1893 2263 2056 2337 5.83
2086 2263 2189 2318 hoc

592 2368 699 2422 line
736 2366 1045 2437 complevi:
1091 2382 1112 2415 ι
1147 2363 1392 2429 Idcirco,
1442 2368 1498 2415 ut
1549 2374 1713 2430 supra
1754 2358 2021 2425 diximus,
2071 2357 2192 2413 hazc

591 2460 731 2531 apud
764 2475 859 2514 nos
905 2457 1219 2513 obscuriora
1270 2463 1416 2521 sunt,
1459 2451 1582 2524 quia
1615 2457 1961 2528 μεταφορικῶς
1997 2448 2193 2505 dicun-

592 2564 678 2609 tur
717 2554 771 2608 in
818 2552 1044 2617 Graeco;
1086 2559 1140 2605 et
1164 2548 1346 2605 omnis
1393 2546 1732 2617 metaphora,
1774 2547 1819 2600 si
1869 2545 1939 2600 de
1986 2546 2095 2599 alia
2133 2543 2190 2598 in

590 2648 749 2701 aliam
794 2646 1031 2715 linguam
1074 2644 1432 2698 transferatur
1469 2640 1535 2694 ad
1575 2640 1823 2704 verbum,
1866 2637 2189 2708 quibusdam

590 2739 742 2809 quasi
775 2737 1042 2802 sentibus,
1072 2736 1335 2791 orationis
1366 2747 1560 2788 sensus
1587 2741 1641 2787 et
1661 2730 1904 2803 germina
1927 2730 2194 2785 suffocan-

593 2838 702 2885 tur.
742 2849 763 2881 ι
799 2831 911 2885 Nisi
944 2831 1060 2884 haec
1083 2829 1274 2884 eadem
1306 2828 1360 2883 in
1392 2827 1582 2883 Graeco
1611 2828 1903 2899 repereris,
1932 2822 2191 2895 quidquid

596 2922 798 2977 dietutn
824 2930 932 2987 est,
967 2936 1144 2976 meum
1176 2929 1384 2990 putato.

666 3015 755 3072 28.
797 3018 1046 3081 Sextum,
1076 3016 1222 3086 quod
1243 3025 1295 3071 et
1320 3024 1648 3081 extremum,
1684 3014 1813 3069 mihi
1844 3012 2080 3084 objicere
2107 3014 2191 3067 di-

595 3111 735 3167 citur
762 3111 831 3183 (si
862 3120 1038 3164 tamen
1070 3108 1201 3164 nihil
1232 3108 1287 3163 in
1318 3107 1498 3164 medio
1538 3109 1708 3163 frater
1735 3107 1936 3162 oblitus
1966 3107 2070 3177 est)
2097 3121 2196 3161 cur

594 3206 745 3260 illam
776 3203 952 3258 iocum
992 3201 1235 3273 Apostoli
1278 3202 1639 3271 interpretans
1671 3199 1757 3254 ubi
1787 3200 1862 3253 ait
1886 3197 2105 3270 (Ephes.
2139 3214 2191 3267 v,

2292 1998 2375 2055 his
2415 2008 2613 2071 potest,
2659 1999 2995 2056 ostendimus
3022 2014 3129 2055 non
3162 2014 3227 2053 ex
3274 2007 3482 2063 nostra,
3531 1994 3631 2053 sed
3663 2011 3729 2053 ex
3758 2012 3883 2052 con-

2293 2092 2672 2148 tradicentium
2703 2091 2928 2164 intelligi
2950 2091 3153 2148 debere
3180 2106 3433 2163 persona.
3464 2089 3599 2159 Quae
3625 2105 3790 2161 quum
3819 2088 3862 2144 si

2292 2186 2471 2243 brevis
2502 2195 2556 2242 et
2582 2186 2827 2242 absoluta
2862 2185 3169 2256 reSponsio,
3213 2192 3268 2239 et
3289 2183 3446 2253 juxta
3476 2182 3527 2237 id
3551 2181 3699 2253 quod
3728 2195 3880 2251 supra

2292 2276 2548 2347 diximus,
2604 2279 2766 2334 etiam
2809 2266 3085 2348 allegoria:
3133 2275 3361 2343 umbris,
3409 2274 3479 2331 de
3519 2288 3587 2329 eo
3618 2273 3759 2345 quod
3787 2280 3883 2337 est,

2293 2371 2359 2425 ad
2390 2370 2443 2425 id
2462 2371 2604 2442 quod
2629 2385 2732 2423 non
2757 2379 2891 2436 erat,
2928 2370 3219 2441 depravata
3243 2385 3257 2422 :
3279 2378 3459 2424 tamen
3492 2364 3749 2423 accedam
3774 2380 3888 2436 pro-

2294 2463 2436 2534 pius,
2462 2471 2517 2518 et
2547 2462 2864 2520 sciscitabar
2892 2460 3021 2533 quid
3054 2461 3147 2516 tibi
3184 2462 3237 2515 in
3273 2460 3375 2515 hac
3402 2459 3769 2530 disputatione
3795 2456 3887 2512 dis-

2294 2556 2513 2627 pliceat.
2548 2555 2753 2626 Nempe
2784 2557 2906 2626 quia
2950 2554 3201 2622 dixerim,
3226 2554 3436 2609 animus
3457 2554 3684 2609 utviros
3711 2554 3887 2607 fovere

2294 2652 2446 2720 quasi
2472 2665 2671 2705 uxores
2698 2665 2923 2721 corpora
2952 2664 3069 2715 sua,
3097 2658 3155 2703 ut
3181 2648 3552 2719 corruptivum
3584 2648 3688 2703 hoc
3713 2646 3887 2701 induat

2296 2740 2785 2811 incorruptionem,
2839 2752 2893 2797 et
2921 2742 3130 2796 alarum
3175 2741 3399 2796 levitate
3450 2756 3797 2811 suspensum,
3840 2739 3887 2794 in

2296 2849 2475 2889 aerem
2508 2834 2714 2890 facilius
2744 2835 3077 2890 sublevetur.
3118 2833 3345 2903 Quando
3374 2831 3493 2888 dico
3522 2834 3885 2904 corruptivum

2297 2924 2401 2980 hoc
2429 2925 2617 2981 induat
2656 2926 3143 2997 incorruptionem,
3175 2942 3280 2981 non
3314 2934 3463 2981 muto
3493 2934 3746 2980 naturam
3774 2938 3885 2979 cor-

2302 3033 2518 3090 porum,
2552 3020 2647 3076 sed
2684 3037 2855 3093 augeo
2879 3022 3129 3092 gloriam.
3164 3020 3273 3076 Nec
3312 3035 3419 3076 non
3460 3021 3605 3090 quod
3635 3020 3883 3092 sequitur,

2300 3114 2505 3168 alarum
2548 3114 2767 3170 levitate
2798 3130 3118 3185 suspensum
3161 3113 3213 3168 in
3254 3129 3435 3169 aerem
3478 3113 3689 3168 facilius
3720 3111 3886 3167 suble-

2297 3218 2489 3260 vetur:
2524 3206 2613 3276 qui
2654 3204 2771 3259 alas
2812 3205 3060 3269 assumit,
3096 3203 3147 3259 id
3180 3213 3284 3270 est,
3325 3202 3808 3269 immortalitatem,
3836 3208 3887 3257 ut

592 3302 683 3365 εδ,
717 3298 809 3370 29)
840 3316 853 3353 2
890 3298 991 3363 Qui
1041 3313 1256 3352 uxorem
1300 3312 1449 3351 utam
1482 3296 1672 3366 diligit,
1720 3296 1947 3367 δεφεηπι
1998 3294 2191 3365 diligit.
2224 3309 2270 3372 ρ
2303 3299 2477 3354 levius
2508 3298 2574 3354 ad
2615 3299 2811 3355 caelum
2837 3300 3002 3362 volet,
3037 3315 3140 3354 non
3170 3296 3349 3371 perdit
3379 3311 3499 3353 esse
3526 3297 3673 3368 quod
3702 3297 3881 3352 fuerat.

596 3392 765 3446 Nemo
791 3391 927 3445 enim
949 3406 1177 3460 unquam
1208 3406 1355 3443 suam
1386 3405 1593 3443 carnem
1639 3386 1749 3441 odit
1766 3404 1788 3455 ;
1818 3387 1909 3442 sed
1961 3388 2119 3441 nutrit
2145 3395 2194 3440 et

591 3485 723 3554 [ovet
754 3500 885 3549 eam,
910 3484 1043 3538 sicut
1068 3492 1114 3537 et
1142 3481 1378 3536 Christus
1410 3480 1714 3545 Ecclesium,
1743 3489 1867 3549 post
1890 3479 2190 3549 simplicem

591 3580 1012 3649 expositionem,
1037 3577 1287 3645 Origeuis
1310 3571 1585 3644 posuerim
1608 3575 1986 3643 quaestionem,
2012 3588 2077 3627 ex
2101 3586 2194 3627 cu-

586 3674 675 3744 jus
706 3687 941 3743 persona
974 3670 1138 3724 taeito
1170 3667 1389 3723 nomine
1429 3664 1659 3720 dixerim
1692 3683 1705 3719 :
1745 3683 1763 3717 i
1799 3664 2008 3734 Opponi
2037 3665 2194 3721 nobis

592 3776 787 3837 potest,
846 3766 990 3837 quod
1030 3780 1135 3818 non
1190 3764 1257 3817 sit
1310 3777 1437 3817 vera
1479 3761 1749 3815 sententia
1781 3759 2018 3816 dicentis
2050 3761 2196 3828 Apo-

592 3858 717 3913 stoli
744 3875 758 3911 :
788 3858 958 3913 Nemo
986 3870 1219 3926 unquam
1250 3870 1457 3908 carnem
1486 3868 1632 3907 suam
1660 3852 1767 3906 odit
1787 3892 1801 3918 ,
1842 3865 1963 3906 cum
2003 3852 2193 3909 morbo

592 3955 743 4022 regio
772 3952 1107 4014 laborantes,
1145 3948 1372 4019 phthisi,
1405 3956 1458 4003 et
1492 3961 1721 4002 concere
1750 3956 1804 4001 et
1834 3945 2195 4003 diStillationi-

589 4047 711 4114 bus,
743 4055 971 4101 mortem
998 4046 1125 4099 vitae
1149 4040 1470 4113 praferant,
1499 4050 1552 4095 et
1575 4054 1670 4095 sua
1697 4040 1909 4095 oderint
1929 4054 2191 4111 corpora;

587 4152 641 4197 et
662 4141 844 4196 statim
862 4138 990 4210 quid
1014 4139 1127 4208 ipse
1146 4137 1405 4191 sentirem
1430 4134 1648 4204 adjunxi
1676 4153 1688 4188 :
1720 4134 1885 4205 Magis
1915 4135 2095 4205 itaque
2125 4134 2192 4190 ad

590 4233 851 4301 tropicam
893 4228 1307 4299 intelligentiam
1347 4241 1529 4281 sermo
1566 4224 1853 4281 referatur.
1897 4243 1917 4278 ι
1963 4225 2193 4293 Quando

587 4324 731 4390 dico,
765 4323 1054 4395 tropicam,
1078 4322 1252 4376 doceo
1279 4332 1466 4375 verum
1494 4332 1606 4373 non
1636 4330 1780 4385 esse,
1804 4315 1948 4388 quod
1971 4316 2188 4385 dicitur,

586 4421 683 4475 sed
715 4420 988 4490 allegoria:
1014 4416 1201 4473 nubilo
1222 4414 1535 4486 ﬁguratum.
1567 4410 1839 4468 Ponamus
1865 4421 2043 4467 tamen
2077 4412 2191 4482 ipsa

588 4511 755 4565 verba
817 4524 935 4578 qua:
992 4509 1045 4563 in
1099 4506 1351 4577 Origenis
1407 4504 1550 4559 libro
1591 4502 1753 4559 tertio
1804 4505 2186 4557 continentur:

596 4619 615 4651 ι
654 4601 904 4654 Dicamus
942 4599 1084 4669 quod
1114 4600 1260 4654 illam
1288 4610 1537 4662 carnem,
1593 4610 1712 4666 (μη
1739 4595 1920 4649 visura
1949 4594 2019 4649 sit
2040 4592 2188 4650 salu-

2297 3389 2403 3447 Sed
2449 3391 2598 3447 dices
2624 3434 2637 3458 ,
2682 3403 2904 3448 movent
2940 3408 3027 3448 me
3076 3407 3196 3463 qua:
3249 3402 3593 3463 sequuntur:
3633 3411 3650 3444 ‹
3685 3387 3882 3447 Favea-

2295 3498 2415 3539 mus
2440 3485 2601 3555 igitur
2630 3494 2682 3539 et
2719 3484 2813 3539 viri
2847 3499 3072 3550 uxores,
3101 3493 3157 3539 et.
3184 3485 3378 3539 anima:
3409 3493 3614 3540 nostra:
3643 3498 3881 3555 corpora,

2298 3584 2355 3629 ut
2395 3584 2450 3631 et
2479 3592 2675 3632 uxores
2716 3576 2769 3632 in
2795 3578 2963 3646 viros,
2999 3587 3053 3632 et
3086 3592 3313 3648 corpora
3354 3578 3668 3649 redigantur
3697 3579 3748 3632 in
3779 3574 3884 3630 ani-

2297 3684 2433 3733 mas,
2460 3681 2515 3725 et
2558 3686 2896 3743 nequaquam
2939 3673 3011 3727 sit
3051 3687 3277 3727 sexuum
3312 3672 3417 3725 ulla
3459 3667 3885 3737 diversitas;sed

2295 3762 2571 3832 quomodo
2616 3765 2754 3835 apud
2785 3765 3023 3837 Angelos
3064 3781 3170 3820 non
3199 3774 3281 3821 est
3307 3764 3412 3833 vir,
3448 3781 3625 3837 neque
3656 3764 3881 3821 mulier:

2296 3856 2368 3911 ita
2416 3866 2471 3912 et
2515 3872 2643 3925 nos,
2693 3860 2782 3929 qui
2823 3859 3029 3916 similes
3077 3860 3297 3931 Angelis
3325 3858 3487 3914 futuri
3538 3875 3746 3927 sumus,
3781 3859 3881 3928 jam

2296 3964 2437 4003 nunc
2470 3948 2790 4019 incipiamus
2821 3967 2942 4007 esse
2969 3952 3021 4007 in
3054 3951 3233 4017 terris,
3266 3950 3409 4022 quod
3440 3950 3594 4007 nobis
3625 3953 3676 4007 in
3704 3950 3886 4007 caeles-

2298 4042 2443 4097 tibus
2484 4044 2873 4111 repromissum
2905 4054 3009 4101 est.
3044 4064 3062 4098 ›
3098 4044 3267 4101 Recte
3300 4054 3606 4111 moverent,
3645 4044 3745 4101 nisi
3775 4049 3889 4113 post

2296 4135 2475 4205 priora
2506 4135 2789 4202 dixissem,
2814 4136 2923 4205 jam
2950 4152 3090 4192 nunc
3115 4137 3437 4208 incipiamus
3465 4152 3605 4205 esse,
3638 4136 3777 4208 quod
3804 4149 3887 4189 no-

2296 4228 2377 4283 bis
2409 4229 2461 4283 in
2488 4230 2798 4286 caelestibus
2830 4232 3222 4301 repromissum
3247 4238 3349 4286 est.
3381 4229 3606 4299 Quando
3633 4228 3769 4293 dico,
3802 4225 3886 4281 hic

2296 4337 2419 4379 esse
2439 4323 2759 4393 incipiamus
2790 4323 2844 4379 in
2870 4326 3049 4388 terris,
3082 4334 3327 4379 naturam
3358 4339 3464 4379 non
3497 4322 3882 4387 tollo'sexuum;

2294 4414 2389 4471 sed
2436 4414 2745 4483 libidinem,
2784 4425 2838 4472 et
2871 4419 3073 4473 coitum
3111 4415 3211 4471 viri
3237 4424 3291 4471 et
3338 4416 3525 4473 uxoris
3560 4413 3765 4480 autern,
3816 4411 3888 4466 di-

2296 4518 2452 4562 cente
2498 4506 2798 4576 Apostolo:
2826 4505 3055 4579 Tempus
3098 4506 3241 4561 breve
3278 4516 3352 4560 est
3376 4523 3395 4561 :
3438 4505 3690 4576 reliquum
3713 4510 3805 4565 est,
3832 4508 3887 4555 ut

2295 4608 2343 4653 et
2369 4601 2457 4671 qui
2484 4600 2668 4655 habent
2694 4617 2899 4669 uxores,
2928 4602 3001 4655 sic
3028 4600 3131 4655 sint
3156 4600 3305 4671 quasi
3326 4616 3428 4654 non
3458 4598 3674 4653 habeant
3702 4594 3745 4668 (ἰ
3768 4594 3883 4649 Cor.

592 4704 705 4751 tare
748 4693 865 4761 Dei,
906 4694 1085 4747 anima
1122 4692 1337 4763 diligat,
1369 4700 1427 4745 et
1476 4690 1701 4753 nutriat,
1734 4696 1789 4744 et
1824 4687 2011 4743 foveat
2048 4701 2191 4755 eam,
2220 4698 2272 4759 1)
2299 4708 2391 4758 vn,
2426 4690 2545 4763 29).
2582 4694 2646 4748 Et
2682 4694 2939 4749 Dominus
2980 4693 3344 4765 interrogatus
3375 4691 3427 4746 in
3467 4691 3777 4763 Evangelio,
3803 4702 3888 4743 cu-

588 4789 890 4860 disciplinis
942 4788 1215 4854 erudiens,
1275 4796 1329 4842 et
1385 4783 1595 4841 eteiestt
1635 4784 1888 4854 saginans
1925 4798 2097 4854 pane,
2140 4790 2197 4838 et

588 4885 786 4941 Christi
815 4883 1076 4954 sanguine
1102 4882 1337 4952 irrigans
1366 4897 1379 4933 :
1410 4889 1469 4935 ut
1492 4879 1693 4936 refecta
1723 4887 1778 4934 et
1799 4878 1994 4945 nitida,
2024 4876 2198 4954 possit

590 4980 761 5035 libero
789 4951 951 5034 cursu
982 4977 1155 5031 virum
1187 4951 1367 5044 sequi,
1398 4982 1424 5011 ⁸
1444 4985 1501 5030 et
1552 4972 1698 5029 nullo
1737 4970 2033 5028 debilitatis
2062 4951 2195 5043 pan:

593 5072 721 5125 dere
772 5071 1118 5138 pmgravaﬁ.
1170 5067 1404 5121 Pulchre
1464 5067 1628 5121 etiam
1683 5068 1735 5120 in
1782 5066 2190 5122 similitudinem

594 5162 793 5218 Christi
823 5162 1109 5216 nutrientis
1146 5169 1205 5215 et
1252 5160 1484 5214 foventis
1520 5159 1842 5229 Ecdesiam,
1875 5170 1928 5217 et
1958 5162 2191 5218 dicentis

595 5257 659 5312 ad
690 5253 990 5312 Jerusalem
1018 5269 1030 5307 :
1070 5252 1279 5320 Quoties
1308 5252 1446 5305 volui
1477 5268 1788 5325 congregare
1812 5254 1948 5323 ﬁlios
1976 5264 2110 5321 tuos,
2136 5261 2193 5309 ut

593 5352 789 5424 gamma
827 5356 1099 5419 congregat
1126 5347 1297 5418 pnl'im
1335 5361 1453 5399 suos
1477 5345 1570 5399 sub
1596 5347 1708 5398 alas
1728 5361 1868 5411 suas,
1910 5356 1956 5399 et
1978 5344 2195 5401 noluisti

597 5442 808 5514 (Matth.
841 5456 997 5507 xxttt,
1018 5438 1128 5512 57),
1160 5440 1354 5493 anima:
1374 5452 1587 5509 quoque
1616 5436 1801 5491 fovent
1816 5450 2046 5507 corpora
2072 5453 2188 5505 sua,

595 5544 651 5589 ut
694 5533 1063 5604 corruptivum
1098 5532 1199 5589 hoc
1241 5529 1429 5587 induat
1468 5528 1960 5599 incorruptionem,
2000 5538 2055 5585 et
2083 5529 2193 5585 aia-

672 5776 697 5801 κ
738 5761 1207 5843 Ιιιβοιηωεηιπη
1232 5776 1277 5820 et
1303 5762 1447 5820 nulla
1465 5750 1726 5814 debilitate
1749 5762 1795 5809 et
1816 5753 2040 5823 pondere
2063 5770 2196 5829 prte-

604 5848 827 5903 gravari.

2294 4784 2383 4855 jus
2406 4785 2472 4841 de
2495 4795 2700 4856 septem
2726 4786 2986 4841 fratribus
3014 4785 3066 4840 in
3106 4786 3504 4841 resurrectione
3522 4799 3643 4839 esse
3673 4781 3885 4837 deberet

2299 4894 2455 4945 uxor,
2486 4881 2561 4936 ait
2586 4899 2598 4934 :
2636 4879 2859 4947 Erratis,
2887 4881 3167 4935 nescientes
3199 4880 3522 4951 Scripturas,
3550 4893 3712 4948 neque
3741 4873 3887 4929 virtu-

2298 4985 2397 5030 tem
2429 4972 2562 5030 Dei:
2601 4976 2655 5029 in
2696 4975 3069 5029 resurrectione
3116 4974 3251 5028 enim
3290 4990 3451 5039 neque
3477 4969 3685 5033 nubent,
3738 4978 3886 5036 neque

2298 5068 2673 5134 nubentur;sed
2687 5069 2975 5123 eruntsicut
2994 5068 3176 5139 Angeli
3195 5066 3289 5122 Dei
3308 5068 3358 5120 in
3379 5065 3503 5121 uelo
3524 5062 3738 5137 (Matth.
3756 5074 3883 5125 xxtt,

2297 5162 2388 5227 29,
2404 5160 2521 5231 50).
2544 5163 2612 5217 Et
2634 5177 2821 5219 revera
2839 5164 2925 5217 ubi
2944 5164 3087 5217 inter
3108 5162 3283 5217 virum
3304 5159 3653 5216 ctmuliercm
3676 5153 3885 5213 castitas

2300 5266 2400 5321 εει,
2417 5253 2580 5329 ἥδε
2598 5271 2696 5312 nec
2709 5257 2790 5311 vir
2805 5258 3150 5327 incipitesse,
3168 5269 3270 5310 nec
3287 5254 3485 5310 femina
3504 5269 3520 5308 :
3540 5250 3635 5308 sed
3650 5244 3883 5304 adlmcin

2298 5362 2531 5419 corpore
2565 5348 2748 5417 positi,
2779 5358 3063 5403 mutantur
3088 5346 3144 5401 in
3173 5346 3443 5417 Angelos:
3478 5345 3531 5399 in
3561 5343 3756 5415 quibus
3780 5349 3882 5395 non

2301 5442 2485 5497 estvir
2516 5457 2697 5512 neque
2731 5442 2951 5498 mulier.
2982 5440 3137 5507 Quod
3167 5448 3220 5495 et
3243 5439 3294 5494 in
3322 5438 3431 5493 alio
3460 5437 3580 5493 loco
3607 5436 3673 5491 ab
3696 5430 3881 5490 eodem

2302 5533 2568 5605 Apostolo
2619 5533 2858 5589 dicitur:
2912 5531 3239 5603 Quicmque
3294 5532 3350 5586 in
3405 5528 3611 5584 Christo
3650 5518 3884 5599 bqn'sati

2373 5756 2399 5796 ¹¹
2439 5756 2643 5828 δυβιαε
2682 5758 2907 5826 fom-
2947 5752 3005 5810 ll
3032 5754 3370 5822 Comment,
3398 5762 3449 5808 et
3475 5750 3661 5807 animi:
3702 5746 3887 5801 natm

2300 5843 2538 5899 corpora.
