4036 6304
194 227 283 293 52!

1153 229 1494 287 APOLOGIA
1544 226 1911 288 ADVERSUS
1948 228 2196 289 LIBROS
2235 230 2488 289 RUFINI.

3374 242 3477 298 ΗΞ

195 351 330 414 estis,
353 346 619 404 Christum
647 343 911 400 indixistis.
938 341 1056 399 Non
1084 354 1158 398 est
1181 341 1420 411 Iudaeus,
1451 361 1608 415 neque
1630 343 1778 400 ϐητ-
1805 346 1854 407 Α
1882 347 2118 418 relegis?
2161 347 2393 402 Rursum
2432 346 2476 401 si
2510 343 2710 416 aliquid
2758 345 2825 402 de
2869 347 3144 404 veteribus
3194 347 3348 408 mwis
3391 373 3478 411 τε-

196 459 302 496 cus.
327 457 432 495 non
457 449 530 496 est
561 455 732 494 servus
755 453 912 508 neque
934 438 1076 500 liber,
1109 449 1210 490 non
1232 447 1305 491 est
1335 434 1600 491 masculus
1626 453 1787 508 neque

196 535 404 604 fmrina.
442 532 628 587 Omnes
667 532 796 586 enim
836 546 991 584 unum
1029 545 1113 584 vos
1158 531 1276 583 estis
1321 532 1373 584 in
1411 530 1617 585 Christo
1659 528 1785 586 Iesu

195 625 395 698 (Colat.
428 642 508 688 ιιι,
535 625 628 689 27,
659 625 768 694 28).

259 717 348 773 50.
394 718 762 772 Accusationes
794 715 974 786 Ruﬁni
1004 717 1173 786 (elate.
1211 713 1436 782 Ruﬁnus
1465 716 1676 771 Graecas
1698 715 1787 770 lit-

193 821 324 867 teras
367 809 622 866 didicerat
668 812 778 865 sine
821 809 1090 881 magistro.
1141 806 1448 880 Gregorium
1495 808 1786 863 Nazianze-

195 921 309 960 num
339 901 700 959 transtulerat.
736 933 805 944 —-
833 902 942 959 Sed
972 902 1228 972 quoniam
1261 901 1329 956 de
1363 900 1709 971 confragosis
1733 909 1788 956 et

195 998 397 1068 asperis
423 997 558 1052 locis
587 997 894 1067 enavigavit
923 997 1123 1061 oratio,
1157 1003 1213 1049 et
1261 994 1534 1050 haereseos
1579 996 1784 1049 crimen

193 1089 483 1159 impactum
541 1097 652 1142 tota
683 1088 876 1143 frontis
911 1087 1162 1142 libertate
1191 1086 1490 1156 repulimus
1513 1083 1669 1157 [Μεε.
1701 1102 1789 1143 re—

195 1181 477 1254 spnimus],
512 1181 576 1236 ad
613 1184 750 1236 alias
777 1180 892 1251 ejus
939 1179 1305 1236 accusationis
1351 1187 1558 1250 partes,
1591 1180 1786 1252 quibus

193 1287 290 1328 nos
335 1273 586 1328 mordere
632 1273 854 1338 nititur,
902 1282 1264 1328 transeamus.
1297 1273 1337 1326 Ε
1366 1272 1563 1341 quibus
1609 1274 1784 1344 prima

192 1374 295 1430 est,
328 1381 415 1420 me
443 1365 718 1420 hominem
742 1363 1090 1428 maledicum,
1121 1364 1362 1420 omnium
1394 1365 1784 1431 detractorem,

193 1457 248 1512 in
279 1471 634 1529 praecessores
673 1472 828 1514 meos
869 1459 1164 1530 genuinum
1209 1470 1426 1528 semper
1472 1467 1496 1496 η
1538 1460 1782 1532 inﬁgere.

197 1551 303 1609 Det
340 1567 530 1618 unum,
564 1553 716 1622 cujus
766 1553 817 1606 in
849 1553 1127 1623 Opusculis
1160 1552 1296 1607 meis
1329 1565 1523 1607 nomen
1557 1562 1784 1607 taxare-

194 1647 324 1711 rim,
353 1645 434 1700 vel
465 1659 617 1716 quem
638 1644 792 1715 juxta
826 1655 998 1700 artem
1032 1645 1178 1699 illius
1211 1644 1439 1713 figurata
1470 1644 1628 1699 laude
1660 1660 1781 1714 per-

1885 441 2179 512 spondero,
2209 437 2378 513 586
2399 449 2453 495 et
2474 437 2686 505 dixero,
2713 441 2839 494 adeo
2868 441 2919 495 in
2942 444 3128 497 teneris
3155 462 3479 504 consuescere

1886 535 2104 588 multum
2137 544 2209 587 est
2241 531 2460 603 (Virgil.
2494 529 2683 605 Georg.
2733 534 2791 601 tt)
2830 554 2841 588 :
2876 534 3003 589 dum
3039 551 3236 600 renuo,
3279 536 3480 594 crimen

1887 626 2127 693 incurro,
2159 633 2214 680 et
2245 639 2343 695 pro
2375 640 2460 679 me
2489 624 2856 679 testimonium
2892 626 3192 695 proferens,
3223 626 3326 683 hoc
3367 628 3484 698 ipso

1887 731 2104 789 arguor,
2133 735 2238 787 quo
2266 716 2551 772 defendor.
2583 716 2802 773 Scilicet
2831 735 2972 775 nunc
3019 721 3180 790 longo
3228 737 3482 778 sermone

1890 809 2180 866 lexendutn
2230 821 2333 874 eSl,
2384 809 2525 879 quod
2576 810 2808 881 probant
2850 811 3195 868 conscientia:
3242 814 3484 883 singulo-

1887 916 2030 956 rum.
2062 902 2193 970 Quis
2222 911 2467 956 nostrum
2513 917 2621 956 non
2651 903 2896 958 meminit
2925 905 3164 960 infantiae
3195 909 3340 961 suae?
3371 907 3481 978 Ego

1887 1003 2060 1058 certe,
2094 1003 2150 1046 ut
2181 993 2275 1048 tibi
2309 991 2516 1048 homini
2547 993 2901 1051 severissimo
2929 996 3096 1051 risum
3126 1013 3394 1063 moveam,
3427 1007 3480 1054 et

1892 1087 2123 1142 imiteris
2149 1087 2216 1142 aii
2242 1087 2440 1157 ,uando
2464 1086 2746 1155 Crassum,
2776 1104 2933 1158 quem
2964 1091 3135 1146 semel
3180 1093 3231 1146 in
3267 1093 3371 1146 vita
3405 1092 3485 1147 di-

1889 1179 1961 1233 cit
1993 1178 2178 1234 risisse
2212 1177 2230 1217 ί
2263 1179 2526 1246 Lucilius,
2562 1181 2783 1236 memini
2825 1197 2912 1237 me
2937 1199 3160 1253 puerum
3190 1185 3484 1242 cursitasse

1893 1287 1988 1342 per
2016 1271 2238 1327 cellulas
2265 1274 2630 1340 servulorum,
2663 1275 2806 1329 diem
2848 1275 3094 1330 feriatum
3126 1275 3350 1331 duxisse
3397 1277 3481 1331 lu-

1889 1365 2063 1432 sibus,
2090 1377 2144 1421 et
2171 1366 2237 1422 ad
2270 1377 2294 1413 ε
2317 1365 2581 1422 Orbilium
2608 1368 2924 1424 saevientem
2949 1370 3014 1424 de
3037 1369 3171 1424 aviae
3199 1371 3317 1424 sinu
3342 1379 3485 1424 trac-

1890 1469 2002 1516 tum
2035 1473 2156 1517 esse
2198 1458 2223 1496 δ
2269 1461 2562 1530 Captivum.
2606 1459 2675 1516 Et
2712 1477 2820 1533 quo
2862 1462 3031 1532 magis
3062 1471 3301 1531 stupeas,
3343 1480 3484 1519 nunc

1890 1566 2027 1608 cano
2060 1561 2113 1608 et
2143 1553 2363 1608 recalvo
2393 1556 2596 1624 capite,
2629 1569 2778 1623 saepe
2810 1554 2939 1608 mihi
2969 1553 3156 1609 videor
3202 1555 3254 1609 in
3282 1557 3486 1612 somnis

1889 1647 2215 1713 comatulus,
2269 1655 2322 1702 et
2369 1656 2582 1718 sumpta
2614 1657 2754 1719 toga,
2789 1657 2912 1702 ante
2956 1647 3232 1704 rhetorem
3260 1657 3483 1704 contro-

193 1737 524 1793 strinverim.
554 1737 654 1793 Sin
701 1745 885 1792 autem
927 1748 1119 1792 contra
1166 1736 1378 1791 invidos
1425 1737 1639 1808 loquor,
1670 1735 1698 1774 ι’
1731 1746 1784 1793 et
1813 1725 1862 1789 Β
1896 1740 2181 1796 versiolam
2230 1739 2562 1797 declamare.
2606 1741 2847 1814 Cumque
2895 1750 3252 1814 experrectus
3300 1741 3483 1810 fuero,

192 1829 439 1886 Luscium
473 1829 776 1894 Lavinium,
812 1833 895 1886 vel
943 1832 1191 1886 Asinium
1241 1830 1542 1885 Pollionem
1580 1830 1647 1886 de
1692 1845 1786 1901 ge-

193 1937 318 1978 nere
348 1923 754 1986 Corneliorum,
781 1923 908 1993 διγιὶ
940 1923 1047 1976 mei
1073 1937 1260 1976 mucro
1288 1921 1673 1986 convulnerat,
1701 1923 1746 1976 si
1765 1931 1785 1960 ο

189 2014 490 2071 bisti-iouia:
540 2023 594 2070 et
624 2014 804 2068 lividae
847 2013 1048 2068 mentis
1079 2013 1355 2068 hominem
1387 2027 1534 2092 ante
1561 2013 1793 2094 submo-

187 2123 311 2175 veo,
345 2121 401 2164 et
432 2110 496 2162 ad
528 2122 697 2161 unum
731 2108 971 2176 stipitem
1005 2093 1217 2161 cuncta
1236 2089 1424 2175 inculti
1446 2089 1792 2175 diriguit-inid

180 2206 420 2259 vulnera
449 2217 545 2257 sua
575 2201 805 2272 partitur
835 2203 886 2256 in
921 2199 1156 2256 multos?
1186 2199 1313 2270 quid
1345 2212 1409 2255 ex
1456 2199 1792 2270 impatientia

184 2295 595 2365 respondendi,
629 2295 871 2350 ostendit
918 2308 976 2348 se
1006 2307 1128 2348 esse
1173 2293 1263 2362 qui
1314 2291 1550 2362 petitur?
1597 2289 1797 2360 Ubjieit

185 2391 320 2447 mihi
349 2389 679 2461 periurium,
713 2399 765 2442 et
794 2389 1022 2442 mixtum
1050 2385 1358 2454 Sacrilegio,
1391 2383 1534 2454 quod
1568 2383 1619 2437 in
1655 2383 1796 2438 libro

187 2483 394 2556 (Epist.
442 2481 534 2546 2‘2,
583 2481 651 2534 ad
698 2477 1064 2548 Eustochium)
1112 2493 1217 2548 quo
1281 2478 1346 2530 ad
1408 2474 1794 2531 instituendam

185 2575 391 2634 Christi
420 2574 686 2644 virginem
722 2571 942 2643 loquor,
989 2579 1115 2626 ante
1165 2569 1402 2625 tribunal
1428 2568 1630 2639 judicis
1665 2569 1793 2624 dor-

189 2671 368 2724 miens
403 2665 676 2738 pollicitus
704 2665 830 2728 sim,
861 2677 1150 2732 numquam
1185 2677 1268 2718 me
1302 2661 1497 2717 litteris
1517 2659 1795 2718 surculari-

185 2762 294 2818 bus
323 2761 574 2814 daturum
607 2769 852 2829 operam,
886 2766 940 2812 et
971 2755 1321 2811 nihilominus
1353 2755 1621 2810 damnata:
1667 2768 1794 2810 eru-

188 2853 416 2911 ditionis
461 2851 728 2907 interdum
769 2847 1135 2904 meminerim.
1187 2847 1456 2902 Nimirum
1505 2848 1607 2901 iste
1651 2843 1791 2901 est‘l

187 2947 558 3005 Sallustianus
580 2945 929 3014 Calpurnius,
959 2944 1048 3014 qui
1075 2942 1233 2998 nobis
1257 2955 1354 3012 per
1382 2941 1633 3012 Magnum
1661 2939 1794 2996 Ora-

186 3051 390 3104 torem,
416 3053 520 3093 non
553 3051 800 3105 magnam
829 3045 1072 3089 moverat
1093 3036 1468 3104 quaestionem,
1493 3033 1576 3088 cui
1609 3033 1792 3089 libello

1891 1833 2134 1904 gratulor
2153 1850 2238 1891 me
2266 1835 2482 1891 dicendi
2514 1835 2757 1906 periculo
2790 1837 3104 1893 liberatum.
3131 1837 3304 1892 Crede
3335 1838 3490 1904 mihi,

1892 1928 2059 1981 multa
2106 1923 2171 1982 ad
2217 1943 2408 1996 purum
2459 1929 2780 1984 recordatur
2811 1931 3061 1984 infantia.
3089 1929 3146 1986 Si
3180 1931 3386 1986 litteras
3412 1932 3494 1987 dis

1895 2016 2144 2082 dicisses,
2177 2019 2349 2075 oleret
2378 2029 2515 2076 testa
2546 2020 2802 2092 ingenioli
2839 2024 2938 2090 tui,
2969 2039 3076 2094 quo
3106 2025 3273 2081 semei
3304 2025 3495 2082 fuisset

1898 2109 2128 2163 imbuta.
2192 2111 2457 2166 Lanarum
2506 2112 2787 2184 conchylia
2849 2114 3012 2169 null-.e
3055 2130 3208 2186 aqua:
3252 2117 3491 2172 diluunt.

1897 2197 2073 2252 Etiam
2108 2198 2245 2254 asini
2273 2207 2327 2255 et
2350 2201 2503 2256 bruta
2537 2201 2812 2267 animalia,
2845 2203 3091 2274 quamvis
3122 2205 3173 2258 in
3221 2205 3381 2276 longo
3405 2206 3491 2261 iti-

1899 2305 2055 2356 nere,
2087 2300 2356 2347 noverttnt
2386 2293 2626 2348 secundo
2669 2293 3008 2349 diverticula.
3057 2295 3269 2352 Miraris
3313 2298 3355 2352 si
3393 2315 3493 2368 ego

1897 2381 2108 2439 litteras
2148 2384 2369 2440 Latinas
2422 2402 2528 2441 non
2574 2401 2689 2440 sum
2719 2387 2939 2452 oblitus,
2974 2405 3136 2459 quum
3170 2399 3223 2444 tu
3276 2390 3494 2447 Graecas

1899 2477 2017 2532 sine
2044 2476 2306 2547 magistro
2354 2477 2648 2535 didiceris?
2698 2481 2918 2550 Septem
2952 2483 3141 2536 modos
3191 2484 3497 2540 conclusio-

1900 2585 2026 2626 num
2060 2571 2338 2627 dialeetica
2376 2588 2461 2627 me
2492 2575 2763 2628 elementa
2801 2574 3122 2641 docuerunt;
3173 2576 3298 2647 quid
3331 2577 3499 2646 signi-

1897 2662 2023 2718 licet
2056 2665 2276 2735 ἀξίωμα,
2318 2664 2462 2734 quod
2513 2682 2608 2720 nos
2661 2668 3047 2736 pronuntiatum
3076 2683 3368 2738 possumus
3412 2669 3495 2724 tli-

1897 2770 2023 2810 cere
2055 2771 2068 2807 :
2096 2755 2374 2826 quomodo
2402 2757 2607 2826 absque
2636 2757 2804 2813 verbo
2835 2768 2888 2813 et
2934 2757 3152 2814 nomine
3195 2762 3338 2814 nulla
3372 2776 3499 2816 sen-

1891 2847 2060 2902 tentia
2093 2846 2174 2914 ﬁt,
2206 2843 2494 2902 soritarum
2526 2847 2746 2918 gradus,
2788 2850 2799 2885 ι
2837 2851 3192 2920 pseutlomeni
3223 2852 3491 2921 argutias,

1893 2939 2290 3010 sophismatum
2321 2938 2556 2996 fraudes.
2589 2940 2784 2997 Jurare
2833 2957 3048 3011 possum
3083 2958 3166 2998 me
3201 2953 3393 3015 postqu
3418 2959 3486 2999 un

1897 3045 2151 3104 egressus
2182 3029 2249 3087 de
2276 3031 2464 3087 schola
2498 3047 2642 3099 sum,
2672 3033 2790 3087 hate
2837 3049 3126 3104 numquam
3161 3037 3385 3090 omnino
3413 3036 3492 3091 ic-

185 3132 346 3188 brevi
381 3129 764 3185 satisfecimus.
794 3126 946 3181 Nune
976 3127 1118 3196 quod
1163 3124 1350 3191 instat,
1383 3139 1483 3195 pro
1511 3122 1796 3196 sacrilegio
1824 3109 1870 3175 C
1904 3125 2068 3197 gisse.
2103 3123 2404 3181 Bibendum
2434 3127 2597 3197 igitur
2633 3126 2760 3181 mihi
2802 3128 2906 3182 erit
2944 3127 3011 3182 de
3039 3125 3261 3183 Lethteo
3286 3130 3499 3199 gurgite

187 3236 358 3298 atque
390 3226 630 3296 periurio
679 3222 880 3277 somnii
922 3221 1357 3292 respondendum
1409 3229 1511 3274 est.
1556 3219 1674 3273 Dixi
1710 3234 1794 3274 me

188 3321 491 3376 saeculares
520 3319 738 3374 litteras
764 3317 1020 3387 deinceps
1053 3330 1158 3370 non
1214 3315 1482 3369 lecturum
1516 3331 1528 3368 ε
1556 3313 1624 3369 de
1655 3321 1678 3350 ι
1718 3313 1801 3368 fu-

187 3423 326 3468 turo
355 3409 578 3482 sponsio
617 3419 721 3476 est,
758 3423 863 3464 non
895 3407 1188 3478 praeterita:
1219 3408 1503 3462 memoria:
1551 3405 1794 3461 abolitio.

183 3503 265 3561 Et
293 3504 587 3576 quomodo,
613 3502 848 3574 inquies,
874 3512 1029 3557 tenes
1046 3544 1059 3568 ,
1084 3499 1226 3572 quod
1249 3508 1401 3556 tanto
1426 3510 1671 3571 tempore
1686 3513 1796 3554 non

267 3761 295 3788 ει
339 3749 523 3805 Mallet
547 3746 820 3801 Victorius
846 3747 1153 3817 infringere,
1184 3753 1293 3799 tum
1326 3760 1397 3801 ex
1434 3743 1795 3817 geminorum

185 3823 466 3886 dentium,
499 3821 588 3891 qui
621 3819 799 3891 cibum
832 3810 1109 3891 frangunt,
1141 3810 1500 3891 naturattuvm
1530 3831 1593 3870 cx
1625 3810 1797 3869 Persii

189 3909 381 3960 versu,
407 3886 568 3963 quem
599 3886 976 3960 Hieronymus
995 3889 1208 3943 videtur
1237 3886 1502 3954 alludere,

821 4024 994 4073 Secuit
1016 4022 1232 4072 Lucilius
1256 4022 1472 4072 Urbem:

292 4089 386 4149 Te,
411 4085 575 4150 Lupe;
603 4094 676 4150 te,
703 4085 824 4136 Muti
847 4102 858 4148 ;
888 4092 938 4135 et
964 4087 1231 4149 genuinum
1254 4085 1403 4149 fregit
1428 4087 1476 4134 in
1500 4084 1609 4133 illis.

267 4237 295 4277 δ
343 4238 406 4291 Et
437 4235 704 4300 Luseium,
751 4243 856 4289 etc.
911 4234 1164 4288 Luscinm
1215 4233 1494 4288 Lavinium
1545 4232 1798 4287 aemulum

191 4311 370 4366 fuisse
401 4307 666 4378 Terentii,
690 4313 746 4378 et
770 4305 1048 4378 Ciceronis
1072 4306 1322 4378 Asinium
1352 4303 1675 4378 Ballionem,
1700 4305 1801 4378 do-

188 4392 291 4438 cet
335 4379 540 4436 Seneca
593 4375 660 4432 in
701 4376 1232 4432 Declamationihus:
1289 4375 1515 4428 Ruﬁnus
1563 4385 1615 4427 et
1663 4375 1802 4429 alius

189 4454 527 4515 monachus,
558 4449 648 4519 qui
677 4463 733 4502 se
761 4446 1018 4519 iactabat,
1038 4446 1124 4519 de_
1152 4461 1351 4519 genere
1385 4445 1762 4519 Corneliorum
1795 4485 1809 4510 ,

191 4513 558 4578 imitabantur
573 4513 691 4573 illos
717 4513 960 4572 minutos.
981 4513 1182 4572 Confer
1201 4518 1299 4570 ista
1317 4513 1801 4587 cumCommenta-

193 4595 302 4650 riis
339 4597 389 4646 in
420 4589 638 4653 Ionam,
672 4590 764 4642 ubi
792 4590 858 4643 de
888 4590 1164 4643 cucurbita
1194 4601 1375 4641 sermo
1403 4595 1506 4640 est.
1530 4587 1799 4641 Manum.

190 4695 270 4707 —
293 4665 510 4734 Saepius
560 4660 869 4734 Lanuvinus
903 4659 1404 4734 appellatunetiam
1436 4657 1577 4726 apud
1614 4658 1804 4734 [liere-

195 4723 698 4808 nymut'nhtametsi
733 4731 870 4808 apud
903 4723 1168 4808 Donatum
1197 4723 1634 4808 Lo_viitius,_t'|ttod
1663 4729 1804 4808 idem

198 4799 312 4863 est.
349 4809 406 4860 tn
437 4801 681 4872 Epistola
709 4799 779 4857 ad
803 4801 1158 4873 Augustinum
1191 4800 1316 4864 119.,
1346 4809 1466 4854 ante.
1501 4815 1665 4873 annos
1688 4799 1808 4872 plu-

195 4881 362 4932 rimos
389 4871 657 4930 cucurbita
679 4875 813 4928 venit
859 4871 912 4927 in
939 4873 1184 4937 medium,
1213 4882 1467 4927 asserente
1492 4871 1635 4925 illius
1675 4883 1805 4925 tem-

200 4951 347 5019 poris
378 4946 639 5013 Cornelio,
667 4955 714 5019 et
764 4947 955 5019 Asinio
975 4943 1236 5019 Pollione,
1273 4959 1362 5019 _me
1405 4944 1661 5019 "ederunt
1711 4959 1806 5014 pro

200 5013 471 5075 cucurbita
490 5015 836 5072 transtulisse.
865 5016 1013 5078 Vide,
1039 5032 1106 5069 ne
1139 5014 1286 5084 longi
1311 5018 1504 5083 simus,
1535 5014 1584 5084 in
1614 5013 1808 5069 Jonam

199 5107 324 5161 cap.
354 5089 408 5144 4.
439 5085 938 5161 MemoralSeneca
970 5087 1020 5140 in
1051 5083 1369 5161 Declamatt.
1403 5083 1659 5161 templum
1702 5085 1808 5141 Te-

199 5155 389 5226 rentii,
423 5162 648 5216 Lucium
698 5158 1011 5224 Lavinium,
1059 5167 1116 5211 ιιι
1141 5168 1192 5212 et
1221 5155 1466 5213 Asinium
1499 5155 1802 5212 Pollionem

199 5235 510 5289 Ciceronis.
539 5231 678 5285 Num
714 5231 893 5299 itaque
922 5229 1117 5284 Noster
1158 5229 1408 5283 Rufinum
1439 5230 1522 5283 his
1569 5229 1806 5283 nomini-

201 5304 328 5368 bus,
356 5316 448 5358 aut
487 5302 813 5358 Rulinianos
863 5299 1079 5370 sodales
1127 5300 1298 5368 carpit
1346 5311 1399 5355 et
1441 5317 1563 5356 cum
1614 5301 1805 5370 primis

202 5365 551 5438 Monachum,
584 5373 675 5443 qui
707 5388 765 5428 se
794 5372 859 5427 de
879 5365 1259 5426 Corneliorum
1288 5386 1410 5426 esse
1459 5365 1658 5443 genere
1685 5371 1803 5440 jac-

204 5450 386 5502 tabat?

283 5531 302 5558 ο
339 5520 400 5575 Si
420 5514 732 5571 Mstriculre.
777 5511 1052 5570 Marianus
1089 5523 1213 5584 post
1235 5513 1523 5568 Erasmum
1567 5517 1799 5571 mutavit

202 5592 495 5648 lectionem
523 5588 772 5643 omnium
802 5586 1049 5655 codicum
1079 5599 1215 5641 mss.
1245 5584 1340 5655 qui
1367 5594 1681 5641 constanter
1709 5602 1797 5642 re-

202 5666 379 5719 tinent
419 5660 657 5717 verbum
691 5653 980 5711 histricqu
1021 5653 1292 5712 :histric'a
1332 5656 1476 5712 enim
1520 5664 1577 5712 et
1629 5657 1790 5714 livida

199 5745 318 5794 erat
353 5747 519 5792 mens
571 5729 753 5786 Ruﬁni
782 5768 796 5796 ,
848 5745 1009 5800 quem
1052 5743 1080 5784 a
1127 5743 1222 5786 sua
1253 5727 1492 5786 amicitia
1518 5729 1792 5786 submovit

1830 4557 1882 4616 D

1895 3221 2048 3292 juxta
2081 3219 2292 3276 fabulas
2337 3228 2643 3291 poetarum,
2687 3236 2754 3276 ne
2800 3236 2996 3292 arguar
3041 3223 3185 3278 scire
3230 3222 3372 3294 quod
3419 3223 3503 3278 tli-

1899 3312 2031 3369 dici.
2065 3312 2142 3367 En
2170 3319 2228 3367 tu
2269 3311 2357 3383 qui
2389 3313 2441 3367 in
2475 3329 2560 3368 me
2593 3328 2816 3384 parvam
2847 3315 3156 3371 criminaris
3185 3317 3496 3382 scientiam,

1901 3414 1956 3459 et
1985 3401 2192 3458 videris
2236 3404 2331 3458 tibi
2378 3404 2710 3460 litteratulus
2760 3415 2920 3476 atque
2975 3406 3170 3472 Babbi,
3207 3409 3495 3479 responde,

1899 3510 1996 3553 cur
2022 3495 2266 3551 scribere
2290 3493 2468 3561 aliqua
2497 3511 2660 3552 ausus
2687 3497 2783 3562 sis,
2804 3508 2856 3554 et
2879 3499 3054 3554 virum
3079 3497 3501 3554 disertissimum

1901 3737 2285 3810 Hieronymus.
2339 3739 2482 3794 Editi
2543 3742 2730 3811 legunt
2781 3743 3089 3808 histrionem,
3141 3759 3305 3801 setisu
3362 3747 3506 3806 haud

1899 3811 2038 3865 satis
2059 3812 2688 3881 congruentiJlan'run.
2712 3841 2784 3854 -ο
2806 3815 3074 3871 Victorius
3103 3816 3390 3875 histricosc
3425 3824 3508 3878 ie-

1900 3881 2134 3950 gendttm
2167 3881 2380 3935 maluit.

1972 3950 2132 4031 {Iste
2158 3962 2228 4006 est
2259 3951 2638 4031 Scllustianus.
2664 3955 2807 4031 inira
2835 3958 2886 4012 in
2916 3958 3091 4029 Epist.
3115 3958 3180 4012 ad
3211 3960 3457 4031 Magnum
3481 3978 3498 4016 ε

1905 4024 2011 4076 διό
2038 4040 2129 4103 per
2149 4033 2198 4078 te
2221 4024 2348 4076 inihi
2378 4028 2597 4103 proponi
2625 4029 2688 4082 ab
2717 4028 2828 4103 alio
2854 4024 3213 4103 quae-stionem,
3255 4024 3341 4100 qui
3371 4036 3506 4103 forte

1904 4102 2112 4163 prapter
2139 4111 2362 4168 antorem
2409 4099 2748 4168 historiarum
2763 4099 3023 4162 “Sallustii
3059 4099 3380 4168 Calpurnius
3417 4119 3507 4156 co-

1943 4173 2176 4239 nomeuto
2228 4163 2498 4239 lienteria:
2528 4179 2623 4239 est.
2671 4170 2805 4225 Vide
2851 4171 3030 4226 Cicer.
3056 4163 3214 4226 Ollio.
3248 4189 3329 4239 ιιι,
3363 4185 3417 4229 et
3449 4175 3503 4229 in

1951 4236 2183 4313 iso_n_em.
2232 4233 2580 4313 Manrtau.—
2617 4237 2748 4294 Vide
2812 4258 2934 4310 qure
2985 4244 3038 4298 in
3086 4233 3386 4313 Epistolam
3433 4245 3503 4300 70

1904 4306 1972 4360 ad
2026 4306 2276 4377 Magnum
2335 4309 2385 4362 in
2434 4310 2540 4366 line
2597 4306 2982 4368 adnotavimus
3045 4306 3502 4372 de'Sailustiano

1904 4377 2197 4445 Calpurnio
2229 4379 2355 4434 isto.

1910 4521 1936 4591 ί
1980 4458 2012 4572 θ’
2046 4449 2212 4574 Velius
2243 4451 2374 4506 edit.
2407 4453 2470 4506 de
2509 4453 2687 4522 futuro
2732 4457 2960 4526 sponsio,
3010 4458 3200 4513 nonde
3242 4462 3504 4530 praeterito

1933 4535 1992 4572 αι·
2019 4538 2048 4572 a
2078 4536 2125 4574 es
2159 4562 2170 4574 .

1933 4535 2048 4572 acta
2078 4535 2170 4574 est.

1985 4589 2005 4628 ί
2049 4591 2182 4662 Vide
2209 4592 2262 4646 in
2298 4592 2596 4661 Epic-tolum
2631 4596 2684 4657 7,
2717 4613 2770 4660 ιι,
2802 4597 2853 4662 1i,
2887 4608 3001 4653 not.

1983 4671 2008 4708 κ
2039 4661 2106 4746 Et
2146 4665 2228 4746 ait
2241 4663 2516 4746 Orbilium.
2538 4667 2630 4746 Pe
2659 4661 2871 4723 Orbilio
2892 4671 3274 4746 Quinctioa
3303 4677 3508 4746 θυρεο-

1909 4733 2029 4813 nius
2061 4735 2128 4789 de
2171 4735 2498 4813 illustribus
2532 4737 2860 4813 Grunnius,
2892 4741 3146 4798 Horatius
3172 4745 3349 4813 Epist.
3383 4733 3504 4800 ινιιά

1910 4805 2164 4881 Αιιξιιξιῖ,
2195 4804 2531 4881 etbiartialis
2552 4807 2646 4881 lib.
2673 4826 2709 4863 ιι
2735 4804 3070 4881 Epigratntn.
3116 4804 3508 4870 li'illau'rtan.

1909 4875 2243 4953 TCeiehris
2291 4875 2865 4953 Bedagqginnmine'
2899 4896 3293 4953 praeceptorem
3355 4901 3512 4942 suum

1909 4946 2138 5016 ligurate
2184 4947 2462 5017 intelligit.
2498 4949 2632 5005 Vide
2659 4951 2728 5006 de
2767 4946 2984 5010 Orbiiio
3012 4946 3319 5022 Horatium,
3369 4959 3511 5014 Su-

1913 5029 2026 5073 ton.
2055 5019 2322 5073 aliosuue.

1913 5029 2026 5074 ton.
2055 5029 2322 5086 altosque.

1981 5087 2008 5125 ιι
2061 5087 2191 5144 Vide
2215 5090 2536 5146 Ciceronem
2564 5091 2659 5150 liii.
2691 5111 2746 5150 ιιι
2777 5094 3014 5155 Ofﬁcior.
3045 5109 3101 5156 et
3127 5110 3319 5156 contra
3361 5101 3512 5160 Piso-

1907 5175 2057 5215 ἠειιι.

1935 5231 2004 5314 ..ί
2042 5232 2390 5314 Ροεηάρίηεηέ
2438 5239 2700 5314 ﬂgiti“.
2747 5241 2944 5298 Cicero
2992 5242 3257 5300 Acadevn.
3295 5246 3506 5312 anteet.

1912 5303 2114 5378 libelli,
2144 5314 2198 5360 et
2223 5305 2318 5378 lib.
2349 5321 2387 5361 tt
2419 5306 2484 5361 de
2509 5303 2895 5378 Divinatione,
2940 5314 3033 5367 ubi
3092 5303 3509 5370 Pseudoﬁenum

1909 5372 2104 5448 Latino
2149 5377 2315 5431 verbo
2344 5379 2585 5448 appellat
2612 5372 2919 5439 accrraleni.
2950 5384 3224 5441 Maurum.
3252 5417 3323 5427 --
3355 5389 3512 5442 Errat

1911 5446 2252 5520 Martianatus
2286 5491 2299 5510 ,
2362 5446 2452 5520 qui
2517 5449 2932 5509 Psemlomemtm
2979 5455 3172 5511 Latine
3223 5456 3513 5512 acervalem

1904 5518 2166 5592 appellari
2195 5535 2223 5571 a
2249 5518 2515 5576 Cicerone
2543 5538 2768 5582 annotat
2795 5543 2810 5592 ;
2841 5541 2966 5579 nam
2989 5523 3184 5581 Cicero
3212 5527 3313 5583 lib.
3348 5544 3407 5590 tt,
3444 5530 3514 5586 de

1905 5587 2275 5668 Divinatione,
2303 5607 2455 5648 num.
2486 5593 2540 5658 4,
2573 5587 2971 5652 Pseudornenon
2999 5597 3239 5668 appellat
3270 5587 3515 5656 iiteiilien-

2020 5662 2299 5788 ;'Sorilam
2336 5678 2472 5722 vero
2516 5670 2844 5736 acervalem;
2871 5662 3052 5740 idque'
3074 5662 3430 5742 rectissime,
3460 5677 3520 5736 ut

1973 5748 2044 5789 tte
2075 5774 2087 5788 .

1973 5748 2087 5789 “8!.
