4054 6328
1558 145 1585 157 θ’

608 207 716 265 ιεδ

1846 200 1903 258 S.
1950 198 2225 259 EUSEBII
2263 198 2644 259 HIERONYMI
3785 196 3876 258 ω

603 314 926 385 Gregorium
977 309 1094 383 pari
1125 310 1325 382 eloquii
1362 310 1656 380 splendore
1688 314 2007 369 transferre.
2041 315 2199 371 Unde
2228 316 2277 375 Α
2307 315 2368 368 ab
2398 316 2614 368 invicem
2643 312 2820 383 (Gulat
2842 356 2846 363 .
2870 327 2925 379 v,
2961 310 3075 383 15),
3105 310 3216 382 jam
3251 323 3394 366 nunc
3415 310 3643 366 sentires
3675 311 3740 367 de
3766 327 3877 382 par-

604 410 699 464 tibi
751 417 893 461 tanta
944 405 1236 460 verborum
1284 404 1464 475 copia,
1498 407 1894 461 sententiarum
1924 406 2088 478 487
2119 408 2201 461 lu-

602 516 746 565 men,
770 497 1183 552 translationum
1216 497 1472 561 varietas,
1504 496 1733 565 homini,
1775 499 1865 568 qui
1906 498 2195 553 oratoriam

600 591 691 646 vix
723 589 1096 660 primislabris
1124 591 1176 644 in
1210 589 1586 645 adolescentia
1616 590 2071 660 degustasti?Aut
2100 607 2200 662 ego

598 684 778 750 fallor,
804 693 895 738 aut
926 691 982 737 tu
1007 681 1327 739 Ciceronem
1352 687 1565 738 occulte
1590 683 1822 740 lectitas.
1854 685 1918 738 Et
1948 684 2069 741 ideo
2095 696 2198 739 tam

601 776 838 833 disertus
861 792 943 840 es,
979 775 1217 845 mihique
1257 776 1508 831 lectionis
1551 777 1670 846 ejus
1698 778 1905 833 crimen
1936 778 2196 845 intendis,

602 880 662 925 ut
692 871 840 926 solus
886 871 1025 926 inter
1072 870 1484 925 ecclesiasticos
1534 881 1852 928 tractatores
1879 874 2201 944 eloquentia:

602 962 827 1018 ﬂumine
852 960 1125 1031 glorieris.
1160 960 1314 1015 Licet
1343 962 1514 1031 magis
1553 963 1910 1033 phil050phos
1941 965 2092 1035 sequi
2124 964 2201 1018 vi-

601 1053 803 1118 dearis,
836 1052 1021 1124 spinas
1064 1052 1326 1119 Cleantis,
1373 1063 1428 1107 et
1466 1064 1714 1109 contorta
1746 1054 2055 1125 Chrysippi,
2093 1070 2197 1110 non

602 1165 667 1206 ex
695 1158 811 1205 arte
841 1164 1003 1219 quam
1034 1148 1234 1212 nescis,
1264 1146 1359 1201 sed
1388 1146 1457 1203 de
1490 1147 1691 1220 ingenii
1719 1150 2108 1220 magnitudine.
2135 1150 2203 1205 Et

603 1243 859 1313 quoniam
915 1240 1085 1297 Stoici
1135 1240 1366 1308 logicam
1400 1240 1499 1293 sibi
1545 1240 1842 1307 vindicant,
1872 1252 1927 1297 et
1957 1251 2008 1296 tu
2041 1241 2203 1311 hujus

601 1337 845 1392 scientiae
878 1336 1239 1391 deliramenta
1279 1336 1612 1401 contemnis,
1647 1336 1698 1390 in
1750 1336 1851 1391 hac
1888 1346 2041 1405 parte
2073 1336 2203 1406 Epi-

600 1444 799 1485 cureus
830 1444 889 1484 cs
927 1445 940 1481 :
974 1444 1073 1485 nec
1100 1432 1299 1501 qnaeris
1327 1430 1630 1502 quomodo,
1665 1430 1756 1485 sed
1784 1430 1911 1500 quid
1944 1431 2199 1500 loquaris.

604 1522 745 1591 Quid
795 1524 940 1579 enim
992 1523 1060 1577 ad
1115 1535 1167 1579 te
1215 1526 1469 1594 pertinet,
1504 1525 1551 1579 si
1597 1524 1732 1578 alius
1782 1539 1888 1579 non
1940 1524 2207 1595 intelligat

606 1616 734 1686 quid
763 1616 901 1671 velis
945 1617 1151 1681 dicere.
1183 1619 1308 1687 quia
1340 1634 1447 1671 non
1493 1617 1556 1671 ad
1599 1631 1815 1681 omnes,
1846 1616 1942 1670 sed
1972 1616 2037 1670 ad
2084 1624 2205 1670 tuos

2304 409 2424 463 vula
2454 408 2795 478 subdolaqne
2823 406 3139 470 concordia,
3172 405 3200 445 ι)
3228 421 3478 476 magnam
3508 408 3559 459 in
3586 405 3782 460 mundo
3802 422 3878 461 or-

2304 512 2412 557 tam
2428 517 2549 558 esse
2566 501 2915 558 discordiam.
2933 502 3072 571 Quid
3090 502 3189 556 tibi
3208 501 3450 571 prodest,
3473 498 3613 568 apud
3628 510 3782 559 notos
3796 515 3879 569 pa-

2305 596 2440 651 riter
2464 604 2519 650 et
2547 596 2759 666 ignotos
2790 596 2842 650 in
2871 610 2969 650 nos
3000 593 3288 649 maledicta
3309 595 3640 663 congerere?
3670 598 3749 648 An
3770 594 3881 663 quia

2304 688 2627 757 Origenistae
2660 704 2765 743 non
2799 704 3010 755 sumus,
3068 696 3123 743 et
3150 688 3201 742 in
3231 686 3370 742 coelo
3395 702 3495 741 nos
3522 701 3776 758 peccasse
3798 702 3881 743 ne-

2302 783 2525 850 scimus,
2560 785 2610 836 in
2656 784 2819 837 terris
2851 783 3130 852 arguimur
3177 782 3535 852 peccatores?
3580 780 3648 835 Et
3694 780 3809 835 ideo
3837 781 3885 835 in

2304 875 2653 930 concordiam
2688 874 3006 939 redivimus,
3042 884 3097 929 ut
3130 874 3259 927 mihi
3293 873 3438 943 loqui
3469 882 3657 929 contra
3687 874 3887 929 htereti-

2304 981 2399 1021 cos
2426 981 2534 1021 non
2561 967 2771 1031 liceret,
2800 981 2889 1033 ne,
2925 966 2967 1019 si
2999 966 3116 1020 illOs
3142 965 3506 1034 descripsero,
3538 977 3589 1020 tu
3619 975 3671 1021 te
3697 966 3887 1035 appeti-

2304 1068 2417 1113 tum
2464 1060 2660 1129 putes?
2707 1058 2975 1126 Quamdiu
3031 1073 3135 1112 non
3190 1059 3485 1113 renuebam
3536 1058 3887 1114 laudationem

2306 1159 2476 1216 tuam,
2504 1150 2828 1221 sequebaris
2858 1167 2946 1206 me
2975 1161 3032 1205 ut
3065 1152 3412 1221 magistrum,
3446 1151 3668 1206 fratrem
3695 1162 3749 1205 et
3774 1152 3889 1206 col-

2304 1244 2479 1314 legam
2507 1244 2764 1308 vocabas,
2793 1254 2846 1299 et
2876 1244 3202 1299 catholicum
3238 1245 3289 1297 in
3331 1246 3582 1299 omnibus
3624 1245 3887 1300 fatebaris.

2305 1336 2599 1408 Postquam
2632 1353 2737 1391 non
2768 1338 2964 1407 agnovi
3011 1337 3199 1391 laudes
3230 1348 3372 1401 tuas,
3407 1346 3462 1391 et
3493 1352 3577 1391 me
3626 1336 3887 1407 indignum

2306 1427 2437 1480 tanti
2472 1427 2571 1481 viri
2604 1428 2880 1497 prteconio
2904 1426 3168 1496 jndicavi,
3219 1426 3364 1481 illico
3396 1428 3564 1482 vertis
3594 1429 3816 1499 stylum,
3844 1438 3891 1483 et

2306 1520 2487 1573 omnia
2543 1520 2753 1575 laudata
2818 1520 2966 1589 prius
2996 1521 3294 1589 vituperas,
3350 1520 3417 1575 de
3465 1520 3657 1576 eodem
3710 1536 3805 1576 ore
3846 1532 3891 1576 et

2307 1612 2463 1668 dulce
2494 1616 2774 1683 proferens
2802 1623 2857 1667 ct
2892 1629 3157 1668 amarum.
3195 1614 3452 1669 Sentisne
3493 1615 3622 1683 quid
3673 1623 3889 1680 taceam,

606 1709 885 1780 loqueris?
915 1710 1154 1781 Denique
1185 1721 1237 1766 et
1266 1727 1365 1781 ego
1390 1711 1587 1780 scripta
1612 1719 1700 1765 tua
1726 1710 1996 1780 relegens,
2021 1725 2204 1780 qnam-
2237 1699 2284 1758 B
2314 1706 2455 1775 quod
2508 1706 2759 1760 aestuanti
2813 1707 3017 1775 pectori
3070 1707 3230 1761 verba
3284 1722 3390 1761 non
3441 1708 3823 1763 commodent?
3849 1718 3893 1763 et

606 1816 766 1873 quam
829 1802 1098 1857 interdum
1155 1818 1260 1857 non
1321 1802 1616 1873 intelligam
1666 1803 1792 1874 quid
1851 1804 2110 1873 loquaris,
2151 1813 2205 1858 et

608 1902 635 1931 δ
670 1893 997 1948 Ileraelitum
1034 1910 1120 1949 me
1163 1895 1341 1964 legere
1378 1906 1557 1964 putem
1591 1912 1603 1947 :
1641 1904 1819 1949 tamen
1864 1910 1970 1949 non
2020 1896 2204 1959 doleo,

610 2000 714 2041 nec
744 2001 830 2040 me
861 1985 1090 2056 poenitet
1134 1986 1400 2041 tarditatis
1444 2006 1456 2040 :
1494 1986 1545 2041 id
1573 1987 1716 2041 enim
1754 1988 1804 2041 in
1840 1987 2072 2057 legendo
2112 2001 2209 2057 pa-

608 2078 735 2144 tior,
767 2078 916 2149 quod
949 2088 1003 2132 tu
1029 2078 1233 2148 pateris
1264 2079 1318 2132 in
1349 2078 1663 2134 scribendo.

676 2176 765 2230 51.
811 2174 1085 2229 Sontnium
1138 2173 1392 2242 defendit.
1428 2174 1740 2228 Sanctorum
1768 2172 2025 2227 Locorum
2069 2173 2203 2227 cele-

606 2264 766 2320 britas
796 2276 840 2320 et
888 2267 950 2319 de
991 2276 1094 2319 toto
1136 2267 1256 2319 orbe
1300 2276 1597 2321 conventus.
1626 2298 1697 2305 —
1743 2266 1844 2321 Cur
1888 2266 2208 2336 Hieronymo

607 2358 884 2413 detraxerit
918 2359 1161 2429 Ruﬁnus.
1191 2390 1262 2397 ——
1288 2358 1412 2413 H:cc
1454 2360 1714 2427 dicerem,
1747 2361 1791 2414 si
1822 2361 2095 2431 quippiam
2128 2363 2208 2414 vi-

604 2450 782 2520 gilans
812 2452 1207 2520 promisissem.
1240 2450 1395 2505 Nunc
1425 2460 1640 2517 autem,
1678 2467 1873 2506 novum
1927 2452 2210 2522 impuden-

605 2544 694 2598 tim
721 2561 914 2615 genus,
946 2546 1135 2615 objicit
1166 2545 1296 2599 mihi
1329 2547 1600 2600 somnium
1636 2562 1837 2599 meum.
1871 2546 2087 2601 Utinam
2121 2560 2208 2600 ce-

605 2633 831 2692 lebritas
858 2637 985 2703 loci,
1021 2647 1075 2692 et
1117 2647 1433 2692 sanctorum
1465 2637 1533 2691 de
1567 2645 1683 2691 toto
1723 2638 1857 2691 orbe
1887 2646 2207 2702 conventus,

605 2726 809 2782 sineret
839 2744 924 2783 me
952 2728 1167 2783 divinas
1195 2730 1508 2799 Scriptttras
1541 2729 1725 2796 legere
1752 2731 1763 2782 !
1794 2728 2064 2783 Intantum
2090 2743 2210 2797 spa-

609 2821 744 2873 tium
776 2834 883 2873 non
916 2822 1090 2876 habeo
1143 2831 1367 2876 externa
1414 2821 1735 2875 meditandi.
1769 2821 1874 2876 Sed
1910 2832 2088 2875 tamen
2121 2821 2210 2890 qui

613 2915 887 2969 somnium
933 2915 1283 2978 criminatur,
1335 2914 1519 2968 audiat
1567 2914 1964 2984 Prophetarum
2023 2930 2209 2980 voces,

610 3007 839 3061 somniis
882 3022 987 3062 non
1034 3022 1155 3062 esse
1208 3006 1562 3073 credendum,
1595 3006 1718 3076 quia
1748 3021 1848 3061 nec
1884 3007 2208 3062 adulterium

2310 1812 2431 1851 cum
2460 1797 2747 1853 Psalmista
2778 1799 2967 1869 loquar
2995 1817 3005 1851 :
3044 1799 3209 1863 Pone,
3240 1800 3479 1864 Domine,
3510 1801 3797 1854 custodiam
3826 1802 3893 1854 ori

2310 1906 2445 1955 meo,
2477 1900 2524 1943 et
2550 1891 2737 1944 ostium
2764 1893 3023 1944 munitum
3049 1892 3200 1945 labiis
3226 1893 3371 1946 meis.
3405 1891 3527 1946 Non
3570 1892 3796 1948 declines
3818 1910 3895 1947 cor

2310 1999 2475 2036 meum
2522 1984 2575 2036 in
2613 1983 2765 2037 verba
2796 1983 3011 2037 malitia!
3040 1983 3155 2055 (Ps.
3188 2000 3316 2050 CXL,
3348 1986 3426 2052 5).
3461 1984 3528 2038 Et
3570 1985 3703 2039 alibi
3736 2003 3748 2039 :
3781 1984 3895 2039 Cum

2310 2078 2607 2130 consisteret
2651 2078 2925 2130 adversum
2976 2094 3055 2129 me
3096 2090 3349 2145 peccator,
3382 2078 3638 2145 obmutui,
3670 2090 3717 2132 et
3742 2079 3896 2132 Inani-

2311 2169 2467 2222 lialus
2510 2185 2646 2234 sum,
2692 2178 2742 2222 et
2780 2169 2902 2221 silui
2943 2186 2973 2221 a
3016 2169 3159 2222 bonis
3209 2169 3326 2241 (Ps.
3379 2186 3609 2236 xxxvut,
3643 2172 3699 2235 l,
3729 2170 3807 2241 9).
3839 2171 3895 2225 Et

2312 2275 2499 2315 rursus
2534 2278 2545 2311 :
2578 2258 2773 2315 Factus
2802 2277 2911 2314 sum
2940 2262 3088 2330 quasi
3113 2262 3265 2315 homo
3293 2278 3393 2316 non
3424 2263 3670 2328 audiens,
3701 2280 3789 2318 nec
3815 2262 3897 2314 Ita-

2313 2354 2433 2409 bens
2473 2356 2525 2408 in
2556 2372 2643 2409 ore
2689 2372 2780 2408 suo
2808 2356 3184 2423 increpationes
3215 2355 3332 2428 (Ps.
3377 2373 3590 2423 xxxv",
3627 2358 3755 2429 19.)?
3803 2357 3896 2413 Sed

2314 2464 2413 2518 pro
2462 2465 2551 2503 me
2600 2450 2745 2503 ultor
2791 2449 2883 2502 tibi
2937 2449 3192 2504 Dominus
3240 2450 3617 2521 respondebit,
3661 2452 3752 2521 qui
3782 2452 3900 2506 dicit

2314 2558 2410 2611 per
2440 2542 2791 2611 Prophetam,
2824 2541 2957 2595 Mihi
2987 2544 3232 2609 uindicta,
3258 2554 3304 2596 et
3334 2560 3423 2616 ego
3450 2546 3759 2610 retribuam,
3787 2544 3900 2598 dicit

2313 2632 2569 2686 Dominus
2600 2631 2777 2704 (Rom.
2815 2649 2906 2693 xu.
2936 2634 3047 2704 l9).
3087 2636 3148 2688 Et
3174 2634 3226 2689 in
3257 2635 3363 2689 alio
3395 2635 3516 2690 loco
3545 2653 3556 2687 :
3589 2635 3789 2690 Sedens
3818 2636 3901 2689 ad-

2314 2740 2487 2777 versus
2513 2730 2723 2793 fratrem
2752 2735 2897 2779 tuum
2920 2725 3233 2796 loquebaris,
3265 2737 3312 2781 et
3338 2727 3581 2782 adversus
3611 2728 3785 2797 ﬁlium
3806 2744 3905 2782 ma-

2316 2820 2407 2872 tris
2455 2829 2557 2871 tuw
2607 2820 2828 2889 ponebas
2876 2820 3203 2875 scandalum.
3253 2820 3384 2876 Haec
3420 2822 3585 2890 fecisti
3642 2833 3692 2875 et
3737 2823 3902 2877 tacui:

2316 2912 2641 2976 existimasti,
2671 2914 3035 2984 iniqueﬁluod
3062 2930 3149 2967 ero
3182 2914 3256 2966 tui
3281 2915 3500 2979 similis;
3523 2929 3747 2986 arguant
3772 2924 3837 2974 te,
3863 2924 3903 2966 et

2316 3014 2541 3058 statuam
2595 3016 2773 3058 contra
2823 3007 3008 3075 faciem
3066 3017 3205 3059 tuam
3237 3004 3407 3075 (Psal.
3459 3021 3549 3072 XL,
3580 3005 3657 3059 20
3710 3007 3904 3077 seqq.);

610 3100 811 3155 somnii
863 3100 1014 3155 ducit
1043 3116 1130 3155 me
1156 3100 1223 3154 ad
1270 3110 1553 3165 tartarum,
1590 3114 1690 3155 nec
1732 3114 1933 3155 corona
1964 3100 2209 3172 martyrii
2239 3083 2283 3146 C
2318 3106 2377 3151 nt
2406 3098 2459 3151 in
2488 3106 2538 3152 te
2569 3097 2753 3153 videas
2780 3098 3161 3165 condemnata,
3188 3114 3310 3169 quas
3338 3098 3474 3153 falso
3504 3098 3557 3151 in
3584 3098 3715 3156 aliis
3738 3098 3903 3155 crimi-

613 3191 668 3248 iu
704 3192 901 3249 caelum
947 3193 1108 3248 levat.
1141 3194 1365 3260 Quoties
1409 3194 1513 3248 vidi
1544 3208 1631 3248 me
1658 3208 1782 3248 esse
1827 3204 2120 3256 mortuum,
2155 3202 2208 3249 et

608 3284 666 3341 in
696 3285 947 3355 sepulcro
994 3285 1263 3355 positum!
1319 3286 1544 3353 Quoties
1590 3286 1778 3340 volare
1818 3300 1981 3356 super
2009 3294 2207 3351 terras,

610 3387 667 3434 ct
695 3386 907 3433 montes
937 3393 1001 3433 ac
1029 3378 1196 3432 maria
1230 3386 1413 3433 natatu
1438 3377 1582 3433 aeris
1624 3379 2015 3434 transfretare?
2040 3378 2211 3450 Cogat

608 3485 741 3540 ergo
793 3485 879 3525 me
920 3486 1027 3524 non
1072 3473 1272 3536 vivere,
1302 3470 1387 3525 vel
1423 3486 1628 3540 pennas
1655 3469 1857 3525 habere
1887 3486 1984 3540 per
2016 3471 2205 3539 latera,

607 3564 732 3635 quia
764 3564 915 3635 vagis
947 3563 1281 3635 imaginibus
1309 3580 1461 3619 mens
1489 3580 1635 3634 smpe
1661 3563 1849 3619 delusa
1879 3573 1979 3619 est.
2011 3564 2205 3631 Quanti

609 3658 664 3714 in
698 3660 908 3714 somnis
954 3659 1173 3726 divites,
1218 3660 1428 3729 apertis
1477 3658 1654 3713 oculis
1704 3666 1927 3727 repente
1978 3657 2209 3712 mendici

607 3752 774 3806 sunt?
804 3751 1065 3806 Sitientes
1095 3750 1318 3806 flumina
1360 3750 1587 3809 bibunt:
1621 3757 1676 3804 et
1715 3750 2051 3820 experrecti,
2100 3752 2206 3805 sic-

611 3844 691 3899 cis
728 3843 970 3901 faucibus
1000 3853 1253 3900 :estuant.
1285 3844 1363 3899 Tn
1396 3859 1424 3897 a
1457 3859 1543 3898 me
1588 3843 1782 3897 somnii
1831 3842 2002 3913 exigis
2046 3858 2210 3912 spon-

610 3938 821 3993 sionem
860 3955 873 3993 :
907 3953 1009 4007 ego
1039 3946 1090 3992 te
1136 3938 1316 3992 verius
1362 3937 1709 4006 stricuusque
1734 3936 2078 3991 conveniam.
2110 3936 2206 3992 Fe-

610 4032 733 4090 cisti
766 4033 945 4087 omnia
975 4046 1096 4100 quae
1126 4032 1178 4085 in
1212 4030 1537 4100 baptismate
1567 4028 1908 4100 promisisti?
1937 4029 2208 4099 Quidquid

610 4127 864 4183 monachi
896 4124 1217 4181 vocabulum
1266 4123 1493 4193 ﬂagitat,
1524 4132 1771 4178 nostrum
1804 4133 2031 4193 uterque
2055 4138 2207 4177 com-

610 4223 815 4294 plevit?
841 4222 1006 4289 Cave,
1040 4234 1256 4291 quaeso,
1290 4234 1359 4274 ne
1390 4232 1485 4289 per
1516 4218 1720 4274 trabem
1753 4227 1921 4284 tuam,
1946 4216 2207 4272 festucam

610 4331 787 4372 meam
817 4316 1027 4370 videas.
1061 4312 1269 4367 Invitus
1317 4312 1527 4382 loquor,
1575 4322 1630 4367 et
1682 4322 2066 4367 retrectantem
2108 4311 2211 4364 lin-

612 4425 771 4481 guam
801 4408 959 4463 dolor
1006 4409 1059 4463 in
1108 4407 1271 4463 verba
1303 4406 1601 4476 compellit.
1636 4405 1751 4460 Non
1796 4405 1886 4461 libi
1936 4405 2212 4460 sufficiunt

2316 3206 2483 3246 llal'lS.

2384 3285 2473 3339 5‘2.
2503 3284 2866 3358 Chrysogonus
2893 3295 3111 3340 sectator
3140 3285 3339 3355 Ruﬁni.
3358 3285 3618 3341 —Audio
3650 3295 3903 3357 prmterea

2314 3378 2475 3447 objici
2506 3379 2635 3433 mihi
2662 3394 2691 3432 a
2718 3379 3074 3451 Chrysogono
3101 3389 3373 3435 sectatore
3404 3379 3542 3449 ejus,
3566 3394 3671 3433 cur
3707 3381 3758 3435 in
3790 3380 3906 3448 bap-

2316 3474 2530 3528 tismate
2556 3473 2786 3528 dixerim
2821 3474 3074 3529 universa
3104 3482 3323 3544 peccata
3355 3474 3577 3540 dimitti,
3610 3484 3667 3529 et
3700 3484 3902 3529 mortuo

2315 3566 2586 3630 bimarito,
2618 3582 2814 3621 novum
2844 3568 3016 3621 virum
3063 3567 3113 3620 in
3142 3566 3364 3621 Christo
3388 3581 3679 3637 resurgere
3711 3585 3724 3621 :
3756 3576 3905 3637 atque

2315 3660 2617 3714 istiusmodi
2660 3660 2986 3716 Sacerdotes
3032 3661 3084 3714 in
3131 3660 3391 3715 Ecclesiis
3433 3674 3554 3715 esse
3596 3660 3901 3714 nonnullos.

2312 3752 2406 3806 Cui
2428 3752 2752 3824 ﬁssbrevi
2779 3768 3028 3809 sermone
3047 3752 3388 3822 respondebo
3404 3768 3417 3807 :
3434 3751 3635 3806 habent
3667 3752 3904 3807 libellum

2316 3847 2517 3917 (Epist.
2565 3849 2633 3899 ad
2667 3845 2996 3919 Oceanum),
3028 3862 3188 3917 quem
3218 3848 3269 3900 in
3300 3846 3505 3901 crimen
3537 3856 3745 3901 vocant
3782 3864 3794 3899 :
3824 3845 3905 3899 illc

2313 3942 2660 4012 respondeat,
2679 3943 2820 3997 hunc
2836 3957 2928 3996 sua
2942 3942 3311 4010 disputatione
3326 3941 3626 4008 subvertat,
3644 3952 3699 3995 et
3714 3941 3908 4010 scripta

2313 4040 2529 4107 scriptis
2547 4048 2756 4107 arguat.
2786 4037 2928 4104 Quid
2948 4036 3268 4092 austeritate
3287 4034 3504 4101 frontis,
3530 4044 3584 4088 et
3608 4034 3909 4089 contractis

2315 4133 2631 4202 rugatisqoe
2681 4130 2928 4195 naribus,
2978 4144 3217 4185 concava
3274 4128 3435 4184 verba
3486 4129 3806 4194 trutinatur,
3858 4134 3911 4180 et

2313 4224 2655 4280 sanctitatem
2704 4222 2847 4291 apud
2896 4222 3088 4293 vulgus
3136 4221 3373 4291 ignobile
3420 4219 3675 4275 simulato
3726 4219 3912 4287 rigore

2314 4316 2608 4372 mentitur?
2630 4314 2827 4369 Audiat
2846 4330 2944 4369 nos
2976 4316 3167 4370 iterum
3202 4314 3623 4383 proclamantes,
3650 4308 3911 4364 Veterem

2314 4408 2484 4465 Adam
2510 4408 2562 4462 in
2593 4407 2809 4463 lavacro
2839 4415 3007 4462 totum
3040 4406 3196 4470 mori,
3231 4416 3285 4459 et
3313 4420 3509 4460 novum
3539 4414 3657 4457 cum
3689 4400 3912 4456 Christo

613 4515 733 4568 qure
762 4498 828 4553 de
856 4500 1109 4569 vigilante
1138 4499 1424 4568 contingis,
1456 4497 1622 4570 488
1647 4497 1747 4552 nisi
1778 4506 1832 4552 et
1856 4498 2065 4551 somnia
2106 4497 2208 4551 cri-
2238 4474 2288 4533 D
2319 4504 2370 4557 in
2405 4502 2732 4572 baptismate
2764 4498 3018 4555 suscitari
3064 4517 3075 4554 :
3109 4497 3292 4569 perire
3345 4498 3621 4563 choicnm,
3674 4506 3732 4551 et
3765 4496 3911 4550 nasci

617 4590 862 4646 mineris.
882 4590 1109 4647 Tantam
1134 4590 1683 4647 habescuriositatcm
1701 4604 1945 4644 meorum
1966 4598 2209 4654 actuum,

614 4694 675 4739 ut
722 4682 854 4755 quid
900 4683 1177 4741 dormiens
1225 4684 1475 4748 fecerim,
1525 4682 1873 4749 dixerimvc,
1924 4682 2205 4737 discntias.

614 4777 1010 4845 Praetermitto,
1040 4794 1160 4850 qua:
1205 4787 1392 4834 contra
1434 4792 1521 4832 me
1572 4777 1821 4847 loquens,
1871 4777 2209 4847 propositum

615 4881 763 4930 tuum
792 4873 1096 4945 deturpasti
1139 4888 1308 4944 :quae
1354 4874 1406 4928 in
1450 4872 1923 4943 depompationem
1968 4869 2206 4925 omnium

612 4964 1081 5030 Christianorum,
1147 4974 1205 5020 et
1253 4966 1434 5022 verbis
1489 4974 1545 5021 et
1592 4981 1756 5035 opere
1810 4963 2025 5020 feceris.
2097 4963 2209 5017 lloc

612 5072 780 5111 unum
814 5058 1093 5124 denuntio,
1130 5067 1184 5112 et
1214 5070 1471 5127 repetens
1518 5058 1711 5113 iterum
1743 5058 2051 5128 iterumque
2096 5071 2212 5110 mo-

615 5147 777 5204 nebo.
810 5146 1103 5203 Cornutam
1133 5148 1360 5203 bestiam
1396 5150 1571 5218 petis:
1606 5160 1659 5205 et
1702 5152 1803 5204 nisi
1846 5166 2095 5207 caverem
2142 5150 2211 5205 il-

613 5249 708 5306 lud
739 5249 1013 5320 Apostoli,
1048 5247 1296 5303 Maledici
1339 5265 1554 5321 regnum
1596 5249 1691 5304 Dei
1737 5267 1839 5304 non
1882 5249 2213 5322 possidebunt

614 5342 665 5412 (Ι
694 5343 814 5399 Cor.
845 5358 896 5399 v1
915 5384 929 5409 ,
961 5342 1075 5413 l9);
1108 5351 1184 5410 et,
1210 5340 1507 5397 Mordentes
1538 5344 1749 5398 inuicem
1773 5343 2064 5412 consumpti
2092 5343 2212 5398 estis

688 5519 715 5546 ει
754 5507 910 5565 Hunc
932 5524 1130 5579 nempe
1159 5508 1402 5564 omnium
1447 5507 1905 5579 Philosorihorum
1936 5504 2209 5579 obscuris-

614 5581 811 5635 simum
860 5575 1077 5635 veteres
1122 5590 1329 5634 notant.
1390 5579 1642 5633 Lucretio
1685 5576 1883 5629 dicitur
1924 5575 2095 5627 clarus
2147 5575 2207 5627 ob

618 5651 1167 5724 obscuramlinguam.
1197 5652 1331 5724 Ilinc
1354 5660 1409 5724 et
1435 5650 1687 5724 σκρεεινὸς
1715 5654 2078 5724 cognomento
2100 5645 2211 5724 dic-1

615 5727 704 5773 tus
726 5732 831 5774 est.
857 5716 1194 5778 Vidfcontra
1214 5722 1483 5777 J0vinian.
1506 5719 1599 5773 lib.
1623 5734 1638 5772 l
1670 5733 1790 5787 qua:
1816 5716 2217 5772 annotavimus.’

2314 4595 2781 4667 supercmlestem.
2814 4596 2940 4648 llaec
2967 4593 3222 4656 dicimus,
3255 4606 3361 4646 non
3391 4589 3535 4662 quod
3568 4588 3699 4658 ipsi,
3726 4589 3911 4660 propi-

2313 4695 2385 4749 tio
2411 4692 2653 4759 Christo,
2686 4691 2787 4745 hac
2808 4687 3107 4760 qurestione
3137 4696 3435 4753 teneamur,
3460 4687 3557 4743 sed
3584 4686 3913 4758 interrogati

2314 4804 2343 4842 a
2368 4786 2646 4849 fratribus,
2673 4783 2803 4855 quid
2828 4780 2985 4836 nobis
3012 4780 3308 4849 videretur,
3342 4779 3757 4851 respondimus,
3783 4778 3913 4834 nulli

2316 4881 2733 4953 prmjudicantes
2769 4877 2921 4947 sequi
2969 4876 3113 4946 quod
3148 4876 3302 4941 velit,
3336 4875 3502 4947 490
3532 4890 3634 4929 nec
3685 4874 3915 4929 alterius

2320 4988 2340 5015 ε
2375 4975 2655 5030 decretum
2704 4978 2887 5024 nostra
2931 4969 3197 5023 sententia
3263 4968 3670 5024 subvertentes.
3731 4967 3916 5036 Neque

2315 5068 2460 5121 enim
2493 5064 2764 5118 ambimus
2793 5058 3182 5124 sacerdotium,
3216 5060 3309 5128 qui
3344 5059 3574 5115 latemus
3595 5060 3651 5114 in
3670 5059 3912 5122 cellulis;

2318 5173 2418 5213 nec
2436 5156 2744 5210 humilitate
2768 5154 3046 5216 damnata,
3072 5152 3440 5223 episcopatum
3473 5167 3607 5206 auro
3637 5152 3917 5207 redimere

2320 5250 2681 5312 festinamus;
2713 5263 2813 5303 nec
2858 5246 3092 5303 electum
3145 5245 3457 5317 pontificem
3488 5259 3518 5298 a
3545 5244 3679 5311 Deo,
3720 5243 3916 5300 rebelli

2321 5345 2571 5416 cupimus
2621 5350 2804 5397 mente
2854 5341 3138 5411 jugulare:
3194 5354 3292 5395 nec
3348 5336 3577 5394 favendo
3616 5336 3915 5402 haereticis,

2390 5503 2417 5541 ι’
2460 5504 2627 5559 Vetus
2652 5503 2811 5568 edit.,
2841 5520 3084 5571 magnam
3116 5503 3206 5558 tibi
3231 5505 3285 5558 in
3313 5505 3528 5571 mundo,
3562 5513 3668 5559 etc.

2389 5587 2408 5611 θ
2451 5576 2709 5631 Fortasse
2738 5575 2869 5629 illud
2908 5574 3089 5631 Siricii
3120 5591 3295 5645 papas,
3350 5585 3409 5629 ut
3453 5576 3505 5629 in
3538 5574 3757 5629 laudata
3807 5574 3920 5645 epi-

2318 5648 2455 5702 stola
2480 5646 2545 5701 ad
2569 5646 2845 5702 Oceanum
2876 5644 3221 5703 annotamns.
3250 5646 3357 5701 Aut
3379 5647 3558 5716 potius
3581 5644 3915 5701 Innocentii.
