4036 6322
206 292 303 349 423
1181 283 1527 340 APOLOGIA
1570 286 1606 337 Α
1620 283 1782 339 DVEF

1901 288 1938 339 S
1979 281 2229 341 LIBROS
2270 282 2522 339 RUFINI.
3388 288 3493 346 496

202 403 483 460 haereticos
517 417 618 457 nos
644 402 922 458 docemus.
953 399 1217 455 Pecunias
1236 414 1335 454 nec
1365 400 1654 467 habemus,
1686 414 1785 455 nec

204 497 389 552 habere
438 497 691 553 volumus
723 516 736 550 :
770 495 1027 550 Habentes
1055 494 1246 547 eictam
1286 504 1334 546 et
1387 493 1623 548 vestitum
1653 536 1666 557 ,
1705 493 1783 546 his

198 589 410 643 contenti
448 605 628 644 sumes
657 588 712 660 (Ι
738 588 869 642 Tim.
913 602 988 654 γι,
1016 586 1085 656 5)
1128 602 1140 638 :
1183 585 1320 641 illud
1368 586 1435 642 de
1483 600 1779 641 ascensure

198 683 383 738 montis
426 682 694 737 Dominici
722 681 923 753 jugiter
950 680 1309 735 decantantes
1337 696 1351 733 :
1379 678 1482 746 Qui
1510 678 1780 749 pecuniam

1893 418 2039 453 suam
2069 417 2170 454 non
2199 401 2343 455 dedit
2385 402 2451 454 ad
2476 416 2707 464 usuram,
2737 410 2783 453 et
2808 417 3022 455 munera
3064 418 3221 471 super
3246 405 3494 461 innocen-

1892 501 1989 545 tem
2026 508 2129 545 non
2170 493 2389 563 accepit.
2424 501 2449 529 ι
2480 492 2581 559 Qui
2625 493 2749 562 facit
2789 492 2922 560 lucc,
2966 511 3069 547 non
3110 497 3393 551 movebitur
3437 500 3490 552 in

1889 594 2137 640 retentum
2167 584 2352 656 (Psal.
2396 600 2505 653 xtv,
2536 585 2591 650 δ,
2617 584 2707 655 6).
2741 584 2888 655 Ergo
2938 586 3028 656 qui
3057 601 3163 643 non
3199 588 3347 656 facit,
3376 590 3485 661 jam

1888 676 2096 732 corruit
2125 677 2178 732 in
2207 686 2497 734 aeternum.

260 826 283 852 ι
319 814 562 885 Respicit
590 814 804 870 initium
848 813 1087 883 Psalmi,
1135 812 1268 880 Quis
1311 812 1552 868 ascendet
1578 813 1632 867 in
1658 821 1881 867 montem
1918 810 2129 866 Domini
2152 812 2178 865 .’

196 960 3459 998 W

1300 1107 1646 1194 LIBER
1720 1105 2380 1194 SECUNDUS.

249 1418 408 1492 491
451 1419 504 1474 1.
553 1416 672 1472 Van
706 1432 760 1472 se
788 1415 1087 1488 defendere,
1117 1431 1217 1468 non
1257 1412 1389 1466 alios
1413 1426 1679 1465 accusare.
1700 1435 1772 1449 -ο
1800 1417 1847 1474 Α
1878 1413 2059 1461 tamen
2085 1414 2274 1461 contra
2305 1420 2363 1460 se
2392 1406 2591 1462 habeat
2626 1408 2914 1463 latratores
2941 1427 2952 1463 :
2979 1412 3069 1479 qui
3122 1414 3224 1467 nisi
3246 1414 3271 1450 ά
3297 1416 3484 1487 inclyti

142 1554 153 1563 .
183 1512 464 1582 llucusque
488 1510 555 1565 dc
582 1509 926 1573 criminibus,
950 1509 1117 1561 immo
1142 1520 1239 1574 pro
1263 1503 1587 1560 criminibus
1609 1502 1768 1569 meis,

185 1620 295 1675 qum
334 1608 387 1659 in
423 1619 509 1659 me
548 1602 820 1673 quondam
866 1600 1131 1656 subdolus
1158 1598 1405 1654 laudator
1435 1595 1690 1667 ingessit,
1715 1603 1774 1650 et

181 1696 429 1768 discipuli
475 1695 595 1766 ejus
644 1694 987 1750 constantius
1034 1702 1288 1761 arguunt,
1339 1704 1448 1743 non
1496 1695 1555 1741 ut
1581 1685 1769 1750 debui,

176 1789 265 1843 sed
291 1798 345 1843 ut
364 1788 549 1859 potui,
572 1786 851 1842 moderato
877 1784 1071 1839 dolore
1093 1782 1209 1855 [Αι.
1242 1782 1432 1836 labore
1452 1778 1473 1851 ]
1492 1776 1770 1850 respondi.

175 1879 523 1951 PrOpositum
548 1880 749 1950 quippe
772 1878 907 1933 mihi
928 1887 1034 1941 est,
1057 1891 1163 1930 non
1188 1884 1295 1929 tam
1323 1875 1463 1929 alios
1485 1888 1772 1937 accusare,

172 1990 329 2042 quam
375 1991 467 2029 me
506 1973 824 2028 defendere.
861 1969 1086 2025 Veniant
1127 1969 1193 2023 ad
1226 1978 1249 2005 α
1280 1968 1602 2037 Apologiam
1633 1967 1773 2035 ejus,

171 2081 273 2135 qua
291 2074 494 2120 sancto
517 2064 829 2126 Anastasio,
854 2061 1118 2116 Romanae
1139 2060 1290 2115 urbis
1312 2060 1593 2129 episeopo,
1618 2059 1779 2113 satis-

166 2157 362 2215 facere
413 2159 628 2220 nititur,
673 2166 728 2211 et
759 2157 813 2210 in
860 2154 1237 2209 defensionem
1281 2156 1362 2206 sui
1395 2152 1527 2207 mihi
1559 2166 1777 2205 rursum

168 2250 512 2308 calumniam
544 2250 734 2312 struit;
793 2255 1113 2316 tantumque
1144 2261 1231 2301 me
1273 2244 1473 2314 diligit,
1508 2252 1565 2298 ut
1593 2256 1779 2313 raptus

171 2344 419 2409 turbine,
443 2350 501 2397 et
523 2342 576 2396 in
599 2339 863 2410 profunda
886 2338 1195 2402 demersus,
1222 2352 1402 2393 meum
1427 2336 1778 2405 potissimum

171 2438 198 2478 ι)
216 2437 445 2493 invadat
461 2435 677 2507 pedem,
699 2444 758 2489 ιιι
783 2449 994 2489 mecum
1012 2442 1105 2489 aut
1124 2432 1413 2499 liberetur,
1451 2441 1543 2486 aut
1570 2439 1777 2500 pereat.

240 2529 300 2582 2.
344 2526 611 2599 Apoloqia
636 2525 838 2593 Ruﬁni.
874 2525 1122 2578 Parentes
1158 2521 1361 2595 vulgari
1387 2536 1621 2575 sermone
1643 2521 1782 2573 dice-

175 2623 361 2675 bautur
395 2619 606 2689 cognati
631 2626 679 2671 et
708 2615 917 2686 afﬁnes.
935 2645 1007 2656 —
1029 2616 1171 2670 Dicit
1194 2629 1254 2670 se
1282 2614 1519 2684 primum
1546 2627 1780 2681 respon-

173 2714 301 2770 dere
331 2711 673 2779 rumoribus,
707 2709 909 2781 quibus
939 2708 1087 2763 illius
1110 2706 1302 2762 Romae
1333 2715 1591 2775 carpatur
1615 2705 1773 2770 ﬁdes,

1877 1498 2153 1568 pontiﬁcis
2184 1498 2378 1552 baculo
2412 1500 2775 1569 repellantur,
2812 1500 2976 1573 492
3007 1504 3205 1561 latrare
3236 1523 3340 1561 non
3372 1524 3486 1565 ces-

1875 1601 2021 1647 sant.
2057 1591 2190 1645 Illud
2226 1607 2356 1647 vero
2392 1593 2701 1661 ridiculum,
2730 1596 2876 1663 quod
2910 1606 3035 1666 post
3066 1600 3285 1671 triginta
3303 1618 3478 1660 annos

1875 1685 1942 1740 ad
1978 1695 2238 1753 parentes
2265 1700 2325 1739 se
2358 1701 2638 1740 reversum
2686 1702 2809 1741 esse
2836 1688 3025 1757 jactat,
3060 1691 3223 1747 homo
3254 1696 3344 1765 qui
3379 1712 3480 1752 nec

1876 1788 2085 1848 patrem
2110 1778 2295 1843 habet,
2318 1792 2417 1833 nec
2446 1790 2711 1843 matrem;
2744 1790 2798 1834 et
2821 1796 2958 1850 quos
2990 1784 3235 1841 viventes
3256 1786 3482 1856 juvenis

1875 1868 2190 1939 dereliquit,
2220 1877 2467 1923 mortuos
2492 1884 2665 1923 senex
2693 1869 2973 1926 desiderat
2997 1891 3009 1925 :
3040 1876 3141 1929 nisi
3166 1875 3347 1933 forte'3
3376 1894 3477 1949 pa-

1877 1970 2063 2014 rentes
2097 1959 2321 2012 militari
2350 1958 2672 2028 vulgarique
2698 1974 2974 2024 sermone,
3009 1977 3295 2035 cognatos,
3325 1979 3381 2021 et
3412 1970 3485 2023 af-

1881 2050 2016 2104 ﬁnes
2062 2051 2327 2113 nominat,
2366 2066 2502 2118 quos
2530 2050 2653 2119 quia
2686 2066 2789 2103 non
2827 2053 2943 2105 vult
2977 2054 3253 2123 deserere,
3289 2074 3357 2112 ne
3397 2060 3480 2115 in-

1882 2142 2151 2197 humanus
2169 2150 2411 2211 putetur,
2436 2151 2533 2196 aut
2554 2142 2749 2209 durus,
2776 2144 2980 2200 idcirco
3000 2149 3170 2215 patria
3195 2150 3481 2221 derelicta,

1882 2234 2143 2303 Aquileiae
2184 2232 2411 2286 habitat.
2450 2232 2791 2288 Periclitatur
2832 2235 3019 2291 Romae.
3070 2237 3159 2292 illa
3212 2242 3485 2311 probatis-

1882 2327 2018 2380 sima
2047 2324 2182 2379 ﬁdes
2208 2324 2349 2391 ejus,
2384 2332 2442 2377 et
2470 2324 2557 2379 hic
2589 2327 2814 2394 supinus
2841 2337 2896 2382 et
2922 2329 3178 2399 lassulus,
3211 2345 3334 2403 post
3386 2340 3481 2392 tri-

1883 2419 2031 2489 ginta
2063 2432 2259 2482 annos,
2282 2432 2377 2486 per
2410 2417 2792 2473 mollissimum
2825 2421 3107 2477 Flaminia:
3136 2427 3262 2494 iter,
3289 2431 3483 2486 essedo

1884 2511 2071 2565 venire
2115 2525 2220 2563 non
2266 2518 2475 2578 potest;
2526 2510 2715 2579 sicque
2760 2515 3046 2582 praetendit
3090 2516 3235 2588 longi
3273 2520 3487 2578 itineris

1885 2602 2287 2668 lassitudinem,
2314 2602 2468 2671 quasi
2494 2603 2709 2674 triginta
2735 2606 2895 2660 annis
2919 2621 3138 2676 semper
3160 2615 3486 2681 cucurrerit,

1880 2708 1973 2753 aut
2021 2694 2246 2753 biennio
2276 2693 2546 2763 Aquileia:
2594 2696 2816 2764 sedens,
2852 2702 3113 2768 pratteriti
3160 2704 3372 2762 itineris
3396 2707 3475 2762 la-

176 2806 417 2863 hominis
444 2801 840 2875 probatissimi,
875 2808 983 2854 tam
1011 2799 1065 2854 in
1092 2799 1218 2866 ﬁde,
1239 2812 1401 2869 quam
1437 2795 1491 2851 in
1511 2796 1781 2852 cbaritate
1809 2804 1859 2865 Β
1884 2797 2018 2848 bore
2043 2788 2325 2844 confectus
2360 2790 2449 2845 sit.

175 2900 292 2956 Dei.
329 2901 400 2955 Et
432 2899 541 2954 nisi
574 2906 695 2967 post
729 2895 949 2965 triginta
974 2907 1147 2947 annos
1170 2890 1490 2962 parentibus
1512 2888 1780 2954 redditus,

175 2991 344 3046 nollet
377 3004 485 3045 eos
514 2988 793 3051 deserere,
822 2999 963 3055 quos
995 2993 1102 3039 tam
1127 2982 1283 3038 tarde
1312 2982 1545 3047 viderat,
1594 2996 1661 3035 ne
1694 2982 1780 3034 in-

174 3082 457 3138 humanus
485 3087 792 3149 putaretur,
824 3086 916 3131 aut
944 3076 1136 3142 durus,
1165 3083 1217 3130 et
1246 3084 1357 3129 tam
1386 3073 1533 3144 longi
1570 3071 1784 3126 itineris

172 3174 358 3230 labore
384 3171 663 3242 fragilior,
696 3168 765 3225 ad
792 3169 1072 3225 iterandos
1094 3167 1313 3223 labores
1338 3174 1487 3222 esset
1510 3163 1781 3230 infirmus,

171 3266 348 3337 ipsum
378 3264 582 3321 venire
613 3262 872 3317 voluisse.
904 3259 1060 3329 Quod
1088 3260 1215 3331 quia
1247 3275 1355 3314 non
1398 3258 1615 3321 fecerit,
1652 3270 1786 3311 con-

172 3366 250 3413 tra
272 3358 578 3413 latratores
598 3369 727 3410 suos
746 3354 961 3409 misisse
982 3352 1233 3408 baculum
1259 3352 1592 3416 litterarum,
1622 3363 1784 3420 quem

172 3453 258 3509 ille
288 3460 516 3509 teneret
550 3450 603 3503 in
651 3448 908 3514 dextera,
942 3455 997 3501 et
1028 3445 1317 3501 szevientes
1361 3451 1550 3497 contra
1582 3456 1642 3496 se
1670 3440 1786 3495 abi-

170 3555 323 3617 geret
349 3559 555 3602 canes.
585 3542 645 3598 Si
675 3540 934 3612 probatus
958 3548 1042 3594 est
1073 3538 1308 3604 cunctis,
1338 3544 1394 3592 et
1420 3534 1659 3590 maxime
1682 3533 1784 3603 ipsi

170 3643 251 3695 cui
283 3640 498 3696 scribit
519 3637 804 3708 episcopo,
830 3633 887 3688 in
916 3631 1020 3687 ﬁde
1053 3640 1109 3687 et
1140 3630 1410 3686 cbaritate
1436 3627 1534 3682 Dei
1563 3637 1583 3664 ε
1608 3644 1620 3677 :
1650 3639 1788 3695 quo-

170 3733 331 3789 modo
377 3733 586 3788 Romae
636 3727 943 3790 mordetur,
992 3733 1047 3780 et
1093 3722 1360 3793 carpitur,
1418 3728 1474 3775 et
1527 3718 1787 3789 appetita:

170 3826 573 3886 aestimationis
604 3823 723 3894 ejus
754 3822 898 3877 fama
929 3817 1267 3875 crebrescit?
1292 3814 1499 3871 Deinde
1528 3814 1686 3882 cujus
1703 3819 1790 3866 est

173 3921 534 3988 humilitatis,
569 3917 858 3989 probatum
882 3929 945 3970 se
971 3912 1156 3969 dicere
1184 3910 1237 3966 in
1280 3908 1410 3975 ﬁde,
1442 3915 1499 3963 et
1523 3905 1790 3962 charitate

176 4015 298 4082 Dei,
323 4029 452 4069 cum
483 4008 737 4082 Apostoli
770 4016 958 4079 petant
993 4002 1274 4069 :Domine,
1306 4000 1510 4071 adauge
1544 3997 1688 4052 nobis
1721 3996 1789 4065 ﬁ-

177 4109 291 4163 dem
323 4105 504 4177 (Luc.
534 4118 668 4168 xvn,
693 4099 793 4173 5);
833 4108 890 4156 et
931 4097 1172 4162 audiant,
1225 4094 1286 4151 Si
1323 4092 1606 4147 habueritis
1632 4088 1789 4160 ﬁdem

1956 2882 2010 2935 5.
2053 2880 2233 2948 Ruﬁni
2263 2882 2435 2935 verba.
2466 2909 2537 2920 —
2564 2898 2583 2931 ι
2630 2879 2932 2949 Carpamus
2981 2882 3215 2952 reliqua,
3261 2895 3316 2941 et
3369 2888 3482 2958 ipsa

1883 2972 2132 3043 epistola:
2162 2972 2281 3042 ejus
2312 2972 2477 3029 verba
2510 2987 2777 3042 ponamus
2804 2989 2815 3024 :
2844 2972 3103 3039 Quamvis
3154 2976 3318 3046 igitur
3351 2980 3485 3036 ﬁdes

1885 3073 2092 3131 nostra,
2124 3065 2520 3134 persecutionis
2544 3065 2929 3120 luereticorum
2974 3076 3242 3137 tempore,
3275 3086 3399 3126 cum
3429 3075 3482 3128 in

1887 3168 2075 3215 sancta
2102 3158 2471 3214 Alexandrina
2504 3157 2748 3213 Ecclesia
2777 3157 3128 3228 degercmus,
3165 3162 3216 3215 in
3249 3168 3486 3221 carceri-

1888 3250 1988 3306 bus
2016 3259 2071 3306 et
2101 3251 2329 3316 exsiliis,
2363 3248 2381 3287 ί
2410 3264 2530 3320 qua:
2554 3266 2652 3319 pro
2688 3250 2792 3305 ﬁde
2821 3250 3223 3317 inferebantur,
3258 3257 3487 3324 probata

1887 3344 1980 3394 sit.
2013 3358 2031 3391 ι
2061 3338 2224 3393 Miror
2243 3338 2389 3408 quod
2415 3354 2522 3393 non
2546 3338 2810 3408 adjecerit
2828 3356 2840 3391 :
2860 3339 3088 3396 Vinctus
3111 3341 3238 3397 Jesu
3262 3343 3489 3406 Christi.

1889 3440 1943 3486 et
1970 3430 2234 3487 liberatus
2281 3446 2401 3486 sum
2449 3430 2519 3486 de
2551 3445 2647 3485 ore
2697 3430 2892 3497 leonis,
2943 3440 2997 3486 et
3028 3434 3377 3489 Alexandria:
3418 3437 3485 3490 ad

1890 3524 2090 3580 bestias
2118 3524 2370 3594 pugnavi,
2403 3532 2459 3579 et
2488 3538 2709 3579 cursum
2741 3526 3140 3590 consummavi,
3175 3525 3335 3582 ﬁdem
3362 3543 3480 3583 ser-

1890 3616 2032 3683 vavi,
2080 3624 2331 3686 superest
2372 3616 2505 3670 milti
2554 3631 2755 3671 corona
2804 3616 3049 3685 justitiae.
3084 3618 3213 3686 Quae
3262 3622 3484 3685 exsilia,

1889 3722 2025 3780 quos
2054 3709 2157 3764 iste
2197 3723 2451 3764 carceres
2482 3708 2763 3763 nominat?
2792 3708 2973 3763 Pudet
3015 3725 3101 3763 me
3152 3712 3484 3778 apertissimi

1892 3810 1917 3849 ε
1944 3800 2248 3865 mendacii;
2279 3799 2435 3870 quasi
2466 3813 2719 3854 carceres
2739 3841 2752 3863 ,
2785 3808 2838 3853 et
2884 3798 3072 3855 exsilia
3118 3802 3322 3872 absque
3343 3803 3488 3874 judi-

1891 3908 2013 3949 cum
2060 3892 2350 3947 sententiis
2386 3891 2715 3961 irrogentur.
2767 3888 2902 3944 Volo
2944 3899 3124 3945 tamen
3168 3893 3313 3961 ipsos
3343 3899 3487 3952 scire

1892 4002 2165 4054 carceres,
2199 3994 2254 4042 et
2282 4000 2511 4057 quarum
2560 3983 2962 4055 provinciarum
3014 4000 3071 4039 se
3102 3984 3247 4039 dicat
3289 3990 3483 4043 exsilia

1894 4080 2242 4137 sustinuisse.
2278 4078 2348 4133 Et
2377 4079 2559 4148 utique
2602 4076 2765 4131 habet
2795 4075 3009 4145 capiam
3036 4077 3103 4131 de
3151 4079 3335 4134 multis
3363 4095 3486 4135 car-

176 4208 231 4252 ut
259 4168 493 4271 gn‘mum
535 4168 781 4263 δίηαρὶί(
804 4189 968 4256 Ibid.,
997 4188 1085 4259 6).
1138 4188 1206 4242 Et
1248 4186 1316 4240 ad
1348 4185 1526 4256 ipsum
1573 4179 1788 4236 dicatur
1816 4183 1863 4247 ρ
1894 4172 2110 4228 ceribus
2142 4180 2194 4227 et
2218 4169 2447 4225 inﬁnitis
2471 4168 2679 4224 exsiliis
2702 4183 2868 4223 unum
2888 4168 3105 4239 aliquod
3144 4172 3479 4231 nominandi.

177 4289 402 4344 Petrum
432 4305 447 4341 :
490 4283 714 4339 Modica:
741 4283 884 4351 ﬁdei,
912 4297 1068 4351 quare
1099 4278 1349 4334 dubitasti
1380 4274 1779 4353 (Matthhxth

175 4377 317 4449 51)?
362 4375 511 4444 Quid
560 4347 754 4443 loquar
789 4347 877 4427 de
904 4347 1193 4435 charitate,
1226 4384 1347 4439 qua:
1381 4375 1439 4421 et
1472 4366 1577 4421 ﬁde
1600 4348 1663 4419 et
1688 4347 1787 4432 spe

178 4471 361 4539 major
393 4478 480 4523 est
511 4484 524 4520 :
554 4475 612 4522 et
644 4479 806 4536 quam
831 4463 1032 4519 Paulus
1056 4469 1205 4531 optat
1237 4460 1419 4530 potius
1452 4471 1612 4528 quam
1644 4470 1787 4525 prae-

177 4559 404 4618 sumit:
439 4558 563 4613 sine
593 4571 696 4628 qua
740 4564 795 4611 et
823 4554 1086 4626 martyrio
1133 4552 1357 4621 sanguis
1406 4547 1636 4613 eﬁ‘usus,
1665 4561 1790 4601 cor-

178 4665 401 4723 pusque
433 4648 671 4703 flammis
702 4647 988 4712 traditum,
1019 4658 1281 4702 coronam
1314 4656 1421 4697 non
1456 4640 1622 4695 habet
1652 4654 1790 4709 prte-

181 4743 466 4802 miorum?
495 4741 694 4796 Harum
731 4737 1145 4810 utramqueiste
1170 4736 1251 4790 sic
1293 4733 1401 4789 sibi
1441 4730 1699 4797 vindicat,
1732 4737 1790 4784 ut

259 4937 283 4965 ³
330 4928 487 4982 lianc
516 4923 651 4980 infra
682 4921 1029 4978 annectimus
1056 4925 1179 4990 post
1209 4914 1428 4990 tertium
1460 4910 1682 4990 librum.

253 4996 284 5037 ¹³
322 4977 1097 5059 ῘίίῄὀέιζηιιοιιιιιιθίΫὶειοτίὁ,
1147 4987 1339 5058 pedem
1366 4981 1528 5041 simul
1556 4977 1793 5035 natantis

185 5067 591 5141 apprehendat,
622 5081 689 5119 ne
717 5066 1119 5134 submergatur.

259 5153 283 5181 ε
324 5140 504 5192 Vetus
534 5137 693 5192 edit..
724 5135 1111 5192 probatissimo.

224 5140 231 5141 ί
259 5153 283 5181 ε
324 5140 504 5195 Vetus
534 5140 693 5200 edit.,
724 5140 1111 5205 probatissimo.

190 5284 202 5297 .
255 5213 292 5295 α.
325 5209 535 5297 Eadem
564 5214 722 5263 vetus
750 5206 882 5262 edit.
911 5205 1014 5259 nisi
1041 5202 1226 5273 inﬂicti
1251 5195 1549 5268 Pontiﬁcis.
1582 5192 1791 5248 Victor.

185 5292 423 5410 mvewgic
453 5348 585 5405 alibi
625 5348 858 5404 Ruﬁnus
898 5346 1105 5402 Hister.
1156 5343 1370 5398 Eccles.
1420 5355 1475 5404 v,
1502 5335 1596 5400 24,
1639 5334 1783 5401 frag-

186 5434 437 5483 mentum
502 5437 569 5476 ex
614 5422 781 5491 epiSt.
830 5412 1793 5497 PolycratisnLatineiconvertens
1818 5434 1875 5497 Β

192 5486 709 5572 συγγενεῖς-Βορέα
753 5486 992 5572 parentes
1039 5486 1358 5572 redditqpro
1395 5486 1641 5572 cognatis
1658 5487 1793 5572 [sive

189 5546 543 5639 propinquis.
584 5546 1157 5639 Eutropiusuquoque
1201 5546 1632 5639 lib..‘t,dc_a_pj.u7,
1656 5546 1796 5639 8H,]:

190 5617 624 5694 {da’ﬁr’énzm
652 5617 933 5703 Tarquinii
959 5617 1155 5694 'voeat;
1188 5635 1243 5682 et
1269 5617 1580 5680 Jornandes
1604 5632 1657 5672 c.
1690 5617 1792 5671 l7:

194 5709 352 5767 Getas
385 5706 718 5776 Gepidosque
744 5711 1004 5776 parentes.

1888 4265 2091 4321 Prodat
2139 4263 2296 4319 nobis
2332 4262 2688 4319 confessionis
2718 4278 2830 4317 sua:
2877 4271 3018 4327 acta,
3053 4279 3174 4333 qua:
3206 4264 3486 4338 hucusque

1893 4358 2255 4421 nescivimus;
2287 4363 2345 4411 ut
2373 4355 2515 4410 inter
2544 4354 2682 4408 alios
2711 4353 3054 4408 Alexandriae
3084 4355 3353 4429 Martyres
3389 4359 3491 4415 lm-

1889 4448 1980 4518 jus
2020 4461 2235 4519 quoque
2282 4454 2430 4516 gesta
2484 4445 2795 4511 recitemus,
2853 4452 2909 4499 et
2956 4453 3146 4501 contra
3198 4448 3488 4509 latratorcs

1892 4557 2020 4599 suos
2050 4543 2219 4613 possit
2245 4540 2426 4596 dicere
2452 4557 2462 4591 :
2489 4537 2568 4592 De
2588 4546 2772 4592 caztero
2802 4555 2950 4593 nemo
2971 4542 3096 4595 milii
3128 4545 3372 4602 molestus
3392 4550 3483 4617 sit,

1891 4653 1983 4707 ego
2009 4636 2145 4689 enim
2182 4635 2421 4706 stigmata
2448 4628 2661 4685 Domini
2689 4631 2851 4685 nostri
2878 4628 3003 4687 Iesu
3029 4631 3239 4708 :Cltristi
3287 4641 3338 4694 in
3375 4659 3493 4697 cor-

1891 4741 2013 4799 pore
2035 4740 2145 4779 meo
2174 4721 2553 4795 porto(Galat.
2595 4736 2672 4786 vt,
2710 4720 2771 4775 i7
2802 4722 2842 4791 ).

1896 4906 1950 4959 in
1978 4903 2101 4972 ﬁde.

1972 4965 1995 5020 ἐ
2039 4972 2294 5027 Ruﬁnum
2330 4975 2438 5021 tam
2482 4965 2830 5033 impudenter
2864 4981 2962 5038 pro
2994 4984 3052 5025 se
3092 4970 3257 5029 fuisse
3296 4983 3497 5035 menti-

1899 5056 2035 5110 tum,
2085 5042 2175 5097 vix
2206 5038 2450 5099 credam,
2501 5046 2595 5110 aut
2624 5052 2692 5110 ne
2723 5039 2810 5093 vix
2859 5040 3105 5109 quidem.
3138 5045 3214 5099 Ex
3246 5046 3494 5106 Socratis

1897 5106 2081 5171 autem
2123 5112 2221 5166 lib.
2255 5125 2328 5174 tv,
2366 5122 2487 5177 cap.
2519 5106 2612 5174 22,
2648 5108 2701 5163 in
2749 5106 3078 5184 Arianorum
3112 5124 3495 5184 persecutione

1897 5187 2014 5260 dira
2056 5184 2211 5260 illum
2246 5192 2565 5260 perpessum
2618 5193 2740 5235 esse
2784 5196 2890 5260 non
2934 5183 3166 5260 obscure
3196 5189 3488 5260 colligitur.

1898 5258 2103 5313 Verum
2126 5249 2261 5308 Acta
2280 5249 2597 5329 etiudicum
2627 5253 2950 5329 sententias,
2972 5256 3173 5329 quibus
3188 5260 3288 5312 sibi
3315 5249 3490 5329 preme

1899 5319 2606 5399 irrogat:e_sunt,_prolerr_e
2639 5323 2779 5392 ipse,
2811 5331 2871 5378 ut
2896 5319 3116 5399 opinor,
3148 5344 3254 5381 non
3290 5319 3492 5397 p'otuis.

1900 5391 2179 5471 set,'quod
2211 5392 2392 5471 omnia
2424 5391 2480 5446 in
2520 5393 2611 5471 illa
2646 5391 3489 5471 persecutioneabsque'legum

1898 5462 2111 5535 οι-δῖηὶε,
2144 5466 2521 5535 factiosorum,
2544 5462 2827 5535 hominum
2859 5463 3092 5519 arbitrio
3140 5462 3491 5530 tiérenthlii

1898 5543 1968 5597 ita
2000 5540 2253 5611 Ruﬁnum
2292 5551 2322 5590 a
2364 5534 2648 5611 mendacio
2696 5534 2970 5611 liberant,
3013 5543 3073 5589 ut
3122 5535 3284 5593 ﬁdem
3328 5556 3491 5611 quam

1897 5614 2015 5683 ipse
2060 5608 2305 5681 exponit,
2349 5605 2631 5676 probatam
2664 5605 3002 5683 carceribus,
3048 5614 3212 5675 atque
3261 5605 3467 5683 exsiliis

1898 5661 2216 5756 igniculis
2236 5661 2561 5756 martyrum,
2592 5676 2683 5756 qui
2713 5690 2811 5756 ΡΨ
2843 5661 3034 5731 “dein
3072 5661 3221 5756 ’ἑὼ

271 5736 1107 5844 ἑαῖῃυῗημέῗυὲηοᾯὶἔίιέῐὲἱᾝὲηθε
1242 5760 1646 5828 Constantium,
1681 5770 1795 5828 qm;
1896 5736 2225 5816 cubuerunt,
2260 5762 2366 5802 non
2383 5736 2567 5818 'ipsam
2597 5736 2799 5801 suimet
2826 5761 3118 5816 personam
3145 5736 3428 5826 intelligat:

653 5875 931 5934 Ρλτιοι..
989 5864 1233 5928 XXIII.

2968 5842 3045 5904 ﬂ
