4036 6340
229 289 333 346 4ἳ9
1224 289 1560 348 ΛΡΟιΟϐῐςι
1604 289 1840 346 ᾹΙΝΕΚ

1951 292 1963 347 i
2010 290 2257 350 LIBROS
2297 292 2548 352 RUFINI.
3441 298 3549 357 450

228 409 369 480 gelio
395 406 663 477 legimus:
692 405 816 462 Post
842 406 1120 462 but-cellam
1146 407 1353 465 intrarit
1379 410 1433 462 in
1461 426 1574 464 eum
1604 410 1831 464 Satanas
1857 411 1913 470 Α
1935 425 2056 462 nam
2087 408 2315 479 (Euclt.
2345 425 2537 474 xsvm,
2569 424 2670 466 sec.
2705 409 2803 465 LX
2807 412 2854 465 Χ
2877 409 2929 478 );
2959 419 3015 467 et
3059 425 3124 467 ex
3171 424 3403 484 persona
3433 415 3538 471 Do-

230 503 249 571 (
268 499 427 554 Joan.
456 515 577 564 χιιι,
607 500 678 554 27
704 501 722 569 )
749 516 762 554 :
793 500 883 570 qui
928 508 1051 554 ante
1077 499 1372 555 bttecellam
1405 511 1598 571 sponte
1640 517 1832 572 pecca-

226 602 402 658 verat,
437 602 494 648 et
537 608 640 648 nec
684 594 1008 660 humilitate,
1062 609 1162 648 nec
1201 595 1489 650 clementia
1534 597 1833 652 Salvatoris

229 684 399 740 ﬂexus
437 694 523 738 est
567 684 634 739 ad
684 685 1078 755 paenitentiam.
1118 685 1272 741 Unde
1313 690 1642 758 Apostolus:
1692 689 1834 754 Quos

229 780 443 846 tradidi,
495 781 690 850 inquit,
738 783 973 850 Satanat,
1007 793 1061 836 ut
1090 784 1291 839 discant
1332 802 1437 839 non
1482 787 1834 858 blasphemare

231 873 456 947 (lTittt.
489 890 529 939 ι,
557 875 628 929 20
749 877 811 930 Et
861 878 910 930 itt
943 877 1049 931 alio
1088 878 1208 933 loco
1237 897 1248 932 :
1283 877 1505 933 Tradidi
1537 881 1836 952 hujusmodi

232 967 441 1021 Satanae
457 967 507 1019 in
531 967 796 1022 interitum
816 969 1010 1034 carnis,
1029 979 1082 1022 ut
1099 971 1312 1041 spiritus
1328 968 1501 1027 salvus
1519 973 1611 1042 ﬁat
1641 972 1831 1044 (lCor.

230 1075 279 1126 v,
302 1058 397 1128 5).
428 1059 676 1115 Tradidit
711 1076 805 1116 cos
829 1062 1067 1126 Satanas,
1098 1064 1250 1132 quasi
1282 1064 1469 1119 tortori
1503 1066 1567 1119 ad
1607 1067 1836 1135 punien-

227 1151 378 1217 dum,
420 1153 510 1221 qui
559 1162 850 1224 antequam
884 1155 1252 1222 traderentur,
1298 1157 1577 1212 voluntate
1619 1159 1834 1227 propria

229 1247 761 1318 blaspltemaverant.
798 1248 863 1303 Et
891 1249 1080 1313 David,
1111 1250 1184 1302 Ab
1213 1249 1445 1314 occultis,
1481 1251 1673 1321 inquit,
1708 1253 1837 1306 meis

230 1339 421 1394 munda
447 1355 549 1405 me,
575 1338 818 1405 Domine,
845 1348 891 1393 et
918 1343 981 1394 ab
1011 1340 1194 1396 alienis
1225 1359 1378 1411 parte
1406 1359 1548 1396 servo
1591 1353 1680 1397 tuo
1712 1343 1834 1416 (Ps.

227 1449 375 1496 xvut,
421 1433 526 1503 l3)
556 1449 570 1485 :
601 1433 844 1488 breviter
879 1446 934 1489 et
980 1451 1092 1489 sua:
1142 1436 1435 1491 voluntatis
1474 1451 1740 1502 errorem,
1781 1448 1839 1492 et

226 1526 481 1582 vitiorum
513 1527 788 1582 incentiva
815 1528 1152 1599 signiﬁcans.
1184 1530 1238 1583 in
1266 1530 1590 1586 Ecclesiaste
1622 1546 1837 1601 quoque

230 1621 502 1693 legimus:
544 1621 604 1677 Si
653 1622 869 1691 spiritus
920 1631 1217 1692 potestatem
1269 1624 1504 1678 habentis
1548 1624 1837 1678 ascenderit

231 1730 387 1786 super
434 1731 519 1770 cor
576 1726 743 1781 tuum,
797 1719 966 1770 locum
998 1727 1140 1770 tuum
1187 1735 1249 1773 ne
1292 1718 1836 1789 dimiseris'(Ecclcs.

1935 500 2067 555 mitti
2114 501 2389 570 loquentis
2434 503 2500 557 ad
2550 503 2652 558 Job
2683 503 2754 558 de
2796 503 3049 558 diabolo:
3095 503 3230 559 Ecce
3270 523 3384 577 spes
3419 508 3536 578 ejus

1936 595 2266 664 frustrabitur
2295 613 2431 661 cum,
2473 606 2519 649 ct
2558 597 2842 651 videntibus
2884 599 3082 651 cunctis
3125 600 3537 668 pracipitabitur

1934 684 2075 755 (Job.
2113 703 2196 751 ιι,
2226 687 2341 756 9.8).
2377 687 2498 742 Non
2525 691 2673 760 quasi
2694 690 2923 743 crudelis
2949 690 3208 744 suscitabo
3235 707 3375 745 eum.
3407 693 3535 758 Quis

1932 780 2069 832 enim
2106 781 2341 834 resistere
2371 790 2532 851 potest
2557 781 2720 836 vultui
2742 799 2853 838 meo
2878 781 2903 836 .’
2941 780 3069 847 Quis
3097 791 3217 836 ante
3242 782 3382 836 dedit
3409 783 3536 835 mihi

1938 882 1991 924 ut
2013 872 2226 926 reddant
2246 874 2334 926 ci.’
2357 874 2542 928 Omnia
2558 893 2675 947 qum
2697 876 2789 931 sub
2807 877 2931 931 calo
2953 887 3092 940 sunt,
3113 891 3226 932 mea
3247 886 3390 930 sunt.
3418 874 3538 929 Non

1937 981 2147 1034 parcant
2167 966 2214 1019 ei
2222 1006 2235 1030 ,
2265 975 2308 1020 et
2327 967 2488 1020 verbis
2507 967 2818 1037 petentibus,
2834 977 2882 1021 et
2913 967 2982 1021 ad
2995 968 3380 1038 deprecandum
3400 983 3538 1020 com—

1936 1057 2120 1126 positis
2142 1055 2286 1127 (Job.
2312 1059 2454 1124 sLt,l
2481 1070 2530 1112 et
2560 1060 2726 1132 seqq).
2759 1060 2961 1116 Verum
2993 1059 3110 1116 hac
3135 1070 3363 1131 possunt
3383 1062 3540 1131 quasi

1937 1150 2198 1218 simplicis
2217 1151 2454 1206 hominis
2473 1153 2721 1208 excusari
2748 1170 2761 1206 :
2788 1161 2845 1208 et
2876 1168 2998 1209 cum
3020 1152 3266 1209 eruditos
3288 1169 3393 1208 non
3417 1154 3542 1208 sub-

1939 1239 2259 1311 terfugiant,
2288 1242 2426 1312 apud
2459 1243 2706 1298 indoctos
2723 1243 2985 1313 praeferre
3008 1243 3544 1301 innoeenlizesimili-

1939 1331 2204 1387 tudinem.

2013 1424 2065 1479 8.
2108 1424 2263 1491 Quod
2312 1428 2559 1498 sequitur
2604 1428 2672 1483 de
2717 1430 3022 1484 animarum
3063 1437 3232 1495 statu,
3283 1431 3542 1484 excusari

1943 1517 2167 1571 omnino
2193 1531 2301 1572 non
2336 1527 2533 1585 potest.
2563 1521 2704 1576 Dicit
2735 1522 2878 1576 enim
2907 1538 2919 1574 :
2962 1539 2981 1572 ι
3027 1521 3202 1575 Audio
3230 1531 3286 1577 et
3323 1521 3394 1576 de
3422 1522 3544 1576 ani-

1942 1622 2027 1663 ma
2077 1609 2412 1678 quaestiones
2460 1610 2621 1682 49⁸1
2666 1627 2791 1668 esse
2832 1621 3174 1668 commotas:
3223 1612 3292 1668 de
3332 1628 3440 1684 qua
3488 1627 3547 1668 re

1942 1708 2125 1755 utrum
2158 1701 2328 1770 recipi
2357 1701 2556 1758 debeat
2595 1705 2935 1774 querimonia
2967 1719 3034 1758 an
3075 1704 3262 1773 abjici,
3293 1720 3389 1760 vos
3421 1721 3548 1775 pro-

228 1821 286 1868 x,
313 1806 408 1875 4).
442 1807 519 1861 Ex
554 1823 661 1876 quo
692 1807 896 1877 liquido
926 1817 1176 1878 apparet,
1203 1810 1248 1864 si
1290 1809 1606 1865 dederimus
1648 1825 1838 1864 ascen-

1951 1793 2088 1850 bate.
2125 1793 2182 1849 Si
2235 1803 2416 1849 autem
2462 1805 2515 1849 et
2557 1797 2626 1850 de
2674 1812 2760 1852 me
2809 1798 2938 1868 quid
2984 1797 3215 1852 sentiam
3263 1799 3546 1867 quaeritur,

221 1897 373 1954 denti
409 1900 611 1965 locum,
647 1915 746 1954 nos
780 1915 1038 1970 peccasse
1068 1901 1157 1969 qui
1197 1901 1533 1966 dederimus,
1571 1912 1626 1956 et
1651 1917 1839 1956 ascen-

217 1990 454 2046 dentem
500 2007 688 2045 muros
717 1991 930 2046 hostem
967 2007 1074 2045 non
1106 1993 1436 2061 pra-cipitem
1470 1993 1842 2047 deturbaveri-

217 2101 373 2141 mus.
421 2085 582 2152 Quod
631 2095 810 2139 autem
854 2085 1180 2155 imprecaris
1211 2085 1495 2151 fratribus,
1547 2087 1842 2158 “allec

210 2186 330 2240 est,
366 2175 827 2230 criminatoribus
856 2176 987 2240 tuis,
1015 2183 1253 2231 retentos
1276 2177 1431 2243 ignes
1449 2192 1571 2229 cum
1600 2177 1837 2242 diabolo,

208 2283 334 2322 non
366 2275 482 2320 tam
520 2267 712 2323 fratres
740 2267 870 2321 mihi
921 2267 1126 2322 videris
1163 2283 1435 2338 premere,
1463 2285 1621 2338 quam
1653 2270 1844 2325 diabo—

208 2359 329 2414 lum
367 2358 683 2424 sublevare,
720 2369 745 2398 α
775 2374 899 2414 cum
930 2359 1121 2415 iisdem
1147 2359 1347 2430 quibus
1380 2361 1626 2416 homines
1656 2361 1844 2416 Chris-

210 2449 356 2504 tiani
412 2449 631 2519 ignibus
673 2451 979 2518 puniendus
1021 2449 1109 2506 sit.
1155 2451 1309 2521 Ignes
1355 2460 1533 2506 autem
1583 2462 1838 2518 teternos,

203 2559 354 2614 quos
413 2543 724 2614 intelligere
771 2545 912 2600 solet
957 2545 1252 2614 Origenes,
1288 2556 1417 2614 puto
1446 2546 1588 2615 quod
1635 2556 1685 2601 te
1733 2563 1840 2601 non

205 2635 417 2706 fugiat,
456 2635 846 2690 conscientiam
880 2636 1134 2692 videlicet
1181 2648 1550 2705 peccatorum,
1586 2648 1635 2693 et
1667 2639 1843 2708 poeni-

201 2728 473 2784 tudinem
526 2729 735 2782 interna
784 2728 969 2782 cordis
1002 2739 1274 2783 urentem.
1329 2731 1403 2784 De
1448 2745 1552 2799 qua
1585 2741 1638 2784 et
1670 2730 1840 2784 Isaias

201 2821 471 2891 loquitur
497 2839 510 2873 :
546 2819 747 2875 Vcrmis
768 2837 942 2875 eorum
971 2837 1072 2876 non
1121 2823 1387 2887 morietur,
1417 2831 1463 2874 et
1494 2823 1630 2895 ignis
1661 2839 1838 2876 eorum

203 2928 314 2968 non
354 2915 723 2984 exstinguetur
750 2911 914 2982 (Isai.
952 2930 1098 2978 Lavt,
1141 2913 1271 2983 24).
1310 2913 1378 2967 Ει
1407 2913 1472 2968 ad
1501 2913 1836 2984 Babylonem

197 3008 491 3075 scriptum
540 3014 661 3059 est:
691 3003 719 3046 ιι
754 3004 930 3059 Habes
974 3007 1216 3061 carbones
1257 3006 1416 3078 ignis,
1447 3006 1642 3060 sedebis
1683 3023 1838 3078 super

197 3111 334 3153 eos:
366 3097 431 3150 lu‘
482 3107 632 3150 erunt
671 3096 762 3149 tibi
802 3098 856 3150 in
887 3097 1155 3169 adjutorio
1185 3097 1371 3168 (Psal.
1409 3099 1578 3163 xxwi,
1618 3098 1736 3170 14).
1768 3099 1837 3153 Ει

1945 1884 2120 1940 fateor
2168 1901 2254 1940 me
2299 1887 2368 1942 de
2419 1887 2521 1942 hac
2571 1891 2873 1957 quaestione
2921 1890 3064 1957 apud
3119 1891 3552 1962 quamplurimas

1943 1986 2298 2033 tractatorum
2327 1979 2543 2034 diversa
2575 1980 2794 2051 legisse.
2827 1981 2956 2051 Legi
2984 1983 3247 2051 quosdam
3277 1983 3547 2050 dicentes,

1945 2070 2092 2138 quod
2146 2071 2356 2137 pariter
2408 2087 2532 2125 cum
2580 2088 2812 2140 corpore
2844 2088 2938 2142 per
2981 2073 3204 2128 humani
3253 2075 3278 2114 ά
3325 2075 3550 2129 seminis

1946 2160 2226 2216 traducem
2270 2164 2434 2217 etiam
2461 2165 2655 2220 anima:
2685 2165 3055 2224 diffundantur
3081 2184 3092 2220 :
3124 2176 3180 2220 et
3215 2167 3328 2222 lucc
3354 2168 3552 2237 quibus

1947 2259 2199 2320 poterant
2236 2255 2634 2310 assertionibus
2662 2258 3080 2312 conﬁrmabant.
3111 2259 3266 2325 Quod
3297 2270 3426 2329 puto
3469 2262 3553 2315 in-

1945 2353 2032 2400 ter
2060 2345 2282 2400 Latinos
2315 2347 2718 2403 Tertullianum
2763 2349 3028 2417 sensisse,
3064 2351 3148 2405 vel
3189 2351 3549 2416 Lactantium,

1947 2439 2199 2497 fortassis
2239 2451 2293 2496 et
2350 2443 2647 2498 nonnullos
2702 2443 2862 2498 alios.
2909 2443 3014 2498 Alii
3058 2455 3334 2508 asserunt,
3385 2445 3553 2516 quod,

1947 2533 2198 2590 formatis
2231 2535 2280 2589 in
2333 2543 2493 2590 utero
2539 2537 2887 2606 corporibus,
2919 2537 3061 2592 Deus
3103 2539 3342 2608 quotidie
3391 2539 3553 2593 faciat

1941 2626 2156 2684 animas
2185 2636 2240 2682 et
2281 2626 2556 2682 infundat.
2592 2629 2700 2683 Alii
2733 2639 2757 2664 ε
2788 2628 2930 2697 quod
2962 2629 3131 2684 factas
3155 2633 3268 2699 jam
3312 2630 3464 2696 olim,
3501 2631 3552 2684 id

1944 2729 2052 2786 est,
2088 2731 2213 2775 tunc
2257 2736 2380 2775 cum
2412 2722 2594 2775 omnia
2627 2723 2835 2776 creavit
2870 2722 3012 2778 Deus
3053 2738 3118 2777 ex
3167 2722 3360 2786 nihilo,
3404 2737 3551 2778 nune

1941 2831 2036 2872 eas
2062 2817 2270 2886 judicio
2286 2832 2386 2872 suo
2405 2818 2550 2873 nasci
2576 2818 2861 2886 dispenset
2888 2818 2940 2872 in
2967 2833 3222 2888 corpore.
3248 2817 3363 2872 Hoc
3386 2819 3556 2872 sentit

1940 2919 1996 2964 et
2041 2909 2326 2981 Origenes,
2374 2920 2428 2966 et
2473 2911 2716 2964 nonnulli
2749 2911 2838 2964 alii
2870 2912 3210 2966 Grtecorutn.
3258 2911 3368 2982 Ego
3422 2926 3551 2966 vero

1939 3014 2062 3056 euut
2113 3001 2230 3056 haec
2281 3003 2495 3073 singula
2549 3003 2771 3073 legerim
2819 3003 2979 3070 (Deo
3029 3013 3169 3058 teste
3209 3002 3377 3072 dico)
3425 3004 3549 3073 quia

1941 3108 2113 3164 usque
2159 3094 2224 3148 ad
2281 3109 2526 3164 prmsens
2571 3095 2702 3150 certi
2739 3103 2796 3149 et
2824 3094 3030 3149 defluiti
3084 3095 3286 3165 aliquid
3332 3095 3401 3150 de
3448 3096 3550 3149 hat:

199 3187 257 3245 in
293 3189 538 3244 Pssimo
567 3189 839 3258 ptenitens
867 3189 1049 3244 audit:
1099 3189 1238 3257 Quid
1279 3190 1426 3244 detur
1456 3191 1564 3256 tibi,
1600 3201 1686 3245 aut
1713 3194 1838 3262 quid
1865 3169 1912 3234 C
1943 3186 2242 3256 quastione
2271 3201 2378 3240 nou
2407 3196 2596 3251 teneo;
2627 3187 2723 3242 sed
2752 3187 2864 3242 Deo
2887 3187 3140 3257 relinquo
3154 3188 3298 3242 scire
3320 3186 3448 3257 quid
3478 3189 3550 3242 sit

199 3283 528 3352 apponatur
555 3280 647 3333 tibi
675 3281 744 3333 ad
773 3278 1010 3352 linguam
1041 3281 1319 3335 dolosam?
1350 3281 1569 3356 Sugitur
1619 3284 1838 3352 potentis

189 3383 400 3440 acutae,
423 3389 552 3428 cum
572 3372 876 3427 carbonibus
901 3373 1228 3429 dcsolatoriis
1249 3375 1268 3446 (
1291 3375 1438 3430 Psal.
1467 3392 1614 3440 estx,
1643 3377 1711 3448 4)
1740 3395 1752 3429 :
1784 3388 1841 3432 ιιι

193 3467 461 3537 linguam
504 3463 778 3529 dolosam,
804 3465 1018 3536 sagittm
1044 3475 1445 3536 praeceptorum
1479 3467 1572 3522 Dei
1601 3467 1698 3540 (de
1722 3470 1840 3539 qui-

191 3559 301 3618 bus
335 3559 396 3614 in
423 3557 546 3612 alio
577 3557 696 3612 loco
727 3557 996 3627 Propheta
1027 3557 1159 3613 dicit
1185 3556 1360 3629 (Psal.
1397 3576 1567 3626 χιιι,
1598 3561 1675 3633 4),
1713 3561 1840 3616 Ver-

191 3661 353 3706 satus
384 3664 518 3711 sum
544 3647 598 3702 in
630 3647 862 3715 miseria,
890 3648 1014 3702 dum
1043 3650 1322 3723 conﬁgitur
1350 3652 1479 3706 mihi
1508 3654 1695 3724 spina)
1723 3655 1836 3709 vul—

190 3749 412 3800 nerent
444 3747 622 3809 atque
652 3739 994 3808 confodiant,
1020 3749 1074 3795 et
1101 3752 1441 3810 peccatorum
1475 3745 1527 3800 in
1552 3761 1614 3801 ea
1642 3747 1836 3801 solitu-

190 3833 398 3891 dinem
457 3831 690 3896 facisnt.
748 3831 884 3886 lllud
938 3846 1154 3902 quoque
1207 3835 1574 3890 testimonium
1632 3839 1683 3891 in
1736 3853 1842 3908 quo

191 3925 497 3986 Dominus
529 3923 773 3992 loquitur
798 3941 812 3978 :
858 3922 1042 3996 Ignem
1067 3925 1180 3982 ueni
1219 3926 1419 3980 mittere
1443 3943 1596 3998 super
1627 3937 1835 3997 terram,

198 4029 223 4056 ε
259 4027 315 4073 et
349 4032 527 4088 quam
575 4013 690 4068 volo
730 4023 784 4067 ut
832 4014 1012 4069 ardeat
1053 4015 1227 4087 (Luc.
1269 4033 1363 4081 xu,
1394 4018 1506 4087 49),
1545 4020 1626 4074 sie
1674 4021 1844 4076 inter-

189 4120 478 4183 pretatur
505 4127 521 4165 :
550 4127 569 4165 ι
598 4107 805 4164 Omnes
826 4110 987 4178 cupio
1005 4124 1166 4180 agere
1188 4112 1585 4180 ptenitentiam,
1609 4122 1664 4170 et
1683 4129 1844 4169 exco—

193 4217 388 4278 quere
440 4203 661 4274 Spiritu
702 4211 890 4258 sancto
919 4203 1050 4260 vitia
1077 4211 1239 4272 atque
1269 4215 1512 4273 peccata.
1548 4207 1668 4277 ipse
1694 4209 1840 4263 enim

193 4315 329 4362 sum
394 4298 478 4356 de
538 4311 647 4366 quo
701 4297 996 4351 scribitur:
1055 4297 1191 4352 Deus
1229 4300 1364 4370 ignis
1413 4316 1716 4356 consumens
1768 4312 1842 4358 est

185 4393 218 4463 .(
245 4389 433 4452 Deut.
485 4404 564 4452 ιν,
595 4385 720 4458 24).
749 4386 866 4442 Non
898 4404 1028 4459 ergo
1052 4389 1258 4459 grande
1290 4401 1369 4444 est
1403 4391 1505 4445 hoc
1531 4394 1598 4446 de
1627 4393 1844 4449 diabolo

199 4483 445 4544 dicere,
479 4477 630 4549 quod
662 4486 719 4534 et
748 4477 1061 4534 hominibus
1093 4489 1453 4550 praeparatum
1478 4490 1581 4536 est.
1627 4501 1643 4533 ι
1680 4484 1843 4554 Magis

1944 3281 1996 3334 in
2036 3280 2053 3318 ί
2102 3294 2256 3345 vero,
2286 3289 2343 3335 et
2388 3281 2433 3334 si
2478 3281 2564 3335 cui
2611 3281 2726 3349 ipse
2771 3281 3019 3335 revelare
3065 3280 3399 3351 dignabitur.
3439 3280 3550 3349 Ego

1941 3381 2122 3426 tamen
2157 3373 2270 3426 htec
2297 3373 2507 3443 singula
2539 3383 2595 3427 et
2626 3373 2824 3444 legisse
2852 3389 2938 3429 me
2970 3389 3075 3429 non
3103 3389 3262 3445 nego,
3293 3384 3345 3428 et
3372 3373 3550 3427 adhuc

1944 3467 2197 3538 ignorare
2219 3467 2486 3522 confiteor
2511 3484 2523 3520 :
2560 3478 2760 3536 praeter
2786 3468 2885 3522 hoc
2913 3468 3055 3537 quod
3081 3465 3365 3522 manifeste
3391 3474 3415 3510 8
3444 3474 3550 3518 tra-

1943 3561 2022 3615 dit
2068 3561 2337 3626 Eeelesia,
2385 3561 2552 3616 Deum
2595 3576 2717 3616 esse
2747 3572 2800 3616 et
2833 3562 3138 3616 animarum
3181 3569 3233 3614 et
3263 3573 3550 3628 corporum

1944 3655 2304 3710 conditorem.
2357 3676 2374 3708 ι

2015 3748 2067 3801 9.
2111 3748 2415 3817 Antequam
2448 3746 2517 3802 de
2556 3747 2810 3802 sensibus
2840 3747 3140 3817 disputem,
3184 3745 3545 3814 Theophrasti

1943 3839 2109 3894 verba
2139 3839 2408 3895 mirabor:
2445 3839 2674 3904 «Audio,
2697 3840 2891 3908 inquit,
2923 3839 2990 3891 de
3012 3837 3190 3897 anima
3220 3838 3549 3905 qumstiones

1940 3941 2244 3986 commotas
2275 3947 2398 3988 esse
2425 3949 2434 3985 :
2469 3931 2537 3987 de
2565 3948 2668 4002 qua
2702 3947 2763 3986 re
2790 3941 2972 3986 utrum
2999 3929 3168 4000 recipi
3195 3931 3394 3986 debeat
3418 3947 3550 4001 que-

1944 4025 2199 4089 rimonia,
2232 4035 2324 4079 aut
2365 4025 2550 4093 abjici,
2580 4040 2678 4079 vos
2708 4025 2988 4092 probate.»
3025 4023 3082 4077 Si
3113 4021 3447 4092 quaestiones
3476 4023 3544 4079 de

1945 4118 2140 4172 anima:
2187 4126 2330 4171 statu
2370 4118 2423 4170 in
2457 4115 2604 4172 Urbe
2639 4125 2928 4172 commota:
2970 4124 3118 4179 sunt,
3152 4130 3273 4184 qua:
3321 4122 3406 4168 est
3450 4115 3548 4170 ista

1947 4209 2286 4279 querimonia
2318 4209 2405 4264 vel
2449 4211 2668 4280 querela
2693 4251 2707 4276 ,
2738 4226 2858 4280 quae
2891 4219 3069 4264 utrum
3114 4207 3281 4276 recipi
3329 4205 3544 4272 debeat,

1946 4301 2325 4372 episconorum
2351 4301 2558 4372 judicio
2588 4301 2954 4370 relinquitur?
2987 4299 3089 4354 nisi
3120 4299 3260 4353 forte
3291 4298 3547 4368 quaestio-

1948 4409 2071 4449 nem
2096 4405 2151 4448 et
2174 4394 2570 4463 querimoniam
2601 4392 2834 4463 idipsum
2860 4390 3170 4460 signifiCare
3197 4397 3349 4459 putat
3376 4405 3388 4442 :
3423 4389 3545 4460 quia

1947 4486 2001 4541 in
2031 4488 2187 4556 Capri
2217 4485 2638 4542 Commentariis
2690 4483 2997 4553 hnjusmodi
3049 4483 3272 4553 figuram
3302 4483 3530 4554 reperit.

193 4575 516 4638 debueras
563 4573 665 4642 (ut
709 4572 1077 4642 suspicionem
1126 4574 1317 4628 salutis
1355 4575 1641 4630 diabolicae
1681 4579 1847 4634 decli-
1872 4561 1928 4622 Β
1955 4579 2160 4636 Deinde
2188 4582 2356 4652 ponit,
2399 4601 2416 4634 ι
2439 4581 2564 4650 Legi
2589 4578 2852 4650 quosdam
2887 4577 3154 4646 dicentes,
3178 4579 3322 4651 quod
3349 4581 3552 4651 pariter

193 4683 386 4728 nares
413 4667 437 4738 )
471 4664 666 4722 dicere
689 4681 702 4720 :
729 4663 959 4721 Perditio
981 4671 1152 4740 [actus
1184 4683 1232 4720 cs
1257 4683 1274 4720 :
1301 4677 1348 4720 et
1376 4683 1476 4720 non
1499 4668 1598 4722 eris
1620 4670 1672 4722 in
1701 4678 1848 4726 wter-

281 4889 310 4916 τι
356 4872 596 4932 Nodum
643 4873 694 4927 in
730 4875 912 4942 scirpo
939 4882 1210 4943 quaerunt,
1257 4875 1345 4942 qui
1381 4873 1494 4930 lucc
1535 4876 1605 4930 ita
1637 4876 1839 4930 intelli-

194 4959 370 5022 gunt,
399 4956 466 5022 ut
489 4946 734 5022 senserit
761 4943 1143 5022 Hieronymus,
1163 4945 1840 5022 Christianishominibus,

189 5015 301 5094 ini
321 5021 432 5075 Dei
467 5015 735 5070 mandata
755 5016 1100 5094 violaret-int,
1126 5031 1314 5094 poenas
1340 5015 1678 5094 tinnitum-as
1705 5034 1846 5074 sem-

192 5086 504 5165 piternas,
562 5096 925 5165 secus__atque
969 5086 1274 5165 infidelium
1304 5099 1356 5165 et
1398 5087 1650 5165 piabolig
1684 5100 1846 5165 atque

191 5156 354 5220 ideo
387 5176 466 5216 eo
492 5171 668 5214 sensu
699 5156 907 5220 dicere,
940 5159 1214 5214 sublevari
1244 5177 1269 5210 τι
1304 5159 1498 5213 Rufino
1532 5156 1843 5223 Diabolum,

193 5247 254 5292 et
279 5232 653 5304 christianos
681 5230 880 5298 premi,
905 5243 1028 5304 cum
1059 5231 1499 5304 untuuidemque
1527 5233 1845 5304 supplicium

193 5309 489 5374 utrisque
524 5301 888 5374 imprecetur.
941 5299 1071 5374 Nam
1109 5302 1242 5355 nihil
1279 5302 1344 5357 de
1370 5299 1654 5374 poenarum
1691 5315 1848 5360 teter-

193 5371 390 5442 nitate
431 5373 538 5429 hie
589 5371 950 5442 Hieronymus
999 5372 1256 5442 loquitur,
1288 5373 1382 5427 sed
1413 5389 1551 5441 quas
1579 5375 1847 5430 damnatis

195 5449 485 5506 omnibus
520 5450 762 5496 :nlernas
791 5457 896 5494 non
923 5443 1202 5510 tliflitctur,
1232 5445 1456 5498 Diabolo
1487 5455 1665 5500 tamen
1696 5462 1848 5500 acer~

197 5521 405 5582 biores
460 5529 605 5571 esse
645 5516 832 5579 sentit,
886 5527 1118 5582 eumque
1163 5515 1456 5578 sublevari,
1504 5516 1551 5570 si
1596 5519 1659 5572 iis
1701 5517 1853 5572 addi-

197 5601 393 5656 θεων,
463 5585 681 5658 quibus
738 5584 955 5640 scelesti
1007 5583 1299 5640 Christiani
1355 5584 1605 5644 homines
1659 5603 1852 5646 excru-

196 5670 558 5790 ﬂamina
613 5741 778 5794 penes
826 5725 1112 5796 Vulgatum
1166 5731 1542 5798 interpretem,
1589 5748 1689 5784 non
1734 5741 1851 5788 sunt

206 5819 409 5882 prima:
440 5799 648 5874 quibus
679 5798 944 5867 caleﬁant,
978 5815 1068 5851 nec
1099 5801 1262 5868 focus,
1302 5811 1354 5854 ttt
1386 5802 1594 5855 sedeant
1623 5801 1691 5855 ad
1714 5819 1849 5856 eum.

1955 4688 2074 4727 cum
2105 4687 2334 4741 corpore
2375 4687 2472 4743 per
2521 4671 2744 4728 humani
2787 4670 3011 4730 seminis
3060 4673 3340 4730 traducem
3382 4674 3545 4729 etiam

1949 4881 2039 4936 Sic
2066 4882 2202 4948 facta
2229 4873 2467 4948 suttttibi
2495 4875 2548 4928 iu
2575 4873 2978 4948 quibuscumque
3005 4876 3356 4948 laboraveras.

2026 4944 2257 5004 C'Vetus
2285 4945 2442 5010 cdit.,
2481 4953 2525 4998 et
2565 4961 2714 5014 quem
2740 4944 2852 4998 volo
2887 4962 3086 5016 semper
3115 4957 3169 5000 ut
3201 4947 3404 5014 ardeat,
3438 4960 3545 5008 etc.

1949 5021 2186 5076 Consule
2214 5018 2461 5073 Grzccum
2494 5025 2720 5071 textum.

2022 5089 2285 5163 dyVitiose
2313 5097 2434 5142 erat
2453 5097 2614 5163 antea
2645 5089 2885 5163 corporis
2904 5104 3002 5160 pro
3026 5090 3257 5163 seminis,
3300 5093 3446 5163 quod
3476 5110 3541 5151 ex

1952 5161 2010 5236 S.
2059 5162 2309 5236 Doctnris
2339 5159 2665 5236 repetitione
2696 5159 2984 5236 legendum
3028 5161 3239 5232 liquet:
3281 5159 3394 5222 tum
3426 5167 3549 5236 qui-

1955 5234 2076 5290 dam
2112 5248 2240 5288 mss.
2281 5232 2482 5290 habent
2510 5232 2682 5286 anima
2713 5231 3038 5301 infundatur.

2032 5315 2054 5340 ε’
2095 5304 2295 5359 \‘ocula
2318 5303 2524 5373 quodin
2549 5318 2680 5358 mss.
2702 5317 2807 5357 non
2835 5304 3020 5360 haberi
3045 5304 3280 5370 dicitur;
3313 5320 3544 5362 censura

1956 5375 2094 5445 ipsa,
2140 5389 2244 5445 qua
2276 5375 2514 5442 pbrasim
2542 5375 2704 5439 hujus
2739 5374 2838 5428 loci
2870 5374 3236 5445 Hieronymus
3266 5376 3542 5444 suggillet.

1958 5444 2134 5502 innuit
2160 5444 2401 5504 additam
2433 5460 2537 5498 non
2573 5445 2740 5500 fuisse
2763 5461 2793 5498 a
2825 5444 3036 5497 Rufino.
3071 5444 3237 5500 Paulo
3275 5458 3396 5511 post
3425 5461 3551 5504 ver-

1958 5519 2085 5577 bum
2114 5518 2255 5572 nasci
2287 5520 2338 5571 in
2365 5515 2644 5587 Apologia:
2661 5514 3008 5587 ieditionibus
3025 5527 3081 5570 et
3103 5529 3248 5587 mss.
3273 5515 3550 5579 desidera-

1959 5599 2083 5653 tur;
2115 5589 2210 5644 sed
2242 5604 2364 5644 cum
2396 5585 2532 5642 infra
2562 5586 2856 5657 S.,Doctor
2887 5585 3050 5638 tertio
3081 5586 3308 5654 repetit,
3334 5592 3546 5657 probat.

2036 5659 2054 5697 ί
2101 5661 2441 5731 Martiauteus
2471 5699 2483 5722 ,
2517 5656 2642 5727 quid
2685 5656 2750 5710 sit
2782 5656 2833 5708 iu
2860 5664 3023 5718 utero,
3056 5659 3288 5714 tortasse
3319 5656 3549 5731 impres-

1959 5747 2142 5790 sorum
2176 5730 2407 5788 incuria.

2034 5813 2056 5849 ε
2092 5801 2234 5854 Alibi
2262 5799 2497 5863 tradidit,
2526 5794 2722 5852 deinde
2750 5806 3026 5852 creatorem
3077 5815 3172 5870 pro
3215 5803 3552 5859 conditorem.
