  <div class='ocr_page' id='page_1' title='image "/cluster/home/n/w/nwhite01/storage/ocr_20150623/23/uva.x000775467/223.png"; bbox 0 0 4036 6322; ppageno 0'>
   <div class='ocr_carea' id='block_1_1' title="bbox 563 275 661 330">
    <p class='ocr_par' dir='ltr' id='par_1_1' title="bbox 563 275 661 330">
     <span class='ocr_line' id='line_1_1' title="bbox 563 275 661 330; baseline -0.051 1"><span class='ocrx_word' id='word_1_1' title='bbox 563 275 661 330; x_wconf 71' lang='grc'><strong>451</strong></span> 
     </span>
    </p>
   </div>
   <div class='ocr_carea' id='block_1_2' title="bbox 1816 250 2613 313">
    <p class='ocr_par' dir='ltr' id='par_1_2' title="bbox 1816 250 2613 313">
     <span class='ocr_line' id='line_1_2' title="bbox 1816 250 2613 313; baseline -0.011 -1"><span class='ocrx_word' id='word_1_2' title='bbox 1816 258 1873 313; x_wconf 84' lang='lat' dir='ltr'><strong>S.</strong></span> <span class='ocrx_word' id='word_1_3' title='bbox 1918 253 2185 311; x_wconf 67' lang='lat' dir='ltr'><strong>EESEBII</strong></span> <span class='ocrx_word' id='word_1_4' title='bbox 2227 250 2613 309; x_wconf 67' lang='lat' dir='ltr'><strong>lllEltONTMl</strong></span> 
     </span>
    </p>
   </div>
   <div class='ocr_carea' id='block_1_3' title="bbox 3757 249 3856 304">
    <p class='ocr_par' dir='ltr' id='par_1_3' title="bbox 3757 249 3856 304">
     <span class='ocr_line' id='line_1_3' title="bbox 3757 249 3856 304; baseline 0.02 -2"><span class='ocrx_word' id='word_1_5' title='bbox 3757 249 3856 304; x_wconf 64' lang='lat'><strong>633</strong></span> 
     </span>
    </p>
   </div>
   <div class='ocr_carea' id='block_1_4' title="bbox 563 361 3854 444">
    <p class='ocr_par' dir='ltr' id='par_1_4' title="bbox 563 361 3854 444">
     <span class='ocr_line' id='line_1_4' title="bbox 563 361 3854 444; baseline -0.005 -10"><span class='ocrx_word' id='word_1_6' title='bbox 563 389 760 442; x_wconf 63' lang='lat' dir='ltr'><strong>animae</strong></span> <span class='ocrx_word' id='word_1_7' title='bbox 790 380 1182 439; x_wconf 70' lang='lat' dir='ltr'><strong>diffundantur,</strong></span> <span class='ocrx_word' id='word_1_8' title='bbox 1211 386 1266 431; x_wconf 90' lang='lat' dir='ltr'><strong>et</strong></span> <span class='ocrx_word' id='word_1_9' title='bbox 1308 376 1426 431; x_wconf 73' lang='lat' dir='ltr'><strong>haec</strong></span> <span class='ocrx_word' id='word_1_10' title='bbox 1464 376 1660 444; x_wconf 80' lang='lat' dir='ltr'><strong>quibus</strong></span> <span class='ocrx_word' id='word_1_11' title='bbox 1697 382 1953 444; x_wconf 77' lang='lat' dir='ltr'><strong>poterant</strong></span> <span class='ocrx_word' id='word_1_12' title='bbox 1979 387 2153 426; x_wconf 83' lang='lat' dir='ltr'><strong>asser-</strong></span> <span class='ocrx_word' id='word_1_13' title='bbox 2184 375 2232 433; x_wconf 80' lang='grc' dir='ltr'>Α</span> <span class='ocrx_word' id='word_1_14' title='bbox 2263 378 2399 435; x_wconf 89' lang='lat' dir='ltr'><strong>tum,</strong></span> <span class='ocrx_word' id='word_1_15' title='bbox 2432 376 2489 423; x_wconf 89' lang='lat' dir='ltr'><strong>et</strong></span> <span class='ocrx_word' id='word_1_16' title='bbox 2517 384 2547 423; x_wconf 92' lang='lat' dir='ltr'><strong>e</strong></span> <span class='ocrx_word' id='word_1_17' title='bbox 2578 366 2750 421; x_wconf 85' lang='lat' dir='ltr'><strong>tribus</strong></span> <span class='ocrx_word' id='word_1_18' title='bbox 2779 364 3006 421; x_wconf 89' lang='lat' dir='ltr'><strong>omnino</strong></span> <span class='ocrx_word' id='word_1_19' title='bbox 3049 362 3266 419; x_wconf 81' lang='lat' dir='ltr'><strong>nescire</strong></span> <span class='ocrx_word' id='word_1_20' title='bbox 3309 361 3436 431; x_wconf 83' lang='lat' dir='ltr'><strong>quid</strong></span> <span class='ocrx_word' id='word_1_21' title='bbox 3469 376 3657 417; x_wconf 88' lang='lat' dir='ltr'><strong>verum</strong></span> <span class='ocrx_word' id='word_1_22' title='bbox 3686 362 3774 416; x_wconf 91' lang='lat' dir='ltr'><strong>sit.</strong></span> <span class='ocrx_word' id='word_1_23' title='bbox 3798 362 3854 418; x_wconf 87' lang='lat' dir='ltr'><strong>Si</strong></span> 
     </span>
    </p>
   </div>
   <div class='ocr_carea' id='block_1_5' title="bbox 566 463 2160 536">
    <p class='ocr_par' dir='ltr' id='par_1_5' title="bbox 566 463 2160 536">
     <span class='ocr_line' id='line_1_5' title="bbox 566 463 2160 536; baseline -0.012 -3"><span class='ocrx_word' id='word_1_24' title='bbox 566 477 801 533; x_wconf 87' lang='lat' dir='ltr'><strong>tionibus</strong></span> <span class='ocrx_word' id='word_1_25' title='bbox 829 472 1252 527; x_wconf 97' lang='lat' dir='ltr'><strong>conﬁrmabant.</strong></span> <span class='ocrx_word' id='word_1_26' title='bbox 1282 488 1299 520; x_wconf 75' lang='grc' dir='ltr'><strong>ι</strong></span> <span class='ocrx_word' id='word_1_27' title='bbox 1335 467 1485 536; x_wconf 81' lang='lat' dir='ltr'><strong>Rogo</strong></span> <span class='ocrx_word' id='word_1_28' title='bbox 1512 482 1634 536; x_wconf 70' lang='lat' dir='ltr'><strong>qua:</strong></span> <span class='ocrx_word' id='word_1_29' title='bbox 1665 475 1746 520; x_wconf 91' lang='lat' dir='ltr'><strong>est</strong></span> <span class='ocrx_word' id='word_1_30' title='bbox 1793 467 1894 520; x_wconf 88' lang='lat' dir='ltr'><strong>ista</strong></span> <span class='ocrx_word' id='word_1_31' title='bbox 1948 463 2160 518; x_wconf 75' lang='lat' dir='ltr'><strong>licentia</strong></span> 
     </span>
    </p>
   </div>
   <div class='ocr_carea' id='block_1_6' title="bbox 560 554 2163 638">
    <p class='ocr_par' dir='ltr' id='par_1_6' title="bbox 560 554 2163 638">
     <span class='ocr_line' id='line_1_6' title="bbox 560 554 2163 638; baseline -0.011 -15"><span class='ocrx_word' id='word_1_32' title='bbox 560 565 891 638; x_wconf 85' lang='lat' dir='ltr'><strong>ﬁgurarum?</strong></span> <span class='ocrx_word' id='word_1_33' title='bbox 921 578 1041 634; x_wconf 68' lang='lat' dir='ltr'><strong>qua:</strong></span> <span class='ocrx_word' id='word_1_34' title='bbox 1069 562 1354 615; x_wconf 83' lang='lat' dir='ltr'><strong>modorum</strong></span> <span class='ocrx_word' id='word_1_35' title='bbox 1374 569 1429 615; x_wconf 91' lang='lat' dir='ltr'><strong>et</strong></span> <span class='ocrx_word' id='word_1_36' title='bbox 1454 569 1759 628; x_wconf 90' lang='lat' dir='ltr'><strong>temporum</strong></span> <span class='ocrx_word' id='word_1_37' title='bbox 1786 554 2163 625; x_wconf 83' lang='lat' dir='ltr'><strong>perturbatio?</strong></span> 
     </span>
    </p>
   </div>
   <div class='ocr_carea' id='block_1_7' title="bbox 566 648 2161 732">
    <p class='ocr_par' dir='ltr' id='par_1_7' title="bbox 566 648 2161 732">
     <span class='ocr_line' id='line_1_7' title="bbox 566 648 2161 732; baseline -0.008 -19"><span class='ocrx_word' id='word_1_38' title='bbox 566 682 583 713; x_wconf 75' lang='grc' dir='ltr'><strong>ι</strong></span> <span class='ocrx_word' id='word_1_39' title='bbox 612 662 741 732; x_wconf 80' lang='lat' dir='ltr'><strong>Legi</strong></span> <span class='ocrx_word' id='word_1_40' title='bbox 766 660 1034 721; x_wconf 79' lang='lat' dir='ltr'><strong>dicentes,</strong></span> <span class='ocrx_word' id='word_1_41' title='bbox 1058 655 1254 726; x_wconf 86' lang='lat' dir='ltr'><strong>quibus</strong></span> <span class='ocrx_word' id='word_1_42' title='bbox 1275 661 1527 725; x_wconf 81' lang='lat' dir='ltr'><strong>poterant</strong></span> <span class='ocrx_word' id='word_1_43' title='bbox 1546 651 1941 707; x_wconf 82' lang='lat' dir='ltr'><strong>assertionibus</strong></span> <span class='ocrx_word' id='word_1_44' title='bbox 1958 648 2161 703; x_wconf 91' lang='lat' dir='ltr'><strong>conﬁr-</strong></span> 
     </span>
    </p>
   </div>
   <div class='ocr_carea' id='block_1_8' title="bbox 566 739 2159 816">
    <p class='ocr_par' dir='ltr' id='par_1_8' title="bbox 566 739 2159 816">
     <span class='ocr_line' id='line_1_8' title="bbox 566 739 2159 816; baseline -0.01 -8"><span class='ocrx_word' id='word_1_45' title='bbox 566 754 806 807; x_wconf 88' lang='lat' dir='ltr'><strong>mabant.</strong></span> <span class='ocrx_word' id='word_1_46' title='bbox 834 769 852 803; x_wconf 72' lang='grc' dir='ltr'><strong>ι</strong></span> <span class='ocrx_word' id='word_1_47' title='bbox 878 749 1007 803; x_wconf 86' lang='lat' dir='ltr'><strong>Etin</strong></span> <span class='ocrx_word' id='word_1_48' title='bbox 1024 746 1515 816; x_wconf 86' lang='lat' dir='ltr'><strong>consequentibus:</strong></span> <span class='ocrx_word' id='word_1_49' title='bbox 1538 762 1555 794; x_wconf 84' lang='lat' dir='ltr'><strong>t</strong></span> <span class='ocrx_word' id='word_1_50' title='bbox 1576 742 1682 797; x_wconf 87' lang='lat' dir='ltr'><strong>Alii</strong></span> <span class='ocrx_word' id='word_1_51' title='bbox 1697 752 1972 807; x_wconf 76' lang='lat' dir='ltr'><strong>asserunt,</strong></span> <span class='ocrx_word' id='word_1_52' title='bbox 1992 739 2159 810; x_wconf 90' lang='lat' dir='ltr'><strong>quod,</strong></span> 
     </span>
    </p>
   </div>
   <div class='ocr_carea' id='block_1_9' title="bbox 562 831 2163 912">
    <p class='ocr_par' dir='ltr' id='par_1_9' title="bbox 562 831 2163 912">
     <span class='ocr_line' id='line_1_9' title="bbox 562 831 2163 912; baseline -0.008 -14"><span class='ocrx_word' id='word_1_53' title='bbox 562 843 811 898; x_wconf 84' lang='lat' dir='ltr'><strong>formatis</strong></span> <span class='ocrx_word' id='word_1_54' title='bbox 849 840 1015 912; x_wconf 71' lang='grc'><strong>498</strong></span> <span class='ocrx_word' id='word_1_55' title='bbox 1062 840 1114 893; x_wconf 91' lang='lat' dir='ltr'><strong>in</strong></span> <span class='ocrx_word' id='word_1_56' title='bbox 1164 847 1321 892; x_wconf 90' lang='lat' dir='ltr'><strong>utero</strong></span> <span class='ocrx_word' id='word_1_57' title='bbox 1348 835 1702 905; x_wconf 87' lang='lat' dir='ltr'><strong>corporibus,</strong></span> <span class='ocrx_word' id='word_1_58' title='bbox 1740 835 1883 889; x_wconf 89' lang='lat' dir='ltr'><strong>Deus</strong></span> <span class='ocrx_word' id='word_1_59' title='bbox 1921 831 2163 903; x_wconf 92' lang='lat' dir='ltr'><strong>quotidie</strong></span> 
     </span>
    </p>
   </div>
   <div class='ocr_carea' id='block_1_10' title="bbox 566 926 2162 997">
    <p class='ocr_par' dir='ltr' id='par_1_10' title="bbox 566 926 2162 997">
     <span class='ocr_line' id='line_1_10' title="bbox 566 926 2162 997; baseline -0.008 -4"><span class='ocrx_word' id='word_1_60' title='bbox 566 940 729 993; x_wconf 85' lang='lat' dir='ltr'><strong>faciat</strong></span> <span class='ocrx_word' id='word_1_61' title='bbox 777 949 945 990; x_wconf 88' lang='lat' dir='ltr'><strong>novas</strong></span> <span class='ocrx_word' id='word_1_62' title='bbox 995 933 1225 997; x_wconf 90' lang='lat' dir='ltr'><strong>animas,</strong></span> <span class='ocrx_word' id='word_1_63' title='bbox 1266 939 1323 986; x_wconf 91' lang='lat' dir='ltr'><strong>et</strong></span> <span class='ocrx_word' id='word_1_64' title='bbox 1370 928 1640 984; x_wconf 81' lang='lat' dir='ltr'><strong>infundat.</strong></span> <span class='ocrx_word' id='word_1_65' title='bbox 1673 928 1805 994; x_wconf 87' lang='lat' dir='ltr'><strong>Alii,</strong></span> <span class='ocrx_word' id='word_1_66' title='bbox 1840 928 2005 981; x_wconf 87' lang='lat' dir='ltr'><strong>factas</strong></span> <span class='ocrx_word' id='word_1_67' title='bbox 2052 926 2162 996; x_wconf 90' lang='lat' dir='ltr'><strong>jam</strong></span> 
     </span>
    </p>
   </div>
   <div class='ocr_carea' id='block_1_11' title="bbox 564 1019 2161 1096">
    <p class='ocr_par' dir='ltr' id='par_1_11' title="bbox 564 1019 2161 1096">
     <span class='ocr_line' id='line_1_11' title="bbox 564 1019 2161 1096; baseline -0.008 -10"><span class='ocrx_word' id='word_1_68' title='bbox 564 1032 718 1096; x_wconf 90' lang='lat' dir='ltr'><strong>olim,</strong></span> <span class='ocrx_word' id='word_1_69' title='bbox 750 1029 803 1084; x_wconf 90' lang='lat' dir='ltr'><strong>id</strong></span> <span class='ocrx_word' id='word_1_70' title='bbox 832 1038 937 1090; x_wconf 87' lang='lat' dir='ltr'><strong>est,</strong></span> <span class='ocrx_word' id='word_1_71' title='bbox 963 1035 1094 1081; x_wconf 91' lang='lat' dir='ltr'><strong>tunc</strong></span> <span class='ocrx_word' id='word_1_72' title='bbox 1115 1040 1235 1079; x_wconf 93' lang='lat' dir='ltr'><strong>eum</strong></span> <span class='ocrx_word' id='word_1_73' title='bbox 1265 1023 1447 1077; x_wconf 82' lang='lat' dir='ltr'><strong>omnia</strong></span> <span class='ocrx_word' id='word_1_74' title='bbox 1471 1022 1615 1076; x_wconf 88' lang='lat' dir='ltr'><strong>Deus</strong></span> <span class='ocrx_word' id='word_1_75' title='bbox 1635 1019 1843 1076; x_wconf 78' lang='lat' dir='ltr'><strong>creavit</strong></span> <span class='ocrx_word' id='word_1_76' title='bbox 1868 1035 1934 1075; x_wconf 77' lang='lat' dir='ltr'><strong>ex</strong></span> <span class='ocrx_word' id='word_1_77' title='bbox 1968 1019 2161 1084; x_wconf 87' lang='lat' dir='ltr'><strong>nihilo,</strong></span> 
     </span>
    </p>
   </div>
   <div class='ocr_carea' id='block_1_12' title="bbox 566 1112 2165 1191">
    <p class='ocr_par' dir='ltr' id='par_1_12' title="bbox 566 1112 2165 1191">
     <span class='ocr_line' id='line_1_12' title="bbox 566 1112 2165 1191; baseline -0.009 -12"><span class='ocrx_word' id='word_1_78' title='bbox 566 1140 709 1179; x_wconf 90' lang='lat' dir='ltr'><strong>nunc</strong></span> <span class='ocrx_word' id='word_1_79' title='bbox 734 1139 825 1178; x_wconf 91' lang='lat' dir='ltr'><strong>eas</strong></span> <span class='ocrx_word' id='word_1_80' title='bbox 850 1120 1056 1191; x_wconf 89' lang='lat' dir='ltr'><strong>judicio</strong></span> <span class='ocrx_word' id='word_1_81' title='bbox 1088 1134 1187 1173; x_wconf 88' lang='lat' dir='ltr'><strong>suo</strong></span> <span class='ocrx_word' id='word_1_82' title='bbox 1211 1117 1358 1172; x_wconf 92' lang='lat' dir='ltr'><strong>nasci</strong></span> <span class='ocrx_word' id='word_1_83' title='bbox 1381 1116 1661 1186; x_wconf 88' lang='lat' dir='ltr'><strong>dispenset</strong></span> <span class='ocrx_word' id='word_1_84' title='bbox 1691 1115 1745 1168; x_wconf 94' lang='lat' dir='ltr'><strong>in</strong></span> <span class='ocrx_word' id='word_1_85' title='bbox 1771 1128 2025 1181; x_wconf 89' lang='lat' dir='ltr'><strong>corpore.</strong></span> <span class='ocrx_word' id='word_1_86' title='bbox 2048 1131 2066 1162; x_wconf 75' lang='grc' dir='ltr'><strong>ι</strong></span> <span class='ocrx_word' id='word_1_87' title='bbox 2097 1112 2165 1166; x_wconf 87' lang='lat' dir='ltr'><strong>Et</strong></span> 
     </span>
    </p>
   </div>
   <div class='ocr_carea' id='block_1_13' title="bbox 564 1204 2163 1283">
    <p class='ocr_par' dir='ltr' id='par_1_13' title="bbox 564 1204 2163 1283">
     <span class='ocr_line' id='line_1_13' title="bbox 564 1204 2163 1283; baseline -0.008 -12"><span class='ocrx_word' id='word_1_88' title='bbox 564 1219 653 1273; x_wconf 95' lang='lat' dir='ltr'><strong>hic</strong></span> <span class='ocrx_word' id='word_1_89' title='bbox 682 1216 817 1271; x_wconf 88' lang='lat' dir='ltr'><strong>ordo</strong></span> <span class='ocrx_word' id='word_1_90' title='bbox 842 1210 1262 1283; x_wconf 89' lang='lat' dir='ltr'><strong>pulcherrimus.</strong></span> <span class='ocrx_word' id='word_1_91' title='bbox 1294 1209 1421 1271; x_wconf 82' lang='lat' dir='ltr'><strong>Alii,</strong></span> <span class='ocrx_word' id='word_1_92' title='bbox 1448 1207 1645 1276; x_wconf 88' lang='lat' dir='ltr'><strong>inquit,</strong></span> <span class='ocrx_word' id='word_1_93' title='bbox 1669 1215 1922 1261; x_wconf 84' lang='lat' dir='ltr'><strong>asserunt</strong></span> <span class='ocrx_word' id='word_1_94' title='bbox 1948 1204 2052 1259; x_wconf 89' lang='lat' dir='ltr'><strong>hoc</strong></span> <span class='ocrx_word' id='word_1_95' title='bbox 2078 1204 2163 1259; x_wconf 90' lang='lat' dir='ltr'><strong>vel</strong></span> 
     </span>
    </p>
   </div>
   <div class='ocr_carea' id='block_1_14' title="bbox 562 1298 2164 1373">
    <p class='ocr_par' dir='ltr' id='par_1_14' title="bbox 562 1298 2164 1373">
     <span class='ocr_line' id='line_1_14' title="bbox 562 1298 2164 1373; baseline -0.008 -9"><span class='ocrx_word' id='word_1_96' title='bbox 562 1309 695 1364; x_wconf 86' lang='lat' dir='ltr'><strong>illud</strong></span> <span class='ocrx_word' id='word_1_97' title='bbox 727 1326 738 1361; x_wconf 90' lang='lat'><strong>:</strong></span> <span class='ocrx_word' id='word_1_98' title='bbox 771 1307 860 1360; x_wconf 84' lang='lat' dir='ltr'><strong>alii</strong></span> <span class='ocrx_word' id='word_1_99' title='bbox 893 1305 1065 1359; x_wconf 85' lang='lat' dir='ltr'><strong>factas</strong></span> <span class='ocrx_word' id='word_1_100' title='bbox 1089 1304 1197 1373; x_wconf 86' lang='lat' dir='ltr'><strong>jam</strong></span> <span class='ocrx_word' id='word_1_101' title='bbox 1235 1301 1387 1366; x_wconf 90' lang='lat' dir='ltr'><strong>olim,</strong></span> <span class='ocrx_word' id='word_1_102' title='bbox 1423 1300 1473 1353; x_wconf 89' lang='lat' dir='ltr'><strong>id</strong></span> <span class='ocrx_word' id='word_1_103' title='bbox 1502 1308 1605 1365; x_wconf 90' lang='lat' dir='ltr'><strong>est,</strong></span> <span class='ocrx_word' id='word_1_104' title='bbox 1654 1309 1780 1353; x_wconf 92' lang='lat' dir='ltr'><strong>tunc</strong></span> <span class='ocrx_word' id='word_1_105' title='bbox 1809 1313 1931 1353; x_wconf 86' lang='lat' dir='ltr'><strong>cum</strong></span> <span class='ocrx_word' id='word_1_106' title='bbox 1980 1298 2164 1351; x_wconf 86' lang='lat' dir='ltr'><strong>omnia</strong></span> 
     </span>
    </p>
   </div>
   <div class='ocr_carea' id='block_1_15' title="bbox 564 1396 2165 1465">
    <p class='ocr_par' dir='ltr' id='par_1_15' title="bbox 564 1396 2165 1465">
     <span class='ocr_line' id='line_1_15' title="bbox 564 1396 2165 1465; baseline -0.006 -6"><span class='ocrx_word' id='word_1_107' title='bbox 564 1406 704 1459; x_wconf 85' lang='lat' dir='ltr'><strong>Deus</strong></span> <span class='ocrx_word' id='word_1_108' title='bbox 729 1401 937 1458; x_wconf 87' lang='lat' dir='ltr'><strong>creavit</strong></span> <span class='ocrx_word' id='word_1_109' title='bbox 982 1416 1048 1454; x_wconf 84' lang='lat' dir='ltr'><strong>ex</strong></span> <span class='ocrx_word' id='word_1_110' title='bbox 1102 1399 1293 1462; x_wconf 88' lang='lat' dir='ltr'><strong>nihilo,</strong></span> <span class='ocrx_word' id='word_1_111' title='bbox 1328 1412 1470 1452; x_wconf 90' lang='lat' dir='ltr'><strong>nunc</strong></span> <span class='ocrx_word' id='word_1_112' title='bbox 1494 1412 1590 1452; x_wconf 89' lang='lat' dir='ltr'><strong>eas</strong></span> <span class='ocrx_word' id='word_1_113' title='bbox 1630 1396 1837 1465; x_wconf 86' lang='lat' dir='ltr'><strong>judicio</strong></span> <span class='ocrx_word' id='word_1_114' title='bbox 1880 1411 1980 1450; x_wconf 92' lang='lat' dir='ltr'><strong>suo</strong></span> <span class='ocrx_word' id='word_1_115' title='bbox 2012 1396 2165 1450; x_wconf 90' lang='lat' dir='ltr'><strong>nasci</strong></span> 
     </span>
    </p>
   </div>
   <div class='ocr_carea' id='block_1_16' title="bbox 561 1486 2165 1563">
    <p class='ocr_par' dir='ltr' id='par_1_16' title="bbox 561 1486 2165 1563">
     <span class='ocr_line' id='line_1_16' title="bbox 561 1486 2165 1563; baseline -0.005 -15"><span class='ocrx_word' id='word_1_116' title='bbox 561 1495 839 1563; x_wconf 79' lang='lat' dir='ltr'><strong>diSpenset</strong></span> <span class='ocrx_word' id='word_1_117' title='bbox 873 1493 925 1545; x_wconf 93' lang='lat' dir='ltr'><strong>in</strong></span> <span class='ocrx_word' id='word_1_118' title='bbox 975 1504 1230 1559; x_wconf 90' lang='lat' dir='ltr'><strong>corpore.</strong></span> <span class='ocrx_word' id='word_1_119' title='bbox 1260 1489 1391 1542; x_wconf 91' lang='lat' dir='ltr'><strong>Tam</strong></span> <span class='ocrx_word' id='word_1_120' title='bbox 1422 1488 1608 1557; x_wconf 87' lang='lat' dir='ltr'><strong>putide</strong></span> <span class='ocrx_word' id='word_1_121' title='bbox 1639 1498 1693 1542; x_wconf 94' lang='lat' dir='ltr'><strong>et</strong></span> <span class='ocrx_word' id='word_1_122' title='bbox 1724 1487 1947 1542; x_wconf 80' lang='lat' dir='ltr'><strong>confuse</strong></span> <span class='ocrx_word' id='word_1_123' title='bbox 1980 1486 2165 1557; x_wconf 77' lang='lat' dir='ltr'><strong>loqui~</strong></span> 
     </span>
    </p>
   </div>
   <div class='ocr_carea' id='block_1_17' title="bbox 564 1578 2162 1654">
    <p class='ocr_par' dir='ltr' id='par_1_17' title="bbox 564 1578 2162 1654">
     <span class='ocr_line' id='line_1_17' title="bbox 564 1578 2162 1654; baseline -0.006 -13"><span class='ocrx_word' id='word_1_124' title='bbox 564 1598 680 1650; x_wconf 90' lang='lat' dir='ltr'><strong>tur,</strong></span> <span class='ocrx_word' id='word_1_125' title='bbox 713 1594 769 1639; x_wconf 94' lang='lat' dir='ltr'><strong>ut</strong></span> <span class='ocrx_word' id='word_1_126' title='bbox 809 1585 927 1654; x_wconf 77' lang='lat' dir='ltr'><strong>plus</strong></span> <span class='ocrx_word' id='word_1_127' title='bbox 968 1597 1069 1651; x_wconf 93' lang='lat' dir='ltr'><strong>ego</strong></span> <span class='ocrx_word' id='word_1_128' title='bbox 1113 1581 1165 1634; x_wconf 91' lang='lat' dir='ltr'><strong>in</strong></span> <span class='ocrx_word' id='word_1_129' title='bbox 1198 1578 1652 1650; x_wconf 90' lang='lat' dir='ltr'><strong>reprehendendo</strong></span> <span class='ocrx_word' id='word_1_130' title='bbox 1692 1580 1970 1643; x_wconf 84' lang='lat' dir='ltr'><strong>laborem,</strong></span> <span class='ocrx_word' id='word_1_131' title='bbox 2000 1594 2162 1649; x_wconf 92' lang='lat' dir='ltr'><strong>quam</strong></span> 
     </span>
    </p>
   </div>
   <div class='ocr_carea' id='block_1_18' title="bbox 562 1670 2164 1740">
    <p class='ocr_par' dir='ltr' id='par_1_18' title="bbox 562 1670 2164 1740">
     <span class='ocr_line' id='line_1_18' title="bbox 562 1670 2164 1740; baseline -0.005 -7"><span class='ocrx_word' id='word_1_132' title='bbox 562 1680 653 1733; x_wconf 91' lang='lat' dir='ltr'><strong>ille</strong></span> <span class='ocrx_word' id='word_1_133' title='bbox 695 1678 745 1730; x_wconf 92' lang='lat' dir='ltr'><strong>in</strong></span> <span class='ocrx_word' id='word_1_134' title='bbox 787 1675 1097 1730; x_wconf 88' lang='lat' dir='ltr'><strong>scribendo.</strong></span> <span class='ocrx_word' id='word_1_135' title='bbox 1133 1672 1214 1726; x_wconf 92' lang='lat' dir='ltr'><strong>Ad</strong></span> <span class='ocrx_word' id='word_1_136' title='bbox 1249 1681 1553 1727; x_wconf 80' lang='lat' dir='ltr'><strong>extremum</strong></span> <span class='ocrx_word' id='word_1_137' title='bbox 1585 1673 1807 1740; x_wconf 88' lang='lat' dir='ltr'><strong>posuit:</strong></span> <span class='ocrx_word' id='word_1_138' title='bbox 1842 1690 1860 1721; x_wconf 76' lang='grc' dir='ltr'><strong>ι</strong></span> <span class='ocrx_word' id='word_1_139' title='bbox 1890 1670 2003 1739; x_wconf 87' lang='lat' dir='ltr'><strong>Ego</strong></span> <span class='ocrx_word' id='word_1_140' title='bbox 2032 1685 2164 1725; x_wconf 88' lang='lat' dir='ltr'><strong>vero</strong></span> 
     </span>
    </p>
   </div>
   <div class='ocr_carea' id='block_1_19' title="bbox 2265 457 3855 530">
    <p class='ocr_par' dir='ltr' id='par_1_19' title="bbox 2265 457 3855 530">
     <span class='ocr_line' id='line_1_19' title="bbox 2265 457 3855 530; baseline -0.003 -15"><span class='ocrx_word' id='word_1_141' title='bbox 2265 461 2367 516; x_wconf 89' lang='lat' dir='ltr'><strong>hoc</strong></span> <span class='ocrx_word' id='word_1_142' title='bbox 2410 471 2527 516; x_wconf 90' lang='lat' dir='ltr'><strong>erat</strong></span> <span class='ocrx_word' id='word_1_143' title='bbox 2574 475 2961 530; x_wconf 86' lang='lat' dir='ltr'><strong>responsurus,</strong></span> <span class='ocrx_word' id='word_1_144' title='bbox 3000 474 3121 528; x_wconf 60' lang='lat' dir='ltr'><strong>quae</strong></span> <span class='ocrx_word' id='word_1_145' title='bbox 3161 472 3286 513; x_wconf 90' lang='lat' dir='ltr'><strong>eum</strong></span> <span class='ocrx_word' id='word_1_146' title='bbox 3336 457 3477 510; x_wconf 85' lang='lat' dir='ltr'><strong>ratio</strong></span> <span class='ocrx_word' id='word_1_147' title='bbox 3524 457 3761 526; x_wconf 88' lang='lat' dir='ltr'><strong>impulit,</strong></span> <span class='ocrx_word' id='word_1_148' title='bbox 3799 466 3855 511; x_wconf 91' lang='lat' dir='ltr'><strong>ut</strong></span> 
     </span>
    </p>
   </div>
   <div class='ocr_carea' id='block_1_20' title="bbox 2265 547 3858 610">
    <p class='ocr_par' dir='ltr' id='par_1_20' title="bbox 2265 547 3858 610">
     <span class='ocr_line' id='line_1_20' title="bbox 2265 547 3858 610; baseline -0.005 0"><span class='ocrx_word' id='word_1_149' title='bbox 2265 564 2471 610; x_wconf 91' lang='lat' dir='ltr'><strong>tantum</strong></span> <span class='ocrx_word' id='word_1_150' title='bbox 2496 554 2813 608; x_wconf 88' lang='lat' dir='ltr'><strong>Pontiﬁcem</strong></span> <span class='ocrx_word' id='word_1_151' title='bbox 2840 550 3072 606; x_wconf 78' lang='lat' dir='ltr'><strong>inscitia:</strong></span> <span class='ocrx_word' id='word_1_152' title='bbox 3098 566 3210 604; x_wconf 67' lang='lat' dir='ltr'><strong>sua:</strong></span> <span class='ocrx_word' id='word_1_153' title='bbox 3232 558 3423 604; x_wconf 85' lang='lat' dir='ltr'><strong>testem</strong></span> <span class='ocrx_word' id='word_1_154' title='bbox 3448 547 3676 602; x_wconf 89' lang='lat' dir='ltr'><strong>faceret.</strong></span> <span class='ocrx_word' id='word_1_155' title='bbox 3703 547 3858 602; x_wconf 82' lang='lat' dir='ltr'><strong>Nimi-</strong></span> 
     </span>
    </p>
   </div>
   <div class='ocr_carea' id='block_1_21' title="bbox 2264 640 3853 712">
    <p class='ocr_par' dir='ltr' id='par_1_21' title="bbox 2264 640 3853 712">
     <span class='ocr_line' id='line_1_21' title="bbox 2264 640 3853 712; baseline -0.003 -12"><span class='ocrx_word' id='word_1_156' title='bbox 2264 663 2383 701; x_wconf 90' lang='lat' dir='ltr'><strong>rum</strong></span> <span class='ocrx_word' id='word_1_157' title='bbox 2426 648 2541 701; x_wconf 66' lang='lat' dir='ltr'><strong>lttec</strong></span> <span class='ocrx_word' id='word_1_158' title='bbox 2588 646 2676 699; x_wconf 88' lang='lat' dir='ltr'><strong>illa</strong></span> <span class='ocrx_word' id='word_1_159' title='bbox 2721 654 2804 699; x_wconf 92' lang='lat' dir='ltr'><strong>est</strong></span> <span class='ocrx_word' id='word_1_160' title='bbox 2847 642 3133 708; x_wconf 85' lang='lat' dir='ltr'><strong>lassitudo,</strong></span> <span class='ocrx_word' id='word_1_161' title='bbox 3176 641 3318 712; x_wconf 90' lang='lat' dir='ltr'><strong>quod</strong></span> <span class='ocrx_word' id='word_1_162' title='bbox 3349 640 3564 709; x_wconf 82' lang='lat' dir='ltr'><strong>triginta</strong></span> <span class='ocrx_word' id='word_1_163' title='bbox 3596 655 3853 695; x_wconf 91' lang='lat' dir='ltr'><strong>annorum</strong></span> 
     </span>
    </p>
   </div>
   <div class='ocr_carea' id='block_1_22' title="bbox 2264 733 3853 806">
    <p class='ocr_par' dir='ltr' id='par_1_22' title="bbox 2264 733 3853 806">
     <span class='ocr_line' id='line_1_22' title="bbox 2264 733 3853 806; baseline -0.004 -11"><span class='ocrx_word' id='word_1_164' title='bbox 2264 742 2460 796; x_wconf 88' lang='lat' dir='ltr'><strong>itinere</strong></span> <span class='ocrx_word' id='word_1_165' title='bbox 2490 738 2798 806; x_wconf 86' lang='lat' dir='ltr'><strong>confectus,</strong></span> <span class='ocrx_word' id='word_1_166' title='bbox 2828 737 3058 791; x_wconf 78' lang='lat' dir='ltr'><strong>Romam</strong></span> <span class='ocrx_word' id='word_1_167' title='bbox 3080 736 3272 791; x_wconf 87' lang='lat' dir='ltr'><strong>venire</strong></span> <span class='ocrx_word' id='word_1_168' title='bbox 3296 750 3403 789; x_wconf 86' lang='lat' dir='ltr'><strong>non</strong></span> <span class='ocrx_word' id='word_1_169' title='bbox 3434 735 3624 802; x_wconf 88' lang='lat' dir='ltr'><strong>potuit.</strong></span> <span class='ocrx_word' id='word_1_170' title='bbox 3653 733 3853 800; x_wconf 85' lang='lat' dir='ltr'><strong>Quanta</strong></span> 
     </span>
    </p>
   </div>
   <div class='ocr_carea' id='block_1_23' title="bbox 2264 829 3856 901">
    <p class='ocr_par' dir='ltr' id='par_1_23' title="bbox 2264 829 3856 901">
     <span class='ocr_line' id='line_1_23' title="bbox 2264 829 3856 901; baseline -0.005 -12"><span class='ocrx_word' id='word_1_171' title='bbox 2264 845 2318 889; x_wconf 91' lang='lat' dir='ltr'><strong>et</strong></span> <span class='ocrx_word' id='word_1_172' title='bbox 2358 834 2461 888; x_wconf 92' lang='lat' dir='ltr'><strong>alia</strong></span> <span class='ocrx_word' id='word_1_173' title='bbox 2504 834 2804 898; x_wconf 90' lang='lat' dir='ltr'><strong>nescimus,</strong></span> <span class='ocrx_word' id='word_1_174' title='bbox 2839 842 2894 888; x_wconf 93' lang='lat' dir='ltr'><strong>et</strong></span> <span class='ocrx_word' id='word_1_175' title='bbox 2925 842 3104 886; x_wconf 87' lang='lat' dir='ltr'><strong>tamen</strong></span> <span class='ocrx_word' id='word_1_176' title='bbox 3136 829 3423 901; x_wconf 63' lang='lat' dir='ltr'><strong>imperitia:</strong></span> <span class='ocrx_word' id='word_1_177' title='bbox 3465 836 3666 883; x_wconf 69' lang='lat' dir='ltr'><strong>nostrae</strong></span> <span class='ocrx_word' id='word_1_178' title='bbox 3696 835 3856 881; x_wconf 85' lang='lat' dir='ltr'><strong>testes</strong></span> 
     </span>
    </p>
   </div>
   <div class='ocr_carea' id='block_1_24' title="bbox 2265 919 3855 998">
    <p class='ocr_par' dir='ltr' id='par_1_24' title="bbox 2265 919 3855 998">
     <span class='ocr_line' id='line_1_24' title="bbox 2265 919 3855 998; baseline -0.003 -17"><span class='ocrx_word' id='word_1_179' title='bbox 2265 941 2373 981; x_wconf 93' lang='lat' dir='ltr'><strong>non</strong></span> <span class='ocrx_word' id='word_1_180' title='bbox 2398 927 2726 998; x_wconf 68' lang='lat' dir='ltr'><strong>quaerimus!</strong></span> <span class='ocrx_word' id='word_1_181' title='bbox 2756 925 2830 980; x_wconf 91' lang='lat' dir='ltr'><strong>De</strong></span> <span class='ocrx_word' id='word_1_182' title='bbox 2851 925 3033 991; x_wconf 85' lang='lat' dir='ltr'><strong>Patre,</strong></span> <span class='ocrx_word' id='word_1_183' title='bbox 3052 924 3214 990; x_wconf 86' lang='lat' dir='ltr'><strong>Filio,</strong></span> <span class='ocrx_word' id='word_1_184' title='bbox 3241 933 3294 977; x_wconf 92' lang='lat' dir='ltr'><strong>et</strong></span> <span class='ocrx_word' id='word_1_185' title='bbox 3316 922 3522 992; x_wconf 89' lang='lat' dir='ltr'><strong>Spiritu</strong></span> <span class='ocrx_word' id='word_1_186' title='bbox 3548 929 3771 980; x_wconf 81' lang='lat' dir='ltr'><strong>saneto;</strong></span> <span class='ocrx_word' id='word_1_187' title='bbox 3792 919 3855 976; x_wconf 90' lang='lat' dir='ltr'><strong>de</strong></span> 
     </span>
    </p>
   </div>
   <div class='ocr_carea' id='block_1_25' title="bbox 2264 1013 3855 1084">
    <p class='ocr_par' dir='ltr' id='par_1_25' title="bbox 2264 1013 3855 1084">
     <span class='ocr_line' id='line_1_25' title="bbox 2264 1013 3855 1084; baseline -0.003 -13"><span class='ocrx_word' id='word_1_188' title='bbox 2264 1018 2549 1073; x_wconf 88' lang='lat' dir='ltr'><strong>uativitate</strong></span> <span class='ocrx_word' id='word_1_189' title='bbox 2586 1017 2801 1071; x_wconf 87' lang='lat' dir='ltr'><strong>Domini</strong></span> <span class='ocrx_word' id='word_1_190' title='bbox 2840 1016 3162 1082; x_wconf 87' lang='lat' dir='ltr'><strong>Saivatoris,</strong></span> <span class='ocrx_word' id='word_1_191' title='bbox 3200 1030 3363 1084; x_wconf 90' lang='lat' dir='ltr'><strong>super</strong></span> <span class='ocrx_word' id='word_1_192' title='bbox 3391 1029 3496 1084; x_wconf 89' lang='lat' dir='ltr'><strong>qua</strong></span> <span class='ocrx_word' id='word_1_193' title='bbox 3543 1014 3708 1069; x_wconf 90' lang='lat' dir='ltr'><strong>Isaias</strong></span> <span class='ocrx_word' id='word_1_194' title='bbox 3748 1013 3855 1067; x_wconf 87' lang='lat' dir='ltr'><strong>cla-</strong></span> 
     </span>
    </p>
   </div>
   <div class='ocr_carea' id='block_1_26' title="bbox 2268 1104 3854 1180">
    <p class='ocr_par' dir='ltr' id='par_1_26' title="bbox 2268 1104 3854 1180">
     <span class='ocr_line' id='line_1_26' title="bbox 2268 1104 3854 1180; baseline -0.002 -18"><span class='ocrx_word' id='word_1_195' title='bbox 2268 1110 2423 1162; x_wconf 90' lang='lat' dir='ltr'><strong>mitat</strong></span> <span class='ocrx_word' id='word_1_196' title='bbox 2444 1126 2456 1160; x_wconf 89' lang='lat'>:</span> <span class='ocrx_word' id='word_1_197' title='bbox 2474 1108 2869 1163; x_wconf 83' lang='lat' dir='ltr'><strong>Generationeut</strong></span> <span class='ocrx_word' id='word_1_198' title='bbox 2898 1112 3009 1180; x_wconf 84' lang='lat' dir='ltr'><strong>ejus</strong></span> <span class='ocrx_word' id='word_1_199' title='bbox 3026 1110 3140 1178; x_wconf 82' lang='lat' dir='ltr'><strong>quis</strong></span> <span class='ocrx_word' id='word_1_200' title='bbox 3158 1108 3426 1162; x_wconf 85' lang='lat' dir='ltr'><strong>enarrabit</strong></span> <span class='ocrx_word' id='word_1_201' title='bbox 3448 1104 3608 1175; x_wconf 81' lang='lat' dir='ltr'><strong>(Isai.</strong></span> <span class='ocrx_word' id='word_1_202' title='bbox 3638 1122 3747 1172; x_wconf 85' lang='lat' dir='ltr'><strong>Lnt,</strong></span> <span class='ocrx_word' id='word_1_203' title='bbox 3772 1105 3854 1176; x_wconf 83' lang='lat'><strong>8)?</strong></span> 
     </span>
    </p>
   </div>
   <div class='ocr_carea' id='block_1_27' title="bbox 2266 1199 3858 1271">
    <p class='ocr_par' dir='ltr' id='par_1_27' title="bbox 2266 1199 3858 1271">
     <span class='ocr_line' id='line_1_27' title="bbox 2266 1199 3858 1271; baseline 0.002 -18"><span class='ocrx_word' id='word_1_204' title='bbox 2266 1200 2524 1255; x_wconf 90' lang='lat' dir='ltr'><strong>audacter</strong></span> <span class='ocrx_word' id='word_1_205' title='bbox 2553 1201 2814 1271; x_wconf 86' lang='lat' dir='ltr'><strong>loquitur,</strong></span> <span class='ocrx_word' id='word_1_206' title='bbox 2846 1209 2899 1255; x_wconf 91' lang='lat' dir='ltr'><strong>et</strong></span> <span class='ocrx_word' id='word_1_207' title='bbox 2941 1201 3259 1270; x_wconf 86' lang='lat' dir='ltr'><strong>mysterium</strong></span> <span class='ocrx_word' id='word_1_208' title='bbox 3301 1199 3556 1254; x_wconf 90' lang='lat' dir='ltr'><strong>omnibus</strong></span> <span class='ocrx_word' id='word_1_209' title='bbox 3586 1209 3737 1253; x_wconf 88' lang='lat' dir='ltr'><strong>retro</strong></span> <span class='ocrx_word' id='word_1_210' title='bbox 3764 1214 3858 1256; x_wconf 71' lang='lat' dir='ltr'><strong>sa:-</strong></span> 
     </span>
    </p>
   </div>
   <div class='ocr_carea' id='block_1_28' title="bbox 2266 1292 3856 1363">
    <p class='ocr_par' dir='ltr' id='par_1_28' title="bbox 2266 1292 3856 1363">
     <span class='ocr_line' id='line_1_28' title="bbox 2266 1292 3856 1363; baseline -0.001 -14"><span class='ocrx_word' id='word_1_211' title='bbox 2266 1296 2404 1349; x_wconf 87' lang='lat' dir='ltr'><strong>culis</strong></span> <span class='ocrx_word' id='word_1_212' title='bbox 2432 1295 2735 1363; x_wconf 85' lang='lat' dir='ltr'><strong>ignoratum</strong></span> <span class='ocrx_word' id='word_1_213' title='bbox 2761 1295 3004 1349; x_wconf 75' lang='lat' dir='ltr'><strong>scientia:</strong></span> <span class='ocrx_word' id='word_1_214' title='bbox 3030 1309 3145 1348; x_wconf 77' lang='lat' dir='ltr'><strong>sua:</strong></span> <span class='ocrx_word' id='word_1_215' title='bbox 3168 1294 3409 1347; x_wconf 88' lang='lat' dir='ltr'><strong>vindieat</strong></span> <span class='ocrx_word' id='word_1_216' title='bbox 3434 1312 3449 1350; x_wconf 91' lang='lat'><strong>:</strong></span> <span class='ocrx_word' id='word_1_217' title='bbox 3480 1303 3531 1348; x_wconf 90' lang='lat' dir='ltr'><strong>et</strong></span> <span class='ocrx_word' id='word_1_218' title='bbox 3560 1292 3665 1348; x_wconf 92' lang='lat' dir='ltr'><strong>hoc</strong></span> <span class='ocrx_word' id='word_1_219' title='bbox 3688 1293 3856 1348; x_wconf 89' lang='lat' dir='ltr'><strong>solum</strong></span> 
     </span>
    </p>
   </div>
   <div class='ocr_carea' id='block_1_29' title="bbox 2266 1386 3854 1459">
    <p class='ocr_par' dir='ltr' id='par_1_29' title="bbox 2266 1386 3854 1459">
     <span class='ocr_line' id='line_1_29' title="bbox 2266 1386 3854 1459; baseline 0.001 -17"><span class='ocrx_word' id='word_1_220' title='bbox 2266 1388 2501 1458; x_wconf 83' lang='lat' dir='ltr'><strong>ignorat,</strong></span> <span class='ocrx_word' id='word_1_221' title='bbox 2551 1388 2695 1458; x_wconf 90' lang='lat' dir='ltr'><strong>quod</strong></span> <span class='ocrx_word' id='word_1_222' title='bbox 2742 1388 3050 1459; x_wconf 81' lang='lat' dir='ltr'><strong>ignoratum</strong></span> <span class='ocrx_word' id='word_1_223' title='bbox 3096 1388 3311 1441; x_wconf 91' lang='lat' dir='ltr'><strong>cunctis</strong></span> <span class='ocrx_word' id='word_1_224' title='bbox 3348 1387 3665 1443; x_wconf 75' lang='lat' dir='ltr'><strong>scandalum</strong></span> <span class='ocrx_word' id='word_1_225' title='bbox 3718 1386 3854 1443; x_wconf 88' lang='lat' dir='ltr'><strong>facit.</strong></span> 
     </span>
    </p>
   </div>
   <div class='ocr_carea' id='block_1_30' title="bbox 2268 1478 3860 1550">
    <p class='ocr_par' dir='ltr' id='par_1_30' title="bbox 2268 1478 3860 1550">
     <span class='ocr_line' id='line_1_30' title="bbox 2268 1478 3860 1550; baseline 0 -15"><span class='ocrx_word' id='word_1_226' title='bbox 2268 1478 2383 1535; x_wconf 88' lang='lat' dir='ltr'><strong>Scit</strong></span> <span class='ocrx_word' id='word_1_227' title='bbox 2408 1479 2681 1550; x_wconf 91' lang='lat' dir='ltr'><strong>quomodo</strong></span> <span class='ocrx_word' id='word_1_228' title='bbox 2714 1480 2879 1534; x_wconf 91' lang='lat' dir='ltr'><strong>Deum</strong></span> <span class='ocrx_word' id='word_1_229' title='bbox 2916 1478 3074 1548; x_wconf 81' lang='lat' dir='ltr'><strong>Virgo</strong></span> <span class='ocrx_word' id='word_1_230' title='bbox 3100 1480 3412 1550; x_wconf 88' lang='lat' dir='ltr'><strong>generarit;</strong></span> <span class='ocrx_word' id='word_1_231' title='bbox 3443 1489 3498 1534; x_wconf 91' lang='lat' dir='ltr'><strong>et</strong></span> <span class='ocrx_word' id='word_1_232' title='bbox 3528 1480 3701 1535; x_wconf 83' lang='lat' dir='ltr'><strong>nescit</strong></span> <span class='ocrx_word' id='word_1_233' title='bbox 3736 1495 3860 1549; x_wconf 90' lang='lat' dir='ltr'><strong>quo-</strong></span> 
     </span>
    </p>
   </div>
   <div class='ocr_carea' id='block_1_31' title="bbox 2269 1572 3859 1642">
    <p class='ocr_par' dir='ltr' id='par_1_31' title="bbox 2269 1572 3859 1642">
     <span class='ocr_line' id='line_1_31' title="bbox 2269 1572 3859 1642; baseline 0.001 -15"><span class='ocrx_word' id='word_1_234' title='bbox 2269 1573 2431 1627; x_wconf 82' lang='lat' dir='ltr'><strong>modo</strong></span> <span class='ocrx_word' id='word_1_235' title='bbox 2474 1574 2589 1642; x_wconf 53' lang='lat' dir='ltr'><strong>ipse</strong></span> <span class='ocrx_word' id='word_1_236' title='bbox 2617 1574 2687 1626; x_wconf 83' lang='lat' dir='ltr'><strong>sit</strong></span> <span class='ocrx_word' id='word_1_237' title='bbox 2715 1582 2898 1627; x_wconf 90' lang='lat' dir='ltr'><strong>natus.</strong></span> <span class='ocrx_word' id='word_1_238' title='bbox 2930 1572 3248 1626; x_wconf 81' lang='lat' dir='ltr'><strong>Animarum</strong></span> <span class='ocrx_word' id='word_1_239' title='bbox 3276 1583 3330 1627; x_wconf 91' lang='lat' dir='ltr'><strong>et</strong></span> <span class='ocrx_word' id='word_1_240' title='bbox 3354 1587 3645 1642; x_wconf 86' lang='lat' dir='ltr'><strong>corporum</strong></span> <span class='ocrx_word' id='word_1_241' title='bbox 3677 1574 3859 1628; x_wconf 88' lang='lat' dir='ltr'><strong>condi-</strong></span> 
     </span>
    </p>
   </div>
   <div class='ocr_carea' id='block_1_32' title="bbox 2270 1666 3858 1736">
    <p class='ocr_par' dir='ltr' id='par_1_32' title="bbox 2270 1666 3858 1736">
     <span class='ocr_line' id='line_1_32' title="bbox 2270 1666 3858 1736; baseline 0.003 -17"><span class='ocrx_word' id='word_1_242' title='bbox 2270 1676 2440 1721; x_wconf 88' lang='lat' dir='ltr'><strong>torem</strong></span> <span class='ocrx_word' id='word_1_243' title='bbox 2486 1666 2686 1721; x_wconf 80' lang='lat' dir='ltr'><strong>fatetur</strong></span> <span class='ocrx_word' id='word_1_244' title='bbox 2729 1666 3054 1732; x_wconf 91' lang='lat' dir='ltr'><strong>Domiuum,</strong></span> <span class='ocrx_word' id='word_1_245' title='bbox 3091 1668 3206 1722; x_wconf 85' lang='lat' dir='ltr'><strong>sive</strong></span> <span class='ocrx_word' id='word_1_246' title='bbox 3250 1668 3446 1721; x_wconf 65' lang='lat' dir='ltr'><strong>animae</strong></span> <span class='ocrx_word' id='word_1_247' title='bbox 3475 1678 3602 1723; x_wconf 90' lang='lat' dir='ltr'><strong>ante</strong></span> <span class='ocrx_word' id='word_1_248' title='bbox 3634 1683 3858 1736; x_wconf 86' lang='lat' dir='ltr'><strong>corpora</strong></span> 
     </span>
    </p>
   </div>
   <div class='ocr_carea' id='block_1_33' title="bbox 560 1758 3860 1839">
    <p class='ocr_par' dir='ltr' id='par_1_33' title="bbox 560 1758 3860 1839">
     <span class='ocr_line' id='line_1_33' title="bbox 560 1758 3860 1839; baseline -0 -19"><span class='ocrx_word' id='word_1_249' title='bbox 560 1789 683 1828; x_wconf 81' lang='lat' dir='ltr'><strong>cum</strong></span> <span class='ocrx_word' id='word_1_250' title='bbox 716 1772 829 1825; x_wconf 56' lang='lat' dir='ltr'><strong>haec</strong></span> <span class='ocrx_word' id='word_1_251' title='bbox 853 1769 1063 1839; x_wconf 82' lang='lat' dir='ltr'><strong>singula</strong></span> <span class='ocrx_word' id='word_1_252' title='bbox 1094 1765 1344 1837; x_wconf 81' lang='lat' dir='ltr'><strong>legerim,</strong></span> <span class='ocrx_word' id='word_1_253' title='bbox 1380 1785 1397 1817; x_wconf 76' lang='grc' dir='ltr'><strong>ι</strong></span> <span class='ocrx_word' id='word_1_254' title='bbox 1433 1775 1487 1821; x_wconf 90' lang='lat' dir='ltr'><strong>et</strong></span> <span class='ocrx_word' id='word_1_255' title='bbox 1526 1766 1704 1819; x_wconf 88' lang='lat' dir='ltr'><strong>adhuc</strong></span> <span class='ocrx_word' id='word_1_256' title='bbox 1735 1765 2005 1833; x_wconf 87' lang='lat' dir='ltr'><strong>pendente</strong></span> <span class='ocrx_word' id='word_1_257' title='bbox 2031 1780 2161 1818; x_wconf 89' lang='lat' dir='ltr'><strong>sen-</strong></span> <span class='ocrx_word' id='word_1_258' title='bbox 2193 1760 2239 1818; x_wconf 90' lang='lat' dir='ltr'><strong>B</strong></span> <span class='ocrx_word' id='word_1_259' title='bbox 2269 1758 2490 1823; x_wconf 91' lang='lat' dir='ltr'><strong>fuerint,</strong></span> <span class='ocrx_word' id='word_1_260' title='bbox 2523 1760 2644 1815; x_wconf 86' lang='lat' dir='ltr'><strong>sive</strong></span> <span class='ocrx_word' id='word_1_261' title='bbox 2669 1774 2791 1813; x_wconf 87' lang='lat' dir='ltr'><strong>cum</strong></span> <span class='ocrx_word' id='word_1_262' title='bbox 2816 1774 3105 1828; x_wconf 91' lang='lat' dir='ltr'><strong>corporum</strong></span> <span class='ocrx_word' id='word_1_263' title='bbox 3135 1770 3429 1815; x_wconf 88' lang='lat' dir='ltr'><strong>nascantur</strong></span> <span class='ocrx_word' id='word_1_264' title='bbox 3456 1761 3715 1827; x_wconf 82' lang='lat' dir='ltr'><strong>exordiis,</strong></span> <span class='ocrx_word' id='word_1_265' title='bbox 3750 1763 3860 1820; x_wconf 83' lang='lat' dir='ltr'><strong>sive</strong></span> 
     </span>
    </p>
   </div>
   <div class='ocr_carea' id='block_1_34' title="bbox 566 1856 2161 1930">
    <p class='ocr_par' dir='ltr' id='par_1_34' title="bbox 566 1856 2161 1930">
     <span class='ocr_line' id='line_1_34' title="bbox 566 1856 2161 1930; baseline -0.004 -14"><span class='ocrx_word' id='word_1_266' title='bbox 566 1864 768 1925; x_wconf 90' lang='lat' dir='ltr'><strong>tentia,</strong></span> <span class='ocrx_word' id='word_1_267' title='bbox 800 1860 953 1930; x_wconf 89' lang='lat' dir='ltr'><strong>quasi</strong></span> <span class='ocrx_word' id='word_1_268' title='bbox 1007 1874 1203 1913; x_wconf 91' lang='lat' dir='ltr'><strong>novum</strong></span> <span class='ocrx_word' id='word_1_269' title='bbox 1254 1857 1457 1927; x_wconf 90' lang='lat' dir='ltr'><strong>aliquid</strong></span> <span class='ocrx_word' id='word_1_270' title='bbox 1516 1857 1866 1927; x_wconf 84' lang='lat' dir='ltr'><strong>protulisset,</strong></span> <span class='ocrx_word' id='word_1_271' title='bbox 1925 1856 2161 1925; x_wconf 77' lang='lat' dir='ltr'><strong>adjecit:</strong></span> 
     </span>
    </p>
   </div>
   <div class='ocr_carea' id='block_1_35' title="bbox 572 1949 2165 2022">
    <p class='ocr_par' dir='ltr' id='par_1_35' title="bbox 572 1949 2165 2022">
     <span class='ocr_line' id='line_1_35' title="bbox 572 1949 2165 2022; baseline -0.003 -17"><span class='ocrx_word' id='word_1_272' title='bbox 572 1973 591 2005; x_wconf 76' lang='lat' dir='ltr'><strong>t</strong></span> <span class='ocrx_word' id='word_1_273' title='bbox 622 1953 735 2022; x_wconf 86' lang='lat' dir='ltr'><strong>Ego</strong></span> <span class='ocrx_word' id='word_1_274' title='bbox 764 1961 949 2004; x_wconf 88' lang='lat' dir='ltr'><strong>tamen</strong></span> <span class='ocrx_word' id='word_1_275' title='bbox 974 1950 1089 2003; x_wconf 61' lang='lat' dir='ltr'><strong>base</strong></span> <span class='ocrx_word' id='word_1_276' title='bbox 1122 1949 1331 2019; x_wconf 85' lang='lat' dir='ltr'><strong>singula</strong></span> <span class='ocrx_word' id='word_1_277' title='bbox 1364 1957 1418 2002; x_wconf 88' lang='lat' dir='ltr'><strong>et</strong></span> <span class='ocrx_word' id='word_1_278' title='bbox 1446 1949 1643 2018; x_wconf 87' lang='lat' dir='ltr'><strong>legisse</strong></span> <span class='ocrx_word' id='word_1_279' title='bbox 1673 1965 1758 2003; x_wconf 87' lang='lat' dir='ltr'><strong>me</strong></span> <span class='ocrx_word' id='word_1_280' title='bbox 1784 1964 1889 2003; x_wconf 93' lang='lat' dir='ltr'><strong>nou</strong></span> <span class='ocrx_word' id='word_1_281' title='bbox 1926 1963 2085 2018; x_wconf 89' lang='lat' dir='ltr'><strong>nego,</strong></span> <span class='ocrx_word' id='word_1_282' title='bbox 2110 1956 2165 2003; x_wconf 86' lang='lat' dir='ltr'><strong>et</strong></span> 
     </span>
    </p>
   </div>
   <div class='ocr_carea' id='block_1_36' title="bbox 563 2042 1395 2115">
    <p class='ocr_par' dir='ltr' id='par_1_36' title="bbox 563 2042 1395 2115">
     <span class='ocr_line' id='line_1_36' title="bbox 563 2042 1395 2115; baseline -0.01 -14"><span class='ocrx_word' id='word_1_283' title='bbox 563 2047 743 2103; x_wconf 87' lang='lat' dir='ltr'><strong>adhuc</strong></span> <span class='ocrx_word' id='word_1_284' title='bbox 774 2046 1030 2115; x_wconf 88' lang='lat' dir='ltr'><strong>ignorare</strong></span> <span class='ocrx_word' id='word_1_285' title='bbox 1062 2042 1346 2097; x_wconf 63' lang='lat' dir='ltr'><strong>conﬁteor.</strong></span> <span class='ocrx_word' id='word_1_286' title='bbox 1378 2061 1395 2093; x_wconf 75' lang='grc' dir='ltr'><strong>ι</strong></span> 
     </span>
    </p>
   </div>
   <div class='ocr_carea' id='block_1_37' title="bbox 638 2134 2165 2205">
    <p class='ocr_par' dir='ltr' id='par_1_37' title="bbox 638 2134 2165 2205">
     <span class='ocr_line' id='line_1_37' title="bbox 638 2134 2165 2205; baseline -0.003 -12"><span class='ocrx_word' id='word_1_287' title='bbox 638 2139 726 2195; x_wconf 80' lang='grc'><strong>10.</strong></span> <span class='ocrx_word' id='word_1_288' title='bbox 759 2137 1023 2191; x_wconf 84' lang='lat' dir='ltr'><strong>Trinitatis</strong></span> <span class='ocrx_word' id='word_1_289' title='bbox 1056 2136 1355 2205; x_wconf 78' lang='lat' dir='ltr'><strong>mysterium</strong></span> <span class='ocrx_word' id='word_1_290' title='bbox 1400 2136 1694 2205; x_wconf 82' lang='lat' dir='ltr'><strong>ignoratum</strong></span> <span class='ocrx_word' id='word_1_291' title='bbox 1722 2134 1981 2204; x_wconf 78' lang='lat' dir='ltr'><strong>Antiquis.</strong></span> <span class='ocrx_word' id='word_1_292' title='bbox 2021 2164 2088 2173; x_wconf 93' lang='lat'><strong><em>—</em></strong></span> <span class='ocrx_word' id='word_1_293' title='bbox 2120 2134 2165 2189; x_wconf 88' lang='grc' dir='ltr'><strong>Ο</strong></span> 
     </span>
    </p>
   </div>
   <div class='ocr_carea' id='block_1_38' title="bbox 564 2226 2167 2297">
    <p class='ocr_par' dir='ltr' id='par_1_38' title="bbox 564 2226 2167 2297">
     <span class='ocr_line' id='line_1_38' title="bbox 564 2226 2167 2297; baseline -0.003 -11"><span class='ocrx_word' id='word_1_294' title='bbox 564 2232 809 2287; x_wconf 85' lang='lat' dir='ltr'><strong>infelices</strong></span> <span class='ocrx_word' id='word_1_295' title='bbox 840 2229 1073 2292; x_wconf 89' lang='lat' dir='ltr'><strong>animas,</strong></span> <span class='ocrx_word' id='word_1_296' title='bbox 1102 2243 1224 2297; x_wconf 70' lang='lat' dir='ltr'><strong>qum</strong></span> <span class='ocrx_word' id='word_1_297' title='bbox 1256 2226 1423 2280; x_wconf 88' lang='lat' dir='ltr'><strong>tantis</strong></span> <span class='ocrx_word' id='word_1_298' title='bbox 1454 2227 1707 2281; x_wconf 90' lang='lat' dir='ltr'><strong>vitiorum</strong></span> <span class='ocrx_word' id='word_1_299' title='bbox 1741 2227 1941 2280; x_wconf 79' lang='lat' dir='ltr'><strong>lanceis</strong></span> <span class='ocrx_word' id='word_1_300' title='bbox 1974 2228 2167 2281; x_wconf 84' lang='lat' dir='ltr'><strong>vulne-</strong></span> 
     </span>
    </p>
   </div>
   <div class='ocr_carea' id='block_1_39' title="bbox 564 2320 2162 2391">
    <p class='ocr_par' dir='ltr' id='par_1_39' title="bbox 564 2320 2162 2391">
     <span class='ocr_line' id='line_1_39' title="bbox 564 2320 2162 2391; baseline -0.005 -10"><span class='ocrx_word' id='word_1_301' title='bbox 564 2326 790 2381; x_wconf 87' lang='lat' dir='ltr'><strong>rantur!</strong></span> <span class='ocrx_word' id='word_1_302' title='bbox 824 2339 928 2377; x_wconf 92' lang='lat' dir='ltr'><strong>non</strong></span> <span class='ocrx_word' id='word_1_303' title='bbox 960 2338 1052 2376; x_wconf 86' lang='lat' dir='ltr'><strong>cas</strong></span> <span class='ocrx_word' id='word_1_304' title='bbox 1079 2334 1209 2391; x_wconf 90' lang='lat' dir='ltr'><strong>puto</strong></span> <span class='ocrx_word' id='word_1_305' title='bbox 1233 2321 1385 2389; x_wconf 76' lang='lat' dir='ltr'><strong>juxta</strong></span> <span class='ocrx_word' id='word_1_306' title='bbox 1411 2320 1661 2391; x_wconf 84' lang='lat' dir='ltr'><strong>Origenis</strong></span> <span class='ocrx_word' id='word_1_307' title='bbox 1686 2336 1929 2374; x_wconf 87' lang='lat' dir='ltr'><strong>errorem</strong></span> <span class='ocrx_word' id='word_1_308' title='bbox 1955 2328 2162 2373; x_wconf 89' lang='lat' dir='ltr'><strong>tantum</strong></span> 
     </span>
    </p>
   </div>
   <div class='ocr_carea' id='block_1_40' title="bbox 560 2421 2166 2487">
    <p class='ocr_par' dir='ltr' id='par_1_40' title="bbox 560 2421 2166 2487">
     <span class='ocr_line' id='line_1_40' title="bbox 560 2421 2166 2487; baseline 0 -12"><span class='ocrx_word' id='word_1_309' title='bbox 560 2424 862 2487; x_wconf 86' lang='lat' dir='ltr'><strong>laborasse,</strong></span> <span class='ocrx_word' id='word_1_310' title='bbox 897 2437 1018 2476; x_wconf 91' lang='lat' dir='ltr'><strong>cum</strong></span> <span class='ocrx_word' id='word_1_311' title='bbox 1047 2421 1115 2475; x_wconf 88' lang='lat' dir='ltr'><strong>de</strong></span> <span class='ocrx_word' id='word_1_312' title='bbox 1154 2422 1296 2475; x_wconf 63' lang='lat' dir='ltr'><strong>coelo</strong></span> <span class='ocrx_word' id='word_1_313' title='bbox 1330 2422 1380 2473; x_wconf 92' lang='lat' dir='ltr'><strong>in</strong></span> <span class='ocrx_word' id='word_1_314' title='bbox 1409 2431 1581 2474; x_wconf 89' lang='lat' dir='ltr'><strong>terras</strong></span> <span class='ocrx_word' id='word_1_315' title='bbox 1613 2431 1851 2485; x_wconf 82' lang='lat' dir='ltr'><strong>ruerent,</strong></span> <span class='ocrx_word' id='word_1_316' title='bbox 1885 2432 1939 2475; x_wconf 90' lang='lat' dir='ltr'><strong>et</strong></span> <span class='ocrx_word' id='word_1_317' title='bbox 1964 2421 2166 2475; x_wconf 88' lang='lat' dir='ltr'><strong>crassis</strong></span> 
     </span>
    </p>
   </div>
   <div class='ocr_carea' id='block_1_41' title="bbox 558 2515 2167 2587">
    <p class='ocr_par' dir='ltr' id='par_1_41' title="bbox 558 2515 2167 2587">
     <span class='ocr_line' id='line_1_41' title="bbox 558 2515 2167 2587; baseline -0.001 -18"><span class='ocrx_word' id='word_1_318' title='bbox 558 2516 885 2587; x_wconf 78' lang='lat' dir='ltr'><strong>corporibus</strong></span> <span class='ocrx_word' id='word_1_319' title='bbox 917 2516 1265 2579; x_wconf 88' lang='lat' dir='ltr'><strong>vestireutttr,</strong></span> <span class='ocrx_word' id='word_1_320' title='bbox 1302 2523 1359 2566; x_wconf 86' lang='grc' dir='ltr'><strong>ιιι</strong></span> <span class='ocrx_word' id='word_1_321' title='bbox 1388 2528 1530 2567; x_wconf 89' lang='lat' dir='ltr'><strong>nunc</strong></span> <span class='ocrx_word' id='word_1_322' title='bbox 1560 2525 1613 2567; x_wconf 89' lang='lat' dir='ltr'><strong>et</strong></span> <span class='ocrx_word' id='word_1_323' title='bbox 1643 2515 1828 2569; x_wconf 84' lang='lat' dir='ltr'><strong>verbis</strong></span> <span class='ocrx_word' id='word_1_324' title='bbox 1859 2524 1910 2567; x_wconf 91' lang='lat' dir='ltr'><strong>et</strong></span> <span class='ocrx_word' id='word_1_325' title='bbox 1942 2524 2167 2571; x_wconf 89' lang='lat' dir='ltr'><strong>senten-</strong></span> 
     </span>
    </p>
   </div>
   <div class='ocr_carea' id='block_1_42' title="bbox 563 2607 2162 2679">
    <p class='ocr_par' dir='ltr' id='par_1_42' title="bbox 563 2607 2162 2679">
     <span class='ocr_line' id='line_1_42' title="bbox 563 2607 2162 2679; baseline -0.003 -16"><span class='ocrx_word' id='word_1_326' title='bbox 563 2612 652 2665; x_wconf 90' lang='lat' dir='ltr'><strong>tiis</strong></span> <span class='ocrx_word' id='word_1_327' title='bbox 681 2611 805 2663; x_wconf 89' lang='lat' dir='ltr'><strong>hinc</strong></span> <span class='ocrx_word' id='word_1_328' title='bbox 833 2609 956 2662; x_wconf 89' lang='lat' dir='ltr'><strong>inde</strong></span> <span class='ocrx_word' id='word_1_329' title='bbox 979 2609 1231 2669; x_wconf 84' lang='lat' dir='ltr'><strong>collisas;</strong></span> <span class='ocrx_word' id='word_1_330' title='bbox 1259 2616 1315 2659; x_wconf 89' lang='lat' dir='ltr'><strong>ut</strong></span> <span class='ocrx_word' id='word_1_331' title='bbox 1346 2607 1758 2675; x_wconf 73' lang='lat' dir='ltr'><strong>prmtermittam</strong></span> <span class='ocrx_word' id='word_1_332' title='bbox 1784 2616 1807 2642; x_wconf 72' lang='grc'><strong><em>⁸</em></strong></span> <span class='ocrx_word' id='word_1_333' title='bbox 1826 2610 2162 2679; x_wconf 68' lang='grc' dir='ltr'><strong>κακέμφατον,</strong></span> 
     </span>
    </p>
   </div>
   <div class='ocr_carea' id='block_1_43' title="bbox 562 2696 2164 2770">
    <p class='ocr_par' dir='ltr' id='par_1_43' title="bbox 562 2696 2164 2770">
     <span class='ocr_line' id='line_1_43' title="bbox 562 2696 2164 2770; baseline -0.001 -18"><span class='ocrx_word' id='word_1_334' title='bbox 562 2717 671 2770; x_wconf 87' lang='lat' dir='ltr'><strong>quo</strong></span> <span class='ocrx_word' id='word_1_335' title='bbox 714 2702 779 2754; x_wconf 90' lang='lat' dir='ltr'><strong>de</strong></span> <span class='ocrx_word' id='word_1_336' title='bbox 813 2700 1034 2752; x_wconf 85' lang='lat' dir='ltr'><strong>humani</strong></span> <span class='ocrx_word' id='word_1_337' title='bbox 1066 2699 1292 2752; x_wconf 81' lang='lat' dir='ltr'><strong>seminis</strong></span> <span class='ocrx_word' id='word_1_338' title='bbox 1334 2698 1556 2751; x_wconf 86' lang='lat' dir='ltr'><strong>traduce</strong></span> <span class='ocrx_word' id='word_1_339' title='bbox 1584 2696 1807 2751; x_wconf 78' lang='lat' dir='ltr'><strong>diffundi</strong></span> <span class='ocrx_word' id='word_1_340' title='bbox 1857 2699 2051 2751; x_wconf 70' lang='lat' dir='ltr'><strong>animm</strong></span> <span class='ocrx_word' id='word_1_341' title='bbox 2080 2698 2164 2751; x_wconf 89' lang='lat' dir='ltr'><strong>di-</strong></span> 
     </span>
    </p>
   </div>
   <div class='ocr_carea' id='block_1_44' title="bbox 560 2788 2163 2843">
    <p class='ocr_par' dir='ltr' id='par_1_44' title="bbox 560 2788 2163 2843">
     <span class='ocr_line' id='line_1_44' title="bbox 560 2788 2163 2843; baseline -0.001 -1"><span class='ocrx_word' id='word_1_342' title='bbox 560 2800 780 2842; x_wconf 90' lang='lat' dir='ltr'><strong>cuntur.</strong></span> <span class='ocrx_word' id='word_1_343' title='bbox 815 2790 944 2843; x_wconf 88' lang='lat' dir='ltr'><strong>Scio</strong></span> <span class='ocrx_word' id='word_1_344' title='bbox 978 2791 1119 2841; x_wconf 89' lang='lat' dir='ltr'><strong>inter</strong></span> <span class='ocrx_word' id='word_1_345' title='bbox 1164 2788 1511 2841; x_wconf 83' lang='lat' dir='ltr'><strong>Christianos</strong></span> <span class='ocrx_word' id='word_1_346' title='bbox 1564 2789 1853 2841; x_wconf 76' lang='lat' dir='ltr'><strong>verborum</strong></span> <span class='ocrx_word' id='word_1_347' title='bbox 1899 2789 2025 2843; x_wconf 87' lang='lat' dir='ltr'><strong>vitia</strong></span> <span class='ocrx_word' id='word_1_348' title='bbox 2058 2803 2163 2841; x_wconf 90' lang='lat' dir='ltr'><strong>non</strong></span> 
     </span>
    </p>
   </div>
   <div class='ocr_carea' id='block_1_45' title="bbox 562 2877 2163 2946">
    <p class='ocr_par' dir='ltr' id='par_1_45' title="bbox 562 2877 2163 2946">
     <span class='ocr_line' id='line_1_45' title="bbox 562 2877 2163 2946; baseline 0.001 -15"><span class='ocrx_word' id='word_1_349' title='bbox 562 2880 746 2932; x_wconf 82' lang='lat' dir='ltr'><strong>solere</strong></span> <span class='ocrx_word' id='word_1_350' title='bbox 799 2877 1166 2946; x_wconf 89' lang='lat' dir='ltr'><strong>reprehendi;</strong></span> <span class='ocrx_word' id='word_1_351' title='bbox 1201 2878 1296 2931; x_wconf 89' lang='lat' dir='ltr'><strong>sed</strong></span> <span class='ocrx_word' id='word_1_352' title='bbox 1338 2894 1400 2931; x_wconf 77' lang='lat' dir='ltr'><strong>ex</strong></span> <span class='ocrx_word' id='word_1_353' title='bbox 1439 2879 1624 2946; x_wconf 87' lang='lat' dir='ltr'><strong>paucis</strong></span> <span class='ocrx_word' id='word_1_354' title='bbox 1656 2880 1956 2935; x_wconf 89' lang='lat' dir='ltr'><strong>ostendere</strong></span> <span class='ocrx_word' id='word_1_355' title='bbox 1989 2879 2163 2944; x_wconf 90' lang='lat' dir='ltr'><strong>volui,</strong></span> 
     </span>
    </p>
   </div>
   <div class='ocr_carea' id='block_1_46' title="bbox 561 2970 2165 3041">
    <p class='ocr_par' dir='ltr' id='par_1_46' title="bbox 561 2970 2165 3041">
     <span class='ocr_line' id='line_1_46' title="bbox 561 2970 2165 3041; baseline 0.001 -14"><span class='ocrx_word' id='word_1_356' title='bbox 561 2972 716 3041; x_wconf 80' lang='lat' dir='ltr'><strong>Cujus</strong></span> <span class='ocrx_word' id='word_1_357' title='bbox 757 2971 1079 3025; x_wconf 89' lang='lat' dir='ltr'><strong>temeritatis</strong></span> <span class='ocrx_word' id='word_1_358' title='bbox 1119 2972 1186 3023; x_wconf 90' lang='lat' dir='ltr'><strong>sit</strong></span> <span class='ocrx_word' id='word_1_359' title='bbox 1232 2970 1430 3026; x_wconf 89' lang='lat' dir='ltr'><strong>docere</strong></span> <span class='ocrx_word' id='word_1_360' title='bbox 1473 2973 1615 3041; x_wconf 91' lang='lat' dir='ltr'><strong>quod</strong></span> <span class='ocrx_word' id='word_1_361' title='bbox 1647 2974 1883 3038; x_wconf 89' lang='lat' dir='ltr'><strong>nescias,</strong></span> <span class='ocrx_word' id='word_1_362' title='bbox 1921 2975 2165 3031; x_wconf 89' lang='lat' dir='ltr'><strong>scribere</strong></span> 
     </span>
    </p>
   </div>
   <div class='ocr_carea' id='block_1_47' title="bbox 560 3062 2162 3133">
    <p class='ocr_par' dir='ltr' id='par_1_47' title="bbox 560 3062 2162 3133">
     <span class='ocr_line' id='line_1_47' title="bbox 560 3062 2162 3133; baseline 0.004 -18"><span class='ocrx_word' id='word_1_363' title='bbox 560 3063 702 3133; x_wconf 90' lang='lat' dir='ltr'><strong>quod</strong></span> <span class='ocrx_word' id='word_1_364' title='bbox 737 3063 952 3132; x_wconf 81' lang='lat' dir='ltr'><strong>ignores</strong></span> <span class='ocrx_word' id='word_1_365' title='bbox 980 3078 992 3114; x_wconf 91' lang='lat'>:</span> <span class='ocrx_word' id='word_1_366' title='bbox 1027 3070 1084 3117; x_wconf 88' lang='lat' dir='ltr'><strong>ut</strong></span> <span class='ocrx_word' id='word_1_367' title='bbox 1111 3062 1345 3116; x_wconf 89' lang='lat' dir='ltr'><strong>similem</strong></span> <span class='ocrx_word' id='word_1_368' title='bbox 1378 3064 1721 3131; x_wconf 90' lang='lat' dir='ltr'><strong>prudentiam</strong></span> <span class='ocrx_word' id='word_1_369' title='bbox 1752 3074 1806 3118; x_wconf 88' lang='lat' dir='ltr'><strong>et</strong></span> <span class='ocrx_word' id='word_1_370' title='bbox 1832 3067 1883 3119; x_wconf 92' lang='lat' dir='ltr'><strong>in</strong></span> <span class='ocrx_word' id='word_1_371' title='bbox 1909 3068 2162 3121; x_wconf 91' lang='lat' dir='ltr'><strong>sensibus</strong></span> 
     </span>
    </p>
   </div>
   <div class='ocr_carea' id='block_1_48' title="bbox 2263 1850 3860 1923">
    <p class='ocr_par' dir='ltr' id='par_1_48' title="bbox 2263 1850 3860 1923">
     <span class='ocr_line' id='line_1_48' title="bbox 2263 1850 3860 1923; baseline 0.004 -21"><span class='ocrx_word' id='word_1_372' title='bbox 2263 1850 2373 1919; x_wconf 84' lang='lat' dir='ltr'><strong>jam</strong></span> <span class='ocrx_word' id='word_1_373' title='bbox 2424 1852 2670 1904; x_wconf 83' lang='lat' dir='ltr'><strong>formatis</strong></span> <span class='ocrx_word' id='word_1_374' title='bbox 2708 1850 2763 1905; x_wconf 93' lang='lat' dir='ltr'><strong>in</strong></span> <span class='ocrx_word' id='word_1_375' title='bbox 2810 1861 2968 1906; x_wconf 88' lang='lat' dir='ltr'><strong>utero</strong></span> <span class='ocrx_word' id='word_1_376' title='bbox 3000 1852 3355 1921; x_wconf 86' lang='lat' dir='ltr'><strong>tigttratisque</strong></span> <span class='ocrx_word' id='word_1_377' title='bbox 3398 1852 3725 1923; x_wconf 69' lang='lat' dir='ltr'><strong>corporibus</strong></span> <span class='ocrx_word' id='word_1_378' title='bbox 3764 1854 3860 1908; x_wconf 90' lang='lat' dir='ltr'><strong>im-</strong></span> 
     </span>
    </p>
   </div>
   <div class='ocr_carea' id='block_1_49' title="bbox 2266 1943 3857 2000">
    <p class='ocr_par' dir='ltr' id='par_1_49' title="bbox 2266 1943 3857 2000">
     <span class='ocr_line' id='line_1_49' title="bbox 2266 1943 3857 2000; baseline 0.002 -3"><span class='ocrx_word' id='word_1_379' title='bbox 2266 1944 2566 1998; x_wconf 76' lang='lat' dir='ltr'><strong>mittuntur.</strong></span> <span class='ocrx_word' id='word_1_380' title='bbox 2599 1944 2651 1996; x_wconf 90' lang='lat' dir='ltr'><strong>lu</strong></span> <span class='ocrx_word' id='word_1_381' title='bbox 2676 1943 2929 1998; x_wconf 74' lang='lat' dir='ltr'><strong>omnibus</strong></span> <span class='ocrx_word' id='word_1_382' title='bbox 2960 1947 3212 1999; x_wconf 86' lang='lat' dir='ltr'><strong>novimus</strong></span> <span class='ocrx_word' id='word_1_383' title='bbox 3237 1955 3517 2000; x_wconf 87' lang='lat' dir='ltr'><strong>auctorem</strong></span> <span class='ocrx_word' id='word_1_384' title='bbox 3549 1945 3857 2000; x_wconf 91' lang='lat' dir='ltr'><strong>Dominum.</strong></span> 
     </span>
    </p>
   </div>
   <div class='ocr_carea' id='block_1_50' title="bbox 2264 2036 3859 2107">
    <p class='ocr_par' dir='ltr' id='par_1_50' title="bbox 2264 2036 3859 2107">
     <span class='ocr_line' id='line_1_50' title="bbox 2264 2036 3859 2107; baseline 0.003 -17"><span class='ocrx_word' id='word_1_385' title='bbox 2264 2036 2373 2091; x_wconf 80' lang='lat' dir='ltr'><strong>Nec</strong></span> <span class='ocrx_word' id='word_1_386' title='bbox 2403 2036 2473 2091; x_wconf 90' lang='lat' dir='ltr'><strong>de</strong></span> <span class='ocrx_word' id='word_1_387' title='bbox 2504 2036 2605 2091; x_wconf 88' lang='lat' dir='ltr'><strong>hoc</strong></span> <span class='ocrx_word' id='word_1_388' title='bbox 2632 2053 2773 2091; x_wconf 90' lang='lat' dir='ltr'><strong>nunc</strong></span> <span class='ocrx_word' id='word_1_389' title='bbox 2798 2039 3027 2107; x_wconf 71' lang='lat' dir='ltr'><strong>qutestio</strong></span> <span class='ocrx_word' id='word_1_390' title='bbox 3058 2047 3170 2103; x_wconf 85' lang='lat' dir='ltr'><strong>est,</strong></span> <span class='ocrx_word' id='word_1_391' title='bbox 3204 2048 3380 2092; x_wconf 89' lang='lat' dir='ltr'><strong>utrum</strong></span> <span class='ocrx_word' id='word_1_392' title='bbox 3418 2040 3590 2102; x_wconf 92' lang='lat' dir='ltr'><strong>Deus,</strong></span> <span class='ocrx_word' id='word_1_393' title='bbox 3627 2054 3694 2093; x_wconf 91' lang='lat' dir='ltr'><strong>an</strong></span> <span class='ocrx_word' id='word_1_394' title='bbox 3726 2039 3859 2095; x_wconf 88' lang='lat' dir='ltr'><strong>alius</strong></span> 
     </span>
    </p>
   </div>
   <div class='ocr_carea' id='block_1_51' title="bbox 2264 2129 3860 2201">
    <p class='ocr_par' dir='ltr' id='par_1_51' title="bbox 2264 2129 3860 2201">
     <span class='ocr_line' id='line_1_51' title="bbox 2264 2129 3860 2201; baseline 0.001 -17"><span class='ocrx_word' id='word_1_395' title='bbox 2264 2146 2357 2184; x_wconf 89' lang='lat' dir='ltr'><strong>cas</strong></span> <span class='ocrx_word' id='word_1_396' title='bbox 2391 2129 2581 2184; x_wconf 81' lang='lat' dir='ltr'><strong>fecerit</strong></span> <span class='ocrx_word' id='word_1_397' title='bbox 2612 2147 2623 2181; x_wconf 92' lang='lat'>:</span> <span class='ocrx_word' id='word_1_398' title='bbox 2670 2130 2764 2184; x_wconf 91' lang='lat' dir='ltr'><strong>sed</strong></span> <span class='ocrx_word' id='word_1_399' title='bbox 2805 2146 2834 2182; x_wconf 90' lang='lat' dir='ltr'><strong>e</strong></span> <span class='ocrx_word' id='word_1_400' title='bbox 2876 2131 3048 2185; x_wconf 91' lang='lat' dir='ltr'><strong>tribus</strong></span> <span class='ocrx_word' id='word_1_401' title='bbox 3085 2146 3218 2200; x_wconf 89' lang='lat' dir='ltr'><strong>quas</strong></span> <span class='ocrx_word' id='word_1_402' title='bbox 3247 2131 3450 2200; x_wconf 87' lang='lat' dir='ltr'><strong>posuit,</strong></span> <span class='ocrx_word' id='word_1_403' title='bbox 3484 2148 3608 2201; x_wconf 74' lang='lat' dir='ltr'><strong>qum</strong></span> <span class='ocrx_word' id='word_1_404' title='bbox 3656 2132 3726 2187; x_wconf 88' lang='lat' dir='ltr'><strong>sit</strong></span> <span class='ocrx_word' id='word_1_405' title='bbox 3754 2132 3860 2186; x_wconf 85' lang='lat' dir='ltr'><strong>illa-</strong></span> 
     </span>
    </p>
   </div>
   <div class='ocr_carea' id='block_1_52' title="bbox 2266 2221 3858 2288">
    <p class='ocr_par' dir='ltr' id='par_1_52' title="bbox 2266 2221 3858 2288">
     <span class='ocr_line' id='line_1_52' title="bbox 2266 2221 3858 2288; baseline 0.002 -12"><span class='ocrx_word' id='word_1_406' title='bbox 2266 2238 2383 2276; x_wconf 92' lang='lat' dir='ltr'><strong>rum</strong></span> <span class='ocrx_word' id='word_1_407' title='bbox 2413 2221 2682 2276; x_wconf 89' lang='lat' dir='ltr'><strong>sententia</strong></span> <span class='ocrx_word' id='word_1_408' title='bbox 2712 2238 2859 2288; x_wconf 85' lang='lat' dir='ltr'><strong>vera,</strong></span> <span class='ocrx_word' id='word_1_409' title='bbox 2892 2224 3105 2278; x_wconf 80' lang='lat' dir='ltr'><strong>nescire</strong></span> <span class='ocrx_word' id='word_1_410' title='bbox 3136 2239 3195 2278; x_wconf 91' lang='lat' dir='ltr'><strong>se</strong></span> <span class='ocrx_word' id='word_1_411' title='bbox 3236 2224 3389 2278; x_wconf 89' lang='lat' dir='ltr'><strong>dicit.</strong></span> <span class='ocrx_word' id='word_1_412' title='bbox 3429 2224 3562 2280; x_wconf 72' lang='lat' dir='ltr'><strong>Vide</strong></span> <span class='ocrx_word' id='word_1_413' title='bbox 3592 2240 3661 2281; x_wconf 91' lang='lat' dir='ltr'><strong>ne</strong></span> <span class='ocrx_word' id='word_1_414' title='bbox 3686 2226 3858 2281; x_wconf 88' lang='lat' dir='ltr'><strong>statim</strong></span> 
     </span>
    </p>
   </div>
   <div class='ocr_carea' id='block_1_53' title="bbox 2264 2315 3860 2387">
    <p class='ocr_par' dir='ltr' id='par_1_53' title="bbox 2264 2315 3860 2387">
     <span class='ocr_line' id='line_1_53' title="bbox 2264 2315 3860 2387; baseline 0.004 -19"><span class='ocrx_word' id='word_1_415' title='bbox 2264 2316 2359 2371; x_wconf 88' lang='lat' dir='ltr'><strong>tibi</strong></span> <span class='ocrx_word' id='word_1_416' title='bbox 2393 2315 2707 2384; x_wconf 90' lang='lat' dir='ltr'><strong>objiciatur,</strong></span> <span class='ocrx_word' id='word_1_417' title='bbox 2740 2315 2942 2370; x_wconf 90' lang='lat' dir='ltr'><strong>idcirco</strong></span> <span class='ocrx_word' id='word_1_418' title='bbox 2996 2326 3047 2371; x_wconf 89' lang='lat' dir='ltr'><strong>te</strong></span> <span class='ocrx_word' id='word_1_419' title='bbox 3095 2318 3253 2372; x_wconf 91' lang='lat' dir='ltr'><strong>trium</strong></span> <span class='ocrx_word' id='word_1_420' title='bbox 3302 2319 3667 2387; x_wconf 88' lang='lat' dir='ltr'><strong>ignorantiam</strong></span> <span class='ocrx_word' id='word_1_421' title='bbox 3700 2320 3860 2374; x_wconf 87' lang='lat' dir='ltr'><strong>conﬁ-</strong></span> 
     </span>
    </p>
   </div>
   <div class='ocr_carea' id='block_1_54' title="bbox 2265 2407 3861 2481">
    <p class='ocr_par' dir='ltr' id='par_1_54' title="bbox 2265 2407 3861 2481">
     <span class='ocr_line' id='line_1_54' title="bbox 2265 2407 3861 2481; baseline 0.004 -20"><span class='ocrx_word' id='word_1_422' title='bbox 2265 2408 2390 2472; x_wconf 89' lang='lat' dir='ltr'><strong>teri,</strong></span> <span class='ocrx_word' id='word_1_423' title='bbox 2425 2424 2491 2463; x_wconf 90' lang='lat' dir='ltr'><strong>ne</strong></span> <span class='ocrx_word' id='word_1_424' title='bbox 2510 2424 2674 2461; x_wconf 93' lang='lat' dir='ltr'><strong>unum</strong></span> <span class='ocrx_word' id='word_1_425' title='bbox 2695 2407 2954 2463; x_wconf 77' lang='lat' dir='ltr'><strong>damnare</strong></span> <span class='ocrx_word' id='word_1_426' title='bbox 2967 2410 3213 2481; x_wconf 76' lang='lat' dir='ltr'><strong>cogaris:</strong></span> <span class='ocrx_word' id='word_1_427' title='bbox 3236 2409 3648 2465; x_wconf 90' lang='lat' dir='ltr'><strong>etTertulliano</strong></span> <span class='ocrx_word' id='word_1_428' title='bbox 3665 2424 3716 2465; x_wconf 76' lang='lat' dir='ltr'><strong>et</strong></span> <span class='ocrx_word' id='word_1_429' title='bbox 3736 2412 3861 2467; x_wconf 83' lang='lat' dir='ltr'><strong>Lac-</strong></span> 
     </span>
    </p>
   </div>
   <div class='ocr_carea' id='block_1_55' title="bbox 2268 2500 3857 2574">
    <p class='ocr_par' dir='ltr' id='par_1_55' title="bbox 2268 2500 3857 2574">
     <span class='ocr_line' id='line_1_55' title="bbox 2268 2500 3857 2574; baseline 0.003 -23"><span class='ocrx_word' id='word_1_430' title='bbox 2268 2500 2437 2552; x_wconf 88' lang='lat' dir='ltr'><strong>tantio</strong></span> <span class='ocrx_word' id='word_1_431' title='bbox 2463 2500 2585 2554; x_wconf 86' lang='lat' dir='ltr'><strong>ideo</strong></span> <span class='ocrx_word' id='word_1_432' title='bbox 2616 2514 2863 2568; x_wconf 84' lang='lat' dir='ltr'><strong>parcere,</strong></span> <span class='ocrx_word' id='word_1_433' title='bbox 2899 2516 2965 2555; x_wconf 94' lang='lat' dir='ltr'><strong>ne</strong></span> <span class='ocrx_word' id='word_1_434' title='bbox 2989 2502 3281 2571; x_wconf 87' lang='lat' dir='ltr'><strong>Origenent</strong></span> <span class='ocrx_word' id='word_1_435' title='bbox 3316 2517 3437 2557; x_wconf 92' lang='lat' dir='ltr'><strong>eum</strong></span> <span class='ocrx_word' id='word_1_436' title='bbox 3478 2502 3589 2557; x_wconf 90' lang='lat' dir='ltr'><strong>illis</strong></span> <span class='ocrx_word' id='word_1_437' title='bbox 3634 2502 3857 2574; x_wconf 86' lang='lat' dir='ltr'><strong>jugules.</strong></span> 
     </span>
    </p>
   </div>
   <div class='ocr_carea' id='block_1_56' title="bbox 2267 2591 3859 2664">
    <p class='ocr_par' dir='ltr' id='par_1_56' title="bbox 2267 2591 3859 2664">
     <span class='ocr_line' id='line_1_56' title="bbox 2267 2591 3859 2664; baseline 0.006 -21"><span class='ocrx_word' id='word_1_438' title='bbox 2267 2591 2535 2657; x_wconf 87' lang='lat' dir='ltr'><strong>Quantum</strong></span> <span class='ocrx_word' id='word_1_439' title='bbox 2581 2594 2842 2647; x_wconf 89' lang='lat' dir='ltr'><strong>memoria</strong></span> <span class='ocrx_word' id='word_1_440' title='bbox 2872 2594 3147 2663; x_wconf 87' lang='lat' dir='ltr'><strong>suggerit,</strong></span> <span class='ocrx_word' id='word_1_441' title='bbox 3185 2595 3289 2650; x_wconf 91' lang='lat' dir='ltr'><strong>nisi</strong></span> <span class='ocrx_word' id='word_1_442' title='bbox 3332 2605 3512 2650; x_wconf 90' lang='lat' dir='ltr'><strong>tamen</strong></span> <span class='ocrx_word' id='word_1_443' title='bbox 3556 2596 3739 2664; x_wconf 89' lang='lat' dir='ltr'><strong>fallor,</strong></span> <span class='ocrx_word' id='word_1_444' title='bbox 3770 2612 3859 2652; x_wconf 83' lang='lat' dir='ltr'><strong>ne-</strong></span> 
     </span>
    </p>
   </div>
   <div class='ocr_carea' id='block_1_57' title="bbox 2266 2685 3857 2765">
    <p class='ocr_par' dir='ltr' id='par_1_57' title="bbox 2266 2685 3857 2765">
     <span class='ocr_line' id='line_1_57' title="bbox 2266 2685 3857 2765; baseline 0.004 -27"><span class='ocrx_word' id='word_1_445' title='bbox 2266 2686 2380 2739; x_wconf 89' lang='lat' dir='ltr'><strong>scio</strong></span> <span class='ocrx_word' id='word_1_446' title='bbox 2409 2702 2495 2739; x_wconf 87' lang='lat' dir='ltr'><strong>me</strong></span> <span class='ocrx_word' id='word_1_447' title='bbox 2536 2685 2734 2754; x_wconf 86' lang='lat' dir='ltr'><strong>legisse</strong></span> <span class='ocrx_word' id='word_1_448' title='bbox 2764 2686 3109 2741; x_wconf 87' lang='lat' dir='ltr'><strong>Lactanlittm</strong></span> <span class='ocrx_word' id='word_1_449' title='bbox 3143 2699 3163 2723; x_wconf 69' lang='grc' dir='ltr'><strong><em>θ</em></strong></span> <span class='ocrx_word' id='word_1_450' title='bbox 3196 2692 3607 2765; x_wconf 75' lang='grc' dir='ltr'><strong>συσπειρομένην</strong></span> <span class='ocrx_word' id='word_1_451' title='bbox 3633 2690 3857 2746; x_wconf 87' lang='lat' dir='ltr'><strong>animam</strong></span> 
     </span>
    </p>
   </div>
   <div class='ocr_carea' id='block_1_58' title="bbox 2268 2776 3856 2858">
    <p class='ocr_par' dir='ltr' id='par_1_58' title="bbox 2268 2776 3856 2858">
     <span class='ocr_line' id='line_1_58' title="bbox 2268 2776 3856 2858; baseline 0.008 -28"><span class='ocrx_word' id='word_1_452' title='bbox 2268 2778 2467 2833; x_wconf 88' lang='lat' dir='ltr'><strong>dicere.</strong></span> <span class='ocrx_word' id='word_1_453' title='bbox 2505 2776 2773 2833; x_wconf 67' lang='lat' dir='ltr'><strong>Cteterum</strong></span> <span class='ocrx_word' id='word_1_454' title='bbox 2808 2781 2898 2850; x_wconf 89' lang='lat' dir='ltr'><strong>qui</strong></span> <span class='ocrx_word' id='word_1_455' title='bbox 2938 2781 3137 2851; x_wconf 88' lang='lat' dir='ltr'><strong>legisse</strong></span> <span class='ocrx_word' id='word_1_456' title='bbox 3190 2792 3240 2837; x_wconf 91' lang='lat' dir='ltr'><strong>te</strong></span> <span class='ocrx_word' id='word_1_457' title='bbox 3268 2784 3482 2851; x_wconf 88' lang='lat' dir='ltr'><strong>scribis,</strong></span> <span class='ocrx_word' id='word_1_458' title='bbox 3514 2785 3611 2841; x_wconf 91' lang='lat' dir='ltr'><strong>dic</strong></span> <span class='ocrx_word' id='word_1_459' title='bbox 3657 2788 3709 2841; x_wconf 91' lang='lat' dir='ltr'><strong>in</strong></span> <span class='ocrx_word' id='word_1_460' title='bbox 3759 2801 3856 2858; x_wconf 92' lang='lat' dir='ltr'><strong>quo</strong></span> 
     </span>
    </p>
   </div>
   <div class='ocr_carea' id='block_1_59' title="bbox 2266 2867 3857 2942">
    <p class='ocr_par' dir='ltr' id='par_1_59' title="bbox 2266 2867 3857 2942">
     <span class='ocr_line' id='line_1_59' title="bbox 2266 2867 3857 2942; baseline 0.01 -21"><span class='ocrx_word' id='word_1_461' title='bbox 2266 2867 2405 2922; x_wconf 89' lang='lat' dir='ltr'><strong>libro</strong></span> <span class='ocrx_word' id='word_1_462' title='bbox 2435 2869 2652 2939; x_wconf 85' lang='lat' dir='ltr'><strong>legeris,</strong></span> <span class='ocrx_word' id='word_1_463' title='bbox 2686 2888 2752 2925; x_wconf 90' lang='lat' dir='ltr'><strong>ne</strong></span> <span class='ocrx_word' id='word_1_464' title='bbox 2792 2883 2847 2925; x_wconf 92' lang='lat' dir='ltr'><strong>ut</strong></span> <span class='ocrx_word' id='word_1_465' title='bbox 2879 2889 2965 2927; x_wconf 93' lang='lat' dir='ltr'><strong>me</strong></span> <span class='ocrx_word' id='word_1_466' title='bbox 2995 2874 3388 2942; x_wconf 84' lang='lat' dir='ltr'><strong>dormientem,</strong></span> <span class='ocrx_word' id='word_1_467' title='bbox 3422 2880 3502 2933; x_wconf 90' lang='lat' dir='ltr'><strong>sic</strong></span> <span class='ocrx_word' id='word_1_468' title='bbox 3531 2879 3689 2936; x_wconf 92' lang='lat' dir='ltr'><strong>illum</strong></span> <span class='ocrx_word' id='word_1_469' title='bbox 3721 2896 3857 2937; x_wconf 89' lang='lat' dir='ltr'><strong>mor-</strong></span> 
     </span>
    </p>
   </div>
   <div class='ocr_carea' id='block_1_60' title="bbox 2268 2961 3855 3030">
    <p class='ocr_par' dir='ltr' id='par_1_60' title="bbox 2268 2961 3855 3030">
     <span class='ocr_line' id='line_1_60' title="bbox 2268 2961 3855 3030; baseline 0.013 -21"><span class='ocrx_word' id='word_1_470' title='bbox 2268 2966 2415 3012; x_wconf 91' lang='lat' dir='ltr'><strong>tuum</strong></span> <span class='ocrx_word' id='word_1_471' title='bbox 2446 2961 2806 3017; x_wconf 89' lang='lat' dir='ltr'><strong>calumniatus</strong></span> <span class='ocrx_word' id='word_1_472' title='bbox 2838 2979 2963 3019; x_wconf 81' lang='lat' dir='ltr'><strong>esse</strong></span> <span class='ocrx_word' id='word_1_473' title='bbox 2989 2965 3249 3023; x_wconf 87' lang='lat' dir='ltr'><strong>videaris.</strong></span> <span class='ocrx_word' id='word_1_474' title='bbox 3282 2969 3386 3024; x_wconf 87' lang='lat' dir='ltr'><strong>Sed</strong></span> <span class='ocrx_word' id='word_1_475' title='bbox 3414 2982 3468 3025; x_wconf 90' lang='lat' dir='ltr'><strong>et</strong></span> <span class='ocrx_word' id='word_1_476' title='bbox 3500 2972 3549 3024; x_wconf 93' lang='lat' dir='ltr'><strong>in</strong></span> <span class='ocrx_word' id='word_1_477' title='bbox 3576 2971 3683 3028; x_wconf 89' lang='lat' dir='ltr'><strong>hoc</strong></span> <span class='ocrx_word' id='word_1_478' title='bbox 3702 2989 3855 3030; x_wconf 90' lang='lat' dir='ltr'><strong>cunc-</strong></span> 
     </span>
    </p>
   </div>
   <div class='ocr_carea' id='block_1_61' title="bbox 2268 3050 3856 3121">
    <p class='ocr_par' dir='ltr' id='par_1_61' title="bbox 2268 3050 3856 3121">
     <span class='ocr_line' id='line_1_61' title="bbox 2268 3050 3856 3121; baseline 0.011 -19"><span class='ocrx_word' id='word_1_479' title='bbox 2268 3050 2537 3105; x_wconf 87' lang='lat' dir='ltr'><strong>tabundus</strong></span> <span class='ocrx_word' id='word_1_480' title='bbox 2568 3052 2779 3109; x_wconf 90' lang='lat' dir='ltr'><strong>incedis</strong></span> <span class='ocrx_word' id='word_1_481' title='bbox 2801 3064 2854 3109; x_wconf 92' lang='lat' dir='ltr'><strong>et</strong></span> <span class='ocrx_word' id='word_1_482' title='bbox 2882 3066 3094 3111; x_wconf 88' lang='lat' dir='ltr'><strong>cautus.</strong></span> <span class='ocrx_word' id='word_1_483' title='bbox 3130 3057 3272 3113; x_wconf 93' lang='lat' dir='ltr'><strong>Dicis</strong></span> <span class='ocrx_word' id='word_1_484' title='bbox 3294 3061 3439 3115; x_wconf 90' lang='lat' dir='ltr'><strong>enim</strong></span> <span class='ocrx_word' id='word_1_485' title='bbox 3468 3080 3481 3115; x_wconf 91' lang='lat'>:</span> <span class='ocrx_word' id='word_1_486' title='bbox 3513 3081 3531 3113; x_wconf 87' lang='grc'><strong><em>‹</em></strong></span> <span class='ocrx_word' id='word_1_487' title='bbox 3556 3062 3698 3118; x_wconf 83' lang='grc' dir='ltr'>Ριιιο</span> <span class='ocrx_word' id='word_1_488' title='bbox 3726 3066 3856 3121; x_wconf 88' lang='lat' dir='ltr'><strong>inter</strong></span> 
     </span>
    </p>
   </div>
   <div class='ocr_carea' id='block_1_62' title="bbox 561 3131 3856 3226">
    <p class='ocr_par' dir='ltr' id='par_1_62' title="bbox 561 3131 3856 3226">
     <span class='ocr_line' id='line_1_62' title="bbox 561 3131 3856 3226; baseline 0.003 -15"><span class='ocrx_word' id='word_1_489' title='bbox 561 3131 923 3226; x_wconf 84' lang='lat' dir='ltr'><strong>requiramus.</strong></span> <span class='ocrx_word' id='word_1_490' title='bbox 959 3157 1119 3209; x_wconf 78' lang='lat' dir='ltr'><strong>Mittit</strong></span> <span class='ocrx_word' id='word_1_491' title='bbox 1150 3157 1461 3225; x_wconf 87' lang='lat' dir='ltr'><strong>epistolam,</strong></span> <span class='ocrx_word' id='word_1_492' title='bbox 1493 3158 1545 3212; x_wconf 90' lang='lat' dir='ltr'><strong>id</strong></span> <span class='ocrx_word' id='word_1_493' title='bbox 1580 3166 1684 3223; x_wconf 88' lang='lat' dir='ltr'><strong>est,</strong></span> <span class='ocrx_word' id='word_1_494' title='bbox 1716 3160 2156 3215; x_wconf 87' lang='lat' dir='ltr'><strong>robustissimum</strong></span> <span class='ocrx_word' id='word_1_495' title='bbox 2191 3131 2236 3194; x_wconf 65' lang='grc' dir='ltr'>ϐ</span> <span class='ocrx_word' id='word_1_496' title='bbox 2270 3140 2486 3197; x_wconf 54' lang='lat' dir='ltr'><strong>Latinos</strong></span> <span class='ocrx_word' id='word_1_497' title='bbox 2518 3143 2913 3200; x_wconf 64' lang='grc' dir='ltr'><strong>Τοτίηυίθηυῐη</strong></span> <span class='ocrx_word' id='word_1_498' title='bbox 2946 3149 3206 3216; x_wconf 37' lang='lat' dir='ltr'><strong>sensisse:</strong></span> <span class='ocrx_word' id='word_1_499' title='bbox 3239 3151 3322 3206; x_wconf 60' lang='lat' dir='ltr'><strong>&quot;ei</strong></span> <span class='ocrx_word' id='word_1_500' title='bbox 3351 3152 3721 3220; x_wconf 64' lang='grc' dir='ltr'><strong>Ῑλίδοιθηιίιιηιν</strong></span> <span class='ocrx_word' id='word_1_501' title='bbox 3755 3157 3856 3212; x_wconf 65' lang='grc' dir='ltr'><strong>Γον-</strong></span> 
     </span>
    </p>
   </div>
   <div class='ocr_carea' id='block_1_63' title="bbox 563 3246 2163 3319">
    <p class='ocr_par' dir='ltr' id='par_1_63' title="bbox 563 3246 2163 3319">
     <span class='ocr_line' id='line_1_63' title="bbox 563 3246 2163 3319; baseline 0.003 -18"><span class='ocrx_word' id='word_1_502' title='bbox 563 3248 839 3310; x_wconf 85' lang='lat' dir='ltr'><strong>baculum,</strong></span> <span class='ocrx_word' id='word_1_503' title='bbox 874 3260 983 3313; x_wconf 91' lang='lat' dir='ltr'><strong>quo</strong></span> <span class='ocrx_word' id='word_1_504' title='bbox 1011 3246 1270 3300; x_wconf 71' lang='lat' dir='ltr'><strong>Romana:</strong></span> <span class='ocrx_word' id='word_1_505' title='bbox 1302 3248 1451 3302; x_wconf 88' lang='lat' dir='ltr'><strong>urbis</strong></span> <span class='ocrx_word' id='word_1_506' title='bbox 1480 3259 1725 3303; x_wconf 89' lang='lat' dir='ltr'><strong>armetur</strong></span> <span class='ocrx_word' id='word_1_507' title='bbox 1754 3251 2039 3319; x_wconf 88' lang='lat' dir='ltr'><strong>episc0pus</strong></span> <span class='ocrx_word' id='word_1_508' title='bbox 2064 3268 2076 3303; x_wconf 75' lang='grc' dir='ltr'>ε</span> <span class='ocrx_word' id='word_1_509' title='bbox 2108 3260 2163 3306; x_wconf 92' lang='lat' dir='ltr'><strong>et</strong></span> 
     </span>
    </p>
   </div>
   <div class='ocr_carea' id='block_1_64' title="bbox 560 3338 2162 3408">
    <p class='ocr_par' dir='ltr' id='par_1_64' title="bbox 560 3338 2162 3408">
     <span class='ocr_line' id='line_1_64' title="bbox 560 3338 2162 3408; baseline 0.004 -17"><span class='ocrx_word' id='word_1_510' title='bbox 560 3340 753 3407; x_wconf 90' lang='lat' dir='ltr'><strong>inipsa</strong></span> <span class='ocrx_word' id='word_1_511' title='bbox 786 3338 1109 3406; x_wconf 65' lang='lat' dir='ltr'><strong>quaestione,</strong></span> <span class='ocrx_word' id='word_1_512' title='bbox 1161 3354 1260 3407; x_wconf 91' lang='lat' dir='ltr'><strong>pro</strong></span> <span class='ocrx_word' id='word_1_513' title='bbox 1302 3356 1405 3408; x_wconf 91' lang='lat' dir='ltr'><strong>qua</strong></span> <span class='ocrx_word' id='word_1_514' title='bbox 1452 3356 1615 3396; x_wconf 89' lang='lat' dir='ltr'><strong>canes</strong></span> <span class='ocrx_word' id='word_1_515' title='bbox 1647 3342 1872 3407; x_wconf 89' lang='lat' dir='ltr'><strong>latrant,</strong></span> <span class='ocrx_word' id='word_1_516' title='bbox 1918 3343 2054 3397; x_wconf 90' lang='lat' dir='ltr'><strong>dicit</strong></span> <span class='ocrx_word' id='word_1_517' title='bbox 2101 3358 2162 3399; x_wconf 89' lang='lat' dir='ltr'><strong>se</strong></span> 
     </span>
    </p>
   </div>
   <div class='ocr_carea' id='block_1_65' title="bbox 561 3428 2159 3503">
    <p class='ocr_par' dir='ltr' id='par_1_65' title="bbox 561 3428 2159 3503">
     <span class='ocr_line' id='line_1_65' title="bbox 561 3428 2159 3503; baseline 0.003 -21"><span class='ocrx_word' id='word_1_518' title='bbox 561 3430 777 3484; x_wconf 88' lang='lat' dir='ltr'><strong>nescire</strong></span> <span class='ocrx_word' id='word_1_519' title='bbox 803 3428 947 3497; x_wconf 92' lang='lat' dir='ltr'><strong>quod</strong></span> <span class='ocrx_word' id='word_1_520' title='bbox 974 3430 1259 3498; x_wconf 67' lang='lat' dir='ltr'><strong>quaeritur.</strong></span> <span class='ocrx_word' id='word_1_521' title='bbox 1290 3428 1347 3484; x_wconf 82' lang='lat' dir='ltr'><strong>Si</strong></span> <span class='ocrx_word' id='word_1_522' title='bbox 1383 3432 1617 3499; x_wconf 82' lang='lat' dir='ltr'><strong>ignorat,</strong></span> <span class='ocrx_word' id='word_1_523' title='bbox 1648 3447 1748 3503; x_wconf 92' lang='lat' dir='ltr'><strong>pro</strong></span> <span class='ocrx_word' id='word_1_524' title='bbox 1793 3450 1899 3502; x_wconf 93' lang='lat' dir='ltr'><strong>quo</strong></span> <span class='ocrx_word' id='word_1_525' title='bbox 1928 3434 2032 3489; x_wconf 90' lang='lat' dir='ltr'><strong>sibi</strong></span> <span class='ocrx_word' id='word_1_526' title='bbox 2066 3450 2159 3488; x_wconf 88' lang='lat' dir='ltr'><strong>ca-</strong></span> 
     </span>
    </p>
   </div>
   <div class='ocr_carea' id='block_1_66' title="bbox 561 3521 2158 3595">
    <p class='ocr_par' dir='ltr' id='par_1_66' title="bbox 561 3521 2158 3595">
     <span class='ocr_line' id='line_1_66' title="bbox 561 3521 2158 3595; baseline 0.004 -22"><span class='ocrx_word' id='word_1_527' title='bbox 561 3521 763 3575; x_wconf 91' lang='lat' dir='ltr'><strong>lumnia</strong></span> <span class='ocrx_word' id='word_1_528' title='bbox 810 3531 1228 3588; x_wconf 84' lang='lat' dir='ltr'><strong>commovetur,</strong></span> <span class='ocrx_word' id='word_1_529' title='bbox 1264 3523 1389 3591; x_wconf 89' lang='lat' dir='ltr'><strong>quid</strong></span> <span class='ocrx_word' id='word_1_530' title='bbox 1432 3538 1658 3578; x_wconf 88' lang='lat' dir='ltr'><strong>necesse</strong></span> <span class='ocrx_word' id='word_1_531' title='bbox 1705 3532 1789 3578; x_wconf 88' lang='lat' dir='ltr'><strong>est</strong></span> <span class='ocrx_word' id='word_1_532' title='bbox 1842 3525 2158 3595; x_wconf 80' lang='lat' dir='ltr'><strong>Apologiam</strong></span> 
     </span>
    </p>
   </div>
   <div class='ocr_carea' id='block_1_67' title="bbox 561 3615 2160 3688">
    <p class='ocr_par' dir='ltr' id='par_1_67' title="bbox 561 3615 2160 3688">
     <span class='ocr_line' id='line_1_67' title="bbox 561 3615 2160 3688; baseline 0.004 -22"><span class='ocrx_word' id='word_1_533' title='bbox 561 3615 803 3679; x_wconf 87' lang='lat' dir='ltr'><strong>mittere,</strong></span> <span class='ocrx_word' id='word_1_534' title='bbox 838 3631 957 3683; x_wconf 68' lang='lat' dir='ltr'><strong>qttre</strong></span> <span class='ocrx_word' id='word_1_535' title='bbox 989 3632 1095 3667; x_wconf 88' lang='lat' dir='ltr'><strong>non</strong></span> <span class='ocrx_word' id='word_1_536' title='bbox 1132 3616 1296 3669; x_wconf 87' lang='lat' dir='ltr'><strong>habet</strong></span> <span class='ocrx_word' id='word_1_537' title='bbox 1324 3615 1701 3670; x_wconf 76' lang='lat' dir='ltr'><strong>defensionem</strong></span> <span class='ocrx_word' id='word_1_538' title='bbox 1735 3618 1840 3679; x_wconf 89' lang='lat' dir='ltr'><strong>sui,</strong></span> <span class='ocrx_word' id='word_1_539' title='bbox 1876 3618 1972 3672; x_wconf 88' lang='lat' dir='ltr'><strong>sed</strong></span> <span class='ocrx_word' id='word_1_540' title='bbox 2000 3618 2160 3688; x_wconf 86' lang='lat' dir='ltr'><strong>igno-</strong></span> 
     </span>
    </p>
   </div>
   <div class='ocr_carea' id='block_1_68' title="bbox 560 3704 2163 3777">
    <p class='ocr_par' dir='ltr' id='par_1_68' title="bbox 560 3704 2163 3777">
     <span class='ocr_line' id='line_1_68' title="bbox 560 3704 2163 3777; baseline 0.004 -19"><span class='ocrx_word' id='word_1_541' title='bbox 560 3706 749 3760; x_wconf 71' lang='lat' dir='ltr'><strong>rantia:</strong></span> <span class='ocrx_word' id='word_1_542' title='bbox 800 3704 1248 3760; x_wconf 87' lang='lat' dir='ltr'><strong>confessionem?</strong></span> <span class='ocrx_word' id='word_1_543' title='bbox 1302 3706 1417 3760; x_wconf 86' lang='lat' dir='ltr'><strong>Hoc</strong></span> <span class='ocrx_word' id='word_1_544' title='bbox 1463 3718 1546 3761; x_wconf 86' lang='lat' dir='ltr'><strong>est</strong></span> <span class='ocrx_word' id='word_1_545' title='bbox 1598 3708 1939 3777; x_wconf 82' lang='lat' dir='ltr'><strong>suspiciones</strong></span> <span class='ocrx_word' id='word_1_546' title='bbox 1989 3710 2163 3764; x_wconf 88' lang='lat' dir='ltr'><strong>homi-</strong></span> 
     </span>
    </p>
   </div>
   <div class='ocr_carea' id='block_1_69' title="bbox 561 3800 2159 3872">
    <p class='ocr_par' dir='ltr' id='par_1_69' title="bbox 561 3800 2159 3872">
     <span class='ocr_line' id='line_1_69' title="bbox 561 3800 2159 3872; baseline 0.008 -23"><span class='ocrx_word' id='word_1_547' title='bbox 561 3814 685 3852; x_wconf 88' lang='lat' dir='ltr'><strong>num</strong></span> <span class='ocrx_word' id='word_1_548' title='bbox 720 3816 825 3852; x_wconf 90' lang='lat' dir='ltr'><strong>nou</strong></span> <span class='ocrx_word' id='word_1_549' title='bbox 857 3802 1070 3867; x_wconf 86' lang='lat' dir='ltr'><strong>sopire,</strong></span> <span class='ocrx_word' id='word_1_550' title='bbox 1102 3800 1199 3855; x_wconf 91' lang='lat' dir='ltr'><strong>sed</strong></span> <span class='ocrx_word' id='word_1_551' title='bbox 1248 3815 1464 3856; x_wconf 89' lang='lat' dir='ltr'><strong>serere.</strong></span> <span class='ocrx_word' id='word_1_552' title='bbox 1494 3802 1629 3856; x_wconf 90' lang='lat' dir='ltr'><strong>Tres</strong></span> <span class='ocrx_word' id='word_1_553' title='bbox 1661 3817 1825 3872; x_wconf 90' lang='lat' dir='ltr'><strong>super</strong></span> <span class='ocrx_word' id='word_1_554' title='bbox 1855 3805 2159 3862; x_wconf 87' lang='lat' dir='ltr'><strong>animarum</strong></span> 
     </span>
    </p>
   </div>
   <div class='ocr_carea' id='block_1_70' title="bbox 557 3894 2162 3961">
    <p class='ocr_par' dir='ltr' id='par_1_70' title="bbox 557 3894 2162 3961">
     <span class='ocr_line' id='line_1_70' title="bbox 557 3894 2162 3961; baseline 0.005 -16"><span class='ocrx_word' id='word_1_555' title='bbox 557 3902 699 3945; x_wconf 77' lang='lat' dir='ltr'><strong>statu</strong></span> <span class='ocrx_word' id='word_1_556' title='bbox 729 3894 879 3961; x_wconf 89' lang='lat' dir='ltr'><strong>ponit</strong></span> <span class='ocrx_word' id='word_1_557' title='bbox 902 3894 1234 3959; x_wconf 90' lang='lat' dir='ltr'><strong>sententias,</strong></span> <span class='ocrx_word' id='word_1_558' title='bbox 1269 3902 1325 3947; x_wconf 92' lang='lat' dir='ltr'><strong>et</strong></span> <span class='ocrx_word' id='word_1_559' title='bbox 1354 3894 1406 3946; x_wconf 87' lang='lat' dir='ltr'><strong>in</strong></span> <span class='ocrx_word' id='word_1_560' title='bbox 1448 3894 1554 3949; x_wconf 87' lang='lat' dir='ltr'><strong>fine</strong></span> <span class='ocrx_word' id='word_1_561' title='bbox 1583 3896 1956 3952; x_wconf 84' lang='lat' dir='ltr'><strong>concludens:</strong></span> <span class='ocrx_word' id='word_1_562' title='bbox 1994 3918 2013 3949; x_wconf 80' lang='lat' dir='ltr'><strong>t</strong></span> <span class='ocrx_word' id='word_1_563' title='bbox 2038 3900 2162 3955; x_wconf 89' lang='lat' dir='ltr'><strong>Sin-</strong></span> 
     </span>
    </p>
   </div>
   <div class='ocr_carea' id='block_1_71' title="bbox 557 3983 2160 4058">
    <p class='ocr_par' dir='ltr' id='par_1_71' title="bbox 557 3983 2160 4058">
     <span class='ocr_line' id='line_1_71' title="bbox 557 3983 2160 4058; baseline 0.006 -22"><span class='ocrx_word' id='word_1_564' title='bbox 557 3985 700 4052; x_wconf 68' lang='lat' dir='ltr'><strong>gula,</strong></span> <span class='ocrx_word' id='word_1_565' title='bbox 737 3984 932 4054; x_wconf 89' lang='lat' dir='ltr'><strong>ittquit,</strong></span> <span class='ocrx_word' id='word_1_566' title='bbox 964 3999 1050 4037; x_wconf 93' lang='lat' dir='ltr'><strong>me</strong></span> <span class='ocrx_word' id='word_1_567' title='bbox 1078 3983 1277 4052; x_wconf 89' lang='lat' dir='ltr'><strong>legisse</strong></span> <span class='ocrx_word' id='word_1_568' title='bbox 1302 3999 1407 4037; x_wconf 91' lang='lat' dir='ltr'><strong>nou</strong></span> <span class='ocrx_word' id='word_1_569' title='bbox 1437 4001 1596 4054; x_wconf 88' lang='lat' dir='ltr'><strong>nego,</strong></span> <span class='ocrx_word' id='word_1_570' title='bbox 1626 3995 1680 4040; x_wconf 83' lang='lat' dir='ltr'><strong>et</strong></span> <span class='ocrx_word' id='word_1_571' title='bbox 1701 3987 1877 4043; x_wconf 91' lang='lat' dir='ltr'><strong>adhuc</strong></span> <span class='ocrx_word' id='word_1_572' title='bbox 1910 3990 2160 4058; x_wconf 89' lang='lat' dir='ltr'><strong>ignorare</strong></span> 
     </span>
    </p>
   </div>
   <div class='ocr_carea' id='block_1_72' title="bbox 555 4076 2160 4152">
    <p class='ocr_par' dir='ltr' id='par_1_72' title="bbox 555 4076 2160 4152">
     <span class='ocr_line' id='line_1_72' title="bbox 555 4076 2160 4152; baseline 0.006 -24"><span class='ocrx_word' id='word_1_573' title='bbox 555 4076 871 4129; x_wconf 67' lang='lat' dir='ltr'><strong>conﬁteor.»</strong></span> <span class='ocrx_word' id='word_1_574' title='bbox 925 4076 1247 4137; x_wconf 82' lang='lat' dir='ltr'><strong>Arcesilam,</strong></span> <span class='ocrx_word' id='word_1_575' title='bbox 1299 4084 1390 4129; x_wconf 89' lang='lat' dir='ltr'><strong>aut</strong></span> <span class='ocrx_word' id='word_1_576' title='bbox 1447 4077 1787 4132; x_wconf 88' lang='lat' dir='ltr'><strong>Carneadem</strong></span> <span class='ocrx_word' id='word_1_577' title='bbox 1839 4088 2016 4148; x_wconf 90' lang='lat' dir='ltr'><strong>putes,</strong></span> <span class='ocrx_word' id='word_1_578' title='bbox 2070 4082 2160 4152; x_wconf 91' lang='lat' dir='ltr'><strong>qui</strong></span> 
     </span>
    </p>
   </div>
   <div class='ocr_carea' id='block_1_73' title="bbox 556 4166 2161 4241">
    <p class='ocr_par' dir='ltr' id='par_1_73' title="bbox 556 4166 2161 4241">
     <span class='ocr_line' id='line_1_73' title="bbox 556 4166 2161 4241; baseline 0.006 -22"><span class='ocrx_word' id='word_1_579' title='bbox 556 4168 736 4221; x_wconf 79' lang='lat' dir='ltr'><strong>omnia</strong></span> <span class='ocrx_word' id='word_1_580' title='bbox 759 4168 966 4221; x_wconf 82' lang='lat' dir='ltr'><strong>incerta</strong></span> <span class='ocrx_word' id='word_1_581' title='bbox 994 4166 1371 4235; x_wconf 87' lang='lat' dir='ltr'><strong>pronuntiant,</strong></span> <span class='ocrx_word' id='word_1_582' title='bbox 1401 4167 1527 4223; x_wconf 91' lang='lat' dir='ltr'><strong>licet</strong></span> <span class='ocrx_word' id='word_1_583' title='bbox 1554 4176 1609 4223; x_wconf 92' lang='lat' dir='ltr'><strong>et</strong></span> <span class='ocrx_word' id='word_1_584' title='bbox 1631 4168 1753 4223; x_wconf 89' lang='lat' dir='ltr'><strong>illos</strong></span> <span class='ocrx_word' id='word_1_585' title='bbox 1781 4180 2001 4241; x_wconf 89' lang='lat' dir='ltr'><strong>superet</strong></span> <span class='ocrx_word' id='word_1_586' title='bbox 2030 4187 2161 4229; x_wconf 88' lang='lat' dir='ltr'><strong>catt-</strong></span> 
     </span>
    </p>
   </div>
   <div class='ocr_carea' id='block_1_74' title="bbox 558 4258 2158 4329">
    <p class='ocr_par' dir='ltr' id='par_1_74' title="bbox 558 4258 2158 4329">
     <span class='ocr_line' id='line_1_74' title="bbox 558 4258 2158 4329; baseline 0.006 -18"><span class='ocrx_word' id='word_1_587' title='bbox 558 4259 724 4313; x_wconf 91' lang='lat' dir='ltr'><strong>tione.</strong></span> <span class='ocrx_word' id='word_1_588' title='bbox 761 4258 838 4311; x_wconf 92' lang='lat' dir='ltr'><strong>llli</strong></span> <span class='ocrx_word' id='word_1_589' title='bbox 863 4259 1008 4312; x_wconf 91' lang='lat' dir='ltr'><strong>enim</strong></span> <span class='ocrx_word' id='word_1_590' title='bbox 1037 4259 1277 4311; x_wconf 89' lang='lat' dir='ltr'><strong>omnium</strong></span> <span class='ocrx_word' id='word_1_591' title='bbox 1300 4258 1749 4329; x_wconf 81' lang='lat' dir='ltr'><strong>philosophorum</strong></span> <span class='ocrx_word' id='word_1_592' title='bbox 1774 4262 2027 4318; x_wconf 87' lang='lat' dir='ltr'><strong>invidiam</strong></span> <span class='ocrx_word' id='word_1_593' title='bbox 2052 4281 2158 4320; x_wconf 90' lang='lat' dir='ltr'><strong>non</strong></span> 
     </span>
    </p>
   </div>
   <div class='ocr_carea' id='block_1_75' title="bbox 558 4348 2160 4418">
    <p class='ocr_par' dir='ltr' id='par_1_75' title="bbox 558 4348 2160 4418">
     <span class='ocr_line' id='line_1_75' title="bbox 558 4348 2160 4418; baseline 0.006 -16"><span class='ocrx_word' id='word_1_594' title='bbox 558 4350 818 4413; x_wconf 84' lang='lat' dir='ltr'><strong>ferentes,</strong></span> <span class='ocrx_word' id='word_1_595' title='bbox 848 4348 992 4418; x_wconf 89' lang='lat' dir='ltr'><strong>quod</strong></span> <span class='ocrx_word' id='word_1_596' title='bbox 1024 4348 1047 4385; x_wconf 68' lang='grc' dir='ltr'>ι’</span> <span class='ocrx_word' id='word_1_597' title='bbox 1074 4351 1362 4403; x_wconf 75' lang='lat' dir='ltr'><strong>veritatem</strong></span> <span class='ocrx_word' id='word_1_598' title='bbox 1391 4366 1419 4404; x_wconf 89' lang='lat' dir='ltr'><strong>e</strong></span> <span class='ocrx_word' id='word_1_599' title='bbox 1443 4352 1551 4404; x_wconf 89' lang='lat' dir='ltr'><strong>vita</strong></span> <span class='ocrx_word' id='word_1_600' title='bbox 1586 4352 1859 4416; x_wconf 90' lang='lat' dir='ltr'><strong>tollerent,</strong></span> <span class='ocrx_word' id='word_1_601' title='bbox 1891 4355 2160 4411; x_wconf 89' lang='lat' dir='ltr'><strong>verisimi-</strong></span> 
     </span>
    </p>
   </div>
   <div class='ocr_carea' id='block_1_76' title="bbox 558 4438 2156 4516">
    <p class='ocr_par' dir='ltr' id='par_1_76' title="bbox 558 4438 2156 4516">
     <span class='ocr_line' id='line_1_76' title="bbox 558 4438 2156 4516; baseline 0.007 -25"><span class='ocrx_word' id='word_1_602' title='bbox 558 4440 629 4491; x_wconf 85' lang='lat' dir='ltr'><strong>lia</strong></span> <span class='ocrx_word' id='word_1_603' title='bbox 678 4448 1026 4507; x_wconf 88' lang='lat' dir='ltr'><strong>repererunt,</strong></span> <span class='ocrx_word' id='word_1_604' title='bbox 1081 4438 1246 4511; x_wconf 60' lang='grc'><strong>499</strong></span> <span class='ocrx_word' id='word_1_605' title='bbox 1298 4453 1353 4493; x_wconf 88' lang='grc' dir='ltr'><strong>ιιι</strong></span> <span class='ocrx_word' id='word_1_606' title='bbox 1399 4441 1759 4511; x_wconf 86' lang='lat' dir='ltr'><strong>ignorantiam</strong></span> <span class='ocrx_word' id='word_1_607' title='bbox 1808 4459 1987 4499; x_wconf 90' lang='lat' dir='ltr'><strong>rerum</strong></span> <span class='ocrx_word' id='word_1_608' title='bbox 2032 4463 2156 4516; x_wconf 85' lang='lat' dir='ltr'><strong>pro-</strong></span> 
     </span>
    </p>
   </div>
   <div class='ocr_carea' id='block_1_77' title="bbox 2268 3236 3852 3306">
    <p class='ocr_par' dir='ltr' id='par_1_77' title="bbox 2268 3236 3852 3306">
     <span class='ocr_line' id='line_1_77' title="bbox 2268 3236 3852 3306; baseline 0.011 -17"><span class='ocrx_word' id='word_1_609' title='bbox 2268 3236 2424 3290; x_wconf 82' lang='lat' dir='ltr'><strong>lassis</strong></span> <span class='ocrx_word' id='word_1_610' title='bbox 2455 3246 2508 3292; x_wconf 92' lang='lat' dir='ltr'><strong>et</strong></span> <span class='ocrx_word' id='word_1_611' title='bbox 2549 3238 2684 3293; x_wconf 89' lang='lat' dir='ltr'><strong>alios</strong></span> <span class='ocrx_word' id='word_1_612' title='bbox 2715 3241 3063 3296; x_wconf 72' lang='lat' dir='ltr'><strong>nonnullos.)</strong></span> <span class='ocrx_word' id='word_1_613' title='bbox 3100 3242 3218 3298; x_wconf 89' lang='lat' dir='ltr'><strong>Non</strong></span> <span class='ocrx_word' id='word_1_614' title='bbox 3250 3245 3425 3301; x_wconf 92' lang='lat' dir='ltr'><strong>solum</strong></span> <span class='ocrx_word' id='word_1_615' title='bbox 3458 3247 3525 3303; x_wconf 92' lang='lat' dir='ltr'><strong>de</strong></span> <span class='ocrx_word' id='word_1_616' title='bbox 3556 3252 3852 3306; x_wconf 90' lang='lat' dir='ltr'><strong>animarum</strong></span> 
     </span>
    </p>
   </div>
   <div class='ocr_carea' id='block_1_78' title="bbox 2264 3331 3855 3415">
    <p class='ocr_par' dir='ltr' id='par_1_78' title="bbox 2264 3331 3855 3415">
     <span class='ocr_line' id='line_1_78' title="bbox 2264 3331 3855 3415; baseline 0.009 -32"><span class='ocrx_word' id='word_1_617' title='bbox 2264 3340 2407 3385; x_wconf 91' lang='lat' dir='ltr'><strong>statu</strong></span> <span class='ocrx_word' id='word_1_618' title='bbox 2439 3331 2674 3399; x_wconf 89' lang='lat' dir='ltr'><strong>dubitas,</strong></span> <span class='ocrx_word' id='word_1_619' title='bbox 2705 3334 2800 3388; x_wconf 89' lang='lat' dir='ltr'><strong>sed</strong></span> <span class='ocrx_word' id='word_1_620' title='bbox 2832 3344 2887 3388; x_wconf 94' lang='lat' dir='ltr'><strong>et</strong></span> <span class='ocrx_word' id='word_1_621' title='bbox 2916 3336 2983 3391; x_wconf 91' lang='lat' dir='ltr'><strong>de</strong></span> <span class='ocrx_word' id='word_1_622' title='bbox 3013 3350 3296 3394; x_wconf 88' lang='lat' dir='ltr'><strong>auctorum</strong></span> <span class='ocrx_word' id='word_1_623' title='bbox 3339 3345 3632 3399; x_wconf 89' lang='lat' dir='ltr'><strong>sententiis</strong></span> <span class='ocrx_word' id='word_1_624' title='bbox 3662 3353 3812 3415; x_wconf 87' lang='lat' dir='ltr'><strong>putas</strong></span> <span class='ocrx_word' id='word_1_625' title='bbox 3839 3360 3855 3398; x_wconf 88' lang='lat'><strong>:</strong></span> 
     </span>
    </p>
   </div>
   <div class='ocr_carea' id='block_1_79' title="bbox 2264 3424 3854 3507">
    <p class='ocr_par' dir='ltr' id='par_1_79' title="bbox 2264 3424 3854 3507">
     <span class='ocr_line' id='line_1_79' title="bbox 2264 3424 3854 3507; baseline 0.011 -32"><span class='ocrx_word' id='word_1_626' title='bbox 2264 3431 2317 3475; x_wconf 90' lang='lat' dir='ltr'><strong>et</strong></span> <span class='ocrx_word' id='word_1_627' title='bbox 2347 3432 2523 3477; x_wconf 90' lang='lat' dir='ltr'><strong>tamen</strong></span> <span class='ocrx_word' id='word_1_628' title='bbox 2550 3424 2751 3493; x_wconf 90' lang='lat' dir='ltr'><strong>aliqttid</strong></span> <span class='ocrx_word' id='word_1_629' title='bbox 2780 3426 3029 3484; x_wconf 89' lang='lat' dir='ltr'><strong>interest.</strong></span> <span class='ocrx_word' id='word_1_630' title='bbox 3056 3428 3130 3484; x_wconf 90' lang='lat' dir='ltr'><strong>De</strong></span> <span class='ocrx_word' id='word_1_631' title='bbox 3156 3431 3442 3489; x_wconf 86' lang='lat' dir='ltr'><strong>animabus</strong></span> <span class='ocrx_word' id='word_1_632' title='bbox 3464 3443 3649 3491; x_wconf 89' lang='lat' dir='ltr'><strong>autem</strong></span> <span class='ocrx_word' id='word_1_633' title='bbox 3678 3446 3854 3507; x_wconf 88' lang='lat' dir='ltr'><strong>aperte</strong></span> 
     </span>
    </p>
   </div>
   <div class='ocr_carea' id='block_1_80' title="bbox 2265 3520 3851 3587">
    <p class='ocr_par' dir='ltr' id='par_1_80' title="bbox 2265 3520 3851 3587">
     <span class='ocr_line' id='line_1_80' title="bbox 2265 3520 3851 3587; baseline 0.009 -16"><span class='ocrx_word' id='word_1_634' title='bbox 2265 3520 2472 3583; x_wconf 81' lang='lat' dir='ltr'><strong>neseis,</strong></span> <span class='ocrx_word' id='word_1_635' title='bbox 2526 3529 2582 3576; x_wconf 90' lang='lat' dir='ltr'><strong>ct</strong></span> <span class='ocrx_word' id='word_1_636' title='bbox 2627 3522 2895 3579; x_wconf 88' lang='lat' dir='ltr'><strong>inscitiam</strong></span> <span class='ocrx_word' id='word_1_637' title='bbox 2945 3527 3265 3584; x_wconf 87' lang='lat' dir='ltr'><strong>conﬁteris:</strong></span> <span class='ocrx_word' id='word_1_638' title='bbox 3296 3529 3362 3584; x_wconf 89' lang='lat' dir='ltr'><strong>de</strong></span> <span class='ocrx_word' id='word_1_639' title='bbox 3407 3533 3732 3587; x_wconf 90' lang='lat' dir='ltr'><strong>auctoribus</strong></span> <span class='ocrx_word' id='word_1_640' title='bbox 3778 3532 3851 3586; x_wconf 87' lang='lat' dir='ltr'><strong>sic</strong></span> 
     </span>
    </p>
   </div>
   <div class='ocr_carea' id='block_1_81' title="bbox 2265 3614 3851 3694">
    <p class='ocr_par' dir='ltr' id='par_1_81' title="bbox 2265 3614 3851 3694">
     <span class='ocr_line' id='line_1_81' title="bbox 2265 3614 3851 3694; baseline 0.01 -29"><span class='ocrx_word' id='word_1_641' title='bbox 2265 3628 2425 3667; x_wconf 90' lang='lat' dir='ltr'><strong>nosse</strong></span> <span class='ocrx_word' id='word_1_642' title='bbox 2457 3623 2507 3669; x_wconf 91' lang='lat' dir='ltr'><strong>te</strong></span> <span class='ocrx_word' id='word_1_643' title='bbox 2540 3614 2696 3683; x_wconf 89' lang='lat' dir='ltr'><strong>dicis,</strong></span> <span class='ocrx_word' id='word_1_644' title='bbox 2731 3626 2788 3672; x_wconf 93' lang='lat' dir='ltr'><strong>ut</strong></span> <span class='ocrx_word' id='word_1_645' title='bbox 2827 3628 2985 3689; x_wconf 89' lang='lat' dir='ltr'><strong>putes</strong></span> <span class='ocrx_word' id='word_1_646' title='bbox 3017 3623 3198 3691; x_wconf 86' lang='lat' dir='ltr'><strong>potius</strong></span> <span class='ocrx_word' id='word_1_647' title='bbox 3236 3639 3396 3693; x_wconf 90' lang='lat' dir='ltr'><strong>quam</strong></span> <span class='ocrx_word' id='word_1_648' title='bbox 3439 3640 3759 3694; x_wconf 65' lang='lat' dir='ltr'><strong>praesumus.</strong></span> <span class='ocrx_word' id='word_1_649' title='bbox 3798 3625 3851 3681; x_wconf 93' lang='lat' dir='ltr'><strong>ln</strong></span> 
     </span>
    </p>
   </div>
   <div class='ocr_carea' id='block_1_82' title="bbox 2264 3704 3852 3785">
    <p class='ocr_par' dir='ltr' id='par_1_82' title="bbox 2264 3704 3852 3785">
     <span class='ocr_line' id='line_1_82' title="bbox 2264 3704 3852 3785; baseline 0.008 -28"><span class='ocrx_word' id='word_1_650' title='bbox 2264 3704 2384 3759; x_wconf 91' lang='lat' dir='ltr'><strong>solo</strong></span> <span class='ocrx_word' id='word_1_651' title='bbox 2411 3704 2646 3777; x_wconf 87' lang='lat' dir='ltr'><strong>Origene</strong></span> <span class='ocrx_word' id='word_1_652' title='bbox 2668 3724 2773 3763; x_wconf 93' lang='lat' dir='ltr'><strong>non</strong></span> <span class='ocrx_word' id='word_1_653' title='bbox 2799 3711 3049 3781; x_wconf 87' lang='lat' dir='ltr'><strong>ambigis.</strong></span> <span class='ocrx_word' id='word_1_654' title='bbox 3086 3714 3232 3768; x_wconf 81' lang='lat' dir='ltr'><strong>Dicis</strong></span> <span class='ocrx_word' id='word_1_655' title='bbox 3253 3716 3472 3785; x_wconf 92' lang='lat' dir='ltr'><strong>quippe,</strong></span> <span class='ocrx_word' id='word_1_656' title='bbox 3507 3733 3526 3767; x_wconf 85' lang='grc'><em>‹</em></span> <span class='ocrx_word' id='word_1_657' title='bbox 3551 3716 3669 3774; x_wconf 84' lang='lat' dir='ltr'><strong>Hoc</strong></span> <span class='ocrx_word' id='word_1_658' title='bbox 3697 3717 3852 3773; x_wconf 87' lang='lat' dir='ltr'><strong>sentit</strong></span> 
     </span>
    </p>
   </div>
   <div class='ocr_carea' id='block_1_83' title="bbox 2264 3796 3848 3879">
    <p class='ocr_par' dir='ltr' id='par_1_83' title="bbox 2264 3796 3848 3879">
     <span class='ocr_line' id='line_1_83' title="bbox 2264 3796 3848 3879; baseline 0.008 -27"><span class='ocrx_word' id='word_1_659' title='bbox 2264 3796 2545 3867; x_wconf 86' lang='lat' dir='ltr'><strong>Origenes.</strong></span> <span class='ocrx_word' id='word_1_660' title='bbox 2586 3820 2604 3852; x_wconf 76' lang='grc' dir='ltr'><strong>ι</strong></span> <span class='ocrx_word' id='word_1_661' title='bbox 2641 3800 3001 3871; x_wconf 84' lang='lat' dir='ltr'><strong>interrogabo</strong></span> <span class='ocrx_word' id='word_1_662' title='bbox 3040 3816 3091 3859; x_wconf 88' lang='lat' dir='ltr'><strong>te</strong></span> <span class='ocrx_word' id='word_1_663' title='bbox 3123 3823 3136 3858; x_wconf 90' lang='lat'>:</span> <span class='ocrx_word' id='word_1_664' title='bbox 3178 3806 3315 3862; x_wconf 89' lang='lat' dir='ltr'><strong>bene</strong></span> <span class='ocrx_word' id='word_1_665' title='bbox 3344 3808 3505 3879; x_wconf 84' lang='lat'><strong>500</strong></span> <span class='ocrx_word' id='word_1_666' title='bbox 3549 3811 3745 3877; x_wconf 88' lang='lat' dir='ltr'><strong>sentit,</strong></span> <span class='ocrx_word' id='word_1_667' title='bbox 3786 3825 3848 3865; x_wconf 89' lang='lat' dir='ltr'><strong>an</strong></span> 
     </span>
    </p>
   </div>
   <div class='ocr_carea' id='block_1_84' title="bbox 2267 3891 3850 3969">
    <p class='ocr_par' dir='ltr' id='par_1_84' title="bbox 2267 3891 3850 3969">
     <span class='ocr_line' id='line_1_84' title="bbox 2267 3891 3850 3969; baseline 0.008 -25"><span class='ocrx_word' id='word_1_668' title='bbox 2267 3891 2444 3947; x_wconf 87' lang='lat' dir='ltr'><strong>male?</strong></span> <span class='ocrx_word' id='word_1_669' title='bbox 2465 3892 2678 3959; x_wconf 89' lang='lat' dir='ltr'><strong>Nescio,</strong></span> <span class='ocrx_word' id='word_1_670' title='bbox 2700 3895 2898 3965; x_wconf 90' lang='lat' dir='ltr'><strong>inquis.</strong></span> <span class='ocrx_word' id='word_1_671' title='bbox 2916 3895 3054 3963; x_wconf 86' lang='lat' dir='ltr'><strong>Quid</strong></span> <span class='ocrx_word' id='word_1_672' title='bbox 3076 3913 3161 3953; x_wconf 90' lang='lat' dir='ltr'><strong>me</strong></span> <span class='ocrx_word' id='word_1_673' title='bbox 3177 3898 3338 3969; x_wconf 86' lang='lat' dir='ltr'><strong>igitur</strong></span> <span class='ocrx_word' id='word_1_674' title='bbox 3362 3900 3543 3955; x_wconf 91' lang='lat' dir='ltr'><strong>missis</strong></span> <span class='ocrx_word' id='word_1_675' title='bbox 3563 3901 3850 3958; x_wconf 85' lang='lat' dir='ltr'><strong>tabellariis</strong></span> 
     </span>
    </p>
   </div>
   <div class='ocr_carea' id='block_1_85' title="bbox 2264 3985 3849 4063">
    <p class='ocr_par' dir='ltr' id='par_1_85' title="bbox 2264 3985 3849 4063">
     <span class='ocr_line' id='line_1_85' title="bbox 2264 3985 3849 4063; baseline 0.005 -26"><span class='ocrx_word' id='word_1_676' title='bbox 2264 3993 2316 4037; x_wconf 87' lang='lat' dir='ltr'><strong>et</strong></span> <span class='ocrx_word' id='word_1_677' title='bbox 2338 3985 2687 4040; x_wconf 84' lang='lat' dir='ltr'><strong>creberrimis</strong></span> <span class='ocrx_word' id='word_1_678' title='bbox 2709 3988 2912 4041; x_wconf 89' lang='lat' dir='ltr'><strong>nttutiis</strong></span> <span class='ocrx_word' id='word_1_679' title='bbox 2934 3988 3136 4044; x_wconf 90' lang='lat' dir='ltr'><strong>docere</strong></span> <span class='ocrx_word' id='word_1_680' title='bbox 3153 3990 3466 4056; x_wconf 86' lang='lat' dir='ltr'><strong>conaris,ut</strong></span> <span class='ocrx_word' id='word_1_681' title='bbox 3494 3992 3687 4058; x_wconf 87' lang='lat' dir='ltr'><strong>sciam,</strong></span> <span class='ocrx_word' id='word_1_682' title='bbox 3713 3990 3849 4063; x_wconf 89' lang='lat' dir='ltr'><strong>quod</strong></span> 
     </span>
    </p>
   </div>
   <div class='ocr_carea' id='block_1_86' title="bbox 2265 4076 3851 4150">
    <p class='ocr_par' dir='ltr' id='par_1_86' title="bbox 2265 4076 3851 4150">
     <span class='ocr_line' id='line_1_86' title="bbox 2265 4076 3851 4150; baseline 0.008 -22"><span class='ocrx_word' id='word_1_683' title='bbox 2265 4076 2518 4130; x_wconf 89' lang='lat' dir='ltr'><strong>nescias?</strong></span> <span class='ocrx_word' id='word_1_684' title='bbox 2548 4077 2613 4130; x_wconf 87' lang='lat' dir='ltr'><strong>Et</strong></span> <span class='ocrx_word' id='word_1_685' title='bbox 2654 4093 2721 4132; x_wconf 89' lang='lat' dir='ltr'><strong>ne</strong></span> <span class='ocrx_word' id='word_1_686' title='bbox 2753 4080 2889 4133; x_wconf 78' lang='lat' dir='ltr'><strong>forte</strong></span> <span class='ocrx_word' id='word_1_687' title='bbox 2920 4094 3029 4134; x_wconf 91' lang='lat' dir='ltr'><strong>non</strong></span> <span class='ocrx_word' id='word_1_688' title='bbox 3060 4080 3281 4136; x_wconf 86' lang='lat' dir='ltr'><strong>credam</strong></span> <span class='ocrx_word' id='word_1_689' title='bbox 3315 4081 3601 4150; x_wconf 63' lang='lat' dir='ltr'><strong>imperitia:</strong></span> <span class='ocrx_word' id='word_1_690' title='bbox 3636 4094 3766 4150; x_wconf 65' lang='lat' dir='ltr'><strong>tum,</strong></span> <span class='ocrx_word' id='word_1_691' title='bbox 3798 4088 3851 4139; x_wconf 80' lang='lat' dir='ltr'><strong>et</strong></span> 
     </span>
    </p>
   </div>
   <div class='ocr_carea' id='block_1_87' title="bbox 2263 4169 3847 4245">
    <p class='ocr_par' dir='ltr' id='par_1_87' title="bbox 2263 4169 3847 4245">
     <span class='ocr_line' id='line_1_87' title="bbox 2263 4169 3847 4245; baseline 0.006 -22"><span class='ocrx_word' id='word_1_692' title='bbox 2263 4169 2496 4224; x_wconf 89' lang='lat' dir='ltr'><strong>arbitrer</strong></span> <span class='ocrx_word' id='word_1_693' title='bbox 2514 4178 2563 4225; x_wconf 87' lang='lat' dir='ltr'><strong>te</strong></span> <span class='ocrx_word' id='word_1_694' title='bbox 2581 4170 2775 4226; x_wconf 89' lang='lat' dir='ltr'><strong>callide</strong></span> <span class='ocrx_word' id='word_1_695' title='bbox 2798 4172 3031 4229; x_wconf 89' lang='lat' dir='ltr'><strong>reticere</strong></span> <span class='ocrx_word' id='word_1_696' title='bbox 3049 4174 3191 4244; x_wconf 89' lang='lat' dir='ltr'><strong>quod</strong></span> <span class='ocrx_word' id='word_1_697' title='bbox 3217 4176 3379 4240; x_wconf 90' lang='lat' dir='ltr'><strong>nosti,</strong></span> <span class='ocrx_word' id='word_1_698' title='bbox 3394 4175 3547 4245; x_wconf 90' lang='lat' dir='ltr'><strong>juras</strong></span> <span class='ocrx_word' id='word_1_699' title='bbox 3568 4178 3678 4233; x_wconf 91' lang='lat' dir='ltr'><strong>Deo</strong></span> <span class='ocrx_word' id='word_1_700' title='bbox 3694 4186 3847 4241; x_wconf 83' lang='lat' dir='ltr'><strong>teste,</strong></span> 
     </span>
    </p>
   </div>
   <div class='ocr_carea' id='block_1_88' title="bbox 2263 4262 3849 4341">
    <p class='ocr_par' dir='ltr' id='par_1_88' title="bbox 2263 4262 3849 4341">
     <span class='ocr_line' id='line_1_88' title="bbox 2263 4262 3849 4341; baseline 0.007 -27"><span class='ocrx_word' id='word_1_701' title='bbox 2263 4263 2405 4330; x_wconf 86' lang='lat' dir='ltr'><strong>quod</strong></span> <span class='ocrx_word' id='word_1_702' title='bbox 2434 4276 2601 4331; x_wconf 91' lang='lat' dir='ltr'><strong>usque</strong></span> <span class='ocrx_word' id='word_1_703' title='bbox 2631 4262 2697 4317; x_wconf 91' lang='lat' dir='ltr'><strong>ad</strong></span> <span class='ocrx_word' id='word_1_704' title='bbox 2728 4279 2969 4333; x_wconf 76' lang='lat' dir='ltr'><strong>przeseus</strong></span> <span class='ocrx_word' id='word_1_705' title='bbox 2995 4267 3134 4322; x_wconf 90' lang='lat' dir='ltr'><strong>certi</strong></span> <span class='ocrx_word' id='word_1_706' title='bbox 3184 4277 3237 4321; x_wconf 89' lang='lat' dir='ltr'><strong>et</strong></span> <span class='ocrx_word' id='word_1_707' title='bbox 3281 4267 3494 4324; x_wconf 89' lang='lat' dir='ltr'><strong>defiuiti</strong></span> <span class='ocrx_word' id='word_1_708' title='bbox 3550 4270 3750 4341; x_wconf 88' lang='lat' dir='ltr'><strong>aliquid</strong></span> <span class='ocrx_word' id='word_1_709' title='bbox 3779 4271 3849 4325; x_wconf 89' lang='lat' dir='ltr'><strong>de</strong></span> 
     </span>
    </p>
   </div>
   <div class='ocr_carea' id='block_1_89' title="bbox 2264 4352 3849 4431">
    <p class='ocr_par' dir='ltr' id='par_1_89' title="bbox 2264 4352 3849 4431">
     <span class='ocr_line' id='line_1_89' title="bbox 2264 4352 3849 4431; baseline 0.007 -25"><span class='ocrx_word' id='word_1_710' title='bbox 2264 4352 2365 4408; x_wconf 91' lang='lat' dir='ltr'><strong>hac</strong></span> <span class='ocrx_word' id='word_1_711' title='bbox 2392 4355 2692 4423; x_wconf 65' lang='lat' dir='ltr'><strong>quaestione</strong></span> <span class='ocrx_word' id='word_1_712' title='bbox 2740 4371 2847 4409; x_wconf 86' lang='lat' dir='ltr'><strong>non</strong></span> <span class='ocrx_word' id='word_1_713' title='bbox 2899 4366 3119 4424; x_wconf 90' lang='lat' dir='ltr'><strong>teneas;</strong></span> <span class='ocrx_word' id='word_1_714' title='bbox 3156 4369 3209 4413; x_wconf 89' lang='lat' dir='ltr'><strong>et</strong></span> <span class='ocrx_word' id='word_1_715' title='bbox 3241 4359 3352 4414; x_wconf 91' lang='lat' dir='ltr'><strong>Deo</strong></span> <span class='ocrx_word' id='word_1_716' title='bbox 3392 4361 3662 4431; x_wconf 89' lang='lat' dir='ltr'><strong>relinquas</strong></span> <span class='ocrx_word' id='word_1_717' title='bbox 3706 4360 3849 4417; x_wconf 87' lang='lat' dir='ltr'><strong>scire</strong></span> 
     </span>
    </p>
   </div>
   <div class='ocr_carea' id='block_1_90' title="bbox 2262 4448 3848 4526">
    <p class='ocr_par' dir='ltr' id='par_1_90' title="bbox 2262 4448 3848 4526">
     <span class='ocr_line' id='line_1_90' title="bbox 2262 4448 3848 4526; baseline 0.006 -24"><span class='ocrx_word' id='word_1_718' title='bbox 2262 4448 2389 4518; x_wconf 90' lang='lat' dir='ltr'><strong>quid</strong></span> <span class='ocrx_word' id='word_1_719' title='bbox 2419 4449 2488 4501; x_wconf 84' lang='lat' dir='ltr'><strong>sit</strong></span> <span class='ocrx_word' id='word_1_720' title='bbox 2518 4449 2570 4504; x_wconf 94' lang='lat' dir='ltr'><strong>in</strong></span> <span class='ocrx_word' id='word_1_721' title='bbox 2594 4465 2746 4516; x_wconf 90' lang='lat' dir='ltr'><strong>vero,</strong></span> <span class='ocrx_word' id='word_1_722' title='bbox 2780 4460 2834 4504; x_wconf 87' lang='lat' dir='ltr'><strong>et</strong></span> <span class='ocrx_word' id='word_1_723' title='bbox 2878 4452 2923 4506; x_wconf 88' lang='lat' dir='ltr'><strong>si</strong></span> <span class='ocrx_word' id='word_1_724' title='bbox 2967 4452 3053 4506; x_wconf 88' lang='lat' dir='ltr'><strong>cui</strong></span> <span class='ocrx_word' id='word_1_725' title='bbox 3084 4453 3198 4523; x_wconf 90' lang='lat' dir='ltr'><strong>ipse</strong></span> <span class='ocrx_word' id='word_1_726' title='bbox 3229 4456 3475 4511; x_wconf 85' lang='lat' dir='ltr'><strong>revelare</strong></span> <span class='ocrx_word' id='word_1_727' title='bbox 3515 4456 3848 4526; x_wconf 85' lang='lat' dir='ltr'><strong>dignabitur.</strong></span> 
     </span>
    </p>
   </div>
   <div class='ocr_carea' id='block_1_91' title="bbox 558 4529 3845 4620">
    <p class='ocr_par' dir='ltr' id='par_1_91' title="bbox 558 4529 3845 4620">
     <span class='ocr_line' id='line_1_91' title="bbox 558 4529 3845 4620; baseline 0.008 -39"><span class='ocrx_word' id='word_1_728' title='bbox 558 4529 722 4583; x_wconf 87' lang='lat' dir='ltr'><strong>habili</strong></span> <span class='ocrx_word' id='word_1_729' title='bbox 757 4532 1060 4587; x_wconf 84' lang='lat' dir='ltr'><strong>assertione</strong></span> <span class='ocrx_word' id='word_1_730' title='bbox 1112 4543 1519 4602; x_wconf 88' lang='lat' dir='ltr'><strong>temperarent:</strong></span> <span class='ocrx_word' id='word_1_731' title='bbox 1565 4536 1670 4589; x_wconf 88' lang='lat' dir='ltr'><strong>iste</strong></span> <span class='ocrx_word' id='word_1_732' title='bbox 1709 4550 1769 4590; x_wconf 90' lang='lat' dir='ltr'><strong>se</strong></span> <span class='ocrx_word' id='word_1_733' title='bbox 1811 4536 1944 4592; x_wconf 89' lang='lat' dir='ltr'><strong>dicit</strong></span> <span class='ocrx_word' id='word_1_734' title='bbox 1977 4538 2153 4596; x_wconf 82' lang='lat' dir='ltr'><strong>incer-</strong></span> <span class='ocrx_word' id='word_1_735' title='bbox 2188 4530 2241 4590; x_wconf 84' lang='lat' dir='ltr'><strong>D</strong></span> <span class='ocrx_word' id='word_1_736' title='bbox 2267 4540 2369 4597; x_wconf 86' lang='lat' dir='ltr'><strong>Per</strong></span> <span class='ocrx_word' id='word_1_737' title='bbox 2403 4550 2545 4596; x_wconf 90' lang='lat' dir='ltr'><strong>tanta</strong></span> <span class='ocrx_word' id='word_1_738' title='bbox 2589 4543 2784 4599; x_wconf 72' lang='lat' dir='ltr'><strong>stecula</strong></span> <span class='ocrx_word' id='word_1_739' title='bbox 2833 4545 2926 4600; x_wconf 92' lang='lat' dir='ltr'><strong>tibi</strong></span> <span class='ocrx_word' id='word_1_740' title='bbox 2960 4546 3139 4600; x_wconf 88' lang='lat' dir='ltr'><strong>nullus</strong></span> <span class='ocrx_word' id='word_1_741' title='bbox 3168 4546 3386 4604; x_wconf 89' lang='lat' dir='ltr'><strong>videtur</strong></span> <span class='ocrx_word' id='word_1_742' title='bbox 3424 4550 3618 4620; x_wconf 86' lang='lat' dir='ltr'><strong>dignus</strong></span> <span class='ocrx_word' id='word_1_743' title='bbox 3660 4550 3845 4616; x_wconf 83' lang='lat' dir='ltr'><strong>fuisse,</strong></span> 
     </span>
    </p>
   </div>
   <div class='ocr_carea' id='block_1_92' title="bbox 631 4660 1841 4737">
    <p class='ocr_par' dir='ltr' id='par_1_92' title="bbox 631 4660 1841 4737">
     <span class='ocr_line' id='line_1_92' title="bbox 631 4660 1841 4737; baseline 0.003 -21"><span class='ocrx_word' id='word_1_744' title='bbox 631 4671 656 4737; x_wconf 64' lang='grc' dir='ltr'>ξι</span> <span class='ocrx_word' id='word_1_745' title='bbox 688 4660 1013 4737; x_wconf 70' lang='grc' dir='ltr'><strong>ρὺεεςεηιιιιι</strong></span> <span class='ocrx_word' id='word_1_746' title='bbox 1041 4664 1329 4737; x_wconf 83' lang='lat' dir='ltr'><strong>lectionem</strong></span> <span class='ocrx_word' id='word_1_747' title='bbox 1354 4674 1448 4717; x_wconf 90' lang='lat' dir='ltr'><strong>aut</strong></span> <span class='ocrx_word' id='word_1_748' title='bbox 1466 4665 1841 4737; x_wconf 85' lang='lat' dir='ltr'><strong>incongruam.</strong></span> 
     </span>
    </p>
   </div>
   <div class='ocr_carea' id='block_1_93' title="bbox 628 4733 2153 4797">
    <p class='ocr_par' dir='ltr' id='par_1_93' title="bbox 628 4733 2153 4797">
     <span class='ocr_line' id='line_1_93' title="bbox 628 4733 2153 4797; baseline 0.009 -14"><span class='ocrx_word' id='word_1_749' title='bbox 628 4733 654 4772; x_wconf 83' lang='lat' dir='ltr'><strong>b</strong></span> <span class='ocrx_word' id='word_1_750' title='bbox 698 4733 849 4797; x_wconf 85' lang='lat' dir='ltr'><strong>Quod</strong></span> <span class='ocrx_word' id='word_1_751' title='bbox 881 4735 1159 4789; x_wconf 82' lang='lat' dir='ltr'><strong>veritatem.</strong></span> <span class='ocrx_word' id='word_1_752' title='bbox 1197 4736 1403 4790; x_wconf 70' lang='lat' dir='ltr'><strong>Prmter</strong></span> <span class='ocrx_word' id='word_1_753' title='bbox 1430 4733 1674 4791; x_wconf 80' lang='lat' dir='ltr'><strong>codicem</strong></span> <span class='ocrx_word' id='word_1_754' title='bbox 1722 4748 1991 4793; x_wconf 88' lang='lat' dir='ltr'><strong>vetustum</strong></span> <span class='ocrx_word' id='word_1_755' title='bbox 2038 4740 2153 4795; x_wconf 84' lang='lat' dir='ltr'><strong>Mo-</strong></span> 
     </span>
    </p>
   </div>
   <div class='ocr_carea' id='block_1_94' title="bbox 557 4803 2156 4879">
    <p class='ocr_par' dir='ltr' id='par_1_94' title="bbox 557 4803 2156 4879">
     <span class='ocr_line' id='line_1_94' title="bbox 557 4803 2156 4879; baseline 0.005 -20"><span class='ocrx_word' id='word_1_756' title='bbox 557 4804 784 4879; x_wconf 67' lang='lat' dir='ltr'><strong>tt&#39;tsteri_i</strong></span> <span class='ocrx_word' id='word_1_757' title='bbox 809 4806 977 4858; x_wconf 68' lang='lat' dir='ltr'><strong>nostri</strong></span> <span class='ocrx_word' id='word_1_758' title='bbox 1009 4803 1393 4879; x_wconf 78' lang='lat' dir='ltr'><strong>Floriaeensis,</strong></span> <span class='ocrx_word' id='word_1_759' title='bbox 1426 4822 1614 4879; x_wconf 86' lang='lat' dir='ltr'><strong>omnes</strong></span> <span class='ocrx_word' id='word_1_760' title='bbox 1638 4808 1729 4862; x_wconf 91' lang='lat' dir='ltr'><strong>alii</strong></span> <span class='ocrx_word' id='word_1_761' title='bbox 1761 4825 1895 4879; x_wconf 87' lang='lat' dir='ltr'><strong>quos</strong></span> <span class='ocrx_word' id='word_1_762' title='bbox 1922 4811 2156 4867; x_wconf 87' lang='lat' dir='ltr'><strong>vidimus</strong></span> 
     </span>
    </p>
   </div>
   <div class='ocr_carea' id='block_1_95' title="bbox 547 4875 2153 4946">
    <p class='ocr_par' dir='ltr' id='par_1_95' title="bbox 547 4875 2153 4946">
     <span class='ocr_line' id='line_1_95' title="bbox 547 4875 2153 4946; baseline 0.006 -19"><span class='ocrx_word' id='word_1_763' title='bbox 547 4878 699 4944; x_wconf 75' lang='lat' dir='ltr'><strong>juxta</strong></span> <span class='ocrx_word' id='word_1_764' title='bbox 748 4875 1028 4929; x_wconf 82' lang='lat' dir='ltr'><strong>Erasmtttu</strong></span> <span class='ocrx_word' id='word_1_765' title='bbox 1074 4875 1280 4946; x_wconf 88' lang='lat' dir='ltr'><strong>legunt,</strong></span> <span class='ocrx_word' id='word_1_766' title='bbox 1328 4878 1465 4946; x_wconf 83' lang='lat' dir='ltr'><strong>quod</strong></span> <span class='ocrx_word' id='word_1_767' title='bbox 1498 4880 1648 4932; x_wconf 78' lang='lat' dir='ltr'><strong>t-itam</strong></span> <span class='ocrx_word' id='word_1_768' title='bbox 1676 4896 1701 4933; x_wconf 87' lang='lat' dir='ltr'><strong>e</strong></span> <span class='ocrx_word' id='word_1_769' title='bbox 1742 4875 1843 4934; x_wconf 73' lang='lat' dir='ltr'><strong>vita</strong></span> <span class='ocrx_word' id='word_1_770' title='bbox 1892 4883 2153 4937; x_wconf 84' lang='lat' dir='ltr'><strong>tollerent.</strong></span> 
     </span>
    </p>
   </div>
   <div class='ocr_carea' id='block_1_96' title="bbox 554 4947 2154 5015">
    <p class='ocr_par' dir='ltr' id='par_1_96' title="bbox 554 4947 2154 5015">
     <span class='ocr_line' id='line_1_96' title="bbox 554 4947 2154 5015; baseline 0.006 -14"><span class='ocrx_word' id='word_1_771' title='bbox 554 4947 615 5001; x_wconf 92' lang='lat' dir='ltr'><strong>At</strong></span> <span class='ocrx_word' id='word_1_772' title='bbox 652 4949 788 5015; x_wconf 80' lang='lat' dir='ltr'><strong>cogit</strong></span> <span class='ocrx_word' id='word_1_773' title='bbox 824 4964 921 5000; x_wconf 68' lang='lat' dir='ltr'><strong>nos</strong></span> <span class='ocrx_word' id='word_1_774' title='bbox 960 4950 1212 4999; x_wconf 71' lang='lat' dir='ltr'><strong>Arcesila!</strong></span> <span class='ocrx_word' id='word_1_775' title='bbox 1241 4958 1294 5001; x_wconf 92' lang='lat' dir='ltr'><strong>ct</strong></span> <span class='ocrx_word' id='word_1_776' title='bbox 1322 4950 1619 5005; x_wconf 79' lang='lat' dir='ltr'><strong>Carneadis</strong></span> <span class='ocrx_word' id='word_1_777' title='bbox 1658 4950 1882 5005; x_wconf 86' lang='lat' dir='ltr'><strong>historia</strong></span> <span class='ocrx_word' id='word_1_778' title='bbox 1915 4955 2154 5010; x_wconf 89' lang='lat' dir='ltr'><strong>retinere</strong></span> 
     </span>
    </p>
   </div>
   <div class='ocr_carea' id='block_1_97' title="bbox 554 5016 2153 5088">
    <p class='ocr_par' dir='ltr' id='par_1_97' title="bbox 554 5016 2153 5088">
     <span class='ocr_line' id='line_1_97' title="bbox 554 5016 2153 5088; baseline 0.008 -21"><span class='ocrx_word' id='word_1_779' title='bbox 554 5021 838 5079; x_wconf 78' lang='lat' dir='ltr'><strong>rerimtem,</strong></span> <span class='ocrx_word' id='word_1_780' title='bbox 856 5033 1014 5084; x_wconf 87' lang='lat' dir='ltr'><strong>quam</strong></span> <span class='ocrx_word' id='word_1_781' title='bbox 1040 5016 1090 5067; x_wconf 94' lang='lat' dir='ltr'><strong>hi</strong></span> <span class='ocrx_word' id='word_1_782' title='bbox 1118 5018 1434 5088; x_wconf 72' lang='lat' dir='ltr'><strong>Philosophi</strong></span> <span class='ocrx_word' id='word_1_783' title='bbox 1458 5036 1487 5072; x_wconf 88' lang='lat' dir='ltr'><strong>e</strong></span> <span class='ocrx_word' id='word_1_784' title='bbox 1510 5023 1615 5073; x_wconf 86' lang='lat' dir='ltr'><strong>vita</strong></span> <span class='ocrx_word' id='word_1_785' title='bbox 1643 5024 1920 5088; x_wconf 80' lang='lat' dir='ltr'><strong>tollebant,</strong></span> <span class='ocrx_word' id='word_1_786' title='bbox 1947 5026 2153 5080; x_wconf 83' lang='lat' dir='ltr'><strong>incerta</strong></span> 
     </span>
    </p>
   </div>
   <div class='ocr_carea' id='block_1_98' title="bbox 552 5087 2156 5159">
    <p class='ocr_par' dir='ltr' id='par_1_98' title="bbox 552 5087 2156 5159">
     <span class='ocr_line' id='line_1_98' title="bbox 552 5087 2156 5159; baseline 0.007 -20"><span class='ocrx_word' id='word_1_787' title='bbox 552 5088 735 5159; x_wconf 81' lang='lat' dir='ltr'><strong>omnia</strong></span> <span class='ocrx_word' id='word_1_788' title='bbox 764 5087 1029 5159; x_wconf 78' lang='lat' dir='ltr'><strong>dicentes,</strong></span> <span class='ocrx_word' id='word_1_789' title='bbox 1061 5098 1113 5137; x_wconf 90' lang='lat' dir='ltr'><strong>et</strong></span> <span class='ocrx_word' id='word_1_790' title='bbox 1142 5087 1497 5159; x_wconf 84' lang='lat' dir='ltr'><strong>ignorantiam</strong></span> <span class='ocrx_word' id='word_1_791' title='bbox 1531 5106 1711 5145; x_wconf 89' lang='lat' dir='ltr'><strong>rerum</strong></span> <span class='ocrx_word' id='word_1_792' title='bbox 1754 5087 2021 5159; x_wconf 86' lang='lat' dir='ltr'><strong>probabili</strong></span> <span class='ocrx_word' id='word_1_793' title='bbox 2068 5112 2156 5151; x_wconf 86' lang='lat' dir='ltr'><strong>as-</strong></span> 
     </span>
    </p>
   </div>
   <div class='ocr_carea' id='block_1_99' title="bbox 550 5156 2153 5226">
    <p class='ocr_par' dir='ltr' id='par_1_99' title="bbox 550 5156 2153 5226">
     <span class='ocr_line' id='line_1_99' title="bbox 550 5156 2153 5226; baseline 0.007 -17"><span class='ocrx_word' id='word_1_794' title='bbox 550 5156 816 5219; x_wconf 87' lang='lat' dir='ltr'><strong>sertione,</strong></span> <span class='ocrx_word' id='word_1_795' title='bbox 848 5158 960 5208; x_wconf 81' lang='lat' dir='ltr'><strong>sive</strong></span> <span class='ocrx_word' id='word_1_796' title='bbox 984 5158 1250 5226; x_wconf 81' lang='lat' dir='ltr'><strong>sententia</strong></span> <span class='ocrx_word' id='word_1_797' title='bbox 1280 5170 1659 5226; x_wconf 86' lang='lat' dir='ltr'><strong>temperantes.</strong></span> <span class='ocrx_word' id='word_1_798' title='bbox 1690 5156 1855 5218; x_wconf 86' lang='lat' dir='ltr'><strong>Porro</strong></span> <span class='ocrx_word' id='word_1_799' title='bbox 1883 5167 2153 5221; x_wconf 76' lang='lat' dir='ltr'><strong>Arcesilas</strong></span> 
     </span>
    </p>
   </div>
   <div class='ocr_carea' id='block_1_100' title="bbox 556 5224 2153 5297">
    <p class='ocr_par' dir='ltr' id='par_1_100' title="bbox 556 5224 2153 5297">
     <span class='ocr_line' id='line_1_100' title="bbox 556 5224 2153 5297; baseline 0.009 -19"><span class='ocrx_word' id='word_1_800' title='bbox 556 5238 779 5281; x_wconf 87' lang='lat' dir='ltr'><strong>vocatus</strong></span> <span class='ocrx_word' id='word_1_801' title='bbox 813 5238 889 5280; x_wconf 74' lang='grc' dir='ltr'><strong>εει</strong></span> <span class='ocrx_word' id='word_1_802' title='bbox 924 5224 1213 5291; x_wconf 74' lang='grc' dir='ltr'><strong>ταιίιιηιον,</strong></span> <span class='ocrx_word' id='word_1_803' title='bbox 1250 5224 1547 5297; x_wconf 85' lang='lat' dir='ltr'><strong>quodcum</strong></span> <span class='ocrx_word' id='word_1_804' title='bbox 1584 5231 1712 5287; x_wconf 93' lang='lat' dir='ltr'><strong>nihil</strong></span> <span class='ocrx_word' id='word_1_805' title='bbox 1747 5251 1804 5288; x_wconf 78' lang='lat' dir='ltr'><strong>se</strong></span> <span class='ocrx_word' id='word_1_806' title='bbox 1830 5238 1974 5292; x_wconf 89' lang='lat' dir='ltr'><strong>scire</strong></span> <span class='ocrx_word' id='word_1_807' title='bbox 2005 5238 2153 5293; x_wconf 87' lang='lat' dir='ltr'><strong>dice-</strong></span> 
     </span>
    </p>
   </div>
   <div class='ocr_carea' id='block_1_101' title="bbox 549 5297 2154 5369">
    <p class='ocr_par' dir='ltr' id='par_1_101' title="bbox 549 5297 2154 5369">
     <span class='ocr_line' id='line_1_101' title="bbox 549 5297 2154 5369; baseline 0.007 -18"><span class='ocrx_word' id='word_1_808' title='bbox 549 5308 654 5363; x_wconf 90' lang='lat' dir='ltr'><strong>ret,</strong></span> <span class='ocrx_word' id='word_1_809' title='bbox 683 5312 782 5352; x_wconf 89' lang='lat' dir='ltr'><strong>nec</strong></span> <span class='ocrx_word' id='word_1_810' title='bbox 808 5297 945 5351; x_wconf 69' lang='lat' dir='ltr'><strong>alios</strong></span> <span class='ocrx_word' id='word_1_811' title='bbox 974 5298 1265 5367; x_wconf 85' lang='lat' dir='ltr'><strong>quidquam</strong></span> <span class='ocrx_word' id='word_1_812' title='bbox 1299 5302 1438 5355; x_wconf 89' lang='lat' dir='ltr'><strong>scire</strong></span> <span class='ocrx_word' id='word_1_813' title='bbox 1462 5305 1787 5369; x_wconf 88' lang='lat' dir='ltr'><strong>patiebatur,</strong></span> <span class='ocrx_word' id='word_1_814' title='bbox 1821 5321 2008 5362; x_wconf 88' lang='lat' dir='ltr'><strong>omnes</strong></span> <span class='ocrx_word' id='word_1_815' title='bbox 2043 5318 2154 5362; x_wconf 86' lang='lat' dir='ltr'><strong>tur-</strong></span> 
     </span>
    </p>
   </div>
   <div class='ocr_carea' id='block_1_102' title="bbox 552 5369 2147 5437">
    <p class='ocr_par' dir='ltr' id='par_1_102' title="bbox 552 5369 2147 5437">
     <span class='ocr_line' id='line_1_102' title="bbox 552 5369 2147 5437; baseline 0.006 -15"><span class='ocrx_word' id='word_1_816' title='bbox 552 5372 706 5424; x_wconf 85' lang='lat' dir='ltr'><strong>baret</strong></span> <span class='ocrx_word' id='word_1_817' title='bbox 730 5369 1175 5437; x_wconf 75' lang='lat' dir='ltr'><strong>Sophismatibus.</strong></span> <span class='ocrx_word' id='word_1_818' title='bbox 1216 5370 1348 5425; x_wconf 83' lang='lat' dir='ltr'><strong>Vide</strong></span> <span class='ocrx_word' id='word_1_819' title='bbox 1373 5369 1547 5426; x_wconf 89' lang='lat' dir='ltr'><strong>Cicer.</strong></span> <span class='ocrx_word' id='word_1_820' title='bbox 1579 5376 1671 5427; x_wconf 89' lang='lat' dir='ltr'><strong>lib.</strong></span> <span class='ocrx_word' id='word_1_821' title='bbox 1715 5390 1750 5427; x_wconf 88' lang='lat' dir='ltr'><strong>ll</strong></span> <span class='ocrx_word' id='word_1_822' title='bbox 1792 5377 1859 5429; x_wconf 89' lang='lat' dir='ltr'><strong>de</strong></span> <span class='ocrx_word' id='word_1_823' title='bbox 1899 5377 2147 5432; x_wconf 86' lang='lat' dir='ltr'><strong>Finibus.</strong></span> 
     </span>
    </p>
   </div>
   <div class='ocr_carea' id='block_1_103' title="bbox 550 5439 2148 5515">
    <p class='ocr_par' dir='ltr' id='par_1_103' title="bbox 550 5439 2148 5515">
     <span class='ocr_line' id='line_1_103' title="bbox 550 5439 2148 5515; baseline 0.006 -22"><span class='ocrx_word' id='word_1_824' title='bbox 550 5443 586 5493; x_wconf 83' lang='lat' dir='ltr'><strong>A</strong></span> <span class='ocrx_word' id='word_1_825' title='bbox 618 5439 899 5515; x_wconf 64' lang='lat' dir='ltr'><strong>Carneade</strong></span> <span class='ocrx_word' id='word_1_826' title='bbox 930 5440 1169 5515; x_wconf 79' lang='lat' dir='ltr'><strong>caventlu</strong></span> <span class='ocrx_word' id='word_1_827' title='bbox 1195 5457 1224 5493; x_wconf 84' lang='grc' dir='ltr'><strong>ιι</strong></span> <span class='ocrx_word' id='word_1_828' title='bbox 1272 5442 1484 5515; x_wconf 76' lang='lat' dir='ltr'><strong>dicebat</strong></span> <span class='ocrx_word' id='word_1_829' title='bbox 1535 5444 1600 5515; x_wconf 80' lang='grc' dir='ltr'><strong>Μ.</strong></span> <span class='ocrx_word' id='word_1_830' title='bbox 1632 5444 1767 5497; x_wconf 84' lang='lat' dir='ltr'><strong>Cato</strong></span> <span class='ocrx_word' id='word_1_831' title='bbox 1810 5448 1861 5497; x_wconf 89' lang='lat' dir='ltr'><strong>in</strong></span> <span class='ocrx_word' id='word_1_832' title='bbox 1904 5447 2106 5501; x_wconf 89' lang='lat' dir='ltr'><strong>Senatu</strong></span> <span class='ocrx_word' id='word_1_833' title='bbox 2134 5490 2148 5515; x_wconf 94' lang='lat'><strong>,</strong></span> 
     </span>
    </p>
   </div>
   <div class='ocr_carea' id='block_1_104' title="bbox 547 5510 2151 5580">
    <p class='ocr_par' dir='ltr' id='par_1_104' title="bbox 547 5510 2151 5580">
     <span class='ocr_line' id='line_1_104' title="bbox 547 5510 2151 5580; baseline 0.007 -19"><span class='ocrx_word' id='word_1_834' title='bbox 547 5510 672 5580; x_wconf 91' lang='lat' dir='ltr'><strong>quia</strong></span> <span class='ocrx_word' id='word_1_835' title='bbox 696 5511 767 5564; x_wconf 88' lang='lat' dir='ltr'><strong>ob</strong></span> <span class='ocrx_word' id='word_1_836' title='bbox 793 5512 1179 5579; x_wconf 80' lang='lat' dir='ltr'><strong>eloquentiam,</strong></span> <span class='ocrx_word' id='word_1_837' title='bbox 1206 5520 1261 5566; x_wconf 89' lang='lat' dir='ltr'><strong>et</strong></span> <span class='ocrx_word' id='word_1_838' title='bbox 1282 5512 1591 5567; x_wconf 86' lang='lat' dir='ltr'><strong>disserendi</strong></span> <span class='ocrx_word' id='word_1_839' title='bbox 1624 5515 1956 5577; x_wconf 85' lang='lat' dir='ltr'><strong>facultatem,</strong></span> <span class='ocrx_word' id='word_1_840' title='bbox 1990 5510 2151 5573; x_wconf 83' lang='lat' dir='ltr'><strong>facile</strong></span> 
     </span>
    </p>
   </div>
   <div class='ocr_carea' id='block_1_105' title="bbox 547 5581 2148 5651">
    <p class='ocr_par' dir='ltr' id='par_1_105' title="bbox 547 5581 2148 5651">
     <span class='ocr_line' id='line_1_105' title="bbox 547 5581 2148 5651; baseline 0.007 -20"><span class='ocrx_word' id='word_1_841' title='bbox 547 5596 905 5648; x_wconf 73' lang='lat' dir='ltr'><strong>quzecuntqtte</strong></span> <span class='ocrx_word' id='word_1_842' title='bbox 950 5581 1134 5645; x_wconf 88' lang='lat' dir='ltr'><strong>vellet,</strong></span> <span class='ocrx_word' id='word_1_843' title='bbox 1186 5584 1480 5651; x_wconf 88' lang='lat' dir='ltr'><strong>impetrare</strong></span> <span class='ocrx_word' id='word_1_844' title='bbox 1513 5594 1718 5649; x_wconf 90' lang='lat' dir='ltr'><strong>posset.</strong></span> <span class='ocrx_word' id='word_1_845' title='bbox 1750 5583 1885 5637; x_wconf 85' lang='lat' dir='ltr'><strong>Vide</strong></span> <span class='ocrx_word' id='word_1_846' title='bbox 1913 5584 2148 5643; x_wconf 81' lang='lat' dir='ltr'><strong>Gellium</strong></span> 
     </span>
    </p>
   </div>
   <div class='ocr_carea' id='block_1_106' title="bbox 552 5650 2147 5715">
    <p class='ocr_par' dir='ltr' id='par_1_106' title="bbox 552 5650 2147 5715">
     <span class='ocr_line' id='line_1_106' title="bbox 552 5650 2147 5715; baseline 0.009 -15"><span class='ocrx_word' id='word_1_847' title='bbox 552 5651 646 5702; x_wconf 72' lang='lat' dir='ltr'><strong>liti.</strong></span> <span class='ocrx_word' id='word_1_848' title='bbox 684 5664 769 5702; x_wconf 79' lang='lat' dir='ltr'><strong>xw</strong></span> <span class='ocrx_word' id='word_1_849' title='bbox 798 5657 851 5701; x_wconf 88' lang='lat' dir='ltr'><strong>et</strong></span> <span class='ocrx_word' id='word_1_850' title='bbox 894 5650 1311 5715; x_wconf 85' lang='lat' dir='ltr'><strong>Quintilianum.</strong></span> <span class='ocrx_word' id='word_1_851' title='bbox 1354 5652 1627 5705; x_wconf 71' lang='lat' dir='ltr'><strong>MARTIAN.</strong></span> <span class='ocrx_word' id='word_1_852' title='bbox 1652 5680 1723 5691; x_wconf 91' lang='lat'><strong>—-</strong></span> <span class='ocrx_word' id='word_1_853' title='bbox 1756 5652 1831 5707; x_wconf 90' lang='lat' dir='ltr'><strong>lta</strong></span> <span class='ocrx_word' id='word_1_854' title='bbox 1876 5654 2147 5714; x_wconf 84' lang='lat' dir='ltr'><strong>Victorius</strong></span> 
     </span>
    </p>
   </div>
   <div class='ocr_carea' id='block_1_107' title="bbox 551 5720 2145 5797">
    <p class='ocr_par' dir='ltr' id='par_1_107' title="bbox 551 5720 2145 5797">
     <span class='ocr_line' id='line_1_107' title="bbox 551 5720 2145 5797; baseline 0.008 -28"><span class='ocrx_word' id='word_1_855' title='bbox 551 5720 799 5785; x_wconf 86' lang='lat' dir='ltr'><strong>reposuit</strong></span> <span class='ocrx_word' id='word_1_856' title='bbox 835 5734 935 5786; x_wconf 87' lang='lat' dir='ltr'><strong>ope</strong></span> <span class='ocrx_word' id='word_1_857' title='bbox 968 5735 1095 5773; x_wconf 89' lang='lat' dir='ltr'><strong>mss.</strong></span> <span class='ocrx_word' id='word_1_858' title='bbox 1149 5723 1542 5793; x_wconf 81' lang='lat' dir='ltr'><strong>exemplarium</strong></span> <span class='ocrx_word' id='word_1_859' title='bbox 1570 5762 1584 5788; x_wconf 96' lang='lat'><strong>,</strong></span> <span class='ocrx_word' id='word_1_860' title='bbox 1618 5738 1739 5778; x_wconf 90' lang='lat' dir='ltr'><strong>cum</strong></span> <span class='ocrx_word' id='word_1_861' title='bbox 1775 5732 1935 5779; x_wconf 81' lang='lat' dir='ltr'><strong>antea</strong></span> <span class='ocrx_word' id='word_1_862' title='bbox 1964 5736 2145 5797; x_wconf 85' lang='lat' dir='ltr'><strong>esset,</strong></span> 
     </span>
    </p>
   </div>
   <div class='ocr_carea' id='block_1_108' title="bbox 2264 4673 3847 4755">
    <p class='ocr_par' dir='ltr' id='par_1_108' title="bbox 2264 4673 3847 4755">
     <span class='ocr_line' id='line_1_108' title="bbox 2264 4673 3847 4755; baseline 0.01 -29"><span class='ocrx_word' id='word_1_863' title='bbox 2264 4673 2417 4755; x_wconf 51' lang='lat' dir='ltr'><strong>uitam</strong></span> <span class='ocrx_word' id='word_1_864' title='bbox 2442 4691 2469 4727; x_wconf 85' lang='lat' dir='ltr'><strong>e</strong></span> <span class='ocrx_word' id='word_1_865' title='bbox 2495 4680 2618 4755; x_wconf 59' lang='lat' dir='ltr'><strong>vita.</strong></span> <span class='ocrx_word' id='word_1_866' title='bbox 2653 4677 2964 4755; x_wconf 76' lang='lat' dir='ltr'><strong>Lectionem</strong></span> <span class='ocrx_word' id='word_1_867' title='bbox 3010 4681 3456 4755; x_wconf 79' lang='lat' dir='ltr'><strong>probatinsuper</strong></span> <span class='ocrx_word' id='word_1_868' title='bbox 3485 4687 3743 4743; x_wconf 63' lang='lat' dir='ltr'><strong>Arcesilae</strong></span> <span class='ocrx_word' id='word_1_869' title='bbox 3793 4694 3847 4742; x_wconf 85' lang='lat' dir='ltr'><strong>et</strong></span> 
     </span>
    </p>
   </div>
   <div class='ocr_carea' id='block_1_109' title="bbox 2260 4744 3845 4819">
    <p class='ocr_par' dir='ltr' id='par_1_109' title="bbox 2260 4744 3845 4819">
     <span class='ocr_line' id='line_1_109' title="bbox 2260 4744 3845 4819; baseline 0.009 -22"><span class='ocrx_word' id='word_1_870' title='bbox 2260 4744 2558 4799; x_wconf 84' lang='lat' dir='ltr'><strong>Carneadis</strong></span> <span class='ocrx_word' id='word_1_871' title='bbox 2588 4748 2883 4816; x_wconf 84' lang='lat' dir='ltr'><strong>ingenium,</strong></span> <span class='ocrx_word' id='word_1_872' title='bbox 2907 4744 3137 4819; x_wconf 72' lang='lat' dir='ltr'><strong>quorum</strong></span> <span class='ocrx_word' id='word_1_873' title='bbox 3166 4753 3306 4810; x_wconf 89' lang='lat' dir='ltr'><strong>alter</strong></span> <span class='ocrx_word' id='word_1_874' title='bbox 3332 4744 3522 4812; x_wconf 75' lang='lat' dir='ltr'><strong>media:</strong></span> <span class='ocrx_word' id='word_1_875' title='bbox 3546 4758 3845 4814; x_wconf 65' lang='lat' dir='ltr'><strong>Academia:</strong></span> 
     </span>
    </p>
   </div>
   <div class='ocr_carea' id='block_1_110' title="bbox 2260 4818 3261 4893">
    <p class='ocr_par' dir='ltr' id='par_1_110' title="bbox 2260 4818 3261 4893">
     <span class='ocr_line' id='line_1_110' title="bbox 2260 4818 3261 4893; baseline 0.015 -29"><span class='ocrx_word' id='word_1_876' title='bbox 2260 4825 2449 4893; x_wconf 76' lang='lat' dir='ltr'><strong>auctor</strong></span> <span class='ocrx_word' id='word_1_877' title='bbox 2474 4827 2557 4871; x_wconf 90' lang='lat' dir='ltr'><strong>est</strong></span> <span class='ocrx_word' id='word_1_878' title='bbox 2574 4857 2604 4893; x_wconf 26' lang='grc' dir='ltr'><strong>,Α</strong></span> <span class='ocrx_word' id='word_1_879' title='bbox 2622 4818 2761 4872; x_wconf 90' lang='lat' dir='ltr'><strong>alter</strong></span> <span class='ocrx_word' id='word_1_880' title='bbox 2784 4821 2963 4893; x_wconf 74' lang='lat' dir='ltr'><strong>tertia:</strong></span> <span class='ocrx_word' id='word_1_881' title='bbox 2992 4822 3261 4893; x_wconf 88' lang='lat' dir='ltr'><strong>princeps.</strong></span> 
     </span>
    </p>
   </div>
   <div class='ocr_carea' id='block_1_111' title="bbox 2335 4887 3845 4968">
    <p class='ocr_par' dir='ltr' id='par_1_111' title="bbox 2335 4887 3845 4968">
     <span class='ocr_line' id='line_1_111' title="bbox 2335 4887 3845 4968; baseline 0.011 -30"><span class='ocrx_word' id='word_1_882' title='bbox 2335 4896 2356 4923; x_wconf 72' lang='grc' dir='ltr'><strong><em>ο</em></strong></span> <span class='ocrx_word' id='word_1_883' title='bbox 2381 4887 2445 4968; x_wconf 12' lang='lat' dir='ltr'><strong>VIo</strong></span> <span class='ocrx_word' id='word_1_884' title='bbox 2481 4888 2861 4968; x_wconf 80' lang='lat' dir='ltr'><strong>tertio_autem</strong></span> <span class='ocrx_word' id='word_1_885' title='bbox 2906 4887 3047 4945; x_wconf 82' lang='lat' dir='ltr'><strong>libro</strong></span> <span class='ocrx_word' id='word_1_886' title='bbox 3088 4887 3274 4964; x_wconf 75' lang='lat' dir='ltr'><strong>aperte</strong></span> <span class='ocrx_word' id='word_1_887' title='bbox 3313 4908 3494 4967; x_wconf 86' lang='lat' dir='ltr'><strong>negat,</strong></span> <span class='ocrx_word' id='word_1_888' title='bbox 3525 4900 3783 4968; x_wconf 87' lang='lat' dir='ltr'><strong>scriptum</strong></span> <span class='ocrx_word' id='word_1_889' title='bbox 3816 4914 3845 4954; x_wconf 80' lang='grc' dir='ltr'><strong>ιι</strong></span> 
     </span>
    </p>
   </div>
   <div class='ocr_carea' id='block_1_112' title="bbox 2260 4954 3842 5038">
    <p class='ocr_par' dir='ltr' id='par_1_112' title="bbox 2260 4954 3842 5038">
     <span class='ocr_line' id='line_1_112' title="bbox 2260 4954 3842 5038; baseline 0.009 -30"><span class='ocrx_word' id='word_1_890' title='bbox 2260 4954 2549 5038; x_wconf 52' lang='lat' dir='ltr'><strong>Lactantio</strong></span> <span class='ocrx_word' id='word_1_891' title='bbox 2580 4959 2814 5038; x_wconf 72' lang='lat' dir='ltr'><strong>animam</strong></span> <span class='ocrx_word' id='word_1_892' title='bbox 2836 4954 3262 5038; x_wconf 56' lang='grc' dir='ltr'><strong>ςδσῖτςιρομῖνην,</strong></span> <span class='ocrx_word' id='word_1_893' title='bbox 3297 4968 3346 5021; x_wconf 93' lang='lat' dir='ltr'><strong>id</strong></span> <span class='ocrx_word' id='word_1_894' title='bbox 3372 4954 3452 5023; x_wconf 67' lang='grc' dir='ltr'><strong>δἐι</strong></span> <span class='ocrx_word' id='word_1_895' title='bbox 3474 4954 3842 5035; x_wconf 62' lang='grc' dir='ltr'><strong>ἓίηιιιίδαιαηι,</strong></span> 
     </span>
    </p>
   </div>
   <div class='ocr_carea' id='block_1_113' title="bbox 2258 5029 3845 5095">
    <p class='ocr_par' dir='ltr' id='par_1_113' title="bbox 2258 5029 3845 5095">
     <span class='ocr_line' id='line_1_113' title="bbox 2258 5029 3845 5095; baseline 0.011 -19"><span class='ocrx_word' id='word_1_896' title='bbox 2258 5035 2351 5079; x_wconf 90' lang='lat' dir='ltr'><strong>aut</strong></span> <span class='ocrx_word' id='word_1_897' title='bbox 2380 5042 2473 5093; x_wconf 90' lang='lat' dir='ltr'><strong>per</strong></span> <span class='ocrx_word' id='word_1_898' title='bbox 2501 5029 2801 5085; x_wconf 86' lang='lat' dir='ltr'><strong>traducem.</strong></span> <span class='ocrx_word' id='word_1_899' title='bbox 2835 5029 3039 5089; x_wconf 73' lang='lat' dir='ltr'><strong>Scribis</strong></span> <span class='ocrx_word' id='word_1_900' title='bbox 3059 5029 3159 5089; x_wconf 69' lang='lat' dir='ltr'><strong>tres</strong></span> <span class='ocrx_word' id='word_1_901' title='bbox 3188 5042 3253 5091; x_wconf 85' lang='lat' dir='ltr'><strong>de</strong></span> <span class='ocrx_word' id='word_1_902' title='bbox 3282 5039 3555 5093; x_wconf 83' lang='lat' dir='ltr'><strong>animabus</strong></span> <span class='ocrx_word' id='word_1_903' title='bbox 3584 5057 3691 5095; x_wconf 80' lang='lat' dir='ltr'><strong>esse</strong></span> <span class='ocrx_word' id='word_1_904' title='bbox 3731 5029 3845 5094; x_wconf 50' lang='lat' dir='ltr'><strong>seu;</strong></span> 
     </span>
    </p>
   </div>
   <div class='ocr_carea' id='block_1_114' title="bbox 2259 5100 3845 5181">
    <p class='ocr_par' dir='ltr' id='par_1_114' title="bbox 2259 5100 3845 5181">
     <span class='ocr_line' id='line_1_114' title="bbox 2259 5100 3845 5181; baseline 0.01 -34"><span class='ocrx_word' id='word_1_905' title='bbox 2259 5100 2484 5181; x_wconf 43' lang='lat' dir='ltr'><strong>tentias}.</strong></span> <span class='ocrx_word' id='word_1_906' title='bbox 2502 5115 2678 5166; x_wconf 87' lang='lat' dir='ltr'><strong>unam,</strong></span> <span class='ocrx_word' id='word_1_907' title='bbox 2708 5118 2861 5181; x_wconf 70' lang='lat' dir='ltr'><strong>quam</strong></span> <span class='ocrx_word' id='word_1_908' title='bbox 2888 5105 3427 5181; x_wconf 32' lang='lat' dir='ltr'><strong>seq‘uilurﬂrigenes;</strong></span> <span class='ocrx_word' id='word_1_909' title='bbox 3456 5113 3669 5165; x_wconf 87' lang='lat' dir='ltr'><strong>alteram</strong></span> <span class='ocrx_word' id='word_1_910' title='bbox 3691 5126 3845 5181; x_wconf 81' lang='lat' dir='ltr'><strong>quam</strong></span> 
     </span>
    </p>
   </div>
   <div class='ocr_carea' id='block_1_115' title="bbox 2258 5166 3847 5253">
    <p class='ocr_par' dir='ltr' id='par_1_115' title="bbox 2258 5166 3847 5253">
     <span class='ocr_line' id='line_1_115' title="bbox 2258 5166 3847 5253; baseline 0.011 -34"><span class='ocrx_word' id='word_1_911' title='bbox 2258 5166 3063 5253; x_wconf 30' lang='lat' dir='ltr'><strong>Tertullianius.et;Laetant&#39;ins,</strong></span> <span class='ocrx_word' id='word_1_912' title='bbox 3097 5177 3211 5231; x_wconf 84' lang='lat' dir='ltr'><strong>licet</strong></span> <span class='ocrx_word' id='word_1_913' title='bbox 3240 5166 3304 5253; x_wconf 59' lang='lat' dir='ltr'><strong>de</strong></span> <span class='ocrx_word' id='word_1_914' title='bbox 3324 5166 3603 5253; x_wconf 58' lang='lat' dir='ltr'><strong>_La:ctantio</strong></span> <span class='ocrx_word' id='word_1_915' title='bbox 3631 5166 3847 5253; x_wconf 43' lang='lat' dir='ltr'><strong>apertis:</strong></span> 
     </span>
    </p>
   </div>
   <div class='ocr_carea' id='block_1_116' title="bbox 2258 5239 3843 5313">
    <p class='ocr_par' dir='ltr' id='par_1_116' title="bbox 2258 5239 3843 5313">
     <span class='ocr_line' id='line_1_116' title="bbox 2258 5239 3843 5313; baseline 0.011 -24"><span class='ocrx_word' id='word_1_916' title='bbox 2258 5239 2382 5313; x_wconf 72' lang='lat' dir='ltr'><strong>sime</strong></span> <span class='ocrx_word' id='word_1_917' title='bbox 2404 5242 2689 5313; x_wconf 80' lang='lat' dir='ltr'><strong>mentiaris.</strong></span> <span class='ocrx_word' id='word_1_918' title='bbox 2714 5241 2788 5296; x_wconf 80' lang='lat' dir='ltr'><strong>Re</strong></span> <span class='ocrx_word' id='word_1_919' title='bbox 2815 5245 2929 5312; x_wconf 89' lang='lat' dir='ltr'><strong>ipsa</strong></span> <span class='ocrx_word' id='word_1_920' title='bbox 2961 5239 3057 5303; x_wconf 76' lang='lat' dir='ltr'><strong>lib.</strong></span> <span class='ocrx_word' id='word_1_921' title='bbox 3082 5262 3173 5309; x_wconf 83' lang='lat' dir='ltr'><strong>vn,</strong></span> <span class='ocrx_word' id='word_1_922' title='bbox 3205 5264 3259 5301; x_wconf 88' lang='grc' dir='ltr'>ιι.</span> <span class='ocrx_word' id='word_1_923' title='bbox 3286 5250 3369 5313; x_wconf 72' lang='grc'><strong>12,</strong></span> <span class='ocrx_word' id='word_1_924' title='bbox 3402 5239 3713 5306; x_wconf 78' lang='lat' dir='ltr'><strong>Lactantius</strong></span> <span class='ocrx_word' id='word_1_925' title='bbox 3742 5251 3843 5306; x_wconf 83' lang='lat' dir='ltr'><strong>sibi</strong></span> 
     </span>
    </p>
   </div>
   <div class='ocr_carea' id='block_1_117' title="bbox 2260 5309 3843 5387">
    <p class='ocr_par' dir='ltr' id='par_1_117' title="bbox 2260 5309 3843 5387">
     <span class='ocr_line' id='line_1_117' title="bbox 2260 5309 3843 5387; baseline 0.008 -26"><span class='ocrx_word' id='word_1_926' title='bbox 2260 5309 2600 5387; x_wconf 78' lang='lat' dir='ltr'><strong>probandum</strong></span> <span class='ocrx_word' id='word_1_927' title='bbox 2623 5316 2790 5387; x_wconf 81' lang='lat' dir='ltr'><strong>sumit</strong></span> <span class='ocrx_word' id='word_1_928' title='bbox 2816 5309 3053 5387; x_wconf 80' lang='lat' dir='ltr'><strong>animam</strong></span> <span class='ocrx_word' id='word_1_929' title='bbox 3084 5319 3332 5387; x_wconf 85' lang='lat' dir='ltr'><strong>originem</strong></span> <span class='ocrx_word' id='word_1_930' title='bbox 3358 5309 3562 5377; x_wconf 77' lang='lat' dir='ltr'><strong>trahere</strong></span> <span class='ocrx_word' id='word_1_931' title='bbox 3589 5324 3651 5377; x_wconf 83' lang='lat' dir='ltr'><strong>de</strong></span> <span class='ocrx_word' id='word_1_932' title='bbox 3677 5323 3800 5377; x_wconf 74' lang='lat' dir='ltr'><strong>caelo</strong></span> <span class='ocrx_word' id='word_1_933' title='bbox 3823 5336 3843 5374; x_wconf 94' lang='lat'><em>:</em></span> 
     </span>
    </p>
   </div>
   <div class='ocr_carea' id='block_1_118' title="bbox 2256 5381 3841 5457">
    <p class='ocr_par' dir='ltr' id='par_1_118' title="bbox 2256 5381 3841 5457">
     <span class='ocr_line' id='line_1_118' title="bbox 2256 5381 3841 5457; baseline 0.009 -26"><span class='ocrx_word' id='word_1_934' title='bbox 2256 5391 2418 5457; x_wconf 66' lang='lat' dir='ltr'><strong>atque</strong></span> <span class='ocrx_word' id='word_1_935' title='bbox 2448 5381 2580 5457; x_wconf 74' lang='lat' dir='ltr'><strong>adeo</strong></span> <span class='ocrx_word' id='word_1_936' title='bbox 2605 5384 2777 5457; x_wconf 82' lang='lat' dir='ltr'><strong>miror</strong></span> <span class='ocrx_word' id='word_1_937' title='bbox 2807 5388 2977 5456; x_wconf 85' lang='lat' dir='ltr'><strong>magis</strong></span> <span class='ocrx_word' id='word_1_938' title='bbox 2997 5430 3010 5450; x_wconf 94' lang='lat'><strong>,</strong></span> <span class='ocrx_word' id='word_1_939' title='bbox 3042 5381 3186 5441; x_wconf 72' lang='lat' dir='ltr'><strong>inter</strong></span> <span class='ocrx_word' id='word_1_940' title='bbox 3216 5394 3333 5457; x_wconf 90' lang='lat' dir='ltr'><strong>ejus</strong></span> <span class='ocrx_word' id='word_1_941' title='bbox 3364 5406 3586 5448; x_wconf 89' lang='lat' dir='ltr'><strong>errores</strong></span> <span class='ocrx_word' id='word_1_942' title='bbox 3614 5410 3643 5447; x_wconf 89' lang='lat' dir='ltr'><strong>a</strong></span> <span class='ocrx_word' id='word_1_943' title='bbox 3670 5392 3841 5447; x_wconf 83' lang='lat' dir='ltr'><strong>doctis</strong></span> 
     </span>
    </p>
   </div>
   <div class='ocr_carea' id='block_1_119' title="bbox 2256 5451 3839 5519">
    <p class='ocr_par' dir='ltr' id='par_1_119' title="bbox 2256 5451 3839 5519">
     <span class='ocr_line' id='line_1_119' title="bbox 2256 5451 3839 5519; baseline 0.008 -16"><span class='ocrx_word' id='word_1_944' title='bbox 2256 5451 2464 5519; x_wconf 87' lang='lat' dir='ltr'><strong>aliquot</strong></span> <span class='ocrx_word' id='word_1_945' title='bbox 2515 5454 2647 5506; x_wconf 88' lang='lat' dir='ltr'><strong>viris</strong></span> <span class='ocrx_word' id='word_1_946' title='bbox 2704 5451 2981 5511; x_wconf 76' lang='lat' dir='ltr'><strong>numerari</strong></span> <span class='ocrx_word' id='word_1_947' title='bbox 3029 5451 3307 5515; x_wconf 69' lang='lat' dir='ltr'><strong>traducem</strong></span> <span class='ocrx_word' id='word_1_948' title='bbox 3352 5463 3564 5517; x_wconf 74' lang='lat' dir='ltr'><strong>animm.</strong></span> <span class='ocrx_word' id='word_1_949' title='bbox 3591 5463 3839 5517; x_wconf 83' lang='lat' dir='ltr'><strong>Ruﬁnum</strong></span> 
     </span>
    </p>
   </div>
   <div class='ocr_carea' id='block_1_120' title="bbox 2253 5531 3839 5589">
    <p class='ocr_par' dir='ltr' id='par_1_120' title="bbox 2253 5531 3839 5589">
     <span class='ocr_line' id='line_1_120' title="bbox 2253 5531 3839 5589; baseline 0.01 -18"><span class='ocrx_word' id='word_1_950' title='bbox 2253 5534 2416 5589; x_wconf 87' lang='lat' dir='ltr'><strong>porro</strong></span> <span class='ocrx_word' id='word_1_951' title='bbox 2445 5538 2727 5587; x_wconf 72' lang='lat' dir='ltr'><strong>excusare,</strong></span> <span class='ocrx_word' id='word_1_952' title='bbox 2765 5542 2870 5579; x_wconf 90' lang='lat' dir='ltr'><strong>non</strong></span> <span class='ocrx_word' id='word_1_953' title='bbox 2917 5538 3001 5582; x_wconf 92' lang='lat' dir='ltr'><strong>est</strong></span> <span class='ocrx_word' id='word_1_954' title='bbox 3048 5531 3281 5585; x_wconf 88' lang='lat' dir='ltr'><strong>instituti</strong></span> <span class='ocrx_word' id='word_1_955' title='bbox 3318 5535 3521 5586; x_wconf 91' lang='lat' dir='ltr'><strong>nostri:</strong></span> <span class='ocrx_word' id='word_1_956' title='bbox 3553 5534 3839 5589; x_wconf 82' lang='lat' dir='ltr'><strong>maximam</strong></span> 
     </span>
    </p>
   </div>
   <div class='ocr_carea' id='block_1_121' title="bbox 2255 5592 3838 5675">
    <p class='ocr_par' dir='ltr' id='par_1_121' title="bbox 2255 5592 3838 5675">
     <span class='ocr_line' id='line_1_121' title="bbox 2255 5592 3838 5675; baseline 0.01 -32"><span class='ocrx_word' id='word_1_957' title='bbox 2255 5600 2461 5675; x_wconf 46' lang='lat' dir='ltr'><strong>path-tem</strong></span> <span class='ocrx_word' id='word_1_958' title='bbox 2496 5592 2927 5675; x_wconf 42' lang='lat' dir='ltr'><strong>Dcci&#39;f‘lentalium</strong></span> <span class='ocrx_word' id='word_1_959' title='bbox 2952 5640 2964 5661; x_wconf 93' lang='lat'><strong>,</strong></span> <span class='ocrx_word' id='word_1_960' title='bbox 3002 5602 3117 5669; x_wconf 90' lang='lat' dir='ltr'><strong>ipso</strong></span> <span class='ocrx_word' id='word_1_961' title='bbox 3142 5600 3472 5675; x_wconf 77' lang='lat' dir='ltr'><strong>Hieronymo</strong></span> <span class='ocrx_word' id='word_1_962' title='bbox 3507 5612 3647 5660; x_wconf 86' lang='lat' dir='ltr'><strong>teste</strong></span> <span class='ocrx_word' id='word_1_963' title='bbox 3675 5603 3838 5674; x_wconf 86' lang='lat' dir='ltr'><strong>epist.</strong></span> 
     </span>
    </p>
   </div>
   <div class='ocr_carea' id='block_1_122' title="bbox 2257 5661 3840 5745">
    <p class='ocr_par' dir='ltr' id='par_1_122' title="bbox 2257 5661 3840 5745">
     <span class='ocr_line' id='line_1_122' title="bbox 2257 5661 3840 5745; baseline 0.011 -33"><span class='ocrx_word' id='word_1_964' title='bbox 2257 5661 2378 5745; x_wconf 56' lang='lat' dir='ltr'><strong>tab,</strong></span> <span class='ocrx_word' id='word_1_965' title='bbox 2398 5670 2599 5745; x_wconf 55' lang='lat' dir='ltr'><strong>preter</strong></span> <span class='ocrx_word' id='word_1_966' title='bbox 2616 5661 3139 5745; x_wconf 57' lang='lat' dir='ltr'><strong>&#39;i‘ertulliamtm&#39;etA</strong></span> <span class='ocrx_word' id='word_1_967' title='bbox 3151 5661 3469 5745; x_wconf 44' lang='lat' dir='ltr'><strong>pollina’rem</strong></span> <span class='ocrx_word' id='word_1_968' title='bbox 3494 5690 3589 5742; x_wconf 92' lang='lat' dir='ltr'><strong>pro</strong></span> <span class='ocrx_word' id='word_1_969' title='bbox 3612 5690 3672 5730; x_wconf 84' lang='lat' dir='ltr'><strong>se</strong></span> <span class='ocrx_word' id='word_1_970' title='bbox 3696 5661 3840 5745; x_wconf 74' lang='lat' dir='ltr'><strong>pres-</strong></span> 
     </span>
    </p>
   </div>
   <div class='ocr_carea' id='block_1_123' title="bbox 2250 5732 3376 5809">
    <p class='ocr_par' dir='ltr' id='par_1_123' title="bbox 2250 5732 3376 5809">
     <span class='ocr_line' id='line_1_123' title="bbox 2250 5732 3376 5809; baseline 0.012 -25"><span class='ocrx_word' id='word_1_971' title='bbox 2250 5732 2405 5801; x_wconf 85' lang='lat' dir='ltr'><strong>byter</strong></span> <span class='ocrx_word' id='word_1_972' title='bbox 2437 5734 2798 5802; x_wconf 88' lang='lat' dir='ltr'><strong>Aquileiensis</strong></span> <span class='ocrx_word' id='word_1_973' title='bbox 2838 5737 3060 5794; x_wconf 87' lang='lat' dir='ltr'><strong>laudare</strong></span> <span class='ocrx_word' id='word_1_974' title='bbox 3094 5732 3376 5809; x_wconf 82' lang='lat' dir='ltr'><strong>potuisset.</strong></span> 
     </span>
    </p>
   </div>
  </div>
