4054 6362
434 357 542 413 455
1667 352 1726 410 S.
1770 348 2043 409 EUSEBH

2153 349 2470 406 ’EBONYMI
3627 345 3744 403 456

437 471 699 527 translata
743 476 892 533 sunt,
925 481 1064 537 pene
1109 467 1290 522 omnia
1339 465 1500 521 mala.
1554 465 1823 536 Quidquid
1871 466 2032 536 igitur
2059 469 2113 528 Α
2139 465 2838 528 nmnstraveritexercitus,
2866 472 2992 517 tunc
3019 478 3208 518 rursus
3234 480 3297 519 ex
3329 465 3434 520 alio
3464 465 3749 534 principio

437 564 640 617 malum
677 561 733 614 in
774 559 1134 615 translatione
1177 570 1578 625 nronstravero,
1611 557 2026 629 tibiimputabi-

436 663 542 718 tur,
577 656 668 722 qui
721 651 855 706 illud
906 666 1006 721 pro
1056 652 1202 706 bono
1245 650 1588 706 transtulisti.
1637 650 1796 706 Aliud
1842 659 1955 716 est,
1986 651 2036 706 si

435 747 656 817 iniquus
707 759 905 801 censor
950 743 1199 815 ejusdem
1245 743 1492 797 criminis
1522 751 1544 778 θ
1578 756 1725 808 reus,
1783 742 1918 795 alios
1965 741 2036 797 de

437 846 630 894 senatu
663 837 855 907 pellis,
883 836 1020 891 alios
1055 835 1108 890 in
1137 836 1287 889 curia
1310 835 1533 890 retines.
1561 835 1664 890 Sed
1689 835 1844 901 dicis,
1868 853 1885 886 ‹
1908 833 2032 888 0m-

441 933 532 988 nia
562 939 772 986 mutare
795 945 900 985 non
929 937 1204 1001 poteram;
1235 928 1334 983 sed
1357 943 1418 984 ea
1452 939 1682 994 tantum,
1709 944 1829 998 quae
1852 927 2034 983 addita

437 1027 507 1081 ab
537 1025 812 1081 haereticis
857 1023 1194 1086 arbitrabar,
1227 1022 1358 1076 mihi
1391 1022 1720 1090 amputanda
1747 1019 1977 1075 credidi.
2010 1040 2029 1070 ι

437 1117 696 1174 Pulchre.
733 1116 787 1172 Si
810 1114 1102 1185 amputasti
1133 1128 1254 1184 quae
1283 1113 1470 1167 addita
1497 1113 1564 1168 ab
1594 1112 1866 1167 haereticis
1895 1111 2036 1166 exis-

442 1213 694 1278 timabas,
725 1225 858 1282 ergo
899 1225 1020 1281 qua:
1057 1208 1348 1278 reliquisti,
1382 1207 1501 1275 ejus
1523 1216 1652 1262 sunt
1677 1221 1836 1276 quem
1867 1206 2037 1261 inter-

439 1314 682 1374 pretatUs
709 1319 770 1359 es
824 1302 933 1374 [ΑΙ.
987 1299 1489 1372 interpretaharis];
1537 1299 1697 1373 503
1744 1299 2034 1368 responde,

441 1409 618 1454 utrum
650 1398 818 1465 bona,
851 1408 918 1452 an
962 1397 1100 1450 mala
1134 1395 1278 1450 sint?
1309 1394 1448 1449 Mala
1478 1392 1777 1449 transferre
1799 1409 1908 1447 non
1942 1407 2036 1461 po-

439 1501 604 1546 teras.
638 1491 817 1546 Semel
848 1489 1018 1554 enim,
1050 1504 1172 1559 quae
1192 1488 1261 1542 ab
1292 1486 1565 1542 haereticis
1586 1486 1768 1542 addita
1799 1485 2036 1550 fuerant,

441 1584 756 1653 amputasti.
789 1582 906 1637 Nisi
960 1582 1104 1638 forte
1154 1579 1537 1636 haereticorum
1575 1579 1715 1634 mala
1757 1585 2041 1648 amputare

446 1677 725 1742 debueris,
756 1682 812 1731 et
846 1674 1100 1745 Origenis
1126 1687 1342 1729 errores
1383 1673 1435 1727 in
1496 1671 1746 1727 Latinum
1799 1671 2040 1739 integros

444 1779 685 1825 vertere.
716 1768 813 1822 Die
849 1783 1000 1838 ergo,
1035 1780 1206 1837 quare
1236 1764 1488 1835 Origenis
1531 1764 1672 1818 mala
1704 1762 1756 1818 in
1791 1762 2039 1817 Lati-num

2137 561 2256 614 fieri
2297 559 2557 613 n'tundum
2589 559 2781 623 alitun,
2813 566 2867 612 et
2894 557 2998 611 alia
3043 572 3298 627 corpora,
3321 560 3518 629 quibus
3550 559 3747 614 laben—

2139 661 2218 706 tes
2245 651 2313 706 de
2339 653 2478 706 caelo
2500 651 2698 704 anima:
2718 649 3040 714 vestiantur,
3065 659 3122 703 ut
3139 649 3436 704 verendum
3459 650 3622 704 nobis
3643 650 3750 719 sit,

2137 759 2205 800 ne
2248 745 2340 816 qui
2382 759 2526 798 nunc
2571 743 2673 798 viri
2716 757 2925 808 sumus,
2959 751 3147 810 pestea
3177 757 3468 797 nascamur
3496 743 3550 796 in
3570 741 3748 797 femi-

2138 855 2270 905 nas;
2303 849 2355 892 et
2380 853 2497 906 qua:
2525 836 2690 892 hodie
2716 836 2889 906 virgo,
2924 844 3047 890 tunc
3076 834 3183 908 [AL
3209 834 3420 907 postea]
3447 834 3590 890 forte
3617 850 3753 905 pro-

2137 932 2396 986 stibulum
2434 930 2524 983 sit.
2556 928 2683 984 llaec
2734 928 2788 982 in
2836 927 3092 996 Origenis
3133 927 3291 982 libris
3340 941 3442 996 ego
3483 927 3750 983 haeretica

2137 1028 2311 1082 doceo
2345 1043 2357 1080 :
2391 1034 2445 1079 tu
2487 1023 2736 1086 ostende,
2773 1021 2826 1076 in
2863 1034 2970 1091 quo
2998 1019 3116 1089 ejus
3142 1034 3310 1089 opere
3350 1020 3434 1074 his
3464 1019 3750 1076 contraria

2137 1121 2356 1192 legeris.

2215 1213 2301 1266 15.
2338 1210 2445 1267 Sea:
2490 1209 2661 1262 millia
2715 1208 2964 1262 librorum
3007 1205 3358 1278 0rigenis.-—-
3384 1203 3520 1260 Nolo
3567 1203 3750 1272 dicas,

2139 1306 2270 1374 Quae
2296 1304 2364 1359 de
2395 1302 2602 1358 eisdem
2631 1301 2794 1356 rebus
2828 1301 2880 1354 in
2909 1299 3028 1354 aliis
3061 1299 3199 1353 locis
3228 1297 3474 1368 ejusdem
3500 1297 3750 1352 auctoris

2141 1399 2410 1454 catholico
2439 1397 2582 1451 dicta
2614 1396 2882 1465 legeram;
2913 1409 2978 1448 ne
3007 1408 3094 1447 me
3126 1393 3313 1446 mittas
3338 1391 3406 1446 ad
3441 1401 3463 1428 ο
3496 1406 3593 1446 seu
3621 1390 3756 1443 mil.

2140 1490 2210 1545 lia
2239 1490 2502 1543 librorum
2550 1486 2692 1557 ejus,-
2715 1499 2848 1554 quos
2879 1483 3079 1554 legisse
3109 1483 3328 1537 beatum
3375 1496 3572 1550 papam
3605 1479 3749 1550 Epi-

2141 1581 2400 1652 phaniam
2462 1578 2806 1642 criminaris;
2860 1576 2954 1631 scd
3007 1577 3127 1646 ipsa
3172 1576 3289 1629 loca
3340 1575 3562 1629 netnina
3596 1593 3609 1627 :
3646 1588 3759 1630 nee

2143 1669 2247 1729 hoc
2277 1671 2406 1727 mihi
2437 1668 2692 1734 sufficiet,
2727 1669 2832 1723 nisi
2860 1668 3054 1722 eadem
3083 1666 3228 1721 dicta
3263 1665 3328 1720 ad
3361 1666 3584 1722 verbum
3618 1681 3759 1736 pro-

2145 1765 2356 1819 tuleris.
2381 1763 2499 1818 Non
2527 1771 2612 1817 est
2653 1761 2830 1816 fatuus
2858 1761 3149 1830 Origenes.
3183 1770 3240 1814 et
3270 1774 3372 1828 rgo
3415 1758 3537 1813 novi
3569 1774 3582 1810 :
3611 1772 3758 1812 con-

445 1861 679 1917 verteris
712 1878 724 1914 :
749 1869 1108 1916 uta-lictorem
1135 1858 1260 1914 mali
1285 1857 1564 1928 proderes,
1590 1871 1655 1910 an
1683 1855 2043 1910 utlaudares?
2072 1862 2119 1922 Β
2151 1858 2316 1912 traria
2341 1855 2444 1912 sibi
2472 1855 2620 1924 loqui
2664 1869 2772 1908 non
2801 1860 2998 1922 potest.
3047 1851 3214 1922 Igitur
3241 1865 3311 1905 ex
3341 1851 3444 1905 hac
3483 1856 3763 1920 supputa-

446 1952 506 2008 Si
537 1953 721 2023 prodis
746 1994 760 2018 ,
789 1951 843 2006 in
874 1949 1189 2020 prmfatione
1221 1965 1318 2004 cur
1347 1947 1573 2004 laudas?
1603 1947 1658 2002 Si
1689 1946 1898 2012 laudas,
1932 1946 2043 2002 lue-

446 2045 650 2100 reticns
670 2043 1012 2113 approbatis.
1047 2041 1261 2104 Restat,
1287 2050 1343 2095 ut
1374 2041 1528 2111 quasi
1563 2040 1703 2095 bona
1731 2038 2038 2108 protuleris.

447 2135 504 2191 Si
531 2135 646 2189 hac
671 2135 855 2188 omnia
883 2134 1180 2204 probantur
1203 2132 1366 2199 mala,
1392 2132 1556 2202 igitur
1584 2132 1740 2186 unius
1761 2139 1818 2187 et
1841 2133 2044 2186 Auctor

445 2239 500 2285 et
546 2229 824 2299 lntorpres
867 2229 942 2284 rei
999 2228 1244 2283 criminis
1275 2237 1456 2294 erunt,
1485 2236 1539 2280 et
1591 2226 1906 2296 implebitur
1947 2225 2041 2280 illa

449 2322 716 2376 sententia
751 2338 762 2374 :
803 2319 1027 2375 Videbas
1071 2323 1240 2389 furem
1264 2357 1278 2384 ,
1313 2327 1359 2371 et
1406 2317 1648 2372 currebas
1693 2331 1809 2370 cum
1849 2331 1906 2370 eo
1941 2331 1958 2368 :
1997 2323 2044 2369 et

448 2425 564 2465 cum
587 2411 836 2466 adulteris
853 2414 1136 2480 portionem
1160 2420 1302 2464 luam
1313 2410 1532 2480 ponebas
1557 2408 1731 2480 (Psal.
1755 2422 1900 2473 χιιι,
1930 2405 2040 2477 18).

447 2501 567 2557 Non
597 2512 682 2557 est
722 2517 946 2559 necesse
977 2518 1094 2558 rem
1141 2502 1383 2571 planam,
1430 2502 1904 2571 argumentatione
1945 2499 2048 2555 du-

449 2595 595 2649 biam
650 2598 850 2652 facere.
884 2595 1040 2662 Quod
1088 2594 1352 2665 sequitur,
1395 2593 1739 2662 respondeat,
1778 2594 1919 2647 unde
1966 2592 2048 2647 illi

449 2688 522 2741 sit
544 2697 662 2742 orta
710 2688 972 2758 suspicio,
1003 2688 1120 2741 haec
1169 2687 1237 2740 ab
1278 2685 1551 2740 ltatretieis
1590 2685 1810 2739 addita?
1837 2703 1855 2737 ι
1885 2684 2043 2752 Quia,

451 2782 649 2850 inquit,
678 2781 747 2836 de
778 2780 985 2836 eisdem
1016 2781 1178 2834 rebus
1207 2781 1258 2834 in
1311 2779 1435 2832 aliis
1479 2779 1613 2832 locis
1646 2777 1890 2848 ejusdem
1922 2791 2050 2831 auc-

454 2874 588 2927 toris
613 2874 884 2928 catholico
913 2873 1117 2928 dictum
1148 2874 1404 2943 legeram.
1436 2890 1456 2922 ι

527 2963 614 3017 12.
661 2963 897 3033 Origem's
926 2965 1183 3017 lueretica.
1207 2994 1275 3002 —-
1308 2963 1618 3029 Videamus,
1647 2962 1788 3032 quod
1816 2962 2048 3032 printqu

456 3067 562 3122 est,
594 3068 648 3111 ut
681 3057 872 3112 ordine
899 3055 1112 3111 venerit
1136 3055 1200 3109 ad
1229 3055 1548 3109 secundum.
1574 3054 1752 3110 Probo
1779 3070 1880 3124 ego
1908 3055 2050 3108 inter

459 3150 622 3204 multa
657 3149 907 3219 Origeuis
949 3149 1113 3214 mala,
1141 3147 1167 3185 h
1199 3149 1314 3202 haec
1345 3150 1580 3204 maxime
1613 3149 1868 3203 lia-retice
1905 3166 1916 3200 :
1954 3148 2047 3202 Dei

2149 1950 2298 2016 tione
2328 1947 2420 2002 illa
2449 1959 2659 2000 summa
2687 1943 2794 2015 [AL
2826 1941 3120 2014 sententia]
3144 1943 3410 2006 nascitur,
3434 1956 3541 1995 non
3567 1940 3757 1995 hatre-

2150 2048 2382 2101 tieorum
2436 2058 2581 2106 esse,
2611 2055 2733 2112 qum
2783 2040 3099 2109 amputasti,
3139 2038 3236 2093 sed
3277 2036 3553 2106 Origenis,
3586 2035 3756 2104 cujus

2149 2137 2273 2192 ideo
2322 2137 2463 2191 mala
2514 2135 2898 2204 interpretatus
2944 2147 3026 2195 es,
3060 2133 3188 2200 quia
3231 2129 3430 2200 putasti
3482 2129 3761 2192 bona;et

2152 2229 2246 2284 tibi
2280 2216 2385 2282 tam
2440 2229 2605 2292 bona,
2635 2240 2794 2295 quam
2830 2224 2969 2277 mala
3024 2223 3172 2276 illius
3219 2220 3558 2292 imputanda,
3583 2222 3758 2290 cujus

2148 2320 2349 2391 scripta
2383 2321 2433 2372 in
2458 2319 2691 2388 Prologo
2716 2315 3108 2386 eomprobasti.

2223 2415 2309 2470 Η.
2359 2412 2602 2468 Hilarius
2656 2420 2706 2465 et
2755 2410 3050 2465 Ambrosius
3120 2408 3359 2482 Origenis
3404 2409 3748 2479 interpretes.

2151 2507 2417 2561 Anastasii
2446 2504 2668 2574 epistola
2697 2503 2764 2556 ad
2791 2503 3049 2556 Joannem
3098 2500 3651 2571 Ilierosolymitanunt.
3677 2528 3758 2542 -—

2150 2601 2408 2670 Sequitur
2455 2600 2508 2651 in
2551 2596 2744 2651 eadem
2773 2595 3037 2666 Apologia
3067 2613 3080 2649 :
3114 2614 3131 2647 ι
3162 2593 3410 2665 Origenis
3441 2610 3542 2665 ego
3570 2609 3757 2665 neque

2153 2694 2409 2748 defensor
2453 2705 2592 2756 sum,
2629 2704 2730 2745 nec
2761 2699 3025 2753 assertor,
3062 2701 3162 2743 nee
3218 2688 3424 2756 primus
3457 2687 3757 2757 interpres.

2153 2786 2258 2842 Alii
2279 2795 2404 2840 ante
2434 2799 2520 2838 me
2553 2786 2653 2838 hoc
2683 2783 2824 2837 idem
2857 2797 2994 2852 Opus
3027 2781 3276 2836 fecerunt
3303 2779 3411 2852 [Αἰ.
3444 2779 3706 2851 fecerant]
3739 2798 3758 2836 :

2155 2875 2334 2931 feciet
2361 2891 2462 2945 ego
2486 2886 2794 2945 postremus
2825 2881 3046 2943 rogatus
3063 2891 3090 2924 a
3115 2872 3397 2926 fratribus.
3423 2871 3481 2928 Si
3506 2872 3758 2942 jubctur,

2155 2984 2224 3024 ne
2257 2971 2371 3035 liat,
2399 2969 2574 3037 jussio
2603 2967 2884 3022 observari
2916 2961 2940 3002 ἀ
2973 2967 3114 3020 solet
3141 2966 3194 3019 in
3223 2975 3521 3035 posterum.
3551 2965 3608 3021 Si
3630 2966 3761 3020 cul-

2153 3071 2372 3132 pantur,
2396 3062 2487 3131 qui
2515 3071 2642 3115 ante
2668 3061 2974 3130 jussionem
3008 3060 3274 3126 fecerunt,
3309 3061 3469 3129 culpa
3499 3075 3527 3114 a
3562 3059 3759 3129 primis

2157 3153 2399 3223 incipiat.
2433 3171 2451 3205 ι
2482 3153 2722 3208 Tandem
2757 3151 3018 3216 evomuit,
3043 3151 3189 3220 quod
3227 3151 3462 3216 volebat,
3491 3160 3545 3205 et
3572 3151 3758 3206 omnis

456 3240 651 3294 Filium
702 3251 1044 3304 creaturam;
1090 3239 1350 3309 Spiritum
1395 3250 1642 3293 sanctum
1698 3239 2043 3304 ministrum;

2154 3247 2316 3301 animi
2351 3257 2532 3302 tumor
2558 3247 2610 3300 in
2637 3255 2837 3301 nostrae
2867 3245 3238 3300 accusationis
3259 3245 3435 3316 erupit
3465 3245 3754 3302 invidiam.

455 3333 688 3387 mundos
727 3332 1169 3395 innumerabiles,
1204 3332 1421 3386 aeternis
1451 3331 1549 3386 sibi
1599 3333 1814 3387 saeculis
1862 3348 2050 3389 succes-

452 3425 667 3479 dentes.
711 3424 948 3494 Angelos
991 3437 1176 3478 versos
1215 3424 1269 3478 in
1315 3425 1525 3478 animas
1575 3424 1853 3479 hominum
1892 3425 2050 3479 :ani-

455 3531 594 3568 mam
629 3515 927 3569 Salvatoris
972 3514 1140 3568 fuisse
1179 3525 1470 3583 antequam
1506 3529 1822 3569 nasceretur
1846 3531 1912 3569 ex
1939 3515 2051 3570 Ma-

454 3609 531 3660 ria
567 3626 579 3661 :
611 3617 666 3662 et
693 3609 830 3662 hanc
859 3623 1002 3673 esse,
1029 3623 1149 3676 quae
1177 3624 1297 3661 cum
1327 3609 1379 3660 in
1411 3609 1580 3662 forma
1615 3608 1708 3663 Dei
1739 3618 1907 3676 esset,
1940 3625 2047 3665 non

455 3709 537 3755 est
555 3703 796 3770 rapinam
815 3699 1080 3754 arbitrata
1097 3701 1358 3768 arqualem
1377 3715 1435 3754 se
1455 3715 1576 3754 esse
1593 3699 1940 3770 υθυ(ΡΙηιὶρ.
1963 3706 2046 3769 tt);

453 3793 546 3846 sed
592 3807 650 3848 se
697 3790 1014 3856 exinanivit,
1050 3791 1278 3845 formam
1310 3792 1454 3846 servi
1502 3792 1782 3860 accipiens
1815 3811 1829 3846 :
1862 3809 2048 3848 resur-

457 3886 756 3940 rectionem
785 3897 1094 3940 neStrorum
1137 3899 1426 3952 corporum
1457 3885 1536 3938 sic
1580 3885 1838 3949 futuratn,
1864 3895 1921 3939 ut
1952 3900 2046 3940 ea-

456 3977 580 4032 dem
611 3977 853 4031 membra
890 3989 997 4029 non
1042 3974 1315 4039 habeant;
1345 3975 1469 4044 quia
1504 3974 1848 4030 cessantibus
1879 3990 2051 4030 mem-

452 4072 679 4126 brorum
705 4069 924 4134 offieiis,
956 4067 1228 4138 superflua
1251 4069 1496 4123 metnbra
1528 4068 1825 4124 reddantur
1855 4089 1867 4125 :
1897 4070 2047 4139 ipsae

451 4179 558 4234 que
581 4179 809 4235 corpora
835 4163 1016 4218 tenuia
1037 4169 1093 4217 et
1122 4162 1387 4232 spiritalia
1413 4163 1668 4232 paulatim
1695 4177 2047 4228 evanescere,

454 4267 508 4311 et
539 4257 593 4310 in
623 4273 808 4312 auram
835 4266 1080 4320 tenuem,
1112 4266 1275 4325 atque
1310 4255 1362 4309 in
1397 4255 1624 4310 nilnlum
1655 4256 1909 4326 dissipari
1945 4274 1957 4310 :
1992 4256 2046 4311 in

457 4350 800 4405 restitutione
829 4348 1094 4414 omnium,
1125 4345 1342 4417 quando
1371 4345 1705 4416 indulgentia
1733 4346 2048 4416 principalis

459 4442 690 4506 venerit,
717 4438 1010 4495 Cherubim
1042 4448 1099 4494 et
1124 4437 1439 4506 Seraphim,
1469 4437 1742 4503 Thronos,
1777 4438 2048 4508 Principa-

452 4540 561 4595 tus,
603 4531 1030 4597 Dominationes,
1082 4529 1338 4597 Virtutes,
1374 4528 1702 4593 Potestates,
1736 4529 2048 4600 Archange-

2158 3339 2256 3394 Ubi
2303 3340 2693 3410 interpretatur
2743 3339 2913 3393 libros
2943 3343 3063 3415 περὶ
3091 3338 3318 3414 Ἀρχῶν,
3361 3353 3447 3393 me
3487 3337 3640 3409 sequi
3690 3352 3760 3396 se

2154 3433 2283 3487 dicit
2316 3451 2328 3488 :
2365 3433 2451 3487 ubi
2485 3443 2774 3486 accusatur
2805 3441 2904 3486 cur
2951 3431 3056 3486 hoc
3101 3431 3319 3496 fecerit,
3372 3445 3551 3486 meum
3602 3431 3760 3500 ponit

2154 3527 2490 3596 exemplum;
2521 3538 2572 3580 et
2604 3537 2847 3590 securus,
2875 3535 2928 3580 et
2959 3525 3281 3594 periclitans
3306 3524 3427 3578 sine
3454 3539 3541 3578 me
3569 3523 3758 3580 vivere

2155 3632 2261 3671 non
2313 3625 2509 3686 potest.
2545 3617 2738 3670 Audiat
2771 3616 2935 3686 igitur
2957 3615 3108 3687 quod
3160 3615 3375 3671 nescire
3404 3629 3464 3671 se
3507 3615 3755 3670 simulat.

2154 3709 2326 3765 Nemo
2358 3709 2452 3764 tibi
2483 3709 2693 3778 objicit,
2730 3725 2895 3778 quare
2924 3710 3216 3779 Origenem
3250 3710 3644 3778 interpretatus
3665 3721 3754 3776 es,

2152 3802 2360 3870 alioqui
2395 3802 2630 3856 Hilarius
2659 3815 2714 3856 et
2746 3802 3067 3858 Ambrosius
3100 3801 3202 3856 hoc
3238 3802 3466 3856 crimine
3489 3801 3759 3857 tenebun-

2155 3902 2276 3959 tur;
2319 3894 2415 3948 sed
2461 3895 2588 3964 quia
2635 3895 3024 3965 interpretatus
3075 3895 3372 3961 haeretica,
3413 3893 3757 3952 Praefationis

2165 3995 2269 4039 tua:
2295 3985 2452 4039 laude
2481 3986 2730 4040 firmasti.
2757 3986 2867 4054 Ego
2892 3985 3030 4054 ipse,
3055 4001 3215 4055 quem
3242 3986 3293 4040 in
3325 3985 3536 4040 crimen
3563 3998 3753 4052 vocas,

2153 4077 2230 4132 sic
2257 4074 2275 4148 [
2303 4077 2385 4130 Αι.
2432 4075 2576 4147 ideo]
2617 4076 2965 4146 septuaginta
3002 4077 3262 4131 Homilies
3312 4076 3433 4146 ejus
3473 4074 3751 4143 transtuli,

2152 4178 2207 4224 et
2237 4169 2496 4224 nonnulla
2522 4170 2590 4223 de
2611 4169 2820 4233 Tomis,
2858 4177 2914 4223 ut
2937 4179 2991 4224 et
3019 4170 3166 4224 mala
3199 4171 3250 4223 in
3281 4170 3546 4224 bonorum
3585 4169 3753 4222 inter-

2155 4261 2459 4330 pretatione
2483 4260 2644 4333 505
2663 4260 3064 4329 subtrahercm,
3083 4272 3135 4316 et
3153 4270 3342 4329 aperte
3368 4261 3417 4314 in
3452 4261 3604 4314 libris
3627 4263 3756 4334 περὶ

2153 4353 2357 4430 ’Δρχῶν
2401 4354 2466 4409 ad
2511 4354 2913 4425 coarguendam
2963 4355 3374 4410 translationem
3420 4364 3579 4418 tuam,
3608 4352 3750 4421 quid

2152 4446 2328 4502 lector
2375 4447 2593 4510 vitaret,
2626 4447 2998 4503 ostenderem.
3037 4447 3130 4502 Vis
3171 4449 3456 4518 Ot‘igcnem
3498 4447 3552 4500 in
3602 4445 3757 4502 Lati~

2153 4554 2281 4593 num
2317 4541 2566 4595 vertere?
2598 4539 2776 4595 l'lahes
2811 4540 3014 4594 multas
3042 4540 3296 4594 homilias
3325 4542 3442 4610 ejus
3463 4549 3514 4594 et
3543 4547 3751 4609 tomos,

453 4622 560 4688 los,
592 4619 846 4692 Angelos,
884 4623 1188 4690 Diabolum,
1217 4622 1521 4688 daemones,
1560 4622 1768 4677 animas
1796 4622 2043 4676 onmium

2153 4629 2204 4684 in
2247 4631 2446 4700 quibus
2493 4631 2715 4686 moralis
2743 4639 3007 4685 tractatur
3038 4633 3212 4697 locus,
3246 4642 3299 4685 et
3341 4632 3752 4701 Seripturarum

451 4713 759 4780 hominum,
791 4721 894 4768 tam
934 4713 1376 4782 christianorum,
1414 4729 1576 4784 quam
1629 4714 1966 4780 Judaeorum,
1993 4723 2050 4770 et

451 4804 770 4874 Gentilium,
795 4805 952 4861 unius
978 4806 1333 4874 conditionis,
1358 4815 1410 4861 et
1433 4821 1703 4862 mensuras
1727 4808 1861 4862 fore.
1882 4807 2047 4862 Cum-

450 4912 555 4968 que
577 4897 644 4951 ad
672 4897 924 4965 formam,
952 4910 1007 4953 et
1045 4898 1243 4953 libram
1284 4899 1557 4968 aequitatis
1586 4899 1957 4969 pervenerint,
1991 4907 2048 4955 et

448 4990 802 5047 rationabiles
846 5001 1125 5046 creaturas
1174 4989 1338 5062 504
1371 4991 1519 5047 omni
1572 5006 1868 5063 corporum
1911 4992 2046 5049 farce

447 5082 719 5151 deposita,
747 5095 922 5138 novus
946 5084 1016 5138 de
1055 5083 1241 5137 mundi
1272 5085 1468 5139 exsilio
1499 5086 1683 5155 populi
1711 5087 2044 5142 revertentis

524 5304 550 5330 η
584 5290 713 5346 Mihi
747 5285 1037 5357 legendum
1079 5286 1291 5358 videtur
1329 5290 1385 5341 in
1417 5291 1702 5345 accusandi
1732 5306 1882 5358 casu,
1907 5308 2037 5360 reos,

526 5379 681 5412 orum
707 5361 843 5412 alios
869 5355 1175 5412 damnaret.
1200 5345 1338 5411 alios
1368 5349 1694 5412 absolveret.

449 5379 681 5436 quorum
707 5361 843 5414 alios
869 5361 1175 5423 damnaret,
1200 5361 1338 5411 alios
1368 5361 1694 5415 absolveret.

521 5421 550 5473 1)
587 5431 716 5488 Vltle
743 5429 976 5504 qute__de
1003 5429 1250 5504 singulis
1302 5426 1452 5504 hisce
1478 5428 1739 5504 Origenis
1763 5435 2044 5492 erroribus

449 5505 686 5588 diximus
731 5497 797 5588 ait
844 5497 1134 5570 Theophili
1169 5497 1520 5569 Synodicam,
1551 5497 1606 5554 ei
1648 5501 1948 5570 Epistulam
1975 5509 2043 5563 ad

509 5577 546 5588 "
615 5588 627 5625 ι
759 5585 769 5624 ι
815 5605 828 5626 .

449 5575 854 5711 szilliriipégit
885 5643 1119 5711 fortasse
1160 5641 1356 5697 Rufino
1397 5652 1561 5709 ντεινθ
1606 5643 1914 5700 ίηίθυεθῑυδ
1967 5646 2046 5700 ¹⁰“

461 5707 580 5768 eus"
610 5707 711 5766 iste
738 5707 1023 5782 Epiphanii
1069 5714 1273 5767 Hmres.
1307 5707 1408 5780 64,7
1432 5725 1552 5781 quae
1591 5712 2043 5783 Origeuianorum

462 5785 566 5866 est,
603 5783 766 5867 ιιδξηιλ,
787 5785 876 5867 ϐξ,
909 5785 994 5867 ubi
1023 5785 1307 5867 Origettem
1334 5787 1505 5867 ipsum
1532 5786 2044 5867 alloqtl‘eliS.‘et‘“7ép

461 5852 602 5910 ἇστιν
627 5849 796 5910 me.
823 5849 848 5906 ὃ
870 5858 989 5933 περὶ
1009 5863 1104 5908 σοῦ
1119 5849 1323 5934 ξίδιται,
1345 5855 1422 5913 ὅτι
1443 5849 1818 5932 ἑξακισχὶλίονς
1841 5849 2047 5933 βίϐῗοιίς

2154 4722 2462 4791 panduntur
2495 4724 2751 4778 obscura.
2785 4724 2910 4778 llam
2939 4723 3348 4794 interpretare:
3385 4725 3502 4778 haec
3553 4739 3754 4794 rogan-

2154 4813 2296 4868 tibus
2321 4815 2517 4872 tribue.
2550 4815 2691 4883 Quid
2724 4816 2926 4884 primus
2958 4815 3113 4871 labor
3144 4825 3270 4872 tuus
3298 4817 3490 4886 incipit
3519 4815 3587 4869 ab
3613 4815 3756 4870 infa-

2154 4905 2294 4959 mia?
2319 4908 2424 4960 Cur
2452 4907 2818 4963 translaturus
2850 4907 3128 4971 haeretica,
3156 4909 3207 4962 in
3245 4909 3614 4964 defensionem
3657 4922 3755 4964 eo-

2151 5013 2270 5052 rum
2302 5000 2586 5068 praemittis
2615 5003 2769 5071 quasi
2804 5003 3061 5072 martyris
3105 5001 3325 5070 librum,
3362 5011 3418 5057 et
3458 5002 3510 5056 id
3546 5002 3750 5056 Roma-

2151 5090 2234 5146 nis
2285 5094 2506 5148 auribus
2553 5094 2786 5164 ingerls,
2835 5094 2978 5164 quod
3029 5092 3352 5149 translatum
3404 5105 3554 5150 totus
3597 5094 3755 5152 orbis

2149 5293 2543 5368 συνεγράψω,ίῶ
2569 5298 2898 5368 paratast-6w.
2926 5298 2989 5354 Si
3015 5299 3148 5352 enim
3179 5315 3355 5353 verum
3393 5308 3490 5362 est,
3519 5296 3661 5363 quod
3687 5299 3756 5353 de

2148 5366 2536 5438 terpei‘crebuit.
2571 5366 2667 5422 sex
2695 5369 2942 5422 librorum
2975 5370 3138 5423 millia
3159 5383 3190 5422 tt
3219 5380 3265 5424 le
3289 5387 3401 5424 esse
3429 5370 3748 5438 conscripta,

2149 5452 2178 5489 ο
2199 5437 2405 5505 infelix,
2422 5439 2521 5508 qui
2564 5439 2866 5492 inanissima
2893 5439 3188 5502 desudaris,
3210 5452 3316 5496 etc.
3341 5440 3618 5508 Nusquam
3637 5437 3754 5495 ’au-

2149 5515 2256 5561 tem
2284 5517 2378 5560 aut
2399 5507 2468 5562 de
2500 5509 2762 5564 librorum
2795 5526 3024 5564 numero
3047 5512 3340 5565 al‘flru‘tavit
3382 5507 3752 5579 Epiphanius,

2150 5580 2508 5650 auttotidem
2551 5596 2579 5632 a
2623 5595 2682 5634 se
2716 5581 2883 5634 lectos
2929 5582 3085 5636 dixit.
3135 5584 3331 5636 lterum
3379 5585 3536 5646 intra,
3582 5592 3756 5650 atque

2149 5648 2279 5722 alibi
2325 5650 2573 5722 eamdem
2607 5651 3088 5708 hallucinationem
3138 5654 3206 5706 ab
3239 5652 3540 5722 Epiphanio
3589 5648 3757 5710 cavet

2151 5717 2322 5792 Ilier.,
2355 5730 2410 5772 et
2438 5718 2632 5775 Ruﬁno
2662 5724 2974 5792 exprobrat.

2221 5789 2246 5828 ά
2280 5793 2432 5845 Alias
2462 5794 2592 5848 editi
2615 5789 2745 5848 eum
2767 5795 3100 5851 Coisliniano
3130 5811 3256 5861 ms.,
3287 5794 3541 5854 observari
3562 5794 3742 5856 debet.

2156 5861 2213 5920 In
2241 5862 2631 5936 Hieronymum
2663 5873 2773 5928 tota
2803 5866 2993 5930 ismare
3023 5866 3197 5932 oratio
3225 5877 3327 5929 est.

4039 635 4054 776 t

4036 819 4054 1086 ἓ

4035 1120 4054 1322 l

4035 1273 4054 1720 ἓ

4035 1721 4054 2867 ξ

4036 2931 4054 3610 1

4036 3637 4054 3788 ἶ

4051 4275 4054 4370 t

4051 4421 4054 4574 ¹
