4054 6358
337 293 441 351 457

1318 297 1657 355 APOLOGIA
1700 298 2072 358 ADVERSUS
2110 300 2358 358 LIBROS
2401 301 2653 358 RUFINI.

3534 313 3639 368 458

339 411 596 481 expavit?
628 412 734 466 Aut
781 420 930 467 certe
991 413 1035 467 si
1088 412 1206 469 ideo
1265 413 1666 483 interpretaris,
1706 422 1764 468 nt
1807 428 1931 468 eum
1961 417 2015 477 Α
2039 414 2290 470 homines
2319 414 2471 481 fore;
2503 416 2749 472 etmulta
2779 419 2885 474 alia
2921 427 3028 474 tam
3072 421 3236 490 Impia
3267 461 3280 485 ,
3311 429 3365 474 et
3405 422 3644 490 nefaria,

344 501 659 557 haereticum
704 518 922 574 arguas,
963 503 1097 559 nihil
1145 503 1214 559 de
1260 503 1449 560 erco
1495 513 1693 570 mutes,
1725 513 1782 558 et
1828 503 1934 558 hoc

339 593 517 664 ipsum
552 595 869 664 prtefatione
900 607 1119 665 testare,
1143 598 1285 670 quod
1322 596 1750 668 prudentissime
1789 598 1933 668 Papa

340 688 658 744 Anastasius
690 691 740 744 in
790 691 1039 761 epistola,
1072 709 1228 762 quam
1275 706 1468 749 contra
1529 704 1579 747 te
1633 693 1826 749 scribit
1865 693 1934 749 ad

340 783 656 854 episcopum
705 783 1112 851 J0annem,suo
1153 801 1411 841 sermone
1455 786 1773 855 complexus
1825 795 1930 855 est,

342 891 429 932 me
461 876 720 943 liberans,
745 879 833 948 qui
889 879 938 934 id
987 878 1112 948 feci,
1146 888 1202 934 et
1232 888 1283 933 te
1328 893 1584 948 arguens,
1619 879 1709 949 qui
1753 878 1935 936 facere

341 967 586 1022 noluisti.
617 967 695 1022 Ac
725 984 793 1023 ne
833 969 1053 1025 forsitan
1089 970 1192 1025 hoc
1236 985 1452 1040 quoque
1491 985 1654 1040 neges
1679 1010 1694 1036 ,
1727 971 1932 1040 snbjeei

342 1069 368 1098 ει
398 1062 704 1132 exemplum
738 1063 890 1133 ejus:
921 1075 978 1119 ut
1007 1065 1051 1118 si
1083 1079 1188 1120 non
1237 1064 1319 1118 vis
1349 1063 1534 1118 audire
1577 1062 1796 1118 fratrem
1822 1081 1936 1119 ttlU-

341 1152 800 1218 nentem,audias
843 1155 1158 1226 episcopum
1209 1153 1661 1210 condemnantem
1691 1153 1798 1227 [ΑΙ.
1839 1171 1932 1211 ca-

341 1245 698 1301 lumniantem
715 1247 755 1319 ].

411 1339 498 1393 15.
551 1338 777 1409 Ruﬁnus
821 1340 1056 1411 Origenis
1087 1342 1324 1411 defensor
1368 1343 1635 1413 probatur.
1677 1341 1936 1396 Eusebius

336 1433 650 1488 Arianorum
664 1436 925 1508 princeps.
948 1436 1124 1505 Ruﬁni
1137 1436 1376 1507 praefatio
1390 1438 1442 1491 in
1456 1437 1761 1510 Apologia»:
1781 1434 1940 1489 Pont-

334 1526 465 1595 phili
493 1545 585 1597 pro
614 1527 850 1599 Origene.
877 1559 948 1568 --
977 1529 1122 1584 Dicis
1159 1539 1211 1584 te
1257 1547 1364 1584 non
1410 1545 1534 1585 esse
1565 1532 1935 1596 defensorem,

334 1637 510 1690 neque
540 1632 864 1678 assertorem
903 1623 1152 1694 Origenis
1179 1642 1191 1678 :
1219 1625 1331 1695 jam
1365 1641 1511 1680 nunc
1537 1625 1632 1680 tibi
1664 1626 1936 1694 proferam

331 1712 528 1768 librum
551 1723 698 1769 tuntn
717 1714 782 1769 de
805 1731 911 1786 quo
933 1714 988 1770 in
1011 1715 1325 1771 famosailla
1354 1716 1771 1786 praefatiuncula
1800 1731 1940 1786 pra:-

2035 522 2156 577 qnae
2189 509 2354 563 etiam
2385 509 2648 577 replicare
2682 510 2754 564 sit
2797 512 3065 568 criminis.
3108 510 3250 578 Quid
3277 510 3440 566 faciet
3465 528 3645 570 asser-

2038 607 2122 653 tor
2148 599 2398 671 Origenis
2421 641 2434 666 ,
2482 610 2536 654 et
2569 600 2843 671 interpres
2885 602 3197 674 Pamphili?
3222 602 3279 658 Si
3311 604 3362 657 in
3393 603 3502 668 his,
3527 619 3648 674 qua:

2036 693 2384 760 emendavit,
2439 702 2584 748 tanta
2633 693 2969 764 blasphemia
3001 707 3112 762 est;
3158 697 3212 752 in
3267 696 3397 762 illis,
3431 713 3553 768 qua:
3576 697 3647 754 ab

2037 783 2312 840 haereticis
2343 783 2533 839 falsata
2575 787 2859 857 contingit,
2897 798 3100 858 quanta
3145 788 3434 861 sacrilegia
3464 791 3642 845 conti-

2037 875 2282 930 nentur?
2327 873 2496 946 Cujus
2545 877 2820 946 opinionis
2858 893 3077 934 causam
3127 880 3268 936 hanc
3299 883 3642 950 susmcatur,

2036 968 2178 1037 quod
2214 968 2296 1022 vir
2318 983 2492 1036 neque
2517 967 2739 1036 stultus,
2764 985 2939 1040 neque
2963 971 3186 1026 insanus
3212 971 3394 1028 dicere
3419 973 3522 1029 sibi
3554 990 3643 1029 re-

2038 1059 2336 1130 pugnantia
2378 1075 2486 1115 non
2531 1061 2791 1130 potuerit.
2839 1062 2907 1118 Et
2931 1064 3015 1132 ;ne
3053 1063 3282 1120 forsitan
3331 1075 3648 1136 putaremus

2037 1153 2276 1208 diversis
2324 1168 2448 1208 cum
2502 1154 2652 1208 varia
2703 1155 2991 1224 scripsisse
3046 1159 3409 1229 temporibus,
3463 1171 3516 1215 et
3546 1175 3648 1231 pro

2040 1245 2296 1300 aetatibus
2311 1244 2548 1300 edidisse
2570 1247 2870 1313 contraria,
2900 1247 3136 1304 addidit:
3176 1269 3194 1302 ι
3222 1250 3364 1318 Quid
3386 1251 3642 1320 facimus,

2041 1338 2183 1408 quod
2210 1337 2486 1392 interdum
2527 1338 2580 1392 in
2605 1338 2810 1394 eisdem
2843 1339 3000 1407 locis,
3055 1352 3240 1412 atque,
3288 1353 3346 1397 ut
3377 1342 3448 1396 ita
3491 1343 3646 1398 dixe-

2043 1433 2164 1500 rim,
2202 1433 2255 1486 in
2288 1433 2642 1501 consequenti
2693 1447 2830 1501 pene
2857 1437 3036 1503 capite
3064 1437 3336 1492 sententia
3383 1439 3646 1493 contrarii

2044 1539 2238 1580 sensus
2270 1524 2542 1580 invenitur
2567 1525 2812 1580 inserta?
2854 1525 3132 1598 Numquid
3159 1528 3212 1582 in
3243 1528 3436 1584 eodem
3477 1545 3647 1600 apere

2043 1617 2286 1687 ejusdem
2320 1616 2472 1683 libri,
2523 1627 2578 1673 et
2605 1617 2877 1673 interdum
2902 1660 2915 1684 ,
2966 1628 3023 1673 ut
3054 1619 3326 1690 diximus,
3359 1623 3540 1677 statim
3589 1623 3645 1679 in

2045 1709 2398 1780 consequenti
2432 1709 2691 1778 capitulo,
2743 1709 2946 1766 oblitus
2983 1711 3066 1766 sui
3099 1726 3224 1769 esse
3249 1713 3458 1784 potuit?
3482 1715 3647 1773 Verbi

331 1805 461 1859 clari
492 1808 675 1876 operis
708 1808 783 1862 tui
813 1807 897 1861 his
928 1809 1114 1862 verbis
1145 1807 1386 1878 loqueris
1418 1826 1430 1861 :
1466 1825 1485 1858 ε
1516 1805 1683 1876 Cujus
1704 1806 1932 1862 diversi-
1963 1806 2008 1866 Β
2035 1803 2230 1875 gratia,
2277 1810 2334 1857 ut
2359 1802 2450 1873 qui
2473 1803 2723 1873 superius
2749 1803 2983 1870 dixerat,
3033 1820 3299 1876 nusquam
3325 1806 3557 1864 inveniri
3582 1807 3638 1864 in

330 1897 451 1952 tatis
479 1913 706 1954 causam
738 1900 950 1969 plenius
982 1901 1074 1954 tibi
1101 1901 1153 1956 in
1176 1900 1552 1970 Apologetieo,
1579 1916 1737 1970 quem
1777 1898 1935 1952 Pam-

326 1991 507 2058 philus
527 1991 585 2047 in
606 1993 762 2048 libris
789 1995 902 2048 suis
927 1994 1146 2064 scripsit
1171 2034 1186 2060 ,
1215 1993 1488 2049 edidimus
1520 1994 1841 2049 brevissimo
1871 1993 1936 2046 li-

321 2082 469 2140 bello
497 2086 875 2155 superaddito,
905 2087 955 2138 in
987 2102 1094 2156 quo
1127 2086 1510 2148 evidentibus,
1552 2096 1611 2140 ut
1649 2086 1884 2140 arbitror
1915 2126 1930 2153 ,

321 2178 723 2247 probamentis,
748 2188 1040 2247 corruptos
1063 2192 1184 2232 esse
1213 2179 1263 2232 in
1296 2178 1710 2248 quamplurimis
1735 2179 1803 2233 ab
1824 2177 1936 2234 Ine-

322 2273 518 2326 retieis
541 2281 594 2326 et
638 2272 922 2326 malevolis
960 2271 1132 2326 libros
1180 2272 1296 2342 ejus
1327 2271 1688 2339 ostendimus,
1717 2281 1771 2327 et
1801 2286 1934 2341 prcc-

319 2364 486 2432 cipue
510 2363 669 2428 istos,
702 2377 840 2432 quos
876 2379 1021 2417 nunc
1053 2363 1232 2433 exigis
1265 2373 1319 2417 ut
1347 2363 1699 2432 interpreter,
1730 2362 1780 2416 id
1808 2370 1890 2416 est
1914 2398 1930 2431 ,

321 2458 449 2532 περὶ
478 2454 704 2529 Ἀρχῶν.
747 2475 766 2508 ›
802 2455 918 2510 Νοιι
951 2454 1043 2511 tibi
1079 2456 1370 2512 suffecerat
1403 2456 1648 2523 Eusebii,
1681 2457 1766 2510 vel
1787 2466 1934 2512 certe

324 2555 390 2602 ut
425 2557 482 2602 tu
513 2548 618 2614 vis,
650 2547 923 2618 Pamphili
958 2565 1056 2618 pro
1083 2549 1319 2619 Origene
1347 2548 1628 2614 defensio,
1663 2549 1766 2602 nisi
1789 2549 1932 2618 quod

325 2642 395 2697 ab
426 2641 536 2697 illis
569 2641 752 2697 minus
774 2642 977 2698 dictum
1012 2643 1264 2714 putabas,
1296 2655 1350 2699 tu
1374 2645 1532 2713 quasi
1557 2644 1856 2713 sapientior
1879 2652 1934 2698 et

325 2735 540 2790 doctior
565 2734 796 2792 adderes
820 2735 844 2789 ?
868 2735 1111 2806 Longum
1136 2743 1240 2802 est,
1273 2735 1318 2790 si
1342 2736 1501 2792 velim
1525 2745 1695 2790 totum
1731 2735 1927 2790 librum

328 2837 477 2883 tuum
507 2826 633 2883 huic
658 2829 811 2898 operi
843 2828 1107 2892 inserere,
1145 2837 1199 2883 et
1237 2827 1525 2899 propositis
1572 2825 1821 2896 capitulis
1861 2826 1928 2880 ad

326 2919 542 2990 singula
571 2920 930 2991 respondere,
959 2921 1088 2992 quid
1119 2922 1171 2975 in
1210 2921 1293 2976 bis
1326 2923 1583 2976 vitiorum
1616 2935 1796 2976 sermo
1832 2919 1929 2974 ha-

325 3011 491 3077 beat,
523 3011 649 3083 quid
711 3013 1124 3067 mendaciorum
1170 3013 1442 3078 assertio,
1492 3013 1618 3084 quid
1669 3013 1926 3068 inconse-

323 3119 502 3174 quens
538 3112 718 3161 textus
747 3105 864 3174 ipse
897 3105 1207 3162 verborum.
1244 3104 1398 3162 Unde
1427 3107 1701 3160 laciniosa:
1744 3105 1928 3175 diSpu-

2039 1896 2185 1950 omni
2208 1894 2511 1965 Scriptura,
2539 1896 2630 1950 ubi
2654 1894 2889 1966 Spiritus
2911 1907 3133 1953 sanctus
3157 1898 3354 1970 factus,
3383 1901 3466 1956 vel
3489 1916 3643 1957 crea-

2037 1999 2122 2045 tus
2153 2005 2275 2046 esse
2296 1989 2598 2056 diceretur,
2618 1989 2875 2046 continuo
2891 1992 3207 2062 subjiceret,
3241 1994 3386 2051 inter
3407 2004 3637 2052 easteras

2037 2093 2317 2138 creaturas
2357 2082 2560 2139 factum
2587 2099 2712 2139 esse
2758 2081 3022 2152 Spiritum
3068 2088 3358 2142 sanctum?
3401 2089 3511 2144 Aut
3539 2090 3641 2144 itc-

2038 2191 2179 2242 rum,
2225 2175 2317 2244 qui
2348 2174 2564 2230 Patrem
2587 2183 2640 2230 et
2671 2174 2865 2230 Filium
2901 2175 3061 2232 unius
3101 2177 3424 2234 substantiae
3451 2220 3466 2245 ,
3494 2179 3640 2248 quod

2037 2269 2228 2326 Graece
2255 2269 2520 2340 ὁμοοὺσιον
2549 2270 2769 2334 dicitur,
2802 2269 3105 2341 designavit
3133 2289 3144 2326 :
3176 2273 3230 2327 in
3258 2274 3642 2342 consequenti-

2036 2362 2136 2418 bus
2157 2364 2340 2417 statim
2361 2361 2610 2431 capitulis
2641 2361 2866 2417 alterius
2895 2377 3017 2419 esse
3037 2363 3381 2432 substantiae,
3404 2373 3461 2421 et
3489 2379 3642 2420 crea-

2038 2463 2149 2510 tum
2183 2465 2395 2524 poterat
2414 2455 2598 2512 dicere
2619 2471 2765 2522 eum,
2785 2472 2944 2528 quem
2971 2457 3130 2527 paulo
3159 2469 3287 2514 ante
3308 2458 3376 2514 de
3407 2459 3521 2528 ipsa
3548 2473 3643 2512 na-

2035 2553 2157 2601 tura
2195 2546 2290 2601 Dei
2323 2545 2500 2602 Patris
2527 2548 3218 2617 pronuntiaveratnatum?
3255 2567 3275 2602 ι

2109 2641 2195 2696 l6.
2219 2640 2475 2695 Eusebius
2496 2650 2542 2695 et
2567 2639 2822 2711 Didymus
2847 2641 2899 2694 iu
2913 2639 3155 2713 Origenis
3177 2642 3308 2696 scita
3328 2641 3636 2709 concedunt,

2030 2764 2101 2774 —
2124 2733 2250 2788 Haec
2283 2732 2448 2802 ipsius
2477 2735 2640 2788 verba
2671 2742 2828 2801 sunt,
2856 2747 3057 2804 negare
3097 2734 3258 2806 507
3305 2750 3412 2789 non
3442 2743 3638 2804 potest.

2030 2824 2168 2880 Nolo
2187 2825 2336 2880 dicas
2360 2843 2372 2878 :
2401 2824 2563 2880 Verbi
2587 2838 2776 2894 causa,
2805 2835 2860 2879 ut
2885 2826 2977 2896 qui
2999 2826 3253 2896 superius
3275 2827 3518 2893 dixerat;
3543 2828 3639 2883 sed

2029 2917 2203 2987 ipsum
2228 2917 2425 2972 librum
2456 2917 2697 2982 nomina,
2724 2917 2812 2971 ubi
2846 2916 2995 2986 prius
3015 2917 3153 2973 bene
3181 2916 3403 2984 dixerit,
3430 2928 3485 2974 et
3512 2933 3638 2988 pos-

2031 3017 2113 3064 tea
2146 3008 2318 3063 male:
2364 3008 2452 3063 ubi
2486 3007 2749 3078 Spiritum
2791 3020 3038 3064 sanetum
3063 3049 3078 3075 ,
3123 3017 3178 3064 et
3218 3008 3414 3064 Filium
3447 3009 3517 3066 de
3537 3009 3634 3066 Dei

2032 3100 2206 3156 Patris
2227 3099 2473 3156 scribens
2497 3116 2620 3157 esse
2645 3101 2971 3168 substantia,
3004 3100 3188 3156 statim
3217 3101 3271 3158 in
3295 3117 3638 3174 consequen-

326 3195 553 3250 tationis
583 3195 794 3250 fastidia
823 3195 1058 3265 fugiens,
1091 3205 1140 3251 et
1176 3197 1228 3250 in
1260 3206 1469 3252 arctutn
1499 3197 1662 3252 verba
1683 3197 1926 3266 compin-
1952 3203 1998 3266 α
2032 3196 2174 3252 tibus
2201 3195 2499 3251 asseruerit
2521 3205 2821 3251 creaturas.
2854 3195 3117 3251 Nescisne
3145 3211 3230 3251 me
3258 3196 3510 3268 Origenis
3535 3196 3638 3252 ba-

321 3301 483 3356 gens,
521 3294 728 3340 tantum
751 3286 1006 3341 sensibus
1045 3287 1412 3356 respondebo.
1448 3286 1642 3344 Statim
1670 3286 1736 3342 de
1764 3296 1925 3356 portu

320 3376 636 3447 egrediens,
661 3393 852 3433 navem
887 3378 1130 3450 impegit.
1163 3379 1427 3435 Referens
1456 3381 1602 3434 enim
1630 3379 1698 3435 de
1725 3379 1928 3448 Apolo-

320 3473 410 3540 gia
446 3471 717 3542 Pamphili
757 3475 1014 3545 martyris
1041 3476 1225 3543 (quam
1273 3489 1374 3528 nos
1411 3473 1666 3539 Eusebii,
1696 3472 1928 3527 Ariano-

324 3581 447 3620 rum
481 3565 778 3635 principis,
810 3567 1182 3637 probavimus)
1227 3567 1294 3621 de
1332 3582 1434 3636 qua
1465 3565 1719 3632 dixerat,
1757 3565 1926 3621 Prout

324 3659 624 3730 potuimus,
659 3661 822 3735 506
851 3662 934 3716 vel
961 3677 1045 3716 res
1098 3661 1366 3730 poposcit,
1421 3657 1618 3715 Latino
1665 3675 1924 3716 Sermone

323 3749 673 3821 digessimus,
705 3752 927 3808 intulit:
968 3772 986 3805 ι
1025 3753 1160 3809 illud
1192 3763 1296 3821 est,
1327 3755 1490 3824 quod,
1526 3753 1924 3810 desideriorum

327 3843 432 3908 vir,
466 3843 684 3908 Macari,
717 3855 770 3900 te
795 3845 1132 3901 adn'ionitum
1173 3847 1332 3916 volo,
1376 3856 1435 3902 ut
1461 3848 1608 3904 scias
1637 3848 1774 3903 bane
1803 3846 1925 3918 qui-

325 3936 448 3992 dem
481 3935 605 3992 fidei
637 3937 899 4008 regulam,
928 3955 1093 4011 quam
1131 3938 1199 3994 de
1222 3939 1375 3996 libris
1405 3940 1522 4010 ejus
1562 3956 1725 4010 supra
1759 3955 1927 4009 expo-

323 4029 530 4083 suimus
550 4070 566 4096 ,
598 4042 720 4085 esse
752 4029 935 4094 talem,
968 4045 1089 4100 quae
1119 4041 1172 4085 et
1201 4031 1578 4100 amplectenda
1611 4041 1667 4088 et
1694 4030 1924 4088 tenenda

323 4121 415 4175 sit.
446 4121 502 4176 in
545 4122 797 4178 omnibus
837 4121 982 4174 enim
1012 4121 1096 4175 bis
1120 4123 1448 4178 catholicum
1492 4125 1673 4181 inesse
1700 4140 1923 4180 sensum

325 4214 610 4270 evidenter
640 4217 919 4286 probatur.
946 4233 964 4264 ι
983 4212 1240 4278 Quamvis
1259 4214 1326 4270 de
1351 4217 1568 4272 Eusebii
1595 4217 1735 4273 libro
1757 4217 1925 4272 multa

323 4307 679 4371 subtraxerit.
713 4316 766 4361 et
797 4307 849 4359 in
883 4305 1084 4359 bonam
1119 4313 1332 4372 partem
1361 4304 1428 4360 de
1459 4308 1621 4373 Filio,
1645 4318 1699 4362 et
1723 4307 1926 4378 Spirittt

323 4409 516 4454 sancto
557 4399 711 4453 nisus
749 4396 820 4450 sit
847 4401 1228 4458 commutare;
1281 4403 1457 4448 tamen
1518 4398 1686 4451 multa
1731 4399 1786 4451 in
1831 4398 1924 4452 illo

323 4490 581 4546 sr-andala
608 4490 980 4560 reperiuntur,
1022 4497 1077 4542 et
1120 4486 1479 4557 apertissimre
1527 4487 1880 4557 blaSpbemia:
1907 4532 1923 4558 ,

2030 3290 2160 3345 bere
2184 3289 2406 3345 omnia?
2434 3288 2628 3359 legisse
2649 3289 3089 3360 quamplurima?

2123 3401 2198 3450 Ad
2223 3400 2454 3465 pepulurn
2475 3401 2720 3464 phaleras,
2743 3416 2843 3466 ego
2860 3409 2914 3454 te
2935 3407 3087 3466 intus,
3111 3413 3162 3457 et
3179 3409 3230 3456 iu
3255 3411 3371 3457 cute
3398 3406 3528 3454 novi.

3087 3469 3332 3533 (Persius,
3360 3470 3466 3520 Sat.
3494 3463 3568 3527 3.)

2033 3565 2124 3622 Vir
2152 3566 2499 3623 doctissimus
2529 3569 2797 3627 Eusebius
2821 3571 3218 3643 (doctissimum
3243 3572 3385 3640 dixi,
3409 3584 3516 3625 non
3542 3582 3634 3627 ca-

2033 3658 2315 3728 tbolicunt,
2351 3676 2420 3716 ne
2454 3678 2604 3717 more
2633 3663 2820 3731 solito,
2845 3664 2978 3720 mihi
3010 3673 3065 3721 et
3093 3665 3145 3720 in
3178 3664 3280 3720 hoc
3303 3661 3628 3719 calumniam

2028 3753 2229 3824 struas)
2258 3769 2355 3826 per
2375 3770 2472 3810 sex
2492 3755 2768 3811 volumina
2792 3756 2925 3811 nihil
2956 3756 3102 3812 aliud
3128 3757 3275 3826 agit,
3299 3755 3401 3809 nisi
3425 3761 3483 3809 ut
3508 3753 3629 3811 Ori-

2027 3859 2221 3916 genem
2254 3860 2367 3901 sine
2397 3846 2649 3902 ostendat
2683 3847 2831 3914 fidei,
2866 3849 2918 3902 id
2948 3856 3053 3915 est,
3100 3847 3317 3904 Arianae
3361 3844 3624 3917 perﬁdiae.

2031 3938 2094 3992 Et
2125 3938 2289 3992 multa
2313 3939 2473 4008 ponit
2511 3941 2760 4010 exempla
2781 3982 2797 4008 ,
2851 3949 2906 3996 et
2934 3941 3035 3996 hoc
3060 3949 3375 3994 constanter
3404 3939 3620 4010 probat.

2030 4029 2148 4085 Tibi
2175 4045 2307 4100 ergo
2339 4029 2393 4084 in
2419 4045 2526 4100 quo
2547 4033 2764 4087 somnio
2797 4032 3156 4089 Alexandrini
3193 4032 3432 4088 carceris
3476 4046 3632 4088 reve-

2027 4121 2194 4176 latum
2225 4133 2331 4186 est,
2353 4130 2411 4176 ut
2439 4139 2559 4192 quae
2591 4123 2682 4180 ille
2709 4140 2838 4181 vera
2872 4125 3175 4195 profitetur,
3203 4123 3390 4178 falsata
3422 4122 3631 4177 contin-

2028 4215 2158 4286 gas!
2182 4213 2289 4270 Sed
2319 4213 2544 4270 forsitan
2580 4216 2689 4282 hic,
2743 4227 2798 4272 ut
2820 4216 3078 4284 Arianus,
3129 4216 3196 4270 ab
3227 4213 3500 4271 hmreticis
3529 4214 3628 4270 ad-

2030 4307 2163 4375 dita,
2197 4309 2251 4363 in
2273 4308 2615 4364 occasionem
2639 4311 2725 4366 sui
2757 4311 2918 4365 traxit
2950 4310 3172 4377 erroris,
3222 4324 3290 4364 ne
3313 4307 3460 4364 solus
3489 4307 3630 4364 male

2028 4399 2270 4456 sensisse
2291 4409 2480 4455 contra
2503 4401 2808 4458 Ecclesiam
2838 4411 3138 4472 putaretur.
3165 4400 3304 4468 Quid
3331 4399 3630 4469 responde-

2033 4492 2116 4548 bis
2140 4508 2234 4562 pro
2260 4493 2509 4564 Didyme,
2541 4493 2632 4564 qui
2660 4501 2810 4549 certe
2839 4494 2890 4549 in
2908 4491 3174 4550 Trinitate
3195 4491 3497 4549 catholicus
3514 4494 3632 4548 est?

328 4597 451 4652 qua:
496 4581 597 4635 iste
649 4597 746 4637 sua
819 4594 1017 4649 negare
1057 4594 1166 4634 non
1213 4577 1455 4647 poterit,
1498 4579 1763 4634 catholica
1807 4595 1929 4636 esse
1955 4585 2009 4648 D
2035 4580 2200 4653 Cujus
2228 4585 2396 4640 etiam
2431 4601 2528 4641 nos
2566 4586 2634 4642 de
2659 4585 2865 4656 Spiritu
2908 4593 3095 4640 sancto
3147 4583 3342 4640 librum
3388 4585 3445 4641 in
3478 4583 3627 4640 Lati-

326 4673 714 4745 pronnntians.
747 4672 887 4726 Dicit
916 4672 1213 4736 Eusebius,
1250 4670 1420 4726 immo
1447 4671 1528 4741 (ut
1554 4679 1609 4724 tu
1636 4669 1740 4743 vis)
1764 4669 1925 4724 Pam—

327 4765 532 4836 philus,
568 4764 622 4818 in
655 4763 760 4819 isto
793 4764 1100 4829 volumine,
1135 4762 1924 4818 bFiliumPatrisministrtnn:

325 4859 590 4928 Spiritum
611 4868 857 4914 sanctum
897 4873 1002 4912 non
1028 4857 1096 4912 de
1121 4857 1311 4912 eadem
1342 4857 1518 4912 Patris
1544 4855 1775 4927 Filiique
1799 4857 1930 4912 sub-

326 4951 526 5006 stantia
551 4969 564 5006 :
591 4951 804 5006 animas
831 4949 1110 5006 hominum
1135 4951 1312 5020 lapsas
1341 4964 1460 5006 esse
1491 4951 1558 5007 de
1579 4950 1720 5006 coelo
1751 4966 1764 5002 :
1792 4956 1847 5005 et
1873 4949 1924 5003 in

328 5043 433 5098 hoc
457 5043 604 5114 quod
646 5059 834 5100 sumus
872 5043 940 5100 de
977 5043 1200 5113 Angelis
1227 5043 1577 5112 commutati,
1622 5045 1675 5098 in
1708 5044 1930 5100 restitu-

329 5136 476 5192 tione
500 5137 746 5193 omnium
774 5135 1013 5207 aequales
1042 5144 1097 5190 et
1121 5135 1384 5207 Angelos,
1430 5147 1486 5193 et
1530 5138 1829 5208 dmmones,
1871 5147 1926 5192 et

401 5310 425 5337 τ’
461 5299 608 5355 llanc
652 5299 935 5368 epistolam
983 5296 1122 5351 infra
1166 5311 1264 5352 suo
1303 5299 1421 5353 loco
1467 5301 1804 5356 anneCIimus
1850 5299 1916 5353 ad

327 5371 644 5442 Hieronymi
679 5381 954 5436 mentem,
987 5370 1076 5439 qui
1107 5369 1252 5423 illam
1281 5384 1310 5423 a
1341 5385 1401 5424 se
1440 5371 1767 5442 descriptam
1810 5370 1920 5425 Ru-

327 5444 436 5498 fino
470 5441 688 5510 ingerit.

399 5513 426 5552 ι)
468 5511 666 5566 Filium
717 5511 888 5566 Patris
934 5511 1248 5565 ministrum.
1303 5509 1373 5564 Ita
1409 5512 1694 5580 legendum
1726 5512 1926 5568 docent

327 5601 522 5640 onmes
550 5584 716 5637 nostri
746 5598 876 5638 mss.
901 5583 1120 5637 codices
1145 5600 1156 5636 :
1188 5598 1286 5636 nec
1316 5597 1496 5636 veram
1529 5584 1766 5638 retinent
1793 5583 1924 5638 editi

331 5653 454 5710 libri
509 5655 793 5710 lectionem
841 5653 1173 5724 llierooymi,
1223 5654 1311 5722 qui
1363 5667 1466 5707 non
1520 5654 1677 5724 dixit,
1721 5651 1850 5707 Filii
1881 5665 1926 5709 et

334 5725 517 5780 Patris
549 5726 832 5778 ministrum
863 5723 1116 5791 Spiritth
1150 5726 1432 5789 Sanctum;
1461 5724 1554 5778 sed
1585 5723 1776 5780 Filium
1820 5725 1924 5780 Pa.

334 5801 432 5857 tris
464 5795 765 5856 ministrum
810 5795 1009 5853 dictum
1059 5796 1220 5853 fuisse
1268 5797 1336 5853 ab
1377 5795 1629 5863 Eusebio,
1664 5796 1922 5868 Spiritum

2032 4688 2154 4728 nam
2175 4674 2412 4744 linguam
2440 4679 2702 4732 vertimus
2727 4675 2878 4746 (Vid.
2903 4674 3112 4749 supra).
3135 4676 3295 4734 Certe
3329 4675 3416 4731 hic
3443 4676 3495 4731 in
3519 4676 3626 4742 his,

2031 4781 2152 4835 qua:
2196 4766 2264 4820 ab
2311 4766 2582 4824 haereticis
2611 4770 2662 4823 in
2694 4767 2943 4840 Origenis
2973 4769 3232 4838 operibus
3263 4769 3446 4826 addita
3475 4777 3624 4837 sunt,

2031 4861 2344 4916 consentire
2373 4876 2480 4915 non
2509 4863 2715 4931 potuit;
2745 4871 2799 4917 et
2827 4862 2880 4917 in
2911 4863 3043 4934 ipsis
3063 4870 3184 4941 περὶ
3208 4866 3410 4944 ’Δρχῶν
3429 4909 3445 4935 ,
3491 4884 3628 4938 quos

2029 4961 2086 5006 tu
2121 4952 2508 5023 interpretatus
2538 4970 2596 5009 es
2630 4952 2804 5019 libris,
2843 4953 3040 5012 breves
3070 4957 3296 5013 dictavit
3339 4958 3630 5017 Commen-

2027 5043 2273 5110 tariolos,
2299 5041 2493 5113 quibus
2525 5059 2631 5100 non
2659 5053 2882 5114 negaret
2906 5047 2974 5102 ab
2997 5046 3232 5119 Origene
3261 5050 3483 5122 scripta,
3509 5067 3630 5124 quae

2029 5141 2230 5210 scripta
2268 5147 2430 5194 sunt:
2465 5139 2561 5196 sed
2611 5154 2710 5195 nos
2742 5139 3015 5212 simplices
3039 5141 3290 5201 homines
3325 5160 3432 5202 non
3467 5161 3628 5217 posse

2025 5312 2158 5353 vero
2187 5295 2466 5363 Sanctum,
2496 5313 2602 5369 non
2634 5312 2756 5354 esse
2785 5297 2853 5353 de
2882 5297 3079 5369 Patris,
3109 5297 3341 5369 Filiique
3377 5300 3630 5356 substan-

2028 5369 2120 5424 tia.
2149 5370 2420 5424 Manruu.
2443 5399 2513 5411 --
2541 5368 2759 5426 Veteres
2798 5369 2963 5438 editi,
3005 5368 3136 5426 Filii
3173 5381 3222 5426 et
3256 5368 3433 5425 Patris
3475 5372 3631 5426 ruini-

2025 5450 2188 5514 slrum
2218 5441 2472 5514 Spiritum
2497 5452 2750 5496 sanctum.
2783 5441 2946 5514 F_9_r_te
2972 5443 3240 5514 scriptum
3266 5442 3473 5510 pridem
3506 5443 3625 5511 fuit,

2027 5509 2227 5566 Filium
2256 5507 2429 5566 Patris
2463 5513 2775 5572 ministrum,
2801 5507 2933 5566 Filii
2957 5507 3216 5582 Spiritum
3234 5507 3495 5582 sanctum,
3524 5507 3628 5571 non

2028 5587 2090 5639 de
2129 5583 2342 5648 cadent,
2386 5593 2492 5638 etc.
2542 5586 2899 5707 llieronynus
2945 5581 3102 5654 paulo
3149 5599 3354 5650 supra:
3391 5581 3628 5658 Origcnis

2028 5654 2137 5707 Iuno
2174 5657 2394 5707 maxime
2419 5654 2658 5707 Itwretica
2687 5672 2702 5707 :
2790 5654 2834 5707 ei
2866 5649 3064 5707 Filium
3099 5663 3423 5707 creaturam.
3458 5657 3628 5707 ﬁniri-

2027 5654 2137 5710 Itwc
2174 5657 2394 5709 maxime
2419 5654 2658 5729 lucretica
2687 5672 2702 5710 :
2740 5649 2834 5707 Dei
2866 5649 3064 5713 Filium
3099 5663 3423 5727 creaturam,
3458 5649 3628 5729 Spiri-

2027 5737 2134 5783 tum
2157 5737 2393 5782 sanctum
2416 5728 2736 5793 ministrum,
2768 5733 2872 5780 etc.
