  <div class='ocr_page' id='page_1' title='image "/cluster/home/n/w/nwhite01/storage/ocr_20150623/23/uva.x000775467/227.png"; bbox 0 0 4054 6350; ppageno 0'>
   <div class='ocr_carea' id='block_1_1' title="bbox 504 314 612 369">
    <p class='ocr_par' dir='ltr' id='par_1_1' title="bbox 504 314 612 369">
     <span class='ocr_line' id='line_1_1' title="bbox 504 314 612 369; baseline 0.037 -3"><span class='ocrx_word' id='word_1_1' title='bbox 504 314 612 369; x_wconf 64' lang='grc'><strong>459</strong></span> 
     </span>
    </p>
   </div>
   <div class='ocr_carea' id='block_1_2' title="bbox 1752 272 2547 349">
    <p class='ocr_par' dir='ltr' id='par_1_2' title="bbox 1752 272 2547 349">
     <span class='ocr_line' id='line_1_2' title="bbox 1752 272 2547 349; baseline -0.01 -1"><span class='ocrx_word' id='word_1_2' title='bbox 1752 294 1810 349; x_wconf 91' lang='lat' dir='ltr'><strong>s.</strong></span> <span class='ocrx_word' id='word_1_3' title='bbox 1856 272 2124 347; x_wconf 70' lang='lat' dir='ltr'><strong>unseen</strong></span> <span class='ocrx_word' id='word_1_4' title='bbox 2167 285 2547 344; x_wconf 77' lang='lat' dir='ltr'><strong>lllERONYMl</strong></span> 
     </span>
    </p>
   </div>
   <div class='ocr_carea' id='block_1_3' title="bbox 3691 278 3797 337">
    <p class='ocr_par' dir='ltr' id='par_1_3' title="bbox 3691 278 3797 337">
     <span class='ocr_line' id='line_1_3' title="bbox 3691 278 3797 337; baseline -0.038 0"><span class='ocrx_word' id='word_1_5' title='bbox 3691 278 3797 337; x_wconf 64' lang='lat'><strong>4-50</strong></span> 
     </span>
    </p>
   </div>
   <div class='ocr_carea' id='block_1_4' title="bbox 499 398 3795 493">
    <p class='ocr_par' dir='ltr' id='par_1_4' title="bbox 499 398 3795 493">
     <span class='ocr_line' id='line_1_4' title="bbox 499 398 3795 493; baseline -0.01 -10"><span class='ocrx_word' id='word_1_6' title='bbox 499 426 838 493; x_wconf 76' lang='lat' dir='ltr'><strong>intelligere,</strong></span> <span class='ocrx_word' id='word_1_7' title='bbox 894 434 1016 489; x_wconf 82' lang='lat' dir='ltr'><strong>quae</strong></span> <span class='ocrx_word' id='word_1_8' title='bbox 1044 417 1343 470; x_wconf 87' lang='lat' dir='ltr'><strong>dicuntur:</strong></span> <span class='ocrx_word' id='word_1_9' title='bbox 1394 422 1449 467; x_wconf 88' lang='lat' dir='ltr'><strong>et</strong></span> <span class='ocrx_word' id='word_1_10' title='bbox 1478 426 1587 481; x_wconf 91' lang='lat' dir='ltr'><strong>quo</strong></span> <span class='ocrx_word' id='word_1_11' title='bbox 1616 422 1783 465; x_wconf 83' lang='lat' dir='ltr'><strong>sensu</strong></span> <span class='ocrx_word' id='word_1_12' title='bbox 1815 406 1870 461; x_wconf 90' lang='lat' dir='ltr'><strong>in</strong></span> <span class='ocrx_word' id='word_1_13' title='bbox 1900 405 2098 459; x_wconf 87' lang='lat' dir='ltr'><strong>bonam</strong></span> <span class='ocrx_word' id='word_1_14' title='bbox 2127 405 2180 465; x_wconf 78' lang='grc' dir='ltr'><strong>Α</strong></span> <span class='ocrx_word' id='word_1_15' title='bbox 2208 402 2363 456; x_wconf 81' lang='lat' dir='ltr'><strong>micis</strong></span> <span class='ocrx_word' id='word_1_16' title='bbox 2414 416 2535 457; x_wconf 83' lang='lat' dir='ltr'><strong>esse</strong></span> <span class='ocrx_word' id='word_1_17' title='bbox 2575 400 2855 456; x_wconf 89' lang='lat' dir='ltr'><strong>violatum.</strong></span> <span class='ocrx_word' id='word_1_18' title='bbox 2904 400 3015 455; x_wconf 80' lang='lat' dir='ltr'><strong>Hoc</strong></span> <span class='ocrx_word' id='word_1_19' title='bbox 3054 413 3255 471; x_wconf 88' lang='lat' dir='ltr'><strong>genere</strong></span> <span class='ocrx_word' id='word_1_20' title='bbox 3292 408 3347 454; x_wconf 88' lang='lat' dir='ltr'><strong>et</strong></span> <span class='ocrx_word' id='word_1_21' title='bbox 3384 399 3485 454; x_wconf 90' lang='lat' dir='ltr'><strong>iste</strong></span> <span class='ocrx_word' id='word_1_22' title='bbox 3521 398 3633 468; x_wconf 85' lang='lat' dir='ltr'><strong>ipse</strong></span> <span class='ocrx_word' id='word_1_23' title='bbox 3674 407 3795 451; x_wconf 89' lang='lat' dir='ltr'><strong>tuus</strong></span> 
     </span>
    </p>
   </div>
   <div class='ocr_carea' id='block_1_5' title="bbox 502 496 2103 592">
    <p class='ocr_par' dir='ltr' id='par_1_5' title="bbox 502 496 2103 592">
     <span class='ocr_line' id='line_1_5' title="bbox 502 496 2103 592; baseline -0.016 -16"><span class='ocrx_word' id='word_1_24' title='bbox 502 530 713 592; x_wconf 89' lang='lat' dir='ltr'><strong>partem</strong></span> <span class='ocrx_word' id='word_1_25' title='bbox 760 514 932 584; x_wconf 87' lang='lat' dir='ltr'><strong>accipi</strong></span> <span class='ocrx_word' id='word_1_26' title='bbox 984 512 1259 573; x_wconf 88' lang='lat' dir='ltr'><strong>debeant,</strong></span> <span class='ocrx_word' id='word_1_27' title='bbox 1310 505 1637 578; x_wconf 90' lang='lat' dir='ltr'><strong>persuadere</strong></span> <span class='ocrx_word' id='word_1_28' title='bbox 1686 509 1933 557; x_wconf 89' lang='lat' dir='ltr'><strong>conatur.</strong></span> <span class='ocrx_word' id='word_1_29' title='bbox 1991 496 2103 592; x_wconf 81' lang='lat' dir='ltr'><strong>Hoc</strong></span> 
     </span>
    </p>
   </div>
   <div class='ocr_carea' id='block_1_6' title="bbox 503 589 2103 671">
    <p class='ocr_par' dir='ltr' id='par_1_6' title="bbox 503 589 2103 671">
     <span class='ocr_line' id='line_1_6' title="bbox 503 589 2103 671; baseline -0.016 -5"><span class='ocrx_word' id='word_1_30' title='bbox 503 589 785 666; x_wconf 82' lang='lat' dir='ltr'><strong>dumtaxat</strong></span> <span class='ocrx_word' id='word_1_31' title='bbox 832 605 899 661; x_wconf 92' lang='lat' dir='ltr'><strong>de</strong></span> <span class='ocrx_word' id='word_1_32' title='bbox 931 604 1099 668; x_wconf 86' lang='lat' dir='ltr'><strong>Filio,</strong></span> <span class='ocrx_word' id='word_1_33' title='bbox 1152 612 1206 657; x_wconf 92' lang='lat' dir='ltr'><strong>et</strong></span> <span class='ocrx_word' id='word_1_34' title='bbox 1249 599 1452 671; x_wconf 93' lang='lat' dir='ltr'><strong>Spiritu</strong></span> <span class='ocrx_word' id='word_1_35' title='bbox 1493 603 1703 651; x_wconf 89' lang='lat' dir='ltr'><strong>sancto.</strong></span> <span class='ocrx_word' id='word_1_36' title='bbox 1746 592 2017 648; x_wconf 65' lang='lat' dir='ltr'><strong>Caeterum</strong></span> <span class='ocrx_word' id='word_1_37' title='bbox 2050 589 2103 642; x_wconf 93' lang='lat' dir='ltr'><strong>in</strong></span> 
     </span>
    </p>
   </div>
   <div class='ocr_carea' id='block_1_7' title="bbox 502 683 2103 779">
    <p class='ocr_par' dir='ltr' id='par_1_7' title="bbox 502 683 2103 779">
     <span class='ocr_line' id='line_1_7' title="bbox 502 683 2103 779; baseline -0.018 -14"><span class='ocrx_word' id='word_1_38' title='bbox 502 711 627 765; x_wconf 91' lang='lat' dir='ltr'><strong>aliis</strong></span> <span class='ocrx_word' id='word_1_39' title='bbox 648 706 992 779; x_wconf 75' lang='lat' dir='ltr'><strong>dogmatibus</strong></span> <span class='ocrx_word' id='word_1_40' title='bbox 1022 710 1078 757; x_wconf 92' lang='lat' dir='ltr'><strong>et</strong></span> <span class='ocrx_word' id='word_1_41' title='bbox 1107 696 1405 759; x_wconf 84' lang='lat' dir='ltr'><strong>Eusebius,</strong></span> <span class='ocrx_word' id='word_1_42' title='bbox 1438 702 1493 747; x_wconf 89' lang='lat' dir='ltr'><strong>et</strong></span> <span class='ocrx_word' id='word_1_43' title='bbox 1526 690 1787 761; x_wconf 80' lang='lat' dir='ltr'><strong>Didymus</strong></span> <span class='ocrx_word' id='word_1_44' title='bbox 1817 683 2103 779; x_wconf 54' lang='lat' dir='ltr'><strong>apertis—si-</strong></span> 
     </span>
    </p>
   </div>
   <div class='ocr_carea' id='block_1_8' title="bbox 505 776 2107 868">
    <p class='ocr_par' dir='ltr' id='par_1_8' title="bbox 505 776 2107 868">
     <span class='ocr_line' id='line_1_8' title="bbox 505 776 2107 868; baseline -0.019 -10"><span class='ocrx_word' id='word_1_45' title='bbox 505 816 595 858; x_wconf 91' lang='lat' dir='ltr'><strong>me</strong></span> <span class='ocrx_word' id='word_1_46' title='bbox 620 802 673 856; x_wconf 90' lang='lat' dir='ltr'><strong>in</strong></span> <span class='ocrx_word' id='word_1_47' title='bbox 704 776 952 868; x_wconf 67' lang='lat' dir='ltr'><strong>Drigenis</strong></span> <span class='ocrx_word' id='word_1_48' title='bbox 983 794 1116 847; x_wconf 88' lang='lat' dir='ltr'><strong>scita</strong></span> <span class='ocrx_word' id='word_1_49' title='bbox 1146 786 1489 850; x_wconf 91' lang='lat' dir='ltr'><strong>concedunt,</strong></span> <span class='ocrx_word' id='word_1_50' title='bbox 1520 790 1573 837; x_wconf 92' lang='lat' dir='ltr'><strong>et</strong></span> <span class='ocrx_word' id='word_1_51' title='bbox 1612 779 1754 851; x_wconf 90' lang='lat' dir='ltr'><strong>quod</strong></span> <span class='ocrx_word' id='word_1_52' title='bbox 1787 792 1978 832; x_wconf 88' lang='lat' dir='ltr'><strong>omnes</strong></span> <span class='ocrx_word' id='word_1_53' title='bbox 2004 776 2107 830; x_wconf 86' lang='lat' dir='ltr'><strong>Ec-</strong></span> 
     </span>
    </p>
   </div>
   <div class='ocr_carea' id='block_1_9' title="bbox 504 869 2107 961">
    <p class='ocr_par' dir='ltr' id='par_1_9' title="bbox 504 869 2107 961">
     <span class='ocr_line' id='line_1_9' title="bbox 504 869 2107 961; baseline -0.017 -11"><span class='ocrx_word' id='word_1_54' title='bbox 504 895 691 950; x_wconf 73' lang='lat' dir='ltr'><strong>clesiae</strong></span> <span class='ocrx_word' id='word_1_55' title='bbox 719 890 1047 961; x_wconf 88' lang='lat' dir='ltr'><strong>reprobant,</strong></span> <span class='ocrx_word' id='word_1_56' title='bbox 1100 881 1369 939; x_wconf 90' lang='lat' dir='ltr'><strong>catholice</strong></span> <span class='ocrx_word' id='word_1_57' title='bbox 1396 889 1450 933; x_wconf 92' lang='lat' dir='ltr'><strong>et</strong></span> <span class='ocrx_word' id='word_1_58' title='bbox 1483 876 1571 947; x_wconf 90' lang='lat' dir='ltr'><strong>pie</strong></span> <span class='ocrx_word' id='word_1_59' title='bbox 1596 875 1801 929; x_wconf 91' lang='lat' dir='ltr'><strong>dictum</strong></span> <span class='ocrx_word' id='word_1_60' title='bbox 1842 886 1962 926; x_wconf 85' lang='lat' dir='ltr'><strong>esse</strong></span> <span class='ocrx_word' id='word_1_61' title='bbox 2012 869 2107 924; x_wconf 87' lang='lat' dir='ltr'><strong>dc-</strong></span> 
     </span>
    </p>
   </div>
   <div class='ocr_carea' id='block_1_10' title="bbox 505 986 2107 1144">
    <p class='ocr_par' dir='ltr' id='par_1_10' title="bbox 505 986 2107 1144">
     <span class='ocr_line' id='line_1_10' title="bbox 505 986 2107 1144; baseline -0.016 -13"><span class='ocrx_word' id='word_1_62' title='bbox 505 986 917 1144; x_wconf 46' lang='grc' dir='ltr'><strong>Ῑθῃίάἲιῖηιῗηβηιιε</strong></span> <span class='ocrx_word' id='word_1_63' title='bbox 950 1071 1012 1123; x_wconf 85' lang='lat' dir='ltr'><strong>de</strong></span> <span class='ocrx_word' id='word_1_64' title='bbox 1055 1064 1431 1121; x_wconf 80' lang='lat' dir='ltr'><strong>adalteratione</strong></span> <span class='ocrx_word' id='word_1_65' title='bbox 1475 1060 1721 1115; x_wconf 80' lang='lat' dir='ltr'><strong>librorum</strong></span> <span class='ocrx_word' id='word_1_66' title='bbox 1749 1056 2107 1128; x_wconf 70' lang='lat' dir='ltr'><strong>0rigcnis-—</strong></span> 
     </span>
    </p>
   </div>
   <div class='ocr_carea' id='block_1_11' title="bbox 509 1143 2110 1232">
    <p class='ocr_par' dir='ltr' id='par_1_11' title="bbox 509 1143 2110 1232">
     <span class='ocr_line' id='line_1_11' title="bbox 509 1143 2110 1232; baseline -0.015 -7"><span class='ocrx_word' id='word_1_67' title='bbox 509 1171 805 1225; x_wconf 79' lang='lat' dir='ltr'><strong>Videamus</strong></span> <span class='ocrx_word' id='word_1_68' title='bbox 828 1178 1008 1221; x_wconf 88' lang='lat' dir='ltr'><strong>tamen</strong></span> <span class='ocrx_word' id='word_1_69' title='bbox 1031 1206 1045 1228; x_wconf 90' lang='lat'><strong>,</strong></span> <span class='ocrx_word' id='word_1_70' title='bbox 1076 1161 1269 1232; x_wconf 89' lang='lat' dir='ltr'><strong>quibus</strong></span> <span class='ocrx_word' id='word_1_71' title='bbox 1292 1157 1625 1226; x_wconf 63' lang='lat' dir='ltr'><strong>argumentis</strong></span> <span class='ocrx_word' id='word_1_72' title='bbox 1649 1153 1879 1224; x_wconf 89' lang='lat' dir='ltr'><strong>probare</strong></span> <span class='ocrx_word' id='word_1_73' title='bbox 1908 1143 2110 1205; x_wconf 81' lang='lat' dir='ltr'><strong>nitatur</strong></span> 
     </span>
    </p>
   </div>
   <div class='ocr_carea' id='block_1_12' title="bbox 509 1241 2109 1332">
    <p class='ocr_par' dir='ltr' id='par_1_12' title="bbox 509 1241 2109 1332">
     <span class='ocr_line' id='line_1_12' title="bbox 509 1241 2109 1332; baseline -0.016 -14"><span class='ocrx_word' id='word_1_74' title='bbox 509 1262 759 1332; x_wconf 85' lang='lat' dir='ltr'><strong>Origcnis</strong></span> <span class='ocrx_word' id='word_1_75' title='bbox 790 1259 860 1311; x_wconf 87' lang='lat' dir='ltr'><strong>ab</strong></span> <span class='ocrx_word' id='word_1_76' title='bbox 894 1255 1165 1311; x_wconf 76' lang='lat' dir='ltr'><strong>haereticis</strong></span> <span class='ocrx_word' id='word_1_77' title='bbox 1192 1249 1393 1319; x_wconf 90' lang='lat' dir='ltr'><strong>scripta</strong></span> <span class='ocrx_word' id='word_1_78' title='bbox 1424 1248 1630 1302; x_wconf 86' lang='lat' dir='ltr'><strong>vitiata.</strong></span> <span class='ocrx_word' id='word_1_79' title='bbox 1669 1264 1687 1297; x_wconf 74' lang='grc' dir='ltr'>ι</span> <span class='ocrx_word' id='word_1_80' title='bbox 1719 1244 1998 1307; x_wconf 83' lang='lat' dir='ltr'><strong>Clemens,</strong></span> <span class='ocrx_word' id='word_1_81' title='bbox 2032 1241 2109 1294; x_wconf 88' lang='lat' dir='ltr'><strong>in-</strong></span> 
     </span>
    </p>
   </div>
   <div class='ocr_carea' id='block_1_13' title="bbox 508 1334 2109 1424">
    <p class='ocr_par' dir='ltr' id='par_1_13' title="bbox 508 1334 2109 1424">
     <span class='ocr_line' id='line_1_13' title="bbox 508 1334 2109 1424; baseline -0.013 -16"><span class='ocrx_word' id='word_1_82' title='bbox 508 1356 646 1424; x_wconf 92' lang='lat' dir='ltr'><strong>quit,</strong></span> <span class='ocrx_word' id='word_1_83' title='bbox 671 1351 1058 1421; x_wconf 81' lang='lat' dir='ltr'><strong>Apostolorum</strong></span> <span class='ocrx_word' id='word_1_84' title='bbox 1089 1343 1390 1414; x_wconf 89' lang='lat' dir='ltr'><strong>discipulus</strong></span> <span class='ocrx_word' id='word_1_85' title='bbox 1409 1386 1421 1407; x_wconf 91' lang='lat'><strong>,</strong></span> <span class='ocrx_word' id='word_1_86' title='bbox 1450 1341 1538 1409; x_wconf 91' lang='lat' dir='ltr'><strong>qui</strong></span> <span class='ocrx_word' id='word_1_87' title='bbox 1564 1340 1821 1393; x_wconf 82' lang='lat' dir='ltr'><strong>Romanae</strong></span> <span class='ocrx_word' id='word_1_88' title='bbox 1852 1334 2109 1390; x_wconf 74' lang='lat' dir='ltr'><strong>Ecclesiae</strong></span> 
     </span>
    </p>
   </div>
   <div class='ocr_carea' id='block_1_14' title="bbox 508 1425 2112 1520">
    <p class='ocr_par' dir='ltr' id='par_1_14' title="bbox 508 1425 2112 1520">
     <span class='ocr_line' id='line_1_14' title="bbox 508 1425 2112 1520; baseline -0.013 -20"><span class='ocrx_word' id='word_1_89' title='bbox 508 1452 632 1515; x_wconf 90' lang='lat' dir='ltr'><strong>post</strong></span> <span class='ocrx_word' id='word_1_90' title='bbox 662 1442 953 1512; x_wconf 83' lang='lat' dir='ltr'><strong>Apostolos</strong></span> <span class='ocrx_word' id='word_1_91' title='bbox 982 1439 1277 1507; x_wconf 81' lang='lat' dir='ltr'><strong>episcOpus</strong></span> <span class='ocrx_word' id='word_1_92' title='bbox 1306 1444 1361 1489; x_wconf 89' lang='lat' dir='ltr'><strong>et</strong></span> <span class='ocrx_word' id='word_1_93' title='bbox 1390 1442 1595 1503; x_wconf 84' lang='lat' dir='ltr'><strong>martyr</strong></span> <span class='ocrx_word' id='word_1_94' title='bbox 1621 1430 1742 1495; x_wconf 87' lang='lat' dir='ltr'><strong>fuit,</strong></span> <span class='ocrx_word' id='word_1_95' title='bbox 1779 1430 1947 1483; x_wconf 83' lang='lat' dir='ltr'><strong>libros</strong></span> <span class='ocrx_word' id='word_1_96' title='bbox 1998 1425 2112 1520; x_wconf 55' lang='lat' dir='ltr'><strong>edi:</strong></span> 
     </span>
    </p>
   </div>
   <div class='ocr_carea' id='block_1_15' title="bbox 510 1519 2113 1604">
    <p class='ocr_par' dir='ltr' id='par_1_15' title="bbox 510 1519 2113 1604">
     <span class='ocr_line' id='line_1_15' title="bbox 510 1519 2113 1604; baseline -0.012 -12"><span class='ocrx_word' id='word_1_97' title='bbox 510 1539 590 1592; x_wconf 90' lang='lat' dir='ltr'><strong>dit</strong></span> <span class='ocrx_word' id='word_1_98' title='bbox 612 1545 658 1601; x_wconf 74' lang='grc' dir='ltr'><strong>α,</strong></span> <span class='ocrx_word' id='word_1_99' title='bbox 713 1537 802 1604; x_wconf 89' lang='lat' dir='ltr'><strong>qui</strong></span> <span class='ocrx_word' id='word_1_100' title='bbox 829 1532 1177 1602; x_wconf 81' lang='lat' dir='ltr'><strong>appellantur</strong></span> <span class='ocrx_word' id='word_1_101' title='bbox 1204 1527 1615 1602; x_wconf 72' lang='grc' dir='ltr'><strong>ἀναγνωρισμὸς,</strong></span> <span class='ocrx_word' id='word_1_102' title='bbox 1664 1521 1715 1577; x_wconf 92' lang='lat' dir='ltr'><strong>id</strong></span> <span class='ocrx_word' id='word_1_103' title='bbox 1743 1532 1844 1583; x_wconf 85' lang='lat' dir='ltr'><strong>est,</strong></span> <span class='ocrx_word' id='word_1_104' title='bbox 1878 1519 2113 1590; x_wconf 74' lang='lat' dir='ltr'><strong>ret-agni-</strong></span> 
     </span>
    </p>
   </div>
   <div class='ocr_carea' id='block_1_16' title="bbox 514 1611 2109 1696">
    <p class='ocr_par' dir='ltr' id='par_1_16' title="bbox 514 1611 2109 1696">
     <span class='ocr_line' id='line_1_16' title="bbox 514 1611 2109 1696; baseline -0.012 -13"><span class='ocrx_word' id='word_1_105' title='bbox 514 1630 617 1695; x_wconf 86' lang='lat' dir='ltr'><strong>tio,</strong></span> <span class='ocrx_word' id='word_1_106' title='bbox 647 1629 700 1681; x_wconf 92' lang='lat' dir='ltr'><strong>in</strong></span> <span class='ocrx_word' id='word_1_107' title='bbox 730 1627 925 1696; x_wconf 85' lang='lat' dir='ltr'><strong>quibus</strong></span> <span class='ocrx_word' id='word_1_108' title='bbox 953 1640 1119 1694; x_wconf 90' lang='lat' dir='ltr'><strong>quum</strong></span> <span class='ocrx_word' id='word_1_109' title='bbox 1150 1637 1215 1676; x_wconf 81' lang='lat' dir='ltr'><strong>ex</strong></span> <span class='ocrx_word' id='word_1_110' title='bbox 1250 1631 1482 1688; x_wconf 73' lang='lat' dir='ltr'><strong>persona</strong></span> <span class='ocrx_word' id='word_1_111' title='bbox 1510 1615 1655 1671; x_wconf 87' lang='lat' dir='ltr'><strong>Petri</strong></span> <span class='ocrx_word' id='word_1_112' title='bbox 1689 1612 1934 1683; x_wconf 84' lang='lat' dir='ltr'><strong>Apostoli</strong></span> <span class='ocrx_word' id='word_1_113' title='bbox 1985 1611 2109 1665; x_wconf 85' lang='lat' dir='ltr'><strong>doc—</strong></span> 
     </span>
    </p>
   </div>
   <div class='ocr_carea' id='block_1_17' title="bbox 510 1708 2110 1789">
    <p class='ocr_par' dir='ltr' id='par_1_17' title="bbox 510 1708 2110 1789">
     <span class='ocr_line' id='line_1_17' title="bbox 510 1708 2110 1789; baseline -0.011 -13"><span class='ocrx_word' id='word_1_114' title='bbox 510 1722 672 1786; x_wconf 86' lang='lat' dir='ltr'><strong>trina,</strong></span> <span class='ocrx_word' id='word_1_115' title='bbox 692 1719 845 1789; x_wconf 77' lang='lat' dir='ltr'><strong>quasi</strong></span> <span class='ocrx_word' id='word_1_116' title='bbox 871 1732 998 1771; x_wconf 91' lang='lat' dir='ltr'><strong>vere</strong></span> <span class='ocrx_word' id='word_1_117' title='bbox 1021 1712 1315 1785; x_wconf 83' lang='lat' dir='ltr'><strong>apostolica</strong></span> <span class='ocrx_word' id='word_1_118' title='bbox 1348 1712 1399 1765; x_wconf 93' lang='lat' dir='ltr'><strong>in</strong></span> <span class='ocrx_word' id='word_1_119' title='bbox 1428 1708 1850 1780; x_wconf 90' lang='lat' dir='ltr'><strong>quamplurimis</strong></span> <span class='ocrx_word' id='word_1_120' title='bbox 1869 1720 2079 1774; x_wconf 84' lang='lat' dir='ltr'><strong>expona</strong></span> <span class='ocrx_word' id='word_1_121' title='bbox 2095 1736 2110 1744; x_wconf 91' lang='lat'><strong>-</strong></span> 
     </span>
    </p>
   </div>
   <div class='ocr_carea' id='block_1_18' title="bbox 2208 491 3795 562">
    <p class='ocr_par' dir='ltr' id='par_1_18' title="bbox 2208 491 3795 562">
     <span class='ocr_line' id='line_1_18' title="bbox 2208 491 3795 562; baseline -0.003 -12"><span class='ocrx_word' id='word_1_122' title='bbox 2208 496 2363 561; x_wconf 90' lang='lat' dir='ltr'><strong>liber,</strong></span> <span class='ocrx_word' id='word_1_123' title='bbox 2413 506 2535 550; x_wconf 93' lang='lat' dir='ltr'><strong>tuus</strong></span> <span class='ocrx_word' id='word_1_124' title='bbox 2587 510 2695 549; x_wconf 92' lang='lat' dir='ltr'><strong>non</strong></span> <span class='ocrx_word' id='word_1_125' title='bbox 2735 496 2861 562; x_wconf 91' lang='lat' dir='ltr'><strong>erit,</strong></span> <span class='ocrx_word' id='word_1_126' title='bbox 2914 494 3009 549; x_wconf 91' lang='lat' dir='ltr'><strong>sed</strong></span> <span class='ocrx_word' id='word_1_127' title='bbox 3058 494 3281 548; x_wconf 85' lang='lat' dir='ltr'><strong>forsitan</strong></span> <span class='ocrx_word' id='word_1_128' title='bbox 3324 508 3492 548; x_wconf 91' lang='lat' dir='ltr'><strong>mens.</strong></span> <span class='ocrx_word' id='word_1_129' title='bbox 3541 491 3607 545; x_wconf 85' lang='lat' dir='ltr'><strong>Et</strong></span> <span class='ocrx_word' id='word_1_130' title='bbox 3646 507 3795 546; x_wconf 84' lang='lat' dir='ltr'><strong>meus</strong></span> 
     </span>
    </p>
   </div>
   <div class='ocr_carea' id='block_1_19' title="bbox 2208 585 3795 658">
    <p class='ocr_par' dir='ltr' id='par_1_19' title="bbox 2208 585 3795 658">
     <span class='ocr_line' id='line_1_19' title="bbox 2208 585 3795 658; baseline 0 -17"><span class='ocrx_word' id='word_1_131' title='bbox 2208 587 2366 654; x_wconf 93' lang='lat' dir='ltr'><strong>liber,</strong></span> <span class='ocrx_word' id='word_1_132' title='bbox 2393 603 2500 657; x_wconf 94' lang='lat' dir='ltr'><strong>quo</strong></span> <span class='ocrx_word' id='word_1_133' title='bbox 2531 588 2623 643; x_wconf 89' lang='lat' dir='ltr'><strong>tibi</strong></span> <span class='ocrx_word' id='word_1_134' title='bbox 2656 598 2943 643; x_wconf 83' lang='lat' dir='ltr'><strong>accusatus</strong></span> <span class='ocrx_word' id='word_1_135' title='bbox 2966 588 3290 658; x_wconf 62' lang='lat' dir='ltr'><strong>restioudeo,</strong></span> <span class='ocrx_word' id='word_1_136' title='bbox 3317 586 3361 641; x_wconf 91' lang='lat' dir='ltr'><strong>si</strong></span> <span class='ocrx_word' id='word_1_137' title='bbox 3392 586 3445 641; x_wconf 92' lang='lat' dir='ltr'><strong>in</strong></span> <span class='ocrx_word' id='word_1_138' title='bbox 3476 586 3569 641; x_wconf 92' lang='lat' dir='ltr'><strong>illo</strong></span> <span class='ocrx_word' id='word_1_139' title='bbox 3596 585 3795 654; x_wconf 82' lang='lat' dir='ltr'><strong>aliquid</strong></span> 
     </span>
    </p>
   </div>
   <div class='ocr_carea' id='block_1_20' title="bbox 2211 681 3799 752">
    <p class='ocr_par' dir='ltr' id='par_1_20' title="bbox 2211 681 3799 752">
     <span class='ocr_line' id='line_1_20' title="bbox 2211 681 3799 752; baseline -0.002 -14"><span class='ocrx_word' id='word_1_140' title='bbox 2211 681 2652 752; x_wconf 81' lang='lat' dir='ltr'><strong>reprehenderis,</strong></span> <span class='ocrx_word' id='word_1_141' title='bbox 2682 698 2785 737; x_wconf 93' lang='lat' dir='ltr'><strong>non</strong></span> <span class='ocrx_word' id='word_1_142' title='bbox 2804 682 2907 738; x_wconf 86' lang='lat' dir='ltr'><strong>erit</strong></span> <span class='ocrx_word' id='word_1_143' title='bbox 2930 696 3103 749; x_wconf 90' lang='lat' dir='ltr'><strong>mens,</strong></span> <span class='ocrx_word' id='word_1_144' title='bbox 3133 681 3227 736; x_wconf 91' lang='lat' dir='ltr'><strong>sed</strong></span> <span class='ocrx_word' id='word_1_145' title='bbox 3252 691 3401 745; x_wconf 86' lang='lat' dir='ltr'><strong>tuus,</strong></span> <span class='ocrx_word' id='word_1_146' title='bbox 3429 696 3457 733; x_wconf 90' lang='lat' dir='ltr'><strong>a</strong></span> <span class='ocrx_word' id='word_1_147' title='bbox 3486 694 3590 751; x_wconf 94' lang='lat' dir='ltr'><strong>quo</strong></span> <span class='ocrx_word' id='word_1_148' title='bbox 3616 694 3799 748; x_wconf 82' lang='lat' dir='ltr'><strong>repre-</strong></span> 
     </span>
    </p>
   </div>
   <div class='ocr_carea' id='block_1_21' title="bbox 2214 771 3799 841">
    <p class='ocr_par' dir='ltr' id='par_1_21' title="bbox 2214 771 3799 841">
     <span class='ocr_line' id='line_1_21' title="bbox 2214 771 3799 841; baseline -0.003 -11"><span class='ocrx_word' id='word_1_149' title='bbox 2214 776 2490 830; x_wconf 89' lang='lat' dir='ltr'><strong>henditur.</strong></span> <span class='ocrx_word' id='word_1_150' title='bbox 2508 772 2574 829; x_wconf 83' lang='lat' dir='ltr'><strong>Et</strong></span> <span class='ocrx_word' id='word_1_151' title='bbox 2599 775 2922 830; x_wconf 90' lang='lat' dir='ltr'><strong>dumomnia</strong></span> <span class='ocrx_word' id='word_1_152' title='bbox 2943 774 3008 829; x_wconf 89' lang='lat' dir='ltr'><strong>ad</strong></span> <span class='ocrx_word' id='word_1_153' title='bbox 3035 772 3320 828; x_wconf 67' lang='lat' dir='ltr'><strong>haereticos</strong></span> <span class='ocrx_word' id='word_1_154' title='bbox 3340 771 3533 838; x_wconf 88' lang='lat' dir='ltr'><strong>refers,</strong></span> <span class='ocrx_word' id='word_1_155' title='bbox 3559 771 3685 841; x_wconf 92' lang='lat' dir='ltr'><strong>quid</strong></span> <span class='ocrx_word' id='word_1_156' title='bbox 3710 772 3799 825; x_wconf 85' lang='lat' dir='ltr'><strong>Ec-</strong></span> 
     </span>
    </p>
   </div>
   <div class='ocr_carea' id='block_1_22' title="bbox 2211 864 3803 937">
    <p class='ocr_par' dir='ltr' id='par_1_22' title="bbox 2211 864 3803 937">
     <span class='ocr_line' id='line_1_22' title="bbox 2211 864 3803 937; baseline -0.001 -16"><span class='ocrx_word' id='word_1_157' title='bbox 2211 866 2532 922; x_wconf 74' lang='lat' dir='ltr'><strong>clesiasricis</strong></span> <span class='ocrx_word' id='word_1_158' title='bbox 2582 867 2851 931; x_wconf 69' lang='lat' dir='ltr'><strong>tribues,</strong></span> <span class='ocrx_word' id='word_1_159' title='bbox 2884 866 3080 937; x_wconf 87' lang='lat' dir='ltr'><strong>quibus</strong></span> <span class='ocrx_word' id='word_1_160' title='bbox 3130 867 3407 935; x_wconf 87' lang='lat' dir='ltr'><strong>proprium</strong></span> <span class='ocrx_word' id='word_1_161' title='bbox 3462 864 3594 919; x_wconf 84' lang='lat' dir='ltr'><strong>nilnl</strong></span> <span class='ocrx_word' id='word_1_162' title='bbox 3639 866 3803 920; x_wconf 75' lang='lat' dir='ltr'><strong>relin-</strong></span> 
     </span>
    </p>
   </div>
   <div class='ocr_carea' id='block_1_23' title="bbox 2212 958 3802 1029">
    <p class='ocr_par' dir='ltr' id='par_1_23' title="bbox 2212 958 3802 1029">
     <span class='ocr_line' id='line_1_23' title="bbox 2212 958 3802 1029; baseline 0.003 -21"><span class='ocrx_word' id='word_1_163' title='bbox 2212 959 2370 1029; x_wconf 87' lang='lat' dir='ltr'><strong>quis?</strong></span> <span class='ocrx_word' id='word_1_164' title='bbox 2418 959 2481 1013; x_wconf 81' lang='lat' dir='ltr'><strong>Et</strong></span> <span class='ocrx_word' id='word_1_165' title='bbox 2512 958 2805 1029; x_wconf 87' lang='lat' dir='ltr'><strong>quomodo,</strong></span> <span class='ocrx_word' id='word_1_166' title='bbox 2843 958 3072 1028; x_wconf 90' lang='lat' dir='ltr'><strong>inquies,</strong></span> <span class='ocrx_word' id='word_1_167' title='bbox 3112 958 3163 1011; x_wconf 91' lang='lat' dir='ltr'><strong>in</strong></span> <span class='ocrx_word' id='word_1_168' title='bbox 3195 959 3347 1013; x_wconf 85' lang='lat' dir='ltr'><strong>libris</strong></span> <span class='ocrx_word' id='word_1_169' title='bbox 3388 973 3577 1013; x_wconf 85' lang='lat' dir='ltr'><strong>eorum</strong></span> <span class='ocrx_word' id='word_1_170' title='bbox 3614 958 3802 1013; x_wconf 89' lang='lat' dir='ltr'><strong>vitiosa</strong></span> 
     </span>
    </p>
   </div>
   <div class='ocr_carea' id='block_1_24' title="bbox 2214 1046 3807 1105">
    <p class='ocr_par' dir='ltr' id='par_1_24' title="bbox 2214 1046 3807 1105">
     <span class='ocr_line' id='line_1_24' title="bbox 2214 1046 3807 1105; baseline -0.001 -1"><span class='ocrx_word' id='word_1_171' title='bbox 2214 1046 2479 1105; x_wconf 24' lang='lat' dir='ltr'><strong>nonndlla‘</strong></span> <span class='ocrx_word' id='word_1_172' title='bbox 2517 1050 2677 1105; x_wconf 82' lang='lat' dir='ltr'><strong>sunt?</strong></span> <span class='ocrx_word' id='word_1_173' title='bbox 2721 1050 2778 1105; x_wconf 91' lang='lat' dir='ltr'><strong>Si</strong></span> <span class='ocrx_word' id='word_1_174' title='bbox 2805 1065 2892 1105; x_wconf 90' lang='lat' dir='ltr'><strong>me</strong></span> <span class='ocrx_word' id='word_1_175' title='bbox 2920 1064 3112 1104; x_wconf 82' lang='lat' dir='ltr'><strong>causas</strong></span> <span class='ocrx_word' id='word_1_176' title='bbox 3142 1050 3394 1103; x_wconf 81' lang='lat' dir='ltr'><strong>vitiorum</strong></span> <span class='ocrx_word' id='word_1_177' title='bbox 3440 1049 3650 1104; x_wconf 88' lang='lat' dir='ltr'><strong>nescire</strong></span> <span class='ocrx_word' id='word_1_178' title='bbox 3693 1065 3807 1104; x_wconf 83' lang='lat' dir='ltr'><strong>res-</strong></span> 
     </span>
    </p>
   </div>
   <div class='ocr_carea' id='block_1_25' title="bbox 2213 1139 3800 1212">
    <p class='ocr_par' dir='ltr' id='par_1_25' title="bbox 2213 1139 3800 1212">
     <span class='ocr_line' id='line_1_25' title="bbox 2213 1139 3800 1212; baseline 0 -16"><span class='ocrx_word' id='word_1_179' title='bbox 2213 1142 2505 1212; x_wconf 88' lang='lat' dir='ltr'><strong>pondero,</strong></span> <span class='ocrx_word' id='word_1_180' title='bbox 2580 1156 2689 1196; x_wconf 91' lang='lat' dir='ltr'><strong>non</strong></span> <span class='ocrx_word' id='word_1_181' title='bbox 2753 1143 2936 1196; x_wconf 88' lang='lat' dir='ltr'><strong>statim</strong></span> <span class='ocrx_word' id='word_1_182' title='bbox 2992 1140 3116 1195; x_wconf 85' lang='lat' dir='ltr'><strong>illos</strong></span> <span class='ocrx_word' id='word_1_183' title='bbox 3184 1140 3472 1196; x_wconf 75' lang='lat' dir='ltr'><strong>haereticos</strong></span> <span class='ocrx_word' id='word_1_184' title='bbox 3527 1139 3800 1210; x_wconf 72' lang='lat' dir='ltr'><strong>iudicabo.</strong></span> 
     </span>
    </p>
   </div>
   <div class='ocr_carea' id='block_1_26' title="bbox 2219 1232 3807 1303">
    <p class='ocr_par' dir='ltr' id='par_1_26' title="bbox 2219 1232 3807 1303">
     <span class='ocr_line' id='line_1_26' title="bbox 2219 1232 3807 1303; baseline -0.003 -15"><span class='ocrx_word' id='word_1_185' title='bbox 2219 1233 2359 1289; x_wconf 79' lang='lat' dir='ltr'><strong>Fieri</strong></span> <span class='ocrx_word' id='word_1_186' title='bbox 2403 1233 2549 1289; x_wconf 91' lang='lat' dir='ltr'><strong>enim</strong></span> <span class='ocrx_word' id='word_1_187' title='bbox 2605 1241 2817 1303; x_wconf 88' lang='lat' dir='ltr'><strong>potest,</strong></span> <span class='ocrx_word' id='word_1_188' title='bbox 2863 1243 2919 1287; x_wconf 94' lang='lat' dir='ltr'><strong>ut</strong></span> <span class='ocrx_word' id='word_1_189' title='bbox 2966 1233 3051 1287; x_wconf 92' lang='lat' dir='ltr'><strong>vel</strong></span> <span class='ocrx_word' id='word_1_190' title='bbox 3101 1232 3426 1302; x_wconf 88' lang='lat' dir='ltr'><strong>simpliciter</strong></span> <span class='ocrx_word' id='word_1_191' title='bbox 3466 1232 3807 1300; x_wconf 77' lang='lat' dir='ltr'><strong>erraverint,</strong></span> 
     </span>
    </p>
   </div>
   <div class='ocr_carea' id='block_1_27' title="bbox 2213 1324 3811 1397">
    <p class='ocr_par' dir='ltr' id='par_1_27' title="bbox 2213 1324 3811 1397">
     <span class='ocr_line' id='line_1_27' title="bbox 2213 1324 3811 1397; baseline -0.003 -17"><span class='ocrx_word' id='word_1_192' title='bbox 2213 1325 2375 1397; x_wconf 81' lang='lat'><strong>509</strong></span> <span class='ocrx_word' id='word_1_193' title='bbox 2402 1325 2489 1380; x_wconf 89' lang='lat' dir='ltr'><strong>vel</strong></span> <span class='ocrx_word' id='word_1_194' title='bbox 2517 1324 2626 1379; x_wconf 92' lang='lat' dir='ltr'><strong>alio</strong></span> <span class='ocrx_word' id='word_1_195' title='bbox 2649 1339 2813 1380; x_wconf 82' lang='lat' dir='ltr'><strong>sensu</strong></span> <span class='ocrx_word' id='word_1_196' title='bbox 2846 1324 3190 1393; x_wconf 82' lang='lat' dir='ltr'><strong>scripserint,</strong></span> <span class='ocrx_word' id='word_1_197' title='bbox 3243 1324 3327 1378; x_wconf 88' lang='lat' dir='ltr'><strong>vel</strong></span> <span class='ocrx_word' id='word_1_198' title='bbox 3357 1339 3385 1377; x_wconf 93' lang='lat' dir='ltr'><strong>a</strong></span> <span class='ocrx_word' id='word_1_199' title='bbox 3418 1324 3659 1379; x_wconf 89' lang='lat' dir='ltr'><strong>librariis</strong></span> <span class='ocrx_word' id='word_1_200' title='bbox 3710 1326 3811 1380; x_wconf 88' lang='lat' dir='ltr'><strong>im-</strong></span> 
     </span>
    </p>
   </div>
   <div class='ocr_carea' id='block_1_28' title="bbox 2218 1418 3811 1489">
    <p class='ocr_par' dir='ltr' id='par_1_28' title="bbox 2218 1418 3811 1489">
     <span class='ocr_line' id='line_1_28' title="bbox 2218 1418 3811 1489; baseline 0 -16"><span class='ocrx_word' id='word_1_201' title='bbox 2218 1418 2408 1488; x_wconf 89' lang='lat' dir='ltr'><strong>peritis</strong></span> <span class='ocrx_word' id='word_1_202' title='bbox 2450 1434 2640 1474; x_wconf 90' lang='lat' dir='ltr'><strong>eorum</strong></span> <span class='ocrx_word' id='word_1_203' title='bbox 2690 1420 2947 1489; x_wconf 84' lang='lat' dir='ltr'><strong>paulatim</strong></span> <span class='ocrx_word' id='word_1_204' title='bbox 2978 1419 3182 1488; x_wconf 89' lang='lat' dir='ltr'><strong>scripta</strong></span> <span class='ocrx_word' id='word_1_205' title='bbox 3228 1427 3489 1489; x_wconf 89' lang='lat' dir='ltr'><strong>corrupta</strong></span> <span class='ocrx_word' id='word_1_206' title='bbox 3521 1419 3656 1473; x_wconf 92' lang='lat' dir='ltr'><strong>sint.</strong></span> <span class='ocrx_word' id='word_1_207' title='bbox 3714 1418 3811 1473; x_wconf 85' lang='lat' dir='ltr'><strong>\&#39;el</strong></span> 
     </span>
    </p>
   </div>
   <div class='ocr_carea' id='block_1_29' title="bbox 2213 1510 3814 1582">
    <p class='ocr_par' dir='ltr' id='par_1_29' title="bbox 2213 1510 3814 1582">
     <span class='ocr_line' id='line_1_29' title="bbox 2213 1510 3814 1582; baseline -0.001 -16"><span class='ocrx_word' id='word_1_208' title='bbox 2213 1520 2363 1567; x_wconf 92' lang='lat' dir='ltr'><strong>certe</strong></span> <span class='ocrx_word' id='word_1_209' title='bbox 2388 1521 2680 1582; x_wconf 88' lang='lat' dir='ltr'><strong>antequam</strong></span> <span class='ocrx_word' id='word_1_210' title='bbox 2706 1511 2761 1566; x_wconf 91' lang='lat' dir='ltr'><strong>in</strong></span> <span class='ocrx_word' id='word_1_211' title='bbox 2784 1510 3124 1566; x_wconf 79' lang='lat' dir='ltr'><strong>Alexandria</strong></span> <span class='ocrx_word' id='word_1_212' title='bbox 3150 1512 3309 1581; x_wconf 89' lang='lat' dir='ltr'><strong>quasi</strong></span> <span class='ocrx_word' id='word_1_213' title='bbox 3335 1510 3669 1566; x_wconf 66' lang='lat' dir='ltr'><strong>da&#39;monium</strong></span> <span class='ocrx_word' id='word_1_214' title='bbox 3702 1526 3814 1566; x_wconf 85' lang='lat' dir='ltr'><strong>me-</strong></span> 
     </span>
    </p>
   </div>
   <div class='ocr_carea' id='block_1_30' title="bbox 2219 1605 3815 1676">
    <p class='ocr_par' dir='ltr' id='par_1_30' title="bbox 2219 1605 3815 1676">
     <span class='ocr_line' id='line_1_30' title="bbox 2219 1605 3815 1676; baseline -0.001 -15"><span class='ocrx_word' id='word_1_215' title='bbox 2219 1605 2489 1661; x_wconf 88' lang='lat' dir='ltr'><strong>ridianum</strong></span> <span class='ocrx_word' id='word_1_216' title='bbox 2518 1605 2679 1660; x_wconf 81' lang='lat' dir='ltr'><strong>Arius</strong></span> <span class='ocrx_word' id='word_1_217' title='bbox 2709 1615 3046 1671; x_wconf 89' lang='lat' dir='ltr'><strong>nasceretur,</strong></span> <span class='ocrx_word' id='word_1_218' title='bbox 3083 1605 3410 1660; x_wconf 88' lang='lat' dir='ltr'><strong>innocenter</strong></span> <span class='ocrx_word' id='word_1_219' title='bbox 3435 1605 3711 1676; x_wconf 71' lang='lat' dir='ltr'><strong>qumdam,</strong></span> <span class='ocrx_word' id='word_1_220' title='bbox 3761 1614 3815 1660; x_wconf 90' lang='lat' dir='ltr'><strong>ct</strong></span> 
     </span>
    </p>
   </div>
   <div class='ocr_carea' id='block_1_31' title="bbox 2172 1700 3817 1783">
    <p class='ocr_par' dir='ltr' id='par_1_31' title="bbox 2172 1700 3817 1783">
     <span class='ocr_line' id='line_1_31' title="bbox 2172 1700 3817 1783; baseline 0.001 -30"><span class='ocrx_word' id='word_1_221' title='bbox 2172 1774 2180 1783; x_wconf 32' lang='lat'><em>.</em></span> <span class='ocrx_word' id='word_1_222' title='bbox 2217 1700 2399 1754; x_wconf 89' lang='lat' dir='ltr'><strong>minus</strong></span> <span class='ocrx_word' id='word_1_223' title='bbox 2428 1708 2585 1754; x_wconf 89' lang='lat' dir='ltr'><strong>caute</strong></span> <span class='ocrx_word' id='word_1_224' title='bbox 2630 1700 2794 1754; x_wconf 91' lang='lat' dir='ltr'><strong>locuti</strong></span> <span class='ocrx_word' id='word_1_225' title='bbox 2841 1710 2998 1768; x_wconf 91' lang='lat' dir='ltr'><strong>sunt,</strong></span> <span class='ocrx_word' id='word_1_226' title='bbox 3044 1709 3098 1754; x_wconf 92' lang='lat' dir='ltr'><strong>et</strong></span> <span class='ocrx_word' id='word_1_227' title='bbox 3126 1715 3247 1771; x_wconf 69' lang='lat' dir='ltr'><strong>qua:</strong></span> <span class='ocrx_word' id='word_1_228' title='bbox 3283 1716 3388 1755; x_wconf 91' lang='lat' dir='ltr'><strong>non</strong></span> <span class='ocrx_word' id='word_1_229' title='bbox 3432 1700 3645 1772; x_wconf 88' lang='lat' dir='ltr'><strong>possint</strong></span> <span class='ocrx_word' id='word_1_230' title='bbox 3694 1716 3817 1769; x_wconf 78' lang='lat' dir='ltr'><strong>per-</strong></span> 
     </span>
    </p>
   </div>
   <div class='ocr_carea' id='block_1_32' title="bbox 514 1779 3813 1878">
    <p class='ocr_par' dir='ltr' id='par_1_32' title="bbox 514 1779 3813 1878">
     <span class='ocr_line' id='line_1_32' title="bbox 514 1779 3813 1878; baseline -0.006 -10"><span class='ocrx_word' id='word_1_231' title='bbox 514 1825 630 1868; x_wconf 87' lang='lat' dir='ltr'><strong>tur:</strong></span> <span class='ocrx_word' id='word_1_232' title='bbox 660 1779 792 1864; x_wconf 45' lang='lat' dir='ltr'><strong>i1.in</strong></span> <span class='ocrx_word' id='word_1_233' title='bbox 825 1779 1094 1878; x_wconf 82' lang='lat' dir='ltr'><strong>aliquibus</strong></span> <span class='ocrx_word' id='word_1_234' title='bbox 1122 1808 1192 1860; x_wconf 90' lang='lat' dir='ltr'><strong>ita</strong></span> <span class='ocrx_word' id='word_1_235' title='bbox 1224 1779 1477 1859; x_wconf 87' lang='lat' dir='ltr'><strong>Eunomii</strong></span> <span class='ocrx_word' id='word_1_236' title='bbox 1506 1801 1699 1871; x_wconf 89' lang='lat' dir='ltr'><strong>dogma</strong></span> <span class='ocrx_word' id='word_1_237' title='bbox 1733 1799 2010 1863; x_wconf 88' lang='lat' dir='ltr'><strong>inseritur,</strong></span> <span class='ocrx_word' id='word_1_238' title='bbox 2057 1810 2111 1851; x_wconf 90' lang='lat' dir='ltr'><strong>ut</strong></span> <span class='ocrx_word' id='word_1_239' title='bbox 2214 1779 2503 1849; x_wconf 74' lang='lat' dir='ltr'><strong>versorum</strong></span> <span class='ocrx_word' id='word_1_240' title='bbox 2539 1793 2815 1849; x_wconf 85' lang='lat' dir='ltr'><strong>hominum</strong></span> <span class='ocrx_word' id='word_1_241' title='bbox 2839 1795 3165 1849; x_wconf 88' lang='lat' dir='ltr'><strong>calumniam</strong></span> <span class='ocrx_word' id='word_1_242' title='bbox 3200 1795 3497 1851; x_wconf 81' lang='lat' dir='ltr'><strong>declinare.</strong></span> <span class='ocrx_word' id='word_1_243' title='bbox 3530 1794 3813 1865; x_wconf 87' lang='lat' dir='ltr'><strong>Objiciun-</strong></span> 
     </span>
    </p>
   </div>
   <div class='ocr_carea' id='block_1_33' title="bbox 516 1890 2151 1972">
    <p class='ocr_par' dir='ltr' id='par_1_33' title="bbox 516 1890 2151 1972">
     <span class='ocr_line' id='line_1_33' title="bbox 516 1890 2151 1972; baseline -0.012 -11"><span class='ocrx_word' id='word_1_244' title='bbox 516 1905 651 1961; x_wconf 86' lang='lat' dir='ltr'><strong>nihil</strong></span> <span class='ocrx_word' id='word_1_245' title='bbox 687 1902 829 1957; x_wconf 88' lang='lat' dir='ltr'><strong>aliud</strong></span> <span class='ocrx_word' id='word_1_246' title='bbox 859 1916 1018 1972; x_wconf 88' lang='lat' dir='ltr'><strong>quam</strong></span> <span class='ocrx_word' id='word_1_247' title='bbox 1046 1901 1159 1968; x_wconf 87' lang='lat' dir='ltr'><strong>ipse</strong></span> <span class='ocrx_word' id='word_1_248' title='bbox 1185 1896 1480 1951; x_wconf 80' lang='lat' dir='ltr'><strong>Eunnntius</strong></span> <span class='ocrx_word' id='word_1_249' title='bbox 1517 1893 1799 1962; x_wconf 89' lang='lat' dir='ltr'><strong>disputare</strong></span> <span class='ocrx_word' id='word_1_250' title='bbox 1828 1890 2108 1955; x_wconf 87' lang='lat' dir='ltr'><strong>credatur,</strong></span> <span class='ocrx_word' id='word_1_251' title='bbox 2148 1914 2151 1915; x_wconf 52' lang='grc' dir='ltr'><em>ν</em></span> 
     </span>
    </p>
   </div>
   <div class='ocr_carea' id='block_1_34' title="bbox 515 1983 2114 2061">
    <p class='ocr_par' dir='ltr' id='par_1_34' title="bbox 515 1983 2114 2061">
     <span class='ocr_line' id='line_1_34' title="bbox 515 1983 2114 2061; baseline -0.011 -10"><span class='ocrx_word' id='word_1_252' title='bbox 515 1996 715 2051; x_wconf 85' lang='lat' dir='ltr'><strong>Filium</strong></span> <span class='ocrx_word' id='word_1_253' title='bbox 768 1993 858 2048; x_wconf 82' lang='lat' dir='ltr'><strong>Dei</strong></span> <span class='ocrx_word' id='word_1_254' title='bbox 892 2000 1132 2046; x_wconf 82' lang='lat' dir='ltr'><strong>creatum</strong></span> <span class='ocrx_word' id='word_1_255' title='bbox 1164 1988 1325 2061; x_wconf 76' lang='lat'><strong>508</strong></span> <span class='ocrx_word' id='word_1_256' title='bbox 1352 1986 1421 2041; x_wconf 89' lang='lat' dir='ltr'><strong>de</strong></span> <span class='ocrx_word' id='word_1_257' title='bbox 1457 1986 1621 2039; x_wconf 91' lang='lat' dir='ltr'><strong>nullis</strong></span> <span class='ocrx_word' id='word_1_258' title='bbox 1648 1983 1996 2037; x_wconf 80' lang='lat' dir='ltr'><strong>exstantibus</strong></span> <span class='ocrx_word' id='word_1_259' title='bbox 2029 1995 2114 2035; x_wconf 88' lang='lat' dir='ltr'><strong>as-</strong></span> 
     </span>
    </p>
   </div>
   <div class='ocr_carea' id='block_1_35' title="bbox 518 2073 2108 2152">
    <p class='ocr_par' dir='ltr' id='par_1_35' title="bbox 518 2073 2108 2152">
     <span class='ocr_line' id='line_1_35' title="bbox 518 2073 2108 2152; baseline -0.011 -8"><span class='ocrx_word' id='word_1_260' title='bbox 518 2101 798 2144; x_wconf 87' lang='lat' dir='ltr'><strong>severans.</strong></span> <span class='ocrx_word' id='word_1_261' title='bbox 823 2103 843 2136; x_wconf 84' lang='grc'>›</span> <span class='ocrx_word' id='word_1_262' title='bbox 874 2085 936 2138; x_wconf 86' lang='grc' dir='ltr'>Ει</span> <span class='ocrx_word' id='word_1_263' title='bbox 956 2089 1078 2152; x_wconf 89' lang='lat' dir='ltr'><strong>post</strong></span> <span class='ocrx_word' id='word_1_264' title='bbox 1098 2082 1224 2146; x_wconf 90' lang='lat' dir='ltr'><strong>alia,</strong></span> <span class='ocrx_word' id='word_1_265' title='bbox 1258 2096 1376 2149; x_wconf 80' lang='lat' dir='ltr'><strong>qua:</strong></span> <span class='ocrx_word' id='word_1_266' title='bbox 1396 2077 1670 2147; x_wconf 82' lang='lat' dir='ltr'><strong>prolixum</strong></span> <span class='ocrx_word' id='word_1_267' title='bbox 1696 2084 1799 2140; x_wconf 91' lang='lat' dir='ltr'><strong>est,</strong></span> <span class='ocrx_word' id='word_1_268' title='bbox 1829 2073 2070 2128; x_wconf 86' lang='lat' dir='ltr'><strong>scribere</strong></span> <span class='ocrx_word' id='word_1_269' title='bbox 2096 2088 2108 2126; x_wconf 89' lang='lat'><strong>:</strong></span> 
     </span>
    </p>
   </div>
   <div class='ocr_carea' id='block_1_36' title="bbox 525 2166 2116 2249">
    <p class='ocr_par' dir='ltr' id='par_1_36' title="bbox 525 2166 2116 2249">
     <span class='ocr_line' id='line_1_36' title="bbox 525 2166 2116 2249; baseline -0.008 -16"><span class='ocrx_word' id='word_1_270' title='bbox 525 2199 543 2233; x_wconf 74' lang='grc' dir='ltr'>ι</span> <span class='ocrx_word' id='word_1_271' title='bbox 565 2180 723 2249; x_wconf 77' lang='lat' dir='ltr'><strong>Quid,</strong></span> <span class='ocrx_word' id='word_1_272' title='bbox 745 2194 949 2247; x_wconf 70' lang='lat' dir='ltr'><strong>qumso,</strong></span> <span class='ocrx_word' id='word_1_273' title='bbox 968 2177 1066 2242; x_wconf 88' lang='lat' dir='ltr'><strong>ait,</strong></span> <span class='ocrx_word' id='word_1_274' title='bbox 1081 2174 1148 2230; x_wconf 92' lang='lat' dir='ltr'><strong>de</strong></span> <span class='ocrx_word' id='word_1_275' title='bbox 1164 2175 1247 2228; x_wconf 91' lang='lat' dir='ltr'><strong>his</strong></span> <span class='ocrx_word' id='word_1_276' title='bbox 1261 2170 1605 2227; x_wconf 87' lang='lat' dir='ltr'><strong>sentiendum</strong></span> <span class='ocrx_word' id='word_1_277' title='bbox 1623 2177 1729 2234; x_wconf 88' lang='lat' dir='ltr'><strong>est,</strong></span> <span class='ocrx_word' id='word_1_278' title='bbox 1748 2180 1769 2207; x_wconf 76' lang='grc' dir='ltr'><strong><em>ο</em></strong></span> <span class='ocrx_word' id='word_1_279' title='bbox 1787 2166 1930 2237; x_wconf 89' lang='lat' dir='ltr'><strong>quod</strong></span> <span class='ocrx_word' id='word_1_280' title='bbox 1948 2166 2116 2249; x_wconf 59' lang='lat' dir='ltr'><strong>Apes}</strong></span> 
     </span>
    </p>
   </div>
   <div class='ocr_carea' id='block_1_37' title="bbox 517 2252 2112 2341">
    <p class='ocr_par' dir='ltr' id='par_1_37' title="bbox 517 2252 2112 2341">
     <span class='ocr_line' id='line_1_37' title="bbox 517 2252 2112 2341; baseline -0.009 -14"><span class='ocrx_word' id='word_1_281' title='bbox 517 2273 714 2328; x_wconf 90' lang='lat' dir='ltr'><strong>tolicus</strong></span> <span class='ocrx_word' id='word_1_282' title='bbox 738 2273 820 2327; x_wconf 90' lang='lat' dir='ltr'><strong>vir</strong></span> <span class='ocrx_word' id='word_1_283' title='bbox 844 2269 1107 2325; x_wconf 66' lang='lat' dir='ltr'><strong>haeretica</strong></span> <span class='ocrx_word' id='word_1_284' title='bbox 1127 2265 1454 2337; x_wconf 87' lang='lat' dir='ltr'><strong>scripserit?</strong></span> <span class='ocrx_word' id='word_1_285' title='bbox 1486 2264 1569 2319; x_wconf 86' lang='lat' dir='ltr'><strong>An</strong></span> <span class='ocrx_word' id='word_1_286' title='bbox 1602 2262 1652 2317; x_wconf 89' lang='lat' dir='ltr'><strong>id</strong></span> <span class='ocrx_word' id='word_1_287' title='bbox 1684 2261 1861 2331; x_wconf 90' lang='lat' dir='ltr'><strong>potius</strong></span> <span class='ocrx_word' id='word_1_288' title='bbox 1890 2252 2112 2341; x_wconf 63' lang='lat' dir='ltr'><strong>credeni</strong></span> 
     </span>
    </p>
   </div>
   <div class='ocr_carea' id='block_1_38' title="bbox 519 2353 2115 2433">
    <p class='ocr_par' dir='ltr' id='par_1_38' title="bbox 519 2353 2115 2433">
     <span class='ocr_line' id='line_1_38' title="bbox 519 2353 2115 2433; baseline -0.009 -15"><span class='ocrx_word' id='word_1_289' title='bbox 519 2364 670 2431; x_wconf 92' lang='lat' dir='ltr'><strong>dum,</strong></span> <span class='ocrx_word' id='word_1_290' title='bbox 704 2353 845 2433; x_wconf 58' lang='lat' dir='ltr'><strong>qut’fd</strong></span> <span class='ocrx_word' id='word_1_291' title='bbox 872 2361 1116 2433; x_wconf 89' lang='lat' dir='ltr'><strong>perversi</strong></span> <span class='ocrx_word' id='word_1_292' title='bbox 1144 2358 1393 2413; x_wconf 87' lang='lat' dir='ltr'><strong>homines</strong></span> <span class='ocrx_word' id='word_1_293' title='bbox 1418 2356 1484 2411; x_wconf 91' lang='lat' dir='ltr'><strong>ad</strong></span> <span class='ocrx_word' id='word_1_294' title='bbox 1516 2353 1870 2410; x_wconf 87' lang='lat' dir='ltr'><strong>assertionem</strong></span> <span class='ocrx_word' id='word_1_295' title='bbox 1895 2354 2115 2423; x_wconf 82' lang='lat' dir='ltr'><strong>dogma-</strong></span> 
     </span>
    </p>
   </div>
   <div class='ocr_carea' id='block_1_39' title="bbox 520 2448 2117 2511">
    <p class='ocr_par' dir='ltr' id='par_1_39' title="bbox 520 2448 2117 2511">
     <span class='ocr_line' id='line_1_39' title="bbox 520 2448 2117 2511; baseline -0.008 -1"><span class='ocrx_word' id='word_1_296' title='bbox 520 2466 633 2510; x_wconf 91' lang='lat' dir='ltr'><strong>tum</strong></span> <span class='ocrx_word' id='word_1_297' title='bbox 665 2470 889 2511; x_wconf 91' lang='lat' dir='ltr'><strong>suorum</strong></span> <span class='ocrx_word' id='word_1_298' title='bbox 945 2454 1047 2508; x_wconf 92' lang='lat' dir='ltr'><strong>sub</strong></span> <span class='ocrx_word' id='word_1_299' title='bbox 1076 2454 1319 2507; x_wconf 89' lang='lat' dir='ltr'><strong>virorum</strong></span> <span class='ocrx_word' id='word_1_300' title='bbox 1364 2459 1675 2505; x_wconf 87' lang='lat' dir='ltr'><strong>sanctorum</strong></span> <span class='ocrx_word' id='word_1_301' title='bbox 1709 2448 1947 2509; x_wconf 88' lang='lat' dir='ltr'><strong>nomine,</strong></span> <span class='ocrx_word' id='word_1_302' title='bbox 1980 2453 2117 2500; x_wconf 71' lang='lat' dir='ltr'><strong>lalllv</strong></span> 
     </span>
    </p>
   </div>
   <div class='ocr_carea' id='block_1_40' title="bbox 518 2529 2117 2619">
    <p class='ocr_par' dir='ltr' id='par_1_40' title="bbox 518 2529 2117 2619">
     <span class='ocr_line' id='line_1_40' title="bbox 518 2529 2117 2619; baseline -0.008 -17"><span class='ocrx_word' id='word_1_303' title='bbox 518 2563 683 2619; x_wconf 92' lang='lat' dir='ltr'><strong>quam</strong></span> <span class='ocrx_word' id='word_1_304' title='bbox 734 2546 948 2601; x_wconf 79' lang='lat' dir='ltr'><strong>facilius</strong></span> <span class='ocrx_word' id='word_1_305' title='bbox 975 2544 1279 2610; x_wconf 87' lang='lat' dir='ltr'><strong>credenda,</strong></span> <span class='ocrx_word' id='word_1_306' title='bbox 1329 2540 1748 2597; x_wconf 89' lang='lat' dir='ltr'><strong>intcrseruerint</strong></span> <span class='ocrx_word' id='word_1_307' title='bbox 1774 2554 1860 2603; x_wconf 89' lang='lat' dir='ltr'><strong>ea,</strong></span> <span class='ocrx_word' id='word_1_308' title='bbox 1892 2553 2010 2607; x_wconf 71' lang='lat' dir='ltr'><strong>qua:</strong></span> <span class='ocrx_word' id='word_1_309' title='bbox 2042 2529 2117 2590; x_wconf 85' lang='lat' dir='ltr'><strong>illi</strong></span> 
     </span>
    </p>
   </div>
   <div class='ocr_carea' id='block_1_41' title="bbox 519 2626 2121 2705">
    <p class='ocr_par' dir='ltr' id='par_1_41' title="bbox 519 2626 2121 2705">
     <span class='ocr_line' id='line_1_41' title="bbox 519 2626 2121 2705; baseline -0.01 -9"><span class='ocrx_word' id='word_1_310' title='bbox 519 2656 620 2696; x_wconf 90' lang='lat' dir='ltr'><strong>nec</strong></span> <span class='ocrx_word' id='word_1_311' title='bbox 666 2640 905 2696; x_wconf 88' lang='lat' dir='ltr'><strong>sensisse</strong></span> <span class='ocrx_word' id='word_1_312' title='bbox 929 2679 944 2704; x_wconf 91' lang='lat'><strong>,</strong></span> <span class='ocrx_word' id='word_1_313' title='bbox 1003 2652 1101 2692; x_wconf 84' lang='lat' dir='ltr'><strong>nec</strong></span> <span class='ocrx_word' id='word_1_314' title='bbox 1126 2636 1418 2705; x_wconf 87' lang='lat' dir='ltr'><strong>scripsisse</strong></span> <span class='ocrx_word' id='word_1_315' title='bbox 1440 2631 1695 2688; x_wconf 89' lang='lat' dir='ltr'><strong>credendi</strong></span> <span class='ocrx_word' id='word_1_316' title='bbox 1728 2629 1890 2685; x_wconf 90' lang='lat' dir='ltr'><strong>sunt?</strong></span> <span class='ocrx_word' id='word_1_317' title='bbox 1930 2648 1947 2679; x_wconf 72' lang='grc' dir='ltr'><strong><em>ι</em></strong></span> <span class='ocrx_word' id='word_1_318' title='bbox 1998 2626 2121 2682; x_wconf 79' lang='lat' dir='ltr'><strong>Cle-</strong></span> 
     </span>
    </p>
   </div>
   <div class='ocr_carea' id='block_1_42' title="bbox 520 2726 2116 2808">
    <p class='ocr_par' dir='ltr' id='par_1_42' title="bbox 520 2726 2116 2808">
     <span class='ocr_line' id='line_1_42' title="bbox 520 2726 2116 2808; baseline -0.009 -18"><span class='ocrx_word' id='word_1_319' title='bbox 520 2747 759 2791; x_wconf 88' lang='lat' dir='ltr'><strong>mentem</strong></span> <span class='ocrx_word' id='word_1_320' title='bbox 783 2747 998 2803; x_wconf 88' lang='lat' dir='ltr'><strong>quoque</strong></span> <span class='ocrx_word' id='word_1_321' title='bbox 1023 2730 1408 2788; x_wconf 65' lang='lat' dir='ltr'><strong>Alexandrinae</strong></span> <span class='ocrx_word' id='word_1_322' title='bbox 1435 2728 1697 2782; x_wconf 55' lang='lat' dir='ltr'><strong>Ecclesiae</strong></span> <span class='ocrx_word' id='word_1_323' title='bbox 1719 2726 2116 2808; x_wconf 79' lang='lat' dir='ltr'><strong>presbyterum,</strong></span> 
     </span>
    </p>
   </div>
   <div class='ocr_carea' id='block_1_43' title="bbox 522 2816 2120 2891">
    <p class='ocr_par' dir='ltr' id='par_1_43' title="bbox 522 2816 2120 2891">
     <span class='ocr_line' id='line_1_43' title="bbox 522 2816 2120 2891; baseline -0.008 -10"><span class='ocrx_word' id='word_1_324' title='bbox 522 2829 698 2881; x_wconf 78' lang='lat' dir='ltr'><strong>virum</strong></span> <span class='ocrx_word' id='word_1_325' title='bbox 730 2826 1100 2891; x_wconf 87' lang='lat' dir='ltr'><strong>catholicum,</strong></span> <span class='ocrx_word' id='word_1_326' title='bbox 1156 2823 1345 2878; x_wconf 87' lang='lat' dir='ltr'><strong>scribit</strong></span> <span class='ocrx_word' id='word_1_327' title='bbox 1377 2822 1430 2875; x_wconf 90' lang='lat' dir='ltr'><strong>in</strong></span> <span class='ocrx_word' id='word_1_328' title='bbox 1483 2820 1637 2875; x_wconf 86' lang='lat' dir='ltr'><strong>libris</strong></span> <span class='ocrx_word' id='word_1_329' title='bbox 1684 2819 1797 2872; x_wconf 89' lang='lat' dir='ltr'><strong>suis</strong></span> <span class='ocrx_word' id='word_1_330' title='bbox 1852 2816 2120 2871; x_wconf 81' lang='lat' dir='ltr'><strong>interdum</strong></span> 
     </span>
    </p>
   </div>
   <div class='ocr_carea' id='block_1_44' title="bbox 526 2908 2124 2981">
    <p class='ocr_par' dir='ltr' id='par_1_44' title="bbox 526 2908 2124 2981">
     <span class='ocr_line' id='line_1_44' title="bbox 526 2908 2124 2981; baseline -0.006 -8"><span class='ocrx_word' id='word_1_331' title='bbox 526 2919 627 2973; x_wconf 87' lang='lat' dir='ltr'><strong>Dei</strong></span> <span class='ocrx_word' id='word_1_332' title='bbox 654 2917 851 2972; x_wconf 85' lang='lat' dir='ltr'><strong>Filium</strong></span> <span class='ocrx_word' id='word_1_333' title='bbox 896 2916 1080 2972; x_wconf 86' lang='lat' dir='ltr'><strong>dicere</strong></span> <span class='ocrx_word' id='word_1_334' title='bbox 1109 2927 1387 2970; x_wconf 87' lang='lat' dir='ltr'><strong>creatum:</strong></span> <span class='ocrx_word' id='word_1_335' title='bbox 1436 2920 1489 2968; x_wconf 88' lang='lat' dir='ltr'><strong>et</strong></span> <span class='ocrx_word' id='word_1_336' title='bbox 1522 2910 1843 2981; x_wconf 87' lang='lat' dir='ltr'><strong>Dionysium</strong></span> <span class='ocrx_word' id='word_1_337' title='bbox 1884 2908 2124 2964; x_wconf 59' lang='lat' dir='ltr'><strong>Alexan-</strong></span> 
     </span>
    </p>
   </div>
   <div class='ocr_carea' id='block_1_45' title="bbox 526 3004 2124 3079">
    <p class='ocr_par' dir='ltr' id='par_1_45' title="bbox 526 3004 2124 3079">
     <span class='ocr_line' id='line_1_45' title="bbox 526 3004 2124 3079; baseline -0.005 -14"><span class='ocrx_word' id='word_1_338' title='bbox 526 3010 698 3065; x_wconf 77' lang='lat' dir='ltr'><strong>drinzn</strong></span> <span class='ocrx_word' id='word_1_339' title='bbox 724 3008 871 3063; x_wconf 85' lang='lat' dir='ltr'><strong>urbis</strong></span> <span class='ocrx_word' id='word_1_340' title='bbox 898 3010 1215 3079; x_wconf 88' lang='lat' dir='ltr'><strong>episcopum</strong></span> <span class='ocrx_word' id='word_1_341' title='bbox 1242 3048 1256 3072; x_wconf 92' lang='lat'><strong>,</strong></span> <span class='ocrx_word' id='word_1_342' title='bbox 1309 3008 1483 3060; x_wconf 92' lang='lat' dir='ltr'><strong>virum</strong></span> <span class='ocrx_word' id='word_1_343' title='bbox 1513 3004 1963 3070; x_wconf 86' lang='lat' dir='ltr'><strong>eruditissimum,</strong></span> <span class='ocrx_word' id='word_1_344' title='bbox 1995 3018 2124 3058; x_wconf 80' lang='lat' dir='ltr'><strong>con-</strong></span> 
     </span>
    </p>
   </div>
   <div class='ocr_carea' id='block_1_46' title="bbox 530 3094 2123 3169">
    <p class='ocr_par' dir='ltr' id='par_1_46' title="bbox 530 3094 2123 3169">
     <span class='ocr_line' id='line_1_46' title="bbox 530 3094 2123 3169; baseline -0.005 -12"><span class='ocrx_word' id='word_1_345' title='bbox 530 3112 609 3157; x_wconf 89' lang='lat' dir='ltr'><strong>tra</strong></span> <span class='ocrx_word' id='word_1_346' title='bbox 649 3100 947 3158; x_wconf 89' lang='lat' dir='ltr'><strong>Sabellium</strong></span> <span class='ocrx_word' id='word_1_347' title='bbox 986 3106 1220 3169; x_wconf 88' lang='lat' dir='ltr'><strong>quatuor</strong></span> <span class='ocrx_word' id='word_1_348' title='bbox 1249 3095 1621 3152; x_wconf 87' lang='lat' dir='ltr'><strong>voluminibus</strong></span> <span class='ocrx_word' id='word_1_349' title='bbox 1642 3094 2034 3165; x_wconf 88' lang='lat' dir='ltr'><strong>disputantem,</strong></span> <span class='ocrx_word' id='word_1_350' title='bbox 2068 3096 2123 3149; x_wconf 89' lang='lat' dir='ltr'><strong>in</strong></span> 
     </span>
    </p>
   </div>
   <div class='ocr_carea' id='block_1_47' title="bbox 2214 1890 3813 1969">
    <p class='ocr_par' dir='ltr' id='par_1_47' title="bbox 2214 1890 3813 1969">
     <span class='ocr_line' id='line_1_47' title="bbox 2214 1890 3813 1969; baseline 0.001 -25"><span class='ocrx_word' id='word_1_351' title='bbox 2214 1898 2301 1969; x_wconf 90' lang='lat' dir='ltr'><strong>tur</strong></span> <span class='ocrx_word' id='word_1_352' title='bbox 2330 1890 2549 1960; x_wconf 87' lang='lat' dir='ltr'><strong>Origeni</strong></span> <span class='ocrx_word' id='word_1_353' title='bbox 2580 1892 2833 1958; x_wconf 92' lang='lat' dir='ltr'><strong>crimina,</strong></span> <span class='ocrx_word' id='word_1_354' title='bbox 2859 1901 2913 1947; x_wconf 90' lang='lat' dir='ltr'><strong>et</strong></span> <span class='ocrx_word' id='word_1_355' title='bbox 2961 1902 3014 1946; x_wconf 90' lang='lat' dir='ltr'><strong>tu</strong></span> <span class='ocrx_word' id='word_1_356' title='bbox 3047 1907 3152 1947; x_wconf 89' lang='lat' dir='ltr'><strong>non</strong></span> <span class='ocrx_word' id='word_1_357' title='bbox 3180 1891 3331 1946; x_wconf 87' lang='lat' dir='ltr'><strong>illum</strong></span> <span class='ocrx_word' id='word_1_358' title='bbox 3396 1891 3645 1947; x_wconf 89' lang='lat' dir='ltr'><strong>defendis</strong></span> <span class='ocrx_word' id='word_1_359' title='bbox 3667 1932 3682 1956; x_wconf 94' lang='lat'><strong>,</strong></span> <span class='ocrx_word' id='word_1_360' title='bbox 3718 1891 3813 1946; x_wconf 90' lang='lat' dir='ltr'><strong>sed</strong></span> 
     </span>
    </p>
   </div>
   <div class='ocr_carea' id='block_1_48' title="bbox 2214 1983 3816 2051">
    <p class='ocr_par' dir='ltr' id='par_1_48' title="bbox 2214 1983 3816 2051">
     <span class='ocr_line' id='line_1_48' title="bbox 2214 1983 3816 2051; baseline 0.002 -15"><span class='ocrx_word' id='word_1_361' title='bbox 2214 1983 2351 2037; x_wconf 88' lang='lat' dir='ltr'><strong>alios</strong></span> <span class='ocrx_word' id='word_1_362' title='bbox 2371 1997 2627 2050; x_wconf 88' lang='lat' dir='ltr'><strong>accusas;</strong></span> <span class='ocrx_word' id='word_1_363' title='bbox 2672 1999 2771 2039; x_wconf 91' lang='lat' dir='ltr'><strong>nec</strong></span> <span class='ocrx_word' id='word_1_364' title='bbox 2822 1986 3028 2039; x_wconf 88' lang='lat' dir='ltr'><strong>crimen</strong></span> <span class='ocrx_word' id='word_1_365' title='bbox 3075 1984 3303 2051; x_wconf 91' lang='lat' dir='ltr'><strong>renuis,</strong></span> <span class='ocrx_word' id='word_1_366' title='bbox 3353 1984 3450 2039; x_wconf 92' lang='lat' dir='ltr'><strong>sed</strong></span> <span class='ocrx_word' id='word_1_367' title='bbox 3490 1983 3816 2039; x_wconf 88' lang='lat' dir='ltr'><strong>criminoso-</strong></span> 
     </span>
    </p>
   </div>
   <div class='ocr_carea' id='block_1_49' title="bbox 2215 2074 3816 2146">
    <p class='ocr_par' dir='ltr' id='par_1_49' title="bbox 2215 2074 3816 2146">
     <span class='ocr_line' id='line_1_49' title="bbox 2215 2074 3816 2146; baseline 0.002 -18"><span class='ocrx_word' id='word_1_368' title='bbox 2215 2089 2333 2128; x_wconf 87' lang='lat' dir='ltr'><strong>rum</strong></span> <span class='ocrx_word' id='word_1_369' title='bbox 2369 2074 2584 2129; x_wconf 90' lang='lat' dir='ltr'><strong>turbam</strong></span> <span class='ocrx_word' id='word_1_370' title='bbox 2634 2076 2887 2146; x_wconf 90' lang='lat' dir='ltr'><strong>requiris.</strong></span> <span class='ocrx_word' id='word_1_371' title='bbox 2923 2075 2977 2129; x_wconf 88' lang='lat' dir='ltr'><strong>Si</strong></span> <span class='ocrx_word' id='word_1_372' title='bbox 3027 2075 3123 2130; x_wconf 90' lang='lat' dir='ltr'><strong>tibi</strong></span> <span class='ocrx_word' id='word_1_373' title='bbox 3159 2075 3457 2143; x_wconf 87' lang='lat' dir='ltr'><strong>diceretur,</strong></span> <span class='ocrx_word' id='word_1_374' title='bbox 3490 2090 3629 2145; x_wconf 91' lang='lat' dir='ltr'><strong>quos</strong></span> <span class='ocrx_word' id='word_1_375' title='bbox 3656 2077 3816 2132; x_wconf 75' lang='lat' dir='ltr'><strong>habet</strong></span> 
     </span>
    </p>
   </div>
   <div class='ocr_carea' id='block_1_50' title="bbox 2214 2152 3816 2239">
    <p class='ocr_par' dir='ltr' id='par_1_50' title="bbox 2214 2152 3816 2239">
     <span class='ocr_line' id='line_1_50' title="bbox 2214 2152 3816 2239; baseline 0.002 -18"><span class='ocrx_word' id='word_1_376' title='bbox 2214 2152 2475 2236; x_wconf 75' lang='lat' dir='ltr'><strong>Origenes</strong></span> <span class='ocrx_word' id='word_1_377' title='bbox 2501 2167 2553 2221; x_wconf 90' lang='lat' dir='ltr'><strong>in</strong></span> <span class='ocrx_word' id='word_1_378' title='bbox 2586 2167 2778 2222; x_wconf 78' lang='lat' dir='ltr'><strong>lueresi</strong></span> <span class='ocrx_word' id='word_1_379' title='bbox 2802 2168 3006 2234; x_wconf 91' lang='lat' dir='ltr'><strong>socios,</strong></span> <span class='ocrx_word' id='word_1_380' title='bbox 3030 2180 3179 2224; x_wconf 90' lang='lat' dir='ltr'><strong>recte</strong></span> <span class='ocrx_word' id='word_1_381' title='bbox 3201 2169 3302 2223; x_wconf 89' lang='lat' dir='ltr'><strong>ista</strong></span> <span class='ocrx_word' id='word_1_382' title='bbox 3334 2168 3606 2239; x_wconf 80' lang='lat' dir='ltr'><strong>proferes.</strong></span> <span class='ocrx_word' id='word_1_383' title='bbox 3664 2168 3816 2225; x_wconf 83' lang='lat' dir='ltr'><strong>Nunc</strong></span> 
     </span>
    </p>
   </div>
   <div class='ocr_carea' id='block_1_51' title="bbox 2216 2259 3807 2343">
    <p class='ocr_par' dir='ltr' id='par_1_51' title="bbox 2216 2259 3807 2343">
     <span class='ocr_line' id='line_1_51' title="bbox 2216 2259 3807 2343; baseline 0.002 -29"><span class='ocrx_word' id='word_1_384' title='bbox 2216 2275 2246 2313; x_wconf 91' lang='lat' dir='ltr'><strong>a</strong></span> <span class='ocrx_word' id='word_1_385' title='bbox 2280 2259 2634 2343; x_wconf 71' lang='lat' dir='ltr'><strong>te‘q‘uaeritur,</strong></span> <span class='ocrx_word' id='word_1_386' title='bbox 2660 2262 2775 2318; x_wconf 70' lang='lat' dir='ltr'><strong>hzec</strong></span> <span class='ocrx_word' id='word_1_387' title='bbox 2801 2278 2922 2334; x_wconf 68' lang='lat' dir='ltr'><strong>qum</strong></span> <span class='ocrx_word' id='word_1_388' title='bbox 2955 2264 3008 2318; x_wconf 91' lang='lat' dir='ltr'><strong>in</strong></span> <span class='ocrx_word' id='word_1_389' title='bbox 3038 2261 3287 2333; x_wconf 84' lang='lat' dir='ltr'><strong>Origenis</strong></span> <span class='ocrx_word' id='word_1_390' title='bbox 3312 2263 3468 2318; x_wconf 91' lang='lat' dir='ltr'><strong>libris</strong></span> <span class='ocrx_word' id='word_1_391' title='bbox 3490 2264 3696 2333; x_wconf 84' lang='lat' dir='ltr'><strong>scripta</strong></span> <span class='ocrx_word' id='word_1_392' title='bbox 3726 2279 3807 2318; x_wconf 89' lang='lat' dir='ltr'><strong>re-</strong></span> 
     </span>
    </p>
   </div>
   <div class='ocr_carea' id='block_1_52' title="bbox 2217 2351 3817 2426">
    <p class='ocr_par' dir='ltr' id='par_1_52' title="bbox 2217 2351 3817 2426">
     <span class='ocr_line' id='line_1_52' title="bbox 2217 2351 3817 2426; baseline 0.004 -21"><span class='ocrx_word' id='word_1_393' title='bbox 2217 2351 2527 2421; x_wconf 90' lang='lat' dir='ltr'><strong>periuntur,</strong></span> <span class='ocrx_word' id='word_1_394' title='bbox 2574 2352 2714 2409; x_wconf 87' lang='lat' dir='ltr'><strong>bona</strong></span> <span class='ocrx_word' id='word_1_395' title='bbox 2762 2355 2871 2409; x_wconf 86' lang='lat' dir='ltr'><strong>sint</strong></span> <span class='ocrx_word' id='word_1_396' title='bbox 2899 2370 2970 2409; x_wconf 88' lang='lat' dir='ltr'><strong>an</strong></span> <span class='ocrx_word' id='word_1_397' title='bbox 3020 2356 3196 2409; x_wconf 87' lang='lat' dir='ltr'><strong>mala?</strong></span> <span class='ocrx_word' id='word_1_398' title='bbox 3234 2355 3431 2424; x_wconf 87' lang='lat' dir='ltr'><strong>Taces,</strong></span> <span class='ocrx_word' id='word_1_399' title='bbox 3480 2365 3535 2410; x_wconf 92' lang='lat' dir='ltr'><strong>et</strong></span> <span class='ocrx_word' id='word_1_400' title='bbox 3586 2372 3687 2426; x_wconf 84' lang='lat' dir='ltr'><strong>pro</strong></span> <span class='ocrx_word' id='word_1_401' title='bbox 3738 2356 3817 2411; x_wconf 88' lang='lat' dir='ltr'><strong>his</strong></span> 
     </span>
    </p>
   </div>
   <div class='ocr_carea' id='block_1_53' title="bbox 2218 2436 3819 2521">
    <p class='ocr_par' dir='ltr' id='par_1_53' title="bbox 2218 2436 3819 2521">
     <span class='ocr_line' id='line_1_53' title="bbox 2218 2436 3819 2521; baseline 0.002 -22"><span class='ocrx_word' id='word_1_402' title='bbox 2218 2436 2615 2515; x_wconf 60' lang='lat' dir='ltr'><strong>aliaT-lottueris.</strong></span> <span class='ocrx_word' id='word_1_403' title='bbox 2656 2446 3043 2521; x_wconf 82' lang='lat' dir='ltr'><strong>Clemenshoc</strong></span> <span class='ocrx_word' id='word_1_404' title='bbox 3088 2447 3211 2502; x_wconf 90' lang='lat' dir='ltr'><strong>ait:</strong></span> <span class='ocrx_word' id='word_1_405' title='bbox 3257 2447 3553 2519; x_wconf 82' lang='lat' dir='ltr'><strong>Dionysius</strong></span> <span class='ocrx_word' id='word_1_406' title='bbox 3602 2447 3661 2502; x_wconf 93' lang='lat' dir='ltr'><strong>in</strong></span> <span class='ocrx_word' id='word_1_407' title='bbox 3717 2448 3819 2503; x_wconf 91' lang='lat' dir='ltr'><strong>isto</strong></span> 
     </span>
    </p>
   </div>
   <div class='ocr_carea' id='block_1_54' title="bbox 2221 2524 3818 2612">
    <p class='ocr_par' dir='ltr' id='par_1_54' title="bbox 2221 2524 3818 2612">
     <span class='ocr_line' id='line_1_54' title="bbox 2221 2524 3818 2612; baseline 0 -17"><span class='ocrx_word' id='word_1_408' title='bbox 2221 2524 2409 2595; x_wconf 79' lang='lat' dir='ltr'><strong>errore</strong></span> <span class='ocrx_word' id='word_1_409' title='bbox 2458 2539 2894 2611; x_wconf 84' lang='lat' dir='ltr'><strong>deprehenditur</strong></span> <span class='ocrx_word' id='word_1_410' title='bbox 2927 2557 2939 2591; x_wconf 91' lang='lat'>:</span> <span class='ocrx_word' id='word_1_411' title='bbox 2978 2549 3000 2577; x_wconf 69' lang='grc' dir='ltr'>ε</span> <span class='ocrx_word' id='word_1_412' title='bbox 3032 2538 3365 2595; x_wconf 83' lang='lat' dir='ltr'><strong>Athanasius</strong></span> <span class='ocrx_word' id='word_1_413' title='bbox 3410 2538 3524 2612; x_wconf 81' lang='lat' dir='ltr'><strong>[AL</strong></span> <span class='ocrx_word' id='word_1_414' title='bbox 3586 2540 3818 2596; x_wconf 88' lang='lat' dir='ltr'><strong>Anasta-</strong></span> 
     </span>
    </p>
   </div>
   <div class='ocr_carea' id='block_1_55' title="bbox 2221 2620 3820 2705">
    <p class='ocr_par' dir='ltr' id='par_1_55' title="bbox 2221 2620 3820 2705">
     <span class='ocr_line' id='line_1_55' title="bbox 2221 2620 3820 2705; baseline 0.001 -17"><span class='ocrx_word' id='word_1_415' title='bbox 2221 2620 2670 2705; x_wconf 30' lang='lat' dir='ltr'><strong>sius]&#39;episcopus</strong></span> <span class='ocrx_word' id='word_1_416' title='bbox 2692 2633 2771 2688; x_wconf 90' lang='lat' dir='ltr'><strong>sic</strong></span> <span class='ocrx_word' id='word_1_417' title='bbox 2804 2630 3049 2705; x_wconf 90' lang='lat' dir='ltr'><strong>Dionysii</strong></span> <span class='ocrx_word' id='word_1_418' title='bbox 3072 2632 3326 2689; x_wconf 81' lang='lat' dir='ltr'><strong>defendit</strong></span> <span class='ocrx_word' id='word_1_419' title='bbox 3352 2649 3596 2689; x_wconf 91' lang='lat' dir='ltr'><strong>errorem</strong></span> <span class='ocrx_word' id='word_1_420' title='bbox 3636 2653 3649 2687; x_wconf 93' lang='lat'><strong>:</strong></span> <span class='ocrx_word' id='word_1_421' title='bbox 3678 2633 3820 2705; x_wconf 84' lang='lat' dir='ltr'><strong>Apo-</strong></span> 
     </span>
    </p>
   </div>
   <div class='ocr_carea' id='block_1_56' title="bbox 2223 2726 3818 2798">
    <p class='ocr_par' dir='ltr' id='par_1_56' title="bbox 2223 2726 3818 2798">
     <span class='ocr_line' id='line_1_56' title="bbox 2223 2726 3818 2798; baseline 0.001 -17"><span class='ocrx_word' id='word_1_422' title='bbox 2223 2726 2487 2781; x_wconf 91' lang='lat' dir='ltr'><strong>stolorum</strong></span> <span class='ocrx_word' id='word_1_423' title='bbox 2510 2727 2712 2797; x_wconf 87' lang='lat' dir='ltr'><strong>scripta</strong></span> <span class='ocrx_word' id='word_1_424' title='bbox 2740 2726 2998 2782; x_wconf 91' lang='lat' dir='ltr'><strong>similiter</strong></span> <span class='ocrx_word' id='word_1_425' title='bbox 3019 2727 3318 2797; x_wconf 87' lang='lat' dir='ltr'><strong>depravata</strong></span> <span class='ocrx_word' id='word_1_426' title='bbox 3353 2735 3512 2792; x_wconf 91' lang='lat' dir='ltr'><strong>sunt;</strong></span> <span class='ocrx_word' id='word_1_427' title='bbox 3542 2727 3818 2798; x_wconf 89' lang='lat' dir='ltr'><strong>quomodo</strong></span> 
     </span>
    </p>
   </div>
   <div class='ocr_carea' id='block_1_57' title="bbox 2224 2802 3814 2891">
    <p class='ocr_par' dir='ltr' id='par_1_57' title="bbox 2224 2802 3814 2891">
     <span class='ocr_line' id='line_1_57' title="bbox 2224 2802 3814 2891; baseline 0.001 -18"><span class='ocrx_word' id='word_1_428' title='bbox 2224 2802 2281 2874; x_wconf 84' lang='lat' dir='ltr'><strong>et</strong></span> <span class='ocrx_word' id='word_1_429' title='bbox 2337 2834 2480 2877; x_wconf 90' lang='lat' dir='ltr'><strong>nunc</strong></span> <span class='ocrx_word' id='word_1_430' title='bbox 2505 2821 2575 2873; x_wconf 91' lang='lat' dir='ltr'><strong>ab</strong></span> <span class='ocrx_word' id='word_1_431' title='bbox 2617 2819 2740 2875; x_wconf 86' lang='lat' dir='ltr'><strong>aliis</strong></span> <span class='ocrx_word' id='word_1_432' title='bbox 2773 2820 2867 2875; x_wconf 92' lang='lat' dir='ltr'><strong>tibi</strong></span> <span class='ocrx_word' id='word_1_433' title='bbox 2918 2820 3193 2874; x_wconf 62' lang='lat' dir='ltr'><strong>haereseos</strong></span> <span class='ocrx_word' id='word_1_434' title='bbox 3219 2823 3429 2875; x_wconf 84' lang='lat' dir='ltr'><strong>crimen</strong></span> <span class='ocrx_word' id='word_1_435' title='bbox 3463 2820 3814 2891; x_wconf 82' lang='lat' dir='ltr'><strong>impingitur,</strong></span> 
     </span>
    </p>
   </div>
   <div class='ocr_carea' id='block_1_58' title="bbox 2226 2914 3812 2986">
    <p class='ocr_par' dir='ltr' id='par_1_58' title="bbox 2226 2914 3812 2986">
     <span class='ocr_line' id='line_1_58' title="bbox 2226 2914 3812 2986; baseline 0.001 -18"><span class='ocrx_word' id='word_1_436' title='bbox 2226 2921 2282 2968; x_wconf 89' lang='lat' dir='ltr'><strong>et</strong></span> <span class='ocrx_word' id='word_1_437' title='bbox 2330 2921 2385 2966; x_wconf 93' lang='lat' dir='ltr'><strong>tu</strong></span> <span class='ocrx_word' id='word_1_438' title='bbox 2414 2927 2513 2984; x_wconf 90' lang='lat' dir='ltr'><strong>pro</strong></span> <span class='ocrx_word' id='word_1_439' title='bbox 2546 2922 2596 2968; x_wconf 92' lang='lat' dir='ltr'><strong>te</strong></span> <span class='ocrx_word' id='word_1_440' title='bbox 2629 2923 2801 2979; x_wconf 90' lang='lat' dir='ltr'><strong>taces,</strong></span> <span class='ocrx_word' id='word_1_441' title='bbox 2832 2924 2886 2969; x_wconf 92' lang='lat' dir='ltr'><strong>et</strong></span> <span class='ocrx_word' id='word_1_442' title='bbox 2914 2929 3016 2983; x_wconf 91' lang='lat' dir='ltr'><strong>pro</strong></span> <span class='ocrx_word' id='word_1_443' title='bbox 3046 2929 3133 2969; x_wconf 91' lang='lat' dir='ltr'><strong>me</strong></span> <span class='ocrx_word' id='word_1_444' title='bbox 3156 2914 3460 2969; x_wconf 83' lang='lat' dir='ltr'><strong>confiteris.</strong></span> <span class='ocrx_word' id='word_1_445' title='bbox 3496 2914 3615 2986; x_wconf 88' lang='lat' dir='ltr'><strong>Ego</strong></span> <span class='ocrx_word' id='word_1_446' title='bbox 3647 2916 3812 2970; x_wconf 90' lang='lat' dir='ltr'><strong>nemi-</strong></span> 
     </span>
    </p>
   </div>
   <div class='ocr_carea' id='block_1_59' title="bbox 2224 3009 3817 3079">
    <p class='ocr_par' dir='ltr' id='par_1_59' title="bbox 2224 3009 3817 3079">
     <span class='ocr_line' id='line_1_59' title="bbox 2224 3009 3817 3079; baseline 0.001 -18"><span class='ocrx_word' id='word_1_447' title='bbox 2224 3016 2353 3062; x_wconf 77' lang='lat' dir='ltr'><strong>‘nem</strong></span> <span class='ocrx_word' id='word_1_448' title='bbox 2383 3020 2601 3074; x_wconf 85' lang='lat' dir='ltr'><strong>accuso,</strong></span> <span class='ocrx_word' id='word_1_449' title='bbox 2632 3022 2729 3078; x_wconf 88' lang='lat' dir='ltr'><strong>pro</strong></span> <span class='ocrx_word' id='word_1_450' title='bbox 2754 3024 2839 3063; x_wconf 91' lang='lat' dir='ltr'><strong>me</strong></span> <span class='ocrx_word' id='word_1_451' title='bbox 2866 3018 3075 3064; x_wconf 91' lang='lat' dir='ltr'><strong>tantum</strong></span> <span class='ocrx_word' id='word_1_452' title='bbox 3112 3009 3462 3079; x_wconf 89' lang='lat' dir='ltr'><strong>respondisse</strong></span> <span class='ocrx_word' id='word_1_453' title='bbox 3504 3020 3817 3066; x_wconf 91' lang='lat' dir='ltr'><strong>contentus.</strong></span> 
     </span>
    </p>
   </div>
   <div class='ocr_carea' id='block_1_60' title="bbox 2224 3097 3823 3174">
    <p class='ocr_par' dir='ltr' id='par_1_60' title="bbox 2224 3097 3823 3174">
     <span class='ocr_line' id='line_1_60' title="bbox 2224 3097 3823 3174; baseline 0.002 -19"><span class='ocrx_word' id='word_1_454' title='bbox 2224 3097 2347 3155; x_wconf 80' lang='lat' dir='ltr'><strong>Non</strong></span> <span class='ocrx_word' id='word_1_455' title='bbox 2370 3113 2487 3154; x_wconf 91' lang='lat' dir='ltr'><strong>sum</strong></span> <span class='ocrx_word' id='word_1_456' title='bbox 2511 3100 2656 3170; x_wconf 86' lang='lat' dir='ltr'><strong>quod</strong></span> <span class='ocrx_word' id='word_1_457' title='bbox 2687 3100 2870 3171; x_wconf 89' lang='lat' dir='ltr'><strong>arguis</strong></span> <span class='ocrx_word' id='word_1_458' title='bbox 2902 3117 2915 3153; x_wconf 90' lang='lat'><strong>:</strong></span> <span class='ocrx_word' id='word_1_459' title='bbox 2949 3100 2995 3155; x_wconf 78' lang='lat' dir='ltr'><strong>si</strong></span> <span class='ocrx_word' id='word_1_460' title='bbox 3028 3109 3084 3155; x_wconf 93' lang='lat' dir='ltr'><strong>tu</strong></span> <span class='ocrx_word' id='word_1_461' title='bbox 3113 3115 3172 3156; x_wconf 93' lang='lat' dir='ltr'><strong>es</strong></span> <span class='ocrx_word' id='word_1_462' title='bbox 3198 3101 3345 3172; x_wconf 91' lang='lat' dir='ltr'><strong>quod</strong></span> <span class='ocrx_word' id='word_1_463' title='bbox 3373 3104 3683 3171; x_wconf 89' lang='lat' dir='ltr'><strong>accusaris,</strong></span> <span class='ocrx_word' id='word_1_464' title='bbox 3712 3105 3823 3174; x_wconf 88' lang='lat' dir='ltr'><strong>ipse</strong></span> 
     </span>
    </p>
   </div>
   <div class='ocr_carea' id='block_1_61' title="bbox 527 3172 3823 3263">
    <p class='ocr_par' dir='ltr' id='par_1_61' title="bbox 527 3172 3823 3263">
     <span class='ocr_line' id='line_1_61' title="bbox 527 3172 3823 3263; baseline 0.001 -15"><span class='ocrx_word' id='word_1_465' title='bbox 527 3193 789 3249; x_wconf 80' lang='lat' dir='ltr'><strong>Arianum</strong></span> <span class='ocrx_word' id='word_1_466' title='bbox 842 3191 1039 3261; x_wconf 81' lang='lat' dir='ltr'><strong>dogma</strong></span> <span class='ocrx_word' id='word_1_467' title='bbox 1068 3190 1265 3245; x_wconf 89' lang='lat' dir='ltr'><strong>delabi.</strong></span> <span class='ocrx_word' id='word_1_468' title='bbox 1316 3189 1381 3243; x_wconf 86' lang='lat' dir='ltr'><strong>Et</strong></span> <span class='ocrx_word' id='word_1_469' title='bbox 1411 3188 1513 3242; x_wconf 90' lang='lat' dir='ltr'><strong>sub</strong></span> <span class='ocrx_word' id='word_1_470' title='bbox 1545 3188 1627 3243; x_wconf 91' lang='lat' dir='ltr'><strong>his</strong></span> <span class='ocrx_word' id='word_1_471' title='bbox 1681 3187 1945 3257; x_wconf 86' lang='lat' dir='ltr'><strong>exemplis</strong></span> <span class='ocrx_word' id='word_1_472' title='bbox 1992 3180 2121 3242; x_wconf 91' lang='lat' dir='ltr'><strong>illud</strong></span> <span class='ocrx_word' id='word_1_473' title='bbox 2151 3172 2193 3235; x_wconf 85' lang='lat' dir='ltr'><strong>C</strong></span> <span class='ocrx_word' id='word_1_474' title='bbox 2229 3189 2453 3247; x_wconf 89' lang='lat' dir='ltr'><strong>videris.</strong></span> <span class='ocrx_word' id='word_1_475' title='bbox 2503 3190 2612 3247; x_wconf 87' lang='lat' dir='ltr'><strong>Nec</strong></span> <span class='ocrx_word' id='word_1_476' title='bbox 2664 3191 2937 3247; x_wconf 91' lang='lat' dir='ltr'><strong>absolutio</strong></span> <span class='ocrx_word' id='word_1_477' title='bbox 2979 3207 3098 3247; x_wconf 88' lang='lat' dir='ltr'><strong>mea</strong></span> <span class='ocrx_word' id='word_1_478' title='bbox 3127 3208 3235 3257; x_wconf 91' lang='lat' dir='ltr'><strong>me,</strong></span> <span class='ocrx_word' id='word_1_479' title='bbox 3264 3208 3366 3249; x_wconf 90' lang='lat' dir='ltr'><strong>nec</strong></span> <span class='ocrx_word' id='word_1_480' title='bbox 3398 3202 3585 3250; x_wconf 89' lang='lat' dir='ltr'><strong>reatus</strong></span> <span class='ocrx_word' id='word_1_481' title='bbox 3620 3205 3695 3263; x_wconf 92' lang='lat' dir='ltr'><strong>te,</strong></span> <span class='ocrx_word' id='word_1_482' title='bbox 3732 3172 3823 3251; x_wconf 80' lang='lat' dir='ltr'><strong>aut</strong></span> 
     </span>
    </p>
   </div>
   <div class='ocr_carea' id='block_1_62' title="bbox 524 3279 2126 3354">
    <p class='ocr_par' dir='ltr' id='par_1_62' title="bbox 524 3279 2126 3354">
     <span class='ocr_line' id='line_1_62' title="bbox 524 3279 2126 3354; baseline -0.001 -17"><span class='ocrx_word' id='word_1_483' title='bbox 524 3285 657 3354; x_wconf 88' lang='lat' dir='ltr'><strong>agit,</strong></span> <span class='ocrx_word' id='word_1_484' title='bbox 708 3292 766 3337; x_wconf 88' lang='lat' dir='ltr'><strong>ut</strong></span> <span class='ocrx_word' id='word_1_485' title='bbox 798 3297 902 3337; x_wconf 92' lang='lat' dir='ltr'><strong>non</strong></span> <span class='ocrx_word' id='word_1_486' title='bbox 934 3280 1356 3346; x_wconf 90' lang='lat' dir='ltr'><strong>ecclesiasticos,</strong></span> <span class='ocrx_word' id='word_1_487' title='bbox 1387 3289 1441 3337; x_wconf 89' lang='lat' dir='ltr'><strong>et</strong></span> <span class='ocrx_word' id='word_1_488' title='bbox 1467 3279 1766 3335; x_wconf 88' lang='lat' dir='ltr'><strong>catholicos</strong></span> <span class='ocrx_word' id='word_1_489' title='bbox 1807 3280 1953 3334; x_wconf 86' lang='lat' dir='ltr'><strong>viros</strong></span> <span class='ocrx_word' id='word_1_490' title='bbox 1985 3281 2126 3336; x_wconf 90' lang='lat' dir='ltr'><strong>male</strong></span> 
     </span>
    </p>
   </div>
   <div class='ocr_carea' id='block_1_63' title="bbox 525 3364 2125 3444">
    <p class='ocr_par' dir='ltr' id='par_1_63' title="bbox 525 3364 2125 3444">
     <span class='ocr_line' id='line_1_63' title="bbox 525 3364 2125 3444; baseline -0.003 -13"><span class='ocrx_word' id='word_1_491' title='bbox 525 3375 788 3441; x_wconf 87' lang='lat' dir='ltr'><strong>sensisse,</strong></span> <span class='ocrx_word' id='word_1_492' title='bbox 841 3375 934 3430; x_wconf 89' lang='lat' dir='ltr'><strong>sed</strong></span> <span class='ocrx_word' id='word_1_493' title='bbox 968 3375 1036 3429; x_wconf 90' lang='lat' dir='ltr'><strong>ab</strong></span> <span class='ocrx_word' id='word_1_494' title='bbox 1066 3374 1339 3429; x_wconf 58' lang='lat' dir='ltr'><strong>haereticis</strong></span> <span class='ocrx_word' id='word_1_495' title='bbox 1391 3389 1582 3428; x_wconf 91' lang='lat' dir='ltr'><strong>eorum</strong></span> <span class='ocrx_word' id='word_1_496' title='bbox 1611 3374 1814 3444; x_wconf 89' lang='lat' dir='ltr'><strong>scripta</strong></span> <span class='ocrx_word' id='word_1_497' title='bbox 1863 3364 2125 3443; x_wconf 85' lang='lat' dir='ltr'><strong>corrupta</strong></span> 
     </span>
    </p>
   </div>
   <div class='ocr_carea' id='block_1_64' title="bbox 527 3467 2121 3534">
    <p class='ocr_par' dir='ltr' id='par_1_64' title="bbox 527 3467 2121 3534">
     <span class='ocr_line' id='line_1_64' title="bbox 527 3467 2121 3534; baseline -0.003 -9"><span class='ocrx_word' id='word_1_498' title='bbox 527 3484 653 3525; x_wconf 89' lang='lat' dir='ltr'><strong>esse</strong></span> <span class='ocrx_word' id='word_1_499' title='bbox 685 3478 934 3534; x_wconf 89' lang='lat' dir='ltr'><strong>testetur,</strong></span> <span class='ocrx_word' id='word_1_500' title='bbox 992 3478 1045 3523; x_wconf 92' lang='lat' dir='ltr'><strong>et</strong></span> <span class='ocrx_word' id='word_1_501' title='bbox 1075 3467 1367 3523; x_wconf 86' lang='lat' dir='ltr'><strong>concludat</strong></span> <span class='ocrx_word' id='word_1_502' title='bbox 1416 3467 1481 3522; x_wconf 88' lang='lat' dir='ltr'><strong>ad</strong></span> <span class='ocrx_word' id='word_1_503' title='bbox 1536 3478 1871 3533; x_wconf 81' lang='lat' dir='ltr'><strong>extremum,</strong></span> <span class='ocrx_word' id='word_1_504' title='bbox 1905 3467 2121 3523; x_wconf 86' lang='lat' dir='ltr'><strong>dicens:</strong></span> 
     </span>
    </p>
   </div>
   <div class='ocr_carea' id='block_1_65' title="bbox 536 3561 2127 3634">
    <p class='ocr_par' dir='ltr' id='par_1_65' title="bbox 536 3561 2127 3634">
     <span class='ocr_line' id='line_1_65' title="bbox 536 3561 2127 3634; baseline 0.003 -19"><span class='ocrx_word' id='word_1_505' title='bbox 536 3582 555 3615; x_wconf 77' lang='grc' dir='ltr'>ι</span> <span class='ocrx_word' id='word_1_506' title='bbox 596 3564 672 3617; x_wconf 91' lang='lat' dir='ltr'><strong>De</strong></span> <span class='ocrx_word' id='word_1_507' title='bbox 701 3561 937 3634; x_wconf 81' lang='lat' dir='ltr'><strong>Origene</strong></span> <span class='ocrx_word' id='word_1_508' title='bbox 986 3578 1222 3634; x_wconf 88' lang='lat' dir='ltr'><strong>quoque,</strong></span> <span class='ocrx_word' id='word_1_509' title='bbox 1279 3563 1333 3617; x_wconf 93' lang='lat' dir='ltr'><strong>in</strong></span> <span class='ocrx_word' id='word_1_510' title='bbox 1379 3577 1489 3633; x_wconf 89' lang='lat' dir='ltr'><strong>quo</strong></span> <span class='ocrx_word' id='word_1_511' title='bbox 1531 3563 1819 3631; x_wconf 87' lang='lat' dir='ltr'><strong>similiter,</strong></span> <span class='ocrx_word' id='word_1_512' title='bbox 1853 3574 1912 3617; x_wconf 92' lang='lat' dir='ltr'><strong>ut</strong></span> <span class='ocrx_word' id='word_1_513' title='bbox 1956 3565 2009 3618; x_wconf 93' lang='lat' dir='ltr'><strong>in</strong></span> <span class='ocrx_word' id='word_1_514' title='bbox 2043 3564 2127 3620; x_wconf 90' lang='lat' dir='ltr'><strong>his</strong></span> 
     </span>
    </p>
   </div>
   <div class='ocr_carea' id='block_1_66' title="bbox 527 3655 2123 3725">
    <p class='ocr_par' dir='ltr' id='par_1_66' title="bbox 527 3655 2123 3725">
     <span class='ocr_line' id='line_1_66' title="bbox 527 3655 2123 3725; baseline 0.001 -16"><span class='ocrx_word' id='word_1_515' title='bbox 527 3670 662 3725; x_wconf 88' lang='lat' dir='ltr'><strong>quos</strong></span> <span class='ocrx_word' id='word_1_516' title='bbox 692 3670 854 3724; x_wconf 87' lang='lat' dir='ltr'><strong>supra</strong></span> <span class='ocrx_word' id='word_1_517' title='bbox 884 3655 1150 3722; x_wconf 76' lang='lat' dir='ltr'><strong>diximus,</strong></span> <span class='ocrx_word' id='word_1_518' title='bbox 1209 3655 1455 3724; x_wconf 60' lang='lat' dir='ltr'><strong>quasdam</strong></span> <span class='ocrx_word' id='word_1_519' title='bbox 1491 3655 1781 3709; x_wconf 78' lang='lat' dir='ltr'><strong>diversitas</strong></span> <span class='ocrx_word' id='word_1_520' title='bbox 1814 3656 2123 3723; x_wconf 81' lang='lat' dir='ltr'><strong>invenitur,</strong></span> 
     </span>
    </p>
   </div>
   <div class='ocr_carea' id='block_1_67' title="bbox 528 3746 2124 3818">
    <p class='ocr_par' dir='ltr' id='par_1_67' title="bbox 528 3746 2124 3818">
     <span class='ocr_line' id='line_1_67' title="bbox 528 3746 2124 3818; baseline 0 -16"><span class='ocrx_word' id='word_1_521' title='bbox 528 3749 672 3803; x_wconf 89' lang='lat' dir='ltr'><strong>istud</strong></span> <span class='ocrx_word' id='word_1_522' title='bbox 700 3764 807 3804; x_wconf 92' lang='lat' dir='ltr'><strong>non</strong></span> <span class='ocrx_word' id='word_1_523' title='bbox 832 3748 1067 3805; x_wconf 86' lang='lat' dir='ltr'><strong>sufficiat</strong></span> <span class='ocrx_word' id='word_1_524' title='bbox 1096 3749 1325 3814; x_wconf 87' lang='lat' dir='ltr'><strong>sentire,</strong></span> <span class='ocrx_word' id='word_1_525' title='bbox 1356 3748 1501 3816; x_wconf 91' lang='lat' dir='ltr'><strong>quod</strong></span> <span class='ocrx_word' id='word_1_526' title='bbox 1526 3748 1593 3802; x_wconf 91' lang='lat' dir='ltr'><strong>de</strong></span> <span class='ocrx_word' id='word_1_527' title='bbox 1624 3746 1989 3818; x_wconf 66' lang='lat' dir='ltr'><strong>prmjudicatis</strong></span> <span class='ocrx_word' id='word_1_528' title='bbox 2015 3748 2124 3816; x_wconf 88' lang='lat' dir='ltr'><strong>jam</strong></span> 
     </span>
    </p>
   </div>
   <div class='ocr_carea' id='block_1_68' title="bbox 529 3838 2129 3909">
    <p class='ocr_par' dir='ltr' id='par_1_68' title="bbox 529 3838 2129 3909">
     <span class='ocr_line' id='line_1_68' title="bbox 529 3838 2129 3909; baseline -0.001 -14"><span class='ocrx_word' id='word_1_529' title='bbox 529 3839 811 3895; x_wconf 81' lang='lat' dir='ltr'><strong>catholicis</strong></span> <span class='ocrx_word' id='word_1_530' title='bbox 842 3840 1097 3905; x_wconf 87' lang='lat' dir='ltr'><strong>sentitur,</strong></span> <span class='ocrx_word' id='word_1_531' title='bbox 1150 3840 1233 3893; x_wconf 87' lang='lat' dir='ltr'><strong>vel</strong></span> <span class='ocrx_word' id='word_1_532' title='bbox 1277 3839 1596 3909; x_wconf 83' lang='lat' dir='ltr'><strong>intelligitur</strong></span> <span class='ocrx_word' id='word_1_533' title='bbox 1626 3841 1781 3904; x_wconf 90' lang='lat' dir='ltr'><strong>viris,</strong></span> <span class='ocrx_word' id='word_1_534' title='bbox 1823 3853 1891 3893; x_wconf 90' lang='lat' dir='ltr'><strong>ne</strong></span> <span class='ocrx_word' id='word_1_535' title='bbox 1935 3838 2129 3894; x_wconf 90' lang='lat' dir='ltr'><strong>similis</strong></span> 
     </span>
    </p>
   </div>
   <div class='ocr_carea' id='block_1_69' title="bbox 530 3931 2129 4000">
    <p class='ocr_par' dir='ltr' id='par_1_69' title="bbox 530 3931 2129 4000">
     <span class='ocr_line' id='line_1_69' title="bbox 530 3931 2129 4000; baseline 0.001 -14"><span class='ocrx_word' id='word_1_536' title='bbox 530 3945 730 3997; x_wconf 63' lang='lat' dir='ltr'><strong>causae,</strong></span> <span class='ocrx_word' id='word_1_537' title='bbox 756 3932 952 3986; x_wconf 91' lang='lat' dir='ltr'><strong>similis</strong></span> <span class='ocrx_word' id='word_1_538' title='bbox 970 3931 1206 3987; x_wconf 84' lang='lat' dir='ltr'><strong>sufficiat</strong></span> <span class='ocrx_word' id='word_1_539' title='bbox 1235 3931 1537 3987; x_wconf 79' lang='lat' dir='ltr'><strong>excusatio.</strong></span> <span class='ocrx_word' id='word_1_540' title='bbox 1566 3951 1585 3985; x_wconf 71' lang='grc' dir='ltr'><strong><em>ι</em></strong></span> <span class='ocrx_word' id='word_1_541' title='bbox 1614 3931 1673 3986; x_wconf 91' lang='lat' dir='ltr'><strong>Si</strong></span> <span class='ocrx_word' id='word_1_542' title='bbox 1703 3931 2042 4000; x_wconf 89' lang='lat' dir='ltr'><strong>conceditur,</strong></span> <span class='ocrx_word' id='word_1_543' title='bbox 2073 3942 2129 3987; x_wconf 92' lang='lat' dir='ltr'><strong>ut</strong></span> 
     </span>
    </p>
   </div>
   <div class='ocr_carea' id='block_1_70' title="bbox 530 4023 2127 4096">
    <p class='ocr_par' dir='ltr' id='par_1_70' title="bbox 530 4023 2127 4096">
     <span class='ocr_line' id='line_1_70' title="bbox 530 4023 2127 4096; baseline 0.001 -16"><span class='ocrx_word' id='word_1_544' title='bbox 530 4024 790 4096; x_wconf 91' lang='lat' dir='ltr'><strong>quidquid</strong></span> <span class='ocrx_word' id='word_1_545' title='bbox 824 4026 875 4080; x_wconf 91' lang='lat' dir='ltr'><strong>in</strong></span> <span class='ocrx_word' id='word_1_546' title='bbox 907 4026 1062 4082; x_wconf 88' lang='lat' dir='ltr'><strong>libris</strong></span> <span class='ocrx_word' id='word_1_547' title='bbox 1088 4023 1115 4064; x_wconf 72' lang='grc' dir='ltr'>ἀ</span> <span class='ocrx_word' id='word_1_548' title='bbox 1159 4026 1379 4080; x_wconf 82' lang='lat' dir='ltr'><strong>noxium</strong></span> <span class='ocrx_word' id='word_1_549' title='bbox 1412 4026 1703 4095; x_wconf 89' lang='lat' dir='ltr'><strong>reperitur,</strong></span> <span class='ocrx_word' id='word_1_550' title='bbox 1738 4025 1806 4079; x_wconf 92' lang='lat' dir='ltr'><strong>ab</strong></span> <span class='ocrx_word' id='word_1_551' title='bbox 1836 4025 1957 4080; x_wconf 91' lang='lat' dir='ltr'><strong>aliis</strong></span> <span class='ocrx_word' id='word_1_552' title='bbox 2006 4040 2127 4081; x_wconf 87' lang='lat' dir='ltr'><strong>cor-</strong></span> 
     </span>
    </p>
   </div>
   <div class='ocr_carea' id='block_1_71' title="bbox 531 4117 2128 4193">
    <p class='ocr_par' dir='ltr' id='par_1_71' title="bbox 531 4117 2128 4193">
     <span class='ocr_line' id='line_1_71' title="bbox 531 4117 2128 4193; baseline 0.001 -20"><span class='ocrx_word' id='word_1_553' title='bbox 531 4127 747 4189; x_wconf 86' lang='lat' dir='ltr'><strong>ruptum</strong></span> <span class='ocrx_word' id='word_1_554' title='bbox 780 4120 854 4174; x_wconf 91' lang='lat' dir='ltr'><strong>sit</strong></span> <span class='ocrx_word' id='word_1_555' title='bbox 910 4118 1020 4193; x_wconf 85' lang='grc' dir='ltr'><strong>[Αι.</strong></span> <span class='ocrx_word' id='word_1_556' title='bbox 1048 4119 1099 4173; x_wconf 90' lang='lat' dir='ltr'><strong>id</strong></span> <span class='ocrx_word' id='word_1_557' title='bbox 1132 4119 1176 4173; x_wconf 89' lang='lat' dir='ltr'><strong>si</strong></span> <span class='ocrx_word' id='word_1_558' title='bbox 1219 4121 1289 4173; x_wconf 91' lang='lat' dir='ltr'><strong>ita</strong></span> <span class='ocrx_word' id='word_1_559' title='bbox 1323 4127 1409 4173; x_wconf 90' lang='lat' dir='ltr'><strong>est</strong></span> <span class='ocrx_word' id='word_1_560' title='bbox 1448 4117 1607 4184; x_wconf 87' lang='lat' dir='ltr'><strong>nihil,</strong></span> <span class='ocrx_word' id='word_1_561' title='bbox 1659 4118 1811 4193; x_wconf 85' lang='lat' dir='ltr'><strong>etc.],</strong></span> <span class='ocrx_word' id='word_1_562' title='bbox 1870 4118 2002 4173; x_wconf 88' lang='lat' dir='ltr'><strong>nihil</strong></span> <span class='ocrx_word' id='word_1_563' title='bbox 2033 4134 2128 4174; x_wconf 85' lang='lat' dir='ltr'><strong>eo—</strong></span> 
     </span>
    </p>
   </div>
   <div class='ocr_carea' id='block_1_72' title="bbox 528 4212 2130 4284">
    <p class='ocr_par' dir='ltr' id='par_1_72' title="bbox 528 4212 2130 4284">
     <span class='ocr_line' id='line_1_72' title="bbox 528 4212 2130 4284; baseline 0.001 -17"><span class='ocrx_word' id='word_1_564' title='bbox 528 4228 648 4267; x_wconf 91' lang='lat' dir='ltr'><strong>rum</strong></span> <span class='ocrx_word' id='word_1_565' title='bbox 680 4214 806 4278; x_wconf 91' lang='lat' dir='ltr'><strong>erit,</strong></span> <span class='ocrx_word' id='word_1_566' title='bbox 848 4228 1079 4283; x_wconf 89' lang='lat' dir='ltr'><strong>quorum</strong></span> <span class='ocrx_word' id='word_1_567' title='bbox 1115 4212 1285 4267; x_wconf 85' lang='lat' dir='ltr'><strong>fertur</strong></span> <span class='ocrx_word' id='word_1_568' title='bbox 1312 4212 1625 4268; x_wconf 89' lang='lat' dir='ltr'><strong>nominibus</strong></span> <span class='ocrx_word' id='word_1_569' title='bbox 1658 4231 1672 4278; x_wconf 90' lang='lat'><strong>;</strong></span> <span class='ocrx_word' id='word_1_570' title='bbox 1720 4215 1817 4269; x_wconf 88' lang='lat' dir='ltr'><strong>sed</strong></span> <span class='ocrx_word' id='word_1_571' title='bbox 1847 4213 1930 4269; x_wconf 90' lang='lat' dir='ltr'><strong>bis</strong></span> <span class='ocrx_word' id='word_1_572' title='bbox 1959 4213 2130 4284; x_wconf 90' lang='lat' dir='ltr'><strong>depu-</strong></span> 
     </span>
    </p>
   </div>
   <div class='ocr_carea' id='block_1_73' title="bbox 530 4305 2127 4379">
    <p class='ocr_par' dir='ltr' id='par_1_73' title="bbox 530 4305 2127 4379">
     <span class='ocr_line' id='line_1_73' title="bbox 530 4305 2127 4379; baseline 0.003 -19"><span class='ocrx_word' id='word_1_573' title='bbox 530 4305 753 4373; x_wconf 88' lang='lat' dir='ltr'><strong>tabitur,</strong></span> <span class='ocrx_word' id='word_1_574' title='bbox 790 4323 821 4361; x_wconf 90' lang='lat' dir='ltr'><strong>a</strong></span> <span class='ocrx_word' id='word_1_575' title='bbox 853 4308 1050 4377; x_wconf 92' lang='lat' dir='ltr'><strong>quibus</strong></span> <span class='ocrx_word' id='word_1_576' title='bbox 1076 4307 1274 4361; x_wconf 88' lang='lat' dir='ltr'><strong>dicitur</strong></span> <span class='ocrx_word' id='word_1_577' title='bbox 1303 4322 1425 4362; x_wconf 92' lang='lat' dir='ltr'><strong>esse</strong></span> <span class='ocrx_word' id='word_1_578' title='bbox 1467 4306 1734 4363; x_wconf 88' lang='lat' dir='ltr'><strong>vitiatum.</strong></span> <span class='ocrx_word' id='word_1_579' title='bbox 1788 4308 2127 4379; x_wconf 83' lang='lat' dir='ltr'><strong>Quamquam</strong></span> 
     </span>
    </p>
   </div>
   <div class='ocr_carea' id='block_1_74' title="bbox 531 4399 2125 4470">
    <p class='ocr_par' dir='ltr' id='par_1_74' title="bbox 531 4399 2125 4470">
     <span class='ocr_line' id='line_1_74' title="bbox 531 4399 2125 4470; baseline 0.001 -17"><span class='ocrx_word' id='word_1_580' title='bbox 531 4408 585 4454; x_wconf 89' lang='lat' dir='ltr'><strong>et</strong></span> <span class='ocrx_word' id='word_1_581' title='bbox 617 4399 829 4455; x_wconf 91' lang='lat' dir='ltr'><strong>illorum</strong></span> <span class='ocrx_word' id='word_1_582' title='bbox 855 4416 961 4455; x_wconf 91' lang='lat' dir='ltr'><strong>non</strong></span> <span class='ocrx_word' id='word_1_583' title='bbox 995 4401 1129 4464; x_wconf 89' lang='lat' dir='ltr'><strong>erit,</strong></span> <span class='ocrx_word' id='word_1_584' title='bbox 1187 4415 1418 4470; x_wconf 91' lang='lat' dir='ltr'><strong>quorum</strong></span> <span class='ocrx_word' id='word_1_585' title='bbox 1460 4400 1670 4455; x_wconf 88' lang='lat' dir='ltr'><strong>incerta</strong></span> <span class='ocrx_word' id='word_1_586' title='bbox 1710 4409 1838 4454; x_wconf 88' lang='lat' dir='ltr'><strong>sunt</strong></span> <span class='ocrx_word' id='word_1_587' title='bbox 1867 4399 2125 4455; x_wconf 88' lang='lat' dir='ltr'><strong>nomina:</strong></span> 
     </span>
    </p>
   </div>
   <div class='ocr_carea' id='block_1_75' title="bbox 528 4492 2131 4561">
    <p class='ocr_par' dir='ltr' id='par_1_75' title="bbox 528 4492 2131 4561">
     <span class='ocr_line' id='line_1_75' title="bbox 528 4492 2131 4561; baseline 0.003 -16"><span class='ocrx_word' id='word_1_588' title='bbox 528 4500 697 4561; x_wconf 90' lang='lat' dir='ltr'><strong>atque</strong></span> <span class='ocrx_word' id='word_1_589' title='bbox 741 4494 813 4547; x_wconf 88' lang='lat' dir='ltr'><strong>ita</strong></span> <span class='ocrx_word' id='word_1_590' title='bbox 862 4492 984 4561; x_wconf 78' lang='lat' dir='ltr'><strong>fiet,</strong></span> <span class='ocrx_word' id='word_1_591' title='bbox 1047 4503 1106 4549; x_wconf 89' lang='lat' dir='ltr'><strong>ut</strong></span> <span class='ocrx_word' id='word_1_592' title='bbox 1158 4495 1285 4548; x_wconf 87' lang='lat' dir='ltr'><strong>dum</strong></span> <span class='ocrx_word' id='word_1_593' title='bbox 1306 4495 1550 4549; x_wconf 90' lang='lat' dir='ltr'><strong>omnium</strong></span> <span class='ocrx_word' id='word_1_594' title='bbox 1601 4494 1785 4548; x_wconf 83' lang='lat' dir='ltr'><strong>omnia</strong></span> <span class='ocrx_word' id='word_1_595' title='bbox 1834 4504 1991 4560; x_wconf 89' lang='lat' dir='ltr'><strong>sunt,</strong></span> <span class='ocrx_word' id='word_1_596' title='bbox 2046 4496 2131 4550; x_wconf 87' lang='lat' dir='ltr'><strong>ni-</strong></span> 
     </span>
    </p>
   </div>
   <div class='ocr_carea' id='block_1_76' title="bbox 531 4583 2125 4656">
    <p class='ocr_par' dir='ltr' id='par_1_76' title="bbox 531 4583 2125 4656">
     <span class='ocr_line' id='line_1_76' title="bbox 531 4583 2125 4656; baseline 0.003 -18"><span class='ocrx_word' id='word_1_597' title='bbox 531 4583 610 4638; x_wconf 91' lang='lat' dir='ltr'><strong>hil</strong></span> <span class='ocrx_word' id='word_1_598' title='bbox 640 4584 876 4654; x_wconf 84' lang='lat' dir='ltr'><strong>alicujus</strong></span> <span class='ocrx_word' id='word_1_599' title='bbox 919 4587 1008 4640; x_wconf 89' lang='lat' dir='ltr'><strong>sit.</strong></span> <span class='ocrx_word' id='word_1_600' title='bbox 1056 4585 1167 4641; x_wconf 87' lang='lat' dir='ltr'><strong>llac</strong></span> <span class='ocrx_word' id='word_1_601' title='bbox 1206 4586 1540 4642; x_wconf 89' lang='lat' dir='ltr'><strong>defensionis</strong></span> <span class='ocrx_word' id='word_1_602' title='bbox 1583 4585 1993 4656; x_wconf 88' lang='lat' dir='ltr'><strong>perturbatione</strong></span> <span class='ocrx_word' id='word_1_603' title='bbox 2025 4602 2125 4642; x_wconf 90' lang='lat' dir='ltr'><strong>nec</strong></span> 
     </span>
    </p>
   </div>
   <div class='ocr_carea' id='block_1_77' title="bbox 530 4674 2127 4745">
    <p class='ocr_par' dir='ltr' id='par_1_77' title="bbox 530 4674 2127 4745">
     <span class='ocr_line' id='line_1_77' title="bbox 530 4674 2127 4745; baseline 0.004 -16"><span class='ocrx_word' id='word_1_604' title='bbox 530 4674 798 4744; x_wconf 85' lang='lat' dir='ltr'><strong>Marcion,</strong></span> <span class='ocrx_word' id='word_1_605' title='bbox 834 4692 933 4732; x_wconf 90' lang='lat' dir='ltr'><strong>nec</strong></span> <span class='ocrx_word' id='word_1_606' title='bbox 972 4678 1321 4743; x_wconf 70' lang='lat' dir='ltr'><strong>Manichazus,</strong></span> <span class='ocrx_word' id='word_1_607' title='bbox 1355 4693 1456 4734; x_wconf 91' lang='lat' dir='ltr'><strong>nec</strong></span> <span class='ocrx_word' id='word_1_608' title='bbox 1483 4678 1667 4745; x_wconf 89' lang='lat' dir='ltr'><strong>Arius,</strong></span> <span class='ocrx_word' id='word_1_609' title='bbox 1698 4693 1797 4734; x_wconf 92' lang='lat' dir='ltr'><strong>nec</strong></span> <span class='ocrx_word' id='word_1_610' title='bbox 1828 4678 2127 4735; x_wconf 84' lang='lat' dir='ltr'><strong>Eunomius</strong></span> 
     </span>
    </p>
   </div>
   <div class='ocr_carea' id='block_1_78' title="bbox 530 4769 2128 4842">
    <p class='ocr_par' dir='ltr' id='par_1_78' title="bbox 530 4769 2128 4842">
     <span class='ocr_line' id='line_1_78' title="bbox 530 4769 2128 4842; baseline 0.005 -21"><span class='ocrx_word' id='word_1_611' title='bbox 530 4770 776 4823; x_wconf 89' lang='lat' dir='ltr'><strong>accusari</strong></span> <span class='ocrx_word' id='word_1_612' title='bbox 808 4776 1070 4838; x_wconf 91' lang='lat' dir='ltr'><strong>poterunt</strong></span> <span class='ocrx_word' id='word_1_613' title='bbox 1110 4788 1123 4823; x_wconf 87' lang='lat'><strong>:</strong></span> <span class='ocrx_word' id='word_1_614' title='bbox 1169 4771 1294 4841; x_wconf 90' lang='lat' dir='ltr'><strong>quia</strong></span> <span class='ocrx_word' id='word_1_615' title='bbox 1323 4769 1579 4842; x_wconf 90' lang='lat' dir='ltr'><strong>quidquid</strong></span> <span class='ocrx_word' id='word_1_616' title='bbox 1609 4785 1709 4826; x_wconf 91' lang='lat' dir='ltr'><strong>nos</strong></span> <span class='ocrx_word' id='word_1_617' title='bbox 1738 4771 1807 4825; x_wconf 90' lang='lat' dir='ltr'><strong>ab</strong></span> <span class='ocrx_word' id='word_1_618' title='bbox 1842 4770 1926 4827; x_wconf 90' lang='lat' dir='ltr'><strong>his</strong></span> <span class='ocrx_word' id='word_1_619' title='bbox 1964 4774 2128 4842; x_wconf 80' lang='lat' dir='ltr'><strong>impie</strong></span> 
     </span>
    </p>
   </div>
   <div class='ocr_carea' id='block_1_79' title="bbox 530 4859 2126 4934">
    <p class='ocr_par' dir='ltr' id='par_1_79' title="bbox 530 4859 2126 4934">
     <span class='ocr_line' id='line_1_79' title="bbox 530 4859 2126 4934; baseline 0.003 -21"><span class='ocrx_word' id='word_1_620' title='bbox 530 4859 735 4916; x_wconf 92' lang='lat' dir='ltr'><strong>dictum</strong></span> <span class='ocrx_word' id='word_1_621' title='bbox 761 4860 1125 4931; x_wconf 84' lang='lat' dir='ltr'><strong>objecerimus</strong></span> <span class='ocrx_word' id='word_1_622' title='bbox 1146 4903 1163 4930; x_wconf 92' lang='lat'><strong>,</strong></span> <span class='ocrx_word' id='word_1_623' title='bbox 1192 4863 1441 4934; x_wconf 91' lang='lat' dir='ltr'><strong>discipuli</strong></span> <span class='ocrx_word' id='word_1_624' title='bbox 1473 4863 1880 4934; x_wconf 87' lang='lat' dir='ltr'><strong>respondebunt</strong></span> <span class='ocrx_word' id='word_1_625' title='bbox 1910 4905 1925 4929; x_wconf 91' lang='lat'><strong>,</strong></span> <span class='ocrx_word' id='word_1_626' title='bbox 1959 4880 2065 4919; x_wconf 91' lang='lat' dir='ltr'><strong>non</strong></span> <span class='ocrx_word' id='word_1_627' title='bbox 2096 4878 2126 4918; x_wconf 87' lang='lat' dir='ltr'><strong>a</strong></span> 
     </span>
    </p>
   </div>
   <div class='ocr_carea' id='block_1_80' title="bbox 528 4952 2129 5032">
    <p class='ocr_par' dir='ltr' id='par_1_80' title="bbox 528 4952 2129 5032">
     <span class='ocr_line' id='line_1_80' title="bbox 528 4952 2129 5032; baseline 0.004 -25"><span class='ocrx_word' id='word_1_628' title='bbox 528 4952 802 5024; x_wconf 86' lang='lat' dir='ltr'><strong>magistris</strong></span> <span class='ocrx_word' id='word_1_629' title='bbox 831 4955 946 5011; x_wconf 91' lang='lat' dir='ltr'><strong>suis</strong></span> <span class='ocrx_word' id='word_1_630' title='bbox 977 4955 1051 5011; x_wconf 88' lang='lat' dir='ltr'><strong>ita</strong></span> <span class='ocrx_word' id='word_1_631' title='bbox 1080 4955 1283 5013; x_wconf 92' lang='lat' dir='ltr'><strong>editum</strong></span> <span class='ocrx_word' id='word_1_632' title='bbox 1324 4956 1444 5031; x_wconf 79' lang='lat' dir='ltr'><strong>[AL</strong></span> <span class='ocrx_word' id='word_1_633' title='bbox 1478 4956 1754 5032; x_wconf 89' lang='lat' dir='ltr'><strong>dictum],</strong></span> <span class='ocrx_word' id='word_1_634' title='bbox 1802 4958 1897 5014; x_wconf 91' lang='lat' dir='ltr'><strong>scd</strong></span> <span class='ocrx_word' id='word_1_635' title='bbox 1928 4958 1997 5013; x_wconf 91' lang='lat' dir='ltr'><strong>ab</strong></span> <span class='ocrx_word' id='word_1_636' title='bbox 2026 4959 2129 5013; x_wconf 86' lang='lat' dir='ltr'><strong>ini-</strong></span> 
     </span>
    </p>
   </div>
   <div class='ocr_carea' id='block_1_81' title="bbox 602 5150 2125 5226">
    <p class='ocr_par' dir='ltr' id='par_1_81' title="bbox 602 5150 2125 5226">
     <span class='ocr_line' id='line_1_81' title="bbox 602 5150 2125 5226; baseline 0.001 -20"><span class='ocrx_word' id='word_1_637' title='bbox 602 5162 630 5190; x_wconf 75' lang='grc' dir='ltr'><strong><em>ι</em></strong></span> <span class='ocrx_word' id='word_1_638' title='bbox 672 5152 1136 5226; x_wconf 68' lang='lat' dir='ltr'><strong>Quieppeflantnr</strong></span> <span class='ocrx_word' id='word_1_639' title='bbox 1164 5152 1565 5226; x_wconf 72' lang='grc' dir='ltr'><strong>ἁναγνωρισμὸς.</strong></span> <span class='ocrx_word' id='word_1_640' title='bbox 1599 5150 1788 5205; x_wconf 83' lang='lat' dir='ltr'><strong>Nullus</strong></span> <span class='ocrx_word' id='word_1_641' title='bbox 1826 5160 1911 5206; x_wconf 91' lang='lat' dir='ltr'><strong>est</strong></span> <span class='ocrx_word' id='word_1_642' title='bbox 1954 5151 2125 5207; x_wconf 83' lang='lat' dir='ltr'><strong>codex</strong></span> 
     </span>
    </p>
   </div>
   <div class='ocr_carea' id='block_1_82' title="bbox 530 5220 2123 5292">
    <p class='ocr_par' dir='ltr' id='par_1_82' title="bbox 530 5220 2123 5292">
     <span class='ocr_line' id='line_1_82' title="bbox 530 5220 2123 5292; baseline -0.001 -12"><span class='ocrx_word' id='word_1_643' title='bbox 530 5239 632 5280; x_wconf 90' lang='lat' dir='ltr'><strong>ms.</strong></span> <span class='ocrx_word' id='word_1_644' title='bbox 664 5223 805 5292; x_wconf 87' lang='lat' dir='ltr'><strong>apud</strong></span> <span class='ocrx_word' id='word_1_645' title='bbox 842 5220 973 5289; x_wconf 81' lang='lat' dir='ltr'><strong>nos,</strong></span> <span class='ocrx_word' id='word_1_646' title='bbox 1006 5220 1098 5292; x_wconf 89' lang='lat' dir='ltr'><strong>qui</strong></span> <span class='ocrx_word' id='word_1_647' title='bbox 1142 5220 1278 5291; x_wconf 75' lang='lat' dir='ltr'><strong>pure&#39;</strong></span> <span class='ocrx_word' id='word_1_648' title='bbox 1318 5220 1424 5277; x_wconf 72' lang='lat' dir='ltr'><strong>nun</strong></span> <span class='ocrx_word' id='word_1_649' title='bbox 1453 5220 1605 5292; x_wconf 83' lang='lat' dir='ltr'><strong>legat</strong></span> <span class='ocrx_word' id='word_1_650' title='bbox 1648 5232 2123 5291; x_wconf 76' lang='grc' dir='ltr'><strong>ΔΝΔΓΝΩΡΙΣΜΟΣ,</strong></span> 
     </span>
    </p>
   </div>
   <div class='ocr_carea' id='block_1_83' title="bbox 523 5292 2124 5363">
    <p class='ocr_par' dir='ltr' id='par_1_83' title="bbox 523 5292 2124 5363">
     <span class='ocr_line' id='line_1_83' title="bbox 523 5292 2124 5363; baseline 0.001 -14"><span class='ocrx_word' id='word_1_651' title='bbox 523 5295 647 5351; x_wconf 89' lang='lat' dir='ltr'><strong>licet</strong></span> <span class='ocrx_word' id='word_1_652' title='bbox 701 5293 937 5363; x_wconf 91' lang='lat' dir='ltr'><strong>imperiti</strong></span> <span class='ocrx_word' id='word_1_653' title='bbox 987 5292 1240 5356; x_wconf 81' lang='lat' dir='ltr'><strong>lectores,</strong></span> <span class='ocrx_word' id='word_1_654' title='bbox 1291 5302 1345 5348; x_wconf 92' lang='lat' dir='ltr'><strong>et</strong></span> <span class='ocrx_word' id='word_1_655' title='bbox 1390 5294 1683 5362; x_wconf 85' lang='lat' dir='ltr'><strong>scriptores</strong></span> <span class='ocrx_word' id='word_1_656' title='bbox 1731 5297 2007 5362; x_wconf 84' lang='lat' dir='ltr'><strong>posuerint</strong></span> <span class='ocrx_word' id='word_1_657' title='bbox 2055 5295 2124 5350; x_wconf 88' lang='lat' dir='ltr'><strong>ad</strong></span> 
     </span>
    </p>
   </div>
   <div class='ocr_carea' id='block_1_84' title="bbox 524 5364 2125 5438">
    <p class='ocr_par' dir='ltr' id='par_1_84' title="bbox 524 5364 2125 5438">
     <span class='ocr_line' id='line_1_84' title="bbox 524 5364 2125 5438; baseline 0 -19"><span class='ocrx_word' id='word_1_658' title='bbox 524 5368 823 5438; x_wconf 85' lang='lat' dir='ltr'><strong>marginem</strong></span> <span class='ocrx_word' id='word_1_659' title='bbox 852 5364 1207 5438; x_wconf 81' lang='lat' dir='ltr'><strong>quorumdam</strong></span> <span class='ocrx_word' id='word_1_660' title='bbox 1240 5364 1652 5438; x_wconf 78' lang='lat' dir='ltr'><strong>exemplarium,</strong></span> <span class='ocrx_word' id='word_1_661' title='bbox 1677 5367 2125 5438; x_wconf 67' lang='lat' dir='ltr'><strong>gnatheorismos;</strong></span> 
     </span>
    </p>
   </div>
   <div class='ocr_carea' id='block_1_85' title="bbox 524 5434 2119 5514">
    <p class='ocr_par' dir='ltr' id='par_1_85' title="bbox 524 5434 2119 5514">
     <span class='ocr_line' id='line_1_85' title="bbox 524 5434 2119 5514; baseline 0 -25"><span class='ocrx_word' id='word_1_662' title='bbox 524 5434 690 5514; x_wconf 68' lang='lat' dir='ltr'><strong>quem</strong></span> <span class='ocrx_word' id='word_1_663' title='bbox 719 5434 960 5493; x_wconf 85' lang='lat' dir='ltr'><strong>errorem</strong></span> <span class='ocrx_word' id='word_1_664' title='bbox 993 5436 1231 5514; x_wconf 76' lang='lat' dir='ltr'><strong>retinent</strong></span> <span class='ocrx_word' id='word_1_665' title='bbox 1258 5436 1388 5514; x_wconf 60' lang='lat' dir='ltr'><strong>editi</strong></span> <span class='ocrx_word' id='word_1_666' title='bbox 1411 5445 1536 5514; x_wconf 82' lang='lat' dir='ltr'><strong>ante</strong></span> <span class='ocrx_word' id='word_1_667' title='bbox 1556 5448 1654 5487; x_wconf 91' lang='lat' dir='ltr'><strong>nos</strong></span> <span class='ocrx_word' id='word_1_668' title='bbox 1677 5434 1822 5514; x_wconf 64' lang='lat' dir='ltr'><strong>libri.</strong></span> <span class='ocrx_word' id='word_1_669' title='bbox 1848 5434 2119 5514; x_wconf 68' lang='lat' dir='ltr'><strong>Msn&#39;rtstv.</strong></span> 
     </span>
    </p>
   </div>
   <div class='ocr_carea' id='block_1_86' title="bbox 594 5505 2121 5574">
    <p class='ocr_par' dir='ltr' id='par_1_86' title="bbox 594 5505 2121 5574">
     <span class='ocr_line' id='line_1_86' title="bbox 594 5505 2121 5574; baseline -0.004 -10"><span class='ocrx_word' id='word_1_670' title='bbox 594 5506 621 5546; x_wconf 70' lang='grc' dir='ltr'>δ</span> <span class='ocrx_word' id='word_1_671' title='bbox 650 5509 762 5564; x_wconf 72' lang='lat' dir='ltr'><strong>liae</strong></span> <span class='ocrx_word' id='word_1_672' title='bbox 794 5515 954 5563; x_wconf 77' lang='lat' dir='ltr'><strong>Lttant</strong></span> <span class='ocrx_word' id='word_1_673' title='bbox 979 5506 1045 5560; x_wconf 87' lang='lat' dir='ltr'><strong>de</strong></span> <span class='ocrx_word' id='word_1_674' title='bbox 1065 5521 1245 5570; x_wconf 88' lang='lat' dir='ltr'><strong>causa,</strong></span> <span class='ocrx_word' id='word_1_675' title='bbox 1272 5505 1549 5561; x_wconf 85' lang='lat' dir='ltr'><strong>Clementis</strong></span> <span class='ocrx_word' id='word_1_676' title='bbox 1573 5505 1945 5574; x_wconf 76' lang='lat' dir='ltr'><strong>rewgnitiones</strong></span> <span class='ocrx_word' id='word_1_677' title='bbox 1970 5545 1984 5569; x_wconf 96' lang='lat'><strong>,</strong></span> <span class='ocrx_word' id='word_1_678' title='bbox 2007 5505 2121 5574; x_wconf 87' lang='lat' dir='ltr'><strong>jam</strong></span> 
     </span>
    </p>
   </div>
   <div class='ocr_carea' id='block_1_87' title="bbox 528 5574 2122 5647">
    <p class='ocr_par' dir='ltr' id='par_1_87' title="bbox 528 5574 2122 5647">
     <span class='ocr_line' id='line_1_87' title="bbox 528 5574 2122 5647; baseline 0 -18"><span class='ocrx_word' id='word_1_679' title='bbox 528 5577 653 5633; x_wconf 92' lang='lat' dir='ltr'><strong>inde</strong></span> <span class='ocrx_word' id='word_1_680' title='bbox 683 5580 753 5632; x_wconf 92' lang='lat' dir='ltr'><strong>ab</strong></span> <span class='ocrx_word' id='word_1_681' title='bbox 780 5578 1015 5633; x_wconf 85' lang='lat' dir='ltr'><strong>Eusebio</strong></span> <span class='ocrx_word' id='word_1_682' title='bbox 1043 5577 1438 5647; x_wconf 83' lang='lat' dir='ltr'><strong>suppositionis</strong></span> <span class='ocrx_word' id='word_1_683' title='bbox 1468 5575 1536 5628; x_wconf 91' lang='lat' dir='ltr'><strong>ah</strong></span> <span class='ocrx_word' id='word_1_684' title='bbox 1566 5574 1819 5628; x_wconf 90' lang='lat' dir='ltr'><strong>omnibus</strong></span> <span class='ocrx_word' id='word_1_685' title='bbox 1846 5574 2122 5643; x_wconf 81' lang='lat' dir='ltr'><strong>postulan-</strong></span> 
     </span>
    </p>
   </div>
   <div class='ocr_carea' id='block_1_88' title="bbox 527 5648 1343 5715">
    <p class='ocr_par' dir='ltr' id='par_1_88' title="bbox 527 5648 1343 5715">
     <span class='ocr_line' id='line_1_88' title="bbox 527 5648 1343 5715; baseline 0.004 -17"><span class='ocrx_word' id='word_1_686' title='bbox 527 5655 635 5700; x_wconf 91' lang='lat' dir='ltr'><strong>tur.</strong></span> <span class='ocrx_word' id='word_1_687' title='bbox 669 5649 894 5715; x_wconf 82' lang='lat' dir='ltr'><strong>Rufinus</strong></span> <span class='ocrx_word' id='word_1_688' title='bbox 934 5649 1125 5702; x_wconf 86' lang='lat' dir='ltr'><strong>Latine</strong></span> <span class='ocrx_word' id='word_1_689' title='bbox 1167 5648 1343 5712; x_wconf 70' lang='lat' dir='ltr'><strong>vertit.</strong></span> 
     </span>
    </p>
   </div>
   <div class='ocr_carea' id='block_1_89' title="bbox 536 5711 2125 5834">
    <p class='ocr_par' dir='ltr' id='par_1_89' title="bbox 536 5711 2125 5834">
     <span class='ocr_line' id='line_1_89' title="bbox 536 5711 2125 5834; baseline 0.001 -66"><span class='ocrx_word' id='word_1_690' title='bbox 536 5772 580 5833; x_wconf 50' lang='grc' dir='ltr'>ω</span> <span class='ocrx_word' id='word_1_691' title='bbox 600 5711 885 5834; x_wconf 49' lang='lat' dir='ltr'><strong>&#39;1Additur</strong></span> <span class='ocrx_word' id='word_1_692' title='bbox 915 5719 967 5772; x_wconf 93' lang='lat' dir='ltr'><strong>in</strong></span> <span class='ocrx_word' id='word_1_693' title='bbox 996 5718 1177 5773; x_wconf 73' lang='lat' dir='ltr'><strong>Rufini</strong></span> <span class='ocrx_word' id='word_1_694' title='bbox 1229 5711 1597 5783; x_wconf 75' lang='lat' dir='ltr'><strong>editionibns,</strong></span> <span class='ocrx_word' id='word_1_695' title='bbox 1646 5712 1804 5770; x_wconf 81' lang='lat' dir='ltr'><strong>immo</strong></span> <span class='ocrx_word' id='word_1_696' title='bbox 1833 5729 1960 5782; x_wconf 78' lang='lat' dir='ltr'><strong>pene</strong></span> <span class='ocrx_word' id='word_1_697' title='bbox 1998 5720 2125 5781; x_wconf 42' lang='lat' dir='ltr'><strong>apes</strong></span> 
     </span>
     <span class='ocr_line' id='line_1_90' title="bbox 585 5799 719 5834; baseline -0.03 -1"><span class='ocrx_word' id='word_1_698' title='bbox 585 5799 611 5833; x_wconf 92' lang='grc'><strong><em>0</em></strong></span> <span class='ocrx_word' id='word_1_699' title='bbox 639 5799 719 5834; x_wconf 65' lang='grc'><strong>9⁸8.</strong></span> 
     </span>
    </p>
   </div>
   <div class='ocr_carea' id='block_1_90' title="bbox 585 5799 719 5835">
    <p class='ocr_par' dir='ltr' id='par_1_90' title="bbox 585 5799 719 5835">
     <span class='ocr_line' id='line_1_91' title="bbox 585 5799 719 5835; baseline 0.015 -2"><span class='ocrx_word' id='word_1_700' title='bbox 585 5799 719 5835; x_wconf 66' lang='grc'><strong>019⁸³-</strong></span> 
     </span>
    </p>
   </div>
   <div class='ocr_carea' id='block_1_91' title="bbox 2227 3281 3678 3354">
    <p class='ocr_par' dir='ltr' id='par_1_91' title="bbox 2227 3281 3678 3354">
     <span class='ocr_line' id='line_1_92' title="bbox 2227 3281 3678 3354; baseline 0.004 -19"><span class='ocrx_word' id='word_1_701' title='bbox 2227 3281 2603 3348; x_wconf 89' lang='lat' dir='ltr'><strong>innocentem,</strong></span> <span class='ocrx_word' id='word_1_702' title='bbox 2646 3292 2737 3337; x_wconf 89' lang='lat' dir='ltr'><strong>aut</strong></span> <span class='ocrx_word' id='word_1_703' title='bbox 2766 3282 3063 3338; x_wconf 84' lang='lat' dir='ltr'><strong>obnoxium</strong></span> <span class='ocrx_word' id='word_1_704' title='bbox 3095 3284 3311 3340; x_wconf 91' lang='lat' dir='ltr'><strong>crimini</strong></span> <span class='ocrx_word' id='word_1_705' title='bbox 3342 3283 3678 3354; x_wconf 88' lang='lat' dir='ltr'><strong>probabunt.</strong></span> 
     </span>
    </p>
   </div>
   <div class='ocr_carea' id='block_1_92' title="bbox 2283 3360 3819 3446">
    <p class='ocr_par' dir='ltr' id='par_1_92' title="bbox 2283 3360 3819 3446">
     <span class='ocr_line' id='line_1_93' title="bbox 2283 3360 3819 3446; baseline 0.003 -17"><span class='ocrx_word' id='word_1_706' title='bbox 2283 3364 2401 3430; x_wconf 73' lang='grc'><strong>⁸18.⁴</strong></span> <span class='ocrx_word' id='word_1_707' title='bbox 2430 3360 2670 3446; x_wconf 76' lang='lat' dir='ltr'><strong>Epistola</strong></span> <span class='ocrx_word' id='word_1_708' title='bbox 2708 3374 2942 3445; x_wconf 73' lang='lat' dir='ltr'><strong>Origem&#39;s</strong></span> <span class='ocrx_word' id='word_1_709' title='bbox 2984 3376 3053 3429; x_wconf 83' lang='lat' dir='ltr'><strong>ad</strong></span> <span class='ocrx_word' id='word_1_710' title='bbox 3081 3377 3276 3430; x_wconf 78' lang='lat' dir='ltr'><strong>amicos</strong></span> <span class='ocrx_word' id='word_1_711' title='bbox 3306 3376 3664 3433; x_wconf 60' lang='lat' dir='ltr'><strong>Alexandriae.</strong></span> <span class='ocrx_word' id='word_1_712' title='bbox 3704 3379 3819 3434; x_wconf 75' lang='lat' dir='ltr'><strong>Orf-</strong></span> 
     </span>
    </p>
   </div>
   <div class='ocr_carea' id='block_1_93' title="bbox 2228 3465 3824 3539">
    <p class='ocr_par' dir='ltr' id='par_1_93' title="bbox 2228 3465 3824 3539">
     <span class='ocr_line' id='line_1_94' title="bbox 2228 3465 3824 3539; baseline 0.007 -21"><span class='ocrx_word' id='word_1_713' title='bbox 2228 3467 2463 3536; x_wconf 76' lang='lat' dir='ltr'><strong>gem&#39;ante</strong></span> <span class='ocrx_word' id='word_1_714' title='bbox 2488 3465 2734 3536; x_wconf 74' lang='lat' dir='ltr'><strong>epistola:</strong></span> <span class='ocrx_word' id='word_1_715' title='bbox 2761 3468 2905 3539; x_wconf 84' lang='lat' dir='ltr'><strong>prior</strong></span> <span class='ocrx_word' id='word_1_716' title='bbox 2935 3484 3078 3537; x_wconf 84' lang='lat' dir='ltr'><strong>pars.</strong></span> <span class='ocrx_word' id='word_1_717' title='bbox 3121 3499 3191 3509; x_wconf 85' lang='lat'><strong>-—</strong></span> <span class='ocrx_word' id='word_1_718' title='bbox 3217 3468 3502 3525; x_wconf 74' lang='lat' dir='ltr'><strong>Prtcmissa</strong></span> <span class='ocrx_word' id='word_1_719' title='bbox 3534 3471 3824 3529; x_wconf 85' lang='lat' dir='ltr'><strong>falsatione</strong></span> 
     </span>
    </p>
   </div>
   <div class='ocr_carea' id='block_1_94' title="bbox 2228 3548 3820 3634">
    <p class='ocr_par' dir='ltr' id='par_1_94' title="bbox 2228 3548 3820 3634">
     <span class='ocr_line' id='line_1_95' title="bbox 2228 3548 3820 3634; baseline 0.004 -20"><span class='ocrx_word' id='word_1_720' title='bbox 2228 3559 2309 3615; x_wconf 87' lang='lat' dir='ltr'><strong>ab</strong></span> <span class='ocrx_word' id='word_1_721' title='bbox 2330 3548 2633 3627; x_wconf 66' lang='lat' dir='ltr'><strong>haereticis,</strong></span> <span class='ocrx_word' id='word_1_722' title='bbox 2665 3562 3065 3633; x_wconf 89' lang='lat' dir='ltr'><strong>apostolorum,</strong></span> <span class='ocrx_word' id='word_1_723' title='bbox 3097 3572 3152 3618; x_wconf 90' lang='lat' dir='ltr'><strong>et</strong></span> <span class='ocrx_word' id='word_1_724' title='bbox 3183 3564 3471 3634; x_wconf 91' lang='lat' dir='ltr'><strong>utriusque</strong></span> <span class='ocrx_word' id='word_1_725' title='bbox 3497 3564 3820 3633; x_wconf 88' lang='lat' dir='ltr'><strong>Clementis,</strong></span> 
     </span>
    </p>
   </div>
   <div class='ocr_carea' id='block_1_95' title="bbox 2229 3654 3823 3727">
    <p class='ocr_par' dir='ltr' id='par_1_95' title="bbox 2229 3654 3823 3727">
     <span class='ocr_line' id='line_1_96' title="bbox 2229 3654 3823 3727; baseline 0.007 -22"><span class='ocrx_word' id='word_1_726' title='bbox 2229 3662 2392 3722; x_wconf 90' lang='lat' dir='ltr'><strong>atque</strong></span> <span class='ocrx_word' id='word_1_727' title='bbox 2448 3654 2725 3725; x_wconf 83' lang='lat' dir='ltr'><strong>Dionysii,</strong></span> <span class='ocrx_word' id='word_1_728' title='bbox 2760 3654 2911 3710; x_wconf 88' lang='lat' dir='ltr'><strong>venit</strong></span> <span class='ocrx_word' id='word_1_729' title='bbox 2954 3656 3021 3710; x_wconf 90' lang='lat' dir='ltr'><strong>ad</strong></span> <span class='ocrx_word' id='word_1_730' title='bbox 3074 3656 3469 3727; x_wconf 83' lang='lat' dir='ltr'><strong>Origenem,ct</strong></span> <span class='ocrx_word' id='word_1_731' title='bbox 3517 3658 3601 3713; x_wconf 90' lang='lat' dir='ltr'><strong>his</strong></span> <span class='ocrx_word' id='word_1_732' title='bbox 3650 3660 3823 3717; x_wconf 89' lang='lat' dir='ltr'><strong>verbis</strong></span> 
     </span>
    </p>
   </div>
   <div class='ocr_carea' id='block_1_96' title="bbox 2230 3744 3825 3821">
    <p class='ocr_par' dir='ltr' id='par_1_96' title="bbox 2230 3744 3825 3821">
     <span class='ocr_line' id='line_1_97' title="bbox 2230 3744 3825 3821; baseline 0.008 -26"><span class='ocrx_word' id='word_1_733' title='bbox 2230 3744 2508 3812; x_wconf 86' lang='lat' dir='ltr'><strong>loquitur:</strong></span> <span class='ocrx_word' id='word_1_734' title='bbox 2542 3763 2560 3797; x_wconf 74' lang='grc' dir='ltr'>ι</span> <span class='ocrx_word' id='word_1_735' title='bbox 2600 3744 2775 3815; x_wconf 85' lang='lat' dir='ltr'><strong>ipsius</strong></span> <span class='ocrx_word' id='word_1_736' title='bbox 2831 3748 2933 3801; x_wconf 90' lang='lat' dir='ltr'><strong>hoc</strong></span> <span class='ocrx_word' id='word_1_737' title='bbox 2975 3750 3364 3818; x_wconf 87' lang='lat' dir='ltr'><strong>conquerentis</strong></span> <span class='ocrx_word' id='word_1_738' title='bbox 3404 3760 3460 3805; x_wconf 94' lang='lat' dir='ltr'><strong>et</strong></span> <span class='ocrx_word' id='word_1_739' title='bbox 3488 3750 3825 3821; x_wconf 89' lang='lat' dir='ltr'><strong>deplorantis</strong></span> 
     </span>
    </p>
   </div>
   <div class='ocr_carea' id='block_1_97' title="bbox 2229 3824 3822 3912">
    <p class='ocr_par' dir='ltr' id='par_1_97' title="bbox 2229 3824 3822 3912">
     <span class='ocr_line' id='line_1_98' title="bbox 2229 3824 3822 3912; baseline 0.006 -23"><span class='ocrx_word' id='word_1_740' title='bbox 2229 3824 2451 3903; x_wconf 86' lang='lat' dir='ltr'><strong>scriptis</strong></span> <span class='ocrx_word' id='word_1_741' title='bbox 2476 3851 2539 3891; x_wconf 89' lang='lat' dir='ltr'><strong>ac</strong></span> <span class='ocrx_word' id='word_1_742' title='bbox 2564 3838 2788 3893; x_wconf 88' lang='lat' dir='ltr'><strong>vocibus</strong></span> <span class='ocrx_word' id='word_1_743' title='bbox 2816 3840 3190 3908; x_wconf 88' lang='lat' dir='ltr'><strong>probavimus.</strong></span> <span class='ocrx_word' id='word_1_744' title='bbox 3222 3839 3358 3908; x_wconf 88' lang='lat' dir='ltr'><strong>Quid</strong></span> <span class='ocrx_word' id='word_1_745' title='bbox 3384 3842 3529 3897; x_wconf 90' lang='lat' dir='ltr'><strong>enim</strong></span> <span class='ocrx_word' id='word_1_746' title='bbox 3564 3843 3684 3912; x_wconf 85' lang='lat' dir='ltr'><strong>ipse</strong></span> <span class='ocrx_word' id='word_1_747' title='bbox 3705 3859 3822 3899; x_wconf 91' lang='lat' dir='ltr'><strong>cum</strong></span> 
     </span>
    </p>
   </div>
   <div class='ocr_carea' id='block_1_98' title="bbox 2230 3928 3825 4007">
    <p class='ocr_par' dir='ltr' id='par_1_98' title="bbox 2230 3928 3825 4007">
     <span class='ocr_line' id='line_1_99' title="bbox 2230 3928 3825 4007; baseline 0.004 -24"><span class='ocrx_word' id='word_1_748' title='bbox 2230 3929 2408 3985; x_wconf 90' lang='lat' dir='ltr'><strong>adhuc</strong></span> <span class='ocrx_word' id='word_1_749' title='bbox 2457 3931 2510 3985; x_wconf 94' lang='lat' dir='ltr'><strong>in</strong></span> <span class='ocrx_word' id='word_1_750' title='bbox 2557 3946 2725 3987; x_wconf 89' lang='lat' dir='ltr'><strong>carne</strong></span> <span class='ocrx_word' id='word_1_751' title='bbox 2760 3930 2778 3969; x_wconf 67' lang='grc' dir='ltr'>ί</span> <span class='ocrx_word' id='word_1_752' title='bbox 2814 3928 3025 4000; x_wconf 82' lang='lat' dir='ltr'><strong>vivens,</strong></span> <span class='ocrx_word' id='word_1_753' title='bbox 3057 3934 3325 4003; x_wconf 90' lang='lat' dir='ltr'><strong>sentiens,</strong></span> <span class='ocrx_word' id='word_1_754' title='bbox 3355 3935 3662 4006; x_wconf 91' lang='lat' dir='ltr'><strong>vidensque</strong></span> <span class='ocrx_word' id='word_1_755' title='bbox 3709 3952 3825 4007; x_wconf 91' lang='lat' dir='ltr'><strong>pcr-</strong></span> 
     </span>
    </p>
   </div>
   <div class='ocr_carea' id='block_1_99' title="bbox 2234 4024 3825 4095">
    <p class='ocr_par' dir='ltr' id='par_1_99' title="bbox 2234 4024 3825 4095">
     <span class='ocr_line' id='line_1_100' title="bbox 2234 4024 3825 4095; baseline 0.003 -16"><span class='ocrx_word' id='word_1_756' title='bbox 2234 4037 2423 4095; x_wconf 87' lang='lat' dir='ltr'><strong>pessus</strong></span> <span class='ocrx_word' id='word_1_757' title='bbox 2452 4028 2525 4079; x_wconf 92' lang='lat' dir='ltr'><strong>sit</strong></span> <span class='ocrx_word' id='word_1_758' title='bbox 2555 4024 2621 4080; x_wconf 92' lang='lat' dir='ltr'><strong>de</strong></span> <span class='ocrx_word' id='word_1_759' title='bbox 2654 4025 2916 4081; x_wconf 89' lang='lat' dir='ltr'><strong>librorum</strong></span> <span class='ocrx_word' id='word_1_760' title='bbox 2944 4041 3168 4083; x_wconf 91' lang='lat' dir='ltr'><strong>suorum</strong></span> <span class='ocrx_word' id='word_1_761' title='bbox 3189 4070 3204 4095; x_wconf 93' lang='lat'><strong>,</strong></span> <span class='ocrx_word' id='word_1_762' title='bbox 3235 4029 3317 4083; x_wconf 89' lang='lat' dir='ltr'><strong>vel</strong></span> <span class='ocrx_word' id='word_1_763' title='bbox 3360 4044 3677 4085; x_wconf 90' lang='lat' dir='ltr'><strong>sermonum</strong></span> <span class='ocrx_word' id='word_1_764' title='bbox 3708 4043 3825 4083; x_wconf 87' lang='lat' dir='ltr'><strong>cor-</strong></span> 
     </span>
    </p>
   </div>
   <div class='ocr_carea' id='block_1_100' title="bbox 2232 4118 3826 4191">
    <p class='ocr_par' dir='ltr' id='par_1_100' title="bbox 2232 4118 3826 4191">
     <span class='ocr_line' id='line_1_101' title="bbox 2232 4118 3826 4191; baseline 0.001 -19"><span class='ocrx_word' id='word_1_765' title='bbox 2232 4118 2581 4189; x_wconf 88' lang='lat' dir='ltr'><strong>ruptionibus</strong></span> <span class='ocrx_word' id='word_1_766' title='bbox 2607 4158 2620 4181; x_wconf 89' lang='lat'><strong>,</strong></span> <span class='ocrx_word' id='word_1_767' title='bbox 2652 4118 2740 4173; x_wconf 91' lang='lat' dir='ltr'><strong>vel</strong></span> <span class='ocrx_word' id='word_1_768' title='bbox 2794 4118 3116 4175; x_wconf 90' lang='lat' dir='ltr'><strong>adulterinis</strong></span> <span class='ocrx_word' id='word_1_769' title='bbox 3160 4120 3523 4186; x_wconf 90' lang='lat' dir='ltr'><strong>editionibns,</strong></span> <span class='ocrx_word' id='word_1_770' title='bbox 3558 4136 3627 4176; x_wconf 81' lang='lat' dir='ltr'><strong>ex</strong></span> <span class='ocrx_word' id='word_1_771' title='bbox 3661 4120 3826 4191; x_wconf 90' lang='lat' dir='ltr'><strong>ipsius</strong></span> 
     </span>
    </p>
   </div>
   <div class='ocr_carea' id='block_1_101' title="bbox 2231 4209 3826 4282">
    <p class='ocr_par' dir='ltr' id='par_1_101' title="bbox 2231 4209 3826 4282">
     <span class='ocr_line' id='line_1_102' title="bbox 2231 4209 3826 4282; baseline 0.001 -19"><span class='ocrx_word' id='word_1_772' title='bbox 2231 4209 2464 4278; x_wconf 89' lang='lat' dir='ltr'><strong>epistola</strong></span> <span class='ocrx_word' id='word_1_773' title='bbox 2508 4224 2670 4279; x_wconf 86' lang='lat' dir='ltr'><strong>quam</strong></span> <span class='ocrx_word' id='word_1_774' title='bbox 2702 4210 2891 4266; x_wconf 90' lang='lat' dir='ltr'><strong>scribit</strong></span> <span class='ocrx_word' id='word_1_775' title='bbox 2922 4211 2989 4265; x_wconf 91' lang='lat' dir='ltr'><strong>ad</strong></span> <span class='ocrx_word' id='word_1_776' title='bbox 3033 4211 3294 4282; x_wconf 87' lang='lat' dir='ltr'><strong>quosdam</strong></span> <span class='ocrx_word' id='word_1_777' title='bbox 3322 4211 3519 4267; x_wconf 88' lang='lat' dir='ltr'><strong>charos</strong></span> <span class='ocrx_word' id='word_1_778' title='bbox 3546 4226 3675 4267; x_wconf 91' lang='lat' dir='ltr'><strong>suos</strong></span> <span class='ocrx_word' id='word_1_779' title='bbox 3704 4211 3826 4265; x_wconf 84' lang='lat' dir='ltr'><strong>Ale—</strong></span> 
     </span>
    </p>
   </div>
   <div class='ocr_carea' id='block_1_102' title="bbox 2233 4301 3822 4373">
    <p class='ocr_par' dir='ltr' id='par_1_102' title="bbox 2233 4301 3822 4373">
     <span class='ocr_line' id='line_1_103' title="bbox 2233 4301 3822 4373; baseline -0.001 -18"><span class='ocrx_word' id='word_1_780' title='bbox 2233 4301 2537 4366; x_wconf 81' lang='lat' dir='ltr'><strong>xandriam,</strong></span> <span class='ocrx_word' id='word_1_781' title='bbox 2563 4301 2851 4355; x_wconf 90' lang='lat' dir='ltr'><strong>evidenter</strong></span> <span class='ocrx_word' id='word_1_782' title='bbox 2878 4302 3127 4357; x_wconf 87' lang='lat' dir='ltr'><strong>docetur.</strong></span> <span class='ocrx_word' id='word_1_783' title='bbox 3156 4321 3174 4355; x_wconf 72' lang='grc' dir='ltr'><strong>ι</strong></span> <span class='ocrx_word' id='word_1_784' title='bbox 3200 4303 3503 4373; x_wconf 88' lang='lat' dir='ltr'><strong>Statimque</strong></span> <span class='ocrx_word' id='word_1_785' title='bbox 3522 4303 3822 4371; x_wconf 81' lang='lat' dir='ltr'><strong>exemplum</strong></span> 
     </span>
    </p>
   </div>
   <div class='ocr_carea' id='block_1_103' title="bbox 2232 4391 3826 4465">
    <p class='ocr_par' dir='ltr' id='par_1_103' title="bbox 2232 4391 3826 4465">
     <span class='ocr_line' id='line_1_104' title="bbox 2232 4391 3826 4465; baseline -0.001 -18"><span class='ocrx_word' id='word_1_786' title='bbox 2232 4391 2807 4463; x_wconf 83' lang='lat' dir='ltr'><strong>subjungitepistolac;</strong></span> <span class='ocrx_word' id='word_1_787' title='bbox 2838 4404 2895 4449; x_wconf 90' lang='lat' dir='ltr'><strong>et</strong></span> <span class='ocrx_word' id='word_1_788' title='bbox 2918 4395 3008 4465; x_wconf 89' lang='lat' dir='ltr'><strong>qui</strong></span> <span class='ocrx_word' id='word_1_789' title='bbox 3038 4393 3329 4449; x_wconf 89' lang='lat' dir='ltr'><strong>falsitatem</strong></span> <span class='ocrx_word' id='word_1_790' title='bbox 3358 4393 3683 4463; x_wconf 83' lang='lat' dir='ltr'><strong>scriptorum</strong></span> <span class='ocrx_word' id='word_1_791' title='bbox 3706 4392 3826 4446; x_wconf 88' lang='lat' dir='ltr'><strong>Ori-</strong></span> 
     </span>
    </p>
   </div>
   <div class='ocr_carea' id='block_1_104' title="bbox 2232 4485 3827 4557">
    <p class='ocr_par' dir='ltr' id='par_1_104' title="bbox 2232 4485 3827 4557">
     <span class='ocr_line' id='line_1_105' title="bbox 2232 4485 3827 4557; baseline -0.001 -16"><span class='ocrx_word' id='word_1_792' title='bbox 2232 4486 2387 4555; x_wconf 85' lang='lat' dir='ltr'><strong>genis</strong></span> <span class='ocrx_word' id='word_1_793' title='bbox 2416 4485 2692 4541; x_wconf 67' lang='lat' dir='ltr'><strong>haereticis</strong></span> <span class='ocrx_word' id='word_1_794' title='bbox 2725 4486 2983 4557; x_wconf 86' lang='lat' dir='ltr'><strong>imputat,</strong></span> <span class='ocrx_word' id='word_1_795' title='bbox 3014 4485 3133 4556; x_wconf 87' lang='lat' dir='ltr'><strong>ipse</strong></span> <span class='ocrx_word' id='word_1_796' title='bbox 3157 4486 3343 4557; x_wconf 88' lang='lat' dir='ltr'><strong>incipit</strong></span> <span class='ocrx_word' id='word_1_797' title='bbox 3368 4501 3398 4540; x_wconf 92' lang='lat' dir='ltr'><strong>a</strong></span> <span class='ocrx_word' id='word_1_798' title='bbox 3422 4486 3655 4541; x_wconf 73' lang='lat' dir='ltr'><strong>falsitate</strong></span> <span class='ocrx_word' id='word_1_799' title='bbox 3679 4500 3697 4542; x_wconf 89' lang='lat'><strong>:</strong></span> <span class='ocrx_word' id='word_1_800' title='bbox 3722 4501 3827 4540; x_wconf 93' lang='lat' dir='ltr'><strong>non</strong></span> 
     </span>
    </p>
   </div>
   <div class='ocr_carea' id='block_1_105' title="bbox 2158 4553 3828 4648">
    <p class='ocr_par' dir='ltr' id='par_1_105' title="bbox 2158 4553 3828 4648">
     <span class='ocr_line' id='line_1_106' title="bbox 2158 4553 3828 4648; baseline -0.001 -17"><span class='ocrx_word' id='word_1_801' title='bbox 2158 4553 2207 4612; x_wconf 80' lang='lat' dir='ltr'><strong>D</strong></span> <span class='ocrx_word' id='word_1_802' title='bbox 2234 4553 2307 4631; x_wconf 85' lang='lat' dir='ltr'><strong>ita</strong></span> <span class='ocrx_word' id='word_1_803' title='bbox 2337 4576 2705 4648; x_wconf 88' lang='lat' dir='ltr'><strong>interpretans</strong></span> <span class='ocrx_word' id='word_1_804' title='bbox 2730 4553 3050 4632; x_wconf 36' lang='lat' dir='ltr'><strong>ut-habetnr</strong></span> <span class='ocrx_word' id='word_1_805' title='bbox 3084 4578 3135 4633; x_wconf 93' lang='lat' dir='ltr'><strong>in</strong></span> <span class='ocrx_word' id='word_1_806' title='bbox 3161 4553 3378 4639; x_wconf 59' lang='lat' dir='ltr'><strong>Graeco.</strong></span> <span class='ocrx_word' id='word_1_807' title='bbox 3413 4594 3512 4633; x_wconf 87' lang='lat' dir='ltr'><strong>nec</strong></span> <span class='ocrx_word' id='word_1_808' title='bbox 3539 4576 3592 4631; x_wconf 91' lang='lat' dir='ltr'><strong>id</strong></span> <span class='ocrx_word' id='word_1_809' title='bbox 3623 4576 3828 4632; x_wconf 89' lang='lat' dir='ltr'><strong>Latinis</strong></span> 
     </span>
    </p>
   </div>
   <div class='ocr_carea' id='block_1_106' title="bbox 2234 4670 3828 4742">
    <p class='ocr_par' dir='ltr' id='par_1_106' title="bbox 2234 4670 3828 4742">
     <span class='ocr_line' id='line_1_107' title="bbox 2234 4670 3828 4742; baseline -0.001 -17"><span class='ocrx_word' id='word_1_810' title='bbox 2234 4671 2547 4737; x_wconf 90' lang='lat' dir='ltr'><strong>insinuans,</strong></span> <span class='ocrx_word' id='word_1_811' title='bbox 2571 4671 2717 4742; x_wconf 89' lang='lat' dir='ltr'><strong>quod</strong></span> <span class='ocrx_word' id='word_1_812' title='bbox 2747 4670 2940 4742; x_wconf 84' lang='lat' dir='ltr'><strong>ipsein</strong></span> <span class='ocrx_word' id='word_1_813' title='bbox 2974 4670 3087 4727; x_wconf 88' lang='lat' dir='ltr'><strong>suis</strong></span> <span class='ocrx_word' id='word_1_814' title='bbox 3109 4671 3308 4726; x_wconf 84' lang='lat' dir='ltr'><strong>litteris</strong></span> <span class='ocrx_word' id='word_1_815' title='bbox 3329 4671 3640 4742; x_wconf 83' lang='lat' dir='ltr'><strong>profitetur.</strong></span> <span class='ocrx_word' id='word_1_816' title='bbox 3670 4670 3828 4726; x_wconf 84' lang='lat' dir='ltr'><strong>Cum-</strong></span> 
     </span>
    </p>
   </div>
   <div class='ocr_carea' id='block_1_107' title="bbox 2235 4760 3830 4835">
    <p class='ocr_par' dir='ltr' id='par_1_107' title="bbox 2235 4760 3830 4835">
     <span class='ocr_line' id='line_1_108' title="bbox 2235 4760 3830 4835; baseline -0.003 -17"><span class='ocrx_word' id='word_1_817' title='bbox 2235 4780 2343 4835; x_wconf 90' lang='lat' dir='ltr'><strong>que</strong></span> <span class='ocrx_word' id='word_1_818' title='bbox 2373 4765 2461 4819; x_wconf 92' lang='lat' dir='ltr'><strong>illa</strong></span> <span class='ocrx_word' id='word_1_819' title='bbox 2494 4765 2730 4834; x_wconf 85' lang='lat' dir='ltr'><strong>epistola</strong></span> <span class='ocrx_word' id='word_1_820' title='bbox 2761 4773 2872 4818; x_wconf 92' lang='lat' dir='ltr'><strong>tota</strong></span> <span class='ocrx_word' id='word_1_821' title='bbox 2907 4762 3243 4819; x_wconf 89' lang='lat' dir='ltr'><strong>Demetrium</strong></span> <span class='ocrx_word' id='word_1_822' title='bbox 3277 4762 3655 4819; x_wconf 68' lang='lat' dir='ltr'><strong>Alexandrina:</strong></span> <span class='ocrx_word' id='word_1_823' title='bbox 3685 4760 3830 4816; x_wconf 89' lang='lat' dir='ltr'><strong>orbis</strong></span> 
     </span>
    </p>
   </div>
   <div class='ocr_carea' id='block_1_108' title="bbox 2235 4856 3830 4929">
    <p class='ocr_par' dir='ltr' id='par_1_108' title="bbox 2235 4856 3830 4929">
     <span class='ocr_line' id='line_1_109' title="bbox 2235 4856 3830 4929; baseline -0.004 -15"><span class='ocrx_word' id='word_1_824' title='bbox 2235 4858 2549 4929; x_wconf 90' lang='lat' dir='ltr'><strong>pontificem</strong></span> <span class='ocrx_word' id='word_1_825' title='bbox 2597 4859 2822 4923; x_wconf 91' lang='lat' dir='ltr'><strong>laceret,</strong></span> <span class='ocrx_word' id='word_1_826' title='bbox 2847 4868 2901 4912; x_wconf 91' lang='lat' dir='ltr'><strong>et</strong></span> <span class='ocrx_word' id='word_1_827' title='bbox 2947 4857 3000 4912; x_wconf 93' lang='lat' dir='ltr'><strong>in</strong></span> <span class='ocrx_word' id='word_1_828' title='bbox 3054 4856 3222 4911; x_wconf 91' lang='lat' dir='ltr'><strong>totius</strong></span> <span class='ocrx_word' id='word_1_829' title='bbox 3264 4856 3417 4912; x_wconf 92' lang='lat' dir='ltr'><strong>orbis</strong></span> <span class='ocrx_word' id='word_1_830' title='bbox 3462 4857 3756 4925; x_wconf 90' lang='lat' dir='ltr'><strong>episcopos</strong></span> <span class='ocrx_word' id='word_1_831' title='bbox 3779 4861 3830 4909; x_wconf 94' lang='lat' dir='ltr'><strong>et</strong></span> 
     </span>
    </p>
   </div>
   <div class='ocr_carea' id='block_1_109' title="bbox 2234 4946 3829 5016">
    <p class='ocr_par' dir='ltr' id='par_1_109' title="bbox 2234 4946 3829 5016">
     <span class='ocr_line' id='line_1_110' title="bbox 2234 4946 3829 5016; baseline -0.007 -5"><span class='ocrx_word' id='word_1_832' title='bbox 2234 4953 2466 5011; x_wconf 89' lang='lat' dir='ltr'><strong>clericos</strong></span> <span class='ocrx_word' id='word_1_833' title='bbox 2492 4952 2799 5016; x_wconf 88' lang='lat' dir='ltr'><strong>lnvehatur,</strong></span> <span class='ocrx_word' id='word_1_834' title='bbox 2818 4958 2873 5005; x_wconf 91' lang='lat' dir='ltr'><strong>et</strong></span> <span class='ocrx_word' id='word_1_835' title='bbox 2897 4947 3103 5005; x_wconf 87' lang='lat' dir='ltr'><strong>frustra</strong></span> <span class='ocrx_word' id='word_1_836' title='bbox 3126 4949 3195 5005; x_wconf 94' lang='lat' dir='ltr'><strong>ab</strong></span> <span class='ocrx_word' id='word_1_837' title='bbox 3222 4946 3486 5005; x_wconf 88' lang='lat' dir='ltr'><strong>Ecclesiis</strong></span> <span class='ocrx_word' id='word_1_838' title='bbox 3516 4961 3829 5003; x_wconf 58' lang='lat' dir='ltr'><strong>excommuc</strong></span> 
     </span>
    </p>
   </div>
   <div class='ocr_carea' id='block_1_110' title="bbox 2304 5148 3827 5219">
    <p class='ocr_par' dir='ltr' id='par_1_110' title="bbox 2304 5148 3827 5219">
     <span class='ocr_line' id='line_1_111' title="bbox 2304 5148 3827 5219; baseline -0.002 -14"><span class='ocrx_word' id='word_1_839' title='bbox 2304 5148 2331 5189; x_wconf 77' lang='grc' dir='ltr'><strong>ἀ</strong></span> <span class='ocrx_word' id='word_1_840' title='bbox 2358 5152 2466 5205; x_wconf 85' lang='lat' dir='ltr'><strong>Nos</strong></span> <span class='ocrx_word' id='word_1_841' title='bbox 2497 5150 2567 5205; x_wconf 89' lang='lat' dir='ltr'><strong>ita</strong></span> <span class='ocrx_word' id='word_1_842' title='bbox 2597 5164 2662 5206; x_wconf 80' lang='lat' dir='ltr'><strong>ex</strong></span> <span class='ocrx_word' id='word_1_843' title='bbox 2694 5150 2908 5218; x_wconf 85' lang='lat' dir='ltr'><strong>ingenio</strong></span> <span class='ocrx_word' id='word_1_844' title='bbox 2937 5148 3286 5219; x_wconf 88' lang='lat' dir='ltr'><strong>reposuimus</strong></span> <span class='ocrx_word' id='word_1_845' title='bbox 3328 5148 3538 5203; x_wconf 73' lang='lat' dir='ltr'><strong>noxium</strong></span> <span class='ocrx_word' id='word_1_846' title='bbox 3566 5190 3580 5214; x_wconf 92' lang='lat'><strong>,</strong></span> <span class='ocrx_word' id='word_1_847' title='bbox 3621 5162 3747 5204; x_wconf 91' lang='lat' dir='ltr'><strong>cum</strong></span> <span class='ocrx_word' id='word_1_848' title='bbox 3778 5150 3827 5203; x_wconf 92' lang='lat' dir='ltr'><strong>in</strong></span> 
     </span>
    </p>
   </div>
   <div class='ocr_carea' id='block_1_111' title="bbox 2233 5218 3829 5278">
    <p class='ocr_par' dir='ltr' id='par_1_111' title="bbox 2233 5218 3829 5278">
     <span class='ocr_line' id='line_1_112' title="bbox 2233 5218 3829 5278; baseline -0.003 0"><span class='ocrx_word' id='word_1_849' title='bbox 2233 5221 2394 5278; x_wconf 87' lang='lat' dir='ltr'><strong>editis</strong></span> <span class='ocrx_word' id='word_1_850' title='bbox 2421 5222 2571 5277; x_wconf 86' lang='lat' dir='ltr'><strong>libris</strong></span> <span class='ocrx_word' id='word_1_851' title='bbox 2603 5220 2858 5277; x_wconf 92' lang='lat' dir='ltr'><strong>omnibus</strong></span> <span class='ocrx_word' id='word_1_852' title='bbox 2886 5218 3036 5275; x_wconf 91' lang='lat' dir='ltr'><strong>nullo</strong></span> <span class='ocrx_word' id='word_1_853' title='bbox 3064 5234 3227 5276; x_wconf 87' lang='lat' dir='ltr'><strong>sensu</strong></span> <span class='ocrx_word' id='word_1_854' title='bbox 3273 5222 3533 5274; x_wconf 89' lang='lat' dir='ltr'><strong>hactenus</strong></span> <span class='ocrx_word' id='word_1_855' title='bbox 3561 5218 3829 5275; x_wconf 88' lang='lat' dir='ltr'><strong>obtinuis-</strong></span> 
     </span>
    </p>
   </div>
   <div class='ocr_carea' id='block_1_112' title="bbox 2230 5293 2591 5350">
    <p class='ocr_par' dir='ltr' id='par_1_112' title="bbox 2230 5293 2591 5350">
     <span class='ocr_line' id='line_1_113' title="bbox 2230 5293 2591 5350; baseline -0.006 -3"><span class='ocrx_word' id='word_1_856' title='bbox 2230 5304 2313 5350; x_wconf 86' lang='lat' dir='ltr'><strong>set</strong></span> <span class='ocrx_word' id='word_1_857' title='bbox 2344 5293 2591 5346; x_wconf 73' lang='lat' dir='ltr'><strong>omnium.</strong></span> 
     </span>
    </p>
   </div>
   <div class='ocr_carea' id='block_1_113' title="bbox 2304 5360 3827 5433">
    <p class='ocr_par' dir='ltr' id='par_1_113' title="bbox 2304 5360 3827 5433">
     <span class='ocr_line' id='line_1_114' title="bbox 2304 5360 3827 5433; baseline -0.002 -15"><span class='ocrx_word' id='word_1_858' title='bbox 2304 5374 2327 5400; x_wconf 80' lang='grc' dir='ltr'><strong>θ</strong></span> <span class='ocrx_word' id='word_1_859' title='bbox 2367 5364 2683 5418; x_wconf 77' lang='lat' dir='ltr'><strong>Athanasius</strong></span> <span class='ocrx_word' id='word_1_860' title='bbox 2710 5364 3001 5433; x_wconf 80' lang='lat' dir='ltr'><strong>episwpus.</strong></span> <span class='ocrx_word' id='word_1_861' title='bbox 3032 5360 3137 5433; x_wconf 87' lang='lat' dir='ltr'><strong>Pro</strong></span> <span class='ocrx_word' id='word_1_862' title='bbox 3168 5362 3387 5417; x_wconf 90' lang='lat' dir='ltr'><strong>nomine</strong></span> <span class='ocrx_word' id='word_1_863' title='bbox 3412 5361 3687 5417; x_wconf 79' lang='lat' dir='ltr'><strong>Athanasii</strong></span> <span class='ocrx_word' id='word_1_864' title='bbox 3716 5362 3827 5431; x_wconf 88' lang='lat' dir='ltr'><strong>plu-</strong></span> 
     </span>
    </p>
   </div>
   <div class='ocr_carea' id='block_1_114' title="bbox 2230 5432 3829 5502">
    <p class='ocr_par' dir='ltr' id='par_1_114' title="bbox 2230 5432 3829 5502">
     <span class='ocr_line' id='line_1_115' title="bbox 2230 5432 3829 5502; baseline -0.001 -13"><span class='ocrx_word' id='word_1_865' title='bbox 2230 5450 2316 5490; x_wconf 92' lang='lat' dir='ltr'><strong>res</strong></span> <span class='ocrx_word' id='word_1_866' title='bbox 2338 5435 2554 5491; x_wconf 86' lang='lat' dir='ltr'><strong>codices</strong></span> <span class='ocrx_word' id='word_1_867' title='bbox 2576 5436 2831 5502; x_wconf 85' lang='lat' dir='ltr'><strong>retinent,</strong></span> <span class='ocrx_word' id='word_1_868' title='bbox 2859 5447 3045 5488; x_wconf 91' lang='lat' dir='ltr'><strong>errore</strong></span> <span class='ocrx_word' id='word_1_869' title='bbox 3068 5432 3409 5487; x_wconf 88' lang='lat' dir='ltr'><strong>librariorum</strong></span> <span class='ocrx_word' id='word_1_870' title='bbox 3435 5442 3707 5501; x_wconf 88' lang='lat' dir='ltr'><strong>veterum,</strong></span> <span class='ocrx_word' id='word_1_871' title='bbox 3735 5447 3829 5488; x_wconf 84' lang='lat' dir='ltr'><strong>no-</strong></span> 
     </span>
    </p>
   </div>
   <div class='ocr_carea' id='block_1_115' title="bbox 2229 5505 2971 5562">
    <p class='ocr_par' dir='ltr' id='par_1_115' title="bbox 2229 5505 2971 5562">
     <span class='ocr_line' id='line_1_116' title="bbox 2229 5505 2971 5562; baseline -0.004 -2"><span class='ocrx_word' id='word_1_872' title='bbox 2229 5521 2349 5562; x_wconf 90' lang='lat' dir='ltr'><strong>men</strong></span> <span class='ocrx_word' id='word_1_873' title='bbox 2384 5505 2666 5561; x_wconf 78' lang='lat' dir='ltr'><strong>Anastasii.</strong></span> <span class='ocrx_word' id='word_1_874' title='bbox 2700 5505 2971 5561; x_wconf 62' lang='lat' dir='ltr'><strong>Maurum.</strong></span> 
     </span>
    </p>
   </div>
   <div class='ocr_carea' id='block_1_116' title="bbox 2305 5574 3823 5639">
    <p class='ocr_par' dir='ltr' id='par_1_116' title="bbox 2305 5574 3823 5639">
     <span class='ocr_line' id='line_1_117' title="bbox 2305 5574 3823 5639; baseline -0.002 -7"><span class='ocrx_word' id='word_1_875' title='bbox 2305 5577 2325 5616; x_wconf 73' lang='grc' dir='ltr'><strong>ί</strong></span> <span class='ocrx_word' id='word_1_876' title='bbox 2368 5577 2425 5632; x_wconf 89' lang='lat' dir='ltr'><strong>In</strong></span> <span class='ocrx_word' id='word_1_877' title='bbox 2471 5577 2646 5632; x_wconf 82' lang='lat' dir='ltr'><strong>Rufini</strong></span> <span class='ocrx_word' id='word_1_878' title='bbox 2693 5578 3048 5639; x_wconf 83' lang='lat' dir='ltr'><strong>editionibns,</strong></span> <span class='ocrx_word' id='word_1_879' title='bbox 3079 5577 3135 5630; x_wconf 77' lang='lat' dir='ltr'><strong>in</strong></span> <span class='ocrx_word' id='word_1_880' title='bbox 3164 5592 3319 5629; x_wconf 78' lang='lat' dir='ltr'><strong>carne</strong></span> <span class='ocrx_word' id='word_1_881' title='bbox 3364 5585 3498 5630; x_wconf 84' lang='lat' dir='ltr'><strong>esset</strong></span> <span class='ocrx_word' id='word_1_882' title='bbox 3529 5576 3721 5630; x_wconf 79' lang='lat' dir='ltr'><strong>vivens.</strong></span> <span class='ocrx_word' id='word_1_883' title='bbox 3767 5574 3823 5630; x_wconf 92' lang='lat' dir='ltr'><strong>ln</strong></span> 
     </span>
    </p>
   </div>
   <div class='ocr_carea' id='block_1_117' title="bbox 2230 5645 3825 5718">
    <p class='ocr_par' dir='ltr' id='par_1_117' title="bbox 2230 5645 3825 5718">
     <span class='ocr_line' id='line_1_118' title="bbox 2230 5645 3825 5718; baseline -0.001 -15"><span class='ocrx_word' id='word_1_884' title='bbox 2230 5648 2418 5703; x_wconf 90' lang='lat' dir='ltr'><strong>codice</strong></span> <span class='ocrx_word' id='word_1_885' title='bbox 2447 5659 2628 5705; x_wconf 90' lang='lat' dir='ltr'><strong>autem</strong></span> <span class='ocrx_word' id='word_1_886' title='bbox 2658 5648 2870 5717; x_wconf 82' lang='lat' dir='ltr'><strong>collegii</strong></span> <span class='ocrx_word' id='word_1_887' title='bbox 2895 5649 3123 5703; x_wconf 85' lang='lat' dir='ltr'><strong>Romani</strong></span> <span class='ocrx_word' id='word_1_888' title='bbox 3152 5646 3376 5702; x_wconf 86' lang='lat' dir='ltr'><strong>verbum</strong></span> <span class='ocrx_word' id='word_1_889' title='bbox 3401 5648 3649 5715; x_wconf 77' lang='lat' dir='ltr'><strong>sentiens,</strong></span> <span class='ocrx_word' id='word_1_890' title='bbox 3683 5645 3825 5718; x_wconf 85' lang='lat' dir='ltr'><strong>quod</strong></span> 
     </span>
    </p>
   </div>
   <div class='ocr_carea' id='block_1_118' title="bbox 2232 5720 2996 5790">
    <p class='ocr_par' dir='ltr' id='par_1_118' title="bbox 2232 5720 2996 5790">
     <span class='ocr_line' id='line_1_119' title="bbox 2232 5720 2996 5790; baseline -0.003 -15"><span class='ocrx_word' id='word_1_891' title='bbox 2232 5720 2584 5790; x_wconf 87' lang='lat' dir='ltr'><strong>subsequitur</strong></span> <span class='ocrx_word' id='word_1_892' title='bbox 2608 5730 2715 5777; x_wconf 79' lang='lat' dir='ltr'><strong>nan</strong></span> <span class='ocrx_word' id='word_1_893' title='bbox 2746 5720 2996 5777; x_wconf 84' lang='lat' dir='ltr'><strong>habetur.</strong></span> 
     </span>
    </p>
   </div>
  </div>
