4054 6380
246 317 348 376 Ml

1236 317 1582 399 APOLOGIA
1624 315 1994 374 ADVERSUS
2035 316 2280 372 LIBROS
2321 317 2575 373 RUFINI.

3437 318 3549 374 442

245 431 487 489 nieatum
515 447 642 490 esse
671 448 732 490 se
759 433 944 499 dicat,
978 447 1079 489 nec
1104 432 1247 488 velle
1294 433 1347 488 in
1397 432 1708 488 maledictis
1756 447 1846 487 re-
1869 433 1926 494 Α
1953 441 2061 486 tam
2092 432 2143 485 in
2178 431 2417 486 bonitate
2446 446 2606 502 quam
2636 433 2690 487 in
2720 433 3019 488 severitate
3043 432 3136 488 Dei
3168 447 3290 491 esse
3319 450 3548 490 mensu-

248 526 396 581 ferre
441 526 615 581 vicem
643 567 657 592 ,
712 541 780 581 ne
825 526 1034 582 scilicet
1083 524 1383 581 maledicus
1431 525 1682 580 videatur
1715 537 1849 590 esse

249 615 440 682 homo,
465 619 558 687 qui
587 619 640 673 in
668 626 875 674 tantum
898 629 1088 674 cautus
1111 619 1180 673 sit
1209 617 1278 672 ad
1307 615 1765 682 maledicendum,
1793 624 1851 669 ut

248 723 320 766 ne
350 710 569 766 diabolo
595 713 812 782 quidem
843 711 1042 767 audeat
1071 711 1432 778 maledicere;
1459 712 1600 766 unde
1625 719 1678 764 et
1701 708 1845 764 Can-

247 802 380 859 dido
430 803 795 859 Valentiniani
846 805 1116 876 dogmatis
1163 803 1449 871 seclatori,
1477 801 1847 858 calumniandi

245 908 310 951 se
333 897 671 953 occasionem
688 900 850 971 510
864 898 1100 966 dederit,
1113 898 1259 970 quod
1273 898 1549 953 diabolum
1574 897 1846 952 salvandee

243 989 450 1046 dixerit
473 1005 594 1047 esse
624 1003 832 1048 naturai
861 1011 874 1047 :
902 995 993 1046 hic
1017 992 1362 1047 dissimulato
1383 1001 1707 1060 argumento
1734 990 1848 1058 epi-

242 1081 426 1148 stolae,
461 1082 616 1153 ﬁngit
661 1098 758 1154 pro
797 1085 1036 1156 Origene
1061 1125 1076 1152 ,
1104 1084 1251 1155 quod
1297 1083 1390 1138 ille
1432 1099 1536 1137 non
1586 1083 1844 1152 loquitur.

245 1174 402 1232 Unde
430 1179 679 1248 epistolae
701 1179 875 1249 ipsius
906 1189 1118 1250 partem
1147 1178 1424 1250 paululum
1458 1193 1522 1231 ex
1553 1177 1846 1247 superiori-

242 1265 348 1323 bus
379 1271 672 1334 transtuli,
719 1280 777 1326 et
806 1271 890 1326 his
918 1271 1102 1342 junxi,
1130 1286 1252 1342 quae
1279 1271 1345 1325 ab
1374 1269 1492 1340 ipso
1521 1269 1844 1325 commatice

239 1359 546 1432 doloseque
579 1365 838 1420 translata
869 1375 999 1421 sunt
1023 1407 1037 1430 ,
1079 1374 1136 1418 ut
1161 1379 1266 1435 quo
1293 1362 1526 1419 consilio
1553 1363 1840 1432 superiora

244 1455 520 1521 tacuerit,
551 1456 669 1526 ipse
718 1458 890 1514 lector
940 1467 1216 1528 agnoscat.
1271 1457 1474 1512 Contra
1526 1456 1842 1511 sacerdotes

239 1560 377 1615 ergo
421 1547 682 1604 Ecclesiae
725 1549 1062 1620 generaliter
1107 1550 1428 1620 disputans,
1456 1563 1486 1602 a
1533 1548 1729 1618 quibus
1761 1547 1839 1601 in-

245 1638 445 1710 dignus
482 1645 862 1699 communione
901 1645 1022 1713 ejus
1048 1643 1222 1700 fuerat
1247 1643 1520 1713 judicatus
1543 1685 1556 1707 ,
1589 1645 1703 1696 [1330
1754 1642 1837 1696 in-

239 1734 367 1790 tulit
400 1753 413 1789 :
447 1753 464 1786 ‹
505 1735 638 1802 Quid
669 1751 896 1794 necesse
923 1747 1007 1793 est
1048 1737 1117 1793 de
1142 1738 1534 1807 prephetarum
1569 1736 1840 1790 sermoni-

1950 537 2088 578 ram.
2121 521 2276 578 Unde
2320 533 2519 578 cuncta
2571 523 2796 579 nitimur
2835 539 2999 594 agere
3036 525 3270 579 consilio
3297 543 3310 580 :
3337 526 3390 580 in
3438 526 3549 580 vini

1949 631 2165 688 quoque
2198 625 2359 686 potu,
2406 627 2459 672 et
2492 617 2545 671 in
2574 617 2956 672 moderatione
3003 618 3300 681 sermonis,
3333 626 3391 670 ut
3422 617 3553 673 nulli

1949 715 2249 770 audeamus
2289 714 2635 770 maledicere.
2667 714 2810 784 Ergo
2846 729 2968 768 eum
2997 721 3224 783 propter
3265 714 3424 786 511
3459 713 3555 768 Dei

1951 808 2201 864 timorem
2228 822 2516 864 caveamus
2545 809 2595 862 in
2625 807 2933 878 quempiam
2962 806 3253 863 maledicta
3276 806 3549 873 conferre,

1947 903 2304 959 recordantes
2335 904 2480 958 illius
2506 903 2633 958 dicti
2664 943 2678 966 ,
2711 901 2836 956 Non
2865 901 2966 973 fuit
3000 918 3160 956 ausus
3177 901 3437 972 judicium
3466 901 3551 954 in-

1947 996 2083 1065 ferre
2112 995 2464 1068 blasphemiae,
2516 994 2659 1064 quod
2707 994 2905 1048 dicitur
2941 991 3010 1048 de
3048 992 3312 1047 Michaele
3357 1004 3547 1048 contra

1947 1087 2257 1152 diabolum;
2289 1097 2345 1144 et
2375 1088 2428 1142 in
2453 1088 2561 1142 alio
2603 1087 2723 1141 loco
2763 1105 2776 1140 :
2811 1085 3203 1140 Domiuationes
3228 1085 3436 1156 quidem
3463 1102 3547 1138 re-

1945 1182 2188 1254 probant,
2225 1183 2421 1253 glorias
2451 1190 2622 1236 autem
2663 1178 3019 1249 blasphemaut
3053 1195 3071 1232 .'
3106 1177 3322 1247 quidam
3353 1193 3543 1233 eorum

1944 1277 2035 1346 qui
2067 1276 2299 1330 libenter
2327 1273 2710 1330 contentiones
2751 1271 3048 1340 reperiunt,
3082 1270 3362 1325 ascribunt
3390 1269 3546 1325 nobis

1945 1378 1998 1422 et
2049 1377 2253 1422 nostra:
2297 1366 2561 1421 doctrinae
2606 1362 3044 1433 blasphemiam,
3078 1375 3245 1430 super
3289 1375 3393 1430 qua
3439 1359 3544 1429 ipsi

1944 1459 2208 1523 viderint,
2243 1457 2515 1528 quomodo
2547 1456 2678 1512 illud
2707 1455 2930 1511 audiant
2957 1472 2970 1507 :
2997 1452 3423 1524 Neque'ebriosi,
3449 1468 3544 1504 ue—

1942 1569 2041 1623 que
2069 1551 2313 1606 maledici
2341 1567 2556 1624 regnum
2603 1548 2700 1602 Dei
2754 1545 3085 1618 possidebunt
3109 1563 3127 1600 :
3157 1543 3286 1599 licet
3331 1552 3541 1612 patrem

1943 1647 2166 1702 malitia:
2199 1654 2256 1702 et
2293 1644 2613 1715 perditionis
2643 1658 2832 1698 eorum
2855 1682 2870 1708 ,
2901 1640 2991 1711 qui
3020 1640 3086 1695 de
3111 1655 3283 1708 regno
3314 1639 3407 1693 Dei
3445 1637 3544 1706 eji-

1941 1743 2176 1804 cientur,
2202 1739 2386 1792 dicant
2415 1751 2574 1806 posse
2597 1733 2820 1800 salvari,
2845 1733 2988 1802 quod
3017 1746 3087 1787 ne
3109 1738 3291 1786 mente
3320 1727 3539 1800 quidem

237 1823 344 1880 bus
364 1825 782 1900 dicere,quibus
801 1829 1104 1900 saepissime
1122 1829 1522 1899 pastoribus,et
1542 1827 1839 1897 majoribus
1865 1822 1916 1901 ¹Β
1943 1833 2063 1904 quis
2108 1840 2299 1902 captus
2345 1830 2531 1886 dicere
2568 1837 2768 1898 potest.
2809 1847 2828 1880 ι
2857 1825 3066 1882 Caetera
3099 1823 3316 1894 quidem
3355 1839 3420 1879 ex
3450 1838 3542 1878 ea-

243 1925 396 1984 natu,
427 1928 481 1974 et
508 1920 911 1986 sacerdotibus,
935 1935 1000 1976 ac
1028 1919 1371 1991 principibus
1398 1920 1582 1990 pepuli
1613 1919 1850 1989 eommi-_

236 2019 440 2066 nantur
468 2021 523 2066 et
552 2020 787 2082 arguunt
816 2012 945 2067 eos?
967 2015 1100 2078 Quae
1123 2011 1330 2081 absque
1355 2010 1511 2065 nobis
1538 2011 1606 2064 de
1636 2011 1840 2064 sanetis

233 2101 536 2176 Scripturis
584 2105 796 2162 elicere
843 2105 1110 2176 potestis,
1140 2115 1195 2159 et
1242 2103 1454 2172 liquido
1501 2102 1795 2171 pervidere
1822 2143 1837 2167 ,

231 2196 377 2267 quod
405 2196 635 2252 forsitan
661 2197 768 2252 hoc
799 2205 1018 2266 tempus
1041 2195 1134 2260 sit,
1167 2195 1234 2249 de
1259 2209 1368 2264 quo
1396 2194 1598 2249 dicitur
1623 2212 1635 2246 :
1663 2193 1841 2248 Nolite

229 2292 442 2346 credere
472 2289 677 2354 amicis,
700 2303 794 2344 nec
818 2288 1033 2359 speretis
1059 2287 1116 2342 in
1153 2286 1472 2359 principibus
1513 2286 1705 2356 (Mica.
1738 2301 1836 2351 vn,

227 2381 314 2452 5).
346 2381 417 2436 Ει
446 2395 589 2435 nunc
619 2380 907 2452 impleatur
933 2379 1253 2436 vaticinium
1285 2397 1298 2433 :
1338 2379 1502 2433 Duces
1533 2379 1710 2450 pepuli
1743 2380 1840 2433 mei

225 2492 313 2530 me
345 2477 662 2543 nescierunt,
692 2475 791 2544 ﬁlii
818 2475 964 2530 stulti
1003 2482 1144 2543 sunt,
1172 2481 1220 2530 et
1270 2490 1373 2528 non
1404 2483 1522 2527 sunt
1558 2474 1832 2544 sapientes.

230 2571 509 2641 Sapientes
554 2578 694 2638 sunt,
727 2579 784 2624 ut
828 2569 1026 2641 faciant
1074 2569 1246 2633 mala,
1279 2568 1404 2626 bene
1450 2576 1622 2622 autem
1666 2570 1838 2639 facere

229 2661 463 2717 nesciunt
491 2660 708 2732 (Jerem.
741 2677 817 2729 tv,
850 2660 942 2728 91,
973 2659 1102 2732 22);
1131 2674 1364 2731 quorum
1394 2661 1566 2728 magis
1587 2660 1834 2714 misereri

228 2769 396 2826 quam
427 2768 524 2810 eos
554 2754 740 2810 odisse
768 2752 1069 2823 debemus,
1097 2761 1152 2808 et
1191 2767 1354 2807 orare
1387 2768 1484 2822 pro
1513 2753 1639 2817 illis,
1669 2768 1831 2822 quam

228 2847 312 2903 eis
351 2846 706 2904 maledicere.
751 2847 834 2902 Ad
874 2845 1309 2906 benedicendum
1338 2847 1514 2913 enim,
1543 2855 1598 2900 et
1625 2861 1731 2901 non
1764 2848 1830 2902 ad

229 2939 673 2995 maledicendum
721 2940 891 2995 creati
918 2953 1127 2995 sumus.
1153 2937 1314 2997 Unde
1345 2947 1400 2994 et
1427 2938 1657 2994 Michael
1703 2953 1826 2994 cum

226 3032 495 3088 adversus
520 3032 799 3087 diabolum
830 3032 1134 3103 disputaret
1174 3032 1242 3089 de
1269 3033 1442 3104 Moysi
1477 3048 1730 3103 corpore,
1760 3049 1828 3087 ne

229 3133 383 3180 tanto
412 3124 637 3196 quidem
664 3125 810 3179 malo
841 3139 1004 3179 ausus
1044 3133 1130 3179 est
1150 3124 1414 3194 judicium
1464 3125 1665 3180 inferre
1715 3125 1828 3181 bla-

1941 1927 2064 1981 dem
2096 1925 2328 1994 epistola
2358 1923 2629 1979 transtulit
2661 1936 2759 1991 pro
2791 1919 2917 1984 hoc,
2948 1918 3092 1988 quod
3123 1918 3176 1972 in
3207 1916 3315 1973 line
3345 1915 3539 1972 verbo-

1941 2035 2057 2074 rum
2089 2018 2346 2088 Origenis
2380 2015 2721 2087 interpretati
2751 2027 2956 2068 sumus.
3002 2030 3020 2063 ‹
3053 2014 3192 2083 Ergo
3221 2027 3344 2066 cum
3370 2026 3540 2081 prope

1942 2123 2024 2169 ter
2055 2113 2307 2168 timorem
2353 2113 2448 2168 Dei
2490 2123 2781 2165 caveamus
2812 2109 2864 2161 in
2906 2105 3217 2175 quempiam
3251 2102 3539 2158 maledicta

1941 2205 2220 2271 conferre,
2259 2225 2276 2256 ›
2311 2215 2366 2260 et
2407 2205 2654 2273 reliqua:
2685 2203 2787 2256 iste
2828 2199 3206 2254 fraudulenter
3251 2198 3542 2266 amputatis

1941 2299 2352 2368 superioribus,
2399 2313 2465 2352 ex
2516 2296 2715 2366 quibus
2765 2293 3023 2349 inferiora
3073 2290 3420 2362 dependent,
3461 2290 3539 2346 sic

1938 2393 2105 2461 coepit
2137 2390 2432 2445 transferre
2465 2389 2948 2459 epistolam,quasi
2974 2386 3077 2442 hoc
3099 2400 3259 2440 sensu
3285 2383 3540 2454 superius

1939 2493 2088 2540 esset
2113 2493 2139 2520 ει
2168 2483 2471 2549 exordium,
2495 2491 2549 2537 et
2571 2482 2679 2536 ait:
2711 2499 2729 2532 t
2763 2480 2992 2546 Quidam
3015 2495 3204 2535 eorum
3238 2478 3328 2548 qui
3360 2477 3536 2532 liben-

1943 2588 2025 2633 ter
2059 2578 2256 2632 habent
2288 2577 2562 2632 criminari
2597 2575 2876 2646 proximos
2899 2589 3048 2638 suos,
3074 2573 3357 2628 ascribunt
3383 2571 3540 2626 nobis

1938 2677 1994 2725 et
2020 2667 2287 2723 doctrinae
2320 2676 2519 2722 nostra:
2563 2666 2771 2721 crimen
2803 2665 3180 2734 blasphemiae,
3208 2661 3353 2732 quod
3381 2678 3408 2715 a
3438 2677 3537 2716 no-

1936 2763 2020 2818 his
2051 2777 2314 2833 nusquam
2344 2761 2636 2817 audierunt
2666 2778 2678 2812 :
2712 2759 2906 2828 dequo
2935 2757 3037 2826 ipsi
3063 2756 3320 2822 viderint,
3348 2754 3540 2808 nolen-

1938 2866 2019 2910 tes
2075 2855 2376 2911 observare
2421 2855 2736 2909 mandatum
2791 2851 2918 2907 illud
2969 2850 3114 2922 quod
3165 2849 3349 2903 dicit:
3401 2847 3538 2915 Quia

1933 2947 2176 3001 maledici
2204 2963 2422 3016 regnum
2453 2945 2550 2999 Dei
2580 2961 2683 2998 non
2715 2943 3082 3014 possidebunt;
3110 2941 3356 2995 dicentes
3383 2953 3536 2994 asse-

1933 3053 2055 3094 rere
2083 3054 2169 3094 me
2198 3046 2405 3105 patrem
2437 3037 2662 3092 malitia:
2689 3048 2740 3091 et
2776 3034 3099 3105 perditionis
3129 3049 3316 3088 eorum
3347 3031 3436 3100 qui
3467 3030 3536 3086 de

1932 3146 2106 3202 regno
2141 3132 2232 3186 Dei
2262 3130 2578 3201 ejiciuntur,
2610 3128 2662 3184 id
2696 3137 2782 3183 est
2806 3128 3118 3191 diabolum,
3152 3140 3271 3180 esse
3308 3123 3532 3178 salvan-

225 3217 519 3288 εριιεηιῑω,
551 3217 647 3272 Sed
677 3216 814 3272 dixit
840 3233 854 3273 :
885 3214 1125 3287 Increpat
1154 3217 1245 3271 tibi
1275 3215 1529 3271 Dominus
1557 3215 1711 3286 (ludo
1742 3217 1822 3286 9).
1855 3196 1900 3259 C
1931 3196 2059 3278 dum
2093 3240 2106 3276 :
2142 3196 2387 3292 quodvne
2421 3221 2620 3292 aliquis
2641 3220 2858 3291 quidem
2891 3227 3076 3274 mente
3115 3227 3295 3272 motus
3333 3224 3390 3271 et
3419 3229 3534 3269 tua-

227 3308 332 3365 Cui
363 3310 492 3380 quid
518 3310 701 3364 simile
735 3310 901 3364 etiam
925 3309 979 3363 in
1003 3308 1263 3364 Zacharia
1295 3310 1520 3378 legimus
1548 3325 1560 3362 :
1590 3307 1828 3381 Increpat

222 3403 323 3458 tibi
356 3401 635 3467 Dominus,
669 3400 873 3456 diabolc
895 3418 913 3455 .'
938 3411 984 3456 et
1030 3403 1253 3472 increpet
1282 3399 1536 3455 Dominus
1563 3402 1618 3454 in
1644 3410 1710 3465 te,
1741 3401 1828 3469 qui

223 3495 387 3567 elegit
425 3492 717 3549 Jerusalem
743 3493 928 3565 (Zach.
957 3511 1038 3562 ιιι,
1066 3495 1146 3566 2).
1181 3495 1364 3565 Itaque
1383 3503 1439 3549 et
1463 3511 1560 3549 nos
1582 3495 1831 3563 cupimus

224 3587 508 3658 increpari
537 3601 568 3641 a
597 3586 830 3642 Domino
853 3603 949 3643 eos
978 3589 1068 3658 qui
1097 3587 1287 3644 nolunt
1313 3601 1435 3643 cum
1465 3586 1772 3641 humilitate
1797 3601 1827 3641 a

224 3681 506 3754 proximis
535 3680 827 3751 increpari.
860 3682 1078 3737 Dicente
1104 3691 1286 3736 autem
1311 3681 1574 3736 Michaele
1602 3697 1614 3733 :
1640 3678 1824 3736 Incre-

225 3782 317 3847 pet
362 3774 453 3828 tibi
498 3773 793 3843 Dominus,
841 3775 1044 3830 diabole
1071 3793 1088 3843 ;
1120 3785 1173 3830 et
1220 3775 1482 3831 Zacharia
1527 3774 1825 3830 similiter:

223 3878 415 3925 utrum
466 3869 840 3940 increpet,an
887 3886 991 3926 non
1044 3870 1292 3941 increpet
1336 3871 1478 3927 Deus
1524 3871 1826 3935 diabolum,

235 3963 360 4034 ipse
382 3961 601 4019 viderit.
635 3962 704 4018 Et
728 3966 773 4019 si
799 3966 1062 4035 increpat,
1094 3965 1371 4036 quomodo
1415 3966 1682 4035 increpet,
1711 3964 1829 4034 ipse

228 4065 514 4127 agnoscat.
551 4074 571 4109 ι
605 4057 672 4112 Ει
715 4067 838 4127 post
883 4058 1054 4112 multa
1098 4074 1220 4128 quae
1267 4059 1543 4128 prolixum
1574 4067 1660 4113 est
1686 4056 1824 4112 scri-

229 4152 386 4218 bere,
411 4150 565 4205 addit
591 4169 605 4204 :
631 4170 649 4202 ‹
688 4149 799 4205 Nos
824 4151 927 4204 hoc
953 4152 1227 4205 sentimus
1267 4152 1410 4222 quod
1439 4151 1728 4221 ejicientur
1759 4151 1827 4206 de

222 4255 401 4312 regno
429 4242 716 4305 caelorum,
740 4255 848 4293 non
873 4239 1049 4293 solum
1071 4241 1161 4308 qui
1186 4243 1408 4310 grandia
1438 4252 1823 4311 peccaverunt,

229 4334 388 4390 verbi
409 4335 602 4404 gratia,
636 4332 1000 4387 fornicatores
1021 4340 1075 4384 et
1103 4329 1354 4399 adulteri,
1381 4342 1438 4387 et
1459 4335 1824 4389 masculorum

222 4429 634 4494 concubitores,
668 4435 726 4480 et
755 4427 904 4480 fures
929 4467 942 4490 ,
977 4424 1071 4479 sed
1103 4433 1158 4479 et
1203 4427 1293 4494 qui
1323 4429 1532 4481 minora
1578 4429 1824 4498 delique-

222 4532 380 4589 runt,
405 4540 470 4578 ex
505 4538 570 4578 eo
601 4521 746 4593 quod
774 4519 1035 4591 scriptum
1064 4527 1147 4573 est
1180 4536 1194 4573 :
1230 4519 1412 4585 Neque
1432 4520 1637 4586 ebriosi,
1670 4538 1831 4592 neque

221 4612 474 4671 maledici
498 4629 715 4685 regnum
745 4613 841 4668 Dei
873 4611 1206 4682 possidebunt
1251 4609 1292 4683 (1
1325 4608 1446 4666 Cor.
1481 4627 1553 4675 Vl,
1584 4611 1672 4682 16)
1704 4628 1719 4678 ;
1771 4623 1824 4669 et

302 4786 329 4815 ⁸
372 4773 648 4831 Victorius
680 4772 1043 4844 maluit,quasi
1064 4771 1159 4844 hoc
1178 4786 1356 4824 sensus
1377 4778 1509 4823 esset
1535 4767 1825 4844 mordium,

226 4849 283 4906 id
309 4857 416 4916 est,
441 4846 595 4916 quasi
628 4844 754 4901 inde
782 4839 976 4900 sensus
1004 4843 1288 4912 inciperet,
1321 4856 1443 4897 cum
1472 4839 1729 4910 superius
1750 4840 1830 4894 in-

224 4921 492 4977 cepisset.

301 4937 581 5055 regiam,
613 4990 670 5042 id
713 4997 789 5044 est
835 4986 1187 5059 prolationem
1222 4998 1331 5039 non
1376 4983 1650 5059 habentur
1686 4981 1828 5050 apud

226 5062 532 5120 Victoriqu
554 5053 575 5122 ζ
601 5061 690 5128 qui
721 5060 772 5114 in
805 5053 872 5113 eo
898 5065 1049 5112 certe
1079 5055 1327 5128 fallitur,
1349 5053 1492 5124 quod
1535 5053 1832 5128 arbitratur

227 5134 502 5211 προϐολὴν.
534 5125 892 5211 excellentiam
919 5129 1257 5211 signino-are,
1288 5127 1402 5181 sive
1431 5125 1830 5211 ἐξοχὴν,⁸ἱ(160-

226 5197 340 5270 qiie
366 5218 558 5260 errare
589 5201 889 5257 Candidum
910 5241 924 5265 ,
954 5199 1098 5268 quod
1132 5197 1350 5270 Patrem
1383 5197 1826 5253 excellentiorem

228 5269 374 5331 Filio
397 5275 623 5330 diceret.
656 5273 826 5356 Immo
855 5285 986 5356 veri)
1013 5269 1262 5356 προϐολή,
1289 5269 1556 5338 productio
1583 5277 1688 5334 est,
1708 5285 1827 5351 quo

226 5361 400 5403 sensu
429 5360 579 5415 Stepe
604 5343 748 5416 apud
773 5341 1176 5416 ecclesiasticos
1207 5351 1439 5416 veteres,
1472 5350 1527 5395 et
1554 5341 1828 5416 praecipue

227 5410 794 5480 lrenmumbccurrit;
818 5413 870 5468 in
894 5428 1070 5481 eoque
1088 5410 1366 5466 Candidus
1386 5410 1822 5481 blaSphemahut,

229 5487 534 5560 quodcum
580 5486 866 5560 Valentino
909 5480 1192 5558 πρὸϐολήν,
1229 5482 1634 5560 productionem
1675 5480 1826 5560 ejus-

228 5550 379 5614 modi
411 5557 715 5622 asserebat,
757 5571 861 5624 qua
913 5550 1238 5624 procreatus
1249 5553 1330 5624 ab
1359 5550 1626 5624 IEonibus
1666 5552 1826 5608 Jesus

229 5639 397 5687 esset.
431 5629 698 5684 Nimirum
743 5622 848 5681 hoc
889 5622 1202 5687 intellectu,
1248 5622 1440 5677 Filium
1486 5623 1827 5686 prolationem

229 5699 776 5770 comminiscebatur,
802 5706 856 5752 et
879 5696 1188 5770 prolatio-unt
1222 5694 1824 5770 Verbumprredicabat,

229 5789 294 5828 ne
321 5770 436 5842 Deo
465 5769 622 5842 Patri
647 5779 776 5823 esset
801 5764 1091 5842 istiusmodi
1126 5765 1368 5842 Yerb‘um
1396 5764 1572 5842 Filius
1598 5808 1610 5829 ,
1628 5831 1632 5836 _
1649 5767 1828 5836 cujus-

229 5835 368 5899 inocli
400 5857 493 5913 per
523 5841 731 5896 insitum
753 5835 894 5894 nobis
914 5839 1156 5910 loquendi
1182 5847 1419 5892 nat-uram
1446 5835 1654 5893 verbum
1681 5835 1829 5892 omne

1934 3317 2134 3371 nifeste
2163 3316 2441 3371 insaniens
2471 3316 2653 3371 dicere
2681 3324 2882 3385 potest.
2920 3333 2938 3366 ι

2007 3407 2094 3461 19.
2130 3405 2387 3478 Dialogus
2417 3404 2644 3460 Candidi
2675 3407 2934 3476 Origenis.
2968 3404 3122 3458 Liber
3154 3401 3436 3458 Noratiani
3465 3400 3531 3453 de

1937 3499 2208 3553 Trinitate.
2235 3530 2305 3540 —
2333 3497 2589 3555 Conferte
2619 3498 2871 3570 Origcnis
2901 3498 3061 3553 verba
3086 3539 3100 3562 ,
3129 3513 3251 3566 qua:
3276 3510 3437 3564 supra
3463 3492 3530 3546 ad

1931 3591 2156 3646 verbum
2191 3591 2470 3656 transtuli,
2514 3591 2600 3646 his
2628 3607 2750 3662 qua:
2781 3591 2849 3646 ab
2878 3590 2984 3646 isto
3029 3605 3135 3644 non
3177 3602 3334 3642 versa
3368 3595 3528 3649 sunt,

1931 3686 2026 3742 sed
2051 3701 2261 3753 eversa,
2281 3697 2333 3741 et
2354 3695 2608 3758 quantam
2635 3685 2776 3741 inter
2801 3701 2858 3740 se
2881 3699 2987 3740 non
3015 3682 3189 3739 solum
3213 3679 3526 3744 verborum,

1932 3780 2030 3836 sed
2063 3789 2117 3835 et
2147 3795 2409 3835 sensuum
2445 3780 2681 3833 habeant
2710 3779 3129 3840 dissonantium,
3166 3772 3528 3846 perspiciatis.

1932 3875 2093 3948 512
2120 3873 2366 3930 Obsecro
2401 3888 2468 3929 nc
2498 3872 2729 3927 molesta
2765 3872 2835 3926 sit
2868 3870 3026 3925 vobis
3058 3867 3327 3938 prolixior
3357 3863 3531 3918 inter-

1932 3969 2188 4038 pretatio.
2227 3968 2438 4024 Idcirco
2470 3968 2612 4024 enim
2643 3966 2824 4021 omnia
2857 3965 3147 4027 vertimus,
3178 3972 3236 4015 ut
3265 3975 3374 4032 quo
3400 3975 3532 4015 cou-

1936 4063 2062 4118 silio
2106 4062 2391 4133 superiora
2440 4061 2702 4126 tacuerit,
2733 4062 3112 4130 probaremus.
3150 4054 3392 4108 Habetur
3420 4053 3535 4105 dia-

1934 4155 2088 4226 logus
2121 4157 2258 4225 apud
2282 4154 2504 4210 Graecos
2523 4153 2796 4224 Origenis,
2815 4161 2869 4208 et
2887 4151 3115 4207 Candidi
3141 4145 3532 4203 Valentiniana:

1936 4245 2210 4300 haereseos
2258 4245 2564 4300 defensoris
2589 4288 2602 4312 ,
2638 4245 2689 4299 in
2718 4260 2827 4314 quo
2856 4245 2996 4298 duos
3024 4239 3333 4296 Audahatas
3359 4234 3532 4304 digla-

1935 4339 2148 4396 diantes
2177 4340 2324 4394 inter
2351 4354 2409 4394 se
2436 4349 2714 4408 spectasse
2746 4353 2832 4392 me
2863 4337 3058 4392 fateor.
3087 4333 3231 4388 Dicit
3255 4328 3531 4386 Candidus

1935 4431 2134 4486 Filium
2176 4433 2244 4486 de
2275 4432 2452 4486 Patris
2477 4446 2597 4486 esse
2625 4429 2949 4495 substantia,
2981 4440 3173 4481 errans
3208 4424 3258 4476 in
3292 4437 3358 4477 eo
3389 4419 3531 4490 quod

1935 4528 1965 4569 ἱ)
1995 4526 2269 4600 προϐολήν,
2299 4524 2350 4579 id
2393 4533 2512 4589 est,
2548 4523 2893 4592 prolationem
2925 4519 3145 4573 asserit.
3195 4517 3235 4570 E
3283 4515 3529 4585 regione.

1937 4615 2373 4686 Origenesjuxta
2417 4616 2608 4670 Arium
2635 4623 2692 4668 et
2725 4611 3051 4668 Eunomium
3085 4619 3374 4680 repugnat,
3405 4623 3530 4663 eum

1933 4771 2200 4837 profertur
2225 4772 2279 4826 in
2309 4788 2480 4826 vocem
2504 4811 2516 4834 ,
2546 4768 3002 4841 quemadmodum
3034 4777 3270 4841 testatur
3298 4767 3355 4824 S.
3388 4766 3532 4821 Hila-

1934 4842 2050 4912 rius
2087 4841 2181 4896 lib.
2216 4842 2286 4898 de
2336 4838 2588 4912 Synodisr
2621 4856 2772 4894 nuru.
2821 4838 3082 4912 46.7Vide
3128 4841 3181 4894 in
3222 4840 3361 4893 hanc
3413 4854 3528 4893 rem

1936 4911 1994 4969 S.
2050 4927 2269 4982 quoque
2326 4911 2688 4982 Epiphaniam
2745 4911 2943 4982 lueresi
2996 4913 3086 4968 51.
3155 4913 3528 4982 Huucporro

1933 4981 2430 5038 sensum’damnat
2474 4981 2788 5036 Sirmiensis
2836 4983 3054 5037 consilii
3100 4996 3273 5036 canon
3324 4981 3385 5043 8,
3415 4991 3526 5036 tum

1935 5054 2180 5107 Romana
2205 5051 2448 5124 synodus
2464 5051 2566 5106 sub
2589 5050 2820 5124 Datnaso
2839 5069 2929 5107 an.
2956 5053 3061 5108 578
3079 5070 3092 5118 ;
3112 5053 3242 5123 quin
3263 5063 3316 5106 et
3339 5051 3524 5124 Ariani

1935 5125 2036 5192 ipsi
2065 5122 2410 5188 vocabulum,
2444 5122 2658 5176 tametsi
2688 5122 2814 5176 dolo
2858 5125 3002 5179 malo
3049 5122 3301 5188 fecerint,
3332 5123 3527 5178 merito

1933 5197 2313 5266 repudiarunt.
2345 5194 2449 5250 Sed
2477 5193 2843 5250 Tertullianus
2865 5208 3054 5252 contra
3087 5197 3356 5252 Praxeant
3387 5210 3438 5251 c.
3471 5199 3524 5265 8,

1932 5267 2186 5321 damnata
2220 5266 2490 5322 Valentini
2537 5266 2920 5336 intelligentia,
2955 5271 3103 5324 vocis
3148 5283 3306 5323 usum
3339 5267 3522 5322 delen-

1931 5337 2030 5392 dit.
2067 5337 2232 5391 Deum
2263 5337 2480 5395 Filium.
2508 5337 2700 5407 inquit,
2734 5356 2992 5408 agnosco;
3025 5351 3158 5403 tum,
3197 5339 3311 5394 Hoc
3338 5341 3384 5392 si
3411 5341 3527 5409 quis

1933 5411 2186 5483 putaverit
2228 5425 2307 5462 me
2359 5409 2612 5483 πρρϐολῄν
2662 5410 2886 5480 aliquam
2927 5413 3276 5474 introducere,
3315 5411 3411 5463 hoc
3450 5423 3524 5466 est

1933 5481 2277 5548 prolationem
2308 5481 2381 5534 rei
2401 5481 2620 5535 alterius
2651 5497 2714 5534 ex.
2737 5484 2924 5548 altera,
2957 5485 3096 5550 quod
3124 5486 3242 5551 fecit
3285 5484 3517 5538 Valenti-

1931 5569 2048 5617 nus,
2082 5551 2312 5624 xEonem
2341 5555 2404 5605 de
2433 5551 2507 5605 1E
2515 5570 2611 5607 one
2651 5553 2937 5620 produceus
2959 5571 2976 5608 :
3001 5557 3169 5622 primo
3200 5554 3408 5624 quidem
3439 5556 3521 5610 di-

1930 5638 2065 5688 cam,
2098 5623 2220 5678 Non
2248 5624 2365 5678 ideo
2395 5640 2497 5678 non
2543 5633 2717 5679 utatur
2745 5636 2789 5676 et
2819 5626 3002 5678 veritas
3036 5623 3284 5678 vocabulo
3319 5627 3436 5693 isto,
3475 5639 3522 5682 et

1930 5711 1986 5748 re
2013 5713 2074 5749 ac
2104 5712 2254 5750 sensu
2282 5699 2417 5768 ejus,
2440 5698 2560 5766 quia
2582 5707 2628 5750 et
2655 5694 2862 5750 Itwresis
2893 5697 3094 5768 utitur?
3126 5699 3281 5750 immo
3309 5697 3520 5756 [ueretris

1929 5768 2101 5835 potius
2137 5783 2200 5820 eat
2237 5767 2448 5820 veritate
2476 5769 2701 5836 accepit,
2737 5770 2875 5836 quod
2905 5767 2974 5820 ad
3011 5770 3330 5824 mendacium
3369 5788 3519 5830 suum

1928 5846 2168 5893 strueret.
2202 5837 2364 5895 (Iertc
2393 5840 2648 5910 προϐολήν
2679 5836 2841 5894 Verbi
2895 5838 3308 5910 productionem
3338 5845 3520 5917 appel.
