4036 6320
561 181 667 237 Ηό

1799 176 1857 232 S.
1905 173 2174 232 EUS‘EBII
2204 175 2584 232 BIEBONYMI

3756 182 3864 238 4H

558 298 640 350 vel
686 293 953 364 prolatum
987 304 1134 355 esse,
1181 290 1267 343 vel
1300 297 1507 354 natum,
1539 304 1608 343 nc
1643 289 1782 343 Deus
1827 287 1988 343 Pater
2017 288 2155 343 divi-
2182 295 2233 351 Α
2261 289 2444 360 ponite
2470 306 2482 342 :
2508 297 2659 344 certe
2703 302 2865 356 quam
2901 287 2974 342 ob
3003 302 3227 344 causam
3257 293 3499 362 synodus
3529 303 3870 364 congregata

559 389 719 442 datur
752 387 804 439 in
839 393 1053 454 partes;
1087 383 1187 437 sed
1234 383 1370 438 dicit
1415 383 1702 438 sublimem
1730 391 1786 437 et
1817 383 2162 438 excellentis-

558 481 751 535 simam
800 489 1117 532 creaturam
1150 476 1435 530 voluntote
1464 475 1737 530 exstitisse
1779 474 1982 537 Patris,
2019 475 2165 530 sicut

557 582 613 626 et
639 578 872 625 cietertts
916 580 1218 624 creaturas.
1251 568 1466 622 Rursus
1495 567 1562 622 ad
1591 567 1886 622 secundum
1935 568 2164 624 veniunt

558 665 942 737 quzestionem.
997 663 1209 717 Asserit
1256 661 1532 717 Candidus
1581 660 1855 716 diabolum
1908 661 2162 730 pessima:

558 773 684 815 esse
713 766 939 820 naturae,
971 767 1023 812 et
1047 772 1167 826 qua:
1198 754 1401 810 salvari
1432 766 1704 826 nunquam
1740 756 1931 825 possit.
1960 756 2161 812 Contra

560 851 665 906 hoc
711 859 862 906 recte
903 850 1168 919 Origenes
1215 849 1536 918 respondit,
1571 865 1680 904 non
1730 863 1854 904 eum
1909 850 2162 918 peritura:

561 958 688 998 ese
714 943 1067 1006 substantiae,
1101 940 1195 996 sed
1227 943 1511 997 voluntate
1541 943 1757 1011 propria
1788 944 2084 1008 corruisse,
2109 953 2165 999 et

560 1050 724 1106 posse
756 1033 975 1088 salvari.
1023 1032 1438 1089 llocCaudidus
1484 1035 1649 1089 vertit
1695 1036 1751 1089 in
1801 1037 2159 1103 calumniam,

561 1127 718 1200 qttasi
748 1127 1011 1198 Origenes
1038 1127 1260 1193 dixerit,
1286 1127 1489 1182 diaboli
1519 1136 1769 1182 naturam
1799 1142 1921 1184 esse
1946 1130 2162 1184 salvan-

562 1223 684 1276 dam
716 1223 899 1291 :quod
931 1221 1023 1276 ille
1070 1220 1208 1275 falso
1240 1221 1554 1290 objecerat,
1588 1221 1677 1276 hic
1708 1220 1931 1278 refutat.
1965 1221 2031 1277 Et
2076 1223 2158 1277 iu-

560 1317 856 1386 telligimus
890 1316 942 1369 in
986 1316 1087 1370 hoc
1129 1322 1341 1370 tantum
1390 1315 1607 1386 dialogo
1646 1318 1714 1372 ab
1741 1316 1979 1386 Origene
2007 1317 2160 1386 argui

560 1410 871 1464 lizereticam
923 1407 1255 1475 falsitatem,
1289 1419 1344 1464 ct
1375 1425 1482 1464 non
1529 1409 1581 1464 in
1626 1409 1841 1465 caeteris
1886 1408 2061 1475 libris,
2094 1409 2161 1464 de

560 1504 757 1571 quibus
787 1517 1061 1573 nunquam
1093 1501 1324 1571 quaestio
1359 1501 1476 1556 fuit.
1510 1502 1724 1573 Alioqui
1753 1503 1797 1557 si
1823 1503 2006 1556 omnia
2038 1519 2160 1571 qua:

563 1596 825 1650 hceretica
873 1603 1038 1659 sunt,
1075 1610 1186 1650 non
1231 1603 1395 1649 erunt
1435 1593 1717 1664 Origeuis,
1745 1595 1841 1649 sed
1876 1595 2162 1648 barreticu-

2264 383 2354 437 sit.
2389 381 2533 436 Nihil
2580 381 2776 437 horum
2827 381 3100 448 nominas,
3132 384 3225 438 sed
3272 386 3452 439 virum
3480 386 3870 456 eloquentissi-

2263 492 2433 540 mum,
2466 485 2520 530 et
2547 484 2736 530 contra
2771 476 3004 529 Arianos
3033 475 3210 531 Latini
3259 480 3532 533 sermonis
3567 479 3778 545 tubam,
3811 489 3869 536 ut

2262 568 2551 638 Origenem
2581 566 2869 634 defendas,
2894 569 3432 623 excommunicatum
3460 585 3490 623 a
3523 570 3736 642 synodo
3761 573 3870 626 cri-

2263 660 2514 714 minaris.
2549 658 2657 715 Sed
2703 658 3038 714 confessoris
3077 660 3353 716 calumnia
3389 675 3685 731 utcumque
3731 664 3869 720 tole-

2264 751 2433 806 randa
2447 759 2549 806 est.
2575 751 2798 805 Transit
2824 751 2890 806 ad
2909 752 3171 822 inclytum
3194 763 3485 824 martyrem
3510 755 3868 826 Cyprianum,

2263 856 2316 900 et
2346 846 2479 899 dicit
2509 844 2831 898 Tertulliani
2864 845 3094 910 librum,
3123 847 3209 900 cui
3245 846 3435 902 titulus
3463 857 3567 915 est,
3601 847 3666 902 de
3696 848 3873 903 Trini-

2263 945 2386 1004 tate,
2411 937 2510 990 sub
2532 936 2759 990 nomine
2777 938 2896 1006 ejus
2917 935 3390 1005 Constantintqmli
3414 954 3443 992 a
3462 938 3872 995 Macedonians:

2264 1029 2434 1098 partis
2467 1027 2742 1084 haereticis
2786 1028 3048 1084 lectitari.
3081 1029 3140 1084 In
3171 1045 3279 1100 quo
3325 1032 3556 1088 crimine
3606 1036 3874 1090 mentitur

2263 1123 2394 1176 duo.
2440 1119 2576 1176 Nam
2628 1135 2730 1176 nec
2753 1119 2777 1157 δ
2809 1120 3137 1177 Tertulliani
3162 1123 3301 1178 liber
3330 1134 3444 1192 est,
3481 1141 3580 1180 nec
3611 1127 3871 1197 Cypriani

2263 1215 2500 1279 dicitur;
2535 1215 2629 1269 sed
2677 1212 2963 1269 Novatiani
2984 1255 2998 1280 ,
3030 1216 3189 1286 cujus
3214 1225 3271 1272 et
3300 1217 3617 1273 inscribitur
3667 1219 3874 1276 titulo:

2263 1316 2318 1362 et
2338 1307 2578 1362 auctoris
2611 1305 2916 1375 eloquium,
2941 1308 3065 1378 styli
3097 1308 3406 1378 proprietas
3435 1309 3796 1366 demonstrat.

2335 1399 2426 1453 20.
2455 1396 2674 1454 Fabella
2698 1399 2760 1453 de
2790 1397 3222 1469 Hieronymo.——
3250 1402 3315 1456 Et
3362 1401 3700 1470 superfluum
3742 1414 3876 1474 puto

2263 1500 2483 1562 apertas
2512 1491 2743 1560 ineptius
2774 1490 3088 1558 confutare,
3121 1507 3244 1547 cum
3275 1491 3409 1547 mihi
3437 1508 3555 1548 mea
3589 1496 3876 1565 ingeratur

2265 1584 2486 1651 fabella,
2518 1595 2539 1623 ο
2569 1601 2599 1639 a
2626 1584 2839 1657 synodo
2867 1584 3142 1654 videlicet,
3178 1595 3233 1642 et
3279 1587 3381 1642 sub
3422 1589 3640 1643 nomine
3691 1589 3878 1661 cujus-

564 1703 685 1744 rum
712 1707 722 1742 :
751 1703 946 1743 omnes
988 1698 1169 1742 autem
1206 1687 1596 1757 propemodum
1629 1686 1776 1742 illius
1802 1687 1929 1742 tomi
1960 1686 2044 1741 bis
2071 1702 2159 1742 er-

2278 1675 2389 1731 lam
2421 1678 2581 1734 amici
2617 1678 2836 1733 Damasi
2882 1679 3144 1735 Romana:
3172 1681 3328 1736 urbis
3373 1685 3614 1752 episcOpi
3643 1699 3749 1754 ego
3780 1700 3876 1754 pe-

565 1781 786 1835 roribus
832 1778 979 1847 pleni
1017 1788 1174 1845 sunt;
1209 1778 1341 1833 nihil
1386 1777 1638 1847 Origenis
1667 1779 1793 1844 erit,
1828 1779 1920 1834 sed
1950 1793 2162 1844 eorum,

566 1887 798 1942 quorum
828 1871 1140 1942 ignoramus
1168 1869 1458 1927 vocabula.
1488 1871 1605 1926 Non
1638 1871 1690 1926 ci
1721 1871 1919 1926 sufficit
1946 1871 2166 1928 Graecos

564 1973 620 2019 ct
648 1965 904 2034 antiquos
929 1963 1276 2029 calumniari,
1302 1964 1370 2018 de
1390 1964 1586 2034 quibus
1614 1980 1710 2034 pro
1737 1973 2005 2020 vetustate
2030 1975 2168 2019 tem-

565 2071 757 2126 porum
799 2066 856 2112 et
905 2057 1304 2127 longinquitate
1353 2058 1639 2128 regionum
1685 2057 1850 2113 habet
1891 2058 2164 2114 licentiam

563 2147 827 2220 quidquid
874 2148 1110 2204 voluerit
1160 2149 1494 2215 mentiendi;
1530 2150 1679 2205 venit
1721 2149 1788 2204 ad
1833 2149 2076 2214 Latinos,
2114 2159 2168 2206 et

569 2243 807 2312 primum
847 2241 1003 2310 ponit
1035 2251 1060 2279 η
1089 2241 1352 2306 Hilarium
1398 2238 1809 2309 eoofessorem,
1855 2242 1999 2311 quod
2045 2250 2169 2312 post

571 2331 975 2394 Ariminensem
1006 2335 1277 2405 synodum
1308 2334 1446 2390 liber
1473 2334 1634 2406 513
1662 2333 1812 2389 illius
1851 2335 2076 2390 falsatus
2101 2334 2168 2390 ab

571 2425 852 2481 litereticis
884 2427 976 2481 sit.
1022 2426 1089 2481 Et
1132 2427 1202 2482 ob
1247 2428 1388 2485 hanc
1437 2442 1656 2484 causam
1691 2443 1822 2482 cum
1853 2427 1905 2482 in
1934 2427 2169 2483 concilio

571 2521 957 2590 episcoporum
989 2521 1038 2578 ei
1066 2521 1298 2590 quaestio
1343 2533 1675 2586 moveretur,
1711 2519 1940 2592 proferri
1972 2522 2168 2577 librum

576 2613 644 2670 de
667 2614 834 2670 domo
863 2628 960 2668 sua
987 2613 1216 2683 jusserit
1246 2631 1258 2667 :
1285 2615 1400 2684 qui,
1433 2614 1714 2670 nesciente
1743 2627 1826 2678 se,
1860 2613 1913 2668 in
1952 2613 2172 2670 scriniis

572 2706 690 2759 suis
718 2704 1008 2760 haereticus
1048 2705 1360 2760 tenebatur.
1400 2705 1642 2772 Cumque
1676 2704 1915 2772 prolatus
1957 2705 2171 2772 fuisset,

574 2804 632 2850 et
657 2795 727 2850 ab
765 2795 1022 2849 omnibus
1050 2795 1342 2851 luereticus
1366 2797 1640 2866 judicatus
1663 2837 1676 2862 ,
1702 2806 1892 2852 auctor
1928 2796 2054 2852 libri
2081 2812 2174 2850 cx-

578 2887 1036 2950 communieatus,
1066 2887 1134 2942 de
1179 2889 1396 2944 concilii
1431 2888 1804 2945 conventione
1835 2889 2170 2948 discesserit.

579 2977 651 3032 Et
683 2985 847 3032 tanta!
876 2980 1218 3034 auctoritatis
1244 2994 1302 3034 se
1336 2985 1525 3049 putat,
1560 2990 1620 3034 ut
1659 2995 1782 3037 cum
1817 2980 1918 3037 hoc
1945 2981 2176 3038 familia-

2255 1780 2373 1850 _tar,
2408 1774 2494 1826 cui
2525 1773 2616 1829 ille
2655 1773 3056 1828 ecclesiasticas
3111 1775 3376 1844 epistolas
3423 1776 3704 1831 dictandas
3763 1787 3883 1834 tra-

2267 1861 2424 1928 didit,
2455 1871 2508 1917 et
2539 1863 3004 1930 Apollinariorum
3024 1864 3278 1919 versutiae
3297 1864 3699 1928 describantur,
3724 1869 3879 1937 quod

2267 1955 2549 2011 Athanasii
2579 1956 2775 2010 librum
2809 1957 2902 2011 ubi
2935 1955 3243 2013 Dominicus
3281 1959 3436 2014 homo
3483 1959 3722 2029 scriptus
3771 1970 3880 2029 cst,

2267 2049 2333 2104 ad
2366 2048 2529 2122 514
2559 2049 2849 2120 legendum
2888 2060 3195 2121 acceptum,
3225 2053 3297 2107 ita
3328 2054 3696 2122 corruperint,
3727 2063 3788 2108 ut
3821 2055 3876 2110 in

2270 2144 2428 2198 litura
2459 2143 2509 2197 id
2532 2143 2679 2213 quod
2709 2145 2946 2199 raserint
2968 2187 2984 2212 ,
3001 2150 3203 2200 rursus
3225 2146 3528 2202 scriberent
3548 2187 3562 2212 ,
3586 2155 3645 2201 ut
3667 2149 3882 2204 scilicet

2271 2252 2380 2292 non
2409 2237 2476 2291 ab
2509 2237 2620 2292 illis
2649 2238 2929 2304 falsatum,
2957 2238 3052 2293 sed
3079 2253 3109 2294 a
3139 2254 3227 2294 me
3272 2238 3516 2294 additum
3563 2249 3877 2307 putaretur.

2271 2329 2468 2396 Quaeso
2500 2340 2571 2396 te,
2600 2330 2777 2384 amice
2824 2329 3147 2385 charissima
3178 2366 3194 2396 ,
3251 2339 3307 2384 ut
3361 2330 3413 2384 in
3472 2329 3880 2386 Ecclesiastieis

2275 2422 2618 2486 tractatibus,
2648 2421 2735 2474 tibi
2765 2420 2831 2475 dc
2860 2422 3092 2476 veritate
3121 2420 3436 2491 dogmatum
3477 2421 3742 2492 quaeritur
3766 2461 3782 2488 ,
3829 2430 3884 2479 et

2273 2513 2341 2570 de
2365 2515 2538 2568 salute
2569 2515 2870 2568 animarum
2905 2521 3243 2579 nostrarum,
3291 2518 3558 2582 majorum
3602 2514 3884 2583 ﬂagitatur

2274 2606 2569 2660 auctoritas
2597 2647 2611 2671 ,
2665 2605 3044 2674 hujuscemodi
3088 2604 3449 2660 deliramenta
3491 2604 3771 2669 dimittas,
3829 2615 3887 2661 et

2278 2699 2624 2767 prandiorum
2647 2713 3037 2768 cuman-umque
3060 2698 3271 2753 fabulas
3298 2713 3394 2767 pro
3421 2706 3746 2768 argumento
3769 2713 3886 2754 non

2279 2803 2465 2847 teneas
2491 2791 2758 2848 veritatis.
2807 2791 2952 2847 Fieri
2982 2790 3126 2846 enim
3153 2800 3356 2861 potest,
3387 2801 3440 2845 ut
3467 2791 3632 2847 etiam
3661 2790 3708 2845 si
3737 2807 3769 2845 a
3795 2807 3885 2848 me

2283 2901 2468 2940 verum
2504 2885 2727 2953 audisti,
2758 2887 2897 2941 alius
2926 2886 3016 2956 qui
3046 2886 3206 2955 hujus
3234 2887 3311 2941 rei
3357 2887 3576 2954 ignarus
3607 2895 3714 2953 est,
3738 2886 3886 2942 dicat

2277 2999 2307 3037 a
2337 2989 2391 3037 te
2421 2996 2544 3037 esse
2571 2981 2934 3051 compositum
2968 2997 2980 3034 :
3013 2990 3068 3034 et
3094 2980 3245 3050 quasi
3294 2977 3518 3034 mimum
3545 2975 3571 3014 (1
3605 2979 3888 3036 Philistio-

577 3071 730 3125 ribus
757 3071 875 3125 suis
905 3081 1090 3126 narrat
1133 3073 1427 3138 somnium,
1456 3086 1620 3128 nemo
1647 3074 1695 3129 ei
1725 3082 1913 3128 contra
1957 3073 2178 3131 confes-
2202 3057 2246 3120 Ο
2282 3073 2388 3142 uis,
2419 3075 2497 3129 vel
2527 3073 2764 3137 Lentuli,
2798 3088 2862 3128 ac
2887 3073 3101 3129 Marulli
3144 3070 3422 3142 stropham
3469 3072 3707 3143 eleganti
3761 3089 3888 3131 ser-

578 3179 759 3217 sorem
781 3162 883 3218 ista
905 3163 1181 3219 simulanti
1211 3163 1407 3219 audeat
1433 3165 1833 3224 contradicere.
1861 3166 2174 3237 Responde,

577 3269 796 3328 quaiso;
826 3258 1098 3329 synodus,
1132 3274 1160 3313 a
1192 3273 1293 3328 qua
1323 3260 1824 3316 excommunicatus
1850 3267 1954 3326 est,
1989 3259 2044 3315 in
2069 3275 2174 3330 qua

578 3351 713 3404 urbe
742 3349 885 3406 fuit?
927 3350 1022 3405 Dic
1066 3353 1454 3421 episcoporum
1492 3351 1753 3408 vocabula
1785 3354 2004 3421 :profer
2049 3367 2176 3410 sen-

580 3444 784 3498 tentias
815 3443 1298 3513 subscriptionum,
1332 3445 1413 3501 vel
1443 3444 1840 3512 diversitatem,
1868 3445 1952 3501 vel
1975 3461 2174 3502 conso-

577 3539 845 3592 nantiam.
885 3539 1026 3593 Doce
1069 3539 1158 3608 qui
1204 3555 1270 3595 eo
1313 3555 1455 3594 anno
1499 3540 1754 3595 consules
1801 3539 2023 3606 fuerint,
2053 3540 2174 3610 quis

579 3633 885 3702 imperator
932 3631 1072 3686 hanc
1101 3633 1370 3704 synodum
1396 3632 1626 3703 jusserit
1660 3631 1983 3704 congregari
2010 3651 2023 3686 :
2048 3632 2175 3690 Gal-

577 3723 734 3780 litcne
766 3734 974 3780 tantum
1006 3725 1248 3796 episcopi
1295 3725 1519 3793 fuerint,
1553 3741 1621 3780 an
1669 3733 1719 3781 et
1749 3724 1938 3792 Italiae,
1969 3735 2022 3782 ct
2053 3725 2177 3784 His-

582 3931 696 3987 lare
742 3931 875 3987 nihil
923 3931 1216 4002 prohibet,
1247 3939 1356 3986 cta
1383 3931 1440 3986 S.
1481 3929 1752 4002 Gregorio
1799 3927 2175 3998 Naxianzeno,

580 4005 813 4075 aliisque
860 4000 1113 4059 [‘a'tribus
1165 4003 1324 4058 Verbi
1369 4000 1655 4078 προϐολεύς
1688 4001 1850 4058 Pater
1898 4017 2178 4072 nuncupa-

581 4084 686 4184 tur“.
723 4146 926 4202 Recole
957 4153 1125 4200 totum
1168 4143 1307 4202 hanc
1336 4144 1404 4200 de
1447 4143 1654 4199 Hilario
1678 4187 1692 4211 ,
1721 4145 1947 4215 ejusque
1978 4143 2178 4201 falsato

585 4217 770 4273 libello
799 4218 1038 4272 fabulam
1071 4217 1212 4282 apud
1253 4216 1502 4271 Rufinum
1536 4217 1587 4270 in
1620 4216 1763 4272 libro
1787 4217 1853 4270 de
1881 4217 2173 4271 Adultera-

583 4291 730 4345 tionc
781 4289 1049 4344 librorum
1102 4288 1391 4356 Origenis,
1442 4287 1531 4342 ubi
1591 4302 1703 4342 rem
1763 4288 1936 4342 fusius
1967 4297 2170 4344 narrat.

2278 3181 2438 3221 mone
2464 3167 2779 3222 conlictam.

2345 3258 2438 3315 21.
2482 3256 2562 3313 De
2592 3259 2651 3314 S.
2682 3257 2982 3328 Epiphanio
3003 3259 3232 3330 querela.
3267 3288 3337 3303 --
3365 3261 3487 3326 Quo
3524 3275 3632 3314 non
3675 3274 3884 3328 perve-

2277 3351 2388 3407 niat
2417 3352 2588 3408 semel
2617 3351 2880 3408 effrenata
2913 3354 3232 3409 temeritas?
3261 3355 3392 3410 Post
3427 3354 3887 3412 excommunica-

2276 3449 2480 3504 tiouem
2510 3446 2722 3512 llilarii,
2751 3456 2872 3516 post
2895 3447 3147 3517 Cypriani
3168 3448 3580 3522 ψευδεπίγραφον
3606 3446 3886 3506 haereseos

2282 3543 2504 3609 librum,
2561 3549 2684 3611 post
2737 3541 3043 3607 Athanasii,
3101 3558 3186 3596 me
3238 3543 3586 3606 dormitante,
3635 3541 3884 3611 lituram,

2281 3634 2442 3690 simul
2470 3643 2525 3691 et
2557 3634 2989 3704 inscriptionem,
3025 3636 3207 3705 erupit
3237 3635 3532 3704 aliquando
3557 3642 3744 3689 contra
3773 3634 3887 3690 Pa-

2283 3743 2403 3798 pam
2431 3727 2815 3798 Epiphanium,
2839 3738 2892 3783 et
2918 3728 3162 3784 dolorem
3182 3728 3418 3798 pectoris
3445 3728 3550 3796 sui,
3581 3727 3728 3799 quod
3755 3744 3886 3784 cum

2281 3926 2350 4002 de
2371 3930 2639 3986 Trinitate
2663 3932 2882 4002 ἐπιτομὴ
2907 3929 3128 4002 dicitur,
3157 3930 3295 4001 quod
3329 3931 3558 4000 plerique
3601 3932 3883 3989 nescientes

2283 4000 2531 4072 Cypriani
2547 4000 2863 4056 existimant.
2893 4001 3092 4057 Confer
3123 4000 3242 4074 qiue
3268 4002 3322 4056 in
3353 4018 3474 4058 eum
3499 4003 3677 4059 locum
3705 4019 3883 4060 anno-

2283 4081 2686 4216 Faizltﬁ.synodo
2715 4143 2966 4198 ridelicet.
3016 4143 3074 4199 In
3103 4143 3516 4216 quamplurimis
3548 4141 3880 4216 exemplari-

2282 4214 2380 4287 bus
2413 4214 2543 4270 mss.
2572 4216 2818 4285 legimus,
2848 4216 2994 4268 asino
3024 4214 3433 4287 videlicetlgra;
3463 4215 3558 4271 sed
3601 4214 3878 4284 imperitia

2283 4286 2626 4342 librariorum
2653 4296 2757 4351 est,
2781 4289 2903 4356 quia
2935 4287 3245 4342 nescierunt
3284 4286 3547 4358 synodum
3576 4302 3879 4355 congrega-

582 4360 943 4435 llicronymus
976 4361 1063 4415 hic
1093 4375 1125 4435 a_
1153 4356 1352 4435 Rufino
1397 4359 1685 4435 conﬁctam
1721 4361 2032 4435 reclamat;
2079 4358 2172 4435 sed
2202 4375 2252 4435 ι)
2282 4367 2388 4435 tam
2419 4374 2464 4435 _a
2513 4358 2740 4435 Damaso
2769 4370 2957 4435 contra
3005 4356 3438 4435 Apollinarist‘as,
3476 4359 3652 4435 illutlllil
3696 4360 3880 4412 eccle-

581 4430 646 4500 εἰ
674 4425 936 4499 tantisper
976 4432 1385 4486 Consideremus
1410 4475 1423 4497 ,
1467 4430 1613 4482 unde
1652 4427 1918 4500 originem
1949 4425 2175 4484 traxerit

583 4499 781 4573 fabula,
810 4504 1015 4558 erroris
1059 4505 1240 4572 potius
1281 4517 1440 4573 quam
1473 4502 1631 4555 mala:
1664 4499 1787 4555 lidei
1818 4499 2173 4573 poetulandus

585 4572 689 4626 erit
737 4574 1020 4646 presbyter
1062 4571 1455 4645 Aquileiensis.
1483 4573 1629 4646 ~Puta
1654 4573 1893 4646 ,librum
1926 4588 1954 4625 a
1981 4571 2176 4646 Ruiino

586 4643 970 4707 memoratum,
997 4643 1313 4711 eum'esse,
1341 4661 1451 4715 quo
1475 4643 1843 4698 Seleuciensis
1866 4654 1952 4712 atq
1966 4657 2027 4696 ue
2055 4645 2176 4696 Ari-

587 4715 848 4769 minensis
867 4718 1056 4786 synodi
1081 4718 1363 4771 historiam
1388 4717 1624 4770 Hilarius
1644 4717 1958 4782 complcqu
1976 4716 2171 4786 fuerat,

582 4800 818 4856 eumque
838 4785 948 4855 jam
975 4797 1083 4840 tum
1111 4789 1370 4856 temporis
1395 4787 1645 4841 falsatum
1670 4801 1733 4840 ac
1763 4797 2077 4855 corruptum
2107 4785 2176 4841 ab

584 4858 821 4930 Arionis.
853 4859 1046 4914 Notum
1077 4875 1236 4930 porro
1254 4871 1336 4915 est
1361 4860 1612 4915 omnibus
1631 4859 1740 4913 alia
1765 4874 1831 4913 ex
1857 4869 2009 4928 parte
2031 4858 2174 4926 quod

581 4945 700 4984 cum
735 4929 1025 4987 Mediolani
1071 4948 1419 5001 congressum
1465 4929 1745 4986 habuisset
1787 4931 2173 5001 llilariuscum

584 5003 856 5057 Auxentio
879 5043 892 5064 ,
919 5015 1084 5070 atque
1113 5000 1198 5058 hic
1227 5021 1286 5058 se
1315 5004 1656 5058 Catholicum
1688 5001 1978 5058 vaferrime
2007 5000 2176 5056 simu-

586 5070 783 5133 lasset,
815 5073 1226 5143 cimsideutibus
1252 5074 1364 5129 fere
1391 5073 1576 5128 decem
1609 5074 1902 5143 episcopis,
1935 5081 1989 5128 et
2019 5073 2178 5138 Qua:-

585 5150 769 5214 store,
799 5152 854 5197 et
887 5142 1147 5214 magistro
1169 5184 1182 5203 ,
1221 5142 1884 5214 \‘alentinianusjusserit
1917 5146 2176 5199 Ililarium

587 5213 1146 5286 bleiliolanoicedcre,
1177 5228 1229 5266 et
1277 5217 1528 5270 Auxentii
1578 5213 1946 5272 rommunioni
1976 5219 2092 5286 ipse
2119 5231 2178 5270 se

577 5284 839 5353 junxerit.
879 5285 1004 5338 Htt'c
1034 5298 1156 5340 cum
1185 5286 1366 5340 auditu
1399 5287 1710 5356 accepisset
1733 5284 2178 5356 [latinum—puta-

584 5357 722 5410 verit
754 5373 817 5410 cx
849 5358 1056 5415 animo.
1089 5371 1194 5410 non
1241 5367 1546 5413 truncatum
1598 5359 1787 5412 Hilarii
1833 5359 2051 5419 librum,
2083 5356 2177 5412 sed

583 5429 864 5500 erroribus
916 5428 1300 5483 hmreticorum
1352 5445 1516 5500 opera
1567 5429 1970 5496 deformatum,
2008 5438 2063 5482 et
2112 5429 2180 5483 ob

582 5499 702 5554 illos
730 5514 972 5566 errores,
996 5509 1275 5556 auctorem
1306 5499 1425 5558 libri
1452 5501 1712 5557 Hilarium
1738 5499 1928 5552 exsilio
1956 5500 2183 5553 mulcta-

588 5579 723 5625 tum.

670 5647 696 5686 δ
726 5649 877 5704 Haud
917 5659 1102 5706 exstat
1131 5649 1412 5705 Novatiani
1441 5647 1604 5702 liber.
1637 5643 1723 5712 qui
1756 5651 1931 5714 tamen
1971 5647 2037 5701 ab
2068 5645 2184 5714 ipso

604 5713 934 5788 Hieronymo
963 5723 1018 5780 in
1045 5722 1289 5792 Catalog.
1324 5736 1444 5791 cap.
1497 5717 1566 5773 70
1594 5713 1967 5772 Tertullianici
2006 5713 2184 5790 operis

2281 4427 2528 4500 siasticas
2594 4427 2851 4500 epistulas
2905 4429 3188 4500 dictandus
3226 4425 3466 4500 tradidit
3520 4425 3874 4500 llicronytno.

2281 4499 2413 4554 Vide
2447 4500 2750 4569 hujusmodi
2795 4499 3025 4553 fabulam
3057 4499 3196 4566 apud
3225 4499 3496 4554 Rufinum.
3525 4498 3799 4554 Maurum.

2275 4602 2347 4612 —
2379 4571 2502 4626 llzec
2534 4572 2747 4627 videtur
2793 4573 3126 4626 meumeuica
3172 4572 3408 4642 synodus
3448 4572 3573 4624 anni
3613 4571 3735 4634 58:2,
3778 4573 3875 4626 sub

2281 4643 2511 4697 Damaso
2571 4643 2756 4696 itania:
2806 4642 3006 4696 habita.
3065 4642 3236 4697 Porro
3293 4643 3527 4697 fabulam
3588 4643 3865 4708 depravati

2279 4715 2629 4769 Athanasiuni
2661 4715 2782 4769 libri
2816 4728 2922 4768 non
2953 4724 3171 4784 accusat
3197 4713 3558 4784 Hieronymus
3590 4713 3709 4766 falsi
3735 4753 3748 4776 ,
3781 4713 3872 4784 sed

2281 4794 2484 4840 tantum
2526 4787 2667 4839 inter
2713 4802 2774 4839 ea
2822 4783 3100 4848 amandat,
3150 4799 3268 4853 quae
3313 4782 3470 4838 serite
3524 4782 3876 4852 disputationi

2281 4873 2386 4910 non
2421 4859 2642 4911 faciunt.
2667 4857 2742 4911 De
2768 4856 3028 4910 Ποιηξηίοε
3055 4864 3234 4910 autem
3260 4855 3484 4909 hominis
3503 4857 3875 4924 appellatione

2279 4931 2344 4982 ad
2377 4930 2653 4984 Christum
2687 4928 3130 4997 significandum,
3183 4943 3344 4994 quam
3389 4927 3546 4997 aliic
3598 4927 3874 4981 veteribus

2280 5003 2676 5068 reprobarcnt,
2724 4996 2814 5053 alii
2861 5009 3161 5060 tuerentur.
3209 4999 3376 5052 multa
3430 4996 3494 5050 ad
3549 4997 3747 5050 librum
3787 4997 3875 5050 Di-

2281 5067 2426 5142 dymi
2458 5072 2526 5126 de
2555 5072 2760 5141 Spiritu
2793 5078 2982 5126 sancto
3011 5070 3387 5140 congessimus
3418 5084 3472 5123 ιι.
3504 5068 3594 5132 51,
3621 5068 3674 5122 in
3698 5067 3870 5126 notis;

2281 5157 2413 5212 quas
2439 5144 2581 5209 vide,
2611 5143 2655 5197 si
2681 5143 2848 5198 lubet.

2352 5213 2377 5249 ἀ
2410 5213 2746 5268 Philistionis
2772 5213 3017 5268 meminit
3037 5213 3090 5268 S.
3120 5210 3386 5279 Epipliau.
3405 5211 3600 5265 haeres.
3621 5210 3711 5274 36,
3733 5211 3874 5265 tino-

2282 5287 2404 5340 stic.
2455 5302 2508 5339 n.
2543 5286 2600 5349 l;
2648 5285 2857 5338 Lentuli
2909 5284 3277 5339 Tct'tulliauus
3315 5283 3383 5335 de
3429 5279 3600 5335 Pallio
3645 5296 3766 5349 cap.
3816 5281 3871 5335 4.

2285 5356 2496 5411 Marulli
2524 5357 2728 5411 dictum
2762 5355 2895 5408 illud
2929 5363 3110 5409 exstat.
3139 5369 3270 5408 sane
3302 5353 3552 5406 festivum
3605 5352 3670 5405 ad
3721 5368 3875 5419 para-

2285 5430 2446 5482 situm
2477 5429 2750 5497 gulosutn.
2785 5425 2858 5479 Tu
2884 5425 3155 5479 [lectorem
3191 5425 3428 5485 imitaris,
3475 5422 3538 5475 ab
3569 5421 3875 5497 Iliouimin-

2284 5516 2439 5572 quant
2465 5493 2846 5572 Fecedis._'l‘rcs
2888 5508 3200 5572 autemuua
3233 5503 3629 5572 coloniernorat
3681 5493 3874 5572 Marius

2289 5563 2558 5631 Mercator
2590 5575 2641 5626 in
2672 5569 3000 5625 Cummonit.
3036 5586 3048 5620 :
3080 5567 3225 5622 Unus
3265 5563 3542 5618 l’hilistion
3564 5604 3579 5628 ,
3611 5581 3746 5618 unus
3776 5564 3876 5617 La-

2290 5648 2515 5701 tinorum
2545 5643 2813 5710 Lentulus,
2847 5655 2979 5696 unus
3004 5640 3092 5696 tibi
3117 5635 3374 5694 Marullus
3398 5637 3802 5708 comparandas.
