4036 6328
59 857 83 909 ἱ)

47 1469 63 1510 Ρ

219 301 314 356 415

1186 297 1528 354 APOLOGIA
1573 297 1943 355 ADVERSUS
1982 297 2231 358 LIBROS
2271 300 2525 360 RUFINI.

3411 298 3521 358 HG

219 423 269 475 in
295 419 527 489 epistola
556 433 717 489 quam
746 416 814 472 ad
848 417 1112 472 Joannem
1143 417 1459 486 episcopum
1490 415 1808 485 scripserat,
1837 417 1884 477 Α
1915 431 2036 472 esse
2063 417 2319 487 prolata?
2349 416 2572 474 Crimini
2597 419 2642 472 ei
2673 417 2911 473 dandum
2934 427 3020 473 est
3047 433 3216 488 quare
3247 420 3516 486 Graecam,

219 513 533 568 hiereticum
567 510 776 580 arguit,
806 511 860 565 in
891 508 1152 578 Apologia
1182 524 1280 579 pro
1311 508 1547 579 Origene
1583 507 1806 578 digerit,

215 613 270 662 et
297 604 386 659 bis
407 618 469 658 se
499 603 845 659 sermonibus
869 600 1216 656 consolatur:
1250 619 1269 653 ι
1305 599 1446 668 Quin
1479 601 1660 670 potius
1681 614 1810 670 ape-

217 696 402 754 rienda
427 706 512 751 est
539 698 643 750 hoc
673 697 727 750 in
756 695 876 750 loco
907 696 1108 750 veritas
1140 693 1335 748 latens.
1362 691 1485 747 Non
1509 693 1655 747 enim
1686 706 1804 762 pos-

221 789 372 845 sibile
395 797 504 855 est,
529 797 637 841 tam
670 787 853 856 iniquo
883 784 1092 856 judicio
1131 786 1210 840 uti
1257 799 1580 856 quemquam
1635 783 1810 838 homi-

219 895 360 946 num,
389 889 447 934 ut
474 879 546 935 de
567 893 733 934 causa
761 876 958 948 aequali
986 892 1098 932 non
1125 879 1414 947 aequaliter
1443 876 1663 931 sentiat.
1699 873 1806 931 Sed

214 972 348 1044 quod
376 982 630 1028 auctores
660 974 1092 1028 obtrectatorum
1121 970 1240 1040 ejus
1267 969 1322 1024 hi
1350 981 1496 1035 sunt,
1529 970 1618 1039 qui
1641 969 1727 1023 vel
1752 969 1807 1024 in

214 1064 452 1121 Ecclesia
479 1063 761 1135 disputare
810 1065 976 1119 latius
1021 1064 1222 1127 solent,
1283 1065 1365 1119 vel
1423 1064 1588 1117 etiam
1635 1062 1805 1116 libros

209 1157 469 1224 scribere,
502 1156 594 1225 qui
627 1165 798 1211 totum
837 1155 906 1212 de
948 1157 1185 1227 Origene
1231 1154 1316 1209 vel
1359 1154 1686 1225 loquuntur,
1717 1153 1805 1209 vel

208 1247 474 1302 scribunt.
507 1245 587 1302 Ne
614 1261 748 1318 ergo
771 1246 956 1317 plures
987 1247 1226 1316 ipsorum
1262 1245 1403 1300 furta
1444 1253 1801 1315 cognoscant,

207 1355 323 1411 qua:
348 1340 541 1410 utique
568 1340 614 1397 si
643 1340 840 1410 ingrati
863 1341 915 1394 in
942 1339 1261 1408 magistrum
1301 1352 1407 1393 non
1444 1346 1652 1401 essent,
1701 1351 1800 1393 ne-

203 1447 471 1502 quaquam
501 1432 798 1487 criminosa
817 1431 1151 1494 viderentur,
1171 1429 1530 1500 simpliciores
1557 1443 1802 1500 quosque

203 1525 270 1580 ab
289 1525 408 1595 ejus
443 1525 677 1580 lectione
698 1524 1000 1580 deterrent.
1030 1525 1271 1597 Denique
1291 1523 1509 1594 quidam
1541 1539 1608 1579 ex
1643 1523 1798 1593 ipsis,

198 1619 295 1689 qui
325 1633 387 1675 se
416 1619 566 1674 velut
613 1619 1021 1690 evangelizandi
1068 1620 1452 1675 necessitatem
1483 1634 1578 1689 per
1610 1632 1801 1674 omnes

195 1721 390 1780 gentes
422 1719 477 1765 et
505 1725 605 1781 per
633 1726 825 1767 omnes
851 1711 1060 1781 linguas
1093 1710 1297 1766 habere
1338 1719 1522 1780 putat,
1563 1709 1633 1766 de
1678 1709 1800 1766 Ori-

1913 509 2143 580 Syram,
2177 519 2233 564 et
2259 509 2545 566 Hebrmam
2595 517 2648 566 et
2699 508 3081 581 Egyptiacam
3130 509 3406 580 linguam,
3453 526 3520 567 ex

1911 618 2066 677 parte
2134 616 2190 662 et
2236 607 2486 664 Latinam
2541 608 2797 663 noverit?
2856 605 2998 677 Ergo
3044 614 3099 660 et
3145 604 3392 674 Apostoli
3465 607 3522 662 et

1910 698 2215 768 Apostolici
2246 699 2370 766 viri,
2404 700 2494 769 qui
2528 699 2722 768 linguis
2755 697 3137 768 loquebantur,
3186 698 3240 750 in
3288 695 3518 753 etimine

1909 803 2066 859 sunt;
2097 803 2151 847 et
2184 808 2270 848 me
2298 794 2614 862 trilingucm
2648 792 2697 854 ιι,
2730 790 2987 860 bilinguis
3023 789 3139 857 ipse
3162 788 3404 843 ridebis?
3440 788 3520 848 De

1909 899 2004 938 sex
2033 883 2273 938 millibus
2303 891 2484 938 autem
2511 883 2799 947 librorum,
2820 895 2956 950 quos
2975 880 3138 952 516
3159 880 3224 932 ab
3250 893 3316 933 eo
3347 879 3516 936 lectos

1909 989 2031 1030 esse
2059 974 2347 1044 contingis,
2379 974 2502 1044 quis
2540 972 2727 1028 credet
2758 981 2854 1026 aut
2885 980 2935 1026 te
2967 987 3153 1025 verum
3185 970 3395 1037 dicere,
3421 979 3518 1026 aut

1909 1069 2058 1124 illum
2087 1068 2325 1138 potuisse
2355 1067 2611 1123 mentiri?
2636 1068 2693 1121 Si
2722 1065 2870 1122 enim
2900 1064 3164 1135 Origenes
3203 1079 3300 1119 sex
3345 1064 3518 1120 millia

1907 1163 2217 1233 scripsisset
2245 1163 2525 1229 librorum,
2569 1167 2818 1232 potuerat
2859 1157 2976 1213 fieri
3006 1167 3063 1212 ut
3092 1158 3174 1211 vir
3203 1155 3511 1212 eruditissi-

1907 1273 2026 1312 mus
2049 1255 2156 1328 [ΑΙ.
2186 1253 2484 1326 eruditus),
2511 1265 2565 1310 et
2585 1255 2652 1310 ab
2675 1253 2899 1308 infantia
2924 1251 3096 1306 sacris
3117 1251 3340 1305 Litteris
3359 1251 3516 1307 insti-

1906 1357 2073 1413 tutus,
2102 1364 2199 1418 pro
2225 1349 2540 1404 curiositate
2565 1356 2618 1402 et
2639 1346 2866 1401 scicntia
2891 1345 3110 1414 legisset
3135 1345 3330 1398 aliena.
3355 1343 3511 1410 Quod

1905 1458 2038 1497 vero
2061 1443 2154 1498 ille
2186 1459 2292 1496 non
2322 1443 2563 1511 scripsit,
2601 1439 2875 1511 quomodo
2912 1439 3013 1494 iste
3059 1440 3244 1509 legere
3291 1439 3511 1507 potuit?

1903 1535 2134 1590 Numera
2166 1535 2368 1590 indices
2401 1534 2666 1590 librorum
2689 1535 2809 1603 ejus
2838 1532 3007 1604 quiin
3035 1533 3195 1587 tertio
3229 1532 3509 1591 volumine

1903 1625 2144 1691 Eusebii,
2163 1627 2213 1680 in
2235 1641 2344 1696 quo
2367 1625 2588 1696 scripsit
2610 1625 2774 1679 vitam
2802 1622 3089 1693 Pamphili,
3112 1622 3463 1679 continentur
3486 1639 3506 1680 .'

1901 1728 1957 1775 et
1984 1737 2090 1774 non
2117 1720 2240 1776 dico
2270 1734 2366 1774 sex
2394 1719 2586 1784 millia,
2615 1719 2711 1774 sed
2746 1718 2956 1774 tertiam
2990 1725 3197 1787 partem
3224 1734 3328 1771 non
3349 1732 3507 1787 repeu

190 1818 328 1873 gene
352 1804 503 1859 male
527 1803 807 1875 loquendi,
850 1819 947 1859 sex
975 1804 1144 1859 millia
1173 1803 1434 1860 librorum
1465 1803 1582 1872 ejus
1621 1817 1680 1858 se
1723 1802 1800 1857 le—
1829 1809 1878 1872 B
1905 1811 2035 1868 ries.
2087 1812 2359 1868 Habemus
2399 1812 2698 1881 Epistolam
2736 1809 3034 1880 supradicti
3091 1809 3397 1874 Pontiﬁcis,
3451 1810 3506 1865 in

189 1897 358 1966 gisse,
385 1913 553 1967 quam
582 1897 814 1968 plurima
839 1898 1002 1970 515
1033 1897 1263 1952 lratrum
1312 1895 1661 1951 multitudine
1704 1912 1799 1950 au-

185 1988 396 2056 diente,
449 1989 732 2044 confessus
758 1999 864 2046 est.
891 1988 994 2054 Qui
1024 1987 1072 2042 si
1101 1987 1285 2058 utique
1329 1989 1413 2059 (ut
1460 1988 1577 2056 ipse
1615 1986 1799 2042 dicere

181 2079 349 2149 solet)
379 2095 486 2150 pro
517 2079 914 2150 cognoscendis
940 2080 1058 2149 ejus
1085 2079 1242 2132 nmlis
1273 2079 1508 2147 legebat,
1549 2076 1799 2133 sufficvre

178 2174 668 2242 poterantdeccm
694 2173 819 2228 libri
847 2173 915 2227 ad
941 2172 1409 2243 cognoscendum,
1466 2181 1562 2226 aut
1611 2171 1798 2242 viginti

175 2277 362 2330 certe,
394 2275 494 2320 aut
527 2275 584 2321 ut
609 2265 896 2338 plurimum
928 2265 1165 2336 triginta.
1209 2273 1234 2302 ιι
1276 2265 1383 2320 Sex
1411 2262 1581 2318 millia
1619 2271 1798 2319 autem

175 2359 465 2413 librorum
492 2359 694 2428 legere,
729 2374 836 2413 non
861 2359 969 2428 jam
994 2368 1077 2413 est
1119 2372 1330 2412 errores
1369 2372 1431 2412 ac
1473 2357 1616 2411 mala
1664 2357 1802 2413 velle

174 2463 558 2520 cognoscere,
584 2450 679 2504 sed
715 2457 882 2504 totam
911 2465 1050 2520 pene
1080 2450 1244 2504 vitam
1277 2449 1580 2518 disciplinis
1601 2447 1721 2519 ejus
1739 2464 1802 2505 ac

170 2541 376 2597 studiis
412 2541 652 2598 dedere.
686 2542 975 2612 Quomodo
1007 2557 1136 2613 ergo
1181 2543 1284 2598 iste
1331 2544 1528 2598 merito
1576 2542 1803 2598 audien-

169 2636 272 2691 dus
313 2645 428 2703 est,
494 2651 661 2704 quum
713 2649 808 2690 eos
856 2635 1059 2702 culpat,
1118 2636 1208 2705 qui
1264 2635 1636 2692 instructionis
1687 2650 1800 2693 sua:

165 2744 336 2784 causa
380 2742 670 2798 perpauca
711 2728 832 2798 ejus
861 2728 1032 2801 (salva
1052 2727 1178 2782 fidei
1199 2729 1381 2799 regula
1401 2736 1562 2798 atque
1587 2728 1798 2800 integra

172 2820 409 2890 pietate)
442 2820 704 2891 legerunt
725 2819 746 2873 ἓ
786 2839 805 2872 ›

239 2913 334 2966 22.
385 2912 729 2984 Epiphanius
752 2912 972 2982 quinque
993 2912 1198 2984 linguas
1220 2924 1448 2967 nouerat.
1469 2913 1650 2980 ——Qui
1672 2921 1799 2968 sunt

174 3005 286 3068 isti,
319 3003 423 3074 qui
458 3004 516 3058 in
548 3002 791 3058 Ecclesia
822 3002 1100 3073 disputare
1131 3004 1293 3060 latius
1335 3004 1552 3059 solent?
1597 3006 1683 3073 qui
1735 3005 1798 3059 li-

167 3093 301 3148 bros
334 3091 759 3162 scribere?qui
804 3102 969 3146 totum
1019 3093 1087 3147 de
1109 3091 1342 3164 Origene
1391 3095 1686 3164 loquuntur
1743 3098 1797 3151 et

1900 1921 2002 1976 qua
2029 1905 2153 1958 huic
2178 1903 2467 1958 calumnia.-
2501 1912 2628 1968 tuce,
2656 1903 2785 1957 dum
2810 1901 2986 1956 adhuc
3011 1915 3162 1956 esses
3183 1902 3236 1955 in
3255 1899 3505 1969 Oriente,

1902 1996 2227 2066 respondet,
2261 2006 2314 2050 et
2342 1997 2751 2065 apertissimum
2785 1994 3127 2049 mendacium
3163 1993 3329 2049 libera
3365 1993 3508 2048 reri-

1903 2087 2027 2140 tatis
2051 2085 2231 2140 fronte
2262 2086 2526 2141 confutat.

1972 2174 2063 2229 23.
2097 2174 2329 2230 Habebat
2355 2176 2408 2227 in
2423 2176 2595 2229 animo
2620 2174 2841 2230 scribere
2861 2183 3041 2229 contra
3073 2173 3341 2243 Pamphili
3367 2173 3506 2244 Apo-

1903 2264 2118 2336 logiam.
2152 2265 2266 2318 Lib.
2302 2267 2364 2320 de
2403 2265 2536 2318 Viris
2561 2264 2757 2319 illustr.
2789 2265 2856 2318 ad
2890 2265 3166 2319 Dextrum.
3214 2265 3507 2321 Transtulit

1903 2355 2142 2409 homilias
2167 2355 2405 2429 Origenis
2431 2357 2484 2410 in
2505 2355 2876 2410 adolescentia.
2893 2385 2964 2396 —
2986 2355 3114 2410 Pest
3138 2353 3252 2410 hanc
3274 2365 3331 2411 et
3356 2364 3505 2413 tanta

1904 2447 2071 2503 audes
2103 2449 2154 2502 iu
2185 2449 2451 2518 Apologia
2481 2459 2568 2502 tua
2600 2447 2818 2513 dicere,
2855 2458 2905 2502 te
2938 2466 3044 2502 non
3091 2464 3212 2504 esse
3253 2449 3505 2504 defenso-

1903 2557 2018 2597 rem
2043 2542 2316 2611 Origenis,
2350 2557 2526 2613 neque
2553 2552 2888 2598 assertorem
2921 2543 3088 2607 illius,
3110 2557 3208 2612 pro
3231 2542 3386 2611 cujus
3409 2542 3505 2596 de-

1903 2635 2146 2690 fensione
2177 2634 2494 2704 Pamphilus
2525 2645 2578 2688 et
2607 2634 2872 2689 Eusebius
2915 2634 3015 2689 tibi
3059 2649 3248 2703 parum
3293 2633 3503 2689 dixisse

1902 2735 2027 2780 sunt
2054 2725 2176 2780 visi.
2213 2726 2515 2780 Adversum
2537 2741 2658 2796 qua:
2689 2725 2968 2780 volumina
2999 2724 3067 2796 (si
3101 2725 3361 2780 Dominus
3378 2725 3504 2779 vitae

1902 2817 2064 2885 hujus
2107 2817 2321 2873 dederit
2359 2817 2625 2888 spatium)
2675 2819 2812 2871 alias
2859 2817 3194 2887 respondere
3240 2818 3500 2872 conabor.

1901 2911 2053 2966 Nunc
2083 2920 2292 2964 tantum
2329 2911 2436 2965 tuis
2458 2910 2859 2966 assertionibus
2887 2910 3139 2964 obviasse
3165 2909 3419 2973 sufficiat,
3448 2917 3504 2965 et

1901 3001 2004 3058 hoc
2027 3002 2268 3057 breviter
2314 3002 2642 3072 prudentem
2692 3001 3017 3056 instruxisse
3064 3000 3364 3066 lectorem,
3415 3014 3503 3055 me

1903 3097 2062 3152 istum
2109 3097 2309 3152 librum
2340 3098 2430 3166 qui
2462 3098 2566 3150 sub
2617 3096 2838 3150 nomine
2887 3094 3156 3165 Pamphili
3200 3093 3501 3158 ferebatur,

164 3185 474 3240 scribunt?
506 3185 601 3255 qui
624 3183 753 3239 dum
784 3199 881 3238 sua
912 3184 1103 3240 nolunt
1127 3184 1266 3240 furta
1297 3188 1576 3255 cognosci,
1618 3196 1670 3241 et
1715 3187 1792 3242 in-
1825 3192 1868 3255 C
1903 3188 2105 3244 vidisse
2134 3189 2366 3258 primum
2401 3190 2664 3257 scriptum
2694 3189 2744 3240 in
2778 3187 2967 3243 codice
3001 3197 3088 3240 tuo
3115 3203 3129 3251 ;
3164 3196 3218 3241 et
3240 3185 3364 3257 quia
3395 3201 3506 3240 non

155 3281 300 3348 grati
335 3291 480 3336 sunt
516 3281 572 3333 in
602 3281 954 3349 magistrum,
999 3279 1205 3334 idcirco
1252 3282 1527 3352 simplices
1554 3282 1622 3338 ab
1649 3283 1795 3337 illius

158 3373 412 3428 lectione
445 3371 784 3427 deterrent?
810 3371 1136 3426 Nomiuatim
1166 3373 1332 3429 debes
1354 3373 1558 3440 dicere,
1579 3376 1798 3444 etipsos

156 3469 424 3524 homines
455 3467 753 3523 denotare.
790 3467 937 3536 Ergo
965 3465 991 3505 ι)
1017 3467 1159 3522 beati
1179 3467 1422 3538 epismipi
1452 3468 1794 3536 Anastasius,

155 3572 210 3616 et
239 3559 637 3631 Theophilus,
667 3567 722 3613 et
749 3558 1018 3613 Venerius
1042 3547 1400 3629 (Mediolani),
1440 3568 1494 3614 et
1537 3558 1798 3613 Chroma-

154 3655 261 3709 tius
292 3650 649 3726 (Aquileite),
679 3663 731 3707 et
759 3655 936 3709 omnis
977 3662 1082 3708 tam
1131 3649 1372 3708 Orientis
1424 3669 1584 3722 quam
1643 3653 1798 3707 Occi-

148 3747 342 3804 dentis
399 3743 834 3804 Catbolicorum
864 3757 884 3785 °
910 3746 1173 3818 synodus,
1212 3750 1303 3818 qui
1352 3747 1466 3816 pari
1500 3747 1792 3814 sententia,

144 3843 275 3913 quia
319 3844 453 3913 pari
511 3849 573 3896 ct
620 3840 810 3910 spiritu
838 3881 852 3907 ,
903 3841 1059 3896 illum
1103 3840 1416 3897 hmreticum
1476 3839 1799 3895 denuntiant

143 3933 410 4004 pupulis,
473 3934 634 3988 fures
684 3932 946 3987 librorum
1003 3931 1149 3986 illius
1191 3931 1474 4000 judicandi
1524 3942 1692 3987 sunt:
1743 3943 1798 3988 et

139 4026 383 4096 quando
418 4025 483 4080 in
524 4023 792 4079 Ecclesiis
843 4023 1176 4092 praedicant,
1238 4039 1342 4079 non
1391 4022 1795 4094 Scripturarum

138 4118 457 4188 mysteria,
517 4114 618 4170 sed
675 4113 924 4184 Origenis
957 4114 1098 4169 furta
1149 4115 1629 4170 commemorant?
1679 4114 1796 4169 Non

140 4210 243 4264 tibi
278 4208 523 4265 sufﬁcit
557 4205 763 4277 passim
808 4217 998 4263 contra
1045 4223 1234 4263 omnes
1276 4208 1603 4264 detrectatio
1629 4249 1642 4272 ,
1693 4205 1797 4261 nisi

131 4302 498 4372 specialiter
522 4306 715 4354 contra
741 4299 959 4355 beatum
998 4309 1051 4354 et
1095 4300 1362 4370 insignem
1399 4299 1655 4355 Ecclesiae
1700 4298 1798 4354 Sa-

125 4393 459 4449 cerdotem
496 4391 630 4462 styli
656 4390 732 4444 tui
758 4389 998 4447 lanceam
1029 4383 1272 4462 dirigas?
1299 4391 1430 4459 Quis
1453 4400 1536 4444 est
1563 4391 1677 4455 ille,
1702 4391 1793 4461 qui

126 4484 302 4538 velut
336 4480 754 4536 necessitatem
779 4482 1185 4550 evangelizandi
1218 4497 1312 4551 per
1340 4496 1532 4536 omnes
1576 4492 1790 4551 gi-ntcs,

1900 3290 2020 3338 erat
2049 3281 2183 3337 mihi
2205 3297 2352 3337 curre
2383 3282 2508 3350 quid
2528 3296 2626 3348 pro
2643 3281 2898 3334 ha2retico
2921 3279 3217 3346 diceretur,
3253 3280 3331 3334 sic
3361 3293 3507 3332 sem-

1903 3391 1998 3445 per
2027 3373 2306 3441 ItabuiSse,
2339 3375 2494 3444 quasi
2528 3373 2803 3428 diversum
2828 3382 2979 3429 esset
2999 3390 3134 3444 opus
3161 3371 3430 3441 Pamphili
3451 3379 3505 3426 et

1902 3466 2123 3521 Eusebii
2154 3474 2375 3535 :postea
2401 3482 2530 3519 vero
2551 3467 2855 3537 qua‘stioue
2885 3475 3051 3530 mota,
3074 3465 3291 3532 scriptis
3313 3478 3501 3517 eorum

1900 3559 2236 3628 respondere
2287 3558 2559 3622 voluisse,
2611 3567 2666 3611 ct
2709 3558 2779 3612 ob
2824 3557 2960 3612 hanc.
3005 3573 3223 3612 causam
3278 3555 3500 3623 legisse,

1901 3650 2026 3719 quid
2053 3664 2152 3720 pro
2172 3648 2405 3719 Origene
2429 3650 2804 3718 unusquisque
2826 3649 3077 3714 sentiret,
3106 3645 3503 3718 perspicueque

1901 3739 2368 3810 deprehendisse,
2403 3739 2546 3811 quod
2583 3740 2790 3808 primus
2842 3740 2977 3792 liber
3021 3754 3114 3791 sex
3164 3736 3499 3790 voluminum

1905 3833 2121 3888 Eusebii
2152 3834 2268 3902 ipse
2297 3841 2463 3899 esset,
2493 3833 2580 3902 qui
2615 3847 2755 3886 unus
2787 3831 2887 3887 sub
2921 3829 3140 3884 nomine
3169 3828 3437 3898 Pamphili
3467 3844 3500 3884 a

1904 3933 1954 3979 te
1983 3926 2162 3980 editus
2194 3935 2301 3992 est,
2336 3937 2442 3980 tam
2489 3923 2680 3980 Graece
2722 3939 2882 3994 quam
2933 3921 3142 3981 Latine.
3203 3921 3501 3976 immutatis

1901 4019 2182 4073 dumtaxat
2210 4017 2462 4073 sensibus
2494 4016 2560 4070 de
2595 4015 2733 4070 Filio
2771 4024 2826 4070 et
2872 4014 3080 4084 Spiritu
3130 4019 3317 4066 sancto
3345 4051 3358 4074 ,
3408 4011 3500 4080 qui

1899 4117 2144 4179 apertam
2169 4108 2560 4179 blasphemiam
2589 4106 2974 4176 praeferebant.
3003 4103 3154 4161 Unde
3186 4104 3348 4158 etiam
3371 4110 3499 4157 ante

1901 4219 2074 4259 annos
2105 4206 2273 4258 ferme
2303 4203 2492 4260 decem
2525 4220 2648 4259 cum
2683 4197 2883 4260 Dexter
2906 4203 3114 4258 amicus
3159 4215 3314 4256 meus
3339 4242 3354 4269 ,
3401 4200 3497 4272 qui

1901 4298 2278 4368 prchecturam
2303 4297 2712 4353 administravit
2738 4297 3003 4366 praetorii,
3040 4311 3126 4350 me
3151 4302 3419 4364 rogasset,
3445 4305 3504 4351 ut

1903 4400 2186 4446 auctorum
2215 4401 2416 4446 nostra:
2447 4389 2732 4460 religionis
2763 4390 2811 4442 ei
2842 4387 3078 4442 indicem
3111 4398 3380 4452 texerem,
3413 4389 3498 4441 in-

1903 4495 1984 4538 ter
2008 4493 2240 4538 c:eteros
2265 4490 2590 4539 tractatorcs
2615 4480 2770 4552 posui
2798 4483 2852 4534 et
2883 4479 3025 4534 hunc
3054 4481 3250 4536 librum
3283 4500 3309 4537 a
3344 4484 3501 4538 l’am-

123 4585 187 4632 ct
220 4590 338 4647 per
371 4589 594 4629 omnes
625 4573 833 4643 linguas
872 4573 1076 4631 habere
1117 4590 1176 4628 se
1227 4582 1398 4643 putat,
1448 4573 1516 4628 de
1556 4572 1791 4643 Origene
1819 4583 1872 4645 1)
1899 4573 2067 4644 philio
2095 4572 2330 4642 editum,
2367 4575 2438 4629 ita
2471 4582 2666 4643 putans
2687 4586 2832 4634 esse,
2865 4580 2924 4626 ut
2953 4588 2980 4624 a
3014 4582 3065 4626 te
3094 4583 3146 4628 et
3179 4574 3282 4629 tuis
3333 4575 3500 4630 disci-

119 4671 284 4727 male
318 4665 666 4737 laqnendi?
693 4666 782 4737 qui
805 4682 905 4723 sex
937 4667 1104 4721 millia
1138 4667 1402 4720 librorum
1451 4665 1572 4734 ejus
1613 4680 1672 4720 se
1713 4664 1792 4720 le-

119 4767 312 4838 gisse,
353 4777 551 4834 quam
586 4760 815 4830 plurima
845 4762 1074 4816 fratrum
1117 4758 1465 4814 multitudine
1507 4757 1788 4828 audiente,

118 4859 452 4915 confessus
478 4854 622 4912 est?
649 4854 706 4910 In
729 4870 834 4925 qua
865 4853 1211 4910 multitudine
1241 4862 1296 4908 et
1316 4862 1538 4907 caterva
1562 4851 1790 4908 fratrum

122 4963 181 5008 tu
212 4965 472 5024 quoilue
502 4945 729 5002 medius
761 4961 907 5014 eras,
942 4945 1160 5017 quando
1202 4944 1293 4999 ille
1322 4943 1376 4998 in
1407 4959 1505 5000 sua
1547 4943 1792 5014 Epistula

113 5045 432 5116 queritur,
467 5053 586 5111 pro
607 5036 859 5110 Origenis
888 5037 1084 5094 haeresi
1129 5034 1334 5093 nefaria
1374 5050 1403 5090 a
1439 5044 1491 5092 te
1539 5033 1794 5107 dogmata

191 5240 222 5269 α
257 5227 400 5282 Vid.
443 5236 635 5291 supra
666 5236 819 5275 num.
856 5220 945 5282 15.
981 5227 1165 5276 notam
1197 5229 1244 5272 ο.

193 5300 224 5340 b
271 5298 452 5353 Beati
481 5289 729 5365 episcopi
754 5291 1077 5365 Anastasius,
1102 5300 1206 5365 etc.
1236 5291 1552 5365 Anastasius
1574 5289 1782 5365 Βρηιεθ,

115 5358 920 5440 TheophilusAleriandrim,
956 5361 1235 5440 Venerius
1258 5358 1580 5429 Mediolani,
1613 5362 1786 5418 Chro-

112 5431 337 5499 malitis
363 5435 681 5507 Aquileiae
702 5435 990 5507 episcopus
1015 5442 1153 5507 erat.
1192 5431 1458 5507 Μυρτίω.

194 5527 217 5552 α
253 5502 571 5569 Refertur
604 5520 631 5556 a
661 5502 902 5559 Labhzeo
946 5515 985 5557 t.
1035 5502 1075 5558 ν
1116 5502 1439 5572 Concilium,
1478 5517 1596 5572 pag.
1652 5503 1780 5566 658,

114 5588 405 5642 universa
459 5575 920 5634 Occidentalium
968 5569 1234 5645 synodus,
1289 5591 1407 5644 qua:
1463 5569 1680 5645 occepit,
1737 5586 1786 5630 et

112 5641 383 5727 probaui:
419 5647 938 5727 Alexandrinarum
964 5641 1211 5727 Ecclesia;
1247 5641 1549 5727 sententiain
1575 5641 1648 5727 lin
1680 5646 1781 5727 in}.

113 5713 272 5802 'pium
311 5719 708 5849 (Uria-nem}
737 5719 919 5787 latam,
965 5731 1020 5776 ut
1061 5721 1296 5791 loquitur
1343 5713 1784 5799 Tlteoiibilus_itt

115 5815 404 5849 ςιιι-ιιιοηρ
435 5805 637 5849 auem
713 5791 1022 5849 ustinianus
1064 5791 1365 5849 bnnerator
1398 5789 1604 5849 laudat.
1652 5787 1784 5849 Vide

113 5787 404 5862 sermone
435 5787 637 5870 quem
681 5787 1022 5863 lustiniauus
1064 5787 1365 5870 imperator
1398 5789 1604 5857 laudat.
1652 5787 1790 5850 Vide

1898 4665 2037 4737 pulis
2067 4665 2240 4719 fuerat
2260 4663 2616 4736 divulgatum.
2645 4662 2751 4720 Sed
2776 4679 2895 4718 eum
2923 4663 3039 4732 ipse
3060 4663 3204 4720 dicat
3234 4667 3500 4721 Eusebius

1895 4757 2235 4828 Pamphilum
2269 4753 2429 4829 517
2467 4757 2602 4811 niltil
2637 4757 2948 4822 scripsisse,
2975 4759 3216 4826 exceptis
3245 4759 3499 4813 brevibus

1898 4849 2154 4920 Epistolis
2182 4850 2248 4903 ad
2279 4851 2522 4903 amicos:
2556 4857 2610 4902 et
2644 4849 2852 4917 primus
2882 4847 3019 4902 liber
3043 4865 3136 4902 Sex
3160 4849 3498 4904 voluminum

1897 4940 2064 5008 illius,
2094 4940 2282 4994 eadem
2308 4949 2360 4994 et
2387 4937 2593 4993 eisdem
2635 4938 2821 4993 verbis
2868 4941 3181 5007 contineat,
3228 4956 3348 5009 qua:
3398 4942 3499 4995 sub

1895 5034 2115 5090 nomine
2143 5032 2414 5103 Pamphili
2444 5047 2474 5086 a
2509 5041 2561 5088 te
2591 5031 2714 5087 ﬁcta
2744 5043 2871 5088 sunt
2897 5077 2910 5103 ,
2956 5035 3301 5105 perSpicuum
3331 5044 3413 5089 est
3447 5043 3500 5091 te

1895 5215 2186 5288 Theophili
2210 5217 2526 5294 synodicam
2547 5261 2561 5283 ,
2600 5228 2816 5294 tresque
2842 5223 3008 5290 alias,
3043 5240 3161 5294 qua:
3193 5225 3339 5279 illam
3369 5225 3498 5278 sub-

1893 5287 2196 5358 sequuntur
2217 5287 2539 5360 epistolas,a
2561 5287 2916 5349 nobis-editas
2944 5287 3126 5360 tonui,
3155 5297 3254 5349 sub
3284 5310 3496 5350 numer.

1892 5361 1962 5415 9‘2
1988 5370 2043 5414 et
2070 5359 2442 5428 sequentibus.

1965 5431 1990 5467 ί¹
2018 5430 2246 5508 Videtur
2277 5431 2512 5508 \[ictorio
2549 5432 2911 5508 Hieronymus
2945 5436 3132 5491 ludere
3163 5436 3212 5489 in
3248 5434 3495 5508 elinguis

1893 5505 2136 5565 nomine.
2167 5513 2226 5557 ut
2256 5502 2682 5559 obtrectatorem
2719 5502 2895 5572 potius
2928 5516 3103 5572 notet,
3153 5523 3315 5572 quam
3360 5502 3493 5560 dua-

1893 5525 2136 5565 1101111116,
2168 5525 2226 5557 υι
2256 5525 2682 5559 υυιῐυυιθιοΐυιιι
2719 5525 2895 5572 ιιυιιυε
2928 5525 3103 5572 ιιοιει,
3153 5525 3169 5558 l
3195 5525 3315 5560 ΙΙΠΙΙΙ
3360 5525 3490 5560 uua-

1893 5591 2010 5628 rmn
2045 5573 2345 5643 linguarum
2381 5579 2610 5644 peritum
2641 5575 2886 5630 scientia.
2915 5577 3063 5632 llicr.
3102 5525 3240 5632 inira
3269 5577 3362 5631 lib.
3391 5595 3446 5633 Ill
3477 5597 3490 5634 :

1898 5647 1974 5703 Tu
2011 5649 2278 5720 bilinguis.
2311 5651 2398 5718 qui
2427 5660 2626 5720 tantum
2666 5648 2820 5704 habes
2856 5648 3021 5705 (ἐπεεὲ
3063 5646 3338 5720 Latinique
3383 5667 3493 5706 ser-

1893 5719 2056 5793 monis
2083 5719 2373 5786 scientiam,
2407 5731 2462 5777 ut
2493 5731 2539 5778 et
2567 5719 2737 5778 Graeci
2767 5731 2815 5778 te
2842 5719 3086 5779 Latinum
3109 5764 3126 5793 ,
3153 5734 3199 5782 et
3233 5719 3407 5780 Latini
3447 5732 3495 5783 te

1891 5788 2132 5854 Griecum
2158 5800 2356 5864 putent.
