4036 6316
557 276 663 333 M7

1802 273 1861 328 S.
1906 272 2179 335 EUSEBII
2222 271 2603 329 lliEROlVYlll

3753 267 3857 323 448

555 391 759 448 idcirco
804 389 1002 443 librum
1050 388 1197 444 hunc
1234 388 1595 444 disseminare
1637 388 1897 453 voluisse,
1948 400 2005 444 ut
2050 390 2151 445 sub
2178 387 2533 452 Ademnatio
2558 388 2625 442 sit
2655 387 2742 459 [Al
2772 387 2873 460 ﬁt].
2908 387 3072 442 Miror
3109 386 3384 458 quomodo
3424 386 3479 440 in
3520 385 3712 441 eadem
3751 384 3864 455 epi—

556 496 788 554 persona
817 482 1076 553 martyris
1098 482 1351 538 haeresim
1382 483 1778 539 introduceres.
1817 483 2058 553 Cumque
2084 484 2152 539 de

555 574 661 629 hoc
692 576 812 644 ipso
844 574 983 629 libro
1010 590 1170 644 quem
1204 574 1469 643 Pamphili
1501 574 1726 629 simulas
1747 617 1761 638 ,
1817 575 1983 629 multa
2035 592 2156 644 per.

556 667 882 732 verteris,et
904 667 1067 722 aliter
1095 666 1148 722 in
1175 667 1388 731 Graeco,
1406 668 1566 723 aliter
1590 668 1643 723 in
1676 668 1869 723 Latino
1890 669 1984 733 sit,
2009 668 2155 723 frau.

558 758 685 813 dem
719 766 865 811 tuam
894 757 1068 812 errori
1100 771 1224 812 meo
1254 757 1524 827 imputare
1555 773 1663 813 non
1700 758 1887 813 debes.
1936 758 2157 814 Credidi

560 850 709 904 enim
740 850 858 919 ejus
889 865 1012 904 esse
1067 849 1287 913 librum,
1348 866 1509 921 quem
1563 851 1752 906 titulus
1810 851 2157 922 pr'eferebat,

560 940 703 995 sicut
725 945 845 1015 περί
878 941 1107 1016 ’Δρχῶν,
1138 951 1193 996 et
1222 942 1389 996 multa
1414 942 1519 997 alia
1541 942 1793 1014 Origenis
1818 959 2005 1013 opera,
2039 945 2158 1013 plu-

559 1034 939 1104 rimorumque
965 1033 1186 1089 Graecia:
1219 1043 1597 1100 tractatorum,
1630 1050 1749 1105 quae
1780 1046 1873 1089 aut
1902 1044 2029 1090 ante
2054 1052 2162 1090 non

563 1126 693 1197 legi,
725 1138 815 1181 aut
848 1144 989 1183 nunc
1017 1128 1315 1198 compellor
1333 1129 1537 1198 legere,
1571 1130 1869 1199 quazstione
1891 1129 2164 1185 hazreseos

562 1220 847 1285 suscitata,
882 1231 941 1274 ut
961 1222 1128 1275 sciam
1152 1237 1270 1289 qua:
1292 1220 1469 1277 vitare
1489 1220 1739 1286 debeam,
1765 1237 1885 1290 quae
1910 1220 2162 1292 probare.

559 1310 717 1368 Unde
734 1313 856 1367 etin
876 1314 1245 1369 adolescentia
1274 1315 1525 1369 homilias
1549 1325 1755 1370 tantum
1780 1316 1899 1384 ejus
1922 1331 2056 1386 quas
2086 1316 2167 1371 lo-

563 1404 830 1473 quebatur
861 1404 927 1457 ad
957 1406 1243 1476 populum,
1279 1408 1335 1460 in
1365 1406 1560 1476 quibus
1593 1423 1698 1461 non
1732 1416 1877 1462 tanta
1909 1407 2166 1463 scandala

564 1496 911 1561 tenebantur,
942 1498 1269 1568 simpliciter
1311 1499 1631 1569 rogantibus
1672 1501 1960 1567 transtuli,
2005 1502 2170 1558 nullis

564 1586 926 1657 praejudieans
959 1603 1030 1643 ex
1062 1588 1145 1644 his
1201 1604 1325 1659 qua:
1384 1590 1683 1658 probantur
1709 1633 1723 1657 ,
1756 1591 1846 1645 illa
1892 1592 2171 1661 suscipere

561 1694 686 1749 qua":
714 1678 1005 1735 manifeste
1037 1680 1298 1735 haeretica
1322 1689 1471 1735 sunt.
1490 1679 1651 1737 Certe
1676 1682 1759 1753 (ut
1788 1682 2170 1751 compendium

2257 481 2397 536 stola
2421 480 2766 546 homicidam,
2798 489 2852 535 et
2874 480 3197 544 adulterum,
3220 488 3275 533 et
3300 478 3650 546 sacrilegum,
3669 487 3724 530 et
3747 492 3865 547 par-

2258 574 2482 629 ricidam
2535 588 2621 629 me
2668 588 2792 629 esse
2829 588 2935 627 non
2993 573 3220 638 dixerit,
3274 583 3328 628 et
3381 572 3642 641 quidquid
3692 580 3865 639 potest

2261 667 2422 721 tacita
2450 668 2647 721 mentis
2675 667 2932 737 cogitatio
2963 667 3104 720 intra
3131 681 3191 721 se
3223 664 3577 734 turpitudinis
3617 663 3862 720 volvere.

2262 758 2476 815 Gratias
2502 760 2549 814 ei
2582 758 2756 814 debeo
2777 774 2960 829 agere,
2992 759 3133 828 quod
3175 773 3300 812 cum
3336 766 3478 810 tanta
3502 756 3643 809 silva
3673 754 3745 810 sit
3765 756 3870 809 cri-

2263 853 2493 918 mittunt,
2525 867 2689 905 unum
2714 850 2844 904 mihi
2876 850 3080 905 erroris
3120 849 3206 904 vel
3231 848 3482 903 falsitatis
3528 848 3737 901 crimen
3772 847 3869 900 ob-

2259 946 2474 1016 jecerit.
2514 946 2703 1015 Egone
2726 956 2920 1000 contra
2940 944 3294 1014 Septuaginta
3322 945 3649 1013 interpretes
3672 940 3871 1010 aliquid

2263 1053 2386 1092 sum
2416 1039 2647 1103 locutus,
2667 1052 2803 1107 quos
2825 1050 2949 1090 ante
2973 1051 3144 1090 annos
3168 1035 3431 1104 plurimos
3453 1034 3869 1104 diligentissime

2269 1131 2607 1194 emendatos,
2635 1145 2766 1184 mea:
2798 1130 2988 1197 lingum
3007 1127 3268 1182 studiosis
3295 1127 3442 1192 dedi,
3467 1141 3608 1197 quos
3630 1124 3873 1196 quotidie

2272 1226 2323 1278 in
2352 1237 2628 1279 conventu
2660 1224 2887 1278 fratrum
2922 1224 3190 1288 edissero,
3234 1238 3465 1293 quorum
3494 1222 3740 1276 Psalmos
3761 1220 3875 1289 jugi

2271 1318 2626 1372 meditatione
2651 1316 2924 1371 decanto?
2954 1316 3086 1370 Tam
3121 1318 3321 1370 stultus
3352 1330 3524 1380 eram,
3557 1325 3616 1369 ut
3649 1313 3793 1384 quod
3823 1314 3878 1368 in

2272 1410 2503 1480 pueritia
2528 1411 2717 1475 didici,
2741 1424 2907 1465 senex
2933 1407 3185 1463 oblivisci
3219 1406 3711 1463 vellent?Uuiversi
3733 1416 3877 1460 trac-

2274 1513 2419 1558 tatus
2460 1505 2565 1558 mei
2599 1503 2791 1557 horum
2828 1502 3155 1557 testimoniis
3186 1504 3315 1555 texti
3342 1512 3488 1555 sunt.
3519 1501 3882 1556 Commenta-

2274 1596 2342 1651 rii
2373 1597 2425 1651 in
2460 1597 2747 1651 duodecim
2781 1596 3106 1664 PrOphetas,
3148 1604 3201 1648 et
3233 1609 3405 1648 meum
3438 1604 3493 1649 et
3523 1593 3881 1664 Septuaginta

2277 1689 2568 1744 editionem
2599 1687 2934 1743 edisserunl.
2981 1686 3025 1741 Ο
3055 1687 3268 1741 labores
3309 1687 3607 1751 hominum,
3657 1700 3885 1755 semper

560 1770 712 1839 longi
744 1770 1015 1825 sermonis
1050 1770 1268 1839 faciam)
1292 1772 1435 1826 sicut
1462 1788 1565 1842 ego
1592 1772 1845 1838 ostendo,
1875 1788 1963 1828 me
1990 1774 2057 1828 ab
2085 1773 2168 1828 his

2281 1782 2496 1836 incerti!
2533 1796 2564 1835 ο
2582 1782 2893 1836 mortalium
2915 1780 3092 1835 studia
3114 1780 3415 1835 contrarios
3438 1780 3707 1834 interdum
3739 1780 3888 1835 lines

566 1862 846 1931 accepisse
878 1862 1074 1917 librum
1107 1864 1195 1933 qui
1220 1862 1287 1917 de
1319 1872 1413 1917 tuo
1440 1864 1633 1919 codice
1663 1866 2127 1933 transcripserunt
2153 1884 2166 1919 :

568 1955 649 2008 sic
674 1963 726 2008 tu
752 1954 887 2010 doce
920 1972 947 2008 a
971 1972 1077 2026 quo
1104 1956 1386 2026 exemplar
1412 1959 1692 2027 acceperis
1710 1999 1724 2023 ,
1758 1968 1815 2012 ut
1840 1959 1933 2029 qui
1982 1968 2173 2013 aucto-

568 2063 687 2103 rem
720 2048 842 2103 libri
875 2050 1009 2104 dare
1051 2050 1213 2104 alium
1270 2066 1377 2104 non
1435 2053 1692 2121 potuerit,
1748 2052 1865 2121 ipse
1923 2052 2172 2107 falsitatis

565 2152 698 2195 reus
729 2150 1002 2196 teneatur.
1035 2140 1213 2196 Bonus
1236 2143 1387 2197 homo
1428 2144 1493 2199 de
1536 2146 1669 2199 bono
1712 2146 1885 2199 cordis
1930 2148 2173 2202 thesauro

570 2236 770 2305 profert
791 2234 885 2288 illa
905 2251 1019 2305 qua:
1048 2235 1179 2289 bona
1218 2247 1338 2290 sunt
1384 2237 1599 2308 (Matth.
1644 2255 1771 2307 xw,
1819 2240 1955 2309 55):
2008 2250 2172 2311 atque

569 2338 639 2379 ex
694 2341 979 2396 pomorum
1040 2327 1366 2397 dulcedine,
1419 2333 1671 2401 generosi
1724 2334 1954 2390 seminis
2008 2335 2173 2389 arbor

570 2420 908 2488 agnoscitur.

641 2511 731 2567 2i.
764 2511 1002 2583 Epistola
1018 2516 1288 2586 supposita
1320 2517 1655 2590 Hieronymo.
1684 2551 1754 2560 -—
1781 2521 1975 2577 Scribit
2006 2521 2175 2576 frater

571 2602 839 2660 Eusebius
886 2622 945 2660 se
977 2608 1118 2676 apud
1152 2608 1311 2664 Afros
1340 2611 1647 2681 episcopos,
1684 2614 1772 2682 qui
1822 2625 2044 2683 propter
2072 2615 2175 2668 Ec-

571 2694 907 2750 clesiasticas
929 2713 1122 2751 causas
1158 2700 1222 2753 ad
1264 2700 1589 2755 Comitatum
1628 2717 1909 2770 venerant,
1955 2706 2169 2775 Episto-

576 2786 684 2840 lam
712 2790 863 2856 quasi
897 2805 1018 2845 meo
1062 2794 1319 2861 scriptam
1370 2800 1589 2851 nomine
1635 2802 1926 2868 reperisse,
1962 2802 2015 2855 in
2069 2817 2173 2872 qua

578 2893 792 2947 agerem
835 2884 1246 2951 paenitentiam,
1279 2899 1330 2943 et
1358 2905 1445 2944 mc
1487 2891 1554 2944 ab
1590 2891 1832 2946 llebrtcis
1876 2894 1927 2947 in
1967 2894 2178 2949 adoles-

579 2970 756 3023 centia
790 2972 1066 3028 inductum
1094 2990 1215 3030 esse
1265 2988 1517 3046 testarer,
1554 2991 1609 3035 ut
1640 2982 1864 3037 llebrzea
1902 2985 2176 3040 volumina

579 3059 632 3115 in
674 3061 926 3117 Latinum
972 3077 1266 3133 verterem,
1311 3070 1362 3123 in
1404 3072 1601 3141 quibus
1656 3074 1801 3127 nulla
1832 3074 1903 3129 sit
1954 3075 2174 3131 veritas.

2274 1876 2527 1930 habentia
2551 1878 2562 1929 !
2590 1874 2742 1931 Unde
2771 1891 2859 1930 me
2888 1875 3143 1945 putabam
3174 1874 3313 1929 bene
3343 1874 3535 1929 mereri
3574 1873 3643 1927 de
3669 1872 3888 1927 Latinis

2275 1972 2443 2035 meis,
2487 1982 2541 2026 et
2590 1982 2901 2025 nostrorum
2963 1970 3028 2024 ad
3074 1969 3391 2024 discendum
3443 1967 3652 2022 animos
3700 1967 3890 2021 conci-

2274 2075 2412 2131 tare,
2445 2074 2469 2102 ιι
2495 2066 2641 2135 quod
2670 2066 2832 2119 etiam
2866 2064 3044 2119 Graeci
3066 2079 3281 2118 versum
3306 2064 3373 2117 de
3397 2062 3590 2117 Latino
3612 2069 3736 2131 post
3766 2071 3889 2114 tan-

2276 2170 2361 2213 tos
2390 2159 2717 2228 interpretes
2764 2173 2872 2212 non
2910 2157 3229 2220 fastidiunt;
3277 2155 3405 2210 inde
3435 2158 3487 2208 in
3530 2154 3747 2223 culpam
3795 2166 3890 2206 vo-

2275 2266 2391 2315 cor,
2425 2261 2479 2305 et
2510 2251 2791 2305 nauseanti
2838 2252 3117 2305 stomacho
3153 2249 3304 2303 cibos
3342 2251 3548 2317 ingero.
3578 2246 3646 2300 Et
3673 2245 3803 2315 quid
3836 2244 3890 2300 in

2276 2344 2494 2399 homine
2523 2352 2699 2398 tutum
2728 2344 2821 2408 sit,
2848 2343 2891 2397 si
2930 2342 3241 2398 innocentia
3270 2340 3562 2395 criminosa
3590 2340 3713 2394 est?
3754 2338 3887 2392 Dor-

2276 2438 2479 2507 miente
2532 2435 2919 2505 patrefamilias
2970 2435 3222 2488 inimicus
3256 2433 3419 2486 homo
3458 2432 3665 2484 zizania
3694 2446 3891 2499 super-

2277 2529 2564 2584 seminavit
2580 2527 2793 2600 (Matth.
2812 2544 2927 2593 xm,
2941 2527 3033 2596 25)
3046 2566 3059 2579 .
3076 2525 3455 2579 Exterminavit
3470 2525 3672 2577 vineam
3686 2540 3813 2594 aper
3827 2522 3890 2575 de

2276 2624 2429 2689 silva,
2459 2632 2509 2678 et
2530 2621 2814 2696 singularis
2850 2626 2994 2692 ferus
3016 2621 3263 2691 depastus
3292 2628 3369 2672 est
3396 2634 3507 2672 eam
3525 2616 3681 2686 (Psal
3704 2632 3890 2683 um,

2279 2716 2391 2786 14).
2427 2717 2542 2787 Ego
2569 2728 2745 2782 taceo,
2768 2725 2823 2770 et
2864 2715 3059 2770 littera:
3083 2729 3191 2767 non
3221 2728 3357 2768 mea:
3379 2713 3672 2781 loquuntur
3696 2721 3891 2765 contra

2279 2823 2386 2864 me.
2419 2809 2613 2879 Ignoro
2634 2809 2864 2873 crimen,
2902 2815 2957 2862 et
2988 2807 3194 2862 crimen
3221 2806 3273 2860 in
3306 2817 3417 2861 toto
3442 2805 3574 2860 orbe
3597 2803 3891 2860 conﬁteor.

2281 2900 2402 2955 Heu
2433 2902 2582 2967 mihi,
2611 2911 2773 2955 mater
2796 2916 2930 2964 mm,
2953 2909 3004 2952 ul
3034 2899 3159 2969 quid
3183 2916 3262 2953 me
3288 2899 3527 2967 genuisti,
3556 2898 3720 2952 cirum
3747 2895 3777 2934 ι)
3807 2895 3893 2966 qui

2269 2994 2481 3064 judicer
2511 3004 2555 3049 et
2597 2994 2863 3047 discernar
2903 2993 3042 3047 omni
3072 3002 3224 3047 terra:
3263 2989 3474 3063 (Jerem.
3513 3007 3605 3053 xv,
3664 2991 3751 3055 ll),
3785 3006 3890 3045 sec.

2281 3086 2498 3155 LXX)?

575 3152 730 3252 Quod
781 3156 1005 3211 audiens
1060 3159 1330 3229 obstupui.
1381 3164 1447 3218 Et
1470 3168 1592 3234 quia
1623 3166 1675 3219 in
1709 3183 1795 3222 ore
1833 3168 2055 3222 duorum
2098 3171 2175 3224 vel
2202 3189 2249 3252 ρ
2348 3152 2443 3235 25ξ
2468 3178 2551 3232 Ex
2568 3179 2799 3249 Prologo
2826 3178 2878 3233 in
2900 3178 3142 3233 Genesin.
3168 3208 3236 3218 —
3266 3178 3467 3234 Omnes
3492 3175 3894 3232 Prmftliuncu-

575 3244 736 3297 trium
766 3256 865 3298 stat
895 3265 1044 3303 omne
1078 3251 1278 3305 verbum
1327 3252 1505 3325 (Deut.
1538 3274 1675 3321 xm,
1705 3258 1767 3323 6;
1799 3259 1988 3313 Matth.
2018 3278 2170 3327 xvnt,

580 3336 683 3401 16;
712 3337 754 3391 ll
773 3334 895 3393 Cor.
925 3355 1040 3407 xm,
1068 3340 1143 3413 l),
1170 3350 1369 3415 unique
1392 3350 1537 3412 testi,
1564 3365 1664 3405 nec
1685 3352 1876 3407 Catoni
1908 3353 2175 3408 creditum

577 3438 683 3497 est,
719 3431 953 3502 idipsum
987 3436 1276 3492 multarunt
1320 3456 1406 3495 me
1436 3457 1500 3497 ex
1536 3444 1681 3501 Urbe
1705 3447 1927 3501 fratrum
1977 3449 2177 3517 scripta

578 3520 902 3589 docuerunt,
932 3526 1345 3596 sciscitantium,
1376 3548 1444 3587 an
1469 3533 1541 3588 ita
1565 3551 1624 3590 se
1651 3535 1898 3604 haberet,
1929 3548 1984 3592 et
2011 3554 2038 3592 a
2073 3556 2179 3609 quo

580 3614 693 3684 ipsa
720 3618 949 3686 epistola
981 3621 1330 3679 disseminata
1377 3638 1524 3683 esset
1551 3630 1603 3683 in
1636 3632 1824 3702 vulgus
1852 3633 2177 3705 lacrymahi-

579 3706 703 3762 liter
752 3711 1127 3769 indicantium.
1165 3716 1264 3783 Qui
1322 3720 1425 3774 hoc
1472 3737 1639 3778 ausus
1688 3737 1772 3781 est
1812 3726 2023 3793 facere,
2051 3730 2177 3797 quid

579 3800 725 3854 aliud
756 3820 859 3858 non
883 3807 1125 3861 audeat?
1154 3809 1323 3877 Bene,
1344 3814 1489 3883 quod
1517 3817 1719 3872 malitia
1749 3834 1853 3873 non
1876 3820 2040 3875 habet
2064 3831 2180 3875 tau~

579 3898 663 3945 tas
688 3894 851 3963 vires,
876 3910 1106 3967 quantos
1157 3917 1406 3960 conatus.
1452 3908 1694 3965 Perierat
1750 3914 2080 3981 innocentia,
2134 3918 2177 3971 si

580 4002 799 4061 semper
816 3996 1071 4065 nequitia:
1089 3997 1277 4067 juncta
1300 4013 1442 4056 esset
1470 4006 1733 4073 potentia,
1758 4016 1999 4079 et_totum
2027 4010 2180 4079 quid-

582 4084 711 4152 quid
769 4089 919 4157 cupit
976 4089 1291 4159 calumnia,
1354 4095 1520 4166 518
1569 4100 1908 4164 praevaleret.
1968 4099 2179 4172 Styluzn

585 4190 787 4245 meum,
806 4181 1216 4254 qualiscumque
1236 4197 1338 4253 est,
1358 4198 1413 4242 et
1434 4188 1661 4244 formam
1688 4192 1894 4263 eloquii
1914 4194 1996 4249 vir
2019 4195 2184 4250 diser-

582 4271 821 4329 tissimus
847 4277 1156 4347 exprimere
1184 4294 1289 4334 non
1326 4284 1497 4350 potuit
1526 4301 1541 4339 :
1568 4284 1663 4339 sed
1691 4285 1831 4340 inter
1872 4288 2014 4357 ipsas
2042 4305 2182 4358 pra:-

588 4366 809 4435 stigias,
848 4380 903 4425 et
930 4371 1154 4430 alterius
1204 4391 1520 4445 personam,
1568 4394 1672 4449 qua
1726 4395 1785 4435 se
1817 4380 2185 4440 fraudulenter

588 4458 863 4529 induerat,
895 4465 1013 4532 quis
1044 4476 1189 4522 esset
1211 4470 1473 4524 ostendit.
1500 4470 1643 4540 Ergo
1674 4471 1764 4527 ille
1784 4474 1875 4543 qui
1899 4476 2184 4545 epistolam

2280 3271 2348 3326 lae
2370 3272 2568 3327 veteris
2597 3270 2964 3337 lnslrumenti,
2982 3285 3208 3340 quarum
3233 3286 3299 3324 ex
3324 3280 3473 3339 parte
3495 3270 3745 3340 exempla
3771 3269 3895 3323 sub-

2277 3364 2401 3434 jeci,
2431 3366 2554 3420 huic
2587 3365 2661 3419 rei
2695 3373 2860 3420 testes
2891 3373 3031 3419 sunt.
3063 3366 3129 3419 Et
3168 3365 3495 3436 superﬂuum
3521 3376 3628 3430 est,
3657 3365 3807 3435 quod
3842 3366 3892 3419 in

2283 3457 2395 3513 illis
2422 3457 2630 3511 dictum
2681 3466 2786 3522 est,
2819 3458 2983 3531 519
3010 3458 3170 3512 aliter
3210 3474 3373 3529 quam
3422 3459 3495 3512 ibi
3545 3459 3749 3512 dictum
3785 3467 3892 3521 est,

2280 3550 2545 3604 scribere.
2566 3550 2823 3620 Incipiam
2852 3551 3016 3623 igitur
3038 3568 3067 3606 a
3086 3552 3317 3619 Genesi,
3341 3553 3497 3623 cujus
3519 3553 3791 3620 Prologus
3816 3561 3895 3606 ta-

2283 3642 2350 3696 lis
2376 3650 2486 3695 est:
2524 3662 2540 3692 ι
2580 3642 2840 3697 Desiderii
2868 3644 2973 3699 mei
3015 3644 3349 3699 desideratas
3379 3645 3561 3713 accepi
3599 3645 3891 3714 epistolas,

2281 3731 2371 3800 qui
2403 3732 2637 3801 quodam
2661 3735 2924 3803 prtesagio
2966 3733 3292 3801 futurorum,
3318 3750 3439 3789 cum
3471 3735 3693 3791 Daniele
3722 3738 3893 3790 sorti-

2285 3833 2368 3878 tus
2394 3834 2478 3878 est
2510 3840 2731 3890 nomen,
2762 3828 3101 3883 obsecrantis
3137 3839 3191 3883 ut
3219 3829 3539 3883 translatum
3563 3830 3616 3883 in
3648 3828 3891 3898 linguam

2284 3915 2529 3971 Latinam
2556 3918 2623 3973 de
2654 3918 2882 3974 Hebraeo
2913 3936 3168 3976 sermone
3206 3922 3630 3977 Pentateuchum
3675 3933 3895 3976 nostro-

2283 4026 2403 4065 rum
2447 4012 2673 4066 auribus
2719 4014 3012 4069 traderem.
3052 4015 3421 4071 Periculosum
3446 4032 3584 4086 opus
3611 4026 3787 4079 certe,
3842 4026 3895 4069 ct

2284 4104 2710 4160 obtrectatorum
2754 4118 2774 4145 ο
2812 4108 3092 4164 latratibus
3136 4120 3359 4178 patens;
3389 4112 3478 4180 qui
3513 4126 3598 4166 me
3638 4121 3893 4166 asserunt

2284 4197 2335 4251 in
2364 4196 2710 4266 Septuaginta
2743 4199 3099 4270 interpretum
3122 4202 3560 4271 suggillationem
3580 4243 3593 4266 ,
3624 4216 3760 4255 nova
3790 4218 3891 4271 pro

2287 4288 2562 4343 veteribus
2577 4288 2805 4345 cudere:
2839 4291 2909 4346 ita
2935 4292 3230 4362 ingenium,
3262 4293 3418 4361 quasi
3451 4294 3629 4347 vinum
3645 4292 3890 4360 proban-

2288 4391 2390 4445 tes,
2423 4396 2547 4436 cum
2579 4398 2678 4452 ego
2706 4383 3010 4453 saepissime
3040 4392 3270 4438 testatus
3298 4384 3422 4450 sim,
3446 4400 3527 4439 me
3556 4382 3582 4419 ἀ
3612 4398 3710 4453 pro
3740 4384 3888 4440 virili

2290 4475 2539 4544 portione
2563 4475 2615 4529 in
2645 4476 2999 4532 tabernaculo
3024 4476 3117 4530 Dei
3147 4475 3345 4532 otl'erre
3374 4494 3495 4547 quzc
3523 4476 3756 4547 possim;
3788 4492 3885 4531 nec

585 4550 688 4604 sub
716 4554 931 4608 nomine
947 4572 1066 4613 meo
1097 4561 1431 4628 poenitentiae
1455 4562 1710 4631 finxerat,
1736 4565 1880 4635 quod
1911 4569 2051 4622 male
2080 4569 2185 4625 lic-
2212 4578 2263 4638 ι)
2289 4581 2421 4638 opes
2452 4568 2680 4623 alterius
2702 4610 2715 4633 ,
2763 4569 2990 4622 aliorum
3035 4579 3351 4638 paupertate
3382 4568 3593 4624 foedari.
3634 4568 3789 4636 Quod
3832 4578 3888 4621 ut

586 4645 729 4700 brzea
782 4648 1052 4706 volumina
1100 4656 1521 4720 transtulissem,
1568 4657 1808 4727 obiicere
1829 4659 2051 4727 dicitur,
2098 4678 2186 4718 tne

588 4739 640 4793 in
673 4740 1025 4811 Septuaginta
1073 4746 1584 4804 condemnationem
1626 4750 1936 4821 Scripturas
1966 4765 2186 4809 sanctas

583 4833 1021 4905 interpretatum,
1083 4849 1139 4894 ut
1182 4840 1295 4895 sive
1342 4842 1474 4896 falsa
1526 4854 1672 4910 sunt,
1721 4846 1835 4901 sive
1885 4863 2011 4903 vera
2063 4864 2186 4917 qua:

583 4931 857 4997 transtuli,
883 4932 932 4984 in
959 4932 1186 4988 crimine
1211 4951 1453 4991 mancam
1476 4954 1488 5000 ;
1512 4936 1637 4991 dum
1665 4950 1755 4993 aut
1781 4940 1831 4994 in
1854 4955 1994 4995 novo
2019 4957 2185 5010 opere

584 5027 759 5081 fateor
813 5044 897 5081 mc
939 5044 1185 5093 errasse,
1232 5042 1319 5083 aut
1361 5048 1553 5089 recens
1590 5035 1756 5089 editio
1812 5037 2014 5091 veteris
2052 5052 2185 5091 con-

657 5200 681 5227 α
726 5188 1217 5259 ΡευΙιθιίιιιιιΪριιιο
1250 5192 1399 5245 intmi
1445 5210 1509 5249 ex
1561 5194 1791 5252 Hebraeo
1835 5198 2027 5254 Latine
2056 5216 2082 5251 a
2118 5198 2176 5254 S.

582 5262 811 5341 doctore
843 5260 1135 5327 redditum,
1164 5274 1325 5333 atque
1349 5280 1414 5319 ex
1438 5264 1633 5321 Latino
1659 5266 1851 5324 Graece
1874 5286 1904 5324 a
1936 5270 2181 5341 SOpht‘O-

585 5334 675 5388 nio
709 5335 1010 5401 vulgatum.

656 5404 693 5481 b7
723 5404 1071 5481 Martiattmus
1115 5406 1204 5477 qui
1235 5407 1458 5476 judicct,
1493 5417 1544 5463 et
1586 5410 1849 5481 discernat
1884 5428 1901 5464 :
1933 5412 2058 5466 alibi
2093 5413 2183 5481 qui

573 5480 838 5566 judicaret
864 5494 881 5533 :
910 5478 968 5565 in,
993 5477 1183 5534 Gnaeo
1215 5493 1397 5535 autem
1430 5490 1543 5545 est,
1579 5480 1923 5552 δικαζόμενον,
1956 5488 2043 5538 καὶ
2070 5477 2185 5539 δία·

588 5571 880 5624 κρινομενον
904 5572 1045 5622 πασῃ
1072 5575 1134 5627 τῃ
1163 5575 1246 5628 γῃ.

670 5631 691 5657 ε
736 5625 790 5675 In
837 5622 953 5690 ipsa
1004 5623 1215 5689 prmfat.
1266 5622 1487 5676 additur
1530 5636 1786 5675 meorum.
1830 5622 1935 5677 Sed
1988 5625 2040 5678 in
2089 5625 2191 5682 hac

595 5691 1055 5758 quemadmodum
1113 5703 1167 5747 et
1216 5693 1681 5759 subsequentibus
1722 5692 2054 5747 illustrandis
2104 5696 2190 5750 hic

594 5760 698 5811 non
759 5761 1137 5821 immorantur,
1192 5762 1336 5830 quod
1379 5778 1479 5818 suo
1534 5763 1658 5817 loco
1710 5775 1837 5819 ante
1894 5765 2187 5835 Scriptum:

2287 4662 2568 4728 auderem,
2599 4664 2847 4734 Origenis
2894 4678 2980 4717 me
3010 4664 3251 4717 studium
3292 4664 3622 4731 provocavit,
3652 4664 3743 4733 qui
3771 4662 3885 4716 edi-

2289 4755 2684 4825 tioniantiqute
2731 4755 3143 4810 translationem
3199 4755 3593 4811 Theodotionis
3640 4754 3881 4818 miscuit,

2289 4852 2551 4905 asterisco
2670 4892 2682 4915 ,
2708 4860 2762 4905 et
2795 4861 2817 4885 υ
2842 4848 3085 4904 obelisco
3103 4854 3209 4925 —:—-,
3243 4850 3293 4904 id
3317 4858 3433 4915 est,
3470 4848 3630 4903 stella
3652 4856 3707 4903 et
3724 4864 3883 4910 veru,

2289 4961 2425 5016 Opus
2446 4962 2610 5002 omne
2638 4946 2973 5015 distinguens
3001 4963 3012 4998 :
3042 4945 3167 4999 dum
3197 4953 3287 4997 aut
3316 4943 3544 4996 illucere
3568 4941 3719 5007 facit,
3770 4954 3886 5008 qua:

2288 5040 2465 5095 minus
2495 5046 2621 5095 ante
2646 5039 2883 5105 fuerant,
2917 5049 3010 5095 aut
3040 5038 3311 5109 superllua
3342 5050 3573 5106 quaeque
3597 5035 3810 5105 jugulat
3837 5041 3888 5087 et

2289 5197 2438 5270 ipsos
2465 5200 2638 5255 libros
2666 5202 3043 5270 praestitimus.

2360 5269 2517 5395 quo
2546 5269 2783 5341 codices,
2802 5274 3016 5344 collegii
3048 5273 3202 5326 Rom.
3234 5287 3394 5337 unus,
3422 5272 3563 5327 alter
3584 5270 3885 5335 Palatinus,

2360 5360 2387 5395 0
2412 5360 2454 5395 ω
2484 5361 2519 5395 l.

2293 5359 2387 5411 pro
2412 5359 2519 5397 viti.

2369 5424 2391 5451 ε
2431 5415 2573 5470 Alibi
2611 5415 2799 5470 obello.
2832 5415 2952 5470 Mox
2988 5430 3085 5483 pro
3127 5415 3360 5477 illucere,
3397 5415 3659 5469 Erasmus
3711 5422 3767 5468 et
3799 5412 3890 5465 Vi-

2294 5488 2499 5542 ctorius
2534 5488 2785 5556 legerunt
2811 5488 3034 5541 illustria
3057 5529 3070 5552 ,
3103 5497 3157 5540 ut
3185 5488 3529 5551 conciunius,
3564 5494 3714 5553 puto,
3747 5485 3892 5551 lege-

2295 5568 2435 5619 rent,
2472 5573 2577 5612 non
2618 5569 2675 5613 ιιι
2723 5560 2925 5613 verius.
2962 5559 3092 5613 Mihi
3140 5556 3657 5627 subintelligendunt
3708 5558 3892 5626 potius

2296 5629 2511 5685 videtur
2540 5631 2767 5709 vnerbum
2799 5628 3031 5709 illustria
3054 5641 3173 5709 post
3198 5631 3424 5709 fuerant,
3447 5628 3761 5709 testunihil
3793 5627 3891 5709 irp-

2295 5710 2524 5755 mutato.
2558 5701 2649 5755 Sic
2679 5701 2730 5755 in
2766 5702 2974 5770 prtelat.
3006 5703 3073 5755 ad
3102 5701 3333 5767 Patalip.
3380 5699 3660 5767 aslcrt'st‘is,
3691 5699 3888 5768 inquit,

2297 5772 2593 5839 designans,
2623 5785 2736 5835 qum
2762 5773 2930 5825 minus
2959 5782 3077 5827 ante
3105 5776 3325 5841 fuerant.
