4036 6334
573 252 673 309 ibi

1828 234 1889 291 S.
1935 230 2205 291 EUSEBII
2248 230 2626 290 HIERONYMI

3765 224 3868 285 £59.

569 369 719 439 ginta
748 363 859 418 suis
884 359 1211 432 liesychium
1243 354 1426 412 laudat
1450 356 1751 407 auctorem.
1780 348 2170 405 Constantino-
2196 346 2245 406 Α
2274 348 2603 418 scriptorum
2635 344 2859 401 confusa
2890 351 3017 399 sunt
3043 342 3198 408 vitio,
3255 353 3627 412 sensuumque
3677 340 3869 397 barba-

571 459 709 529 polis
751 470 925 525 usque
966 454 1030 507 ad
1060 450 1401 507 Antiochiam
1433 445 1655 501 Luciani
1688 442 1943 513 martyris
1984 455 2169 496 exem-

568 549 739 619 plaria
771 547 989 618 probat.
1018 544 1206 600 Media:
1237 544 1379 597 inter
1407 539 1507 593 has
1532 536 1830 608 provincia:
1850 534 2174 588 Palaestinos

569 639 789 695 codices
812 640 1022 708 legunt,
1053 652 1189 707 quos
1213 636 1281 689 ab
1306 634 1539 703 Origene
1564 630 1878 686 elaboratus
1901 626 2173 682 Eusebius

575 742 629 787 et
665 730 1001 801 Pamphilius
1030 728 1419 798 vulgaveruut;
1441 732 1695 793 totusque
1724 721 1875 777 orbis
1906 721 2006 774 hac
2035 721 2175 774 inter

572 838 633 880 se
678 824 886 879 trifaria
930 822 1195 876 varietate
1226 826 1574 890 eompugnat.
1632 817 1697 870 Et
1737 824 1885 869 certe
1913 813 2173 884 Origenes

572 935 682 975 non
715 919 887 973 Solum
912 927 939 955 ι
959 915 1205 986 exempla
1230 912 1540 983 composuit
1586 919 1822 982 quatuor
1846 908 2172 971 editionum,

574 1027 607 1068 e
638 1012 862 1081 regione
890 1009 1104 1079 singula
1132 1007 1295 1062 verba
1329 1004 1666 1068 deseribens,
1703 1009 1761 1056 ut
1789 1016 1927 1057 unus
1964 998 2177 1054 dissen-

577 1104 718 1159 tiens
758 1102 965 1167 statim,
1014 1099 1228 1155 creteris
1275 1097 1421 1151 inter
1452 1111 1512 1150 se
1560 1093 2051 1157 consentientibus,
2083 1105 2173 1145 ar-

575 1206 801 1267 guatur;
835 1195 929 1250 sed
958 1194 1100 1264 quod
1151 1190 1373 1261 majoris
1414 1188 1657 1243 audaciae
1685 1194 1790 1248 est,
1837 1186 1891 1240 in
1934 1183 2176 1240 editione

574 1287 952 1357 Septuaginta,
986 1284 1382 1341 Theodotionis
1412 1281 1711 1337 editionem
1753 1280 1994 1343 miscuit,
2028 1286 2174 1332 aste-

576 1379 739 1434 riscis
761 1378 1014 1434 videlicet
1044 1378 1339 1446 designans
1364 1391 1483 1445 quae
1513 1374 1692 1427 minus
1724 1371 1961 1437 fuerant,
1993 1380 2046 1423 et
2067 1370 2176 1424 vir—

577 1472 719 1541 gulis
741 1486 862 1541 qua:
891 1488 957 1526 ex
985 1470 1264 1541 superﬂuo
1287 1468 1613 1522 videbantur
1637 1464 1906 1534 apposita.
1930 1464 1987 1518 Si
2014 1462 2176 1533 igitur

577 1564 703 1619 aliis
736 1565 885 1619 licuit
916 1581 1021 1617 non
1067 1572 1275 1627 tenere,
1314 1560 1458 1631 quod
1497 1558 1665 1613 semel
1712 1566 2092 1626 susceperant,
2124 1564 2177 1609 et

578 1669 705 1732 post
746 1659 1089 1729 septuaginta
1136 1656 1385 1721 cellulas,
1433 1669 1553 1725 qua:
1595 1654 1755 1723 vulgo
1794 1652 1910 1706 sine
1955 1659 2177 1705 auctore

2277 441 2408 496 riem
2439 439 2547 511 [Αι.
2575 436 2937 510 labyrinthus]
2965 438 3232 508 apertius,
3266 446 3319 491 et
3350 452 3446 507 per
3473 450 3726 490 versuum
3752 435 3870 491 cola

2274 532 2601 601 digererem,
2638 529 2991 599 mihimetipsi
3023 539 3079 585 et
3107 528 3243 584 meis
3278 528 3437 597 juxta
3480 526 3508 567 δ
3540 526 3867 582 ilismeuiam

2274 640 2499 693 canens,
2534 624 2581 678 si
2608 638 2772 681 aures
2802 622 2983 679 surda;
3011 630 3141 677 sunt
3165 632 3513 677 eaeterorum.
3549 639 3567 673 ι

2345 718 2437 773 28.
2485 716 2569 771 Er
2598 716 2814 787 Protog.
2840 714 2893 769 in
2922 713 3138 771 Ezram.
3168 744 3238 756 -—-
3270 714 3326 770 In
3358 714 3511 769 Em:
3538 728 3755 784 quoque
3782 728 3869 767 vo-

2277 810 2507 876 lumine,
2540 810 2734 865 similia
2760 807 3022 879 prmfatus
3052 822 3173 863 sum
3216 816 3268 861 et
3298 816 3419 876 post
3446 804 3613 861 multa
3642 803 3758 859 hac
3781 803 3872 858 ad-

2275 903 2390 964 didi
2419 920 2434 957 :
2471 922 2491 954 ‹
2534 903 2689 972 Quod
2719 902 2972 957 illaturus
3000 916 3141 966 sum,
3176 899 3549 969 aequissimum
3580 907 3685 953 est.
3718 897 3873 952 Edidi

2274 998 2508 1067 aliquid,
2538 997 2682 1068 quod
2710 1014 2821 1052 non
2869 996 3103 1054 habetur
3134 995 3186 1048 in
3215 993 3431 1057 Grmco,
3464 992 3547 1047 vel
3589 992 3748 1047 aliter
3776 992 3872 1045 ba-

2277 1092 2459 1157 betur,
2481 1106 2642 1162 quam
2673 1106 2701 1143 a
2728 1105 2818 1145 me
2846 1103 3064 1145 versum
3104 1095 3208 1143 est.
3234 1086 3373 1153 Quid
3406 1086 3762 1153 interpretem
3795 1086 3873 1138 la-

2278 1185 2471 1240 niant?
2529 1183 2871 1253 [interrogent
2924 1182 3206 1248 Hebraeos,
3264 1192 3320 1235 et
3382 1178 3516 1249 ipsis
3568 1179 3876 1235 auctoribus

2279 1278 2631 1332 translationi
2663 1292 2819 1342 mete,
2857 1276 2943 1342 vel
2979 1282 3237 1344 arrogeut
3278 1272 3365 1329 vel
3392 1271 3656 1343 derogent
3692 1271 3873 1326 fidem.

2280 1371 2451 1426 Porro
2480 1369 2627 1425 aliud
2655 1378 2759 1436 est,
2784 1370 2828 1424 si
2856 1368 3081 1433 clausis,
3106 1367 3251 1438 quod
3278 1366 3499 1432 dicitur,
3526 1366 3720 1433 oculis,
3746 1364 3877 1419 mibi

2282 1466 2471 1519 volunt
2498 1463 2847 1528 maledicere,
2881 1474 2933 1519 et
2968 1479 3074 1516 non
3108 1463 3390 1517 imitantur
3425 1461 3738 1517 Grtecorum
3769 1470 3881 1515 stu-

2278 1556 2427 1610 dium
2458 1565 2515 1610 et
2552 1555 3011 1621 benevolentiam,
3042 1554 3133 1625 qui
3167 1563 3291 1623 post
3315 1554 3666 1623 Septuaginta
3698 1563 3877 1608 trans-

2278 1648 2483 1703 iatures
2524 1645 2633 1715 jam
2679 1645 2884 1701 Christi
2927 1646 3221 1717 Evangelia
3246 1658 3588 1711 eoruscante,
3637 1644 3875 1711 Judreos,

576 1731 871 1823 jactantur,
903 1751 1146 1822 singulas
1172 1749 1399 1804 cellulas
1424 1763 1691 1819 aperuere
1718 1764 1730 1799 :
1766 1747 1975 1815 hocque
1998 1745 2049 1799 in
2075 1744 2176 1797 Ec—
2204 1731 2250 1790 Β
2280 1751 2334 1799 et
2365 1740 2649 1795 Ebionitas
2673 1740 2831 1811 Legis
2855 1740 3058 1795 veteris
3086 1740 3428 1808 interpretes,
3452 1738 3704 1808 Aquilam
3727 1736 3881 1793 vide-

577 1846 764 1901 clesiis
789 1846 1006 1915 legitur.
1037 1843 1181 1912 Quod
1210 1841 1560 1911 Septuaginta
1585 1840 1930 1902 nescierunt;
1961 1852 2061 1891 cur
2090 1850 2176 1889 me

580 1953 690 1993 non
720 1939 1017 2007 suscipiant
1044 1936 1217 1990 Latini
1254 1933 1381 1997 mei,
1412 1934 1502 2003 qui
1530 1932 1788 1987 inviolata
1820 1929 2059 1986 editione
2085 1944 2179 1983 ve-

579 2032 707 2097 teri,
735 2031 806 2084 ita
839 2045 1037 2084 novam
1069 2027 1312 2089 condidi,
1348 2037 1401 2079 ut
1430 2026 1671 2079 laborem
1705 2038 1883 2079 meum
1912 2020 2175 2086 Hebraeis,

582 2133 636 2177 et
660 2122 827 2193 (quod
856 2122 940 2175 bis
959 2121 1134 2189 majus
1159 2118 1266 2188 est)
1295 2117 1569 2187 Apostolis
1583 2115 1899 2169 auctoribus
1921 2111 2180 2184 probem?

576 2218 783 2287 Scripsi
834 2232 1005 2286 nuper
1035 2214 1231 2268 librum
1283 2212 1352 2267 de
1393 2211 1612 2281 Optimo
1655 2224 1858 2280 genere
1910 2208 2183 2274 interpre-

578 2308 747 2374 tandi,
792 2308 1089 2363 ostendens
1121 2305 1210 2360 illa
1252 2304 1320 2359 de
1354 2303 1646 2374 Evangelio
1675 2321 1687 2355 :
1721 2300 1805 2355 Ea:
1834 2299 2070 2371 [Egypto
2097 2313 2182 2351 ro—

582 2401 693 2454 cavi
726 2400 893 2469 ﬁlium
926 2415 1093 2452 meum
1124 2395 1271 2467 (Ose.
1317 2410 1397 2459 XI,
1443 2394 1532 2466 1);
1564 2401 1655 2448 et:
1712 2393 1969 2459 Quoniam
2001 2388 2181 2442 Naza-

578 2507 715 2545 ηεαδ
743 2491 1006 2545 vocabitur
1034 2489 1253 2559 (Matth.
1305 2502 1364 2551 Il,
1408 2487 1498 2553 45,
1531 2484 1651 2555 23);
1697 2494 1753 2540 et
1786 2502 1798 2537 :
1851 2482 2099 2537 Videbunt
2129 2482 2185 2534 iu

581 2601 729 2655 quem
762 2591 1169 2655 compunxerunt
1200 2578 1387 2651 (Zach.
1412 2594 1509 2644 xu,
1542 2577 1723 2646 iO);et
1748 2575 1879 2630 illud
1903 2572 2185 2645 Apostoli:

580 2693 698 2747 qua:
720 2678 895 2730 oculus
922 2692 1023 2729 non
1053 2675 1205 2739 vidit,
1232 2689 1322 2727 nec
1344 2670 1487 2725 auris
1516 2669 1733 2735 audivit,
1760 2684 1851 2722 nec
1888 2668 1946 2720 in
1976 2681 2063 2720 cor
2096 2666 2188 2719 ho-

586 2769 739 2821 minis
763 2767 1129 2830 ascenderunt,
1163 2780 1276 2833 qua:
1305 2763 1615 2833 praeparauit
1645 2759 1900 2814 Dominus
1929 2758 2191 2831 diligenti-

588 2858 682 2911 bus
728 2875 780 2911 se
826 2859 967 2927 (Cor.
1012 2874 1053 2921 ι,
1099 2857 1223 2927 19);
1254 2866 1564 2925 caeteraque
1607 2855 1693 2909 his
1723 2854 1944 2918 similia,
1985 2854 2037 2907 in
2082 2852 2189 2906 lle-

588 2948 863 3003 braaorum
895 2949 1052 3003 libris
1083 2948 1338 3003 inveniri.
1365 2948 1530 3002 Certe
1554 2945 1849 3016 Apostolus
1872 2953 1927 2999 et
1956 2944 2195 3015 Evange-

586 3040 749 3105 listac,
784 3038 1139 3108 Septuaginta
1169 3040 1499 3109 interpretes
1522 3045 1809 3093 noverant.
1845 3037 1917 3090 Et
1940 3036 2085 3091 unde
2113 3036 2192 3091 eis

2280 1831 2429 1897 licet,
2458 1830 2843 1901 Symmachum
2870 1840 2923 1885 et
2949 1828 3402 1894 'l‘lteodotionem,
3421 1828 3636 1883 curiose
3664 1828 3880 1898 legunt,

2279 1934 2336 1980 et
2393 1938 2487 1993 per
2536 1922 2785 1993 Origenis
2838 1923 3078 1978 laborem
3140 1924 3191 1978 ἐν
3244 1933 3267 1961 ε
3325 1922 3555 1987 ίξαπλοῑς
3615 1919 3881 1977 Eeclesiis

2280 2019 2636 2075 dedicarem:
2669 2025 2873 2087 quanto
2902 2017 3071 2087 magis
3120 2015 3295 2076 Latini
3324 2017 3430 2075 mei
3460 2016 3599 2086 grati
3634 2030 3758 2071 esse
3788 2015 3881 2070 de-

2282 2111 2657 2180 berent,qnod
2683 2111 3046 2166 exsultantem
3065 2109 3329 2166 Gra'ciam
3359 2117 3649 2165 cernerent
3678 2108 3879 2179 aliquid

2283 2221 2314 2260 a
2362 2221 2420 2261 se
2461 2206 2733 2260 mutuari!
2774 2204 3010 2259 Primum
3043 2205 3187 2259 enim
3221 2219 3539 2274 magnorum
3572 2212 3882 2273 sumptuum

2284 2307 2389 2364 est,
2421 2296 2584 2370 524
2604 2307 2659 2353 et
2690 2297 2915 2352 infinitae
2939 2297 3301 2363 difﬁcultatis,
3330 2296 3666 2366 exemplaria
3685 2296 3885 2351 habere

2286 2393 2487 2446 omnia.
2514 2391 2758 2459 Denique
2784 2400 2837 2445 et
2860 2391 2949 2460 qui
2976 2389 3286 2455 habuerint,
3309 2397 3363 2444 et
3388 2388 3595 2443 Hebraei
3621 2389 3885 2443 sermunis

2286 2485 2458 2554 ignari
2484 2493 2633 2550 sunt,
2663 2483 2835 2553 magis
2856 2483 3142 2546 crrabunt,
3174 2482 3486 2552 ignorantes
3510 2482 3677 2552 quise
3708 2480 3886 2536 multis

2286 2574 2472 2631 verius
2502 2575 2717 2630 dixerit.
2763 2573 2917 2642 Quod
2945 2574 3108 2628 etiam
3156 2571 3181 2610 τι
3215 2573 3621 2644 sapientissimo
3650 2573 3886 2639 cuidam,

2290 2682 2463 2737 nuper
2492 2666 2635 2736 apud
2666 2665 2885 2721 Grrecos
2931 2665 3149 2729 accidit,
3183 2676 3241 2718 ut
3271 2664 3544 2720 interdum
3596 2663 3890 2736 Scriptura:

2291 2775 2507 2816 sensum
2542 2760 2879 2829 relinquens,
2920 2757 3377 2828 uniuscujnslibet
3406 2756 3515 2830 [AL
3552 2758 3893 2829 uniuscujus-

2292 2852 2420 2925 que]
2451 2852 2763 2923 iuterpretis
2790 2860 3114 2922 sequeretur
3148 2867 3416 2907 errorem.
3449 2852 3557 2906 Nos
3588 2862 3774 2909 autem
3807 2851 3891 2923 qui

2293 2946 2537 3001 Hebraeae
2565 2946 2764 3016 linguae
2793 2946 2986 3000 saltem
3037 2960 3253 3015 parvam
3287 2944 3550 3000 habemus
3578 2946 3887 3010 scientiam,

2298 3048 2351 3094 et
2399 3039 2624 3095 Latinus
2666 3038 2828 3094 nobis
2873 3050 3167 3107 utcumque
3197 3053 3380 3093 sermo
3409 3052 3516 3093 non
3546 3039 3728 3104 deest,
3754 3049 3808 3094 et
3834 3037 3894 3092 de

588 3136 693 3191 hoc
723 3134 929 3199 dicere,
964 3134 1104 3204 quod
1139 3135 1192 3188 in
1245 3134 1599 3204 Septuaginta
1642 3147 1748 3187 non
1805 3131 2075 3186 habetur?
2118 3129 2187 3184 Et
2213 3120 2260 3185 C
2290 3131 2413 3186 aliis
2448 3132 2619 3201 magis
2651 3145 2940 3200 possumus
2962 3130 3226 3200 judicare,
3259 3139 3316 3187 et
3343 3146 3404 3186 ea
3444 3146 3564 3201 qua:
3596 3132 3703 3201 ipsi
3744 3131 3894 3187 intel-

585 3226 837 3283 Christus
866 3226 1125 3280 Dominus
1148 3236 1356 3292 noster,
1388 3227 1673 3294 utriusque
1699 3223 2034 3279 Testamenti
2058 3238 2189 3277 con-

586 3321 756 3385 ditor,
804 3319 856 3373 in
890 3319 1182 3388 Evangelia
1213 3316 1511 3372 secundum
1534 3317 1799 3372 Joannem
1828 3334 1841 3369 :
1877 3316 1976 3383 Qui
2002 3315 2184 3381 credit,

589 3411 751 3484 523
780 3410 976 3481 inquit,
1009 3410 1061 3462 in
1100 3426 1179 3463 me
1206 3409 1336 3462 sicut
1377 3408 1499 3463 dicit
1529 3410 1823 3476 Scriptura,
1865 3409 2084 3477 fiumina
2126 3406 2189 3459 dc

585 3515 760 3558 ventre
801 3507 910 3573 ejus
943 3505 1105 3573 ﬂuent
1138 3519 1286 3575 aqua:
1321 3504 1444 3557 circa
1484 3501 1670 3572 (Joan.
1702 3516 1800 3567 vn,
1841 3500 1955 3573 '58).
1988 3501 2190 3571 Utique

586 3599 852 3667 scriptum
879 3607 983 3662 est,
1028 3597 1173 3668 quod
1218 3596 1466 3651 Salvator
1492 3598 1753 3665 scriptum
1784 3610 1907 3650 esse
1937 3603 2184 3651 testatur.

586 3690 693 3744 Ubi
728 3691 988 3760 scriptum
1018 3691 1139 3744 est?
1163 3690 1520 3759 Septuaginta
1565 3705 1671 3742 non
1702 3688 1925 3755 habent,
1959 3704 2187 3759 apocry-

583 3783 689 3853 pha
716 3786 887 3839 nescit
907 3784 1174 3839 Ecclesia.
1204 3783 1282 3837 Ad
1310 3782 1567 3837 Hebraeos
1589 3782 1753 3851 igitur
1771 3783 2184 3838 revertendum:

585 3873 729 3928 unde
756 3882 811 3928 et
836 3874 1100 3929 Dominus
1125 3874 1385 3944 loquitur,
1419 3885 1472 3929 et
1498 3873 1748 3943 discipuli
1774 3874 2023 3944 exempla
2048 3889 2189 3945 pra:-

579 3977 828 4021 sumunt.
862 3967 988 4021 Haec
1022 3980 1153 4036 pace
1196 3976 1442 4023 veterum
1483 3966 1696 4035 loquor,
1730 3974 1783 4021 et
1808 3966 2188 4022 obtrectatori-

578 4057 683 4115 bus
715 4060 850 4115 meis
880 4069 1091 4115 tantum
1126 4059 1454 4130 respondeo,
1501 4060 1591 4130 qui
1638 4058 1835 4114 canino
1885 4059 2051 4115 dente
2100 4075 2187 4115 me

581 4150 807 4218 rodunt,
843 4154 895 4206 in
928 4152 1144 4223 publico
1175 4152 1552 4219 detrahentes,
1586 4154 1829 4223 legentes
1868 4154 1919 4207 in
1948 4153 2185 4224 angulis,

576 4244 740 4300 iidem
770 4255 823 4300 et
852 4257 1201 4301 accusatores
1226 4254 1281 4300 et
1308 4245 1653 4311 defensores,
1680 4261 1801 4299 cum
1837 4246 1889 4299 in
1919 4245 2038 4300 aliis
2066 4259 2187 4313 [που

576 4336 732 4403 bent,
764 4337 909 4407 quod
940 4338 994 4392 in
1039 4353 1128 4394 me
1156 4338 1471 4408 reprobant,
1506 4338 1658 4406 quasi
1701 4338 1873 4391 virtus
1908 4348 1965 4393 et
1997 4337 2184 4392 vitium

581 4444 689 4481 non
716 4430 771 4481 in
795 4430 960 4484 rebus
982 4430 1072 4497 sit,
1103 4431 1198 4487 sed
1226 4446 1351 4488 cum
1378 4440 1601 4486 auctore
1624 4437 1881 4485 mutetur.
1913 4430 2181 4486 Caeterum

2293 3225 2533 3297 ligimus,
2565 3223 2619 3278 in
2648 3235 2831 3278 nostra
2864 3224 3042 3294 lingua
3070 3225 3398 3294 exprimere.
3438 3244 3456 3277 ι

2362 3317 2453 3372 29.
2498 3314 2582 3371 Ex
2606 3314 2822 3389 Prelog.
2848 3316 2901 3370 in
2928 3314 3048 3369 Job.
3077 3316 3430 3371 —Transibo
3449 3316 3514 3370 ad
3546 3317 3751 3373 librum
3775 3318 3893 3384 Job,

2291 3426 2450 3481 quem
2485 3420 2606 3481 post
2634 3411 2984 3482 Septuaginta
3007 3412 3361 3481 interpretum
3385 3410 3716 3479 editionem,
3739 3427 3893 3483 quam

2290 3503 2553 3573 Origenes
2594 3502 2792 3567 obelis,
2837 3502 3223 3583 asteriscisque
3267 3502 3531 3568 distinxit,
3565 3509 3697 3559 ante
3727 3518 3895 3559 annos

2292 3597 2555 3668 plurimos
2594 3596 2792 3653 Latino
2820 3598 3057 3652 sermoni
3088 3597 3295 3663 datum,
3327 3611 3447 3652 cum
3493 3613 3717 3654 rursum
3743 3598 3896 3669 juxta

2293 3690 2468 3760 ipsum
2498 3688 2821 3744 Hebraicum
2854 3699 3149 3756 verterem,
3175 3691 3253 3744 sic
3278 3689 3489 3744 locutus
3518 3705 3637 3745 sum
3666 3709 3681 3744 :
3723 3709 3743 3743 ι
3791 3688 3894 3745 Co-

2290 3799 2390 3854 gor
2436 3798 2536 3853 per
2578 3782 2823 3854 singulos
2855 3783 3149 3854 Scriptura:
3178 3783 3375 3838 divinae
3417 3783 3609 3849 libros,
3639 3784 3895 3839 adversa-

2291 3877 2494 3930 riorum
2529 3875 2862 3947 respondere
2905 3875 3230 3943 maledictis,
3263 3875 3353 3945 qui
3386 3876 3893 3945 interpretationem

2292 3985 2504 4037 meam,
2560 3969 3041 4040 reprehensionem
3102 3971 3453 4041 Septuaginta
3528 3970 3890 4043 interpretum

2290 4061 2668 4117 criminantur:
2697 4062 2851 4132 quasi
2882 4078 2990 4117 non
3020 4071 3075 4117 et
3096 4062 3236 4132 apud
3260 4061 3479 4117 Graecos
3498 4050 3716 4133 Aquila,
3738 4062 3891 4133 Sym-

2290 4155 2518 4208 machus
2565 4165 2619 4209 et
2647 4153 2995 4209 'l‘hcodotion
3043 4164 3067 4190 θ
3118 4154 3201 4209 vel
3238 4153 3464 4210 verbum
3499 4169 3527 4209 e
3580 4155 3773 4220 verba,
3807 4153 3891 4207 vel

2290 4259 2510 4300 sensum
2545 4259 2782 4308 esensu,
2810 4244 2896 4299 vel
2926 4261 2989 4301 ex
3035 4253 3268 4315 utroque
3290 4244 3640 4299 commixtum
3672 4251 3730 4299 ct
3771 4259 3892 4299 mc-

2289 4337 2378 4392 die
2410 4344 2767 4405 temperatum
2804 4352 2978 4407 genus
3008 4336 3381 4392 translationis
3408 4334 3798 4404 expresserim,
3836 4342 3891 4389 et

2289 4430 2468 4484 omnia
2503 4430 2706 4485 veteris
2734 4430 3085 4486 lnstrumenti
3128 4428 3402 4483 volumina
3429 4428 3688 4499 Origenes
3714 4428 3889 4483 obelis

576 4518 803 4574 memini
859 4520 1153 4579 editionem
1212 4524 1563 4594 Septuaginta
1616 4522 2005 4577 translatorum
2051 4523 2181 4578 olim
2209 4512 2672 4596 Dasteriscisque
2712 4523 3068 4580 distinxerit:
3112 4538 3249 4593 quos
3293 4523 3379 4578 vel
3422 4521 3656 4590 additos,
3693 4520 3778 4577 vel
3823 4520 3888 4575 de

574 4612 647 4668 de
675 4612 866 4669 Graeco
896 4618 1237 4672 emendatam
1273 4617 1528 4673 tribuisse
1564 4631 1649 4671 me
1676 4617 1900 4684 nostris,
1948 4630 2049 4671 nec
2076 4616 2180 4671 ini-

574 4705 776 4763 micum
805 4708 1005 4765 debere
1035 4712 1343 4767 existimari
1373 4727 1587 4777 eorum,
1630 4725 1771 4781 quos
1816 4712 1869 4764 in
1909 4718 2178 4765 conventu

564 4799 796 4855 fratrum
827 4816 1045 4874 semper
1072 4805 1339 4862 edissere.
1372 4805 1441 4861 Et
1468 4805 1613 4876 quod
1646 4821 1788 4861 nunc.
1812 4820 1984 4861 DABRB
2014 4804 2179 4860 lunt

569 4893 624 4949 id
648 4902 751 4961 est,
788 4895 957 4951 Verba
984 4896 1223 4966 Dierum,
1254 4900 1641 4971 interpretatus
1670 4916 1814 4968 sum,
1840 4900 2045 4956 ideirco
2076 4899 2181 4955 feci

569 4997 631 5043 ut
683 4989 1088 5046 iuextricabiles
1136 5008 1336 5060 moras,
1370 5001 1425 5049 et
1461 4994 1653 5049 silvam
1705 4994 2012 5060 nominum,
2059 5007 2182 5063 quae

644 5243 667 5268 ει
698 5229 1049 5315 μειτιὶειηωιιε
1098 5235 1184 5315 hic
1237 5236 1447 5305 etcapta.
1492 5253 1617 5295 cum
1660 5238 1755 5315 diu
1788 5247 1955 5315 antea
2001 5236 2175 5315 ipsam

566 5301 951 5377 Prtel'ationem
998 5308 1277 5375 excudens
1329 5301 1473 5367 tumo
1511 5326 1626 5375 sum
1672 5301 1928 5371 editionis
1967 5301 2167 5377 primo.

569 5374 713 5457 hanc
759 5376 1048 5432 lectionem
1103 5383 1217 5450 ipsc
1249 5374 1629 5457 iinlprobasset.
1665 5383 1825 5457 Certe
1870 5374 2015 5457 quod
2052 5374 2171 5457 Vit-:4

570 5450 743 5500 torius
788 5463 1005 5519 quoque
1052 5460 1230 5515 notat,
1289 5452 1574 5517 Erasmnm
1623 5452 1915 5521 castigans,
1948 5450 2171 5521 lieaapla

568 5528 804 5641 ﬁuntnor
840 5522 1141 5605 editionum
1171 5538 1292 5605 esse
1324 5538 1432 5605 non
1463 5519 1782 5589 potuerunt;
1801 5519 2164 5589 Sed'tetrap'la.

625 5600 847 5641 θυοδιιω
873 5607 899 5641 a
934 5594 1092 5641 nobis
1124 5594 1345 5641 lectmm
1380 5607 1512 5641 mss.
1548 5590 1929 5641 suﬂranantur.

625 5589 847 5673 quesita:
873 5607 899 5653 ει
934 5594 1092 5673 nobis
1124 5594 1512 5673 lectioni_mss-
1548 5590 1929 5673 suﬂraganlur-

645 5656 670 5693 "
714 5656 1050 5729 Antigenidis
1071 5666 1311 5731 cantoris
1336 5662 1657 5732 discipulus,
1687 5656 1953 5732 cui,eur_n
1980 5674 2168 5732 parum

561 5721 631 5778 in
680 5721 1179 5801 canendi-pupum
1223 5721 1599 5804 prob-aretur,"
1620 5721 1755 5787 dixit
1784 5721 2170 5801 'Antigénides,

2286 4619 2667 4675 Tlieodotione
2697 4626 2966 4689 sumptos,
2998 4616 3339 4672 translationi
3368 4615 3603 4692 antiqua:
3634 4613 3882 4677 inseruit,

2286 4712 2525 4783 probans
2569 4710 2810 4765 defuisse
2847 4708 2993 4779 quod
3035 4708 3274 4764 additum
3320 4715 3423 4763 est.
3459 4706 3678 4762 Discant
3731 4706 3888 4777 igitur

2286 4806 2685 4861 obtrectatores
2707 4802 2810 4857 mei
2842 4801 3092 4871 recipere
3124 4802 3177 4857 in
3205 4810 3345 4868 toto,
3376 4799 3519 4873 quod
3552 4800 3604 4855 in
3638 4799 3883 4870 partibus

2284 4905 2668 4968 susceperunt,
2697 4904 2788 4949 aut
2817 4893 3324 4965 interpretationem
3357 4906 3533 4947 meam
3575 4907 3699 4947 cum
3744 4900 3885 4945 aste-

2287 4993 2446 5049 riscis
2473 4990 2590 5046 suis
2616 4988 2830 5046 radere.
2872 4987 3060 5059 Neque
3098 4987 3242 5044 enim
3276 4986 3389 5042 ﬁeri
3426 4996 3621 5057 potest,
3654 4995 3715 5040 ut
3753 4996 3883 5056 quos

2284 5236 2411 5292 mihi
2439 5252 2567 5297 cane
2594 5244 2642 5291 et
2666 5235 2853 5291 Musis.

2352 5319 2373 5348 ε
2402 5308 2578 5366 Voces
2606 5309 2653 5363 ἐν
2679 5308 2917 5379 tanta;
2944 5305 3034 5379 hic
3055 5303 3316 5379 omiserat
3341 5303 3720 5379 Martiaagtts,
3754 5317 3883 5374 quas

2276 5381 2601 5448 probaverat
2633 5370 2787 5431 antea
2840 5370 3094 5446 in'ipsius
3139 5374 3484 5448 Praefationis
3530 5370 3803 5442 editione,
3832 5383 3885 5429 et

2278 5446 2557 5515 Victorius
2590 5450 2703 5518 ipse
2729 5448 3074 5519 reponendus
3090 5446 3430 5519 ostenderat.

2349 5519 2373 5558 ἀ
2415 5518 2539 5604 iiic_
2558 5517 2888 5604 Apollinaris
2923 5517 3273 5604 “Laodieeuus
3300 5526 3406 5585 est,
3433 5532 3594 5587 quem
3624 5530 3881 5589 expresse

2276 5603 2430 5658 notet
2460 5593 2561 5659 sub
2583 5591 2708 5657 libri
2733 5592 2894 5661 hujus
2919 5590 3106 5653 tinem.

2353 5674 2377 5699 θ
2417 5664 2475 5725 In
2520 5662 2803 5732 antiquius.
2842 5662 3106 5725 Vaticano
3136 5660 3382 5721 Palatino
3420 5676 3522 5718 me.
3566 5676 3626 5718 ιι.
3656 5658 3754 5727 ad,
3798 5657 3871 5713 rel

2279 5736 2449 5804 verba,
2482 5735 2559 5790 vel
2587 5748 2758 5801 sensu,
2786 5732 2864 5788 vel
2892 5749 2956 5789 ea:
2972 5743 3207 5804 utroque,
3241 5740 3348 5788 etc.
