4036 6386
245 365 334 427 453
1193 370 1532 427 APOLUGH
1578 369 1947 430 ADVERSUS
1983 372 2233 432 LIBROS
2271 374 2524 432 RUFINI.

3419 384 3525 441 454

247 490 386 558 plura
411 486 773 542 intermisisse
801 496 826 524 ο
854 487 1248 558 perspexerlnt,
1272 486 1382 542 non
1413 487 1634 544 eosdem
1658 490 1821 546 etiam
1853 493 1902 554 Δ
1929 496 2041 545 stra
2077 491 2322 557 lacerari,
2357 494 2448 562 qui
2509 495 2718 548 malunt
2777 505 3133 551 contemnere
3187 497 3356 552 videri
3389 516 3530 568 prm-

32 621 78 657 m
246 582 290 640 in
323 579 650 649 quihusdam
682 594 894 636 errasse
940 579 1248 634 fateantur:
1293 581 1569 650 praecipue
1601 581 1652 638 in
1704 579 1829 646 Job,
1930 583 2102 649 clara,
2156 599 2316 654 qua-ii
2361 586 2595 641 discere.
2633 586 3044 642 Perversissimi
3080 588 3329 645 homines
3364 609 3525 646 :nam

95 681 98 688 '
243 672 322 732 cui
354 673 400 728 si
431 687 495 727 ea
522 687 643 742 qua:
673 673 773 728 sub
802 672 1078 728 asteriscis
1108 672 1292 726 addita
1319 683 1438 726 sunt
1470 673 1830 737 subtraxeris,
1929 690 2051 730 cum
2079 690 2249 731 novas
2275 692 2495 747 semper
2543 688 2802 747 expetant
2830 679 3160 748 voluptates,
3190 690 3242 734 et
3280 686 3418 750 gulae
3440 700 3534 738 ro-

35 809 76 843 μ
245 781 356 836 pars
389 766 624 819 maxima
655 764 1084 820 detruncabitur.
1138 765 1200 820 Et
1233 765 1335 821 hoc
1378 765 1660 820 dumtaxat
1688 765 1829 835 apud
1932 785 2050 824 rum
2079 770 2255 824 vicina
2283 773 2450 824 maria
2482 787 2591 826 non
2621 771 2917 837 sufficiant,
2948 787 3044 827 cur
3075 774 3127 830 in
3179 775 3297 828 solo
3349 778 3532 831 studio

32 886 105 934 ω
241 858 472 915 Graecos.
506 856 778 912 Caeterum
823 857 966 926 apud
992 857 1238 922 Latinos,
1270 867 1398 912 ante
1428 872 1550 912 eam
1600 857 1831 910 trausla-
1931 862 2336 932 Scripturarum
2371 864 2541 918 veteri
2592 879 2788 934 sapore
2817 866 3062 920 contenti
3089 876 3216 920 sunt
3239 867 3262 919 ἲ
3286 867 3395 921 Nec
3429 869 3532 925 hoe

32 931 114 1029 ᾗ
243 949 758 1020 tionem,quamsub
781 950 1061 1005 asteri~cis
1080 949 1826 1018 etohelisuuperedidimus,
1930 951 2056 1006 dico
2102 951 2246 1022 quod
2300 931 2671 1022 praecessores
2695 971 2846 1012 meos
2895 957 3194 1023 mordeam,
3243 969 3333 1012 aut
3383 961 3532 1030 quid.

32 1087 67 1112 με
239 1044 557 1114 septingenti
600 1043 772 1098 ferme
815 1055 908 1098 aut
953 1043 1257 1114 octingenti
1306 1058 1498 1098 vorsus
1522 1043 1744 1107 desunt,
1774 1049 1833 1098 ut
1931 1059 2093 1114 quam
2125 1045 2193 1100 de
2224 1044 2308 1100 his
2332 1046 2571 1101 arbitrer
2591 1047 3009 1112 detrahendum,
3041 1065 3271 1116 quorum
3299 1053 3531 1105 transla-

32 1177 68 1214 λζ.
240 1137 539 1192 decurtatua
564 1146 617 1190 et
639 1137 936 1203 laceratus,
962 1151 1332 1206 corrosusque
1355 1137 1498 1190 liber
1528 1135 1826 1190 tceditatem
1932 1138 2135 1192 tionem
2190 1139 2614 1210 diligentissime
2640 1142 2982 1198 emendatam
3013 1143 3140 1197 olim
3173 1159 3309 1198 mete
3333 1144 3530 1214 linguae

45 1276 68 1311 ἐ
236 1229 312 1285 sui
357 1230 569 1298 publice
618 1229 928 1299 legentibus
971 1232 1232 1299 praebeat.
1293 1248 1313 1282 ι
1361 1228 1429 1283 Et
1483 1236 1607 1297 post
1661 1228 1827 1281 multa
1932 1227 2242 1284 hominibus
2287 1231 2411 1285 dedi
2454 1249 2466 1284 :
2513 1232 2607 1286 sed
2657 1233 2798 1302 quod
2853 1233 2996 1288 aliud
3037 1234 3105 1286 sit
3175 1235 3227 1288 in
3285 1237 3534 1292 ecclesiis

43 3131 54 3190 fr

32 3327 50 3366 β

235 1337 344 1391 quat
385 1321 567 1376 studio
614 1321 899 1376 brevitatis
943 1331 1236 1392 praetereo,
1272 1322 1388 1376 huic
1427 1321 1481 1375 in
1523 1321 1631 1374 ﬁne
1665 1318 1826 1391 σεδ

233 1414 485 1481 subjunxi
518 1432 531 1468 :
572 1432 591 1466 ι
630 1414 870 1468 Audiant
897 1426 1239 1485 quapropter
1266 1429 1432 1471 canes
1459 1413 1589 1478 mei,
1622 1412 1828 1467 idcirco

232 1521 313 1560 me
358 1507 409 1560 in
455 1506 557 1561 hoc
590 1506 868 1562 volumine
914 1507 1232 1571 laborasse,
1265 1524 1369 1562 non
1418 1518 1474 1562 ut
1501 1506 1824 1575 interpreta-

233 1601 428 1655 tionem
473 1601 747 1669 antiquam
783 1600 1273 1668 reprehenderem,
1303 1599 1402 1655 sed
1435 1606 1493 1653 ut
1521 1612 1588 1653 ea
1614 1613 1737 1667 qua:
1767 1597 1823 1650 in

229 1693 338 1758 illa,
368 1703 462 1747 aut
497 1693 732 1749 obscura
761 1705 911 1757 sunt,
959 1705 1052 1748 aut
1098 1694 1329 1760 omissa,
1376 1703 1468 1747 aut
1497 1702 1648 1747 certe
1688 1690 1824 1745 vitio

226 1787 547 1858 scriptorum
577 1789 895 1860 depravata,
927 1791 1300 1846 manifestiora
1336 1799 1520 1844 nostra
1552 1789 1824 1856 interpre—

1929 1320 2135 1375 Christi
2183 1322 2522 1378 credentium
2565 1325 2811 1380 Psalmos
2862 1327 3060 1395 legere,
3115 1327 3261 1381 aliud
3327 1327 3528 1383 inda-is

1930 1414 2141 1483 singula
2178 1418 2340 1471 verba
2380 1419 2836 1475 calumniantibus
2862 1421 3213 1491 respondere.
3254 1441 3272 1473 ι

2001 1507 2090 1561 51.
2126 1507 2205 1561 Es
2236 1507 2462 1579 Proloqo
2506 1511 2558 1563 in
2607 1512 2727 1564 libb.
2764 1511 3078 1566 Salomonis.
3111 1542 3182 1553 —
3220 1513 3532 1570 Salomonis

1928 1597 2092 1651 etiam
2145 1599 2338 1666 lihros,
2371 1615 2509 1670 quos
2548 1602 2676 1657 olim
2715 1603 2867 1672 juxta
2922 1604 3278 1675 Septuaginta
3327 1607 3531 1662 additis

1925 1687 2095 1742 ohelis
2119 1700 2172 1743 et
2197 1692 2479 1746 asteriscis
2504 1693 2555 1746 in
2580 1693 2827 1749 Latinum
2855 1705 3146 1758 verteram.
3172 1713 3238 1751 ex
3263 1698 3530 1756 Hehrairn

1927 1782 2284 1848 transferens,
2317 1796 2372 1838 ct
2419 1786 2678 1843 dedicans
2709 1790 2915 1844 sanctis
2953 1792 3228 1861 episcopis
3257 1792 3527 1847 Chroma-

223 1884 426 1938 tatione
459 1885 675 1948 ﬁerent,
720 1885 814 1953 qui
841 1893 894 1938 et
927 1884 1219 1940 Iiebrmum
1243 1897 1553 1939 sermonem
1582 1897 1648 1936 ex
1672 1890 1826 1949 parte
1858 1873 1901 1932 Β
1932 1873 2006 1927 lio
2031 1885 2088 1930 ct
2134 1877 2448 1947 Heliodoro,
2507 1881 2622 1935 iure
2677 1883 2729 1935 in
2774 1882 3211 1941 Ρηιξῐειιὶιηιειιιςε
3243 1904 3378 1944 ,ηοω
3420 1891 3526 1946 ﬁne

222 1975 533 2043 didicimus,
581 1987 636 2031 et
663 1977 718 2031 in
765 1975 959 2030 Latino
992 1992 1129 2046 pene
1169 1977 1238 2030 ab
1269 1976 1439 2044 ipsius
1477 1973 1822 2028 incunabulis

216 2067 354 2121 inter
380 2067 782 2138 grammaticos
810 2077 864 2121 et
895 2065 1146 2122 rhetores
1175 2075 1230 2120 et
1254 2064 1610 2134 philosophos
1640 2063 1826 2117 detriti

215 2173 428 2213 sumus.
460 2158 621 2226 Quod
665 2158 710 2211 si
739 2157 884 2226 apud
915 2159 1138 2212 Graecos
1164 2166 1287 2226 post
1331 2156 1683 2225 Septuaginta
1710 2153 1828 2208 edi-

209 2252 449 2316 tionem,
494 2250 607 2318 jam
652 2246 852 2302 Christi
889 2247 1189 2318 Evangelio
1217 2255 1562 2311 coruscante,
1607 2243 1828 2298 intimus

205 2342 440 2413 Aquila,
495 2351 548 2396 et
586 2340 948 2411 Symmachus
998 2355 1062 2394 ac
1099 2339 1439 2404 'fheodotion
1485 2339 1829 2408 judaizantes

202 2433 470 2490 hazretici
489 2444 617 2488 sunt
648 2436 878 2503 recepti,
908 2436 999 2504 qui
1027 2435 1194 2489 multa
1223 2434 1478 2505 mysteria
1501 2432 1825 2498 Salvatoric,

200 2525 438 2582 subdola
478 2525 935 2594 interpretatione
964 2527 1238 2591 celarunt,
1270 2537 1328 2582 et
1359 2535 1540 2582 tamen
1573 2527 1628 2580 in
1653 2525 1828 2580 ilexa-

196 2624 301 2691 plis
342 2620 638 2675 habentur
661 2621 801 2688 apud
834 2622 1131 2686 Ecclesias,
1163 2631 1217 2678 ct
1245 2623 1608 2692 explanantur
1639 2621 1707 2676 ab
1734 2636 1826 2676 ec-

193 2712 545 2770 clesiasticis
572 2713 702 2767 viris
737 2723 982 2784 :quanto
1015 2715 1186 2784 magis
1231 2729 1333 2782 ego
1359 2713 1724 2779 Christianus,
1757 2714 1827 2768 de

187 2807 537 2879 parentibus
565 2805 894 2863 Christianis
937 2818 1118 2873 natus,
1152 2819 1205 2861 et
1254 2808 1511 2862 vexillum
1542 2807 1723 2862 crucis
1770 2807 1823 2860 in

193 2915 316 2956 mea
349 2901 554 2954 fronte
580 2909 824 2968 portans,
855 2898 1010 2966 cujus
1042 2898 1276 2952 studium
1308 2897 1407 2952 fuit
1433 2901 1632 2951 omissa
1661 2910 1823 2966 repe-

185 3001 328 3059 tere,
368 2992 683 3062 depravata
719 2991 1017 3062 corrigere,
1049 3001 1103 3045 et
1150 3000 1494 3046 sacramenta
1543 2989 1821 3055 Ecclesim,

187 3101 328 3155 puro
358 3096 418 3142 et
455 3084 614 3139 ﬁdeli
639 3086 854 3154 aperire
875 3099 1152 3150 sermone,
1182 3085 1264 3140 vel
1288 3099 1317 3138 a
1351 3083 1667 3150 fastidiosis,
1690 3084 1823 3138 vela

179 3180 453 3250 malignis
481 3179 792 3234 lectoribus
819 3195 930 3232 non
961 3178 1138 3233 debeo
1169 3178 1487 3249 reprobari!
1529 3197 1546 3230 ι

1926 1968 2184 2036 subjecl:
2233 1990 2251 2022 ε
2288 1972 2344 2026 Si
2397 1975 2482 2027 cui
2536 1975 2886 2044 Septuaginta
2943 1981 3299 2048 interpretum
3357 1985 3529 2052 magis

1927 2059 2098 2115 editio
2129 2062 2332 2130 placet,
2361 2064 2522 2118 habet
2569 2081 2689 2119 eam
2739 2082 2769 2120 a
2798 2067 2958 2122 nobis
2989 2071 3117 2122 olim
3149 2073 3523 2127 emendatam.

1928 2149 2112 2220 Neque
2159 2155 2301 2207 enim
2351 2155 2432 2210 sic
2475 2172 2612 2210 nova
2665 2158 2939 2225 cudimus,
2970 2171 3029 2214 ut
3059 2172 3244 2216 vetera
3277 2163 3526 2219 destrua-

1928 2257 2069 2299 mus.
2102 2261 2122 2294 ι

1999 2333 2092 2388 δε.
2119 2333 2204 2388 Eat
2237 2334 2451 2407 Prolog.
2481 2339 2536 2392 in
2559 2337 3085 2396 Isaiam—Veniam
3129 2353 3185 2397 et
3213 2345 3278 2399 ad
3309 2345 3525 2414 isaiam,

1929 2436 1982 2479 et
2013 2434 2218 2494 partem
2248 2427 2462 2499 Prologi
2506 2431 2628 2498 ejus
2659 2447 2827 2501 super
2873 2435 3224 2505 Septuaginta
3260 2439 3532 2509 interpre-

1930 2518 2135 2574 tatione
2181 2521 2523 2590 subiungam.
2557 2524 2728 2589 Quem
2756 2540 2881 2579 eum
2932 2530 3106 2596 magis
3135 2531 3523 2599 evangelistam

1928 2625 2088 2680 quam
2112 2613 2439 2683 prophetam
2486 2616 2749 2683 dicerem,
2780 2634 2848 2673 eo
2875 2621 3017 2689 quod
3045 2622 3297 2678 universa
3325 2622 3527 2678 Christi

1930 2705 2198 2761 Ecclesiae
2221 2710 2482 2778 mysteria
2511 2711 2590 2764 sic
2632 2712 2699 2764 ad
2727 2712 2991 2782 liquidum
3021 2724 3341 2784 persecutus
3361 2728 3528 2785 esset,

1929 2807 1985 2850 ut
2014 2812 2122 2852 non
2143 2797 2215 2853 de
2249 2798 2432 2854 futuro
2464 2802 2774 2867 vaticinari,
2803 2804 2899 2858 sed
2946 2805 3013 2859 de
3041 2808 3332 2874 prmteritis
3360 2809 3528 2862 histu—

1927 2889 2066 2945 riam
2097 2899 2282 2946 texere
2305 2893 2646 2961 crederetur,
2693 2897 2859 2964 etiam
2910 2898 3012 2953 hoc
3065 2900 3250 2954 addidi
3280 2918 3292 2953 :
3322 2919 3341 2952 ‹
3371 2901 3526 2957 llnde

1926 2981 2162 3052 coniicio
2193 2984 2437 3048 noluisse
2477 2995 2607 3040 tunc
2652 2990 2919 3057 temporis
2969 2989 3330 3060 Septuaginta
3361 2993 3533 3048 inter-

1927 3086 2135 3147 pretes,
2161 3077 2284 3134 fidei
2313 3093 2427 3134 sum
2445 3090 2786 3135 sacramenta
2807 3084 3098 3150 perspicue
3122 3083 3370 3140 Ethnicis
3402 3102 3529 3154 pro-

1927 3169 2059 3226 dere
2089 3188 2102 3224 :
2136 3187 2204 3226 ne
2229 3181 2480 3228 sanctum
2507 3173 2760 3240 canibus,
2789 3184 2843 3230 et
2871 3178 3195 3246 margaritas
3225 3179 3412 3248 porcis
3431 3180 3528 3231 da-

247 3273 455 3330 50.15::
491 3271 732 3342 Prologo
759 3273 812 3325 in
844 3271 1584 3326 Psalterium—Psalterium
1602 3285 1819 3340 quoque
1847 3251 1894 3319 C
1925 3272 2099 3318 ream
2125 3264 2256 3330 Quae
2284 3280 2408 3319 cum
2460 3264 2600 3321 hanc
2636 3265 2932 3322 editionem
2987 3269 3231 3338 leget-itis
3263 3311 3278 3336 ,
3320 3271 3390 3324 ab
3421 3270 3530 3326 illis

1929 3355 2376 3412 animadvertetis
2403 3358 2746 3413 abscondita.
2775 3358 2887 3414 Nec
2937 3361 3130 3430 ignoro
3161 3363 3348 3430 quanti
3383 3362 3536 3416 labo-

1929 3447 2004 3501 ris
2027 3448 2116 3514 sit,
2148 3447 2450 3517 Prophetas
2503 3449 2827 3519 intelligere,
2863 3466 2966 3505 nec
3020 3451 3182 3507 facile
3210 3450 3524 3520 quempiam

1929 3555 2091 3611 posse
2116 3541 2366 3611 judicare
2393 3541 2461 3596 de
2510 3542 2994 3613 interpretatione,
3043 3545 3148 3598 nisi
3197 3543 3536 3598 intellexerit

1927 3642 2056 3688 ante
2087 3649 2206 3702 quae
2238 3633 2452 3703 legerit.
2477 3633 2588 3688 Nos
2636 3649 2856 3704 quoque
2881 3643 3067 3704 patere
3097 3634 3378 3688 morsibus
3405 3631 3533 3701 plu-

1929 3723 2324 3794 ἤπιοι-ωτι,ᾳυὶ
2349 3724 2663 3779 stimulante
2707 3725 2935 3791 invidia,
2965 3725 3108 3795 quod
3131 3723 3393 3793 consequi
3424 3738 3533 3780 non

1933 3818 2141 3881 valent,
2173 3817 2502 3887 despiciunt.
2537 3817 2730 3873 Sciens
2755 3833 2890 3889 ergo
2915 3827 2972 3873 et
3021 3818 3260 3888 prudens
3291 3823 3342 3871 in
3370 3817 3528 3872 flam-

1927 3925 2073 3964 mam
2110 3910 2268 3966 mitto
2305 3926 2552 3965 manum.
2583 3911 2648 3964 Et
2672 3910 3035 3966 nihilominus
3057 3926 3088 3964 a
3111 3909 3410 3965 fastidiosis
3453 3911 3532 3968 lc-

1927 4004 2178 4068 ctoribus
2204 4003 2310 4059 hoc
2344 4019 2540 4074 precor
2571 4022 2585 4059 :
2620 4012 2679 4058 ut
2702 4006 2975 4074 quomodo
2999 4003 3177 4060 Grazci
3224 4012 3343 4074 post
3374 4005 3531 4074 δι’]

1931 4099 2287 4169 Septuaginta
2343 4099 2724 4162 translaturos,
2759 4101 3007 4170 Aquilam
3056 4108 3111 4158 et
3149 4096 3534 4170 Symmachum

1931 4192 2450 4248 ct'l‘heodetionem
2493 4192 2678 4262 legunt
2719 4194 2803 4249 vel
2851 4194 2921 4247 ob
2975 4193 3218 4248 studium
3270 4190 3534 4246 doctrina:

1932 4302 2068 4355 sum,
2100 4287 2187 4342 vel
2217 4297 2274 4342 ut
2297 4288 2650 4359 Septuaginta
2703 4289 2878 4357 magis
2904 4303 2973 4343 ex
3000 4286 3300 4342 collatione
3344 4299 3534 4342 eorum

1934 4381 2243 4452 intelligant
2277 4399 2289 4434 :
2323 4381 2404 4435 sic
2431 4392 2486 4436 et
2517 4382 2606 4436 isti
2637 4382 2837 4436 saltem
2871 4396 3036 4434 unum
3069 4389 3194 4450 post
3221 4380 3430 4448 priores
3448 4377 3547 4432 ha-

169 3366 326 3436 quod
369 3375 552 3421 certe
614 3364 1118 3418 einemlatissimum
1171 3364 1324 3433 juxta
1355 3363 1708 3434 Septuaginta
1741 3363 1818 3417 in-

171 3469 472 3527 terpretes
517 3465 720 3515 nostro
755 3457 943 3511 labore
973 3457 1174 3512 dudum
1209 3457 1380 3511 Roma
1418 3457 1678 3526 suscepit,
1707 3472 1825 3510 rur-

159 3570 291 3609 sum
311 3555 495 3625 juxta
527 3550 863 3607 ilebraicum
887 3561 1128 3617 vertens,
1160 3550 1488 3607 Praefatione
1516 3551 1746 3615 munivi,
1771 3559 1827 3604 et

161 3645 248 3700 sic
290 3647 350 3700 in
381 3653 574 3714 parte
626 3643 838 3713 prologi
869 3658 987 3697 sum
1021 3643 1235 3697 locutus
1263 3660 1275 3696 :
1313 3662 1332 3694 ‹
1367 3643 1505 3708 Quia
1532 3643 1696 3712 igitur
1727 3658 1826 3696 nu-

153 3752 261 3808 per
291 3751 439 3792 cum
495 3733 748 3790 Hebrum
784 3735 1091 3804 disputans,
1140 3734 1386 3803 quaedam
1441 3750 1540 3804 pro
1597 3736 1829 3791 Domino

149 3829 479 3886 Salvatore
533 3830 616 3882 de
647 3828 876 3896 psalmis
925 3827 1232 3882 testimonia
1265 3829 1572 3898 protulisti;
1605 3831 1826 3884 volens-

141 3939 263 3994 que
287 3924 398 3980 ille
431 3933 500 3978 te
537 3921 575 3960 λ)
609 3921 862 3986 illudere,
913 3935 1011 3991 per
1054 3935 1340 3976 sermones
1391 3937 1529 3991 pene
1583 3923 1831 3992 singulos

142 4015 502 4081 asserebat,
535 4025 665 4068 non
687 4013 760 4066 ita
781 4013 968 4066 haberi
999 4013 1050 4066 in
1070 4011 1324 4080 ilehrico,
1349 4024 1406 4068 ut
1434 4023 1492 4068 tu
1512 4014 1581 4068 de
1601 4015 1831 4085 Septua-

133 4108 302 4177 ginta
337 4104 796 4176 interpretibus
842 4107 1176 4174 opponeba-s,
1206 4108 1609 4163 studiosissime
1647 4116 1832 4178 postu-

135 4201 301 4270 lasti,
337 4211 410 4260 ut
440 4208 605 4270 post
657 4197 930 4268 Aquilam,
961 4199 1372 4269 Symmachum,
1407 4210 1465 4256 et
1490 4201 1830 4256 Theodotio-

124 4307 299 4360 netu,
345 4304 600 4349 novam
652 4287 948 4342 editionem
1005 4287 1202 4344 Latino
1255 4305 1510 4346 sermone
1561 4291 1830 4348 transfer-

124 4403 288 4443 rem.
351 4386 616 4442 Aiebas
665 4383 813 4437 enim
863 4391 916 4437 te
957 4386 1126 4454 magis
1175 4386 1535 4455 interpretum
1568 4386 1834 4443 varietate

121 4480 408 4546 turbari,
433 4489 508 4534 et
548 4490 668 4548 pro
705 4489 896 4538 anwre
944 4491 1052 4546 quo
1085 4477 1310 4541 laberis,
1336 4479 1421 4532 vel
1450 4480 1832 4546 translatione,
1935 4475 2067 4530 bere
2091 4475 2381 4546 dignentur
2412 4477 2790 4545 interpretem.
2821 4473 3028 4543 Legant
3051 4473 3222 4543 prius,
3254 4483 3310 4530 et
3348 4484 3537 4545 postea

118 4574 222 4627 vel
254 4571 518 4641 judicio
551 4583 690 4622 meo
714 4582 842 4622 esse
865 4577 1208 4624 contentum.
1239 4568 1393 4624 Unde
1419 4571 1687 4638 impulsus
1712 4580 1832 4637 ate,
1865 4638 1890 4641 _
1935 4566 2272 4636 despiciant;
2302 4583 2369 4623 ne
2399 4567 2684 4623 videantur
2712 4581 2820 4620 non
2851 4581 2922 4620 ett
2944 4565 3178 4634 judicio,
3211 4566 3308 4623 sed
3336 4581 3403 4622 ex
3425 4565 3542 4621 odii

120 4675 148 4703 ε
176 4664 292 4721 cui
329 4669 402 4718 et
442 4675 598 4730 qua:
628 4674 736 4712 non
765 4674 1009 4728 possum,
1035 4676 1234 4731 negare
1265 4676 1368 4715 non
1399 4661 1593 4727 debeo,
1615 4677 1834 4716 rursum
1861 4638 1916 4699 D
1943 4662 2386 4729 praesumptione,
2423 4661 2668 4730 ignorata
2696 4660 2976 4714 damnare.
3012 4678 3030 4712 ι

110 4775 218 4815 me
240 4758 766 4812 obtrectatorum
815 4754 1103 4809 latratibus
1131 4753 1354 4822 tradidi,
1381 4753 1654 4824 maluiquc
1685 4764 1736 4811 te
1760 4756 1840 4810 vi-
2009 4752 2101 4806 55.
2137 4751 2214 4814 De
2245 4753 2483 4808 Danicle.
2513 4783 2584 4793 —
2607 4755 2680 4808 De
2707 4753 2930 4820 Daniele
2959 4761 3142 4820 autem
3174 4755 3416 4822 breviter
3458 4770 3546 4811 re-

105 4869 215 4910 res
241 4851 483 4926 potius
512 4861 722 4912 meas,
755 4863 915 4916 quam
965 4849 1298 4912 volitantem
1332 4848 1385 4906 in
1413 4848 1653 4913 amicitia
1685 4865 1836 4918 ηυδε·
1938 4844 2257 4914 spondeho,
2299 4860 2385 4901 me
2417 4861 2524 4908 non
2559 4860 2789 4914 negasse
2820 4861 2944 4906 eun)
2972 4847 3337 4917 prophetam.
3382 4862 3544 4915 quem

101 4963 275 5005 rem,
317 4945 536 5002 certe
567 4939 938 5000 conﬁdenter
969 4941 1171 5007 dicam,
1199 4950 1257 4995 et
1286 4939 1490 4996 muitos
1515 4939 1678 5010 hujus
1707 4956 1834 5010 ope.
1937 4939 2122 4992 statim
2148 4938 2204 4994 in
2255 4938 2436 4992 fronte
2477 4937 2690 5008 Prologi
2741 4939 3070 5008 prophetam
3099 4954 3224 4994 esse
3252 4939 3543 4994 confessus

93 5042 192 5098 ris
221 5047 448 5102 testes
479 5032 1008 5099 eitabo,menihil,
1032 5031 1839 5107 dumtaxatdscicnteni,526
1938 5046 2082 5101 sum,
2113 5031 2208 5087 sed
2236 5031 2362 5108 quid
2397 5030 2612 5094 llebrtei
2643 5017 2910 5098 dicerent,
2946 5040 3001 5088 et
3023 5032 3218 5112 quibus
3251 5046 3543 5106 argumen-

97 5134 180 5188 de
245 5131 597 5187 Hebraica
638 5126 880 5178 veritate
931 5137 1193 5186 mutasse.
1247 5125 1432 5190 Sicubi
1484 5141 1621 5197 ergo
1663 5126 1837 5186 editio
1947 5124 2015 5180 tis
2049 5139 2206 5190 suam
2261 5124 2574 5188 niteremur
2627 5124 2862 5193 probare
2891 5125 3243 5195 sententiam,
3304 5123 3543 5188 voluisse

89 5242 240 5292 mea
278 5241 315 5283 ει
363 5220 718 5292 veteribus
746 5218 1043 5289 discrepat,
1079 5219 1355 5290 interroga
1381 5221 1684 5290 quemlibet
1733 5221 1838 5276 llc-
1943 5228 2280 5284 monstrare,
2324 5226 2381 5274 et
2404 5218 2678 5290 ﬁdocuisse
2703 5218 2999 5289 lectorem,
3049 5220 3318 5276 ecclesias
3341 5219 3550 5274 Christi

89 5323 470 5384 ιιι-ωηιξη,
495 5324 580 5373 ac
637 5312 860 5383 liquido
888 5311 1224 5382 pervidebis,
1269 5328 1356 5368 me
1387 5313 1456 5367 ab
1483 5313 1699 5372 aemulis
1723 5313 1837 5368 fru-
1943 5311 2088 5368 hunc
2115 5310 2437 5394 prophetam
2464 5311 2618 5381 juxta
2657 5309 3092 5381 Theodotionem
3121 5313 3320 5389 legere,
3355 5321 3408 5366 et
3439 5325 3548 5368 non

1937 5531 2051 5585 sunt
2081 5515 2260 5580 debeo,
2280 5523 2330 5570 et
2350 5531 2465 5585 qua:
2485 5533 2587 5569 non
2617 5533 2848 5585 possum,
2880 5525 2985 5570 etc.

2009 5583 2034 5622 ά
2067 5586 2120 5640 In
2156 5587 2271 5641 Vct.
2299 5583 2453 5652 edit”
2494 5583 2766 5640 dumtaxat
2789 5587 3058 5640 sententia.

2011 5667 2034 5693 ε
2059 5658 2410 5712 Martianmus
2449 5660 2558 5728 qui,
2591 5675 2710 5712 cum
2763 5670 2966 5713 sancta:
3022 5655 3237 5728 femina:
3290 5654 3455 5728 Paula
3481 5666 3535 5710 et

1939 5727 2290 5799 Eustochium
2339 5726 2757 5796 com‘petlentur,
2791 5738 2952 5799 atque
2983 5729 3095 5797 ipse
3127 5726 3286 5794 etiam
3333 5727 3384 5779 in
3420 5727 3536 5797 ipsa

1939 5798 2284 5868 praefatione,
2315 5814 2430 5867 quia
2458 5799 2671 5867 legerit.

175 5537 207 5563 α
256 5525 446 5579 Idem
492 5531 667 5580 ms.,
710 5514 1162 5581 quemadmodum
1205 5524 1258 5570 et
1287 5516 1336 5569 in
1366 5515 1478 5584 ipsa
1511 5515 1827 5584 prmfatioue

86 5595 567 5654 Martianzeus,
602 5587 972 5654 susceperint,
1000 5589 1177 5640 minus
1207 5589 1362 5641 bene.

171 5670 204 5709 b
242 5669 482 5724 Codex
527 5653 952 5724 Regiu-Vatic.
979 5674 1127 5710 num.
1162 5656 1358 5715 il.ille
1384 5667 1431 5710 te
1455 5655 1681 5710 eludere.

175 5752 199 5779 ο
240 5738 572 5796 Martian.
620 5729 695 5781 in
734 5725 898 5793 ipsius
933 5727 1148 5797 Prologi
1200 5729 1459 5786 editione.
1496 5728 1578 5780 cui
1624 5737 1671 5781 et
1717 5743 1830 5795 qtut’

80 5829 339 5888 panum
381 5811 1047 5890 negare‘nOIi'possuiit,
1086 5808 1452 5890 rursumhletc.
1482 5797 1649 5880 vetus
1694 5798 1826 5851 edit.

82 5868 538 5942 cnicoucin'it
590 5868 775 5925 alter
807 5868 1025 5938 lit-gina:
1054 5869 1174 5925 cod.
1233 5869 1401 5936 1286,
1452 5869 1534 5925 cui
1570 5883 1685 5938 qua:
1712 5884 1830 5939 pos-
