  <div class='ocr_page' id='page_1' title='image "/cluster/home/n/w/nwhite01/storage/ocr_20150623/23/uva.x000775467/235.png"; bbox 0 0 4054 6338; ppageno 0'>
   <div class='ocr_carea' id='block_1_1' title="bbox 581 321 689 380">
    <p class='ocr_par' dir='ltr' id='par_1_1' title="bbox 581 321 689 380">
     <span class='ocr_line' id='line_1_1' title="bbox 581 321 689 380; baseline -0.046 0"><span class='ocrx_word' id='word_1_1' title='bbox 581 321 689 380; x_wconf 70' lang='grc'><strong>455</strong></span> 
     </span>
    </p>
   </div>
   <div class='ocr_carea' id='block_1_2' title="bbox 1840 288 2636 352">
    <p class='ocr_par' dir='ltr' id='par_1_2' title="bbox 1840 288 2636 352">
     <span class='ocr_line' id='line_1_2' title="bbox 1840 288 2636 352; baseline -0.014 0"><span class='ocrx_word' id='word_1_2' title='bbox 1840 299 1899 352; x_wconf 89' lang='lat' dir='ltr'><strong>S.</strong></span> <span class='ocrx_word' id='word_1_3' title='bbox 1944 291 2215 352; x_wconf 82' lang='lat' dir='ltr'><strong>EUSEBII</strong></span> <span class='ocrx_word' id='word_1_4' title='bbox 2256 288 2636 347; x_wconf 75' lang='grc' dir='ltr'><strong>ΙΙΙΕιὶΟΝΥΜΙ</strong></span> 
     </span>
    </p>
   </div>
   <div class='ocr_carea' id='block_1_3' title="bbox 3778 275 3886 333">
    <p class='ocr_par' dir='ltr' id='par_1_3' title="bbox 3778 275 3886 333">
     <span class='ocr_line' id='line_1_3' title="bbox 3778 275 3886 333; baseline -0.028 0"><span class='ocrx_word' id='word_1_5' title='bbox 3778 275 3886 333; x_wconf 72' lang='grc' dir='ltr'><strong>ιῦϐ</strong></span> 
     </span>
    </p>
   </div>
   <div class='ocr_carea' id='block_1_4' title="bbox 578 390 3886 504">
    <p class='ocr_par' dir='ltr' id='par_1_4' title="bbox 578 390 3886 504">
     <span class='ocr_line' id='line_1_4' title="bbox 578 390 3886 504; baseline -0.012 -18"><span class='ocrx_word' id='word_1_6' title='bbox 578 435 729 504; x_wconf 77' lang='lat' dir='ltr'><strong>juxta</strong></span> <span class='ocrx_word' id='word_1_7' title='bbox 762 424 1115 496; x_wconf 78' lang='lat' dir='ltr'><strong>Septuaginta</strong></span> <span class='ocrx_word' id='word_1_8' title='bbox 1155 419 1535 476; x_wconf 87' lang='lat' dir='ltr'><strong>translatores.</strong></span> <span class='ocrx_word' id='word_1_9' title='bbox 1592 415 1837 481; x_wconf 89' lang='lat' dir='ltr'><strong>Quorum</strong></span> <span class='ocrx_word' id='word_1_10' title='bbox 1889 413 1933 465; x_wconf 88' lang='lat' dir='ltr'>si</span> <span class='ocrx_word' id='word_1_11' title='bbox 1989 412 2041 464; x_wconf 93' lang='lat' dir='ltr'><strong>in</strong></span> <span class='ocrx_word' id='word_1_12' title='bbox 2075 410 2178 463; x_wconf 91' lang='lat' dir='ltr'><strong>isto</strong></span> <span class='ocrx_word' id='word_1_13' title='bbox 2206 418 2258 478; x_wconf 77' lang='grc' dir='ltr'>Α</span> <span class='ocrx_word' id='word_1_14' title='bbox 2286 414 2411 477; x_wconf 89' lang='lat' dir='ltr'><strong>post</strong></span> <span class='ocrx_word' id='word_1_15' title='bbox 2443 403 2796 475; x_wconf 74' lang='lat' dir='ltr'><strong>Septuaginta</strong></span> <span class='ocrx_word' id='word_1_16' title='bbox 2825 401 3183 469; x_wconf 89' lang='lat' dir='ltr'><strong>interpretes,</strong></span> <span class='ocrx_word' id='word_1_17' title='bbox 3213 394 3528 457; x_wconf 75' lang='lat' dir='ltr'><strong>Judmorum</strong></span> <span class='ocrx_word' id='word_1_18' title='bbox 3562 390 3886 495; x_wconf 73' lang='lat' dir='ltr'><strong>translatio-</strong></span> 
     </span>
    </p>
   </div>
   <div class='ocr_carea' id='block_1_5' title="bbox 581 506 2182 580">
    <p class='ocr_par' dir='ltr' id='par_1_5' title="bbox 581 506 2182 580">
     <span class='ocr_line' id='line_1_5' title="bbox 581 506 2182 580; baseline -0.015 0"><span class='ocrx_word' id='word_1_19' title='bbox 581 526 721 580; x_wconf 90' lang='lat' dir='ltr'><strong>libro</strong></span> <span class='ocrx_word' id='word_1_20' title='bbox 766 521 1069 577; x_wconf 72' lang='lat' dir='ltr'><strong>editionem</strong></span> <span class='ocrx_word' id='word_1_21' title='bbox 1110 515 1221 570; x_wconf 82' lang='lat' dir='ltr'><strong>dixi</strong></span> <span class='ocrx_word' id='word_1_22' title='bbox 1255 513 1483 568; x_wconf 90' lang='lat' dir='ltr'><strong>multum</strong></span> <span class='ocrx_word' id='word_1_23' title='bbox 1523 525 1552 563; x_wconf 92' lang='lat' dir='ltr'><strong>a</strong></span> <span class='ocrx_word' id='word_1_24' title='bbox 1592 508 1829 563; x_wconf 91' lang='lat' dir='ltr'><strong>veritate</strong></span> <span class='ocrx_word' id='word_1_25' title='bbox 1868 506 2095 570; x_wconf 76' lang='lat' dir='ltr'><strong>distare,</strong></span> <span class='ocrx_word' id='word_1_26' title='bbox 2129 512 2182 557; x_wconf 91' lang='lat' dir='ltr'><strong>et</strong></span> 
     </span>
    </p>
   </div>
   <div class='ocr_carea' id='block_1_6' title="bbox 580 601 2181 675">
    <p class='ocr_par' dir='ltr' id='par_1_6' title="bbox 580 601 2181 675">
     <span class='ocr_line' id='line_1_6' title="bbox 580 601 2181 675; baseline -0.016 0"><span class='ocrx_word' id='word_1_27' title='bbox 580 627 736 675; x_wconf 89' lang='lat' dir='ltr'><strong>recto</strong></span> <span class='ocrx_word' id='word_1_28' title='bbox 777 614 1135 671; x_wconf 91' lang='lat' dir='ltr'><strong>ecclesiarum</strong></span> <span class='ocrx_word' id='word_1_29' title='bbox 1164 608 1367 664; x_wconf 79' lang='lat' dir='ltr'><strong>Christi</strong></span> <span class='ocrx_word' id='word_1_30' title='bbox 1424 603 1628 675; x_wconf 84' lang='lat' dir='ltr'><strong>judicio</strong></span> <span class='ocrx_word' id='word_1_31' title='bbox 1673 601 2044 672; x_wconf 88' lang='lat' dir='ltr'><strong>reprobatam,</strong></span> <span class='ocrx_word' id='word_1_32' title='bbox 2075 613 2181 651; x_wconf 90' lang='lat' dir='ltr'><strong>non</strong></span> 
     </span>
    </p>
   </div>
   <div class='ocr_carea' id='block_1_7' title="bbox 580 693 2181 778">
    <p class='ocr_par' dir='ltr' id='par_1_7' title="bbox 580 693 2181 778">
     <span class='ocr_line' id='line_1_7' title="bbox 580 693 2181 778; baseline -0.016 -8"><span class='ocrx_word' id='word_1_33' title='bbox 580 722 665 770; x_wconf 91' lang='lat' dir='ltr'><strong>est</strong></span> <span class='ocrx_word' id='word_1_34' title='bbox 716 725 852 766; x_wconf 76' lang='lat' dir='ltr'><strong>mea:</strong></span> <span class='ocrx_word' id='word_1_35' title='bbox 908 708 1080 778; x_wconf 76' lang='lat' dir='ltr'><strong>culpa:</strong></span> <span class='ocrx_word' id='word_1_36' title='bbox 1111 704 1201 775; x_wconf 88' lang='lat' dir='ltr'><strong>qui</strong></span> <span class='ocrx_word' id='word_1_37' title='bbox 1250 701 1395 766; x_wconf 85' lang='lat' dir='ltr'><strong>dixi,</strong></span> <span class='ocrx_word' id='word_1_38' title='bbox 1454 698 1550 755; x_wconf 89' lang='lat' dir='ltr'><strong>sed</strong></span> <span class='ocrx_word' id='word_1_39' title='bbox 1591 712 1780 754; x_wconf 91' lang='lat' dir='ltr'><strong>eorum</strong></span> <span class='ocrx_word' id='word_1_40' title='bbox 1834 695 1924 765; x_wconf 87' lang='lat' dir='ltr'><strong>qui</strong></span> <span class='ocrx_word' id='word_1_41' title='bbox 1976 693 2181 763; x_wconf 88' lang='lat' dir='ltr'><strong>legunt.</strong></span> 
     </span>
    </p>
   </div>
   <div class='ocr_carea' id='block_1_8' title="bbox 583 786 2187 876">
    <p class='ocr_par' dir='ltr' id='par_1_8' title="bbox 583 786 2187 876">
     <span class='ocr_line' id='line_1_8' title="bbox 583 786 2187 876; baseline -0.015 -14"><span class='ocrx_word' id='word_1_42' title='bbox 583 808 638 865; x_wconf 88' lang='lat' dir='ltr'><strong>In</strong></span> <span class='ocrx_word' id='word_1_43' title='bbox 674 811 930 876; x_wconf 89' lang='lat' dir='ltr'><strong>promptu</strong></span> <span class='ocrx_word' id='word_1_44' title='bbox 970 808 1095 853; x_wconf 91' lang='lat' dir='ltr'><strong>sunt</strong></span> <span class='ocrx_word' id='word_1_45' title='bbox 1136 804 1369 866; x_wconf 85' lang='lat' dir='ltr'><strong>quatuor</strong></span> <span class='ocrx_word' id='word_1_46' title='bbox 1398 792 1701 855; x_wconf 85' lang='lat' dir='ltr'><strong>editiones,</strong></span> <span class='ocrx_word' id='word_1_47' title='bbox 1734 788 1965 859; x_wconf 77' lang='lat' dir='ltr'><strong>Aquilae,</strong></span> <span class='ocrx_word' id='word_1_48' title='bbox 2025 786 2187 857; x_wconf 88' lang='lat' dir='ltr'><strong>Sym-</strong></span> 
     </span>
    </p>
   </div>
   <div class='ocr_carea' id='block_1_9' title="bbox 587 878 2188 963">
    <p class='ocr_par' dir='ltr' id='par_1_9' title="bbox 587 878 2188 963">
     <span class='ocr_line' id='line_1_9' title="bbox 587 878 2188 963; baseline -0.014 -9"><span class='ocrx_word' id='word_1_49' title='bbox 587 897 763 955; x_wconf 88' lang='lat' dir='ltr'><strong>machi</strong></span> <span class='ocrx_word' id='word_1_50' title='bbox 806 936 820 961; x_wconf 94' lang='lat'><strong>,</strong></span> <span class='ocrx_word' id='word_1_51' title='bbox 890 889 1287 963; x_wconf 86' lang='lat' dir='ltr'><strong>Septuaginta,</strong></span> <span class='ocrx_word' id='word_1_52' title='bbox 1349 894 1405 942; x_wconf 89' lang='lat' dir='ltr'><strong>et</strong></span> <span class='ocrx_word' id='word_1_53' title='bbox 1483 880 1881 939; x_wconf 91' lang='lat' dir='ltr'><strong>Theodotionis</strong></span> <span class='ocrx_word' id='word_1_54' title='bbox 1946 897 1958 934; x_wconf 89' lang='lat'><strong>:</strong></span> <span class='ocrx_word' id='word_1_55' title='bbox 2013 878 2188 934; x_wconf 87' lang='lat' dir='ltr'><strong>eccle—</strong></span> 
     </span>
    </p>
   </div>
   <div class='ocr_carea' id='block_1_10' title="bbox 585 967 2189 1056">
    <p class='ocr_par' dir='ltr' id='par_1_10' title="bbox 585 967 2189 1056">
     <span class='ocr_line' id='line_1_10' title="bbox 585 967 2189 1056; baseline -0.015 -12"><span class='ocrx_word' id='word_1_56' title='bbox 585 989 681 1044; x_wconf 78' lang='lat' dir='ltr'><strong>siae</strong></span> <span class='ocrx_word' id='word_1_57' title='bbox 744 986 897 1056; x_wconf 78' lang='lat' dir='ltr'><strong>juxta</strong></span> <span class='ocrx_word' id='word_1_58' title='bbox 964 979 1395 1036; x_wconf 87' lang='lat' dir='ltr'><strong>Theodotionem</strong></span> <span class='ocrx_word' id='word_1_59' title='bbox 1452 975 1637 1044; x_wconf 85' lang='lat' dir='ltr'><strong>legunt</strong></span> <span class='ocrx_word' id='word_1_60' title='bbox 1702 970 2003 1025; x_wconf 89' lang='lat' dir='ltr'><strong>Danielem.</strong></span> <span class='ocrx_word' id='word_1_61' title='bbox 2073 967 2189 1037; x_wconf 83' lang='lat' dir='ltr'><strong>Ego</strong></span> 
     </span>
    </p>
   </div>
   <div class='ocr_carea' id='block_1_11' title="bbox 587 1064 2191 1152">
    <p class='ocr_par' dir='ltr' id='par_1_11' title="bbox 587 1064 2191 1152">
     <span class='ocr_line' id='line_1_11' title="bbox 587 1064 2191 1152; baseline -0.014 -18"><span class='ocrx_word' id='word_1_62' title='bbox 587 1080 715 1152; x_wconf 89' lang='lat' dir='ltr'><strong>quid</strong></span> <span class='ocrx_word' id='word_1_63' title='bbox 789 1075 1057 1147; x_wconf 83' lang='lat' dir='ltr'><strong>peccavi,</strong></span> <span class='ocrx_word' id='word_1_64' title='bbox 1118 1074 1161 1126; x_wconf 91' lang='lat' dir='ltr'><strong>si</strong></span> <span class='ocrx_word' id='word_1_65' title='bbox 1222 1069 1577 1127; x_wconf 88' lang='lat' dir='ltr'><strong>ecclesiarum</strong></span> <span class='ocrx_word' id='word_1_66' title='bbox 1633 1064 1894 1135; x_wconf 81' lang='lat' dir='ltr'><strong>judicium</strong></span> <span class='ocrx_word' id='word_1_67' title='bbox 1972 1064 2191 1115; x_wconf 89' lang='lat' dir='ltr'><strong>secutus</strong></span> 
     </span>
    </p>
   </div>
   <div class='ocr_carea' id='block_1_12' title="bbox 584 1153 2191 1236">
    <p class='ocr_par' dir='ltr' id='par_1_12' title="bbox 584 1153 2191 1236">
     <span class='ocr_line' id='line_1_12' title="bbox 584 1153 2191 1236; baseline -0.017 -8"><span class='ocrx_word' id='word_1_68' title='bbox 584 1171 744 1228; x_wconf 86' lang='lat' dir='ltr'><strong>sum?</strong></span> <span class='ocrx_word' id='word_1_69' title='bbox 771 1167 926 1236; x_wconf 91' lang='lat' dir='ltr'><strong>Quod</strong></span> <span class='ocrx_word' id='word_1_70' title='bbox 956 1174 1140 1221; x_wconf 91' lang='lat' dir='ltr'><strong>autem</strong></span> <span class='ocrx_word' id='word_1_71' title='bbox 1170 1163 1373 1227; x_wconf 83' lang='lat' dir='ltr'><strong>refero,</strong></span> <span class='ocrx_word' id='word_1_72' title='bbox 1412 1158 1549 1229; x_wconf 83' lang='lat' dir='ltr'><strong>quid</strong></span> <span class='ocrx_word' id='word_1_73' title='bbox 1579 1157 1870 1211; x_wconf 89' lang='lat' dir='ltr'><strong>adversum</strong></span> <span class='ocrx_word' id='word_1_74' title='bbox 1922 1153 2191 1207; x_wconf 64' lang='lat' dir='ltr'><strong>Susanna:</strong></span> 
     </span>
    </p>
   </div>
   <div class='ocr_carea' id='block_1_13' title="bbox 587 1242 2189 1331">
    <p class='ocr_par' dir='ltr' id='par_1_13' title="bbox 587 1242 2189 1331">
     <span class='ocr_line' id='line_1_13' title="bbox 587 1242 2189 1331; baseline -0.017 -8"><span class='ocrx_word' id='word_1_75' title='bbox 587 1266 899 1328; x_wconf 87' lang='lat' dir='ltr'><strong>historiam,</strong></span> <span class='ocrx_word' id='word_1_76' title='bbox 949 1270 1005 1316; x_wconf 89' lang='lat' dir='ltr'><strong>et</strong></span> <span class='ocrx_word' id='word_1_77' title='bbox 1043 1260 1305 1331; x_wconf 84' lang='lat' dir='ltr'><strong>hymnum</strong></span> <span class='ocrx_word' id='word_1_78' title='bbox 1361 1254 1524 1309; x_wconf 92' lang='lat' dir='ltr'><strong>trium</strong></span> <span class='ocrx_word' id='word_1_79' title='bbox 1578 1263 1899 1322; x_wconf 86' lang='lat' dir='ltr'><strong>puerorum,</strong></span> <span class='ocrx_word' id='word_1_80' title='bbox 1933 1255 1988 1299; x_wconf 89' lang='lat' dir='ltr'><strong>et</strong></span> <span class='ocrx_word' id='word_1_81' title='bbox 2020 1242 2189 1306; x_wconf 85' lang='lat' dir='ltr'><strong>Belis,</strong></span> 
     </span>
    </p>
   </div>
   <div class='ocr_carea' id='block_1_14' title="bbox 593 1333 2194 1425">
    <p class='ocr_par' dir='ltr' id='par_1_14' title="bbox 593 1333 2194 1425">
     <span class='ocr_line' id='line_1_14' title="bbox 593 1333 2194 1425; baseline -0.019 -10"><span class='ocrx_word' id='word_1_82' title='bbox 593 1356 966 1425; x_wconf 89' lang='lat' dir='ltr'><strong>Draconisque</strong></span> <span class='ocrx_word' id='word_1_83' title='bbox 1018 1350 1273 1413; x_wconf 90' lang='lat' dir='ltr'><strong>fabulas,</strong></span> <span class='ocrx_word' id='word_1_84' title='bbox 1328 1360 1451 1417; x_wconf 60' lang='lat' dir='ltr'><strong>qua:</strong></span> <span class='ocrx_word' id='word_1_85' title='bbox 1489 1345 1542 1398; x_wconf 93' lang='lat' dir='ltr'><strong>in</strong></span> <span class='ocrx_word' id='word_1_86' title='bbox 1584 1340 1862 1398; x_wconf 80' lang='lat' dir='ltr'><strong>volumine</strong></span> <span class='ocrx_word' id='word_1_87' title='bbox 1924 1333 2194 1391; x_wconf 89' lang='lat' dir='ltr'><strong>Hebraico</strong></span> 
     </span>
    </p>
   </div>
   <div class='ocr_carea' id='block_1_15' title="bbox 596 1425 2193 1511">
    <p class='ocr_par' dir='ltr' id='par_1_15' title="bbox 596 1425 2193 1511">
     <span class='ocr_line' id='line_1_15' title="bbox 596 1425 2193 1511; baseline -0.019 -3"><span class='ocrx_word' id='word_1_88' title='bbox 596 1467 704 1508; x_wconf 86' lang='lat' dir='ltr'><strong>non</strong></span> <span class='ocrx_word' id='word_1_89' title='bbox 737 1448 1032 1511; x_wconf 85' lang='lat' dir='ltr'><strong>habentur,</strong></span> <span class='ocrx_word' id='word_1_90' title='bbox 1059 1439 1272 1496; x_wconf 74' lang='lat' dir='ltr'><strong>llebrmi</strong></span> <span class='ocrx_word' id='word_1_91' title='bbox 1296 1440 1507 1494; x_wconf 86' lang='lat' dir='ltr'><strong>soleant</strong></span> <span class='ocrx_word' id='word_1_92' title='bbox 1534 1435 1740 1497; x_wconf 89' lang='lat' dir='ltr'><strong>dicere,</strong></span> <span class='ocrx_word' id='word_1_93' title='bbox 1770 1431 1860 1502; x_wconf 88' lang='lat' dir='ltr'><strong>qui</strong></span> <span class='ocrx_word' id='word_1_94' title='bbox 1893 1444 1978 1484; x_wconf 91' lang='lat' dir='ltr'><strong>me</strong></span> <span class='ocrx_word' id='word_1_95' title='bbox 2005 1425 2193 1481; x_wconf 90' lang='lat' dir='ltr'><strong>crimi-</strong></span> 
     </span>
    </p>
   </div>
   <div class='ocr_carea' id='block_1_16' title="bbox 593 1518 2193 1609">
    <p class='ocr_par' dir='ltr' id='par_1_16' title="bbox 593 1518 2193 1609">
     <span class='ocr_line' id='line_1_16' title="bbox 593 1518 2193 1609; baseline -0.019 -9"><span class='ocrx_word' id='word_1_96' title='bbox 593 1556 776 1609; x_wconf 89' lang='lat' dir='ltr'><strong>natur,</strong></span> <span class='ocrx_word' id='word_1_97' title='bbox 820 1540 1042 1595; x_wconf 92' lang='lat' dir='ltr'><strong>stultum</strong></span> <span class='ocrx_word' id='word_1_98' title='bbox 1074 1551 1133 1590; x_wconf 89' lang='lat' dir='ltr'><strong>se</strong></span> <span class='ocrx_word' id='word_1_99' title='bbox 1172 1531 1564 1605; x_wconf 83' lang='lat' dir='ltr'><strong>sycophantam</strong></span> <span class='ocrx_word' id='word_1_100' title='bbox 1598 1527 1811 1598; x_wconf 89' lang='lat' dir='ltr'><strong>probat.</strong></span> <span class='ocrx_word' id='word_1_101' title='bbox 1848 1532 1872 1559; x_wconf 74' lang='grc' dir='ltr'><strong>ιι</strong></span> <span class='ocrx_word' id='word_1_102' title='bbox 1901 1520 2018 1576; x_wconf 84' lang='lat' dir='ltr'><strong>Non</strong></span> <span class='ocrx_word' id='word_1_103' title='bbox 2049 1518 2193 1573; x_wconf 91' lang='lat' dir='ltr'><strong>enim</strong></span> 
     </span>
    </p>
   </div>
   <div class='ocr_carea' id='block_1_17' title="bbox 594 1613 2197 1706">
    <p class='ocr_par' dir='ltr' id='par_1_17' title="bbox 594 1613 2197 1706">
     <span class='ocr_line' id='line_1_17' title="bbox 594 1613 2197 1706; baseline -0.016 -16"><span class='ocrx_word' id='word_1_104' title='bbox 594 1636 723 1706; x_wconf 89' lang='lat' dir='ltr'><strong>quid</strong></span> <span class='ocrx_word' id='word_1_105' title='bbox 765 1635 882 1703; x_wconf 87' lang='lat' dir='ltr'><strong>ipse</strong></span> <span class='ocrx_word' id='word_1_106' title='bbox 910 1631 1195 1691; x_wconf 86' lang='lat' dir='ltr'><strong>sentirem,</strong></span> <span class='ocrx_word' id='word_1_107' title='bbox 1229 1625 1323 1681; x_wconf 91' lang='lat' dir='ltr'><strong>sed</strong></span> <span class='ocrx_word' id='word_1_108' title='bbox 1353 1623 1479 1693; x_wconf 86' lang='lat' dir='ltr'><strong>quid</strong></span> <span class='ocrx_word' id='word_1_109' title='bbox 1533 1621 1609 1676; x_wconf 87' lang='lat' dir='ltr'><strong>illi</strong></span> <span class='ocrx_word' id='word_1_110' title='bbox 1656 1627 1845 1675; x_wconf 92' lang='lat' dir='ltr'><strong>contra</strong></span> <span class='ocrx_word' id='word_1_111' title='bbox 1886 1628 1988 1669; x_wconf 89' lang='lat' dir='ltr'><strong>nos</strong></span> <span class='ocrx_word' id='word_1_112' title='bbox 2012 1613 2197 1667; x_wconf 88' lang='lat' dir='ltr'><strong>dicere</strong></span> 
     </span>
    </p>
   </div>
   <div class='ocr_carea' id='block_1_18' title="bbox 594 1700 2197 1792">
    <p class='ocr_par' dir='ltr' id='par_1_18' title="bbox 594 1700 2197 1792">
     <span class='ocr_line' id='line_1_18' title="bbox 594 1700 2197 1792; baseline -0.018 -9"><span class='ocrx_word' id='word_1_113' title='bbox 594 1728 826 1790; x_wconf 88' lang='lat' dir='ltr'><strong>soleant,</strong></span> <span class='ocrx_word' id='word_1_114' title='bbox 848 1720 1139 1792; x_wconf 80' lang='lat' dir='ltr'><strong>explicavi.</strong></span> <span class='ocrx_word' id='word_1_115' title='bbox 1162 1719 1403 1785; x_wconf 90' lang='lat' dir='ltr'><strong>Quorum</strong></span> <span class='ocrx_word' id='word_1_116' title='bbox 1426 1713 1699 1784; x_wconf 91' lang='lat' dir='ltr'><strong>opinioni,</strong></span> <span class='ocrx_word' id='word_1_117' title='bbox 1725 1711 1769 1765; x_wconf 88' lang='lat' dir='ltr'><strong>si</strong></span> <span class='ocrx_word' id='word_1_118' title='bbox 1799 1723 1906 1764; x_wconf 92' lang='lat' dir='ltr'><strong>non</strong></span> <span class='ocrx_word' id='word_1_119' title='bbox 1939 1700 2197 1773; x_wconf 88' lang='lat' dir='ltr'><strong>respondi</strong></span> 
     </span>
    </p>
   </div>
   <div class='ocr_carea' id='block_1_19' title="bbox 2296 485 3891 569">
    <p class='ocr_par' dir='ltr' id='par_1_19' title="bbox 2296 485 3891 569">
     <span class='ocr_line' id='line_1_19' title="bbox 2296 485 3891 569; baseline -0.012 -13"><span class='ocrx_word' id='word_1_120' title='bbox 2296 517 2394 556; x_wconf 88' lang='lat' dir='ltr'><strong>nes</strong></span> <span class='ocrx_word' id='word_1_121' title='bbox 2422 500 2678 569; x_wconf 82' lang='lat' dir='ltr'><strong>explanat</strong></span> <span class='ocrx_word' id='word_1_122' title='bbox 2703 506 2756 551; x_wconf 91' lang='lat' dir='ltr'><strong>et</strong></span> <span class='ocrx_word' id='word_1_123' title='bbox 2785 494 3061 550; x_wconf 89' lang='lat' dir='ltr'><strong>edisserit.</strong></span> <span class='ocrx_word' id='word_1_124' title='bbox 3092 489 3359 546; x_wconf 88' lang='lat' dir='ltr'><strong>Eusebius</strong></span> <span class='ocrx_word' id='word_1_125' title='bbox 3385 502 3602 558; x_wconf 91' lang='lat' dir='ltr'><strong>quoque</strong></span> <span class='ocrx_word' id='word_1_126' title='bbox 3627 494 3685 541; x_wconf 87' lang='lat' dir='ltr'><strong>et</strong></span> <span class='ocrx_word' id='word_1_127' title='bbox 3724 485 3891 555; x_wconf 82' lang='lat' dir='ltr'><strong>Didy-</strong></span> 
     </span>
    </p>
   </div>
   <div class='ocr_carea' id='block_1_20' title="bbox 2288 578 3891 654">
    <p class='ocr_par' dir='ltr' id='par_1_20' title="bbox 2288 578 3891 654">
     <span class='ocr_line' id='line_1_20' title="bbox 2288 578 3891 654; baseline -0.011 -4"><span class='ocrx_word' id='word_1_128' title='bbox 2288 612 2408 650; x_wconf 91' lang='lat' dir='ltr'><strong>mus</strong></span> <span class='ocrx_word' id='word_1_129' title='bbox 2441 594 2581 650; x_wconf 92' lang='lat' dir='ltr'><strong>idem</strong></span> <span class='ocrx_word' id='word_1_130' title='bbox 2629 592 2859 647; x_wconf 86' lang='lat' dir='ltr'><strong>faciunt.</strong></span> <span class='ocrx_word' id='word_1_131' title='bbox 2911 585 3283 644; x_wconf 66' lang='lat' dir='ltr'><strong>Praetermitto</strong></span> <span class='ocrx_word' id='word_1_132' title='bbox 3326 581 3758 654; x_wconf 84' lang='lat' dir='ltr'><strong>Apollinarium,</strong></span> <span class='ocrx_word' id='word_1_133' title='bbox 3800 578 3891 650; x_wconf 89' lang='lat' dir='ltr'><strong>qui</strong></span> 
     </span>
    </p>
   </div>
   <div class='ocr_carea' id='block_1_21' title="bbox 2288 674 3888 759">
    <p class='ocr_par' dir='ltr' id='par_1_21' title="bbox 2288 674 3888 759">
     <span class='ocr_line' id='line_1_21' title="bbox 2288 674 3888 759; baseline -0.01 -15"><span class='ocrx_word' id='word_1_134' title='bbox 2288 689 2432 745; x_wconf 90' lang='lat' dir='ltr'><strong>bono</strong></span> <span class='ocrx_word' id='word_1_135' title='bbox 2465 687 2685 759; x_wconf 90' lang='lat' dir='ltr'><strong>quidem</strong></span> <span class='ocrx_word' id='word_1_136' title='bbox 2734 684 2940 749; x_wconf 89' lang='lat' dir='ltr'><strong>studio,</strong></span> <span class='ocrx_word' id='word_1_137' title='bbox 2971 681 3066 737; x_wconf 91' lang='lat' dir='ltr'><strong>sed</strong></span> <span class='ocrx_word' id='word_1_138' title='bbox 3100 696 3208 736; x_wconf 93' lang='lat' dir='ltr'><strong>non</strong></span> <span class='ocrx_word' id='word_1_139' title='bbox 3239 676 3541 734; x_wconf 88' lang='lat' dir='ltr'><strong>secundum</strong></span> <span class='ocrx_word' id='word_1_140' title='bbox 3574 674 3888 739; x_wconf 85' lang='lat' dir='ltr'><strong>scientiam,</strong></span> 
     </span>
    </p>
   </div>
   <div class='ocr_carea' id='block_1_22' title="bbox 2287 769 3889 835">
    <p class='ocr_par' dir='ltr' id='par_1_22' title="bbox 2287 769 3889 835">
     <span class='ocr_line' id='line_1_22' title="bbox 2287 769 3889 835; baseline -0.009 0"><span class='ocrx_word' id='word_1_141' title='bbox 2287 781 2357 835; x_wconf 90' lang='lat' dir='ltr'><strong>de</strong></span> <span class='ocrx_word' id='word_1_142' title='bbox 2403 782 2645 834; x_wconf 90' lang='lat' dir='ltr'><strong>omnium</strong></span> <span class='ocrx_word' id='word_1_143' title='bbox 2694 774 3136 833; x_wconf 86' lang='lat' dir='ltr'><strong>translationibus</strong></span> <span class='ocrx_word' id='word_1_144' title='bbox 3180 772 3235 827; x_wconf 93' lang='lat' dir='ltr'><strong>in</strong></span> <span class='ocrx_word' id='word_1_145' title='bbox 3289 786 3457 827; x_wconf 91' lang='lat' dir='ltr'><strong>unum</strong></span> <span class='ocrx_word' id='word_1_146' title='bbox 3503 769 3889 825; x_wconf 84' lang='lat' dir='ltr'><strong>vestimentum</strong></span> 
     </span>
    </p>
   </div>
   <div class='ocr_carea' id='block_1_23' title="bbox 2292 861 3893 945">
    <p class='ocr_par' dir='ltr' id='par_1_23' title="bbox 2292 861 3893 945">
     <span class='ocr_line' id='line_1_23' title="bbox 2292 861 3893 945; baseline -0.007 -19"><span class='ocrx_word' id='word_1_147' title='bbox 2292 889 2498 945; x_wconf 87' lang='lat' dir='ltr'><strong>pannos</strong></span> <span class='ocrx_word' id='word_1_148' title='bbox 2523 887 2746 928; x_wconf 86' lang='lat' dir='ltr'><strong>assuere</strong></span> <span class='ocrx_word' id='word_1_149' title='bbox 2785 882 3014 927; x_wconf 84' lang='lat' dir='ltr'><strong>conatus</strong></span> <span class='ocrx_word' id='word_1_150' title='bbox 3043 876 3148 932; x_wconf 88' lang='lat' dir='ltr'><strong>est,</strong></span> <span class='ocrx_word' id='word_1_151' title='bbox 3178 874 3236 921; x_wconf 89' lang='lat' dir='ltr'><strong>et</strong></span> <span class='ocrx_word' id='word_1_152' title='bbox 3262 862 3719 934; x_wconf 87' lang='lat' dir='ltr'><strong>consequentiam</strong></span> <span class='ocrx_word' id='word_1_153' title='bbox 3742 861 3893 917; x_wconf 88' lang='lat' dir='ltr'><strong>Scri-</strong></span> 
     </span>
    </p>
   </div>
   <div class='ocr_carea' id='block_1_24' title="bbox 2292 951 3891 1035">
    <p class='ocr_par' dir='ltr' id='par_1_24' title="bbox 2292 951 3891 1035">
     <span class='ocr_line' id='line_1_24' title="bbox 2292 951 3891 1035; baseline -0.009 -15"><span class='ocrx_word' id='word_1_154' title='bbox 2292 974 2484 1035; x_wconf 85' lang='lat' dir='ltr'><strong>pturae,</strong></span> <span class='ocrx_word' id='word_1_155' title='bbox 2542 981 2646 1018; x_wconf 92' lang='lat' dir='ltr'><strong>non</strong></span> <span class='ocrx_word' id='word_1_156' title='bbox 2680 978 2747 1017; x_wconf 81' lang='lat' dir='ltr'><strong>ex</strong></span> <span class='ocrx_word' id='word_1_157' title='bbox 2778 960 2965 1031; x_wconf 83' lang='lat' dir='ltr'><strong>regula</strong></span> <span class='ocrx_word' id='word_1_158' title='bbox 3017 956 3283 1023; x_wconf 83' lang='lat' dir='ltr'><strong>veritatis,</strong></span> <span class='ocrx_word' id='word_1_159' title='bbox 3317 954 3416 1010; x_wconf 90' lang='lat' dir='ltr'><strong>sed</strong></span> <span class='ocrx_word' id='word_1_160' title='bbox 3445 969 3515 1009; x_wconf 77' lang='lat' dir='ltr'><strong>ex</strong></span> <span class='ocrx_word' id='word_1_161' title='bbox 3541 967 3645 1009; x_wconf 90' lang='lat' dir='ltr'><strong>suo</strong></span> <span class='ocrx_word' id='word_1_162' title='bbox 3680 951 3891 1023; x_wconf 84' lang='lat' dir='ltr'><strong>judicio</strong></span> 
     </span>
    </p>
   </div>
   <div class='ocr_carea' id='block_1_25' title="bbox 2293 1045 3889 1127">
    <p class='ocr_par' dir='ltr' id='par_1_25' title="bbox 2293 1045 3889 1127">
     <span class='ocr_line' id='line_1_25' title="bbox 2293 1045 3889 1127; baseline -0.009 -12"><span class='ocrx_word' id='word_1_163' title='bbox 2293 1068 2485 1115; x_wconf 82' lang='lat' dir='ltr'><strong>texere</strong></span> <span class='ocrx_word' id='word_1_164' title='bbox 2515 1073 2530 1110; x_wconf 88' lang='lat'><strong>:</strong></span> <span class='ocrx_word' id='word_1_165' title='bbox 2558 1053 2959 1127; x_wconf 90' lang='lat' dir='ltr'><strong>apostoliciviri</strong></span> <span class='ocrx_word' id='word_1_166' title='bbox 2982 1052 3288 1122; x_wconf 90' lang='lat' dir='ltr'><strong>Scripturis</strong></span> <span class='ocrx_word' id='word_1_167' title='bbox 3317 1058 3543 1105; x_wconf 89' lang='lat' dir='ltr'><strong>utuntur</strong></span> <span class='ocrx_word' id='word_1_168' title='bbox 3569 1045 3889 1103; x_wconf 80' lang='lat' dir='ltr'><strong>Hebraicis:</strong></span> 
     </span>
    </p>
   </div>
   <div class='ocr_carea' id='block_1_26' title="bbox 2293 1140 3894 1219">
    <p class='ocr_par' dir='ltr' id='par_1_26' title="bbox 2293 1140 3894 1219">
     <span class='ocr_line' id='line_1_26' title="bbox 2293 1140 3894 1219; baseline -0.007 -15"><span class='ocrx_word' id='word_1_169' title='bbox 2293 1152 2441 1219; x_wconf 85' lang='lat' dir='ltr'><strong>ipsos</strong></span> <span class='ocrx_word' id='word_1_170' title='bbox 2484 1148 2762 1218; x_wconf 83' lang='lat' dir='ltr'><strong>apostolos</strong></span> <span class='ocrx_word' id='word_1_171' title='bbox 2792 1156 2847 1202; x_wconf 89' lang='lat' dir='ltr'><strong>et</strong></span> <span class='ocrx_word' id='word_1_172' title='bbox 2876 1146 3241 1216; x_wconf 88' lang='lat' dir='ltr'><strong>evaugelistas</strong></span> <span class='ocrx_word' id='word_1_173' title='bbox 3285 1141 3391 1196; x_wconf 91' lang='lat' dir='ltr'><strong>hoc</strong></span> <span class='ocrx_word' id='word_1_174' title='bbox 3434 1140 3637 1196; x_wconf 81' lang='lat' dir='ltr'><strong>fecisse</strong></span> <span class='ocrx_word' id='word_1_175' title='bbox 3677 1141 3894 1209; x_wconf 83' lang='lat' dir='ltr'><strong>perspi-</strong></span> 
     </span>
    </p>
   </div>
   <div class='ocr_carea' id='block_1_27' title="bbox 2292 1232 3894 1306">
    <p class='ocr_par' dir='ltr' id='par_1_27' title="bbox 2292 1232 3894 1306">
     <span class='ocr_line' id='line_1_27' title="bbox 2292 1232 3894 1306; baseline -0.007 -9"><span class='ocrx_word' id='word_1_176' title='bbox 2292 1256 2451 1297; x_wconf 92' lang='lat' dir='ltr'><strong>cuum</strong></span> <span class='ocrx_word' id='word_1_177' title='bbox 2474 1250 2577 1296; x_wconf 91' lang='lat' dir='ltr'><strong>est.</strong></span> <span class='ocrx_word' id='word_1_178' title='bbox 2613 1239 2874 1295; x_wconf 89' lang='lat' dir='ltr'><strong>Dominus</strong></span> <span class='ocrx_word' id='word_1_179' title='bbox 2902 1245 3065 1306; x_wconf 90' lang='lat' dir='ltr'><strong>atque</strong></span> <span class='ocrx_word' id='word_1_180' title='bbox 3103 1235 3352 1291; x_wconf 86' lang='lat' dir='ltr'><strong>Salvator</strong></span> <span class='ocrx_word' id='word_1_181' title='bbox 3375 1232 3715 1301; x_wconf 88' lang='lat' dir='ltr'><strong>ubicumque</strong></span> <span class='ocrx_word' id='word_1_182' title='bbox 3741 1241 3894 1286; x_wconf 87' lang='lat' dir='ltr'><strong>vete-</strong></span> 
     </span>
    </p>
   </div>
   <div class='ocr_carea' id='block_1_28' title="bbox 2293 1325 3896 1404">
    <p class='ocr_par' dir='ltr' id='par_1_28' title="bbox 2293 1325 3896 1404">
     <span class='ocr_line' id='line_1_28' title="bbox 2293 1325 3896 1404; baseline -0.007 -13"><span class='ocrx_word' id='word_1_183' title='bbox 2293 1338 2369 1391; x_wconf 89' lang='lat' dir='ltr'><strong>ris</strong></span> <span class='ocrx_word' id='word_1_184' title='bbox 2418 1336 2717 1404; x_wconf 70' lang='lat' dir='ltr'><strong>Scripturre</strong></span> <span class='ocrx_word' id='word_1_185' title='bbox 2757 1332 3039 1397; x_wconf 90' lang='lat' dir='ltr'><strong>meminit,</strong></span> <span class='ocrx_word' id='word_1_186' title='bbox 3093 1328 3161 1384; x_wconf 92' lang='lat' dir='ltr'><strong>de</strong></span> <span class='ocrx_word' id='word_1_187' title='bbox 3201 1327 3486 1383; x_wconf 87' lang='lat' dir='ltr'><strong>Hebraicis</strong></span> <span class='ocrx_word' id='word_1_188' title='bbox 3524 1325 3896 1382; x_wconf 85' lang='lat' dir='ltr'><strong>voluminibus</strong></span> 
     </span>
    </p>
   </div>
   <div class='ocr_carea' id='block_1_29' title="bbox 2296 1421 3896 1500">
    <p class='ocr_par' dir='ltr' id='par_1_29' title="bbox 2296 1421 3896 1500">
     <span class='ocr_line' id='line_1_29' title="bbox 2296 1421 3896 1500; baseline -0.005 -17"><span class='ocrx_word' id='word_1_189' title='bbox 2296 1432 2451 1500; x_wconf 87' lang='lat' dir='ltr'><strong>ponit</strong></span> <span class='ocrx_word' id='word_1_190' title='bbox 2478 1429 2759 1498; x_wconf 83' lang='lat' dir='ltr'><strong>exempla,</strong></span> <span class='ocrx_word' id='word_1_191' title='bbox 2793 1438 2851 1481; x_wconf 92' lang='lat' dir='ltr'><strong>ut</strong></span> <span class='ocrx_word' id='word_1_192' title='bbox 2892 1437 2978 1481; x_wconf 90' lang='lat' dir='ltr'><strong>est</strong></span> <span class='ocrx_word' id='word_1_193' title='bbox 3010 1424 3139 1479; x_wconf 90' lang='lat' dir='ltr'><strong>illud</strong></span> <span class='ocrx_word' id='word_1_194' title='bbox 3176 1440 3189 1476; x_wconf 91' lang='lat'><strong>:</strong></span> <span class='ocrx_word' id='word_1_195' title='bbox 3222 1422 3323 1489; x_wconf 82' lang='lat' dir='ltr'><strong>Qui</strong></span> <span class='ocrx_word' id='word_1_196' title='bbox 3370 1422 3535 1477; x_wconf 81' lang='lat' dir='ltr'><strong>credit</strong></span> <span class='ocrx_word' id='word_1_197' title='bbox 3556 1423 3610 1475; x_wconf 84' lang='lat' dir='ltr'><strong>in</strong></span> <span class='ocrx_word' id='word_1_198' title='bbox 3628 1438 3733 1485; x_wconf 83' lang='lat' dir='ltr'><strong>me,</strong></span> <span class='ocrx_word' id='word_1_199' title='bbox 3766 1421 3896 1475; x_wconf 78' lang='lat' dir='ltr'><strong>sicut</strong></span> 
     </span>
    </p>
   </div>
   <div class='ocr_carea' id='block_1_30' title="bbox 2299 1514 3899 1592">
    <p class='ocr_par' dir='ltr' id='par_1_30' title="bbox 2299 1514 3899 1592">
     <span class='ocr_line' id='line_1_30' title="bbox 2299 1514 3899 1592; baseline -0.007 -15"><span class='ocrx_word' id='word_1_200' title='bbox 2299 1522 2571 1592; x_wconf 82' lang='lat' dir='ltr'><strong>Scriptura</strong></span> <span class='ocrx_word' id='word_1_201' title='bbox 2610 1519 2775 1574; x_wconf 85' lang='lat' dir='ltr'><strong>dicit:</strong></span> <span class='ocrx_word' id='word_1_202' title='bbox 2811 1516 3059 1572; x_wconf 83' lang='lat' dir='ltr'><strong>Flumina</strong></span> <span class='ocrx_word' id='word_1_203' title='bbox 3100 1516 3164 1570; x_wconf 88' lang='lat' dir='ltr'><strong>de</strong></span> <span class='ocrx_word' id='word_1_204' title='bbox 3190 1524 3362 1570; x_wconf 74' lang='lat' dir='ltr'><strong>ventre</strong></span> <span class='ocrx_word' id='word_1_205' title='bbox 3391 1517 3506 1584; x_wconf 70' lang='lat' dir='ltr'><strong>ejus</strong></span> <span class='ocrx_word' id='word_1_206' title='bbox 3532 1514 3695 1583; x_wconf 80' lang='lat' dir='ltr'><strong>ﬂuent</strong></span> <span class='ocrx_word' id='word_1_207' title='bbox 3746 1527 3899 1582; x_wconf 74' lang='lat' dir='ltr'><strong>aqua:</strong></span> 
     </span>
    </p>
   </div>
   <div class='ocr_carea' id='block_1_31' title="bbox 2298 1613 3894 1682">
    <p class='ocr_par' dir='ltr' id='par_1_31' title="bbox 2298 1613 3894 1682">
     <span class='ocr_line' id='line_1_31' title="bbox 2298 1613 3894 1682; baseline -0.004 -15"><span class='ocrx_word' id='word_1_208' title='bbox 2298 1615 2439 1668; x_wconf 77' lang='lat' dir='ltr'><strong>vivw.</strong></span> <span class='ocrx_word' id='word_1_209' title='bbox 2468 1614 2533 1668; x_wconf 88' lang='lat' dir='ltr'><strong>Et</strong></span> <span class='ocrx_word' id='word_1_210' title='bbox 2581 1615 2634 1667; x_wconf 91' lang='lat' dir='ltr'><strong>in</strong></span> <span class='ocrx_word' id='word_1_211' title='bbox 2670 1613 2783 1682; x_wconf 89' lang='lat' dir='ltr'><strong>ipsa</strong></span> <span class='ocrx_word' id='word_1_212' title='bbox 2840 1626 3023 1676; x_wconf 89' lang='lat' dir='ltr'><strong>cruce,</strong></span> <span class='ocrx_word' id='word_1_213' title='bbox 3052 1626 3162 1675; x_wconf 72' lang='lat' dir='ltr'><strong>nu,</strong></span> <span class='ocrx_word' id='word_1_214' title='bbox 3209 1623 3489 1674; x_wconf 75' lang='lat' dir='ltr'><strong>ELI,LEIA</strong></span> <span class='ocrx_word' id='word_1_215' title='bbox 3538 1621 3894 1671; x_wconf 71' lang='grc' dir='ltr'><strong>ΔΖΔΒΑΊἮΑΝΙ,</strong></span> 
     </span>
    </p>
   </div>
   <div class='ocr_carea' id='block_1_32' title="bbox 2298 1702 3900 1778">
    <p class='ocr_par' dir='ltr' id='par_1_32' title="bbox 2298 1702 3900 1778">
     <span class='ocr_line' id='line_1_32' title="bbox 2298 1702 3900 1778; baseline -0.006 -16"><span class='ocrx_word' id='word_1_216' title='bbox 2298 1707 2440 1778; x_wconf 89' lang='lat' dir='ltr'><strong>quod</strong></span> <span class='ocrx_word' id='word_1_217' title='bbox 2475 1708 2868 1776; x_wconf 87' lang='lat' dir='ltr'><strong>interpretatur</strong></span> <span class='ocrx_word' id='word_1_218' title='bbox 2899 1724 2911 1759; x_wconf 93' lang='lat'>:</span> <span class='ocrx_word' id='word_1_219' title='bbox 2968 1704 3111 1759; x_wconf 81' lang='lat' dir='ltr'><strong>Deus</strong></span> <span class='ocrx_word' id='word_1_220' title='bbox 3142 1720 3307 1767; x_wconf 77' lang='lat' dir='ltr'><strong>meus,</strong></span> <span class='ocrx_word' id='word_1_221' title='bbox 3359 1702 3501 1757; x_wconf 73' lang='lat' dir='ltr'><strong>Deus</strong></span> <span class='ocrx_word' id='word_1_222' title='bbox 3529 1718 3691 1764; x_wconf 86' lang='lat' dir='ltr'><strong>meus,</strong></span> <span class='ocrx_word' id='word_1_223' title='bbox 3736 1715 3900 1767; x_wconf 82' lang='lat' dir='ltr'><strong>quare</strong></span> 
     </span>
    </p>
   </div>
   <div class='ocr_carea' id='block_1_33' title="bbox 593 1792 3903 1889">
    <p class='ocr_par' dir='ltr' id='par_1_33' title="bbox 593 1792 3903 1889">
     <span class='ocr_line' id='line_1_33' title="bbox 593 1792 3903 1889; baseline -0.01 -11"><span class='ocrx_word' id='word_1_224' title='bbox 593 1822 648 1879; x_wconf 93' lang='lat' dir='ltr'><strong>in</strong></span> <span class='ocrx_word' id='word_1_225' title='bbox 680 1820 932 1889; x_wconf 87' lang='lat' dir='ltr'><strong>Prologo,</strong></span> <span class='ocrx_word' id='word_1_226' title='bbox 961 1812 1211 1871; x_wconf 89' lang='lat' dir='ltr'><strong>brevitati</strong></span> <span class='ocrx_word' id='word_1_227' title='bbox 1265 1809 1521 1873; x_wconf 90' lang='lat' dir='ltr'><strong>studens,</strong></span> <span class='ocrx_word' id='word_1_228' title='bbox 1555 1821 1622 1861; x_wconf 90' lang='lat' dir='ltr'><strong>ne</strong></span> <span class='ocrx_word' id='word_1_229' title='bbox 1646 1820 1755 1859; x_wconf 88' lang='lat' dir='ltr'><strong>non</strong></span> <span class='ocrx_word' id='word_1_230' title='bbox 1789 1799 2191 1871; x_wconf 60' lang='lat' dir='ltr'><strong>praefationem,</strong></span> <span class='ocrx_word' id='word_1_231' title='bbox 2226 1797 2274 1857; x_wconf 89' lang='lat' dir='ltr'><strong>B</strong></span> <span class='ocrx_word' id='word_1_232' title='bbox 2301 1816 2379 1853; x_wconf 90' lang='lat' dir='ltr'><strong>me</strong></span> <span class='ocrx_word' id='word_1_233' title='bbox 2404 1798 2717 1869; x_wconf 84' lang='lat' dir='ltr'><strong>dereliquisti</strong></span> <span class='ocrx_word' id='word_1_234' title='bbox 2741 1796 2922 1870; x_wconf 82' lang='lat' dir='ltr'><strong>(Joan.</strong></span> <span class='ocrx_word' id='word_1_235' title='bbox 2955 1813 3048 1862; x_wconf 86' lang='lat' dir='ltr'><strong>vn,</strong></span> <span class='ocrx_word' id='word_1_236' title='bbox 3080 1793 3210 1868; x_wconf 81' lang='lat'><strong>58)?</strong></span> <span class='ocrx_word' id='word_1_237' title='bbox 3240 1809 3346 1851; x_wconf 91' lang='lat' dir='ltr'><strong>non</strong></span> <span class='ocrx_word' id='word_1_238' title='bbox 3380 1804 3491 1849; x_wconf 87' lang='lat' dir='ltr'><strong>uta</strong></span> <span class='ocrx_word' id='word_1_239' title='bbox 3533 1792 3903 1864; x_wconf 79' lang='lat' dir='ltr'><strong>Septuaginta</strong></span> 
     </span>
    </p>
   </div>
   <div class='ocr_carea' id='block_1_34' title="bbox 600 1888 2197 1972">
    <p class='ocr_par' dir='ltr' id='par_1_34' title="bbox 600 1888 2197 1972">
     <span class='ocr_line' id='line_1_34' title="bbox 600 1888 2197 1972; baseline -0.019 0"><span class='ocrx_word' id='word_1_240' title='bbox 600 1916 697 1972; x_wconf 90' lang='lat' dir='ltr'><strong>sed</strong></span> <span class='ocrx_word' id='word_1_241' title='bbox 728 1888 926 1969; x_wconf 88' lang='lat' dir='ltr'><strong>librum</strong></span> <span class='ocrx_word' id='word_1_242' title='bbox 974 1909 1191 1965; x_wconf 87' lang='lat' dir='ltr'><strong>viderer</strong></span> <span class='ocrx_word' id='word_1_243' title='bbox 1221 1905 1487 1967; x_wconf 88' lang='lat' dir='ltr'><strong>scribere,</strong></span> <span class='ocrx_word' id='word_1_244' title='bbox 1521 1911 1651 1971; x_wconf 93' lang='lat' dir='ltr'><strong>puto</strong></span> <span class='ocrx_word' id='word_1_245' title='bbox 1679 1896 1821 1968; x_wconf 90' lang='lat' dir='ltr'><strong>quod</strong></span> <span class='ocrx_word' id='word_1_246' title='bbox 1854 1894 2035 1950; x_wconf 90' lang='lat' dir='ltr'><strong>statim</strong></span> <span class='ocrx_word' id='word_1_247' title='bbox 2066 1888 2197 1945; x_wconf 83' lang='lat' dir='ltr'><strong>sub-</strong></span> 
     </span>
    </p>
   </div>
   <div class='ocr_carea' id='block_1_35' title="bbox 594 1988 2199 2081">
    <p class='ocr_par' dir='ltr' id='par_1_35' title="bbox 594 1988 2199 2081">
     <span class='ocr_line' id='line_1_35' title="bbox 594 1988 2199 2081; baseline -0.019 -15"><span class='ocrx_word' id='word_1_248' title='bbox 594 2008 857 2081; x_wconf 88' lang='lat' dir='ltr'><strong>jecerim;</strong></span> <span class='ocrx_word' id='word_1_249' title='bbox 890 2004 1005 2059; x_wconf 82' lang='lat' dir='ltr'><strong>dixi</strong></span> <span class='ocrx_word' id='word_1_250' title='bbox 1030 2001 1199 2067; x_wconf 88' lang='lat' dir='ltr'><strong>enim,</strong></span> <span class='ocrx_word' id='word_1_251' title='bbox 1236 2017 1254 2049; x_wconf 83' lang='grc'><em>‹</em></span> <span class='ocrx_word' id='word_1_252' title='bbox 1287 1998 1361 2052; x_wconf 89' lang='lat' dir='ltr'><strong>De</strong></span> <span class='ocrx_word' id='word_1_253' title='bbox 1388 2011 1496 2066; x_wconf 88' lang='lat' dir='ltr'><strong>quo</strong></span> <span class='ocrx_word' id='word_1_254' title='bbox 1526 2008 1630 2049; x_wconf 93' lang='lat' dir='ltr'><strong>non</strong></span> <span class='ocrx_word' id='word_1_255' title='bbox 1662 2000 1746 2047; x_wconf 91' lang='lat' dir='ltr'><strong>est</strong></span> <span class='ocrx_word' id='word_1_256' title='bbox 1798 1988 1956 2058; x_wconf 88' lang='lat' dir='ltr'><strong>hujus</strong></span> <span class='ocrx_word' id='word_1_257' title='bbox 1984 1993 2199 2051; x_wconf 92' lang='lat' dir='ltr'><strong>tempo-</strong></span> 
     </span>
    </p>
   </div>
   <div class='ocr_carea' id='block_1_36' title="bbox 600 2080 2199 2162">
    <p class='ocr_par' dir='ltr' id='par_1_36' title="bbox 600 2080 2199 2162">
     <span class='ocr_line' id='line_1_36' title="bbox 600 2080 2199 2162; baseline -0.016 -2"><span class='ocrx_word' id='word_1_258' title='bbox 600 2080 676 2160; x_wconf 85' lang='lat' dir='ltr'><strong>ris</strong></span> <span class='ocrx_word' id='word_1_259' title='bbox 730 2101 1026 2157; x_wconf 89' lang='lat' dir='ltr'><strong>disserere.</strong></span> <span class='ocrx_word' id='word_1_260' title='bbox 1064 2115 1082 2147; x_wconf 75' lang='grc' dir='ltr'>ι</span> <span class='ocrx_word' id='word_1_261' title='bbox 1133 2092 1381 2162; x_wconf 80' lang='lat' dir='ltr'><strong>Alioquin</strong></span> <span class='ocrx_word' id='word_1_262' title='bbox 1430 2098 1484 2145; x_wconf 90' lang='lat' dir='ltr'><strong>et</strong></span> <span class='ocrx_word' id='word_1_263' title='bbox 1532 2103 1595 2143; x_wconf 79' lang='lat' dir='ltr'><strong>ex</strong></span> <span class='ocrx_word' id='word_1_264' title='bbox 1630 2102 1736 2152; x_wconf 92' lang='lat' dir='ltr'><strong>eo,</strong></span> <span class='ocrx_word' id='word_1_265' title='bbox 1792 2083 1935 2153; x_wconf 87' lang='lat' dir='ltr'><strong>quod</strong></span> <span class='ocrx_word' id='word_1_266' title='bbox 1986 2080 2199 2137; x_wconf 89' lang='lat' dir='ltr'><strong>asserui</strong></span> 
     </span>
    </p>
   </div>
   <div class='ocr_carea' id='block_1_37' title="bbox 600 2174 2198 2264">
    <p class='ocr_par' dir='ltr' id='par_1_37' title="bbox 600 2174 2198 2264">
     <span class='ocr_line' id='line_1_37' title="bbox 600 2174 2198 2264; baseline -0.014 -13"><span class='ocrx_word' id='word_1_267' title='bbox 600 2192 964 2264; x_wconf 82' lang='lat' dir='ltr'><strong>Porphyrium</strong></span> <span class='ocrx_word' id='word_1_268' title='bbox 1013 2193 1202 2242; x_wconf 90' lang='lat' dir='ltr'><strong>contra</strong></span> <span class='ocrx_word' id='word_1_269' title='bbox 1252 2184 1393 2238; x_wconf 91' lang='lat' dir='ltr'><strong>hunc</strong></span> <span class='ocrx_word' id='word_1_270' title='bbox 1420 2180 1741 2252; x_wconf 86' lang='lat' dir='ltr'><strong>prophetam</strong></span> <span class='ocrx_word' id='word_1_271' title='bbox 1784 2177 1948 2230; x_wconf 92' lang='lat' dir='ltr'><strong>multa</strong></span> <span class='ocrx_word' id='word_1_272' title='bbox 1974 2174 2198 2239; x_wconf 77' lang='lat' dir='ltr'><strong>dixisse,</strong></span> 
     </span>
    </p>
   </div>
   <div class='ocr_carea' id='block_1_38' title="bbox 601 2270 2199 2356">
    <p class='ocr_par' dir='ltr' id='par_1_38' title="bbox 601 2270 2199 2356">
     <span class='ocr_line' id='line_1_38' title="bbox 601 2270 2199 2356; baseline -0.015 -12"><span class='ocrx_word' id='word_1_273' title='bbox 601 2288 899 2356; x_wconf 90' lang='lat' dir='ltr'><strong>vocavique</strong></span> <span class='ocrx_word' id='word_1_274' title='bbox 930 2284 1090 2352; x_wconf 90' lang='lat' dir='ltr'><strong>hujus</strong></span> <span class='ocrx_word' id='word_1_275' title='bbox 1142 2280 1220 2335; x_wconf 90' lang='lat' dir='ltr'><strong>rei</strong></span> <span class='ocrx_word' id='word_1_276' title='bbox 1269 2286 1440 2333; x_wconf 87' lang='lat' dir='ltr'><strong>testes</strong></span> <span class='ocrx_word' id='word_1_277' title='bbox 1474 2272 1829 2337; x_wconf 87' lang='lat' dir='ltr'><strong>Methodium,</strong></span> <span class='ocrx_word' id='word_1_278' title='bbox 1879 2270 2199 2331; x_wconf 87' lang='lat' dir='ltr'><strong>Eusebium,</strong></span> 
     </span>
    </p>
   </div>
   <div class='ocr_carea' id='block_1_39' title="bbox 605 2360 2203 2448">
    <p class='ocr_par' dir='ltr' id='par_1_39' title="bbox 605 2360 2203 2448">
     <span class='ocr_line' id='line_1_39' title="bbox 605 2360 2203 2448; baseline -0.014 -12"><span class='ocrx_word' id='word_1_279' title='bbox 605 2390 661 2437; x_wconf 91' lang='lat' dir='ltr'><strong>et</strong></span> <span class='ocrx_word' id='word_1_280' title='bbox 684 2376 1105 2448; x_wconf 88' lang='lat' dir='ltr'><strong>Apollinarium,</strong></span> <span class='ocrx_word' id='word_1_281' title='bbox 1142 2369 1233 2442; x_wconf 90' lang='lat' dir='ltr'><strong>qui</strong></span> <span class='ocrx_word' id='word_1_282' title='bbox 1266 2368 1454 2424; x_wconf 89' lang='lat' dir='ltr'><strong>multis</strong></span> <span class='ocrx_word' id='word_1_283' title='bbox 1482 2372 1739 2421; x_wconf 80' lang='lat' dir='ltr'><strong>versuum</strong></span> <span class='ocrx_word' id='word_1_284' title='bbox 1784 2362 2029 2418; x_wconf 88' lang='lat' dir='ltr'><strong>millibus</strong></span> <span class='ocrx_word' id='word_1_285' title='bbox 2058 2360 2203 2415; x_wconf 88' lang='lat' dir='ltr'><strong>illius</strong></span> 
     </span>
    </p>
   </div>
   <div class='ocr_carea' id='block_1_40' title="bbox 606 2457 2205 2538">
    <p class='ocr_par' dir='ltr' id='par_1_40' title="bbox 606 2457 2205 2538">
     <span class='ocr_line' id='line_1_40' title="bbox 606 2457 2205 2538; baseline -0.012 -9"><span class='ocrx_word' id='word_1_286' title='bbox 606 2472 844 2529; x_wconf 71' lang='lat' dir='ltr'><strong>vesania:</strong></span> <span class='ocrx_word' id='word_1_287' title='bbox 879 2466 1307 2538; x_wconf 88' lang='lat' dir='ltr'><strong>responderunt,</strong></span> <span class='ocrx_word' id='word_1_288' title='bbox 1352 2477 1438 2517; x_wconf 93' lang='lat' dir='ltr'><strong>me</strong></span> <span class='ocrx_word' id='word_1_289' title='bbox 1468 2473 1729 2515; x_wconf 87' lang='lat' dir='ltr'><strong>accusare</strong></span> <span class='ocrx_word' id='word_1_290' title='bbox 1779 2457 2001 2527; x_wconf 90' lang='lat' dir='ltr'><strong>poterit,</strong></span> <span class='ocrx_word' id='word_1_291' title='bbox 2037 2469 2205 2525; x_wconf 89' lang='lat' dir='ltr'><strong>quare</strong></span> 
     </span>
    </p>
   </div>
   <div class='ocr_carea' id='block_1_41' title="bbox 607 2548 2206 2635">
    <p class='ocr_par' dir='ltr' id='par_1_41' title="bbox 607 2548 2206 2635">
     <span class='ocr_line' id='line_1_41' title="bbox 607 2548 2206 2635; baseline -0.016 -9"><span class='ocrx_word' id='word_1_292' title='bbox 607 2584 717 2626; x_wconf 91' lang='lat' dir='ltr'><strong>non</strong></span> <span class='ocrx_word' id='word_1_293' title='bbox 778 2569 830 2622; x_wconf 88' lang='lat' dir='ltr'><strong>in</strong></span> <span class='ocrx_word' id='word_1_294' title='bbox 864 2559 1279 2635; x_wconf 68' lang='lat' dir='ltr'><strong>prmfatiuncula</strong></span> <span class='ocrx_word' id='word_1_295' title='bbox 1309 2566 1497 2612; x_wconf 89' lang='lat' dir='ltr'><strong>contra</strong></span> <span class='ocrx_word' id='word_1_296' title='bbox 1550 2554 1723 2607; x_wconf 89' lang='lat' dir='ltr'><strong>libros</strong></span> <span class='ocrx_word' id='word_1_297' title='bbox 1754 2549 2040 2621; x_wconf 86' lang='lat' dir='ltr'><strong>Porphyrii</strong></span> <span class='ocrx_word' id='word_1_298' title='bbox 2070 2548 2206 2603; x_wconf 82' lang='lat' dir='ltr'><strong>scri-</strong></span> 
     </span>
    </p>
   </div>
   <div class='ocr_carea' id='block_1_42' title="bbox 611 2638 2209 2733">
    <p class='ocr_par' dir='ltr' id='par_1_42' title="bbox 611 2638 2209 2733">
     <span class='ocr_line' id='line_1_42' title="bbox 611 2638 2209 2733; baseline -0.015 -17"><span class='ocrx_word' id='word_1_299' title='bbox 611 2662 836 2733; x_wconf 91' lang='lat' dir='ltr'><strong>pserim.</strong></span> <span class='ocrx_word' id='word_1_300' title='bbox 866 2657 967 2725; x_wconf 85' lang='lat' dir='ltr'><strong>Qui</strong></span> <span class='ocrx_word' id='word_1_301' title='bbox 999 2650 1306 2709; x_wconf 89' lang='lat' dir='ltr'><strong>istiusmodi</strong></span> <span class='ocrx_word' id='word_1_302' title='bbox 1346 2647 1521 2703; x_wconf 74' lang='lat' dir='ltr'><strong>nantia</strong></span> <span class='ocrx_word' id='word_1_303' title='bbox 1550 2650 1925 2707; x_wconf 84' lang='lat' dir='ltr'><strong>consectatur,</strong></span> <span class='ocrx_word' id='word_1_304' title='bbox 1959 2650 2016 2696; x_wconf 90' lang='lat' dir='ltr'><strong>et</strong></span> <span class='ocrx_word' id='word_1_305' title='bbox 2057 2638 2209 2695; x_wconf 89' lang='lat' dir='ltr'><strong>Scri-</strong></span> 
     </span>
    </p>
   </div>
   <div class='ocr_carea' id='block_1_43' title="bbox 609 2734 2211 2823">
    <p class='ocr_par' dir='ltr' id='par_1_43' title="bbox 609 2734 2211 2823">
     <span class='ocr_line' id='line_1_43' title="bbox 609 2734 2211 2823; baseline -0.014 -16"><span class='ocrx_word' id='word_1_306' title='bbox 609 2763 782 2823; x_wconf 73' lang='lat' dir='ltr'><strong>ptura:</strong></span> <span class='ocrx_word' id='word_1_307' title='bbox 812 2750 1096 2804; x_wconf 64' lang='lat' dir='ltr'><strong>llebraicaa</strong></span> <span class='ocrx_word' id='word_1_308' title='bbox 1117 2746 1406 2800; x_wconf 89' lang='lat' dir='ltr'><strong>veritatem</strong></span> <span class='ocrx_word' id='word_1_309' title='bbox 1441 2755 1547 2794; x_wconf 90' lang='lat' dir='ltr'><strong>non</strong></span> <span class='ocrx_word' id='word_1_310' title='bbox 1580 2738 1696 2791; x_wconf 91' lang='lat' dir='ltr'><strong>vult</strong></span> <span class='ocrx_word' id='word_1_311' title='bbox 1722 2738 1993 2806; x_wconf 86' lang='lat' dir='ltr'><strong>recipere,</strong></span> <span class='ocrx_word' id='word_1_312' title='bbox 2026 2734 2211 2788; x_wconf 88' lang='lat' dir='ltr'><strong>audiat</strong></span> 
     </span>
    </p>
   </div>
   <div class='ocr_carea' id='block_1_44' title="bbox 610 2827 2211 2913">
    <p class='ocr_par' dir='ltr' id='par_1_44' title="bbox 610 2827 2211 2913">
     <span class='ocr_line' id='line_1_44' title="bbox 610 2827 2211 2913; baseline -0.01 -15"><span class='ocrx_word' id='word_1_313' title='bbox 610 2845 782 2899; x_wconf 89' lang='lat' dir='ltr'><strong>libere</strong></span> <span class='ocrx_word' id='word_1_314' title='bbox 814 2841 1242 2913; x_wconf 88' lang='lat' dir='ltr'><strong>proclamantem</strong></span> <span class='ocrx_word' id='word_1_315' title='bbox 1278 2854 1288 2889; x_wconf 90' lang='lat'><strong>:</strong></span> <span class='ocrx_word' id='word_1_316' title='bbox 1326 2835 1490 2907; x_wconf 73' lang='lat'><strong>528</strong></span> <span class='ocrx_word' id='word_1_317' title='bbox 1512 2831 1689 2886; x_wconf 87' lang='lat' dir='ltr'><strong>Nemo</strong></span> <span class='ocrx_word' id='word_1_318' title='bbox 1714 2830 1860 2885; x_wconf 88' lang='lat' dir='ltr'><strong>enim</strong></span> <span class='ocrx_word' id='word_1_319' title='bbox 1892 2828 2104 2897; x_wconf 91' lang='lat' dir='ltr'><strong>cogitur</strong></span> <span class='ocrx_word' id='word_1_320' title='bbox 2134 2827 2211 2882; x_wconf 87' lang='lat' dir='ltr'><strong>le-</strong></span> 
     </span>
    </p>
   </div>
   <div class='ocr_carea' id='block_1_45' title="bbox 610 2919 2211 3011">
    <p class='ocr_par' dir='ltr' id='par_1_45' title="bbox 610 2919 2211 3011">
     <span class='ocr_line' id='line_1_45' title="bbox 610 2919 2211 3011; baseline -0.013 -15"><span class='ocrx_word' id='word_1_321' title='bbox 610 2954 765 3011; x_wconf 89' lang='lat' dir='ltr'><strong>gere,</strong></span> <span class='ocrx_word' id='word_1_322' title='bbox 799 2935 941 3005; x_wconf 89' lang='lat' dir='ltr'><strong>quod</strong></span> <span class='ocrx_word' id='word_1_323' title='bbox 974 2948 1080 2989; x_wconf 93' lang='lat' dir='ltr'><strong>non</strong></span> <span class='ocrx_word' id='word_1_324' title='bbox 1114 2931 1246 2985; x_wconf 89' lang='lat' dir='ltr'><strong>vult.</strong></span> <span class='ocrx_word' id='word_1_325' title='bbox 1267 2930 1377 2999; x_wconf 83' lang='lat' dir='ltr'><strong>Ego</strong></span> <span class='ocrx_word' id='word_1_326' title='bbox 1397 2925 1709 2997; x_wconf 85' lang='lat' dir='ltr'><strong>petentibus</strong></span> <span class='ocrx_word' id='word_1_327' title='bbox 1740 2921 1961 2991; x_wconf 89' lang='lat' dir='ltr'><strong>scripsi,</strong></span> <span class='ocrx_word' id='word_1_328' title='bbox 1992 2935 2101 2975; x_wconf 92' lang='lat' dir='ltr'><strong>non</strong></span> <span class='ocrx_word' id='word_1_329' title='bbox 2134 2919 2211 2975; x_wconf 87' lang='lat' dir='ltr'><strong>fa-</strong></span> 
     </span>
    </p>
   </div>
   <div class='ocr_carea' id='block_1_46' title="bbox 610 3014 2210 3098">
    <p class='ocr_par' dir='ltr' id='par_1_46' title="bbox 610 3014 2210 3098">
     <span class='ocr_line' id='line_1_46' title="bbox 610 3014 2210 3098; baseline -0.013 -10"><span class='ocrx_word' id='word_1_330' title='bbox 610 3029 892 3093; x_wconf 87' lang='lat' dir='ltr'><strong>stidiosis;</strong></span> <span class='ocrx_word' id='word_1_331' title='bbox 933 3026 1121 3098; x_wconf 87' lang='lat' dir='ltr'><strong>gratis,</strong></span> <span class='ocrx_word' id='word_1_332' title='bbox 1160 3019 1522 3083; x_wconf 88' lang='lat' dir='ltr'><strong>noninvidis;</strong></span> <span class='ocrx_word' id='word_1_333' title='bbox 1574 3016 1859 3081; x_wconf 90' lang='lat' dir='ltr'><strong>studiosis,</strong></span> <span class='ocrx_word' id='word_1_334' title='bbox 1912 3029 2021 3069; x_wconf 89' lang='lat' dir='ltr'><strong>non</strong></span> <span class='ocrx_word' id='word_1_335' title='bbox 2071 3014 2210 3068; x_wconf 85' lang='lat' dir='ltr'><strong>osci-</strong></span> 
     </span>
    </p>
   </div>
   <div class='ocr_carea' id='block_1_47' title="bbox 613 3106 2206 3182">
    <p class='ocr_par' dir='ltr' id='par_1_47' title="bbox 613 3106 2206 3182">
     <span class='ocr_line' id='line_1_47' title="bbox 613 3106 2206 3182; baseline -0.014 -2"><span class='ocrx_word' id='word_1_336' title='bbox 613 3123 877 3180; x_wconf 85' lang='lat' dir='ltr'><strong>tantibus.</strong></span> <span class='ocrx_word' id='word_1_337' title='bbox 920 3120 987 3174; x_wconf 86' lang='lat' dir='ltr'><strong>Et</strong></span> <span class='ocrx_word' id='word_1_338' title='bbox 1015 3128 1193 3173; x_wconf 90' lang='lat' dir='ltr'><strong>tamen</strong></span> <span class='ocrx_word' id='word_1_339' title='bbox 1246 3113 1419 3168; x_wconf 90' lang='lat' dir='ltr'><strong>miror</strong></span> <span class='ocrx_word' id='word_1_340' title='bbox 1470 3108 1742 3182; x_wconf 91' lang='lat' dir='ltr'><strong>quomodo</strong></span> <span class='ocrx_word' id='word_1_341' title='bbox 1774 3106 2206 3163; x_wconf 91' lang='lat' dir='ltr'><strong>Theodotionem</strong></span> 
     </span>
    </p>
   </div>
   <div class='ocr_carea' id='block_1_48' title="bbox 2303 1888 3902 1965">
    <p class='ocr_par' dir='ltr' id='par_1_48' title="bbox 2303 1888 3902 1965">
     <span class='ocr_line' id='line_1_48' title="bbox 2303 1888 3902 1965; baseline -0.004 -18"><span class='ocrx_word' id='word_1_342' title='bbox 2303 1892 2540 1965; x_wconf 90' lang='lat' dir='ltr'><strong>positum</strong></span> <span class='ocrx_word' id='word_1_343' title='bbox 2573 1902 2657 1948; x_wconf 92' lang='lat' dir='ltr'><strong>est</strong></span> <span class='ocrx_word' id='word_1_344' title='bbox 2688 1909 2700 1945; x_wconf 91' lang='lat'>:</span> <span class='ocrx_word' id='word_1_345' title='bbox 2736 1891 2897 1955; x_wconf 79' lang='lat' dir='ltr'><strong>Deus,</strong></span> <span class='ocrx_word' id='word_1_346' title='bbox 2931 1890 3070 1945; x_wconf 79' lang='lat' dir='ltr'><strong>Deus</strong></span> <span class='ocrx_word' id='word_1_347' title='bbox 3115 1906 3281 1952; x_wconf 81' lang='lat' dir='ltr'><strong>meus,</strong></span> <span class='ocrx_word' id='word_1_348' title='bbox 3315 1889 3508 1959; x_wconf 73' lang='lat' dir='ltr'><strong>respice</strong></span> <span class='ocrx_word' id='word_1_349' title='bbox 3527 1888 3581 1940; x_wconf 84' lang='lat' dir='ltr'><strong>in</strong></span> <span class='ocrx_word' id='word_1_350' title='bbox 3608 1904 3710 1951; x_wconf 88' lang='lat' dir='ltr'><strong>me,</strong></span> <span class='ocrx_word' id='word_1_351' title='bbox 3734 1902 3902 1957; x_wconf 82' lang='lat' dir='ltr'><strong>quare</strong></span> 
     </span>
    </p>
   </div>
   <div class='ocr_carea' id='block_1_49' title="bbox 2302 1977 3901 2053">
    <p class='ocr_par' dir='ltr' id='par_1_49' title="bbox 2302 1977 3901 2053">
     <span class='ocr_line' id='line_1_49' title="bbox 2302 1977 3901 2053; baseline -0.003 -15"><span class='ocrx_word' id='word_1_352' title='bbox 2302 2002 2382 2039; x_wconf 87' lang='lat' dir='ltr'><strong>me</strong></span> <span class='ocrx_word' id='word_1_353' title='bbox 2409 1984 2724 2053; x_wconf 80' lang='lat' dir='ltr'><strong>dereliquiati</strong></span> <span class='ocrx_word' id='word_1_354' title='bbox 2746 1983 2866 2053; x_wconf 81' lang='lat' dir='ltr'><strong>(Ps.</strong></span> <span class='ocrx_word' id='word_1_355' title='bbox 2898 1999 3010 2049; x_wconf 80' lang='lat' dir='ltr'><strong>xxi,</strong></span> <span class='ocrx_word' id='word_1_356' title='bbox 3034 1984 3087 2053; x_wconf 82' lang='grc'><strong>1)</strong></span> <span class='ocrx_word' id='word_1_357' title='bbox 3112 1983 3135 2036; x_wconf 89' lang='lat'><strong>?</strong></span> <span class='ocrx_word' id='word_1_358' title='bbox 3163 1992 3219 2037; x_wconf 92' lang='lat' dir='ltr'><strong>et</strong></span> <span class='ocrx_word' id='word_1_359' title='bbox 3246 1981 3413 2035; x_wconf 91' lang='lat' dir='ltr'><strong>multa</strong></span> <span class='ocrx_word' id='word_1_360' title='bbox 3433 1980 3517 2035; x_wconf 89' lang='lat' dir='ltr'><strong>his</strong></span> <span class='ocrx_word' id='word_1_361' title='bbox 3539 1978 3761 2034; x_wconf 88' lang='lat' dir='ltr'><strong>similia.</strong></span> <span class='ocrx_word' id='word_1_362' title='bbox 3792 1977 3901 2033; x_wconf 85' lang='lat' dir='ltr'><strong>Nec</strong></span> 
     </span>
    </p>
   </div>
   <div class='ocr_carea' id='block_1_50' title="bbox 2304 2074 3900 2149">
    <p class='ocr_par' dir='ltr' id='par_1_50' title="bbox 2304 2074 3900 2149">
     <span class='ocr_line' id='line_1_50' title="bbox 2304 2074 3900 2149; baseline -0.003 -16"><span class='ocrx_word' id='word_1_363' title='bbox 2304 2079 2409 2135; x_wconf 90' lang='lat' dir='ltr'><strong>hoc</strong></span> <span class='ocrx_word' id='word_1_364' title='bbox 2436 2080 2666 2134; x_wconf 89' lang='lat' dir='ltr'><strong>dicimus</strong></span> <span class='ocrx_word' id='word_1_365' title='bbox 2712 2078 2857 2149; x_wconf 90' lang='lat' dir='ltr'><strong>quod</strong></span> <span class='ocrx_word' id='word_1_366' title='bbox 2891 2076 3247 2147; x_wconf 88' lang='lat' dir='ltr'><strong>Septuaginta</strong></span> <span class='ocrx_word' id='word_1_367' title='bbox 3279 2077 3609 2145; x_wconf 87' lang='lat' dir='ltr'><strong>interpretes</strong></span> <span class='ocrx_word' id='word_1_368' title='bbox 3638 2074 3900 2145; x_wconf 85' lang='lat' dir='ltr'><strong>suggille-</strong></span> 
     </span>
    </p>
   </div>
   <div class='ocr_carea' id='block_1_51' title="bbox 2305 2165 3901 2241">
    <p class='ocr_par' dir='ltr' id='par_1_51' title="bbox 2305 2165 3901 2241">
     <span class='ocr_line' id='line_1_51' title="bbox 2305 2165 3901 2241; baseline -0.006 -14"><span class='ocrx_word' id='word_1_369' title='bbox 2305 2188 2447 2238; x_wconf 90' lang='lat' dir='ltr'><strong>mus,</strong></span> <span class='ocrx_word' id='word_1_370' title='bbox 2477 2170 2571 2226; x_wconf 88' lang='lat' dir='ltr'><strong>sed</strong></span> <span class='ocrx_word' id='word_1_371' title='bbox 2600 2171 2745 2240; x_wconf 89' lang='lat' dir='ltr'><strong>quod</strong></span> <span class='ocrx_word' id='word_1_372' title='bbox 2775 2170 3147 2241; x_wconf 85' lang='lat' dir='ltr'><strong>apostolorum</strong></span> <span class='ocrx_word' id='word_1_373' title='bbox 3177 2177 3234 2223; x_wconf 91' lang='lat' dir='ltr'><strong>et</strong></span> <span class='ocrx_word' id='word_1_374' title='bbox 3258 2168 3464 2223; x_wconf 88' lang='lat' dir='ltr'><strong>Christi</strong></span> <span class='ocrx_word' id='word_1_375' title='bbox 3508 2165 3683 2236; x_wconf 88' lang='lat' dir='ltr'><strong>major</strong></span> <span class='ocrx_word' id='word_1_376' title='bbox 3706 2167 3777 2221; x_wconf 92' lang='lat' dir='ltr'><strong>sit</strong></span> <span class='ocrx_word' id='word_1_377' title='bbox 3807 2180 3901 2219; x_wconf 33' lang='lat' dir='ltr'><strong>aus</strong></span> 
     </span>
    </p>
   </div>
   <div class='ocr_carea' id='block_1_52' title="bbox 2306 2258 3902 2336">
    <p class='ocr_par' dir='ltr' id='par_1_52' title="bbox 2306 2258 3902 2336">
     <span class='ocr_line' id='line_1_52' title="bbox 2306 2258 3902 2336; baseline -0.004 -17"><span class='ocrx_word' id='word_1_378' title='bbox 2306 2264 2554 2331; x_wconf 78' lang='lat' dir='ltr'><strong>ctoritas,</strong></span> <span class='ocrx_word' id='word_1_379' title='bbox 2580 2263 2743 2336; x_wconf 78' lang='lat'><strong>529</strong></span> <span class='ocrx_word' id='word_1_380' title='bbox 2765 2272 2818 2317; x_wconf 90' lang='lat' dir='ltr'><strong>et</strong></span> <span class='ocrx_word' id='word_1_381' title='bbox 2846 2261 3175 2328; x_wconf 78' lang='lat' dir='ltr'><strong>ubicumque</strong></span> <span class='ocrx_word' id='word_1_382' title='bbox 3198 2260 3556 2330; x_wconf 86' lang='lat' dir='ltr'><strong>Septuaginta</strong></span> <span class='ocrx_word' id='word_1_383' title='bbox 3580 2259 3649 2314; x_wconf 90' lang='lat' dir='ltr'><strong>ab</strong></span> <span class='ocrx_word' id='word_1_384' title='bbox 3676 2258 3902 2314; x_wconf 66' lang='lat' dir='ltr'><strong>Hebraeo</strong></span> 
     </span>
    </p>
   </div>
   <div class='ocr_carea' id='block_1_53' title="bbox 2309 2350 3901 2422">
    <p class='ocr_par' dir='ltr' id='par_1_53' title="bbox 2309 2350 3901 2422">
     <span class='ocr_line' id='line_1_53' title="bbox 2309 2350 3901 2422; baseline -0.004 -12"><span class='ocrx_word' id='word_1_385' title='bbox 2309 2369 2417 2410; x_wconf 92' lang='lat' dir='ltr'><strong>non</strong></span> <span class='ocrx_word' id='word_1_386' title='bbox 2444 2354 2782 2419; x_wconf 83' lang='lat' dir='ltr'><strong>discordant,</strong></span> <span class='ocrx_word' id='word_1_387' title='bbox 2813 2353 2885 2407; x_wconf 89' lang='lat' dir='ltr'><strong>ibi</strong></span> <span class='ocrx_word' id='word_1_388' title='bbox 2910 2352 3187 2421; x_wconf 88' lang='lat' dir='ltr'><strong>apostolos</strong></span> <span class='ocrx_word' id='word_1_389' title='bbox 3225 2350 3293 2406; x_wconf 88' lang='lat' dir='ltr'><strong>de</strong></span> <span class='ocrx_word' id='word_1_390' title='bbox 3324 2351 3781 2422; x_wconf 88' lang='lat' dir='ltr'><strong>interpretatione</strong></span> <span class='ocrx_word' id='word_1_391' title='bbox 3809 2365 3901 2405; x_wconf 89' lang='lat' dir='ltr'><strong>eo-</strong></span> 
     </span>
    </p>
   </div>
   <div class='ocr_carea' id='block_1_54' title="bbox 2309 2442 3908 2517">
    <p class='ocr_par' dir='ltr' id='par_1_54' title="bbox 2309 2442 3908 2517">
     <span class='ocr_line' id='line_1_54' title="bbox 2309 2442 3908 2517; baseline -0.004 -14"><span class='ocrx_word' id='word_1_392' title='bbox 2309 2464 2428 2503; x_wconf 89' lang='lat' dir='ltr'><strong>rum</strong></span> <span class='ocrx_word' id='word_1_393' title='bbox 2459 2446 2707 2517; x_wconf 79' lang='lat' dir='ltr'><strong>exempla</strong></span> <span class='ocrx_word' id='word_1_394' title='bbox 2727 2446 3054 2516; x_wconf 89' lang='lat' dir='ltr'><strong>sumpsisse;</strong></span> <span class='ocrx_word' id='word_1_395' title='bbox 3079 2444 3171 2500; x_wconf 90' lang='lat' dir='ltr'><strong>ubi</strong></span> <span class='ocrx_word' id='word_1_396' title='bbox 3203 2459 3335 2499; x_wconf 89' lang='lat' dir='ltr'><strong>vero</strong></span> <span class='ocrx_word' id='word_1_397' title='bbox 3369 2444 3711 2514; x_wconf 87' lang='lat' dir='ltr'><strong>discrepant,</strong></span> <span class='ocrx_word' id='word_1_398' title='bbox 3738 2442 3792 2498; x_wconf 89' lang='lat' dir='ltr'><strong>id</strong></span> <span class='ocrx_word' id='word_1_399' title='bbox 3820 2457 3908 2513; x_wconf 79' lang='lat' dir='ltr'><strong>po—</strong></span> 
     </span>
    </p>
   </div>
   <div class='ocr_carea' id='block_1_55' title="bbox 2310 2535 3904 2607">
    <p class='ocr_par' dir='ltr' id='par_1_55' title="bbox 2310 2535 3904 2607">
     <span class='ocr_line' id='line_1_55' title="bbox 2310 2535 3904 2607; baseline -0.003 -14"><span class='ocrx_word' id='word_1_400' title='bbox 2310 2540 2485 2595; x_wconf 90' lang='lat' dir='ltr'><strong>suisse</strong></span> <span class='ocrx_word' id='word_1_401' title='bbox 2542 2540 2595 2594; x_wconf 90' lang='lat' dir='ltr'><strong>in</strong></span> <span class='ocrx_word' id='word_1_402' title='bbox 2627 2537 2850 2602; x_wconf 65' lang='lat' dir='ltr'><strong>Graeco,</strong></span> <span class='ocrx_word' id='word_1_403' title='bbox 2908 2536 3051 2605; x_wconf 89' lang='lat' dir='ltr'><strong>quod</strong></span> <span class='ocrx_word' id='word_1_404' title='bbox 3089 2536 3233 2607; x_wconf 90' lang='lat' dir='ltr'><strong>apud</strong></span> <span class='ocrx_word' id='word_1_405' title='bbox 3271 2535 3534 2592; x_wconf 72' lang='lat' dir='ltr'><strong>Hebraeos</strong></span> <span class='ocrx_word' id='word_1_406' title='bbox 3575 2535 3904 2591; x_wconf 81' lang='lat' dir='ltr'><strong>didicerant.</strong></span> 
     </span>
    </p>
   </div>
   <div class='ocr_carea' id='block_1_56' title="bbox 2311 2629 3909 2701">
    <p class='ocr_par' dir='ltr' id='par_1_56' title="bbox 2311 2629 3909 2701">
     <span class='ocr_line' id='line_1_56' title="bbox 2311 2629 3909 2701; baseline -0.003 -14"><span class='ocrx_word' id='word_1_407' title='bbox 2311 2632 2461 2687; x_wconf 90' lang='lat' dir='ltr'><strong>Sicut</strong></span> <span class='ocrx_word' id='word_1_408' title='bbox 2505 2646 2635 2701; x_wconf 91' lang='lat' dir='ltr'><strong>ergo</strong></span> <span class='ocrx_word' id='word_1_409' title='bbox 2673 2644 2773 2700; x_wconf 88' lang='lat' dir='ltr'><strong>ego</strong></span> <span class='ocrx_word' id='word_1_410' title='bbox 2805 2629 3036 2685; x_wconf 90' lang='lat' dir='ltr'><strong>ostendo</strong></span> <span class='ocrx_word' id='word_1_411' title='bbox 3066 2629 3235 2684; x_wconf 90' lang='lat' dir='ltr'><strong>multa</strong></span> <span class='ocrx_word' id='word_1_412' title='bbox 3284 2630 3338 2683; x_wconf 91' lang='lat' dir='ltr'><strong>in</strong></span> <span class='ocrx_word' id='word_1_413' title='bbox 3376 2644 3519 2684; x_wconf 89' lang='lat' dir='ltr'><strong>novo</strong></span> <span class='ocrx_word' id='word_1_414' title='bbox 3558 2629 3909 2685; x_wconf 82' lang='lat' dir='ltr'><strong>Testamento</strong></span> 
     </span>
    </p>
   </div>
   <div class='ocr_carea' id='block_1_57' title="bbox 2313 2720 3909 2792">
    <p class='ocr_par' dir='ltr' id='par_1_57' title="bbox 2313 2720 3909 2792">
     <span class='ocr_line' id='line_1_57' title="bbox 2313 2720 3909 2792; baseline -0.001 -16"><span class='ocrx_word' id='word_1_415' title='bbox 2313 2722 2488 2792; x_wconf 87' lang='lat' dir='ltr'><strong>posita</strong></span> <span class='ocrx_word' id='word_1_416' title='bbox 2520 2722 2588 2777; x_wconf 92' lang='lat' dir='ltr'><strong>de</strong></span> <span class='ocrx_word' id='word_1_417' title='bbox 2635 2723 2918 2777; x_wconf 87' lang='lat' dir='ltr'><strong>veteribus</strong></span> <span class='ocrx_word' id='word_1_418' title='bbox 2962 2721 3134 2787; x_wconf 90' lang='lat' dir='ltr'><strong>libris,</strong></span> <span class='ocrx_word' id='word_1_419' title='bbox 3175 2736 3294 2792; x_wconf 77' lang='lat' dir='ltr'><strong>qua:</strong></span> <span class='ocrx_word' id='word_1_420' title='bbox 3338 2721 3391 2775; x_wconf 92' lang='lat' dir='ltr'><strong>in</strong></span> <span class='ocrx_word' id='word_1_421' title='bbox 3418 2720 3779 2792; x_wconf 87' lang='lat' dir='ltr'><strong>Septuaginta</strong></span> <span class='ocrx_word' id='word_1_422' title='bbox 3812 2735 3909 2777; x_wconf 91' lang='lat' dir='ltr'><strong>non</strong></span> 
     </span>
    </p>
   </div>
   <div class='ocr_carea' id='block_1_58' title="bbox 2314 2813 3913 2885">
    <p class='ocr_par' dir='ltr' id='par_1_58' title="bbox 2314 2813 3913 2885">
     <span class='ocr_line' id='line_1_58' title="bbox 2314 2813 3913 2885; baseline 0.001 -17"><span class='ocrx_word' id='word_1_423' title='bbox 2314 2814 2602 2881; x_wconf 88' lang='lat' dir='ltr'><strong>habentur,</strong></span> <span class='ocrx_word' id='word_1_424' title='bbox 2632 2824 2688 2870; x_wconf 91' lang='lat' dir='ltr'><strong>et</strong></span> <span class='ocrx_word' id='word_1_425' title='bbox 2718 2816 2832 2870; x_wconf 73' lang='lat' dir='ltr'><strong>btec</strong></span> <span class='ocrx_word' id='word_1_426' title='bbox 2858 2814 3059 2885; x_wconf 90' lang='lat' dir='ltr'><strong>scripta</strong></span> <span class='ocrx_word' id='word_1_427' title='bbox 3091 2815 3143 2869; x_wconf 93' lang='lat' dir='ltr'><strong>in</strong></span> <span class='ocrx_word' id='word_1_428' title='bbox 3196 2813 3462 2870; x_wconf 85' lang='lat' dir='ltr'><strong>Hebraico</strong></span> <span class='ocrx_word' id='word_1_429' title='bbox 3493 2814 3689 2877; x_wconf 88' lang='lat' dir='ltr'><strong>doceo,</strong></span> <span class='ocrx_word' id='word_1_430' title='bbox 3720 2814 3806 2870; x_wconf 89' lang='lat' dir='ltr'><strong>sic</strong></span> <span class='ocrx_word' id='word_1_431' title='bbox 3830 2829 3913 2869; x_wconf 85' lang='lat' dir='ltr'><strong>ac-</strong></span> 
     </span>
    </p>
   </div>
   <div class='ocr_carea' id='block_1_59' title="bbox 2314 2905 3915 2977">
    <p class='ocr_par' dir='ltr' id='par_1_59' title="bbox 2314 2905 3915 2977">
     <span class='ocr_line' id='line_1_59' title="bbox 2314 2905 3915 2977; baseline 0 -16"><span class='ocrx_word' id='word_1_432' title='bbox 2314 2906 2875 2970; x_wconf 89' lang='lat' dir='ltr'><strong>cusatorostendat,</strong></span> <span class='ocrx_word' id='word_1_433' title='bbox 2930 2906 3131 2975; x_wconf 87' lang='lat' dir='ltr'><strong>aliquid</strong></span> <span class='ocrx_word' id='word_1_434' title='bbox 3187 2906 3447 2977; x_wconf 90' lang='lat' dir='ltr'><strong>scriptum</strong></span> <span class='ocrx_word' id='word_1_435' title='bbox 3491 2920 3614 2961; x_wconf 90' lang='lat' dir='ltr'><strong>esse</strong></span> <span class='ocrx_word' id='word_1_436' title='bbox 3670 2905 3725 2960; x_wconf 90' lang='lat' dir='ltr'><strong>in</strong></span> <span class='ocrx_word' id='word_1_437' title='bbox 3780 2920 3915 2961; x_wconf 86' lang='lat' dir='ltr'><strong>novo</strong></span> 
     </span>
    </p>
   </div>
   <div class='ocr_carea' id='block_1_60' title="bbox 2316 3000 3912 3071">
    <p class='ocr_par' dir='ltr' id='par_1_60' title="bbox 2316 3000 3912 3071">
     <span class='ocr_line' id='line_1_60' title="bbox 2316 3000 3912 3071; baseline 0 -16"><span class='ocrx_word' id='word_1_438' title='bbox 2316 3000 2665 3055; x_wconf 88' lang='lat' dir='ltr'><strong>Testamento</strong></span> <span class='ocrx_word' id='word_1_439' title='bbox 2717 3000 2784 3055; x_wconf 92' lang='lat' dir='ltr'><strong>de</strong></span> <span class='ocrx_word' id='word_1_440' title='bbox 2812 3000 3161 3071; x_wconf 89' lang='lat' dir='ltr'><strong>Septuaginta</strong></span> <span class='ocrx_word' id='word_1_441' title='bbox 3211 3000 3598 3069; x_wconf 88' lang='lat' dir='ltr'><strong>interpretibus</strong></span> <span class='ocrx_word' id='word_1_442' title='bbox 3630 3039 3644 3063; x_wconf 87' lang='lat'><strong>,</strong></span> <span class='ocrx_word' id='word_1_443' title='bbox 3675 3001 3826 3070; x_wconf 90' lang='lat' dir='ltr'><strong>quod</strong></span> <span class='ocrx_word' id='word_1_444' title='bbox 3866 3001 3912 3054; x_wconf 92' lang='lat' dir='ltr'><strong>in</strong></span> 
     </span>
    </p>
   </div>
   <div class='ocr_carea' id='block_1_61' title="bbox 2319 3092 3815 3157">
    <p class='ocr_par' dir='ltr' id='par_1_61' title="bbox 2319 3092 3815 3157">
     <span class='ocr_line' id='line_1_61' title="bbox 2319 3092 3815 3157; baseline -0.002 -8"><span class='ocrx_word' id='word_1_445' title='bbox 2319 3094 2584 3150; x_wconf 90' lang='lat' dir='ltr'><strong>llebraico</strong></span> <span class='ocrx_word' id='word_1_446' title='bbox 2615 3108 2718 3149; x_wconf 93' lang='lat' dir='ltr'><strong>non</strong></span> <span class='ocrx_word' id='word_1_447' title='bbox 2746 3094 3006 3150; x_wconf 88' lang='lat' dir='ltr'><strong>habeatur</strong></span> <span class='ocrx_word' id='word_1_448' title='bbox 3037 3133 3052 3157; x_wconf 94' lang='lat'><strong>,</strong></span> <span class='ocrx_word' id='word_1_449' title='bbox 3104 3102 3159 3148; x_wconf 90' lang='lat' dir='ltr'><strong>et</strong></span> <span class='ocrx_word' id='word_1_450' title='bbox 3186 3093 3335 3147; x_wconf 88' lang='lat' dir='ltr'><strong>ﬁnita</strong></span> <span class='ocrx_word' id='word_1_451' title='bbox 3384 3092 3664 3148; x_wconf 89' lang='lat' dir='ltr'><strong>contentio</strong></span> <span class='ocrx_word' id='word_1_452' title='bbox 3700 3104 3815 3149; x_wconf 84' lang='lat' dir='ltr'><strong>est.</strong></span> 
     </span>
    </p>
   </div>
   <div class='ocr_carea' id='block_1_62' title="bbox 615 3184 3913 3277">
    <p class='ocr_par' dir='ltr' id='par_1_62' title="bbox 615 3184 3913 3277">
     <span class='ocr_line' id='line_1_62' title="bbox 615 3184 3913 3277; baseline -0.01 -7"><span class='ocrx_word' id='word_1_453' title='bbox 615 3213 933 3271; x_wconf 73' lang='lat' dir='ltr'><strong>hmreticum</strong></span> <span class='ocrx_word' id='word_1_454' title='bbox 993 3216 1048 3264; x_wconf 92' lang='lat' dir='ltr'><strong>et</strong></span> <span class='ocrx_word' id='word_1_455' title='bbox 1095 3206 1463 3277; x_wconf 87' lang='lat' dir='ltr'><strong>judaizantcm</strong></span> <span class='ocrx_word' id='word_1_456' title='bbox 1495 3202 1647 3271; x_wconf 87' lang='lat' dir='ltr'><strong>legit,</strong></span> <span class='ocrx_word' id='word_1_457' title='bbox 1684 3208 1739 3255; x_wconf 90' lang='lat' dir='ltr'><strong>et</strong></span> <span class='ocrx_word' id='word_1_458' title='bbox 1796 3197 2207 3268; x_wconf 86' lang='lat' dir='ltr'><strong>qualiscumque</strong></span> <span class='ocrx_word' id='word_1_459' title='bbox 2236 3184 2282 3248; x_wconf 91' lang='lat' dir='ltr'>C</span> <span class='ocrx_word' id='word_1_460' title='bbox 2385 3187 2474 3242; x_wconf 80' lang='grc'><strong>55.</strong></span> <span class='ocrx_word' id='word_1_461' title='bbox 2507 3187 2690 3260; x_wconf 69' lang='lat' dir='ltr'><strong>Operi:</strong></span> <span class='ocrx_word' id='word_1_462' title='bbox 2711 3185 3172 3240; x_wconf 79' lang='lat' dir='ltr'><strong>Conclusio.—Ex</strong></span> <span class='ocrx_word' id='word_1_463' title='bbox 3198 3184 3396 3254; x_wconf 85' lang='lat' dir='ltr'><strong>quibus</strong></span> <span class='ocrx_word' id='word_1_464' title='bbox 3424 3184 3681 3239; x_wconf 90' lang='lat' dir='ltr'><strong>omnibus</strong></span> <span class='ocrx_word' id='word_1_465' title='bbox 3710 3199 3913 3257; x_wconf 85' lang='lat' dir='ltr'><strong>appro-</strong></span> 
     </span>
    </p>
   </div>
   <div class='ocr_carea' id='block_1_63' title="bbox 615 3288 1927 3377">
    <p class='ocr_par' dir='ltr' id='par_1_63' title="bbox 615 3288 1927 3377">
     <span class='ocr_line' id='line_1_63' title="bbox 615 3288 1927 3377; baseline -0.013 -15"><span class='ocrx_word' id='word_1_466' title='bbox 615 3303 920 3377; x_wconf 89' lang='lat' dir='ltr'><strong>peccatoris</strong></span> <span class='ocrx_word' id='word_1_467' title='bbox 942 3298 1223 3357; x_wconf 89' lang='lat' dir='ltr'><strong>christiani</strong></span> <span class='ocrx_word' id='word_1_468' title='bbox 1251 3294 1669 3351; x_wconf 90' lang='lat' dir='ltr'><strong>translationem</strong></span> <span class='ocrx_word' id='word_1_469' title='bbox 1698 3288 1927 3346; x_wconf 79' lang='lat' dir='ltr'><strong>fastidit.</strong></span> 
     </span>
    </p>
   </div>
   <div class='ocr_carea' id='block_1_64' title="bbox 690 3379 2215 3461">
    <p class='ocr_par' dir='ltr' id='par_1_64' title="bbox 690 3379 2215 3461">
     <span class='ocr_line' id='line_1_64' title="bbox 690 3379 2215 3461; baseline -0.012 -9"><span class='ocrx_word' id='word_1_470' title='bbox 690 3395 782 3452; x_wconf 74' lang='grc'><strong>54.</strong></span> <span class='ocrx_word' id='word_1_471' title='bbox 806 3395 1002 3461; x_wconf 59' lang='lat' dir='ltr'><strong>Quaeso</strong></span> <span class='ocrx_word' id='word_1_472' title='bbox 1029 3400 1104 3457; x_wconf 92' lang='lat' dir='ltr'><strong>te,</strong></span> <span class='ocrx_word' id='word_1_473' title='bbox 1133 3388 1307 3444; x_wconf 90' lang='lat' dir='ltr'><strong>amice</strong></span> <span class='ocrx_word' id='word_1_474' title='bbox 1332 3384 1677 3449; x_wconf 90' lang='lat' dir='ltr'><strong>dulcissime,</strong></span> <span class='ocrx_word' id='word_1_475' title='bbox 1706 3382 1798 3452; x_wconf 92' lang='lat' dir='ltr'><strong>qui</strong></span> <span class='ocrx_word' id='word_1_476' title='bbox 1819 3391 1925 3436; x_wconf 91' lang='lat' dir='ltr'><strong>tam</strong></span> <span class='ocrx_word' id='word_1_477' title='bbox 1961 3379 2215 3435; x_wconf 89' lang='lat' dir='ltr'><strong>curiosus</strong></span> 
     </span>
    </p>
   </div>
   <div class='ocr_carea' id='block_1_65' title="bbox 614 3477 2219 3558">
    <p class='ocr_par' dir='ltr' id='par_1_65' title="bbox 614 3477 2219 3558">
     <span class='ocr_line' id='line_1_65' title="bbox 614 3477 2219 3558; baseline -0.014 -10"><span class='ocrx_word' id='word_1_478' title='bbox 614 3508 699 3558; x_wconf 91' lang='lat' dir='ltr'><strong>es,</strong></span> <span class='ocrx_word' id='word_1_479' title='bbox 727 3499 786 3545; x_wconf 92' lang='lat' dir='ltr'><strong>ut</strong></span> <span class='ocrx_word' id='word_1_480' title='bbox 815 3489 977 3544; x_wconf 89' lang='lat' dir='ltr'><strong>etiam</strong></span> <span class='ocrx_word' id='word_1_481' title='bbox 1005 3485 1217 3541; x_wconf 90' lang='lat' dir='ltr'><strong>somnia</strong></span> <span class='ocrx_word' id='word_1_482' title='bbox 1247 3497 1365 3537; x_wconf 88' lang='lat' dir='ltr'><strong>mea</strong></span> <span class='ocrx_word' id='word_1_483' title='bbox 1394 3479 1631 3543; x_wconf 90' lang='lat' dir='ltr'><strong>noveris,</strong></span> <span class='ocrx_word' id='word_1_484' title='bbox 1668 3477 1957 3544; x_wconf 91' lang='lat' dir='ltr'><strong>omniaque</strong></span> <span class='ocrx_word' id='word_1_485' title='bbox 1978 3489 2100 3545; x_wconf 86' lang='lat' dir='ltr'><strong>quae</strong></span> <span class='ocrx_word' id='word_1_486' title='bbox 2125 3487 2219 3543; x_wconf 90' lang='lat' dir='ltr'><strong>per</strong></span> 
     </span>
    </p>
   </div>
   <div class='ocr_carea' id='block_1_66' title="bbox 618 3565 2216 3646">
    <p class='ocr_par' dir='ltr' id='par_1_66' title="bbox 618 3565 2216 3646">
     <span class='ocr_line' id='line_1_66' title="bbox 618 3565 2216 3646; baseline -0.013 -8"><span class='ocrx_word' id='word_1_487' title='bbox 618 3592 697 3639; x_wconf 91' lang='lat' dir='ltr'><strong>tot</strong></span> <span class='ocrx_word' id='word_1_488' title='bbox 728 3594 902 3636; x_wconf 88' lang='lat' dir='ltr'><strong>annos</strong></span> <span class='ocrx_word' id='word_1_489' title='bbox 929 3578 1136 3646; x_wconf 89' lang='lat' dir='ltr'><strong>absque</strong></span> <span class='ocrx_word' id='word_1_490' title='bbox 1178 3583 1324 3629; x_wconf 91' lang='lat' dir='ltr'><strong>metu</strong></span> <span class='ocrx_word' id='word_1_491' title='bbox 1355 3573 1552 3627; x_wconf 78' lang='lat' dir='ltr'><strong>futura:</strong></span> <span class='ocrx_word' id='word_1_492' title='bbox 1584 3568 1781 3639; x_wconf 88' lang='lat' dir='ltr'><strong>scripsi</strong></span> <span class='ocrx_word' id='word_1_493' title='bbox 1820 3568 2130 3631; x_wconf 72' lang='lat' dir='ltr'><strong>calumnim,</strong></span> <span class='ocrx_word' id='word_1_494' title='bbox 2163 3565 2216 3618; x_wconf 90' lang='lat' dir='ltr'><strong>in</strong></span> 
     </span>
    </p>
   </div>
   <div class='ocr_carea' id='block_1_67' title="bbox 615 3658 2219 3733">
    <p class='ocr_par' dir='ltr' id='par_1_67' title="bbox 615 3658 2219 3733">
     <span class='ocr_line' id='line_1_67' title="bbox 615 3658 2219 3733; baseline -0.012 -2"><span class='ocrx_word' id='word_1_495' title='bbox 615 3673 1024 3730; x_wconf 86' lang='lat' dir='ltr'><strong>accusationem</strong></span> <span class='ocrx_word' id='word_1_496' title='bbox 1053 3682 1249 3731; x_wconf 85' lang='lat' dir='ltr'><strong>vocas;</strong></span> <span class='ocrx_word' id='word_1_497' title='bbox 1275 3675 1333 3720; x_wconf 91' lang='lat' dir='ltr'><strong>ut</strong></span> <span class='ocrx_word' id='word_1_498' title='bbox 1352 3661 1711 3733; x_wconf 87' lang='lat' dir='ltr'><strong>respondeas,</strong></span> <span class='ocrx_word' id='word_1_499' title='bbox 1735 3658 2219 3731; x_wconf 61' lang='lat' dir='ltr'><strong>quomodozeorum</strong></span> 
     </span>
    </p>
   </div>
   <div class='ocr_carea' id='block_1_68' title="bbox 620 3755 2222 3836">
    <p class='ocr_par' dir='ltr' id='par_1_68' title="bbox 620 3755 2222 3836">
     <span class='ocr_line' id='line_1_68' title="bbox 620 3755 2222 3836; baseline -0.011 -16"><span class='ocrx_word' id='word_1_500' title='bbox 620 3764 968 3836; x_wconf 65' lang='lat' dir='ltr'><strong>praefationes</strong></span> <span class='ocrx_word' id='word_1_501' title='bbox 1022 3759 1286 3814; x_wconf 90' lang='lat' dir='ltr'><strong>librorum</strong></span> <span class='ocrx_word' id='word_1_502' title='bbox 1311 3755 1569 3819; x_wconf 63' lang='lat' dir='ltr'><strong>.nescias,</strong></span> <span class='ocrx_word' id='word_1_503' title='bbox 1598 3766 1736 3823; x_wconf 86' lang='lat' dir='ltr'><strong>quos</strong></span> <span class='ocrx_word' id='word_1_504' title='bbox 1792 3765 2020 3806; x_wconf 86' lang='lat' dir='ltr'><strong>accusas</strong></span> <span class='ocrx_word' id='word_1_505' title='bbox 2056 3771 2070 3806; x_wconf 92' lang='lat'>:</span> <span class='ocrx_word' id='word_1_506' title='bbox 2100 3765 2222 3819; x_wconf 70' lang='lat' dir='ltr'><strong>qua:</strong></span> 
     </span>
    </p>
   </div>
   <div class='ocr_carea' id='block_1_69' title="bbox 621 3841 2219 3926">
    <p class='ocr_par' dir='ltr' id='par_1_69' title="bbox 621 3841 2219 3926">
     <span class='ocr_line' id='line_1_69' title="bbox 621 3841 2219 3926; baseline -0.009 -16"><span class='ocrx_word' id='word_1_507' title='bbox 621 3854 857 3926; x_wconf 88' lang='lat' dir='ltr'><strong>quodam</strong></span> <span class='ocrx_word' id='word_1_508' title='bbox 886 3851 1147 3908; x_wconf 89' lang='lat' dir='ltr'><strong>vaticinio</strong></span> <span class='ocrx_word' id='word_1_509' title='bbox 1174 3890 1188 3915; x_wconf 97' lang='lat'><strong>,</strong></span> <span class='ocrx_word' id='word_1_510' title='bbox 1218 3849 1412 3902; x_wconf 67' lang='lat' dir='ltr'><strong>futura:</strong></span> <span class='ocrx_word' id='word_1_511' title='bbox 1452 3846 1742 3900; x_wconf 55' lang='lat' dir='ltr'><strong>calumnia!</strong></span> <span class='ocrx_word' id='word_1_512' title='bbox 1770 3841 2219 3913; x_wconf 76' lang='lat' dir='ltr'><strong>responderunt;</strong></span> 
     </span>
    </p>
   </div>
   <div class='ocr_carea' id='block_1_70' title="bbox 626 3938 2222 4016">
    <p class='ocr_par' dir='ltr' id='par_1_70' title="bbox 626 3938 2222 4016">
     <span class='ocr_line' id='line_1_70' title="bbox 626 3938 2222 4016; baseline -0.01 -10"><span class='ocrx_word' id='word_1_513' title='bbox 626 3950 913 4016; x_wconf 88' lang='lat' dir='ltr'><strong>implentes</strong></span> <span class='ocrx_word' id='word_1_514' title='bbox 961 3944 1356 4016; x_wconf 87' lang='lat' dir='ltr'><strong>proverbium:</strong></span> <span class='ocrx_word' id='word_1_515' title='bbox 1418 3958 1436 3991; x_wconf 75' lang='grc' dir='ltr'><strong><em>ι</em></strong></span> <span class='ocrx_word' id='word_1_516' title='bbox 1473 3939 1633 3994; x_wconf 90' lang='lat' dir='ltr'><strong>Prius</strong></span> <span class='ocrx_word' id='word_1_517' title='bbox 1686 3938 2011 4002; x_wconf 89' lang='lat' dir='ltr'><strong>antidotum,</strong></span> <span class='ocrx_word' id='word_1_518' title='bbox 2062 3951 2222 4007; x_wconf 91' lang='lat' dir='ltr'><strong>quam</strong></span> 
     </span>
    </p>
   </div>
   <div class='ocr_carea' id='block_1_71' title="bbox 624 4026 2225 4104">
    <p class='ocr_par' dir='ltr' id='par_1_71' title="bbox 624 4026 2225 4104">
     <span class='ocr_line' id='line_1_71' title="bbox 624 4026 2225 4104; baseline -0.009 -9"><span class='ocrx_word' id='word_1_519' title='bbox 624 4055 919 4098; x_wconf 90' lang='lat' dir='ltr'><strong>venenum.</strong></span> <span class='ocrx_word' id='word_1_520' title='bbox 962 4056 982 4089; x_wconf 72' lang='grc' dir='ltr'><strong><em>ι</em></strong></span> <span class='ocrx_word' id='word_1_521' title='bbox 1020 4034 1161 4104; x_wconf 90' lang='lat' dir='ltr'><strong>Quid</strong></span> <span class='ocrx_word' id='word_1_522' title='bbox 1207 4040 1366 4088; x_wconf 91' lang='lat' dir='ltr'><strong>nocet</strong></span> <span class='ocrx_word' id='word_1_523' title='bbox 1394 4030 1644 4087; x_wconf 91' lang='lat' dir='ltr'><strong>ecclesiis</strong></span> <span class='ocrx_word' id='word_1_524' title='bbox 1673 4038 1857 4084; x_wconf 87' lang='lat' dir='ltr'><strong>nostra</strong></span> <span class='ocrx_word' id='word_1_525' title='bbox 1888 4026 2225 4083; x_wconf 80' lang='lat' dir='ltr'><strong>translatio?</strong></span> 
     </span>
    </p>
   </div>
   <div class='ocr_carea' id='block_1_72' title="bbox 627 4120 2228 4203">
    <p class='ocr_par' dir='ltr' id='par_1_72' title="bbox 627 4120 2228 4203">
     <span class='ocr_line' id='line_1_72' title="bbox 627 4120 2228 4203; baseline -0.009 -15"><span class='ocrx_word' id='word_1_526' title='bbox 627 4133 857 4203; x_wconf 85' lang='lat' dir='ltr'><strong>Magnis,</strong></span> <span class='ocrx_word' id='word_1_527' title='bbox 889 4139 949 4185; x_wconf 88' lang='lat' dir='ltr'><strong>ut</strong></span> <span class='ocrx_word' id='word_1_528' title='bbox 1004 4129 1139 4195; x_wconf 91' lang='lat' dir='ltr'><strong>scio,</strong></span> <span class='ocrx_word' id='word_1_529' title='bbox 1194 4124 1502 4195; x_wconf 90' lang='lat' dir='ltr'><strong>sumptibus</strong></span> <span class='ocrx_word' id='word_1_530' title='bbox 1550 4123 1830 4179; x_wconf 89' lang='lat' dir='ltr'><strong>redemisti</strong></span> <span class='ocrx_word' id='word_1_531' title='bbox 1885 4120 2115 4192; x_wconf 73' lang='lat' dir='ltr'><strong>Aquilzc,</strong></span> <span class='ocrx_word' id='word_1_532' title='bbox 2174 4128 2228 4175; x_wconf 93' lang='lat' dir='ltr'><strong>et</strong></span> 
     </span>
    </p>
   </div>
   <div class='ocr_carea' id='block_1_73' title="bbox 627 4215 2226 4296">
    <p class='ocr_par' dir='ltr' id='par_1_73' title="bbox 627 4215 2226 4296">
     <span class='ocr_line' id='line_1_73' title="bbox 627 4215 2226 4296; baseline -0.01 -15"><span class='ocrx_word' id='word_1_533' title='bbox 627 4221 966 4296; x_wconf 84' lang='lat' dir='ltr'><strong>Symmachi,</strong></span> <span class='ocrx_word' id='word_1_534' title='bbox 1008 4230 1065 4275; x_wconf 89' lang='lat' dir='ltr'><strong>et</strong></span> <span class='ocrx_word' id='word_1_535' title='bbox 1109 4215 1505 4273; x_wconf 86' lang='lat' dir='ltr'><strong>Theodotionis</strong></span> <span class='ocrx_word' id='word_1_536' title='bbox 1537 4256 1551 4279; x_wconf 95' lang='lat'><strong>,</strong></span> <span class='ocrx_word' id='word_1_537' title='bbox 1609 4215 1922 4284; x_wconf 60' lang='lat' dir='ltr'><strong>quintasque</strong></span> <span class='ocrx_word' id='word_1_538' title='bbox 1949 4221 2007 4268; x_wconf 90' lang='lat' dir='ltr'><strong>ct</strong></span> <span class='ocrx_word' id='word_1_539' title='bbox 2059 4220 2226 4267; x_wconf 67' lang='lat' dir='ltr'><strong>sextae</strong></span> 
     </span>
    </p>
   </div>
   <div class='ocr_carea' id='block_1_74' title="bbox 625 4306 2229 4377">
    <p class='ocr_par' dir='ltr' id='par_1_74' title="bbox 625 4306 2229 4377">
     <span class='ocr_line' id='line_1_74' title="bbox 625 4306 2229 4377; baseline -0.009 -5"><span class='ocrx_word' id='word_1_540' title='bbox 625 4316 885 4372; x_wconf 87' lang='lat' dir='ltr'><strong>editionis</strong></span> <span class='ocrx_word' id='word_1_541' title='bbox 911 4313 1170 4368; x_wconf 86' lang='lat' dir='ltr'><strong>Judaicos</strong></span> <span class='ocrx_word' id='word_1_542' title='bbox 1195 4309 1573 4365; x_wconf 89' lang='lat' dir='ltr'><strong>translatores.</strong></span> <span class='ocrx_word' id='word_1_543' title='bbox 1595 4306 1861 4377; x_wconf 85' lang='lat' dir='ltr'><strong>Origenes</strong></span> <span class='ocrx_word' id='word_1_544' title='bbox 1886 4315 2032 4371; x_wconf 90' lang='lat' dir='ltr'><strong>tuus,</strong></span> <span class='ocrx_word' id='word_1_545' title='bbox 2061 4315 2116 4360; x_wconf 93' lang='lat' dir='ltr'><strong>et</strong></span> <span class='ocrx_word' id='word_1_546' title='bbox 2138 4307 2229 4375; x_wconf 89' lang='lat' dir='ltr'><strong>(ne</strong></span> 
     </span>
    </p>
   </div>
   <div class='ocr_carea' id='block_1_75' title="bbox 627 4397 2234 4479">
    <p class='ocr_par' dir='ltr' id='par_1_75' title="bbox 627 4397 2234 4479">
     <span class='ocr_line' id='line_1_75' title="bbox 627 4397 2234 4479; baseline -0.009 -15"><span class='ocrx_word' id='word_1_547' title='bbox 627 4411 769 4465; x_wconf 88' lang='lat' dir='ltr'><strong>forte</strong></span> <span class='ocrx_word' id='word_1_548' title='bbox 808 4408 1057 4479; x_wconf 88' lang='lat' dir='ltr'><strong>queraris</strong></span> <span class='ocrx_word' id='word_1_549' title='bbox 1095 4406 1324 4477; x_wconf 87' lang='lat' dir='ltr'><strong>ﬁgurata</strong></span> <span class='ocrx_word' id='word_1_550' title='bbox 1357 4411 1410 4459; x_wconf 92' lang='lat' dir='ltr'><strong>te</strong></span> <span class='ocrx_word' id='word_1_551' title='bbox 1458 4401 1622 4471; x_wconf 88' lang='lat' dir='ltr'><strong>laude</strong></span> <span class='ocrx_word' id='word_1_552' title='bbox 1676 4398 2019 4468; x_wconf 81' lang='lat' dir='ltr'><strong>percussum)</strong></span> <span class='ocrx_word' id='word_1_553' title='bbox 2048 4397 2234 4465; x_wconf 88' lang='lat' dir='ltr'><strong>Orige-</strong></span> 
     </span>
    </p>
   </div>
   <div class='ocr_carea' id='block_1_76' title="bbox 630 4490 2227 4572">
    <p class='ocr_par' dir='ltr' id='par_1_76' title="bbox 630 4490 2227 4572">
     <span class='ocr_line' id='line_1_76' title="bbox 630 4490 2227 4572; baseline -0.009 -15"><span class='ocrx_word' id='word_1_554' title='bbox 630 4517 730 4557; x_wconf 89' lang='lat' dir='ltr'><strong>nes</strong></span> <span class='ocrx_word' id='word_1_555' title='bbox 769 4511 954 4557; x_wconf 89' lang='lat' dir='ltr'><strong>noster</strong></span> <span class='ocrx_word' id='word_1_556' title='bbox 984 4502 1255 4572; x_wconf 89' lang='lat' dir='ltr'><strong>(nostrum</strong></span> <span class='ocrx_word' id='word_1_557' title='bbox 1296 4510 1434 4552; x_wconf 86' lang='lat' dir='ltr'><strong>voco</strong></span> <span class='ocrx_word' id='word_1_558' title='bbox 1487 4495 1556 4550; x_wconf 91' lang='lat' dir='ltr'><strong>ob</strong></span> <span class='ocrx_word' id='word_1_559' title='bbox 1607 4492 1970 4549; x_wconf 89' lang='lat' dir='ltr'><strong>eruditionem</strong></span> <span class='ocrx_word' id='word_1_560' title='bbox 2004 4490 2227 4561; x_wconf 83' lang='lat' dir='ltr'><strong>ingenii,</strong></span> 
     </span>
    </p>
   </div>
   <div class='ocr_carea' id='block_1_77' title="bbox 2318 3280 3921 3352">
    <p class='ocr_par' dir='ltr' id='par_1_77' title="bbox 2318 3280 3921 3352">
     <span class='ocr_line' id='line_1_77' title="bbox 2318 3280 3921 3352; baseline -0.001 -15"><span class='ocrx_word' id='word_1_561' title='bbox 2318 3281 2497 3350; x_wconf 88' lang='lat' dir='ltr'><strong>batur,</strong></span> <span class='ocrx_word' id='word_1_562' title='bbox 2553 3292 2608 3337; x_wconf 90' lang='lat' dir='ltr'><strong>et</strong></span> <span class='ocrx_word' id='word_1_563' title='bbox 2657 3281 3009 3351; x_wconf 85' lang='lat' dir='ltr'><strong>Septuaginta</strong></span> <span class='ocrx_word' id='word_1_564' title='bbox 3058 3280 3417 3350; x_wconf 86' lang='lat' dir='ltr'><strong>interpretum</strong></span> <span class='ocrx_word' id='word_1_565' title='bbox 3461 3280 3766 3336; x_wconf 88' lang='lat' dir='ltr'><strong>editionem</strong></span> <span class='ocrx_word' id='word_1_566' title='bbox 3810 3295 3921 3352; x_wconf 80' lang='lat' dir='ltr'><strong>qua:</strong></span> 
     </span>
    </p>
   </div>
   <div class='ocr_carea' id='block_1_78' title="bbox 2321 3373 3923 3446">
    <p class='ocr_par' dir='ltr' id='par_1_78' title="bbox 2321 3373 3923 3446">
     <span class='ocr_line' id='line_1_78' title="bbox 2321 3373 3923 3446; baseline 0 -18"><span class='ocrx_word' id='word_1_567' title='bbox 2321 3374 2617 3445; x_wconf 86' lang='lat' dir='ltr'><strong>legentium</strong></span> <span class='ocrx_word' id='word_1_568' title='bbox 2650 3382 2921 3429; x_wconf 89' lang='lat' dir='ltr'><strong>vetustate</strong></span> <span class='ocrx_word' id='word_1_569' title='bbox 2960 3373 3170 3427; x_wconf 84' lang='lat' dir='ltr'><strong>ﬁrmata</strong></span> <span class='ocrx_word' id='word_1_570' title='bbox 3211 3382 3318 3439; x_wconf 89' lang='lat' dir='ltr'><strong>est,</strong></span> <span class='ocrx_word' id='word_1_571' title='bbox 3366 3373 3551 3428; x_wconf 89' lang='lat' dir='ltr'><strong>utilem</strong></span> <span class='ocrx_word' id='word_1_572' title='bbox 3594 3373 3767 3446; x_wconf 82' lang='lat' dir='ltr'><strong>53o</strong></span> <span class='ocrx_word' id='word_1_573' title='bbox 3804 3387 3923 3430; x_wconf 89' lang='lat' dir='ltr'><strong>esse</strong></span> 
     </span>
    </p>
   </div>
   <div class='ocr_carea' id='block_1_79' title="bbox 2323 3467 3927 3538">
    <p class='ocr_par' dir='ltr' id='par_1_79' title="bbox 2323 3467 3927 3538">
     <span class='ocr_line' id='line_1_79' title="bbox 2323 3467 3927 3538; baseline -0.001 -14"><span class='ocrx_word' id='word_1_574' title='bbox 2323 3469 2603 3534; x_wconf 88' lang='lat' dir='ltr'><strong>Ecclesiis,</strong></span> <span class='ocrx_word' id='word_1_575' title='bbox 2633 3468 2760 3523; x_wconf 92' lang='lat' dir='ltr'><strong>dum</strong></span> <span class='ocrx_word' id='word_1_576' title='bbox 2789 3478 2915 3523; x_wconf 88' lang='lat' dir='ltr'><strong>ante</strong></span> <span class='ocrx_word' id='word_1_577' title='bbox 2953 3476 3143 3538; x_wconf 91' lang='lat' dir='ltr'><strong>gentes</strong></span> <span class='ocrx_word' id='word_1_578' title='bbox 3170 3468 3400 3522; x_wconf 88' lang='lat' dir='ltr'><strong>audiunt</strong></span> <span class='ocrx_word' id='word_1_579' title='bbox 3429 3467 3707 3523; x_wconf 90' lang='lat' dir='ltr'><strong>Christum</strong></span> <span class='ocrx_word' id='word_1_580' title='bbox 3734 3477 3927 3525; x_wconf 83' lang='lat' dir='ltr'><strong>ventu-</strong></span> 
     </span>
    </p>
   </div>
   <div class='ocr_carea' id='block_1_80' title="bbox 2323 3561 3922 3631">
    <p class='ocr_par' dir='ltr' id='par_1_80' title="bbox 2323 3561 3922 3631">
     <span class='ocr_line' id='line_1_80' title="bbox 2323 3561 3922 3631; baseline -0.001 -14"><span class='ocrx_word' id='word_1_581' title='bbox 2323 3578 2440 3618; x_wconf 91' lang='lat' dir='ltr'><strong>rum</strong></span> <span class='ocrx_word' id='word_1_582' title='bbox 2472 3577 2595 3616; x_wconf 89' lang='lat' dir='ltr'><strong>esse</strong></span> <span class='ocrx_word' id='word_1_583' title='bbox 2625 3577 2787 3631; x_wconf 91' lang='lat' dir='ltr'><strong>quam</strong></span> <span class='ocrx_word' id='word_1_584' title='bbox 2815 3562 3035 3626; x_wconf 88' lang='lat' dir='ltr'><strong>veniat;</strong></span> <span class='ocrx_word' id='word_1_585' title='bbox 3080 3570 3136 3617; x_wconf 91' lang='lat' dir='ltr'><strong>et</strong></span> <span class='ocrx_word' id='word_1_586' title='bbox 3174 3570 3405 3617; x_wconf 57' lang='lat' dir='ltr'><strong>caeteros</strong></span> <span class='ocrx_word' id='word_1_587' title='bbox 3435 3561 3776 3631; x_wconf 88' lang='lat' dir='ltr'><strong>interpretes</strong></span> <span class='ocrx_word' id='word_1_588' title='bbox 3821 3577 3922 3617; x_wconf 90' lang='lat' dir='ltr'><strong>non</strong></span> 
     </span>
    </p>
   </div>
   <div class='ocr_carea' id='block_1_81' title="bbox 2323 3652 3925 3725">
    <p class='ocr_par' dir='ltr' id='par_1_81' title="bbox 2323 3652 3925 3725">
     <span class='ocr_line' id='line_1_81' title="bbox 2323 3652 3925 3725; baseline -0.002 -15"><span class='ocrx_word' id='word_1_589' title='bbox 2323 3653 2721 3725; x_wconf 87' lang='lat' dir='ltr'><strong>reprobandos,</strong></span> <span class='ocrx_word' id='word_1_590' title='bbox 2763 3652 2887 3724; x_wconf 85' lang='lat' dir='ltr'><strong>quia</strong></span> <span class='ocrx_word' id='word_1_591' title='bbox 2938 3669 3046 3708; x_wconf 90' lang='lat' dir='ltr'><strong>non</strong></span> <span class='ocrx_word' id='word_1_592' title='bbox 3098 3668 3226 3720; x_wconf 86' lang='lat' dir='ltr'><strong>sua,</strong></span> <span class='ocrx_word' id='word_1_593' title='bbox 3277 3652 3371 3708; x_wconf 90' lang='lat' dir='ltr'><strong>sed</strong></span> <span class='ocrx_word' id='word_1_594' title='bbox 3422 3652 3608 3709; x_wconf 92' lang='lat' dir='ltr'><strong>divina</strong></span> <span class='ocrx_word' id='word_1_595' title='bbox 3646 3654 3925 3709; x_wconf 86' lang='lat' dir='ltr'><strong>volumina</strong></span> 
     </span>
    </p>
   </div>
   <div class='ocr_carea' id='block_1_82' title="bbox 2326 3747 3925 3813">
    <p class='ocr_par' dir='ltr' id='par_1_82' title="bbox 2326 3747 3925 3813">
     <span class='ocr_line' id='line_1_82' title="bbox 2326 3747 3925 3813; baseline 0 -10"><span class='ocrx_word' id='word_1_596' title='bbox 2326 3748 2741 3813; x_wconf 87' lang='lat' dir='ltr'><strong>transtulerunt,</strong></span> <span class='ocrx_word' id='word_1_597' title='bbox 2783 3759 2837 3803; x_wconf 90' lang='lat' dir='ltr'><strong>et</strong></span> <span class='ocrx_word' id='word_1_598' title='bbox 2880 3747 3202 3803; x_wconf 85' lang='lat' dir='ltr'><strong>familiarem</strong></span> <span class='ocrx_word' id='word_1_599' title='bbox 3236 3762 3415 3803; x_wconf 89' lang='lat' dir='ltr'><strong>meum</strong></span> <span class='ocrx_word' id='word_1_600' title='bbox 3459 3748 3514 3802; x_wconf 90' lang='lat' dir='ltr'><strong>id</strong></span> <span class='ocrx_word' id='word_1_601' title='bbox 3546 3763 3576 3801; x_wconf 90' lang='lat' dir='ltr'><strong>a</strong></span> <span class='ocrx_word' id='word_1_602' title='bbox 3612 3747 3925 3805; x_wconf 80' lang='lat' dir='ltr'><strong>Chrisﬁano</strong></span> 
     </span>
    </p>
   </div>
   <div class='ocr_carea' id='block_1_83' title="bbox 2326 3840 3928 3913">
    <p class='ocr_par' dir='ltr' id='par_1_83' title="bbox 2326 3840 3928 3913">
     <span class='ocr_line' id='line_1_83' title="bbox 2326 3840 3928 3913; baseline -0.001 -16"><span class='ocrx_word' id='word_1_603' title='bbox 2326 3852 2377 3897; x_wconf 93' lang='lat' dir='ltr'><strong>et</strong></span> <span class='ocrx_word' id='word_1_604' title='bbox 2406 3842 2581 3897; x_wconf 85' lang='lat' dir='ltr'><strong>amico</strong></span> <span class='ocrx_word' id='word_1_605' title='bbox 2611 3841 2814 3898; x_wconf 89' lang='lat' dir='ltr'><strong>debere</strong></span> <span class='ocrx_word' id='word_1_606' title='bbox 2837 3842 3139 3910; x_wconf 89' lang='lat' dir='ltr'><strong>suscipere,</strong></span> <span class='ocrx_word' id='word_1_607' title='bbox 3166 3841 3307 3911; x_wconf 89' lang='lat' dir='ltr'><strong>quod</strong></span> <span class='ocrx_word' id='word_1_608' title='bbox 3344 3857 3542 3913; x_wconf 87' lang='lat' dir='ltr'><strong>magno</strong></span> <span class='ocrx_word' id='word_1_609' title='bbox 3570 3852 3798 3913; x_wconf 91' lang='lat' dir='ltr'><strong>sumptu</strong></span> <span class='ocrx_word' id='word_1_610' title='bbox 3829 3840 3928 3897; x_wconf 87' lang='lat' dir='ltr'><strong>sibi</strong></span> 
     </span>
    </p>
   </div>
   <div class='ocr_carea' id='block_1_84' title="bbox 2326 3933 3929 4006">
    <p class='ocr_par' dir='ltr' id='par_1_84' title="bbox 2326 3933 3929 4006">
     <span class='ocr_line' id='line_1_84' title="bbox 2326 3933 3929 4006; baseline 0.002 -18"><span class='ocrx_word' id='word_1_611' title='bbox 2326 3952 2355 3988; x_wconf 91' lang='lat' dir='ltr'><strong>a</strong></span> <span class='ocrx_word' id='word_1_612' title='bbox 2386 3934 2590 3991; x_wconf 70' lang='lat' dir='ltr'><strong>Judmis</strong></span> <span class='ocrx_word' id='word_1_613' title='bbox 2615 3934 2928 3990; x_wconf 90' lang='lat' dir='ltr'><strong>describere</strong></span> <span class='ocrx_word' id='word_1_614' title='bbox 2952 3933 3251 3989; x_wconf 83' lang='lat' dir='ltr'><strong>feStinavit.</strong></span> <span class='ocrx_word' id='word_1_615' title='bbox 3284 3934 3510 3989; x_wconf 79' lang='lat' dir='ltr'><strong>Excessi</strong></span> <span class='ocrx_word' id='word_1_616' title='bbox 3536 3936 3800 4006; x_wconf 69' lang='lat' dir='ltr'><strong>Epistola:</strong></span> <span class='ocrx_word' id='word_1_617' title='bbox 3820 3951 3929 3992; x_wconf 89' lang='lat' dir='ltr'><strong>mo-</strong></span> 
     </span>
    </p>
   </div>
   <div class='ocr_carea' id='block_1_85' title="bbox 2327 4024 3927 4100">
    <p class='ocr_par' dir='ltr' id='par_1_85' title="bbox 2327 4024 3927 4100">
     <span class='ocr_line' id='line_1_85' title="bbox 2327 4024 3927 4100; baseline 0 -19"><span class='ocrx_word' id='word_1_618' title='bbox 2327 4026 2479 4090; x_wconf 85' lang='lat' dir='ltr'><strong>dum,</strong></span> <span class='ocrx_word' id='word_1_619' title='bbox 2511 4035 2565 4081; x_wconf 89' lang='lat' dir='ltr'><strong>et</strong></span> <span class='ocrx_word' id='word_1_620' title='bbox 2595 4026 2689 4096; x_wconf 92' lang='lat' dir='ltr'><strong>qui</strong></span> <span class='ocrx_word' id='word_1_621' title='bbox 2720 4034 2908 4082; x_wconf 91' lang='lat' dir='ltr'><strong>contra</strong></span> <span class='ocrx_word' id='word_1_622' title='bbox 2934 4025 3193 4081; x_wconf 88' lang='lat' dir='ltr'><strong>nefariam</strong></span> <span class='ocrx_word' id='word_1_623' title='bbox 3229 4025 3480 4083; x_wconf 84' lang='lat' dir='ltr'><strong>haeresim</strong></span> <span class='ocrx_word' id='word_1_624' title='bbox 3513 4024 3539 4065; x_wconf 73' lang='grc' dir='ltr'><strong>ι’</strong></span> <span class='ocrx_word' id='word_1_625' title='bbox 3577 4027 3691 4098; x_wconf 87' lang='lat' dir='ltr'><strong>jam</strong></span> <span class='ocrx_word' id='word_1_626' title='bbox 3725 4029 3927 4100; x_wconf 86' lang='lat' dir='ltr'><strong>stylum</strong></span> 
     </span>
    </p>
   </div>
   <div class='ocr_carea' id='block_1_86' title="bbox 2330 4118 3930 4192">
    <p class='ocr_par' dir='ltr' id='par_1_86' title="bbox 2330 4118 3930 4192">
     <span class='ocr_line' id='line_1_86' title="bbox 2330 4118 3930 4192; baseline 0.004 -20"><span class='ocrx_word' id='word_1_627' title='bbox 2330 4119 2577 4185; x_wconf 79' lang='lat' dir='ltr'><strong>ﬁxeram,</strong></span> <span class='ocrx_word' id='word_1_628' title='bbox 2620 4133 2718 4188; x_wconf 92' lang='lat' dir='ltr'><strong>pro</strong></span> <span class='ocrx_word' id='word_1_629' title='bbox 2743 4134 2829 4173; x_wconf 90' lang='lat' dir='ltr'><strong>me</strong></span> <span class='ocrx_word' id='word_1_630' title='bbox 2854 4118 3188 4189; x_wconf 89' lang='lat' dir='ltr'><strong>respondere</strong></span> <span class='ocrx_word' id='word_1_631' title='bbox 3214 4121 3532 4190; x_wconf 87' lang='lat' dir='ltr'><strong>compulsus</strong></span> <span class='ocrx_word' id='word_1_632' title='bbox 3562 4136 3707 4189; x_wconf 89' lang='lat' dir='ltr'><strong>sum,</strong></span> <span class='ocrx_word' id='word_1_633' title='bbox 3736 4137 3930 4192; x_wconf 86' lang='lat' dir='ltr'><strong>exspc-</strong></span> 
     </span>
    </p>
   </div>
   <div class='ocr_carea' id='block_1_87' title="bbox 2328 4212 3931 4284">
    <p class='ocr_par' dir='ltr' id='par_1_87' title="bbox 2328 4212 3931 4284">
     <span class='ocr_line' id='line_1_87' title="bbox 2328 4212 3931 4284; baseline 0.002 -18"><span class='ocrx_word' id='word_1_634' title='bbox 2328 4223 2485 4267; x_wconf 89' lang='lat' dir='ltr'><strong>etans</strong></span> <span class='ocrx_word' id='word_1_635' title='bbox 2516 4212 2614 4266; x_wconf 89' lang='lat' dir='ltr'><strong>tria</strong></span> <span class='ocrx_word' id='word_1_636' title='bbox 2645 4212 2809 4267; x_wconf 91' lang='lat' dir='ltr'><strong>amici</strong></span> <span class='ocrx_word' id='word_1_637' title='bbox 2841 4213 3136 4281; x_wconf 88' lang='lat' dir='ltr'><strong>volumina,</strong></span> <span class='ocrx_word' id='word_1_638' title='bbox 3175 4221 3234 4269; x_wconf 91' lang='lat' dir='ltr'><strong>et</strong></span> <span class='ocrx_word' id='word_1_639' title='bbox 3274 4214 3340 4267; x_wconf 90' lang='lat' dir='ltr'><strong>ad</strong></span> <span class='ocrx_word' id='word_1_640' title='bbox 3384 4214 3703 4284; x_wconf 89' lang='lat' dir='ltr'><strong>congeriem</strong></span> <span class='ocrx_word' id='word_1_641' title='bbox 3744 4215 3931 4269; x_wconf 90' lang='lat' dir='ltr'><strong>crimi-</strong></span> 
     </span>
    </p>
   </div>
   <div class='ocr_carea' id='block_1_88' title="bbox 2331 4304 4021 4385">
    <p class='ocr_par' dir='ltr' id='par_1_88' title="bbox 2331 4304 4021 4385">
     <span class='ocr_line' id='line_1_88' title="bbox 2331 4304 4021 4385; baseline 0.002 -26"><span class='ocrx_word' id='word_1_642' title='bbox 2331 4319 2458 4359; x_wconf 89' lang='lat' dir='ltr'><strong>num</strong></span> <span class='ocrx_word' id='word_1_643' title='bbox 2489 4304 2606 4374; x_wconf 89' lang='lat' dir='ltr'><strong>ejus</strong></span> <span class='ocrx_word' id='word_1_644' title='bbox 2650 4313 2759 4359; x_wconf 90' lang='lat' dir='ltr'><strong>tota</strong></span> <span class='ocrx_word' id='word_1_645' title='bbox 2810 4313 2994 4361; x_wconf 90' lang='lat' dir='ltr'><strong>mente</strong></span> <span class='ocrx_word' id='word_1_646' title='bbox 3040 4319 3379 4375; x_wconf 79' lang='lat' dir='ltr'><strong>suSpensus:</strong></span> <span class='ocrx_word' id='word_1_647' title='bbox 3423 4307 3525 4361; x_wconf 92' lang='lat' dir='ltr'><strong>nisi</strong></span> <span class='ocrx_word' id='word_1_648' title='bbox 3566 4305 3707 4376; x_wconf 89' lang='lat' dir='ltr'><strong>quod</strong></span> <span class='ocrx_word' id='word_1_649' title='bbox 3748 4306 3929 4363; x_wconf 81' lang='lat' dir='ltr'><strong>levius</strong></span> 
     </span>
    </p>
   </div>
   <div class='ocr_carea' id='block_1_89' title="bbox 2330 4396 3930 4469">
    <p class='ocr_par' dir='ltr' id='par_1_89' title="bbox 2330 4396 3930 4469">
     <span class='ocr_line' id='line_1_89' title="bbox 2330 4396 3930 4469; baseline 0 -16"><span class='ocrx_word' id='word_1_650' title='bbox 2330 4406 2434 4463; x_wconf 87' lang='lat' dir='ltr'><strong>est,</strong></span> <span class='ocrx_word' id='word_1_651' title='bbox 2467 4396 2771 4468; x_wconf 80' lang='lat' dir='ltr'><strong>professum</strong></span> <span class='ocrx_word' id='word_1_652' title='bbox 2818 4397 3097 4452; x_wconf 89' lang='lat' dir='ltr'><strong>inimicum</strong></span> <span class='ocrx_word' id='word_1_653' title='bbox 3137 4411 3354 4465; x_wconf 89' lang='lat' dir='ltr'><strong>cavere,</strong></span> <span class='ocrx_word' id='word_1_654' title='bbox 3393 4413 3552 4469; x_wconf 88' lang='lat' dir='ltr'><strong>quam</strong></span> <span class='ocrx_word' id='word_1_655' title='bbox 3595 4397 3821 4455; x_wconf 89' lang='lat' dir='ltr'><strong>hostem</strong></span> <span class='ocrx_word' id='word_1_656' title='bbox 3856 4398 3930 4453; x_wconf 84' lang='lat' dir='ltr'><strong>la-</strong></span> 
     </span>
    </p>
   </div>
   <div class='ocr_carea' id='block_1_90' title="bbox 2336 4488 3434 4546">
    <p class='ocr_par' dir='ltr' id='par_1_90' title="bbox 2336 4488 3434 4546">
     <span class='ocr_line' id='line_1_90' title="bbox 2336 4488 3434 4546; baseline -0.001 -2"><span class='ocrx_word' id='word_1_657' title='bbox 2336 4498 2537 4546; x_wconf 90' lang='lat' dir='ltr'><strong>tentem</strong></span> <span class='ocrx_word' id='word_1_658' title='bbox 2569 4489 2671 4546; x_wconf 87' lang='lat' dir='ltr'><strong>sub</strong></span> <span class='ocrx_word' id='word_1_659' title='bbox 2699 4490 2858 4546; x_wconf 91' lang='lat' dir='ltr'><strong>amici</strong></span> <span class='ocrx_word' id='word_1_660' title='bbox 2887 4489 3108 4545; x_wconf 88' lang='lat' dir='ltr'><strong>nomine</strong></span> <span class='ocrx_word' id='word_1_661' title='bbox 3136 4488 3434 4546; x_wconf 74' lang='lat' dir='ltr'><strong>susﬁnere.</strong></span> 
     </span>
    </p>
   </div>
   <div class='ocr_carea' id='block_1_91' title="bbox 630 4575 2310 4663">
    <p class='ocr_par' dir='ltr' id='par_1_91' title="bbox 630 4575 2310 4663">
     <span class='ocr_line' id='line_1_91' title="bbox 630 4575 2310 4663; baseline -0.008 -14"><span class='ocrx_word' id='word_1_662' title='bbox 630 4609 739 4649; x_wconf 91' lang='lat' dir='ltr'><strong>non</strong></span> <span class='ocrx_word' id='word_1_663' title='bbox 774 4593 843 4649; x_wconf 91' lang='lat' dir='ltr'><strong>ob</strong></span> <span class='ocrx_word' id='word_1_664' title='bbox 870 4592 1181 4663; x_wconf 89' lang='lat' dir='ltr'><strong>dogmatum</strong></span> <span class='ocrx_word' id='word_1_665' title='bbox 1216 4584 1532 4657; x_wconf 89' lang='lat' dir='ltr'><strong>veritatem)</strong></span> <span class='ocrx_word' id='word_1_666' title='bbox 1564 4587 1618 4641; x_wconf 93' lang='lat' dir='ltr'><strong>in</strong></span> <span class='ocrx_word' id='word_1_667' title='bbox 1658 4583 1913 4639; x_wconf 91' lang='lat' dir='ltr'><strong>omnibus</strong></span> <span class='ocrx_word' id='word_1_668' title='bbox 1946 4582 2099 4638; x_wconf 90' lang='lat' dir='ltr'><strong>libris</strong></span> <span class='ocrx_word' id='word_1_669' title='bbox 2119 4582 2233 4637; x_wconf 90' lang='lat' dir='ltr'><strong>suis</strong></span> <span class='ocrx_word' id='word_1_670' title='bbox 2259 4575 2310 4635; x_wconf 90' lang='lat' dir='ltr'><strong>D</strong></span> 
     </span>
    </p>
   </div>
   <div class='ocr_carea' id='block_1_92' title="bbox 704 4726 2231 4804">
    <p class='ocr_par' dir='ltr' id='par_1_92' title="bbox 704 4726 2231 4804">
     <span class='ocr_line' id='line_1_92' title="bbox 704 4726 2231 4804; baseline -0.007 -15"><span class='ocrx_word' id='word_1_671' title='bbox 704 4744 730 4773; x_wconf 76' lang='grc' dir='ltr'>α</span> <span class='ocrx_word' id='word_1_672' title='bbox 765 4732 1072 4804; x_wconf 80' lang='lat' dir='ltr'><strong>Intelligere</strong></span> <span class='ocrx_word' id='word_1_673' title='bbox 1102 4747 1166 4804; x_wconf 81' lang='lat' dir='ltr'><strong>ex</strong></span> <span class='ocrx_word' id='word_1_674' title='bbox 1201 4732 1303 4786; x_wconf 93' lang='lat' dir='ltr'><strong>hoc</strong></span> <span class='ocrx_word' id='word_1_675' title='bbox 1332 4727 1623 4804; x_wconf 86' lang='lat' dir='ltr'><strong>l_oco_li_cet,</strong></span> <span class='ocrx_word' id='word_1_676' title='bbox 1670 4742 1777 4797; x_wconf 89' lang='lat' dir='ltr'><strong>quo</strong></span> <span class='ocrx_word' id='word_1_677' title='bbox 1826 4726 2005 4804; x_wconf 86' lang='lat' dir='ltr'><strong>animo</strong></span> <span class='ocrx_word' id='word_1_678' title='bbox 2034 4726 2091 4780; x_wconf 93' lang='lat' dir='ltr'><strong>S.</strong></span> <span class='ocrx_word' id='word_1_679' title='bbox 2128 4726 2231 4804; x_wconf 81' lang='lat' dir='ltr'><strong>Do-</strong></span> 
     </span>
    </p>
   </div>
   <div class='ocr_carea' id='block_1_93' title="bbox 628 4797 2232 4875">
    <p class='ocr_par' dir='ltr' id='par_1_93' title="bbox 628 4797 2232 4875">
     <span class='ocr_line' id='line_1_93' title="bbox 628 4797 2232 4875; baseline -0.009 -10"><span class='ocrx_word' id='word_1_680' title='bbox 628 4816 747 4865; x_wconf 90' lang='lat' dir='ltr'><strong>ctor</strong></span> <span class='ocrx_word' id='word_1_681' title='bbox 774 4817 885 4861; x_wconf 94' lang='lat' dir='ltr'><strong>tum</strong></span> <span class='ocrx_word' id='word_1_682' title='bbox 929 4797 983 4859; x_wconf 72' lang='lat' dir='ltr'><strong>in</strong></span> <span class='ocrx_word' id='word_1_683' title='bbox 1011 4803 1227 4875; x_wconf 64' lang='lat' dir='ltr'><strong>praefat.</strong></span> <span class='ocrx_word' id='word_1_684' title='bbox 1253 4800 1647 4875; x_wconf 74' lang='lat' dir='ltr'><strong>in_Danielem,</strong></span> <span class='ocrx_word' id='word_1_685' title='bbox 1700 4810 1809 4852; x_wconf 91' lang='lat' dir='ltr'><strong>tum</strong></span> <span class='ocrx_word' id='word_1_686' title='bbox 1866 4799 1930 4875; x_wconf 75' lang='lat' dir='ltr'><strong>in</strong></span> <span class='ocrx_word' id='word_1_687' title='bbox 1964 4797 2232 4875; x_wconf 59' lang='lat' dir='ltr'><strong>prooemio</strong></span> 
     </span>
    </p>
   </div>
   <div class='ocr_carea' id='block_1_94' title="bbox 627 4867 2230 4949">
    <p class='ocr_par' dir='ltr' id='par_1_94' title="bbox 627 4867 2230 4949">
     <span class='ocr_line' id='line_1_94' title="bbox 627 4867 2230 4949; baseline -0.01 -12"><span class='ocrx_word' id='word_1_688' title='bbox 627 4867 1035 4949; x_wconf 72' lang='lat' dir='ltr'><strong>explanationis</strong></span> <span class='ocrx_word' id='word_1_689' title='bbox 1089 4876 1138 4949; x_wconf 86' lang='lat' dir='ltr'><strong>in</strong></span> <span class='ocrx_word' id='word_1_690' title='bbox 1172 4873 1426 4949; x_wconf 79' lang='lat' dir='ltr'><strong>eumdem</strong></span> <span class='ocrx_word' id='word_1_691' title='bbox 1459 4870 2114 4949; x_wconf 80' lang='lat' dir='ltr'><strong>prophetam,__eollegerit</strong></span> <span class='ocrx_word' id='word_1_692' title='bbox 2136 4867 2230 4922; x_wconf 81' lang='lat' dir='ltr'><strong>Ju-</strong></span> 
     </span>
    </p>
   </div>
   <div class='ocr_carea' id='block_1_95' title="bbox 628 4940 2229 5026">
    <p class='ocr_par' dir='ltr' id='par_1_95' title="bbox 628 4940 2229 5026">
     <span class='ocr_line' id='line_1_95' title="bbox 628 4940 2229 5026; baseline -0.009 -19"><span class='ocrx_word' id='word_1_693' title='bbox 628 4940 871 5026; x_wconf 60' lang='lat' dir='ltr'><strong>daa&#39;orum</strong></span> <span class='ocrx_word' id='word_1_694' title='bbox 895 4956 952 5003; x_wconf 90' lang='lat' dir='ltr'><strong>et</strong></span> <span class='ocrx_word' id='word_1_695' title='bbox 973 4940 1595 5026; x_wconf 47' lang='lat' dir='ltr'><strong>Porphyriinargunienta</strong></span> <span class='ocrx_word' id='word_1_696' title='bbox 1619 4952 1673 5026; x_wconf 77' lang='lat' dir='ltr'><strong>e_t</strong></span> <span class='ocrx_word' id='word_1_697' title='bbox 1693 4940 2077 5024; x_wconf 78' lang='lat' dir='ltr'><strong>cavillationes</strong></span> <span class='ocrx_word' id='word_1_698' title='bbox 2098 4954 2229 4993; x_wconf 85' lang='lat' dir='ltr'><strong>con-</strong></span> 
     </span>
    </p>
   </div>
   <div class='ocr_carea' id='block_1_96' title="bbox 632 5011 2230 5082">
    <p class='ocr_par' dir='ltr' id='par_1_96' title="bbox 632 5011 2230 5082">
     <span class='ocr_line' id='line_1_96' title="bbox 632 5011 2230 5082; baseline -0.007 -8"><span class='ocrx_word' id='word_1_699' title='bbox 632 5031 711 5074; x_wconf 91' lang='lat' dir='ltr'><strong>tra</strong></span> <span class='ocrx_word' id='word_1_700' title='bbox 740 5022 1027 5081; x_wconf 68' lang='lat' dir='ltr'><strong>Susanuae,</strong></span> <span class='ocrx_word' id='word_1_701' title='bbox 1059 5011 1224 5079; x_wconf 82' lang='lat' dir='ltr'><strong>Belis,</strong></span> <span class='ocrx_word' id='word_1_702' title='bbox 1253 5011 1624 5082; x_wconf 76' lang='lat' dir='ltr'><strong>Draconisque</strong></span> <span class='ocrx_word' id='word_1_703' title='bbox 1654 5011 1959 5076; x_wconf 87' lang='lat' dir='ltr'><strong>historiam,</strong></span> <span class='ocrx_word' id='word_1_704' title='bbox 1993 5026 2094 5065; x_wconf 91' lang='lat' dir='ltr'><strong>nec</strong></span> <span class='ocrx_word' id='word_1_705' title='bbox 2121 5025 2230 5064; x_wconf 90' lang='lat' dir='ltr'><strong>non</strong></span> 
     </span>
    </p>
   </div>
   <div class='ocr_carea' id='block_1_97' title="bbox 632 5082 2231 5159">
    <p class='ocr_par' dir='ltr' id='par_1_97' title="bbox 632 5082 2231 5159">
     <span class='ocr_line' id='line_1_97' title="bbox 632 5082 2231 5159; baseline -0.006 -16"><span class='ocrx_word' id='word_1_706' title='bbox 632 5090 893 5159; x_wconf 83' lang='lat' dir='ltr'><strong>hymnum</strong></span> <span class='ocrx_word' id='word_1_707' title='bbox 917 5088 1081 5141; x_wconf 91' lang='lat' dir='ltr'><strong>trium</strong></span> <span class='ocrx_word' id='word_1_708' title='bbox 1106 5098 1419 5159; x_wconf 55' lang='lat' dir='ltr'><strong>puerorum.</strong></span> <span class='ocrx_word' id='word_1_709' title='bbox 1449 5083 1828 5159; x_wconf 85' lang='lat' dir='ltr'><strong>Neque_enim,</strong></span> <span class='ocrx_word' id='word_1_710' title='bbox 1862 5082 2007 5159; x_wconf 85' lang='lat' dir='ltr'><strong>quod</strong></span> <span class='ocrx_word' id='word_1_711' title='bbox 2032 5082 2231 5151; x_wconf 87' lang='lat' dir='ltr'><strong>aliqui—</strong></span> 
     </span>
    </p>
   </div>
   <div class='ocr_carea' id='block_1_98' title="bbox 630 5154 2232 5222">
    <p class='ocr_par' dir='ltr' id='par_1_98' title="bbox 630 5154 2232 5222">
     <span class='ocr_line' id='line_1_98' title="bbox 630 5154 2232 5222; baseline -0.007 -7"><span class='ocrx_word' id='word_1_712' title='bbox 630 5154 733 5217; x_wconf 78' lang='lat' dir='ltr'><strong>bus</strong></span> <span class='ocrx_word' id='word_1_713' title='bbox 760 5158 933 5212; x_wconf 89' lang='lat' dir='ltr'><strong>visum</strong></span> <span class='ocrx_word' id='word_1_714' title='bbox 978 5167 1093 5221; x_wconf 89' lang='lat' dir='ltr'><strong>est,</strong></span> <span class='ocrx_word' id='word_1_715' title='bbox 1134 5155 1311 5207; x_wconf 82' lang='lat' dir='ltr'><strong>Ruﬁni</strong></span> <span class='ocrx_word' id='word_1_716' title='bbox 1355 5154 1695 5222; x_wconf 89' lang='lat' dir='ltr'><strong>argumentis</strong></span> <span class='ocrx_word' id='word_1_717' title='bbox 1726 5156 2078 5217; x_wconf 85' lang='lat' dir='ltr'><strong>constrictus,</strong></span> <span class='ocrx_word' id='word_1_718' title='bbox 2112 5168 2232 5221; x_wconf 76' lang='lat' dir='ltr'><strong>quzn</strong></span> 
     </span>
    </p>
   </div>
   <div class='ocr_carea' id='block_1_99' title="bbox 632 5223 2236 5293">
    <p class='ocr_par' dir='ltr' id='par_1_99' title="bbox 632 5223 2236 5293">
     <span class='ocr_line' id='line_1_99' title="bbox 632 5223 2236 5293; baseline -0.006 -7"><span class='ocrx_word' id='word_1_719' title='bbox 632 5230 905 5286; x_wconf 88' lang='lat' dir='ltr'><strong>habentur</strong></span> <span class='ocrx_word' id='word_1_720' title='bbox 954 5225 1095 5280; x_wconf 89' lang='lat' dir='ltr'><strong>infra</strong></span> <span class='ocrx_word' id='word_1_721' title='bbox 1129 5226 1222 5280; x_wconf 89' lang='lat' dir='ltr'><strong>lib.</strong></span> <span class='ocrx_word' id='word_1_722' title='bbox 1262 5240 1299 5278; x_wconf 86' lang='grc' dir='ltr'><strong>ιι</strong></span> <span class='ocrx_word' id='word_1_723' title='bbox 1327 5223 1746 5289; x_wconf 84' lang='lat' dir='ltr'><strong>Invectivarum,</strong></span> <span class='ocrx_word' id='word_1_724' title='bbox 1780 5223 1867 5278; x_wconf 88' lang='lat' dir='ltr'><strong>hic</strong></span> <span class='ocrx_word' id='word_1_725' title='bbox 1889 5225 2109 5279; x_wconf 89' lang='lat' dir='ltr'><strong>demum</strong></span> <span class='ocrx_word' id='word_1_726' title='bbox 2142 5238 2236 5293; x_wconf 90' lang='lat' dir='ltr'><strong>pa-</strong></span> 
     </span>
    </p>
   </div>
   <div class='ocr_carea' id='block_1_100' title="bbox 627 5295 2236 5363">
    <p class='ocr_par' dir='ltr' id='par_1_100' title="bbox 627 5295 2236 5363">
     <span class='ocr_line' id='line_1_100' title="bbox 627 5295 2236 5363; baseline -0.009 -2"><span class='ocrx_word' id='word_1_727' title='bbox 627 5302 893 5363; x_wconf 86' lang='lat' dir='ltr'><strong>linodiam</strong></span> <span class='ocrx_word' id='word_1_728' title='bbox 918 5304 1164 5354; x_wconf 90' lang='lat' dir='ltr'><strong>recantat</strong></span> <span class='ocrx_word' id='word_1_729' title='bbox 1195 5303 1326 5362; x_wconf 90' lang='lat' dir='ltr'><strong>;aut</strong></span> <span class='ocrx_word' id='word_1_730' title='bbox 1372 5295 1424 5349; x_wconf 90' lang='lat' dir='ltr'><strong>in</strong></span> <span class='ocrx_word' id='word_1_731' title='bbox 1456 5310 1518 5350; x_wconf 90' lang='lat' dir='ltr'><strong>ea</strong></span> <span class='ocrx_word' id='word_1_732' title='bbox 1567 5295 1667 5350; x_wconf 88' lang='lat' dir='ltr'><strong>fuit</strong></span> <span class='ocrx_word' id='word_1_733' title='bbox 1694 5295 1990 5363; x_wconf 89' lang='lat' dir='ltr'><strong>aliquando</strong></span> <span class='ocrx_word' id='word_1_734' title='bbox 2014 5302 2236 5351; x_wconf 90' lang='lat' dir='ltr'><strong>senten-</strong></span> 
     </span>
    </p>
   </div>
   <div class='ocr_carea' id='block_1_101' title="bbox 2337 4725 3929 4809">
    <p class='ocr_par' dir='ltr' id='par_1_101' title="bbox 2337 4725 3929 4809">
     <span class='ocr_line' id='line_1_101' title="bbox 2337 4725 3929 4809; baseline 0.003 -28"><span class='ocrx_word' id='word_1_735' title='bbox 2337 4726 2430 4809; x_wconf 70' lang='lat' dir='ltr'><strong>tia,</strong></span> <span class='ocrx_word' id='word_1_736' title='bbox 2461 4735 2519 4781; x_wconf 92' lang='lat' dir='ltr'><strong>ut</strong></span> <span class='ocrx_word' id='word_1_737' title='bbox 2549 4735 2734 4809; x_wconf 80' lang='lat' dir='ltr'><strong>contra</strong></span> <span class='ocrx_word' id='word_1_738' title='bbox 2783 4725 3043 4809; x_wconf 42' lang='lat' dir='ltr'><strong>Ecclesiae</strong></span> <span class='ocrx_word' id='word_1_739' title='bbox 3064 4726 3352 4809; x_wconf 79' lang='lat' dir='ltr'><strong>judicium,</strong></span> <span class='ocrx_word' id='word_1_740' title='bbox 3383 4729 3548 4809; x_wconf 76' lang='lat' dir='ltr'><strong>hasce</strong></span> <span class='ocrx_word' id='word_1_741' title='bbox 3593 4728 3806 4809; x_wconf 69' lang='lat' dir='ltr'><strong>fabulas</strong></span> <span class='ocrx_word' id='word_1_742' title='bbox 3837 4730 3929 4809; x_wconf 76' lang='lat' dir='ltr'><strong>(sic</strong></span> 
     </span>
    </p>
   </div>
   <div class='ocr_carea' id='block_1_102' title="bbox 2336 4796 3929 4872">
    <p class='ocr_par' dir='ltr' id='par_1_102' title="bbox 2336 4796 3929 4872">
     <span class='ocr_line' id='line_1_102' title="bbox 2336 4796 3929 4872; baseline 0.002 -21"><span class='ocrx_word' id='word_1_743' title='bbox 2336 4799 2486 4872; x_wconf 85' lang='lat' dir='ltr'><strong>enim</strong></span> <span class='ocrx_word' id='word_1_744' title='bbox 2529 4807 2587 4852; x_wconf 94' lang='lat' dir='ltr'><strong>et</strong></span> <span class='ocrx_word' id='word_1_745' title='bbox 2611 4800 2916 4854; x_wconf 77' lang='lat' dir='ltr'><strong>verissima:</strong></span> <span class='ocrx_word' id='word_1_746' title='bbox 2965 4796 3527 4872; x_wconf 70' lang='lat' dir='ltr'><strong>historizeinterdum</strong></span> <span class='ocrx_word' id='word_1_747' title='bbox 3565 4796 3929 4872; x_wconf 85' lang='lat' dir='ltr'><strong>appellantur)</strong></span> 
     </span>
    </p>
   </div>
   <div class='ocr_carea' id='block_1_103' title="bbox 2337 4870 3928 4943">
    <p class='ocr_par' dir='ltr' id='par_1_103' title="bbox 2337 4870 3928 4943">
     <span class='ocr_line' id='line_1_103' title="bbox 2337 4870 3928 4943; baseline 0.001 -20"><span class='ocrx_word' id='word_1_748' title='bbox 2337 4870 2729 4943; x_wconf 21' lang='lat' dir='ltr'><strong>ipse‘argueret</strong></span> <span class='ocrx_word' id='word_1_749' title='bbox 2757 4870 3170 4943; x_wconf 74' lang='lat' dir='ltr'><strong>suppositionis.</strong></span> <span class='ocrx_word' id='word_1_750' title='bbox 3198 4871 3333 4926; x_wconf 82' lang='lat' dir='ltr'><strong>Vide</strong></span> <span class='ocrx_word' id='word_1_751' title='bbox 3372 4870 3618 4927; x_wconf 84' lang='lat' dir='ltr'><strong>Africani</strong></span> <span class='ocrx_word' id='word_1_752' title='bbox 3643 4870 3928 4943; x_wconf 81' lang='lat' dir='ltr'><strong>epistolam</strong></span> 
     </span>
    </p>
   </div>
   <div class='ocr_carea' id='block_1_104' title="bbox 2335 4938 3930 5016">
    <p class='ocr_par' dir='ltr' id='par_1_104' title="bbox 2335 4938 3930 5016">
     <span class='ocr_line' id='line_1_104' title="bbox 2335 4938 3930 5016; baseline 0.001 -23"><span class='ocrx_word' id='word_1_753' title='bbox 2335 4940 2401 5016; x_wconf 81' lang='lat' dir='ltr'><strong>ad</strong></span> <span class='ocrx_word' id='word_1_754' title='bbox 2434 4938 2724 5016; x_wconf 74' lang='lat' dir='ltr'><strong>Origenem</strong></span> <span class='ocrx_word' id='word_1_755' title='bbox 2754 4939 2823 4995; x_wconf 93' lang='lat' dir='ltr'><strong>de</strong></span> <span class='ocrx_word' id='word_1_756' title='bbox 2855 4939 2959 4994; x_wconf 91' lang='lat' dir='ltr'><strong>hoc</strong></span> <span class='ocrx_word' id='word_1_757' title='bbox 2993 4944 3662 5016; x_wconf 84' lang='lat' dir='ltr'><strong>argumento,_ipsiusque</strong></span> <span class='ocrx_word' id='word_1_758' title='bbox 3686 4938 3930 5016; x_wconf 76' lang='lat' dir='ltr'><strong>Origenis</strong></span> 
     </span>
    </p>
   </div>
   <div class='ocr_carea' id='block_1_105' title="bbox 2337 5009 3932 5085">
    <p class='ocr_par' dir='ltr' id='par_1_105' title="bbox 2337 5009 3932 5085">
     <span class='ocr_line' id='line_1_105' title="bbox 2337 5009 3932 5085; baseline 0.003 -23"><span class='ocrx_word' id='word_1_759' title='bbox 2337 5010 2405 5063; x_wconf 89' lang='lat' dir='ltr'><strong>ad</strong></span> <span class='ocrx_word' id='word_1_760' title='bbox 2458 5009 2769 5065; x_wconf 79' lang='lat' dir='ltr'><strong>Africanum</strong></span> <span class='ocrx_word' id='word_1_761' title='bbox 2802 5009 3147 5085; x_wconf 79' lang='lat' dir='ltr'><strong>responsum,</strong></span> <span class='ocrx_word' id='word_1_762' title='bbox 3177 5027 3208 5067; x_wconf 91' lang='lat' dir='ltr'><strong>e</strong></span> <span class='ocrx_word' id='word_1_763' title='bbox 3250 5009 3444 5083; x_wconf 82' lang='lat' dir='ltr'><strong>quibus</strong></span> <span class='ocrx_word' id='word_1_764' title='bbox 3475 5009 3585 5068; x_wconf 79' lang='lat' dir='ltr'><strong>non</strong></span> <span class='ocrx_word' id='word_1_765' title='bbox 3619 5009 3932 5085; x_wconf 58' lang='lat' dir='ltr'><strong>pauca&#39;llie-</strong></span> 
     </span>
    </p>
   </div>
   <div class='ocr_carea' id='block_1_106' title="bbox 2335 5082 3157 5163">
    <p class='ocr_par' dir='ltr' id='par_1_106' title="bbox 2335 5082 3157 5163">
     <span class='ocr_line' id='line_1_106' title="bbox 2335 5082 3157 5163; baseline 0.005 -29"><span class='ocrx_word' id='word_1_766' title='bbox 2335 5094 2594 5163; x_wconf 64' lang='lat' dir='ltr'><strong>ronymus</strong></span> <span class='ocrx_word' id='word_1_767' title='bbox 2618 5090 2777 5163; x_wconf 77' lang='lat' dir='ltr'><strong>antea</strong></span> <span class='ocrx_word' id='word_1_768' title='bbox 2800 5082 3157 5163; x_wconf 80' lang='lat' dir='ltr'><strong>delibaverat.</strong></span> 
     </span>
    </p>
   </div>
   <div class='ocr_carea' id='block_1_107' title="bbox 2409 5150 3929 5232">
    <p class='ocr_par' dir='ltr' id='par_1_107' title="bbox 2409 5150 3929 5232">
     <span class='ocr_line' id='line_1_107' title="bbox 2409 5150 3929 5232; baseline 0.002 -28"><span class='ocrx_word' id='word_1_769' title='bbox 2409 5150 2601 5232; x_wconf 49' lang='lat' dir='ltr'><strong>ffl’uta</strong></span> <span class='ocrx_word' id='word_1_770' title='bbox 2630 5152 3058 5232; x_wconf 71' lang='lat' dir='ltr'><strong>Origenianam;</strong></span> <span class='ocrx_word' id='word_1_771' title='bbox 3109 5169 3270 5232; x_wconf 73' lang='lat' dir='ltr'><strong>quam</strong></span> <span class='ocrx_word' id='word_1_772' title='bbox 3320 5163 3536 5232; x_wconf 77' lang='lat' dir='ltr'><strong>contra,</strong></span> <span class='ocrx_word' id='word_1_773' title='bbox 3592 5172 3703 5212; x_wconf 91' lang='lat' dir='ltr'><strong>non</strong></span> <span class='ocrx_word' id='word_1_774' title='bbox 3740 5167 3929 5226; x_wconf 87' lang='lat' dir='ltr'><strong>paucas</strong></span> 
     </span>
    </p>
   </div>
   <div class='ocr_carea' id='block_1_108' title="bbox 2338 5222 3929 5303">
    <p class='ocr_par' dir='ltr' id='par_1_108' title="bbox 2338 5222 3929 5303">
     <span class='ocr_line' id='line_1_108' title="bbox 2338 5222 3929 5303; baseline 0.003 -26"><span class='ocrx_word' id='word_1_775' title='bbox 2338 5222 2620 5303; x_wconf 80' lang='lat' dir='ltr'><strong>epistolas,</strong></span> <span class='ocrx_word' id='word_1_776' title='bbox 2649 5223 2765 5303; x_wconf 77' lang='lat' dir='ltr'><strong>sive</strong></span> <span class='ocrx_word' id='word_1_777' title='bbox 2793 5223 3032 5303; x_wconf 78' lang='lat' dir='ltr'><strong>libellos,</strong></span> <span class='ocrx_word' id='word_1_778' title='bbox 3062 5222 3514 5303; x_wconf 57' lang='lat' dir='ltr'><strong>per_id_temporis</strong></span> <span class='ocrx_word' id='word_1_779' title='bbox 3534 5222 3860 5301; x_wconf 78' lang='lat' dir='ltr'><strong>scripserat,</strong></span> <span class='ocrx_word' id='word_1_780' title='bbox 3880 5233 3929 5282; x_wconf 85' lang='lat' dir='ltr'><strong>et</strong></span> 
     </span>
    </p>
   </div>
   <div class='ocr_carea' id='block_1_109' title="bbox 2340 5292 3410 5363">
    <p class='ocr_par' dir='ltr' id='par_1_109' title="bbox 2340 5292 3410 5363">
     <span class='ocr_line' id='line_1_109' title="bbox 2340 5292 3410 5363; baseline 0.006 -17"><span class='ocrx_word' id='word_1_781' title='bbox 2340 5296 2524 5363; x_wconf 90' lang='lat' dir='ltr'><strong>plures</strong></span> <span class='ocrx_word' id='word_1_782' title='bbox 2552 5292 2608 5347; x_wconf 89' lang='lat' dir='ltr'><strong>in</strong></span> <span class='ocrx_word' id='word_1_783' title='bbox 2638 5292 2757 5350; x_wconf 91' lang='lat' dir='ltr'><strong>dies</strong></span> <span class='ocrx_word' id='word_1_784' title='bbox 2789 5294 2992 5352; x_wconf 88' lang='lat' dir='ltr'><strong>cudere</strong></span> <span class='ocrx_word' id='word_1_785' title='bbox 3023 5292 3410 5352; x_wconf 84' lang='lat' dir='ltr'><strong>meditabatur.</strong></span> 
     </span>
    </p>
   </div>
  </div>
