4036 6334
538 232 645 302 1³9

1789 218 1847 280 ε.
1890 215 2164 291 ΕἩΒΕΒΗ
2197 211 2580 284 ΗΙΕΒΟΝΫΜΙ

3733 211 3840 276 Mt)

539 341 866 414 respondere
923 336 1250 409 compellor,
1302 347 1371 390 ne
1416 331 1600 388 videar
1643 331 1874 388 tacendo
1927 331 2136 387 crimen
2162 328 2217 390 Α
2243 326 2382 382 lecm
2417 326 2484 382 de
2513 323 2765 381 cubiculo
2791 322 2974 378 fratris
3002 323 3220 379 Eusebii
3269 323 3480 380 furatus
3517 331 3602 380 est
3627 325 3840 395 episto-

544 447 854 506 agnoscere,
910 440 967 485 et
1017 432 1296 486 lenitatem
1344 441 1542 490 meam,
1587 425 1740 482 mala:
1785 425 2134 482 conscientias

536 528 744 596 signum
774 524 1180 592 interpreteris.

605 620 660 674 5.
705 617 953 687 Epistulae
1003 615 1183 684 Ruﬁni
1223 613 1392 668 verba.
1427 643 1495 653 —
1526 611 1640 667 Hoc
1670 620 1754 666 est
1801 626 1988 666 verum
2055 609 2136 664 di-

534 715 736 770 lemma
767 720 958 776 tuum;
1013 725 1121 765 non
1149 725 1215 764 ex
1243 707 1526 762 dialectica
1571 716 1688 761 arte
1731 721 1892 775 quam
1924 703 2125 769 nescis,

539 807 638 863 sed
671 822 738 861 ex
763 803 1078 860 carnificum
1113 801 1326 856 ofﬁcina
1353 809 1408 856 et
1454 799 1809 854 meditatione
1838 797 2130 868 prolatum.

537 898 596 956 Si
622 911 860 963 tacuero,
891 895 1223 952 criminosus
1263 908 1394 948 ero:
1437 894 1481 946 si
1514 891 1870 961 respondero.
1905 889 2134 944 maledi-

539 1007 660 1050 ous.
686 991 766 1046 Tu
793 1007 878 1046 me
904 1004 1034 1060 ergo
1061 998 1115 1044 et
1142 987 1419 1059 prohibes,
1456 995 1511 1040 et
1533 985 1682 1055 cogis
1708 984 1774 1039 ad
1803 983 2136 1054 responden-

540 1087 691 1144 dum.
739 1085 794 1139 lu
825 1099 933 1154 quo
981 1091 1270 1150 utrumque
1318 1078 1674 1143 moderabor,
1732 1087 1789 1132 ut
1829 1087 1884 1132 et
1921 1075 2136 1145 objecta

540 1181 768 1244 diluam,
823 1186 879 1233 et
923 1177 990 1232 ab
1043 1174 1238 1244 injuria
1280 1182 1599 1242 temperem.
1640 1171 1775 1237 Quis
1819 1169 1961 1224 enim
2011 1182 2134 1222 eum

538 1287 648 1328 non
695 1271 903 1333 timeat,
943 1267 1034 1337 qui
1084 1274 1170 1323 est
1219 1276 1438 1335 paratus
1483 1262 1774 1318 occidere?
1819 1261 2137 1330 Sequarque

535 1365 762 1434 vestigia
796 1359 1181 1432 propositionis
1213 1370 1338 1424 tute,
1368 1372 1590 1412 servans
1642 1365 1842 1411 ctetera
1875 1355 1983 1409 illis
2013 1370 2137 1408 eru-

535 1458 821 1516 ditissimis
851 1455 1024 1517 libris,
1057 1467 1194 1522 quos
1230 1460 1520 1520 antequam
1553 1451 1810 1518 legeram,
1835 1445 2134 1502 confutavi.

537 1552 681 1607 Dicis
703 1569 724 1602 ς
755 1561 807 1604 te
828 1547 1230 1606 accusationem
1259 1561 1436 1600 meam
1465 1543 1531 1599 ad
1553 1560 1647 1599 eos
1672 1553 1875 1598 tantum
1902 1543 2135 1606 misisse,

529 1646 622 1716 qui
653 1644 786 1699 meis
816 1641 997 1698 verbis
1029 1640 1145 1696 hnsi
1173 1639 1406 1704 fuerant,
1439 1646 1494 1693 et
1521 1654 1629 1692 non
1661 1637 1724 1690 ad
1760 1637 1974 1706 plures:
2010 1637 2134 1706 quia

2237 420 2344 474 lam
2396 418 2751 473 laudatricem
2805 417 2990 471 tuam?
3030 417 3196 484 Cujus
3247 416 3501 484 artificio,
3532 427 3588 472 et
3623 433 3652 471 a
3684 419 3843 487 cujus

2239 511 2504 576 ministris
2529 511 2585 568 in
2634 519 2837 566 sanctae
2867 509 3101 563 Fabiola:
3133 509 3392 578 hospitio,
3422 518 3479 565 et
3499 511 3598 564 viri
3652 509 3846 565 Chris—

2239 604 2368 658 tiani
2401 615 2457 658 et
2488 601 2766 672 prudentis
2795 602 3017 667 Oceani,
3053 602 3306 655 inventus
3341 611 3425 656 est
3445 602 3644 665 codev,
3681 618 3842 672 quem

2240 699 2318 752 illi
2351 713 2644 766 numquam
2675 696 2956 750 viderant?
2985 699 3066 749 An
3101 695 3309 750 idcirco
3357 706 3409 750 tc
3446 697 3729 750 existimas
3759 695 3847 750 in-

2239 802 2550 856 nocentem,
2583 789 2627 843 si
2654 788 2918 858 quidquid
2947 799 3094 842 tuum
3136 798 3241 854 δή,
3287 789 3339 842 in
3389 788 3524 842 alios
3551 788 3843 844 conferas?

2237 884 2576 952 Quicumque
2625 892 2675 938 te
2721 882 3031 946 offenderit,
3073 884 3324 953 quamvis
3355 884 3616 953 simplex,
3652 901 3847 962 quam-

2240 976 2320 1030 vis
2347 975 2602 1030 innoxius
2633 975 2721 1041 sit,
2752 976 2895 1029 illico
2938 976 3266 1028 criminosus
3291 975 3426 1030 flet?
3470 975 3647 1030 habes
3673 978 3841 1043 enim,

2241 1087 2337 1141 per
2359 1071 2502 1142 quod
2538 1073 2748 1125 Danaes
2779 1078 2859 1124 est
2887 1071 3024 1124 victa
3055 1071 3338 1140 pudicitia,
3367 1071 3513 1141 quod
3543 1072 3695 1126 Ciezi
3729 1088 3848 1126 ma-

2238 1165 2396 1236 gistri
2443 1165 2682 1234 prmtttlit
2731 1163 3030 1228 sanctitati,
3086 1174 3309 1234 propter
3337 1164 3482 1234 quod
3521 1165 3693 1220 Judas
3737 1178 3851 1221 tra-

2240 1259 2378 1314 didit
2407 1260 2696 1314 Dominum
2730 1274 2910 1314 suum.
3123 1259 3135 1266 ’

2313 1349 2366 1403 5.
2414 1349 2534 1404 Non
2561 1350 2744 1420 probat
2788 1350 3166 1404 accttsationem
3225 1347 3510 1404 Christiani
3562 1351 3615 1404 in
3663 1351 3844 1406 Chris-

2242 1443 2456 1496 tianum.
2510 1440 2758 1512 Defendit
2800 1441 3079 1496 Eusebium
3132 1441 3574 1498 Cremonensem.
3619 1441 3849 1498 Errores

2243 1537 2363 1590 fibri
2411 1535 2757 1590 Periure/ton.
2807 1566 2878 1576 -
2905 1555 2923 1588 ι
2961 1537 3253 1590 Videamus
3285 1545 3464 1592 tamen
3494 1537 3622 1608 quid
3684 1555 3846 1594 meus

2244 1630 2587 1684 necessarius
2617 1629 2684 1682 de
2714 1629 2990 1684 sehednlis
3020 1631 3146 1694 tuis,
3172 1629 3399 1684 necdum
3426 1632 3760 1695 emendatis,
3797 1643 3856 1688 et

529 1752 636 1792 non
667 1735 734 1790 ad
777 1731 1226 1795 ostentationem,
1269 1729 1367 1786 sed
1395 1730 1460 1783 ad
1492 1729 1910 1783 aedificationem
1944 1727 2134 1780 Cbris-
2168 1729 2215 1787 B
2244 1722 2483 1778 nondum
2507 1723 2572 1776 ad
2600 1722 3062 1794 purumdigestis,
3096 1725 3371 1780 falsaverit
3405 1743 3418 1777 :
3447 1736 3501 1778 et
3525 1727 3595 1781 ob
3626 1727 3678 1780 id
3713 1727 3858 1784 faci-

534 1831 701 1886 tianis
746 1826 1077 1898 loquendum
1128 1833 1234 1878 est.
1266 1840 1287 1874 ›
1325 1822 1393 1876 Et
1437 1820 1599 1886 unde,
1633 1834 1733 1874 oro
1781 1831 1854 1883 te,
1883 1819 2142 1873 librorum

533 1932 755 1978 tuorum
786 1919 854 1972 ad
883 1933 968 1972 me
1000 1916 1142 1970 fama
1172 1914 1456 1984 pervenit?
1485 1913 1618 1978 Quis
1644 1927 1741 1966 eos
1771 1910 1994 1964 Romae?
2021 1909 2143 1979 quis

531 2016 588 2072 in
633 2012 824 2070 Italia?
855 2011 976 2080 quis
1001 2026 1098 2080 per
1147 2009 1426 2063 Dalmatiae
1483 2007 1690 2061 insulas
1721 2002 2140 2060 disseminavit?

536 2107 596 2166 Si
626 2107 680 2161 in
714 2105 931 2160 scriniis
979 2103 1086 2156 tuis
1107 2101 1486 2158 etatnicorum
1521 2109 1734 2153 tuorum
1766 2098 2020 2161 latebant,
2074 2094 2143 2148 ad

536 2217 625 2256 me
647 2195 921 2269 quomodo
973 2211 1091 2250 mea
1123 2194 1350 2250 crimina
1409 2190 1812 2262 pervenerunt?
1861 2190 1926 2244 Et
1974 2189 2142 2242 audes

535 2292 723 2348 dicere
768 2298 822 2345 te
868 2305 977 2343 non
1022 2288 1088 2342 ad
1136 2286 1588 2349 ostentationem,
1642 2283 1736 2339 sed
1780 2282 1847 2337 ad
1902 2281 2140 2335 aediﬁca-

537 2386 742 2441 tionem
787 2381 940 2450 quasi
971 2380 1344 2436 Christianum
1381 2380 1550 2449 loqui,
1588 2378 1677 2447 qui
1707 2377 1775 2432 de
1806 2391 1936 2430 sene
1965 2389 2138 2428 senex

537 2485 688 2533 tanta
712 2472 1000 2544 contingis,
1026 2483 1223 2545 quanta
1254 2489 1361 2527 non
1391 2471 1602 2526 diceret
1634 2470 1702 2525 de
1731 2470 1943 2524 latran
1965 2467 2140 2522 homi-

537 2571 678 2637 cida,
712 2570 783 2626 de
810 2580 994 2626 scorto
1023 2569 1306 2631 meretrix,
1333 2581 1521 2620 scurra
1555 2565 1623 2620 de
1649 2565 1856 2618 mimo?
1877 2563 1981 2631 Qui
2015 2578 2142 2632 par-

540 2666 678 2720 turis
706 2665 836 2718 mihi
861 2673 1072 2718 montes
1100 2661 1410 2725 criminum,
1446 2668 1499 2712 et
1528 2657 1734 2725 gladios
1761 2672 1896 2725 quos
1935 2654 2142 2722 deligas

548 2756 566 2826 [
599 2756 684 2808 At.
709 2756 967 2825 designas
992 2752 1016 2824 ]
1044 2753 1095 2805 in
1125 2751 1370 2822 jugulum
1405 2764 1608 2814 meum,
1641 2757 1789 2802 tanto
1829 2756 1955 2800 ante
2004 2738 2142 2800 tein-

539 2862 675 2916 pure
699 2847 967 2901 exacuis?
1004 2844 1286 2898 ldcircone
1311 2853 1337 2881 ι
1380 2841 1634 2896 Cereales
1674 2849 1731 2895 et
1773 2838 2014 2893 anahasii
2065 2837 2141 2891 ttti

539 2955 641 3013 per
665 2940 908 2994 diversas
930 2938 1241 3008 provincias
1272 2945 1657 3001 cucurrerunt,
1686 2945 1747 2988 ut
1773 2932 1961 2987 laudes
1991 2946 2142 2985 meas

540 3032 826 3102 legerent?
859 3030 928 3085 Ut
956 3029 1342 3100 panegyricum
1369 3038 1516 3081 tuum
1550 3043 1648 3098 per
1681 3028 1912 3097 angulos
1942 3038 1994 3080 et
2028 3025 2144 3094 pla-

2249 1820 2354 1873 lins
2380 1821 2428 1874 ei
2461 1820 2666 1873 falsatte
2694 1820 2912 1885 fuerint,
2943 1821 3090 1889 quiid
3122 1831 3220 1874 aut
3265 1823 3440 1876 nullus
3469 1838 3559 1876 eas
3592 1823 3854 1890 haberet,

2248 1922 2338 1964 aut
2370 1911 2660 1966 admodum
2712 1912 2886 1981 pauci.
2924 1930 2943 1963 ›
2982 1913 3048 1966 Et
3077 1925 3203 1968 ante
3235 1914 3451 1983 scripsi,
3483 1925 3533 1968 et
3567 1931 3713 1969 nunc
3759 1931 3861 1970 ea-

2247 2006 2394 2070 dem,
2434 2006 2545 2060 Deo
2572 2007 2850 2073 audiente,
2900 2015 3195 2076 protestor,
3233 2023 3319 2062 nte
3374 2022 3480 2061 non
3513 2009 3858 2078 approbasse

2246 2100 2653 2153 accusationem
2706 2099 2861 2168 ejus.
2914 2116 3012 2154 nec
3061 2099 3382 2170 cujusquam
3435 2101 3734 2156 ChriSIiani
3803 2105 3856 2159 in

2248 2190 2637 2245 Christianum.
2673 2191 2810 2256 Quid
2856 2190 3004 2246 enim
3048 2207 3270 2247 necesse
3299 2203 3406 2258 est,
3445 2195 3497 2247 in
3555 2195 3857 2249 multorum

2247 2284 2502 2337 scandala
2535 2283 2856 2354 ruinamque
2888 2283 3148 2354 proferri,
3181 2302 3300 2354 quae
3319 2295 3537 2340 secreto
3559 2296 3652 2340 aut
3683 2288 3860 2342 corri-

2247 2392 2377 2446 pere
2403 2378 2609 2442 valeas,
2643 2387 2740 2433 aut
2781 2378 3127 2434 emendare?
3163 2379 3269 2434 Sed
3310 2381 3438 2450 quia
3483 2382 3859 2452 unusquisque

2247 2470 2384 2524 vivit
2413 2470 2697 2526 stomacho
2731 2488 2862 2526 suo:
2890 2481 2943 2526 et
2973 2473 3180 2526 amicus
3213 2488 3317 2525 non
3363 2473 3550 2527 statim
3594 2474 3857 2529 dominus

2249 2571 2335 2616 cst
2384 2564 2611 2618 alterius
2659 2563 2988 2618 voluntatis:
3038 2565 3179 2618 sicut
3230 2565 3634 2620 accusationem
3684 2568 3856 2621 etiam

2247 2669 2432 2708 verant
2488 2657 2850 2724 reprehendo,
2897 2657 2975 2710 sic
3027 2656 3319 2711 falsitatem
3367 2658 3755 2713 schedularum
3806 2661 3861 2714 in

2249 2758 2438 2804 sancto
2491 2749 2608 2803 viro
2661 2766 2767 2805 non
2825 2750 3088 2820 suscipio.
3136 2749 3275 2818 Quid
3323 2750 3467 2805 enim
3501 2751 3659 2825 535
3692 2753 3863 2808 homo

2250 2841 2477 2898 Latinus
2508 2846 2576 2899 de
2609 2845 3060 2913 interpretatione
3101 2843 3287 2900 Graeca
3329 2846 3497 2912 potuit
3530 2849 3865 2902 ttntntttare?

2249 2937 2358 2991 Aut
2386 2939 2514 3008 quid
2543 2938 2910 3001 subtraheret,
2939 2938 3262 2993 veladderet
3283 2941 3333 2991 in
3361 2939 3861 3017 ηδτίςπερὶᾊρχῶν

2249 3031 2340 3083 ubi
2373 3033 2453 3085 sic
2508 3041 2758 3086 eontexta
2789 3041 2915 3086 sunt
2945 3033 3146 3096 omnia,
3190 3041 3243 3086 et
3279 3031 3510 3087 alterum
3544 3033 3754 3102 pendet
3801 3052 3864 3090 ex

537 3139 676 3191 teas,
725 3141 790 3180 ac
838 3124 1285 3179 muliercularum
1316 3122 1582 3177 textrinas
1625 3119 1960 3175 ret-itarem?
2008 3118 2134 3174 H.cc
2163 3121 2209 3184 C
2240 3123 2438 3190 altero,
2495 3133 2550 3177 ut
2599 3123 2861 3194 quidquid
2917 3125 3109 3179 tollere
3161 3124 3440 3190 volueris,
3491 3127 3581 3180 vel
3629 3127 3863 3194 addere,

537 3229 623 3278 est
647 3231 737 3274 tua
769 3218 860 3273 illa
892 3224 1077 3271 sancta
1103 3215 1455 3281 verecundia,
1490 3215 1604 3268 haec
1630 3213 1913 3268 :edilieatio
1946 3211 2137 3266 Chris-

535 3315 704 3379 tiana;
729 3312 806 3366 sic
837 3310 1121 3366 modestus
1144 3325 1226 3374 es,
1259 3309 1336 3362 sic
1360 3307 1592 3377 pudens,
1625 3317 1682 3360 ut
1708 3306 2029 3361 catervatim
2070 3304 2139 3359 de.

535 3406 824 3464 occidente
845 3405 1148 3466 venientes,
1178 3399 1309 3455 mihi
1335 3411 1425 3454 ttta
1452 3399 1739 3454 maledicta
1765 3396 2136 3452 narraverint:

540 3503 615 3556 ita
645 3499 966 3556 memoriter
995 3508 1047 3552 et
1075 3504 1462 3560 consentanee,
1503 3502 1563 3548 ut
1587 3508 1688 3562 ego
1727 3508 1952 3562 cogerer
1979 3488 2144 3564 535

539 3609 649 3648 non
679 3591 899 3660 scriptis
930 3590 1060 3654 tuis,
1093 3604 1215 3658 qua:
1259 3585 1489 3640 necdum
1540 3585 1798 3654 legeram,
1843 3583 1937 3638 sed
1969 3586 2142 3651 scrip-

541 3700 717 3745 torum
763 3685 1097 3758 respondere
1125 3682 1492 3754 opinionibus,
1539 3691 1591 3734 et
1617 3679 1849 3732 volantia
1875 3686 1988 3732 toto
2009 3676 2142 3731 orbe

538 3781 716 3850 jaCula
750 3779 1024 3842 falsitatis,
1056 3777 1254 3848 clypeo
1276 3776 1524 3828 veritatis
1546 3773 1816 3842 excipere.

610 3871 668 3926 4,
712 3870 1002 3944 Epiphanii
1047 3868 1324 3934 epistolam
1368 3870 1571 3937 furatus
1603 3874 1674 3918 est
1723 3864 2003 3917 monachus
2037 3864 2144 3918 Ru-

541 3967 634 4037 ﬁni
674 3966 927 4019 minister.
967 3991 1039 4003 —
1079 3961 1343 4030 Sequitur
1383 3958 1437 4013 in
1490 3957 1723 4027 epistola
1767 3965 1895 4011 tua:
1952 3975 1972 4009 ι
2024 3955 2142 4010 Noli

538 4061 710 4115 multo
740 4073 876 4112 auro
922 4055 1200 4112 redimere
1231 4053 1503 4107 notarium
1548 4067 1756 4105 meum:
1800 4051 1941 4105 sicut
1985 4050 2144 4105 amici

540 4152 619 4206 tui
643 4152 711 4205 de
737 4150 875 4205 meis
905 4152 1028 4224 περὶ
1078 4146 1284 4224 ’Δρχῶν
1332 4143 1632 4208 schednlis,
1678 4142 1917 4196 nondum
1959 4158 2147 4199 emen-

539 4244 699 4311 datis,
735 4243 978 4298 nondum
1005 4239 1072 4294 ad
1105 4254 1300 4310 purum
1331 4236 1578 4306 digestis,
1605 4236 1882 4290 fecerunt:
1918 4244 1977 4289 ttt
2015 4234 2148 4290 faci-

537 4339 643 4394 lius
683 4337 882 4393 falsare
929 4341 1173 4404 poSsent,
1219 4331 1369 4403 quod
1402 4340 1493 4383 aut
1525 4330 1705 4383 nullus
1755 4331 1998 4395 haberet,
2055 4341 2150 4383 aut

543 4432 835 4485 admodum
866 4431 1044 4498 pauci.
1074 4427 1254 4482 Gnatis
1285 4442 1313 4478 a
1340 4441 1426 4482 me
1461 4424 1686 4477 missum
1736 4423 1951 4490 suscipe
1996 4421 2150 4477 codi-

2243 3216 2400 3286 quasi
2434 3231 2642 3284 pannus
2689 3217 2739 3270 in
2793 3216 3121 3272 vestimento
3150 3217 3330 3271 statim
3367 3219 3672 3286 appareat?
3699 3220 3867 3287 Quod

2244 3325 2376 3380 ergo
2405 3326 2493 3366 me
2535 3327 2727 3367 mones
2748 3355 2761 3376 ,
2813 3312 2933 3380 ipse
2984 3312 3146 3367 facito
3178 3329 3192 3364 :
3223 3312 3499 3382 paululum
3530 3313 3724 3367 saltem
3769 3315 3869 3368 hu—

2247 3408 2413 3467 mani.
2446 3408 2489 3460 si
2525 3423 2632 3462 non
2655 3407 2951 3462 Christiani
2985 3407 3206 3476 pudoris
3235 3422 3475 3472 as~ume,
3508 3423 3574 3461 ne
3600 3408 3866 3474 deSpecta

2246 3509 2300 3556 et
2331 3500 2541 3554 calcata
2574 3502 2909 3555 conscientia
2936 3512 3048 3565 tua,
3075 3501 3258 3554 verbis
3285 3511 3334 3555 te
3359 3509 3644 3570 purgatum
3678 3516 3864 3571 putes,

2246 3593 2336 3662 qui
2396 3592 2559 3647 rebus
2590 3595 2824 3661 urgeris.
2858 3592 2916 3647 Si
2959 3593 3225 3646 Eusebius
3271 3608 3404 3646 auro
3455 3592 3690 3647 redemit
3751 3597 3867 3650 ine—

2248 3683 2532 3738 mendatas
2567 3683 2881 3750 schedulas,
2933 3699 3070 3753 quas
3116 3683 3364 3749 falsaret,
3403 3695 3455 3737 tu
3497 3683 3685 3754 profer
3717 3697 3861 3751 tuas,

2248 3791 2368 3846 qu:.e
2415 3775 2622 3830 falsatae
2657 3792 2765 3830 non
2818 3778 2960 3831 sint:
3005 3786 3059 3831 et
3087 3777 3131 3831 si
3168 3777 3492 3845 probaveris
3525 3777 3660 3832 nihil
3696 3779 3752 3832 in
3786 3781 3866 3834 eis

2249 3869 2592 3934 haeretieum,
2650 3878 2778 3924 tunc
2820 3870 2912 3925 ille
2954 3871 3188 3926 crimine
3244 3871 3516 3924 tenebitur
3572 3872 3862 3928 falsitatis.

2250 3963 2508 4031 Quamvis
2557 3974 2755 4027 mutes,
2788 3964 3036 4033 quamvis
3078 3966 3341 4034 corrigas,
3366 3963 3665 4019 catholicas
3702 3979 3722 4003 ε
3755 3983 3862 4020 non

2251 4055 2527 4126 probabis.
2563 4056 2620 4111 Si
2661 4057 2806 4109 enim
2835 4072 2991 4110 error
3021 4067 3167 4111 esset
3199 4057 3252 4109 in
3282 4056 3486 4123 verbis,
3521 4067 3612 4109 aut
3649 4059 3700 4110 in
3737 4075 3866 4127 pau-

2250 4152 2333 4205 cis
2363 4150 2637 4214 sensibus,
2674 4161 2895 4218 possent
2931 4152 3242 4206 detruncari
3293 4152 3457 4216 ntala,
3498 4161 3551 4205 et
3583 4152 3722 4204 bona
3768 4169 3865 4222 pro

2253 4243 2339 4296 bis
2395 4244 2606 4312 reponi.
2645 4244 2742 4296 Ubi
2773 4251 2953 4297 autem
2989 4252 3096 4296 tota
3148 4243 3447 4312 disputatio
3483 4242 3704 4312 :cqltztiis
3737 4253 3862 4296 est:

2255 4345 2314 4390 ut
2343 4335 2611 4388 universa:
2645 4334 2942 4389 rationales
2967 4343 3252 4392 οιιρηιιιτιρ,
3283 4350 3405 4402 qua:
3431 4332 3639 4401 propria
3667 4333 3864 4386 volun-

2256 4438 2368 4482 tato
2392 4437 2738 4493 corruerant,
2773 4429 2824 4481 in
2854 4443 3018 4481 unum
3045 4438 3229 4493 postea
3251 4436 3588 4482 revertantur
3617 4435 3860 4481 statum:

541 4539 680 4585 cem,
715 4538 876 4592 quem
921 4538 1089 4577 censu
1142 4535 1342 4587 magno
1394 4533 1627 4586 cuperes
1678 4529 2082 4586 comparatum.
2125 4537 2143 4570 ι
2176 4510 2231 4570 1)
2259 4532 2313 4576 ut
2345 4537 2561 4575 rursum
2591 4538 2656 4575 ex
2685 4520 2876 4576 eodem
2918 4520 3190 4589 principio
3217 4519 3336 4573 aliae
3369 4523 3475 4573 sint
3502 4519 3699 4574 ruinaa:
3733 4519 3861 4588 quid

545 4618 664 4674 Non
699 4630 748 4672 te
773 4618 936 4687 pudet
962 4615 990 4654 ι)
1021 4615 1313 4686 prommii?
1347 4614 1457 4683 Ego
1484 4627 1620 4666 auro
1642 4611 1966 4666 redimerem
1995 4622 2144 4665 nota-

544 4715 686 4770 rium
731 4711 915 4766 luum?
964 4711 1028 4765 Et
1075 4709 1343 4780 quistalis
1366 4722 1429 4760 ac
1465 4716 1646 4760 tantus
1693 4716 1800 4768 est,
1845 4716 1901 4759 ιιι
1949 4707 2149 4761 audeat

545 4823 668 4864 cum
711 4808 906 4862 Crmso
951 4816 1001 4860 et
1057 4805 1216 4857 Dario
1246 4817 1484 4871 pugnare
1517 4799 1759 4854 divitiis?
1809 4799 1876 4855 Ut
1905 4800 2142 4853 subitum

547 4901 922 4962 Demaratum,
967 4907 1024 4952 et
1066 4894 1323 4951 Crassum
1381 4909 1485 4948 non
1531 4893 1924 4966 pertimescat?
1963 4893 2149 4963 Usque

544 4992 752 5046 adeone
774 4986 1056 5047 obdurasti
1085 4986 1316 5041 frontem
1345 4994 1403 5039 ut
1431 4985 1774 5040 mendacium
1801 4999 1970 5051 ponas
1994 4999 2144 5054 Sprm

545 5094 690 5140 tuam
725 5102 736 5136 :
768 5097 824 5138 et
852 5082 1132 5138 existimes
1164 5092 1214 5135 te
1261 5082 1468 5148 protegi
1518 5095 1680 5149 posse
1723 5080 2044 5144 mendacio,
2092 5091 2146 5136 et

542 5176 807 5248 quidquid
841 5173 1067 5234 ﬁnxeris
1092 5173 1185 5227 tibi
1213 5170 1545 5227 credendum
1577 5175 1764 5241 putes?
1804 5173 1940 5240 Quis
1986 5172 2150 5228 Betti-

615 5392 638 5418 ι
684 5377 914 5438 Deducit
947 5373 1220 5432 Victorius
1258 5387 1455 5427 nomen
1483 5386 1511 5424 a
1539 5369 1757 5432 Cereris
1789 5368 1990 5432 fabula,
2021 5384 2144 5438 qua:

542 5465 752 5523 raptam
791 5448 1178 5523 Proserpinam
1216 5444 1401 5523 filiani,
1440 5443 1662 5523 ubique,
1693 5438 1862 5504 etiam
1888 5439 2032 5523 apud
2063 5441 2141 5521 in-

545 5512 689 5582 feros
702 5533 982 5593 persecuta
999 5512 1551 5593 dicitmnﬁuabasws
1573 5521 1776 5593 autem,
1801 5515 1944 5593 q_uo_d
1969 5512 2141 5593 cimi-

540 5580 766 5660 bus,a'ut
791 5607 944 5662 equis
963 5587 1283 5662 conscensis
1314 5584 1532 5638 velut-cs
1553 5587 1741 5662 essent
1762 5580 1869 5662 ,Aab
1895 5580 2142 5642 ἀνάϐασις

542 5653 732 5719 ϐταέυο
762 5653 948 5726 verbo,
977 5661 1118 5730 quod
1148 5669 1512 5730 conscensum
1535 5653 1826 5730 significat.

613 5732 638 5768 1³
681 5719 946 5786 Erasmus
968 5719 1185 5797 ρὶιτοεηᾶὶ
1217 5725 1484 5796 reposuit,
1515 5719 1659 5792 quod
1691 5730 1796 5786 est,
1829 5719 2142 5776 temulenta:

2260 4617 2431 4670 habes
2481 4615 2800 4676 emendare,
2862 4613 2965 4667 nisi
3001 4624 3193 4668 cuncta
3230 4614 3561 4667 mutaveris?
3608 4614 3762 4678 Quod
3819 4613 3863 4666 si

2258 4708 2440 4762 facere
2471 4707 2739 4769 volucris,
2769 4707 2880 4777 jam
2920 4723 3027 4761 non
3075 4708 3241 4760 libros
3289 4707 3498 4762 alienos
3544 4708 3863 4772 interpreta—

2255 4802 2422 4868 beris,
2456 4802 2552 4858 sed
2578 4801 2783 4860 condes
2813 4811 2952 4853 tuos.
2990 4801 3102 4856 Hoc
3133 4813 3314 4854 autem
3344 4800 3650 4868 cujusmodi
3693 4815 3854 4867 aigu-

2255 4907 2500 4950 mentutu
2532 4897 2624 4955 sit.
2661 4912 2770 4948 non
2822 4893 3093 4962 intelligo.
3130 4893 3287 4960 Quia,
3320 4890 3344 4927 ἀ
3384 4891 3584 4962 inquit,
3619 4891 3866 4948 inemen-

2250 4990 2413 5053 datm,
2444 4997 2500 5042 et
2521 4988 2766 5041 nondum
2799 4988 2864 5039 ad
2898 5002 3090 5057 purum
3121 4987 3347 5053 digesta:
3389 4987 3860 5050 erantSt-hedulm,

2256 5083 2464 5135 idcirco
2522 5079 2736 5134 facilius
2785 5079 2854 5134 ab
2905 5079 3140 5134 Eusebio
3191 5078 3398 5133 falsatm
3428 5091 3577 5136 sunt.
3627 5085 3864 5151 Antch

2259 5172 2471 5232 tardior
2495 5187 2650 5239 sum;
2684 5183 2776 5232 aut
2805 5171 2936 5226 mihi
2968 5171 3100 5245 satis
3121 5169 3328 5226 fatuum
3358 5181 3414 5230 et
3433 5172 3694 5234 obtusum
3721 5171 3864 5227 vide-

2259 5367 2714 5450 dcba'echationis.
2740 5368 3145 5450 c_G_r;cca_voc_c.
3174 5373 3444 5450 παροινίας
3479 5371 3614 5425 Satis
3651 5383 3859 5450 argute.

2335 5450 2356 5476 ε
2398 5440 2614 5514 scilicet
2638 5439 2933 5514 srhedufas.
2969 5439 3316 5495 lllartian;r'u5
3345 5453 3524 5496 autem
3553 5452 3677 5514 post
3704 5443 3862 5498 Eras-

2260 5526 2409 5564 mntn
2444 5511 2606 5566 habet
2633 5511 2922 5567 Catholica.

2258 5650 2303 5705 Β
2404 5581 2697 5650 Victorius,
2745 5585 2936 5653 inquis,
2977 5599 3077 5654 pro
3123 5583 3308 5653 inquit,
3361 5595 3416 5639 ut
3461 5599 3647 5646 sermo
3689 5587 3759 5640 sit
3797 5584 3860 5641 ad

2312 5669 2340 5704 u
2365 5667 2534 5705 tuum.

2312 5667 2511 5705 tlllllUlll
2523 5692 2534 5704 .
