4036 6366
320 245 420 312 “1
1312 237 1656 298 ΑΡοιοοιΔ
1695 237 2058 298 ΑῠῩΕιὶὲυὸ
2095 237 2342 298 LIBROS
2381 238 2635 296 RUFINI.
3517 247 3626 306 ιδ,

321 371 430 418 tur.
465 361 525 420 Si
555 359 801 416 nondum
829 358 1156 425 emendate,
1204 371 1305 420 nec
1334 357 1406 414 ad
1455 372 1650 426 purum
1693 354 1923 426 digestas
1950 363 2002 422 Α
2028 354 2186 423 dicis,
2215 355 2418 412 ferulas
2449 355 2706 421 adbibeo,
2731 370 2906 426 neque
2931 356 3361 430 athenogcronta
3389 361 3408 432 (
3437 362 3626 419 Senem

321 465 483 512 erant
530 453 824 522 scbedulae,
873 468 1028 510 error
1058 466 1245 508 earum
1275 465 1386 506 non
1417 450 1658 506 Eusebio
1689 450 1922 520 imputa-

319 546 492 613 bitur,
517 546 616 604 sed
645 560 812 601 morte
841 553 896 599 et
917 543 1159 600 tarditati
1181 553 1309 609 tuae,
1344 543 1438 614 qui
1470 543 1768 598 emendare
1801 559 1920 596 ces-

320 638 478 694 sasti.
516 638 584 693 Et
611 638 664 693 in
691 651 757 692 eo
786 635 903 692 solo
929 635 1032 692 erit
1062 634 1151 690 ille
1191 634 1479 704 culpabilis
1501 675 1516 699 ,
1563 636 1688 705 quia
1718 631 1920 703 scripta

321 740 412 788 tua
443 732 556 786 cito
611 729 989 790 disseminavit
1035 730 1088 786 in
1142 729 1359 800 vulgus,
1412 744 1536 800 quae
1578 739 1634 783 tu
1663 728 1923 798 paulatim

321 825 618 886 emendare
643 824 984 880 decreveras.
1018 822 1115 879 Sin
1147 834 1355 890 autem,
1385 832 1442 877 ut
1469 830 1527 877 tu
1558 823 1660 888 vis,
1695 836 1790 880 eas
1826 820 1923 876 lal-

319 920 460 978 savit
486 918 787 978 Eusebius:
815 917 943 989 quid
991 919 1258 984 causaris,
1285 927 1452 988 atque
1476 916 1774 988 praetendis
1803 915 1919 971 ine-

321 1014 630 1078 mandatas,
656 1024 710 1069 et
741 1013 971 1072 necdum
995 1011 1060 1068 ad
1092 1027 1284 1081 parum
1305 1010 1543 1081 digestas
1567 1011 1622 1064 in
1648 1009 1924 1080 publicum

320 1108 679 1182 prorupisse?
715 1109 779 1162 lit
808 1106 1117 1162 emendata:
1160 1106 1328 1171 enim,
1371 1115 1425 1159 et
1466 1120 1573 1160 non
1619 1101 1924 1160 emendatae

324 1202 556 1258 similem
582 1200 856 1270 recipiunt
877 1198 1194 1257 falsitatem.
1230 1196 1442 1261 Nullus,
1465 1193 1672 1266 inquis,
1703 1210 1800 1250 eos
1828 1193 1927 1248 Ita-

323 1294 485 1353 bebat
517 1293 706 1358 libros.
730 1303 823 1348 aut
866 1290 1160 1348 admodum
1209 1290 1390 1362 pauci.
1421 1288 1481 1343 in
1523 1302 1635 1348 uno
1670 1298 1926 1342 sermone

321 1396 525 1461 quanta
551 1385 875 1447 diversitas!
919 1383 978 1440 Si
1008 1383 1190 1440 nullus
1217 1397 1314 1440 eos
1343 1379 1605 1448 babebat,
1650 1377 1926 1450 quomodo

323 1479 471 1550 apud
502 1493 707 1548 paucos
735 1477 923 1532 erant?
952 1474 1012 1531 Si
1051 1472 1204 1544 pauci
1253 1472 1543 1537 habebant,
1581 1486 1678 1526 cur
1721 1469 1926 1524 nullum

328 1570 589 1626 babuiSse
631 1566 916 1624 mentiris?
970 1581 1094 1624 cum
1141 1576 1328 1624 autem
1383 1562 1537 1618 dicas
1581 1561 1746 1636 536
1783 1559 1926 1630 apud

328 1677 527 1738 paucos
559 1661 754 1726 fuisse;
785 1670 840 1716 et
871 1668 923 1714 te
969 1659 1088 1732 ipso
1118 1656 1414 1716 conﬁtente
1453 1654 1779 1711 subversum
1829 1656 1926 1719 sit,

2023 446 2340 516 discipulum
2370 445 2390 518 )
2415 462 2594 502 meum
2638 447 2865 515 scutica,
2896 457 2950 502 et
2985 447 3155 520 plagis
3188 451 3398 508 litteras
3427 454 3625 512 dot-ere

2024 539 2326 604 contendo;
2361 539 2456 594 sed
2489 538 2619 609 quia
2655 537 2862 598 fulmen
2895 539 3002 612 [ΑΙ.
3037 539 3263 615 ﬂumen]
3302 544 3625 616 eloquentia:

2026 642 2154 694 tuin.
2195 642 2357 701 atque
2406 633 2672 689 doctrinm
2717 650 2911 692 omnes
2964 645 3285 694 tractatores
3323 639 3470 697 ferre
3518 659 3624 699 non

2025 739 2335 796 possumus,
2393 735 2448 781 et
2499 727 2702 796 in’genii
2759 728 3014 784 acumine
3061 731 3390 802 perstringis
3439 735 3629 791 oculos

2027 827 2263 881 nostros,
2299 817 2565 873 intantum
2589 828 2644 874 ut
2667 834 2858 876 omnes
2878 819 3038 893 537
3064 830 3188 877 tuos
3208 822 3426 878 invidos
3445 837 3626 895 putes,

2025 909 2276 965 certatim
2300 911 2612 980 opprimere
2635 922 2688 970 te
2713 913 2996 984 cupimus:
3037 931 3106 970 ne
3130 915 3176 972 si
3206 918 3378 972 semel
3407 919 3460 975 in
3494 923 3631 978 seri-

2028 1002 2206 1064 beudo
2231 1004 2536 1062 obtinueris
2558 1007 2939 1078 principatum,
2971 1019 3026 1067 et
3053 1011 3108 1066 in
3144 1011 3468 1082 eloquentia:
3501 1031 3632 1072 arce

2027 1097 2270 1163 steteris,
2320 1099 2534 1153 cunctis
2577 1100 2734 1156 nobis
2772 1103 2861 1171 qui
2901 1102 3108 1173 aliquid
3148 1106 3294 1160 scire
3342 1106 3630 1176 volumus,

2028 1188 2228 1250 molire
2256 1203 2364 1246 non
2404 1190 2589 1246 liceat.
2626 1191 2738 1263 Ego
2770 1192 3154 1263 philosophus,
3183 1194 3396 1261 rhetor,
3444 1214 3628 1268 gram-

2031 1280 2280 1346 maticus,
2322 1280 2675 1348 dialecticus,
2733 1284 3025 1350 Hebraeus,
3073 1285 3328 1353 Grtecus,
3377 1287 3632 1359 Latinus,

2028 1370 2056 1409 ι»
2091 1373 2382 1444 trilinguia.
2409 1374 2522 1430 Hoc
2548 1376 2714 1434 modo
2740 1388 2794 1436 et
2825 1386 2882 1434 tu
2931 1377 3192 1449 bilinguis
3219 1381 3351 1448 eris,
3379 1383 3470 1452 qui
3504 1393 3631 1444 tan-

2031 1474 2140 1522 tam
2167 1466 2336 1526 habes
2367 1467 2540 1526 Grteci
2575 1469 2863 1540 Latinique
2909 1473 3186 1534 sermonis
3211 1475 3500 1532 scientiam
3520 1517 3536 1543 ,
3576 1489 3636 1534 ut

2030 1572 2084 1617 et
2118 1561 2294 1620 Gratci
2326 1571 2376 1618 te
2405 1562 2692 1632 Latinum,
2739 1574 2798 1620 et
2828 1564 3010 1626 Latini
3050 1577 3102 1626 te
3128 1567 3376 1628 Gra'cum
3408 1580 3632 1641 putent:

2028 1666 2082 1711 et
2110 1672 2243 1728 papa
2270 1657 2607 1729 Epiphanius
2639 1662 3026 1733 πεντάγλωττος
3045 1662 3195 1734 [Μδε.
3215 1667 3632 1740 πεντάγλωσσος]

327 1758 470 1830 quod
499 1756 678 1816 nullus
709 1755 980 1822 habuerit,
1014 1753 1106 1811 ubi
1150 1761 1234 1808 est
1278 1750 1434 1815 illud,
1466 1748 1614 1823 quod
1654 1747 1923 1818 quereris,
1957 1753 2006 1820 ﬁ
2031 1750 2156 1822 quia
2203 1752 2443 1822 quinque
2483 1753 2683 1826 linguis
2732 1763 2926 1814 contra
2969 1766 3022 1814 te
3061 1764 3116 1819 et
3151 1759 3432 1820 Atnasium
3478 1769 3634 1818 tuum

323 1867 458 1910 auro
485 1852 830 1921 redemptum
858 1848 1130 1905 notarium
1167 1845 1348 1900 tuum?
1369 1844 1464 1899 Dic
1489 1857 1683 1898 nomen
1706 1841 1925 1907 notarii,

323 1951 589 2018 quantum
635 1942 753 1998 auri
799 1941 986 1998 datum
1016 1940 1106 2004 sit,
1156 1936 1269 2004 ubi,
1325 1951 1420 2006 per
1468 1950 1654 2006 quem,
1705 1942 1797 1990 aut
1839 1932 1928 1986 cui

324 2035 536 2092 datum.
568 2032 770 2102 Utique
803 2030 1138 2102 proditorem
1169 2037 1317 2082 tuum
1354 2025 1611 2096 abiecisti
1643 2041 1671 2078 a
1706 2033 1759 2078 te
1789 2022 1810 2093 [
1838 2021 1924 2075 Al.

325 2126 537 2198 ante];
564 2136 619 2180 et
652 2124 784 2180 tanti
817 2123 1075 2178 facinoris
1124 2135 1278 2176 reum
1309 2133 1339 2174 a
1377 2128 1468 2174 tuo
1511 2117 1790 2176 consortio
1839 2132 1926 2170 se-

325 2216 560 2288 parasti.
595 2213 730 2270 Vide
759 2229 827 2270 ne
854 2212 1026 2285 magis
1049 2212 1180 2268 illud
1210 2226 1400 2267 verum
1430 2211 1520 2277 sit,
1556 2227 1588 2263 a
1616 2212 1801 2279 paucis
1824 2207 1932 2264 illis

332 2310 533 2363 amicis
565 2307 693 2372 tuis,
727 2316 781 2362 et
812 2305 1052 2361 Eusebio
1077 2315 1134 2360 et
1162 2303 1378 2368 cieteris
1405 2301 1530 2357 data
1561 2300 1929 2372 exemplaria;

327 2416 454 2479 quae
486 2400 562 2460 ita
594 2402 736 2456 inter
764 2414 826 2454 se
877 2408 1208 2469 congruunt,
1248 2405 1412 2468 atque
1450 2395 1820 2459 consentiunt,
1877 2399 1935 2448 ut

327 2509 397 2548 ne
429 2501 631 2562 puncto
662 2490 881 2562 quidem
905 2491 1136 2551 alterum
1170 2490 1237 2546 ab
1259 2489 1432 2547 altero
1463 2487 1693 2544 ditl‘erat.
1729 2484 1936 2542 Deinde

330 2585 486 2655 cujus
514 2585 820 2654 prudentia:
845 2589 952 2648 est,
983 2582 1112 2638 dare
1140 2581 1419 2652 exemplar
1447 2580 1592 2642 aliis,
1625 2577 1767 2648 quid
1797 2594 1932 2634 non-

333 2677 458 2733 dum
507 2675 944 2732 etnendaveras?
993 2674 1220 2740 Scripta:
1265 2673 1334 2728 ad
1379 2687 1572 2748 put-nm
1619 2686 1728 2726 non
1780 2679 1937 2726 erant

333 2769 646 2834 schedulm;
674 2779 727 2828 ut
750 2767 1121 2832 emendandos
1151 2781 1369 2822 errores
1401 2774 1521 2819 tuos
1536 2763 1650 2834 jam
1680 2763 1771 2820 alii
1804 2778 1934 2832 pos-

335 2862 604 2920 sidebant.
641 2863 894 2918 Sentisne
917 2875 1028 2915 non
1057 2859 1264 2914 haerere
1287 2858 1432 2914 inter
1460 2872 1520 2913 se
1551 2856 1935 2914 mendacium?

336 2956 404 3012 Et
431 2957 560 3028 quid
595 2956 690 3012 tibi
729 2957 781 3010 in
825 2956 1055 3012 articulo
1084 2952 1347 3023 temporis
1379 2951 1601 3022 profuit,
1637 2960 1696 3008 ut
1725 2951 1936 3021 episco-

335 3065 529 3124 porum
575 3050 875 3106 sententias
918 3048 1350 3119 subterlugeres,
1388 3054 1578 3118 patere
1608 3045 1930 3108 discussum,

2035 1842 2356 1915 (Origenem)
2377 1845 2635 1917 loquitur.
2661 1848 2944 1920 Simulque
2959 1849 3222 1917 admiror,
3236 1867 3339 1922 qua
3360 1855 3638 1910 temerita-

2034 1945 2088 2000 te
2104 1947 2296 1996 contra
2316 1948 2593 2000 tantarum
2610 1941 2810 2002 artium
2831 1942 3010 2000 virum
3038 1941 3243 1998 audeas
3269 1943 3452 2006 dicere
3474 1963 3487 1999 :
3516 1965 3538 1998 ι
3557 1945 3638 2001 Τιι

2034 2030 2127 2100 qui
2172 2040 2252 2086 tot
2289 2030 2704 2101 disciplinarum
2733 2034 2903 2088 oculis
2932 2033 3148 2104 vigilas,
3173 2038 3446 2104 quomodo
3480 2038 3634 2094 venia

2035 2121 2322 2180 donandus
2349 2137 2432 2187 es,
2462 2124 2510 2179 si
2538 2125 2834 2186 erraveris,
2881 2134 2936 2178 et
2974 2141 3082 2180 non
3110 2136 3376 2195 perpetuo
3414 2128 3640 2196 pudoris

2037 2214 2256 2270 silentio
2283 2216 2698 2285 contegendus?
2732 2235 2754 2268 ι
2795 2216 2953 2284 Quod
2984 2231 3107 2272 cum
3139 2217 3416 2288 legissem,
3459 2229 3515 2274 et
3553 2236 3643 2280 me

2040 2316 2286 2375 putarem
2313 2307 2509 2366 alicubi
2533 2308 2590 2362 in
2612 2322 2866 2368 sermone
2893 2309 3108 2378 lapsum
3141 2307 3257 2380 (qui
3289 2310 3424 2365 enim
3451 2309 3637 2380 (Iacob

2041 2414 2119 2466 ut,
2145 2399 2203 2471 9.)
2226 2399 2278 2454 in
2305 2400 2456 2454 verba
2484 2416 2588 2458 non
2615 2409 2812 2469 peccat,
2840 2401 2935 2454 iste
2953 2405 3216 2472 perfectus
3236 2400 3353 2473 est),
3383 2411 3438 2458 et
3465 2405 3643 2474 suspi-

2039 2504 2195 2545 carer
2216 2507 2337 2552 eum
2362 2491 2564 2560 aliquid
2588 2506 2836 2550 meorum
2855 2492 3198 2564 prolaturum
3220 2507 3344 2552 esse
3363 2494 3642 2562 vitiorum,

2040 2585 2221 2640 subito
2251 2585 2464 2642 intulit:
2497 2602 2516 2637 t
2542 2584 2686 2642 Ante
2715 2584 2937 2646 biduum
2962 2585 3120 2651 mihi,
3142 2586 3302 2658 quatit
3333 2588 3642 2658 proﬁcisce-

2041 2684 2192 2731 retur
2221 2677 2410 2736 ltarum
2438 2677 2672 2747 baiulus,
2700 2678 2757 2736 in
2787 2693 2979 2733 manus
3002 2689 3294 2746 venerunt,
3321 2695 3438 2751 qua:
3469 2679 3522 2734 in
3556 2696 3643 2736 me

2039 2765 2380 2824 declamasti.
2415 2788 2434 2823 ι
2499 2769 2594 2825 Ubi
2627 2781 2708 2826 cst
2732 2785 2884 2841 ergo,
2916 2771 3063 2840 quod
3110 2773 3356 2840 minaris,
3391 2782 3448 2828 et
3485 2773 3641 2836 dicis,

2045 2881 2064 2914 ι
2097 2863 2382 2932 Quomodo
2409 2861 2691 2922 donandus
2723 2878 2782 2919 es
2821 2865 3006 2930 venia,
3029 2863 3075 2920 si
3104 2865 3407 2933 erraveris,
3449 2875 3503 2920 et
3533 2881 3641 2921 non

2040 2966 2307 3030 perpetuo
2351 2956 2576 3028 pudoris
2595 2956 2812 3011 silentio
2839 2956 3251 3027 contegendus?
3303 2977 3322 3011 ι
3358 2957 3468 3014 Nisi
3500 2957 3644 3016 forte

2042 3065 2155 3122 pra:
2183 3050 2432 3119 angustia
2473 3049 2733 3120 temporis
2775 3047 3000 3118 potuisti
3019 3064 3084 3104 ea
3119 3048 3178 3104 in
3211 3049 3460 3110 ordinem
3497 3050 3642 3120 digeo

336 3154 392 3202 et
422 3145 526 3200 tuis
549 3155 601 3201 te
627 3143 812 3204 verbis
844 3143 1138 3212 redargui?
1169 3142 1243 3198 Ex
1267 3155 1374 3212 quo
1401 3149 1626 3210 apparet
1645 3138 1799 3208 juxta
1839 3136 1924 3190 in-
1957 3149 2003 3211 ρ
2034 3157 2187 3198 rere:
2214 3151 2309 3202 aut
2331 3141 2564 3212 aliquem
2593 3141 2659 3195 de
2687 3140 3296 3207 eruditiseonducturus
3317 3157 3462 3212 eras,
3481 3143 3644 3214 quiin

337 3238 467 3312 clyti
502 3239 737 3296 oratoris
777 3236 1090 3308 (Ciceronis
1124 3237 1144 3308 )
1189 3235 1450 3306 elogium,
1505 3243 1558 3289 te
1600 3233 1938 3288 voluntatem

339 3329 544 3388 habere
572 3333 902 3398 mentiendi,
923 3340 1098 3388 artem
1133 3329 1374 3401 ﬁngendi
1403 3343 1510 3386 non
1534 3328 1758 3384 habere.

413 3427 466 3482 6.
509 3425 826 3496 Coinparare
850 3436 900 3482 et
942 3442 1107 3484 coiere
1153 3424 1277 3498 quid
1320 3421 1699 3491 di/Teraiit?-—
1729 3421 1941 3491 Sequar

342 3520 591 3577 ordinem
623 3520 895 3590 epistolae,
929 3530 984 3576 et
1018 3519 1155 3596 ipsa,
1177 3527 1233 3572 ut
1264 3517 1479 3572 locutus
1504 3531 1586 3582 es,
1619 3515 1784 3570 verba
1815 3514 1943 3568 sub-

342 3627 579 3674 nccmm.
620 3633 640 3675 ς
678 3614 1080 3686 Eloquentiam,
1112 3621 1168 3670 ut
1192 3611 1350 3678 dicis,
1393 3620 1560 3677 tuam,
1608 3619 1664 3664 et
1701 3609 1753 3664 in
1799 3608 1945 3666 Prm-

345 3710 554 3766 l'atione
579 3724 698 3770 mea
722 3708 971 3764 laudasse
1001 3723 1090 3764 me
1122 3707 1330 3772 fateor;
1357 3714 1414 3760 et
1453 3705 1618 3762 etiam
1653 3719 1797 3760 nunc
1828 3703 1944 3758 lau-

345 3803 555 3870 darem,
592 3803 698 3860 nisi
735 3813 788 3864 ttt
842 3816 966 3859 eam
1010 3812 1204 3857 contra
1251 3800 1414 3858 Tullii
1467 3801 1540 3855 tui
1589 3799 1943 3864 sententiam,

343 3897 511 3953 multa
583 3895 842 3966 iactantia
915 3893 1128 3950 faceres
1186 3893 1454 3950 odiosam.
1512 3908 1530 3943 I
1589 3890 1693 3948 Ubi
1746 3889 1947 3962 jactavi

344 3989 715 4060 eloquentiam
750 4003 950 4054 meam,
993 3986 1276 4057 quietiam
1329 4000 1362 4039 a
1414 3993 1467 4040 te
1513 3983 1786 4040 laudatam
1837 3997 1946 4038 non

347 4079 590 4137 libenter
620 4079 845 4151 accepi?
871 4080 951 4134 An
984 4078 1089 4134 boc
1118 4077 1275 4143 dicis,
1310 4075 1434 4148 quia
1467 4091 1576 4131 non
1607 4076 1690 4130 vis
1720 4073 1946 4129 subdola

347 4157 741 4244 praedicatioiie
783 4169 1028 4240 palpari?
1081 4169 1284 4240 Aperte
1325 4167 1704 4234 accusaberis,
1752 4175 1812 4221 ut
1856 4165 1947 4237 qui

348 4267 668 4322 laudantem
723 4266 966 4335 resimis,
1018 4266 1224 4326 sentias
1279 4264 1683 4326 criminantem.
1726 4261 1951 4334 Imperi-

350 4362 478 4415 tiam
527 4369 714 4414 autem
747 4366 915 4424 tuam,
941 4373 1051 4412 non
1084 4368 1191 4414 tam
1244 4357 1448 4414 stultus
1475 4371 1648 4422 erant,
1680 4364 1738 4408 ut
1767 4369 1951 4429 repre-

352 4451 684 4517 henderem;
740 4468 901 4521 quam
952 4467 1112 4514 nemo
1167 4461 1349 4528 potest
1417 4450 1611 4506 fortius
1667 4464 1946 4516 accusare,

2043 3234 2318 3305 opusculis
2374 3234 2510 3292 meis
2551 3247 2887 3304 gemmarum
2941 3233 3266 3308 eloquentiae
3313 3244 3418 3296 tua:
3482 3250 3649 3294 orna-

2043 3334 2226 3382 menta
2273 3326 2632 3398 perquirerct.
2667 3325 2846 3396 Supra
2873 3326 3175 3398 scripsisti;
3217 3345 3236 3390 t
3270 3326 3454 3386 Gratis
3493 3343 3522 3384 a
3557 3344 3643 3382 me

2045 3421 2271 3480 missum
2297 3421 2540 3476 codicem
2562 3421 2797 3489 suscipe,
2824 3435 2987 3490 quem
3007 3436 3172 3480 sensu
3199 3437 3395 3493 magno
3417 3436 3646 3490 cuperes

2045 3524 2440 3585 comparatum,
2469 3523 2522 3568 et
2543 3528 2688 3570 nunc
2714 3510 3035 3572 humilitatis
3062 3515 3350 3585 ρτωειὶεἱὶε
3380 3514 3641 3584 loqueris.

2047 3607 2250 3666 Imitari
2280 3617 2331 3664 te
2354 3607 2502 3664 volui
2532 3609 2649 3682 [AL
2687 3608 2896 3681 volui];
2927 3609 3028 3664 sed
3053 3609 3410 3668 relestinante
3436 3624 3524 3676 eo,
3553 3613 3644 3681 qui

2046 3703 2113 3760 ad
2144 3713 2194 3760 te
2224 3703 2522 3771 remeabat,
2565 3703 2730 3760 malui
2761 3705 2947 3773 paucis
2969 3703 3036 3758 ad
3086 3715 3158 3770 te,
3205 3720 3364 3772 quam
3397 3704 3464 3766 ad
3510 3705 3640 3768 alim

2050 3813 2148 3870 pro
2174 3797 2282 3858 tuis
2310 3796 2618 3856 maledictis
2645 3798 2804 3863 latius
2826 3798 3092 3858 scribere.
3111 3797 3178 3854 Et
3205 3799 3424 3856 interim
3451 3798 3629 3857 audao

2049 3898 2158 3946 terC
2193 3889 2390 3948 litteris
2422 3890 2693 3960 imperitia
2727 3901 2836 3948 tua.
2871 3891 3054 3950 Semel
3075 3890 3222 3948 enim
3251 3890 3540 3952 confessus
3565 3908 3648 3959 es,

2049 3982 2266 4039 dicens:
2307 4002 2325 4036 ι
2360 3983 2642 4054 Supeillua
2678 3984 2774 4044 tibi
2805 3985 3158 4054 reprehensio
3205 3985 3305 4037 fuit
3339 3984 3394 4042 in
3439 3987 3648 4055 paucis,

2050 4093 2172 4148 quia
2204 4076 2448 4145 professa
2497 4077 2654 4132 nobis
2708 4076 2935 4134 habetur
2979 4077 3032 4131 in
3063 4077 3338 4134 omnibus.
3375 4096 3396 4130 ι
3429 4077 3540 4134 Nec
3570 4093 3652 4136 re-

2053 4168 2414 4238 prehendam,
2443 4167 2590 4239 quod
2639 4179 2994 4236 comparatum
3036 4170 3303 4237 codicem,
3358 4186 3456 4241 pro
3483 4181 3651 4244 empto

2054 4261 2332 4331 posueris:
2357 4277 2477 4316 cum
2492 4263 2826 4330 comparatio
2855 4263 3146 4333 mqualium
3177 4265 3284 4329 sit;
3307 4265 3512 4335 emptio
3531 4280 3654 4334 pre-

2052 4357 2108 4412 tii
2133 4355 2547 4418 annumeratio:
2579 4363 2634 4410 et
2655 4356 2988 4426 refeuinaute
3014 4356 3190 4424 eo,qui
3208 4357 3277 4410 ml
3303 4365 3352 4410 te
3373 4359 3651 4425 remeabat,

2052 4448 2445 4506 sordidissinun
2475 4446 2798 4504 elocutionis
2826 4447 3213 4524 περισσολρνίᾳ.
3256 4448 3486 4508 Tantum
3533 4465 3656 4506 sen-

356 4561 518 4617 qttam
550 4555 602 4601 tu
636 4548 748 4618 ipse
777 4545 908 4602 dum
947 4546 1165 4601 scribis.
1198 4544 1304 4606 Sed
1332 4544 1475 4599 volui
1511 4543 1803 4602 ostendere
1833 4559 1959 4600 con-
1986 4557 2042 4618 Β
2066 4544 2214 4598 sibus
2247 4541 2612 4612 respondebo;
2664 4549 2720 4593 et
2762 4548 2816 4594 te
2844 4536 2869 4574 ά
2903 4554 3242 4611 nequaquam
3298 4545 3654 4612 solatcistam,

356 4638 644 4708 discipulis
695 4640 818 4704 tuis,
871 4639 963 4716 qui
998 4648 1174 4694 tecum
1225 4652 1333 4694 non
1384 4637 1691 4691 didicerunt
1721 4636 1954 4704 litteras,

355 4733 487 4807 quid
543 4748 640 4802 per
666 4735 884 4803 triginta
915 4749 1090 4795 annos
1122 4736 1173 4788 in
1208 4733 1436 4792 Oriente
1475 4730 1769 4802 profeceris
1799 4749 1814 4786 :
1844 4731 1958 4802 qui,

358 4829 660 4903 συγγραφεύ
699 4829 1042 4907 ἀγράμματος
1088 4825 1354 4897 (scriptor
1393 4823 1734 4896 illitteratus),
1773 4839 1963 4894 proca-

356 4920 600 4985 citatem,
656 4918 1160 4987 disertitudiuetu,ﬁl
1207 4928 1263 4976 ct
1310 4919 1640 4974 maledicere
1685 4917 1964 4986 omnibus,

359 5010 520 5067 bona:
576 5012 930 5074 conscientiae
974 5013 1189 5086 signum
1234 5012 1536 5072 arbitraris.
1587 5011 1700 5068 Nec
1741 5011 1858 5078 tibi,
1914 5019 1972 5066 ut

435 5205 462 5234 ⁸
502 5197 580 5252 Ex
613 5197 1403 5274 Tertulliaansumptunt,iqui
1431 5201 1522 5257 lib.
1549 5199 1809 5258 adversus
1829 5199 1966 5256 ller-

361 5276 651 5340 fungentem
681 5286 804 5337 cap.
838 5288 888 5326 ιε
924 5272 1118 5336 Homo,
1155 5273 1344 5340 inquit.
1379 5274 1429 5326 in
1468 5274 1677 5338 swculo,
1707 5284 1752 5327 et
1781 5280 1969 5325 natura

362 5357 564 5414 quoque
593 5343 890 5409 hereticus,
923 5347 1078 5398 etiam
1115 5344 1456 5406 turbulentus,
1489 5347 1580 5414 qui
1609 5345 1972 5412 loquacitatem

365 5413 678 5482 («cundiam-
705 5417 978 5475 eaziatimet.
1020 5424 1068 5471 et
1096 5416 1477 5486 impudentiam.
1493 5413 1846 5486 praestantiam
1885 5415 1974 5469 deo

365 5493 527 5559 putet.
558 5488 941 5559 et_ntaledt'ccre
968 5485 1184 5558 singulis
1221 5487 1452 5559 ofﬁcium
1481 5485 1626 5540 bona:
1644 5489 1976 5559 conscientia

359 5555 588 5626 jlt4icet.
613 5556 740 5615 Vid.
775 5559 873 5620 lib.
902 5555 1092 5616 contra
1121 5555 1334 5616 lielvid.
1368 5562 1552 5618 statim
1582 5557 1759 5616 initio.

439 5624 720 5756 ζῃὶθιιιειοιυ
767 5629 1011 5695 incertus
1063 5631 1371 5696 carminum
1428 5630 1492 5685 in
1526 5628 1740 5692 landcm
1787 5629 1979 5690 H500-

372 5709 526 5766 nynn
559 5715 572 5752 :

478 5788 672 5856 Lingua
696 5791 870 5845 Latina
895 5793 1057 5860 prius;
1080 5794 1169 5847 sed
1189 5795 1366 5860 adhuc,
1392 5793 1614 5847 mirabile
1638 5793 1773 5847 dictu
1789 5829 1802 5855 ,

2057 4651 2120 4692 ac
2148 4636 2458 4702 barbarum,
2495 4633 2590 4690 sed
2621 4633 2785 4706 538
2826 4633 3166 4704 mendacem,
3200 4636 3514 4706 subdolum,
3558 4640 3657 4696 itn-

2062 4728 2356 4798 pudentem
2388 4742 2512 4783 esse
2537 4728 2878 4782 convincam.

2135 4821 2187 4874 7.
2240 4819 2308 4874 In
2363 4819 2681 4887 Pricfatione
2704 4819 2822 4874 libri
2869 4823 2991 4894 περὶ
3018 4821 3241 4896 ’Δρχῶιμ
3274 4852 3346 4864 -—
3382 4821 3439 4877 Si
3470 4823 3538 4876 ad
3572 4839 3659 4881 me

2065 4923 2274 4975 tantum
2314 4911 2603 4985 epistulam
2650 4910 2876 4976 scribis,
2931 4922 2988 4966 ut
3041 4927 3128 4966 me
3180 4926 3551 4978 Commetieas,
3607 4926 3665 4970 et

2069 5006 2428 5064 emendatum
2462 5003 2624 5069 velis,
2654 5017 2722 5060 ne
2767 5003 2984 5066 caneris
3031 5003 3347 5066 scandalum
3394 5003 3579 5072 facias,
3613 5017 3670 5062 et

2167 5195 2370 5259 Graecus
2385 5200 2444 5259 re;
2463 5189 2709 5259 Hebraeus
2731 5191 2986 5259 Chaldaica
3011 5195 3162 5246 verba
3190 5195 3404 5259 dedisti.

2163 5257 2272 5308 Jam
2294 5258 2512 5320 sapiens,
2537 5257 2842 5318 cupiensque
2871 5255 3060 5306 Jesum.
3135 5298 3146 5308 .
3217 5296 3229 5309 .
3299 5297 3311 5308 .
3382 5255 3392 5309 ξ

2158 5459 2178 5488 ο
2215 5448 2487 5504 Victorius
2513 5449 2701 5521 fruitur
2729 5463 2804 5521 ex,
2830 5462 2962 5503 mss.
2994 5450 3161 5518 legit,
3195 5467 3314 5521 quae
3338 5467 3440 5509 vox
3485 5466 3568 5514 est
3598 5459 3673 5514 ir-

2084 5520 2330 5586 ridentis,
2361 5535 2424 5575 ac
2447 5519 2862 5577 Stomacbantis.

2157 5636 2184 5676 ἀ
2214 5638 2362 5694 Idem
2391 5637 2625 5701 Ἥρωι,
2657 5634 2724 5689 Et
2755 5645 2802 5687 te
2838 5634 2890 5687 in
2915 5635 3154 5691 omnibus
3179 5654 3503 5710 nequaquam
3531 5647 3680 5703 solae.

2087 5713 2292 5775 cistam,
2320 5718 2424 5768 ste.
