4054 6336
474 262 582 320 465

465 373 595 430 aliis
625 366 960 427 furentibus,
985 354 1303 428 jugulentnr
1332 350 1423 406 alii
1478 366 1491 403 :

471 482 565 524 me
592 461 786 519 Scribis
816 455 884 512 ad
911 454 1071 517 alios,
1120 460 1175 506 et
1220 445 1486 518 legendos
1514 458 1615 514 per
1658 440 1921 495 satellites
1952 446 2077 492 tuos

476 567 588 611 toto
622 552 753 607 orbe
782 542 1095 618 dispergis?
1149 540 1250 597 Ubi
1282 548 1366 594 est
1394 537 1747 609 syllogismus
1779 543 1924 593 tuus,
1958 543 2068 599 quo

474 662 563 702 me
614 643 832 699 irretire
883 635 1123 701 conaris,
1159 642 1216 687 et
1261 627 1546 700 loqueris?
1580 645 1599 679 ‹
1631 626 1804 694 Quem
1850 625 1904 677 in
1946 621 2072 688 hoc,

474 738 738 810 magister
770 733 994 802 optime.
1042 724 1339 783 emendare
1361 719 1655 791 cupiebas?
1680 727 1705 756 ει
1737 720 1783 772 si
1828 716 1979 779 illos,
2006 712 2077 768 ad

473 807 619 900 quos
646 825 867 888 scribis,
899 819 1033 875 nihil
1062 817 1447 887 deliquerant;
1474 813 1518 868 si
1551 827 1637 867 me
1677 824 1836 881 quem
1866 807 2070 900 arguis,

478 897 590 979 non
617 919 683 974 ad
720 932 806 972 tne
832 912 1157 983 scripseras.
1199 926 1218 961 ι
1259 907 1324 962 Ει
1345 921 1445 977 ego
1471 905 1579 960 tuis
1608 900 1953 973 respondebo
1982 897 2075 953 tibi

472 1013 823 1072 sermonibus
858 1007 1071 1076 :Quem
1118 1001 1416 1059 emendare
1459 997 1763 1068 cupiebas,
1815 994 2076 1065 magister

477 1105 739 1165 indocte?
778 1116 971 1168 eosne,
1006 1097 1099 1167 qui
1132 1112 1241 1151 non
1274 1092 1682 1165 peccaverant?
1738 1105 1805 1145 an
1858 1102 1965 1152 me,
2006 1083 2074 1140 ad

477 1217 640 1276 quem
684 1214 792 1254 non
839 1191 1187 1265 scripseras?
1243 1190 1443 1244 Brutos
1472 1195 1631 1254 putas
1668 1198 1791 1240 esse
1818 1183 2073 1247 lectores,

471 1306 528 1353 et
570 1308 766 1351 omnes
811 1306 919 1344 non
966 1285 1276 1355 intelligere
1322 1280 1671 1352 prudentiam
1703 1285 1873 1341 tuam,
1907 1276 2073 1329 immo

478 1387 787 1451 malitiam,
840 1396 943 1451 qua
998 1388 1053 1435 et
1085 1392 1313 1448 serpens
1354 1372 1675 1445 prudentior
1723 1369 1822 1424 fuit
1865 1367 2075 1422 cunctis

474 1482 669 1538 bestiis
688 1480 744 1534 in
777 1474 1066 1548 paradiso:
1090 1480 1200 1527 uta
1229 1484 1317 1525 me
1349 1480 1617 1524 secretam
1648 1461 2073 1519 admonitionem

478 1577 721 1648 ﬂagites,
771 1587 931 1643 quem
972 1568 1190 1641 publica
1235 1563 1585 1620 accusntione
1615 1556 1992 1631 persequeris;
2025 1562 2078 1609 et

477 1689 586 1729 non
618 1680 672 1726 te
701 1666 869 1740 pudet
892 1663 1298 1720 accusationem
1324 1669 1471 1713 tuam
1492 1654 1812 1725 Apologiam
1837 1649 2074 1706 vocare?

1722 232 1783 288 S.
1824 222 2092 286 EUSEBII
2132 218 2513 281 ΗΙΕΒΟΝΥΜῙ

1541 362 1641 403 cur
1678 345 1849 402 libros
1879 349 2070 397 contra
2104 337 2284 400 Atuis
2333 336 2585 391 laudibus
2639 333 2767 388 duxi
2818 331 3149 404 indignum?
3202 331 3328 403 quia
3385 330 3779 387 htcreticorum

3673 212 3785 275 464

2176 430 2576 485 fraudulentias
2604 438 2659 482 et
2682 428 2916 498 petjuria
2954 437 3145 497 aperto
3170 442 3425 482 sermone
3455 425 3729 495 descripsi
3753 427 3777 480 ?

2179 524 2317 592 Quid
2345 523 2413 578 ad
2443 532 2495 578 te
2521 565 2537 591 ,
2582 522 2675 591 qui
2728 531 2783 577 et
2831 522 3160 578 catholicum
3193 532 3245 577 et
3290 535 3541 576 veracem
3574 528 3627 574 te
3656 534 3783 576 esse

2174 617 2378 687 jactus,
2411 616 2501 685 qui
2539 614 2801 670 libentius
2835 631 2921 670 me
2952 630 3181 670 accusas
3212 630 3373 685 quam
3405 624 3459 669 te
3488 611 3783 669 defendis?

2178 708 2314 764 Num
2356 724 2475 763 mea
2508 707 2777 775 defensio,
2813 707 3095 763 accuSatio
3147 717 3235 763 tua
3268 707 3408 763 est?
3458 708 3567 761 Aut
3617 706 3782 762 aliter

2179 804 2519 860 orthodoxus
2565 818 2690 857 esse
2736 817 2845 857 non
2896 803 3129 873 poteris,
3179 802 3281 863 nisi
3321 816 3409 856 me
3457 800 3781 856 bazreticum

2179 897 2667 967 comprobaveris?
2715 896 2857 964 Quid
2906 896 3005 951 tibi
3058 896 3289 964 prodest
3335 895 3574 951 societas
3616 894 3783 950 mea?

2178 990 2289 1046 Aut
2318 1007 2437 1061 quae
2466 998 2551 1044 est
2576 991 2675 1044 ista
2708 990 3042 1060 prudentia?
3071 989 3380 1044 Accusatus
3409 989 3478 1042 ab
3507 987 3664 1055 aliis,
3692 1002 3782 1041 ac-

2178 1096 2341 1139 cusas
2362 1083 2551 1137 alium.
2584 1083 2665 1137 Ab
2690 1083 2798 1136 alio
2821 1082 3131 1153 appeteris;
3157 1092 3210 1135 et
3236 1082 3315 1137 illi
3342 1091 3553 1152 tergum
3575 1081 3776 1137 obver-

2179 1185 2321 1242 tens,
2350 1176 2731 1247 quiescentem
2760 1184 2952 1229 contra
2985 1184 3038 1229 te
3065 1189 3357 1245 provocas.

2249 1270 2303 1325 9.
2339 1269 2501 1325 Senes
2531 1269 2760 1336 Ruﬁnus
2784 1279 2833 1323 et
2862 1268 3237 1339 Hieronymus.
3270 1266 3520 1342 Origenis
3542 1268 3777 1323 laudavit

2177 1362 2521 1417 eruditionem
2549 1362 2604 1416 in
2653 1362 3026 1417 adolescentia.
3065 1392 3137 1402 -—-
3170 1361 3370 1417 Testor
3418 1363 3778 1418 mediatorem

2176 1454 2389 1521 Jesum,
2422 1454 2651 1509 invitum
2684 1470 2773 1509 me
2822 1464 2877 1509 et
2924 1464 3322 1525 repugnantem
3352 1454 3418 1509 ad
3453 1459 3571 1510 baac
3617 1455 3777 1511 verba

2177 1547 2517 1604 descendere
2544 1546 2649 1619 [ΑΙ.
2685 1546 3081 1619 respondere];
3111 1556 3168 1604 et
3195 1547 3301 1603 nisi
3336 1555 3390 1601 tu
3422 1562 3774 1619 provocares,

2179 1658 2397 1712 semper
2438 1643 2725 1696 taciturum
2758 1642 2947 1698 fuisse.
2980 1641 3224 1712 Denique
3269 1642 3380 1697 noli
3411 1657 3693 1705 accusare,
3722 1651 3779 1698 et

477 1733 850 1838 Quererisque
874 1777 975 1817 cur
1004 1772 1275 1830 opponam
1304 1755 1558 1825 clypeum
1593 1748 1818 1821 pugioni
1862 1754 1979 1812 tuo,
2020 1753 2075 1799 et
2104 1738 2154 1799 B
2178 1752 2282 1838 ego
2309 1737 2550 1838 cessabo.
2572 1734 2894 1838 defendere.
2923 1734 3056 1803 Qua:
3103 1734 3251 1789 enint
3300 1745 3392 1838 est
3437 1733 3774 1838 audientium

471 1860 569 1915 tibi
596 1857 750 1930 quasi
780 1851 1129 1922 religiosulus
1163 1859 1217 1904 et
1246 1845 1525 1902 sanctulus
1546 1856 1831 1911 personam
1855 1837 2075 1930 humili-

484 1928 625 2007 tatis
650 1948 887 2019 impunis
911 1954 966 2000 et
986 1942 1157 1998 dicis:
1188 1958 1207 1991 ‹
1246 1939 1302 1994 Si
1326 1950 1663 2001 erraveram,
1691 1947 1859 2004 quare
1883 1928 2077 1985 scribis

478 2042 600 2097 aliis
624 2083 640 2109 ,
689 2051 745 2096 et
776 2054 883 2094 non
930 2036 1198 2104 meipsum
1231 2027 1565 2100 redarguis?
1604 2047 1623 2080 ι
1673 2026 1786 2080 Hoc
1814 2023 1988 2093 ipsum
2020 2021 2075 2074 in

477 2147 532 2192 te
553 2132 886 2204 retorquebo
919 2146 935 2185 :
965 2125 1236 2198 Quidquid
1260 2124 1404 2180 enim
1437 2137 1524 2176 me
1568 2134 1674 2174 non
1722 2118 1924 2172 fecisse
1948 2129 2076 2170 cau-

475 2228 637 2291 saris.
683 2240 856 2298 quare
883 2237 991 2278 non
1024 2221 1143 2290 ipse
1168 2215 1395 2273 fecisti?
1427 2213 1589 2268 Velut
1615 2212 1661 2267 si
1711 2210 1833 2281 quis
1883 2206 2078 2278 pugnis

478 2325 719 2393 aliquem
752 2317 1104 2385 calcibusque
1129 2311 1399 2369 collidens
1421 2350 1435 2374 ,
1464 2309 1509 2362 si
1534 2306 1794 2361 resistere
1820 2300 2074 2367 voluerit,

478 2416 626 2471 dicat
652 2414 701 2470 ei
738 2430 751 2466 :
784 2411 978 2467 Nonne
1008 2407 1106 2463 tibi
1138 2412 1473 2475 praeceptum
1503 2410 1589 2456 est
1620 2419 1632 2453 :
1667 2399 1770 2465 Qui
1793 2409 1841 2452 te
1869 2411 2081 2469 percus-

476 2511 600 2565 serit
628 2510 681 2562 in
703 2506 997 2571 maxillam,
1029 2501 1198 2574 praebe
1218 2498 1300 2554 illi
1323 2508 1368 2552 et
1393 2495 1613 2550 alterum
1637 2491 1852 2565 (Matth.
1882 2505 1935 2557 v,
1960 2487 2080 2558 '59)?

480 2600 619 2669 Quid
648 2600 818 2665 enim,
839 2599 983 2654 bone
1016 2595 1119 2660 vir,
1152 2593 1247 2648 tibi
1269 2598 1601 2663 praeceptum
1633 2595 1738 2653 est,
1771 2593 1830 2639 ut
1850 2598 1939 2639 me
1968 2596 2081 2637 ver-

476 2694 675 2759 beres;
723 2694 942 2747 oculum
995 2688 1129 2743 mihi
1174 2686 1435 2749 eﬂ‘odias;
1484 2691 1539 2737 et
1580 2681 1628 2735 si
1677 2678 1956 2749 paululum
1992 2690 2080 2730 me

484 2800 861 2847 commovero,
897 2780 1181 2847 Evangelii
1214 2778 1349 2833 mihi
1381 2783 1657 2846 praecepta
1689 2769 1953 2826 cantabis.
1992 2769 2083 2823 Vis

477 2880 625 2935 scire
653 2888 795 2932 totas
819 2875 930 2950 [Αι.
966 2873 1163 2944 tortas]
1193 2872 1532 2940 argutiarum
1558 2877 1775 2922 tuarum
1802 2863 2078 2934 strophas,

485 2982 543 3030 ct
564 2971 973 3041 vulpecularum
1004 2966 1251 3028 insidias,
1275 2979 1397 3035 quae
1420 2960 1745 3016 habitantia
1771 2956 2077 3030 parietinis,

482 3067 552 3122 de
582 3064 781 3133 quibus
807 3060 1066 3116 Ezechiel
1097 3056 1340 3128 loquitur
1371 3073 1384 3109 :
1419 3054 1581 3120 Quasi
1605 3053 1779 3125 vulpes
1806 3052 1860 3105 in
1882 3050 2083 3104 deserto

2177 1828 2493 1894 aediﬁcatio,
2519 1826 2658 1881 duos
2683 1843 2845 1882 senes
2876 1828 3018 1882 inter
3044 1842 3105 1883 se
3134 1837 3359 1898 propter
3378 1828 3659 1882 hazreticus
3688 1826 3774 1881 di-

2174 1919 2402 1990 gladiari
2440 1937 2453 1973 :
2489 1918 2798 1988 praesertim
2829 1933 2954 1974 cum
2980 1919 3141 1973 ambo
3171 1919 3483 1974 Catltolicos
3513 1933 3573 1972 se
3598 1916 3777 1972 videri

2176 2012 2385 2067 velint?
2434 2010 2768 2065 Omittamus
2830 2011 3219 2066 hmreticorum
3274 2011 3679 2082 patrocinium,
3723 2017 3780 2066 et

2179 2107 2321 2162 nulla
2364 2107 2470 2161 erit
2510 2108 2657 2162 inter
2704 2121 2805 2160 nos
2846 2107 3151 2161 contentio.
3186 2105 3394 2161 Eodem
3427 2104 3644 2160 fervore
3674 2117 3779 2173 quo

2178 2199 2469 2269 Origenem
2518 2206 2646 2253 ante
2688 2197 3059 2265 laudavimus,
3094 2214 3239 2254 ntmc
3289 2198 3609 2252 damnatum
3666 2205 3778 2253 toto

2180 2292 2312 2348 orbe
2333 2292 2677 2347 damnemus.
2705 2289 3007 2359 Jungamus
3026 2290 3251 2345 dextras
3270 2331 3283 2353 ,
3310 2290 3525 2344 animos
3557 2290 3780 2358 copule-

2179 2401 2299 2441 mus
2330 2404 2344 2440 :
2379 2394 2434 2439 et
2457 2384 2595 2439 duos
2654 2382 3026 2455 (TlteOpItilum
3052 2394 3099 2438 et
3147 2383 3511 2456 Anastasium)
3539 2382 3779 2439 Orientis

2180 2496 2339 2552 atque
2363 2480 2677 2537 Occidentis
2707 2480 3140 2557 τροπαιοφόρους,
3174 2481 3344 2537 alacri
3374 2496 3673 2552 sequamur
3702 2483 3779 2536 in-

2180 2588 2363 2629 cessu.
2413 2574 2733 2628 Erravimus
2776 2577 3038 2641 juvenes,
3082 2574 3441 2630 emendemur
3487 2590 3676 2631 senes.
3721 2573 3780 2632 Si

2182 2663 2352 2720 frater
2391 2680 2473 2730 es,
2525 2681 2611 2719 tne
2640 2664 2816 2735 gaude
2861 2674 3193 2721 correctum.
3220 2664 3510 2722 Siamicus
3537 2682 3680 2733 sum,
3713 2666 3778 2722 de

2182 2757 2543 2809 conversione
2583 2764 2671 2810 tua
2724 2756 2897 2811 debeo
2941 2757 3235 2827 gratulari.
3298 2756 3462 2831 540
3506 2758 3779 2827 Quamdiu

2185 2849 2329 2905 inter
2369 2866 2471 2905 nos
2505 2850 2748 2919 jurgium
2795 2851 2988 2917 fuerit,
3022 2850 3333 2905 videbimur
3381 2864 3588 2907 rectam
3624 2854 3781 2907 [idem

2185 2944 2513 2999 necessitate
2535 2943 2765 3012 ducere,
2786 2960 2894 2999 non
2920 2944 3217 3000 voluntate.
3236 2944 3540 3000 Inimiciti-.c
3557 2957 3776 3015 nostra),

2188 3037 2421 3093 invicem
2465 3038 2622 3094 nobis
2675 3040 2876 3093 tollunt
2922 3038 3301 3094 testimonium
3340 3055 3483 3095 vera":
3518 3040 3784 3110 paeniten-

488 3119 769 3229 i’iropheuz
797 3155 893 3217 tui,
928 3150 1101 3206 Israel
1130 3119 1347 3221 (Exerit.
1374 3162 1494 3211 xm,
1534 3146 1630 3215 4)?
1664 3119 1923 3200 Ausculta
1954 3139 2083 3211 quid
2111 3119 2154 3181 C
2192 3131 2302 3229 tim.
2355 3132 2409 3186 Si
2458 3148 2625 3186 unum
2672 3131 2984 3229 credimus,
3036 3133 3080 3229 si
3138 3132 3281 3187 idem
3322 3142 3377 3189 et
3429 3133 3683 3189 volumus
3729 3142 3785 3189 et

481 3249 702 3307 feceris.
733 3248 811 3302 Ita
844 3261 931 3300 me
959 3245 1012 3299 in
1044 3253 1133 3299 tua
1162 3240 1490 3297 Praelatiune
1516 3236 1768 3301 laudasti,
1795 3244 1852 3289 ut
1874 3233 2084 3304 objice-

485 3355 684 3401 rentur
713 3340 849 3396 mibi
872 3337 1061 3394 laudes
1087 3344 1217 3400 ture,
1251 3345 1306 3390 et
1336 3332 1441 3388 nisi
1488 3346 1578 3388 me
1605 3330 1844 3385 alienum
1872 3342 1900 3381 a
1934 3335 2085 3380 tanto

477 3437 767 3493 laudatore
795 3432 1078 3497 dixissem,
1111 3427 1407 3484 hazreticus
1432 3425 1733 3496 judicarer.
1786 3423 2083 3489 Postquam

482 3530 657 3602 repuli
684 3528 939 3590 crimina,
972 3524 1025 3579 id
1052 3532 1135 3579 est
1163 3521 1354 3576 laudes
1387 3529 1531 3585 tuas,
1566 3531 1620 3573 et
1652 3517 1855 3584 absque
1885 3511 2085 3569 invidia

483 3627 564 3680 tui
594 3622 855 3687 nominis,
885 3616 1144 3689 respondi
1175 3614 1523 3676 criminibus,
1558 3627 1668 3666 non
1700 3605 2044 3665 critninalori
2072 3623 2087 3661 :

487 3725 651 3787 atque
682 3726 742 3771 ut
774 3728 859 3769 tne
883 3711 1217 3767 catholicum
1270 3723 1299 3760 a
1344 3716 1397 3761 te
1433 3705 1724 3760 infamatus
1773 3700 2085 3771 probarem.

485 3812 738 3866 invectus
764 3824 885 3863 sum
914 3807 969 3862 in
1001 3802 1328 3864 haereticos;
1358 3799 1641 3861 irasceris,
1674 3795 1830 3861 furis,
1852 3794 2015 3866 539
2036 3800 2091 3849 et

487 3901 965 3960 luculentissimos
997 3898 1169 3952 libros
1195 3903 1384 3951 contra
1411 3908 1497 3947 me
1528 3891 1683 3946 cudis
1715 3908 1728 3943 :
1760 3904 1899 3959 quos
1924 3904 2091 3959 quum

486 3996 746 4069 legendos
772 4006 827 4050 et
854 3990 1157 4048 cantandos
1180 3987 1439 4043 omnibus
1469 3984 1811 4048 tradidisses,
1840 3982 2090 4038 certatim

490 4090 557 4144 ad
604 4104 691 4145 me
743 4088 813 4143 de
867 4084 1041 4150 Italia,
1088 4092 1142 4137 et
1178 4081 1316 4136 urbe
1366 4078 1578 4147 Roma,
1622 4088 1785 4146 atque
1827 4075 2091 4131 Dalmatia

490 4185 696 4255 scripta
736 4186 1028 4245 venerunt,
1062 4175 1262 4248 quibus
1290 4189 1379 4229 me
1420 4171 1672 4228 laudator
1712 4170 1978 4241 pristinus
2004 4184 2093 4224 or-

492 4292 683 4334 nasses
714 4269 1030 4346 praeconiis.

564 4371 618 4427 8.
656 4366 906 4441 Purgavit
936 4363 1190 4418 haereseos
1222 4354 1910 4427 suspicionem—Fateor,
1948 4353 2092 4409 illico

494 4463 563 4519 ad
588 4461 801 4530 objecta
846 4454 1140 4527 respondi;
1189 4462 1246 4509 et
1294 4466 1384 4507 me
1425 4464 1531 4505 non
1566 4462 1689 4504 esse
1721 4446 2042 4502 baereticum
2076 4489 2091 4513 ,

497 4556 628 4612 totis
678 4552 890 4608 viribus
935 4549 1170 4619 probare
1213 4554 1446 4601 conatus
1498 4557 1638 4597 sum.
1704 4539 1939 4611 Misique
1992 4538 2093 4595 hos

494 4652 645 4721 ipsos
675 4644 955 4716 Apologia
989 4656 1125 4697 metu
1170 4639 1362 4703 libros,
1410 4635 1480 4690 ad
1530 4649 1625 4691 cos
1676 4648 1815 4704 quos
1871 4642 1927 4687 tu
1976 4632 2095 4687 vul-

499 4756 827 4806 neraveras;
857 4747 917 4793 ut
938 4750 1144 4793 venena
1176 4742 1290 4800 tua,
1323 4740 1509 4786 nostra
1533 4740 1857 4800 sequeretur
1881 4727 2095 4782 antido-

501 4847 609 4892 tus.
643 4830 726 4891 οι)
756 4831 897 4888 hanc
935 4833 1153 4898 culpam
1189 4825 1363 4881 mittis
1387 4823 1521 4878 mihi
1554 4831 1608 4877 et
1641 4822 1855 4892 priores
1900 4821 2089 4887 libros,

501 4938 557 4985 et
595 4938 874 4983 recentem
910 4920 1234 4994 epistolam,
1294 4920 1513 4989 plenam
1550 4916 1873 4987 injuriarum
1910 4915 2097 4970 cteri-

497 5021 727 5077 minum.
760 5015 902 5085 Quid
934 5030 1021 5069 me
1050 5014 1132 5065 vis
1171 5010 1376 5075 facere,
1410 5010 1551 5065 bone
1580 5010 1800 5065 amice?
1828 5008 2095 5063 Taceam?

491 5112 734 5169 Videbor
756 5110 960 5163 crimen
975 5118 1294 5172 agnoscere.
1316 5101 1569 5171 Loquar?
1586 5100 1783 5156 Terres
1802 5118 1888 5155 me
1905 5099 2096 5170 gladiis

493 5207 627 5271 tuis,
669 5209 728 5258 et
753 5196 1156 5253 accusationem
1205 5208 1312 5248 non
1346 5191 1455 5259 jam
1502 5191 1971 5258 Ecclesiasticam,
2001 5192 2097 5247 sed

499 5294 850 5352 tribunalium
874 5286 1246 5347 comminaris.
1277 5284 1415 5352 Quid
1442 5284 1590 5339 feci?
1614 5286 1741 5355 quid
1760 5288 2100 5343 commerui?

499 5390 555 5445 in
580 5406 690 5462 quo
722 5400 776 5445 te
804 5383 956 5442 lzesi?
986 5381 1123 5451 Quia
1150 5395 1239 5435 me
1260 5378 1453 5447 negavi
1481 5376 1837 5433 hzcreticum?
1862 5380 1982 5449 quia
2012 5396 2102 5438 me
2128 5418 2131 5419 ν

582 5559 607 5588 ⁸
629 5549 802 5606 Antea
833 5543 1027 5600 vitiose
1053 5549 1174 5598 erat.
1204 5539 1249 5593 si
1277 5537 1381 5601 illi,
1412 5536 1480 5589 ad
1503 5551 1653 5607 quos,
1683 5544 1792 5589 etc.

568 5621 596 5659 δ
628 5620 884 5676 Fortasse
913 5612 1264 5670 scribendum
1289 5617 1376 5664 est
1396 5606 1603 5675 abstine
1641 5606 2085 5674 interrogationis

506 5701 633 5742 nota
676 5705 799 5743 cum
828 5687 1109 5748 Victorio;
1160 5682 1257 5738 sed
1288 5694 1552 5752 praaterea
1582 5694 1705 5733 cum
1747 5678 2005 5750 negandi,
2031 5688 2088 5735 ut

508 5762 730 5829 opinor,
764 5756 1047 5825 particula,
1079 5756 1378 5811 disertiores
1416 5768 1517 5808 non
1556 5760 1709 5818 sunt;
1752 5759 1811 5804 ut
1854 5764 2091 5821 sequens

2121 4506 2174 4568 D

2190 3224 2441 3279 nolumus
2466 3227 2551 3295 (ex
2578 3240 2685 3296 quo
2710 3224 2896 3279 firmas
2916 3224 3064 3279 nasci
3090 3225 3383 3286 amicitias.
3405 3224 3571 3281 etiun
3598 3226 3786 3281 Catili-

2191 3332 2257 3371 na
2308 3318 2585 3389 testatur),
2619 3319 2663 3373 si
2703 3318 2994 3374 bzereticos
3044 3320 3249 3388 pariter
3281 3319 3520 3383 odimus.
3550 3332 3606 3377 et
3636 3333 3785 3377 vete-

2189 3425 2306 3465 rem
2348 3426 2502 3479 mque
2552 3410 2880 3466 damnamus
2929 3427 3199 3479 errorem,
3258 3414 3387 3484 quid
3440 3422 3634 3469 contra
3690 3429 3786 3470 nos

2191 3505 2492 3571 tendimus,
2525 3520 2647 3560 cum
2681 3506 2873 3562 eadem
2922 3522 3305 3579 oppugnemus
3333 3552 3349 3577 ,
3376 3509 3566 3566 eadem
3600 3510 3788 3566 defen«

2191 3597 2428 3653 damus?
2464 3598 2690 3668 Ignosce
2732 3600 2890 3666 mihi,
2923 3605 3066 3673 quod
3111 3603 3366 3674 Origenis
3416 3606 3787 3662 erudittouent

2192 3700 2246 3746 et
2292 3692 2536 3746 studium
2583 3693 3015 3763 Scripturarum,
3047 3705 3341 3768 antequam
3370 3698 3490 3769 ejus
3533 3698 3787 3757 haeresim

2192 3786 2410 3856 plenius
2454 3802 2673 3843 nossem
2701 3831 2717 3855 ,
2753 3789 2807 3844 in
2847 3790 3078 3860 juvenili
3109 3801 3271 3846 aetate
3302 3792 3549 3860 laudavi;
3602 3804 3659 3850 et
3691 3810 3790 3866 ego

2194 3882 2288 3936 tibi
2328 3882 2472 3938 dabo
2519 3883 2754 3949 veniam,
2798 3885 2944 3956 quod
2996 3885 3319 3957 Apologiam
3374 3887 3642 3945 librorum
3673 3890 3790 3961 ejus

2194 3989 2331 4030 cano
2353 3977 2644 4048 scripseris
2671 3977 2872 4047 capite.

2267 4071 2357 4126 10.
2407 4071 2550 4127 Ante
2598 4070 2842 4137 biduum,
2891 4088 3054 4144 quam
3083 4073 3148 4128 ad
3182 4088 3282 4130 nos
3311 4074 3617 4147 Epistulam
3655 4074 3790 4132 scri-

2195 4164 2380 4229 heres,
2418 4165 2635 4219 libellos
2666 4180 2816 4221 meos
2840 4164 2895 4221 in
2920 4182 3115 4222 manus
3148 4178 3268 4223 tuas
3293 4170 3516 4225 venisse
3549 4170 3789 4236 testaris,

2195 4267 2250 4314 et
2271 4258 2471 4314 idcirco
2494 4274 2602 4313 non
2627 4258 2886 4315 habuisse
2908 4262 3144 4330 spatium
3168 4278 3233 4317 ex
3260 4261 3373 4317 otio
3396 4262 3786 4332 respondendi:

2194 4352 2396 4423 alioqui
2430 4352 2477 4407 si
2510 4352 2803 4409 meditatus
2832 4356 2885 4409 in
2914 4368 3013 4411 nos
3046 4364 3377 4427 paratusque
3398 4357 3646 4423 dixisses,
3681 4355 3790 4411 lul-

2197 4446 2343 4500 miua
2390 4445 2605 4515 jacere.
2639 4460 2748 4501 non
2792 4446 3021 4502 crimina
3078 4446 3365 4503 videreris.
3402 4448 3472 4504 Et
3520 4448 3643 4520 quis
3694 4446 3791 4503 tibi

2201 4538 2390 4594 credet
2417 4537 2629 4594 homini
2671 4539 3059 4606 veracissimo,
3106 4548 3165 4594 ut
3212 4542 3525 4610 negotiator
3558 4541 3797 4598 orienta-

2202 4633 2333 4688 lium
2369 4632 2657 4699 mercium,
2704 4633 2887 4702 quiet
2932 4632 3060 4687 hinc
3102 4632 3387 4702 deportata
3438 4634 3679 4690 vendere
3706 4649 3799 4690 ne-

2201 4745 2357 4786 cesse
2385 4728 2643 4795 habebat,
2677 4739 2732 4785 et
2760 4728 2835 4784 ibi
2861 4742 3069 4796 emere,
3097 4745 3218 4799 quax
3262 4728 3366 4784 huc
3406 4744 3600 4787 rursus
3633 4730 3796 4786 adve-

2204 4824 2378 4890 heret,
2404 4824 2622 4879 biduum
2648 4832 2853 4879 tantum
2868 4821 3131 4893 Aquileia:
3154 4822 3337 4889 fuerit,
3361 4832 3417 4878 ιιι
3436 4825 3637 4893 raptim
3657 4834 3713 4882 et
3731 4841 3797 4883 ex

2204 4926 2311 4971 tctn
2322 4932 2450 4987 pore
2462 4928 2655 4972 contra
2679 4931 2778 4971 nos
2793 4915 3000 4971 dictare
3013 4916 3300 4986 epistolam
3322 4917 3637 4986 cogereris?
3652 4916 3798 4975 Libri

2201 5010 2346 5065 enim
2379 5010 2454 5063 tui
2500 5023 2640 5080 quos
2688 5009 2886 5064 limasti
2930 5023 3027 5079 per
3054 5008 3371 5073 triennium,
3408 5007 3435 5046 ⁷ο
3475 5008 3801 5066 disertiores

2198 5112 2321 5156 sunt
2345 5102 2369 5154 τ
2397 5100 2511 5155 Nisi
2541 5100 2691 5155 forte
2722 5116 2830 5156 non
2864 5100 2964 5155 fuit
3002 5101 3527 5170 imprteseutiarum,
3560 5104 3651 5174 qui
3684 5114 3801 5158 tuas

2201 5195 2524 5251 emendaret
2556 5195 2807 5252 menius:
2850 5205 2906 5251 et
2948 5196 3153 5251 idcirco
3198 5210 3363 5250 omne
3410 5197 3513 5251 iter
3542 5197 3800 5253 dictionis

2204 5300 2308 5344 tua:
2334 5330 2349 5357 ,
2379 5288 2585 5359 absque
2614 5288 2855 5343 Palladis
2901 5300 3021 5344 arte
3041 5328 3057 5354 ,
3090 5287 3323 5347 salebris
3351 5296 3407 5343 et
3448 5289 3800 5361 voraginibus

2201 5382 2462 5437 vitiorum
2506 5379 2785 5437 inciditur.
2810 5381 2943 5437 Tam
2984 5389 3236 5452 apertum
3269 5382 3536 5453 temporis
3576 5381 3802 5439 menda-

2193 5549 2485 5597 contextus
2537 5540 2767 5596 indicat.
2828 5540 3103 5596 Caeterum
3157 5540 3300 5595 satis
3378 5540 3674 5598 infeliciter
3736 5541 3793 5597 P.

2191 5613 2542 5667 Martianauts
2574 5613 2873 5678 intellexit,
2920 5614 3316 5684 negOIiatorem
3384 5611 3477 5668 hic
3520 5614 3619 5668 abs
3670 5613 3795 5669 Ilie-

2195 5699 2426 5757 ronytno
2463 5686 2638 5757 ipsum
2674 5684 2930 5740 Rufinum
2980 5685 3118 5752 dici,
3148 5684 3382 5755 ejusque
3424 5686 3797 5755 negotiationes

2197 5765 2248 5810 et
2271 5756 2547 5811 avaritiam
2588 5756 2818 5811 irrideri.
