4054 6386
241 420 336 479 165

1218 430 1563 489 APOLOGIA
1605 424 1973 488 ADVERSUS
2009 425 2258 483 LIBROS
2297 426 2552 483 RUFINI.

3432 433 3536 490 466

241 545 381 599 cium
405 555 513 613 est,
559 556 617 603 ut
659 563 769 604 non
817 549 991 605 dicam
1029 546 1385 618 respondere,
1414 545 1509 601 sed
1539 545 1725 615 legere
1752 543 1836 599 bi-
1859 549 1911 608 Α
1937 542 2140 615 proprii
2164 543 2345 614 operis
2374 542 2633 598 edidisse.
2668 544 2765 600 Dic
2794 558 2925 616 ergo
2961 553 3018 601 et
3046 554 3126 612 tu,
3158 561 3187 600 a
3214 561 3319 617 quo
3353 564 3543 604 exem-

242 637 347 694 duo
390 655 508 696 mea
535 643 739 713 scripta
791 661 897 699 tton
946 645 1209 714 potueris.
1248 644 1325 699 Ex
1372 656 1480 713 quo
1524 649 1752 713 apparet
1780 649 1832 694 te

247 733 394 790 illam
436 734 745 805 epistolam,
775 749 870 793 aut
916 739 1159 810 pluribus
1201 738 1392 794 diebus
1420 736 1736 805 scripsisse,
1769 742 1833 789 ut

245 828 369 900 Slyli
398 829 570 898 ipsius
602 831 870 901 elegantia
902 833 1097 902 probat
1130 850 1142 885 :
1172 840 1263 886 aut
1294 832 1339 885 si
1365 828 1723 885 tumultuaria
1751 826 1832 882 di-

243 922 354 975 ctio
377 919 485 993 [Αι.
523 922 768 995 dictatio]
791 931 895 983 est,
930 924 1185 979 nimirum
1215 932 1266 977 te
1296 936 1418 977 esse
1449 920 1831 991 negligentem.

240 1017 482 1086 quicum
508 1018 897 1089 extemporalis
930 1019 1054 1073 talis
1099 1019 1198 1085 sis,
1252 1016 1542 1073 meditatus
1581 1014 1824 1069 deterior

244 1105 443 1163 fueris.

315 1201 403 1255 11.
432 1199 932 1259 Commentariorum
957 1221 1068 1258 mos
1098 1212 1143 1258 et
1172 1204 1373 1275 regula.
1397 1230 1467 1241 —
1496 1199 1632 1254 Illud
1658 1208 1835 1255 autem

256 1291 402 1362 quod
444 1296 823 1365 tergiversaris
849 1338 863 1361 ,
893 1305 949 1352 et
976 1296 1135 1361 dicis,
1183 1304 1235 1351 te
1271 1310 1335 1350 ea
1380 1293 1723 1349 transtulisse
1770 1292 1837 1347 de

246 1386 463 1456 Grazco,
498 1405 620 1461 quae
649 1405 749 1460 ego
776 1392 924 1461 prius
950 1390 1143 1446 Latino
1170 1404 1420 1445 sermone
1440 1388 1837 1450 transtulerim,

248 1482 526 1536 nonsatis
582 1482 824 1554 intelligo
878 1483 1004 1553 quid
1064 1483 1197 1536 velis
1242 1481 1428 1535 dicere
1472 1498 1484 1533 :
1538 1479 1643 1534 nisi
1699 1476 1841 1533 forte

239 1572 422 1628 adhuc
471 1571 912 1631 Commentarios
956 1573 1023 1629 ad
1078 1574 1349 1645 Ephesios
1401 1572 1737 1636 criminaris,
1786 1578 1841 1625 et

240 1668 398 1737 quasi
431 1666 565 1723 nihil
599 1669 692 1724 tibi
722 1685 887 1740 super
939 1669 1043 1724 hoc
1096 1684 1421 1739 responsum
1473 1669 1568 1733 sit,
1596 1667 1842 1721 obduras

238 1757 439 1815 frontis
482 1761 869 1830 impudentiam
898 1778 912 1828 ;
947 1777 1049 1816 nec
1078 1762 1302 1816 auribus
1346 1760 1642 1824 obturatis,
1679 1772 1841 1813 voces

234 1855 439 1921 recipis
471 1855 823 1910 incantantis.
865 1854 976 1911 Nos
1004 1856 1057 1910 in
1086 1854 1532 1917 Commentariis,
1566 1864 1621 1908 et
1650 1853 1759 1907 illis
1790 1861 1845 1907 et

1938 637 2054 707 plar
2080 638 2380 707 acceperis,
2423 652 2521 692 nec
2569 636 2703 691 mihi
2732 638 2799 693 ad
2829 637 3333 710 subterfugiendum
3380 638 3540 714 552

1935 732 2165 796 crimen,
2225 739 2471 785 mortuos
2504 730 2715 801 aliquos
2744 732 2993 786 nomines
3042 740 3145 787 :ut
3187 747 3310 787 cum
3354 745 3541 788 aucto-

1937 841 2053 881 rem
2084 825 2378 881 ostendere
2407 840 2512 879 uon
2544 825 2806 894 potueris,
2850 825 3001 879 illum
3036 825 3143 899 [ΑΙ.
3186 823 3377 898 alium]
3417 839 3544 895 pro-

1938 917 2103 984 feras,
2131 918 2222 988 qui
2254 933 2360 971 non
2391 918 2563 987 possit
2601 917 2958 987 respondere.
2995 916 3089 972 Sin
3120 928 3308 973 autem
3334 917 3544 975 rivulus

1937 1013 2030 1070 ille
2076 1013 2130 1068 in
2182 1013 2287 1068 tuis
2317 1012 2536 1067 scriniis
2588 1012 2791 1066 fontem
2844 1011 3026 1077 habet,
3085 1011 3211 1082 quid
3255 1020 3539 1082 sequatur,

1940 1109 2103 1164 etiam
2134 1123 2221 1163 me
2254 1118 2489 1169 tacente,
2524 1121 2630 1162 non
2680 1106 2916 1161 dubitas.
2959 1105 3159 1162 Verum
3214 1106 3297 1163 fac
3329 1108 3397 1163 ab
3437 1109 3546 1163 alio

1939 1204 2185 1275 quolibet
2225 1212 2470 1256 amatore
2509 1200 2781 1272 Origenis,
2812 1200 2941 1255 libri
2989 1200 3149 1271 hujus
3193 1202 3433 1267 titulum,
3486 1208 3545 1256 et

1941 1300 2180 1355 auctoris
2212 1298 2531 1353 vocabulum
2560 1305 2978 1363 commutatum,
3006 1311 3104 1350 cur
3146 1297 3249 1351 hoc
3299 1297 3350 1349 in
3400 1294 3547 1350 Lati-

1943 1410 2065 1450 nam
2092 1392 2330 1463 liuguam
2363 1391 2575 1447 vertis?
2618 1389 2885 1445 VichiCct
2912 1398 2962 1444 Ill
2997 1389 3316 1444 tcStitnonio
3347 1388 3550 1458 Marty-

1942 1488 2039 1551 ris,
2090 1500 2279 1541 omnes
2326 1484 2580 1555 Origenis
2626 1482 2847 1553 scriptis
2891 1483 3226 1538 crederent:
3262 1482 3545 1550 praemissa

1942 1580 2243 1636 munitione
2300 1580 2433 1634 tanti
2484 1576 2720 1633 auctoris
2770 1588 2821 1632 et
2852 1577 3027 1632 testis.
3078 1574 3190 1631 Nec
3224 1574 3318 1630 tibi
3350 1574 3552 1631 sufficit

1942 1674 2241 1731 doctissimi
2289 1674 2389 1729 viri
2441 1672 2724 1743 Apologia,
2784 1670 2886 1724 nisi
2918 1670 3128 1725 scribas
3176 1679 3231 1724 et
3266 1669 3544 1739 proprium

1946 1770 2202 1824 volumen
2261 1782 2359 1838 pro
2415 1765 2737 1821 defensione
2770 1763 2909 1833 'ejus
2944 1781 2956 1817 :
2990 1763 3188 1831 quibus
3236 1778 3332 1831 per
3357 1762 3558 1818 multos

1945 1860 2335 1926 disseminatis,
2386 1868 2499 1914 tuto
2530 1858 2642 1926 jam
2684 1856 2853 1910 libros
2901 1858 3022 1930 περὶ
3058 1852 3259 1931 Ἀρχῶν
3300 1854 3472 1909 vertis
3520 1871 3552 1908 e

229 1945 379 2010 aliis,
414 1958 469 2001 et
498 1946 657 2021 54]⁵
689 1965 930 2006 nOStram
964 1962 1017 2005 et
1048 1951 1279 2004 aliorum
1308 1950 1637 2004 sententiam
1666 1948 1840 2017 expli-
1870 1955 1917 2014 B
1942 1953 2152 2019 Grreco,
2186 1964 2237 2008 ct
2276 1952 2376 2007 hos
2402 1952 2553 2020 ipsos
2578 1947 2906 2003 Prwfatione
2937 1947 3315 2009 commendas,
3355 1945 3550 2001 dicens

230 2042 504 2107 cavimus,
538 2056 729 2112 aperte
759 2046 1090 2099 confitentes
1110 2059 1231 2113 quae
1258 2054 1385 2099 sunt
1406 2044 1685 2107 hmretica,
1719 2057 1839 2112 qua:

226 2133 534 2189 catholica.
584 2136 681 2191 llic
722 2146 808 2190 est
854 2137 999 2191 enim
1050 2135 1584 2192 Commentariorum
1620 2152 1758 2203 mos,
1789 2145 1843 2191 et

226 2226 657 2293 eXplanantium
703 2229 917 2298 regula,
970 2240 1029 2283 ut
1066 2212 1357 2299 opiniones
1399 2230 1451 2284 in
1500 2230 1843 2299 expositione

222 2316 423 2372 Varias
464 2328 889 2388 persequantur,
922 2328 978 2374 et
1007 2320 1153 2388 quod
1206 2322 1290 2376 vel
1320 2322 1447 2385 sibi,
1474 2322 1557 2376 vel
1600 2321 1724 2377 aliis
1762 2322 1845 2377 vi-

225 2408 460 2476 deatur,
500 2411 824 2467 edisseraut.
863 2413 930 2469 Et
958 2414 1059 2470 hoc
1088 2432 1195 2470 non
1223 2416 1397 2471 Solum
1429 2426 1738 2474 sanctarum
1763 2420 1845 2476 in-

228 2511 522 2573 terpretes
566 2504 1015 2577 Scripturarum,
1074 2509 1170 2563 sed
1228 2510 1578 2566 saecularium
1632 2529 1846 2584 quoque

220 2596 585 2666 litterarum,
610 2602 996 2670 eXplanatnres
1022 2603 1247 2669 faciunt,
1267 2615 1373 2658 tam
1395 2605 1605 2660 Latinae
1626 2608 1841 2678 linguze,

216 2704 392 2761 quam
424 2689 657 2747 Graecae.
704 2692 785 2748 Τιι
820 2695 870 2747 in
903 2694 1057 2749 libris
1084 2700 1203 2771 περὶ
1227 2695 1450 2772 ’Λρχῶν,
1485 2698 1721 2765 itlipsnm
1750 2700 1848 2754 ob-

220 2783 469 2839 tendere
521 2800 629 2839 non
675 2796 849 2855 pales.
883 2787 1092 2857 Arguet
1142 2790 1283 2842 enim
1332 2798 1383 2843 te
1423 2788 1843 2846 Pr:el'atiuncula

220 2885 341 2944 tua,
396 2879 454 2933 in
509 2895 615 2949 qua
658 2880 950 2949 polliceris,
996 2882 1333 2938 detruncatis
1388 2884 1572 2949 malis,
1608 2894 1663 2939 et
1722 2901 1844 2954 qum

215 2974 287 3028 ab
322 2973 613 3030 haereticis
642 2975 824 3030 addita
856 2977 1086 3042 fuerant,
1122 2978 1325 3047 optima
1356 2981 1690 3035 remansisse
1735 2998 1747 3033 :
1786 2990 1845 3036 ut

217 3065 503 3136 quidquid
538 3066 613 3120 ibi
644 3068 727 3123 vel
756 3067 982 3135 bonum,
1011 3070 1093 3125 vel
1120 3072 1317 3125 malum
1347 3072 1574 3136 dixeris,
1596 3073 1707 3142 jam
1738 3090 1845 3129 non

211 3158 265 3212 ei
297 3158 645 3227 imputetur,
679 3174 839 3229 quem
875 3162 1162 3227 transfers,
1187 3162 1282 3217 sed
1318 3164 1411 3217 tibi
1444 3165 1536 3235 qui
1575 3168 1847 3235 interpre-

211 3258 371 3307 tatus
402 3269 509 3319 es;
552 3252 652 3307 nisi
701 3252 846 3308 forte
890 3254 1273 3311 litereticorum
1298 3272 1519 3313 errores
1546 3260 1843 3315 emendare

209 3348 536 3413 debueras,
570 3358 623 3402 et
650 3346 903 3418 Origenis
933 3350 1071 3402 mala
1108 3350 1355 3418 proferre
1380 3351 1430 3405 in
1458 3352 1718 3407 medium.
1742 3353 1846 3409 Sed
1877 3349 1922 3413 C
1955 3352 2173 3405 micum.
2208 3350 2341 3417 Quis
2390 3366 2421 3405 e
2465 3349 2679 3404 duobus
2729 3348 3088 3403 calumniator
3131 3359 3217 3403 est
3258 3343 3555 3417 martyris?

205 3437 283 3494 de
346 3438 487 3502 hoc,
555 3437 680 3505 quia
731 3454 832 3493 nos
882 3438 1116 3493 remittis
1165 3440 1231 3494 ad
1278 3441 1549 3507 codicem,
1578 3452 1707 3499 ante
1753 3444 1847 3500 tibi

206 3546 235 3585 Γ

203 3736 239 3788 Ρ

201 3812 237 3869 d

243 3528 662 3595 espondimus,
693 3544 854 3599 quam
880 3542 969 3586 tua
993 3534 1197 3600 scripta
1231 3533 1564 3604 legeremus.

283 3624 382 3680 12.
443 3622 767 3679 Ridiculosa
820 3641 900 3679 res
963 3636 1013 3680 et
1079 3628 1324 3682 ridicula.
1388 3626 1551 3683 Fides
1605 3630 1845 3685 Romana

242 3718 536 3791 ra'stigias
564 3733 666 3771 non
698 3719 912 3788 recepit.
937 3748 1005 3762 —-
1035 3719 1111 3774 De
1140 3720 1407 3791 Pamphili
1441 3723 1601 3790 libro,
1628 3740 1733 3778 non
1771 3726 1845 3779 ri-

246 3814 499 3878 tculnsa,
532 3822 597 3866 ut
622 3821 677 3866 tu
700 3814 920 3879 scribis,
945 3813 1039 3869 sed
1072 3815 1300 3870 ridicula
1333 3818 1461 3871 mihi
1489 3817 1626 3874 forte
1652 3834 1737 3875 res
1757 3836 1848 3875 ac-

200 3908 368 3971 cidit,
432 3915 496 3960 ut
550 3916 837 3976 postquam
900 3907 1115 3963 Eusebii
1175 3915 1502 3966 asseruerim
1542 3928 1686 3978 esse,
1739 3929 1845 3969 non

204 3997 530 4069 Pamphili,
590 3997 656 4051 ad
690 4008 992 4054 extremum
1042 4001 1299 4067 dixerim,
1342 4006 1505 4059 etiam
1551 4020 1636 4059 me
1675 4021 1847 4061 annos

184 4154 187 4155 ν
198 4108 237 4163 P

243 4094 497 4148 lurimus
535 4090 643 4146 hoc
672 4104 912 4162 putasse.
962 4094 1103 4163 quod
1146 4096 1417 4165 Pamphili
1452 4098 1635 4163 fuerit,
1658 4110 1709 4153 et
1732 4114 1760 4153 a
1794 4108 1847 4155 te

198 4185 514 4256 exemplar
546 4182 711 4251 hujus
743 4185 1035 4238 voluminis
1059 4194 1385 4242 mutuatum.
1414 4188 1550 4243 Vide
1579 4201 1843 4258 quantum

197 4277 237 4330 ti

246 4293 442 4331 meam
486 4274 796 4329 cachinnos
828 4282 968 4339 tuos,
1011 4284 1067 4327 ut
1098 4278 1259 4331 etiam
1292 4295 1431 4333 mine
1479 4282 1666 4336 eadem
1698 4284 1847 4352 inge-

197 4387 350 4427 ram.
390 4371 475 4426 De
511 4376 617 4422 tuo
653 4366 845 4421 codice
892 4366 1045 4434 quasi
1088 4367 1354 4437 Pamphili
1387 4376 1664 4442 exemplar
1694 4392 1848 4431 acce-

196 4464 421 4534 pimus.
456 4457 697 4514 (Zredidi
736 4455 1071 4521 Cluistiano,
1100 4467 1154 4511 et
1176 4459 1379 4515 credidi
1409 4466 1714 4520 monacho:
1740 4482 1846 4523 non

193 4557 401 4631 putavi
456 4561 685 4607 tantum
738 4551 966 4605 sceleris
995 4564 1022 4601 τι
1071 4557 1123 4605 te
1166 4565 1323 4620 posse
1352 4554 1604 4624 contingi.
1654 4558 1846 4614 Postea

188 4664 346 4703 νριιο
382 4660 494 4715 per
528 4642 1047 4711 interpretationem
1103 4649 1277 4708 tuam,
1331 4649 1635 4713 quaestione
1660 4659 1848 4705 contra

188 4741 526 4810 Origenem
560 4742 678 4786 toto
710 4733 841 4788 orbe
872 4743 1169 4801 conunota,
1204 4735 1255 4790 in
1303 4739 1609 4805 quaerendis
1651 4756 1837 4796 exem-
1872 4746 1926 4806 1)
1952 4746 1974 4775 ο
2013 4753 2069 4796 ιιι
2102 4741 2328 4795 forsitan
2363 4740 2694 4811 persuadere
2726 4740 3045 4804 conaberis,
3090 4748 3145 4795 et
3188 4750 3397 4796 temere
3436 4754 3559 4795 cre-

190 4834 467 4909 plaribus
496 4826 817 4895 diligentior
849 4825 945 4890 fui,
982 4836 1037 4883 et
1067 4830 1119 4883 in
1164 4828 1484 4884 Caesariensi
1514 4831 1846 4890 Bibliotheca

189 4929 237 4986 Ε

247 4928 444 4984 usebii
525 4938 633 4977 sex
700 4923 971 4978 volumina
1037 4923 1215 4994 reperi
1275 4934 1301 4962 ει
1353 4925 1648 4998 Ἀπολογίας
1713 4929 1845 5003 ὑπὲρ

188 5024 549 5101 Ὠριγένους.
587 5014 720 5079 Quae
750 5032 873 5071 cum
909 5017 1184 5087 legissem,
1218 5019 1450 5086 primum
1493 5035 1615 5075 eum
1648 5021 1845 5079 librum

190 5111 601 5186 deprehendi,
654 5123 813 5177 quem
850 5118 905 5162 tu
935 5107 962 5146 ι)
997 5109 1147 5165 solus
1186 5111 1286 5165 sub
1327 5112 1547 5169 nomine
1593 5117 1847 5187 martyris

190 5223 242 5264 et

248 5207 465 5272 lidisti,
497 5203 576 5257 de
610 5198 748 5256 Filio
770 5214 822 5256 et
849 5200 1055 5273 Spiritu
1082 5202 1307 5269 Sancto,
1329 5204 1383 5257 in
1413 5206 1606 5261 bonam
1637 5217 1843 5278 partem

193 5302 505 5372 plerisque
548 5295 914 5364 blaSphemiis
944 5300 1313 5352 commutatis.
1343 5298 1407 5354 Et
1449 5299 1552 5358 hoc
1579 5304 1664 5358 vel
1686 5303 1850 5375 Didy-

194 5410 378 5454 mum,
434 5390 532 5445 vel
572 5397 652 5451 te,
703 5388 787 5441 vel
834 5387 997 5440 alium
1049 5385 1241 5443 fecisse
1268 5391 1455 5445 nescio
1484 5408 1670 5461 quem,
1703 5394 1847 5464 quod

195 5498 256 5544 tu
284 5481 671 5557 apertissime
711 5480 764 5533 iu
806 5479 954 5533 libris
983 5485 1103 5557 περὶ
1130 5482 1362 5558 Ἀρχῶν,
1394 5485 1589 5541 fecisse
1618 5490 1848 5543 convin-

193 5582 347 5638 ceris
385 5598 400 5633 :
432 5573 697 5631 maxime
721 5586 841 5626 cum
872 5572 1012 5627 idem
1059 5573 1327 5630 Eusebius
1357 5602 1360 5623 ι
1402 5586 1461 5630 ttt
1481 5577 1595 5647 jam
1638 5579 1850 5637 duobus

198 5663 650 5745 (superioribus)
676 5662 826 5718 libris
864 5664 1046 5736 docui)
1069 5666 1274 5722 scribat
1308 5667 1674 5745 Pamphilum,
1708 5673 1847 5728 nihil

205 5924 243 6051 ἔί

307 5844 336 5871 ⁸
362 5827 721 5897 Ἀπολογίας
746 5826 909 5897 Δὑπέρ.
946 5824 1202 5879 Erasmus
1244 5824 1369 5896 legit
1406 5826 1522 5882 haec
1552 5829 1736 5885 Graeca
1767 5832 1885 5889 sine

249 5894 692 5978 raepOsitioiie;
744 5894 1016 5978 blarianus
1048 5912 1181 5951 vero
1232 5894 1685 5978 pt't)__131rr'p_,_legit
1720 5909 1881 5977 περὶ,

249 5968 362 6035 ιιοᾶ
402 5986 525 6030 non
572 5968 866 6022 invenitur
899 5968 951 6021 in
980 5982 1115 6023 mss.
1158 5968 1473 6025 codicibus.’
1500 5973 1769 6028 alterum.

1945 2046 2204 2102 nonnulla
2234 2045 2287 2099 in
2323 2044 2406 2099 his
2445 2043 2513 2097 ab
2565 2040 2837 2096 limreticis
2867 2040 3187 2109 depravata,
3227 2054 3348 2107 qua:
3381 2052 3438 2093 tu
3481 2038 3551 2093 de

1947 2140 2176 2194 aliorum
2220 2138 2482 2193 librorum
2520 2135 2775 2199 Origenis
2819 2134 3057 2189 lectione
3096 2134 3427 2189 correxeris.
3468 2132 3555 2190 Me

1946 2248 2162 2304 quoque
2197 2234 2404 2295 laudas,
2439 2247 2505 2287 ne
2541 2231 2634 2286 tibi
2666 2230 2963 2284 amicorum
3001 2243 3248 2283 ineorum
3280 2226 3550 2297 quispiam

1948 2325 2307 2381 contradicat.
2354 2325 2611 2395 Origenis
2672 2329 2868 2400 κήρυκα
2922 2322 2939 2391 (
2969 2319 3300 2394 ρνωεοηειη)
3357 2319 3554 2389 praedi-

1948 2433 2062 2481 cas,
2094 2417 2457 2488 eloquentiam
2488 2432 2663 2472 meam
2718 2416 2825 2470 fers
2870 2415 2924 2469 in
2967 2415 3188 2477 malum,
3220 2424 3274 2466 ut
3304 2412 3465 2467 fidem
3498 2412 3550 2467 in

1949 2527 2163 2568 cornum
2216 2510 2488 2581 deprimas
2536 2529 2549 2566 :
2603 2510 2830 2565 fratrem
2881 2518 2936 2564 ct
2979 2509 3244 2581 collegam
3274 2522 3461 2573 vocas,
3496 2518 3552 2563 et

1950 2605 2279 2662 imitatorem
2330 2616 2382 2661 te
2422 2605 2529 2661 mei
2582 2606 2769 2675 operis
2797 2603 3099 2660 confiteris.
3131 2604 3376 2672 Cumque
3404 2617 3432 2656 a
3466 2617 3554 2657 me

1953 2701 2242 2756 translatas
2265 2699 2519 2769 Origenis
2549 2697 2894 2768 septuaginta
2933 2696 3207 2758 homilias,
3240 2704 3294 2750 et
3318 2695 3553 2749 nonnul~

1949 2793 2029 2848 los
2059 2800 2237 2847 tomos
2272 2792 2323 2846 in
2350 2791 2672 2861 Apostolum
2699 2789 2895 2859 jaCIes,
2935 2788 2986 2842 in
3017 2786 3215 2857 quibus
3244 2785 3325 2841 sic
3354 2794 3551 2841 cuncta

1951 2885 2278 2950 limaverim,
2318 2903 2337 2936 ι
2375 2894 2433 2937 ut
2482 2882 2617 2938 nihil
2647 2881 2699 2937 in
2735 2881 2865 2947 illis,
2896 2879 3041 2951 quod
3085 2896 3114 2934 a
3150 2880 3257 2935 fide
3282 2878 3554 2933 catholica

1950 2978 2240 3049 discrepet,
2273 2979 2494 3033 Latinus
2529 2978 2703 3032 lector
2736 2976 3006 3040 inveniat;
3052 2988 3194 3029 nunc
3228 2973 3454 3027 eosdem
3495 2973 3556 3027 li-

1951 3069 2100 3137 bros,
2152 3070 2441 3124 haereticos
2493 3069 2805 3124 criminaris
2859 3085 2874 3122 :
2923 3077 2978 3123 et
3006 3082 3166 3122 verso
3195 3066 3356 3137 stylo,
3391 3078 3550 3135 quem

1952 3164 2368 3234 praidicaveras,
2429 3162 2551 3231 quia
2609 3174 2922 3217 consortem
2977 3160 3251 3231 putabas,
3300 3172 3549 3225 accusas,

1950 3258 2204 3328 quoniam
2246 3258 2356 3331 [Αἰ.
2384 3257 2600 3311 additur
2636 3254 2819 3329 modo]
2845 3254 3084 3325 perfidiae
3111 3262 3214 3308 tua:
3240 3254 3420 3308 cernis
3449 3251 3553 3305 ini-

1955 3441 2069 3513 Ego
2120 3443 2211 3511 qui
2270 3442 2421 3496 illum
2478 3442 2600 3497 dico
2653 3442 2969 3496 haereticum
3018 3455 3125 3494 non
3178 3438 3384 3503 fuisse,
3452 3448 3553 3489 nec

1951 3536 2239 3606 scripsisse
2268 3536 2483 3602 librum,
2534 3535 2625 3605 qui
2676 3534 2744 3590 ab
2773 3534 3027 3588 omnibus
3068 3529 3493 3601 reprehenditur
3532 3545 3545 3579 :

1952 3644 2021 3683 an
2068 3637 2145 3694 tu,
2173 3628 2262 3699 qui
2304 3628 2562 3682 volumen
2596 3626 2838 3681 hominis
2877 3626 3091 3691 Ariani,
3118 3624 3278 3678 titulo
3299 3635 3549 3676 commu-

1954 3732 2089 3791 tato,
2119 3723 2221 3777 sub
2249 3724 2471 3778 nomine
2502 3723 2757 3793 Martyris
2782 3721 3041 3777 edidisti?
3075 3719 3191 3773 Non
3227 3718 3321 3773 tibi
3352 3714 3556 3771 sufficit

1952 3821 2269 3876 scandalum
2300 3819 2549 3882 Graeciae,
2582 3819 2686 3872 nisi
2736 3816 2871 3873 illud
2896 3826 2952 3872 et
2980 3815 3296 3871 Latinorum
3327 3808 3552 3865 auribus

1952 3913 2189 3984 ingeras,
2226 3921 2281 3969 et
2330 3912 2595 3984 inclytum
2644 3912 2937 3981 Martyrem
2976 3917 3063 3962 tua
3098 3915 3358 3976 quantum
3401 3904 3453 3958 in
3499 3911 3554 3958 te

1950 4016 2033 4060 est
2061 4004 2421 4059 translatione
2450 4002 2748 4057 deformes.
2779 4001 2857 4056 Tti
2890 3999 3107 4070 quidem
3135 3999 3237 4050 alia
3265 4006 3447 4052 mente
3477 3995 3553 4052 fe-

1951 4099 2095 4160 cisti,
2140 4114 2247 4152 non
2279 4106 2338 4151 ut
2367 4112 2453 4151 me
2495 4109 2807 4159 accusares,
2834 4092 2931 4150 scd
2964 4102 3022 4146 ut
3048 4089 3296 4160 Origenis
3327 4102 3422 4158 per
3452 4103 3553 4141 nos

1950 4191 2153 4259 scripta
2188 4188 2533 4243 defenderes.
2570 4192 2823 4243 Attamen
2858 4188 2997 4241 scito
3027 4183 3326 4237 Romanam
3363 4179 3551 4245 fidem,

1950 4280 2264 4351 Apostolica
2294 4296 2428 4334 voce
2450 4279 2745 4346 laudatam,
2768 4276 3074 4334 istiusmodi
3105 4272 3411 4344 przestigias
3443 4286 3551 4326 non

1951 4375 2200 4443 recipere
2228 4390 2242 4427 :
2277 4372 2444 4427 etiam
2478 4373 2521 4427 si
2557 4373 2800 4443 Angelus
2832 4371 2998 4424 aliter
3032 4367 3355 4431 annuntiet,
3387 4381 3549 4435 quam

1949 4467 2119 4521 semel
2167 4464 2521 4535 prmdicatum
2576 4473 2682 4529 est,
2732 4464 2891 4518 Pauli
2935 4462 3262 4516 auctoritate
3292 4461 3559 4514 munitam

1951 4572 2061 4611 non
2098 4571 2257 4625 posse
2291 4556 2508 4610 unitari.
2548 4554 2725 4624 Ergo,
2761 4554 2958 4618 frater,
2996 4552 3115 4607 sive
3146 4566 3174 4606 a
3230 4560 3283 4607 te
3327 4551 3556 4606 falsatus

1953 4659 2036 4704 εει
2086 4647 2247 4721 543
2282 4646 2459 4714 'liber,
2518 4656 2578 4701 ut
2618 4647 2777 4700 multi
2826 4653 3022 4717 putant
3061 4663 3075 4698 :
3118 4645 3233 4701 sive
3262 4646 3329 4701 ab
3355 4647 3555 4710 altero,

1953 4836 2172 4901 didiSli,
2222 4836 2473 4890 haeretici
2547 4834 2783 4888 hominis
2839 4836 3110 4907 σύνταγμα
3166 4834 3385 4906 (opus)
3434 4846 3558 4888 esse

1954 4930 2230 4999 martyris,
2269 4939 2414 4982 muta
2449 4929 2685 4992 titulum,
2722 4937 2775 4980 et
2816 4927 3115 4981 Romanam
3144 4925 3557 4995 simplicitatem

1956 5032 2105 5078 tanto
2151 5021 2399 5091 periculo
2446 5020 2641 5074 libera.
2693 5019 2813 5074 Non
2875 5018 2970 5073 tibi
3012 5018 3253 5088 expedit,
3288 5028 3344 5071 ut
3370 5031 3471 5087 per
3503 5024 3557 5072 te

1953 5117 2296 5174 clarissimus
2324 5122 2531 5185 martyr
2553 5112 2841 5167 haereticus
2862 5113 3171 5182 judicetur;
3206 5118 3266 5165 ut
3294 5109 3384 5178 qui
3416 5107 3557 5163 effu-

1949 5211 2029 5267 dit.
2058 5225 2155 5281 pro
2181 5207 2400 5264 Christo
2445 5207 2797 5278 sanguinem,
2828 5207 3143 5263 contrarius
3193 5205 3319 5262 fidei
3356 5204 3559 5260 Christi

1953 5304 2321 5372 approbetur.
2357 5301 2454 5356 Dic
2477 5300 2679 5370 p0tius,
2708 5299 2895 5357 Inveni
2933 5302 3160 5367 librum,
3186 5301 3369 5371 putavi
3405 5298 3560 5354 illum

1952 5399 2215 5470 martyris
2250 5414 2263 5451 :
2296 5411 2365 5452 ne
2411 5395 2618 5465 timeas.
2638 5397 3041 5467 paenitentiam.
3066 5394 3190 5450 Jam
3239 5402 3294 5448 te
3337 5405 3443 5447 non
3471 5406 3561 5448 ur-

1953 5491 2115 5563 gebo,
2144 5506 2251 5545 non
2274 5504 2514 5561 quaeram
2547 5506 2576 5545 a
2605 5506 2713 5559 quo
2739 5487 3023 5558 acceperis
3054 5505 3068 5540 :
3100 5486 3183 5542 vel
3215 5494 3563 5543 mortuorum

1955 5584 2192 5655 aliquem
2240 5584 2545 5649 nominato,
2582 5583 2667 5637 vel
2702 5584 2754 5636 in
2792 5582 2974 5653 platea
3022 5579 3091 5633 ab
3123 5578 3311 5648 ignoto
3340 5576 3561 5638 homine

1952 5685 2005 5732 te
2067 5676 2271 5731 emisse
2327 5674 2519 5731 dicito.
2574 5673 2692 5730 Non
2750 5674 2899 5728 enim
2952 5670 3358 5727 damnationem
3410 5680 3561 5730 tuam

2053 5833 2081 5872 δ
2123 5834 2292 5889 Vetus
2318 5836 2450 5891 edit.
2482 5836 2608 5891 fort.
2642 5834 2849 5901 verius,
2872 5848 3022 5900 quem
3045 5840 3098 5885 tu
3117 5832 3306 5901 solum,
3334 5833 3389 5891 id
3410 5838 3576 5898 estli-

1984 5906 2449 5979 brun_t_dnnitaxat
2480 5908 2734 5979 primum.

2056 5986 2090 6033 ο.
2117 5974 2391 6034 Victorius
2415 5974 2716 6049 tit—forsitan
2746 5988 2797 6031 tu
2821 5974 3150 6050 persuadere,
3180 5986 3282 6031 etc.
