4036 6350
502 329 606 387 167

1734 320 1794 376 S.
1841 315 2113 377 EUSEBI’I
2140 316 2526 376 RIERONYSII

3701 320 3803 378 ιδε

500 441 815 513 qucerimus,
856 436 954 492 sed
991 436 1433 492 conversionem.
1466 432 1661 488 Melius
1691 440 1799 493 est.
1830 442 1891 487 ut
1916 439 1973 486 tu
2001 447 2095 488 er-
2125 449 2178 510 Α
2202 434 2403 504 putatis
2424 433 2699 504 pessimis,
2738 434 2892 502 quasi
2932 435 3138 503 optima
3168 434 3499 489 remansisse
3521 432 3808 488 confessus

503 533 735 598 ramis,
778 546 941 603 quam
985 540 1044 585 ιιι
1094 531 1297 602 Marlyr
1329 529 1620 583 haereticus
1652 527 1837 582 fuerit.
1872 526 2098 583 Interim

502 626 568 681 dc
598 624 861 693 praesenti
903 622 1198 691 compede,
1252 632 1545 690 utcumque
1592 634 1723 674 erue
1773 620 1991 688 pedem.
2045 621 2102 675 In

504 716 689 771 futuro
716 713 923 784 judicio
947 722 1005 769 to
1029 712 1255 777 videris,
1289 711 1419 782 quid
1450 711 1518 765 ad
1551 711 1812 782 martyris
1833 723 2027 767 contra
2051 720 2105 767 te

504 808 843 878 respondeas
868 806 1261 876 querimonias.

582 902 672 956 15.
717 900 797 954 De
831 900 1214 954 commentariis
1241 900 1523 953 calumnia.
1560 899 1913 970 Apollinarius
1935 910 1983 953 et
2012 898 2109 952 Di-

510 995 695 1066 dymus
745 994 953 1048 diversi.
981 1024 1053 1036 —
1095 994 1362 1065 Proponis
1399 996 1564 1048 etiam
1613 994 1733 1058 tibi,
1759 996 1901 1064 quod
1942 1009 2107 1049 nemo

507 1090 717 1160 objicit.
743 1100 801 1145 et
831 1089 995 1143 diluis
1021 1088 1168 1158 quod
1202 1089 1381 1143 quius
1403 1096 1642 1142 accusat.
1674 1089 1770 1142 Ais
1792 1088 1937 1142 enim
1960 1089 2107 1158 quod

508 1184 564 1236 in
589 1184 726 1237 meis
754 1183 950 1236 litteris
992 1182 1236 1252 legeris:
1275 1200 1295 1233 ι
1338 1182 1434 1237 Dic
1460 1184 1584 1251 quis
1612 1182 1708 1235 tibi
1746 1183 2019 1252 permisit,
2052 1191 2111 1237 ut

508 1276 879 1343 interpretans
931 1273 1178 1344 quaedam
1223 1274 1506 1337 auferres,
1546 1273 1800 1345 quaedam
1844 1285 2107 1341 mutares,

510 1366 761 1436 quzedam
790 1367 1066 1422 adderes?
1103 1386 1123 1420 ι
1156 1367 1464 1437 Statimque
1494 1368 1591 1422 tibi
1630 1369 1735 1438 ipsi
1780 1369 2108 1437 respondes,

511 1468 569 1515 et
601 1470 792 1513 contra
823 1474 909 1513 me
949 1458 1189 1529 loqueris
1217 1478 1230 1514 :
1261 1478 1282 1511 ι
1323 1460 1401 1515 En
1430 1461 1527 1515 tibi
1560 1461 1688 1516 dico
1721 1479 1733 1513 :
1760 1461 1960 1527 Quaeso
1987 1462 2111 1532 quis

513 1555 852 1626 permiserit.
886 1562 944 1607 ut
986 1553 1040 1607 in
1086 1554 1516 1610 Commentariis
1566 1558 1699 1623 tuis,
1749 1558 1995 1624 quaedam
2044 1555 2114 1612 de

514 1649 777 1718 Origene,
823 1648 1072 1717 quaedam
1125 1648 1194 1703 de
1245 1648 1607 1718 Apollinario,
1663 1648 1911 1718 quaedam
1944 1649 2015 1702 de
2061 1657 2113 1704 te

516 1740 636 1809 ipso
661 1739 956 1804 scriberes,
989 1748 1040 1794 et
1082 1755 1190 1793 non
1227 1740 1295 1795 de
1334 1738 1572 1810 Origene
1603 1750 1800 1805 totum,
1824 1751 1916 1794 aut
1939 1756 2006 1794 ex
2036 1750 2111 1805 te,

2204 542 2285 589 es,
2306 537 2362 582 et
2380 538 2435 583 te
2462 528 2514 580 in
2546 541 2692 581 verte
2714 527 3203 597 argumentationis
3221 525 3454 595 appendi
3480 524 3806 595 eqqueo,ut

2204 621 2249 675 si
2281 622 2422 675 bona
2454 620 2687 683 dixeris,
2739 619 3034 673 haereticus
3082 619 3464 686 comproberis
3505 616 3618 689 [AL
3662 632 3808 671 com—

2207 711 2623 784 prehendaris];
2676 714 2718 768 si
2755 714 2932 777 mala,
2974 714 3158 767 statim
3218 712 3411 767 audias
3456 730 3469 764 :
3512 710 3628 765 Cur
3680 724 3808 781 ergo

2207 823 2326 877 quae
2352 807 2492 861 mala
2523 816 2671 871 sunt,
2702 808 2755 859 in
2788 805 3118 860 Prtefatioue
3148 805 3425 859 laudasti?
3456 805 3519 857 Et
3548 819 3657 857 non
3683 801 3812 858 illud

2209 900 2467 968 adjunsi,
2511 899 2655 969 quod
2707 909 2760 952 tu
2812 898 3011 953 callide
3061 898 3468 952 simulas:Cur
3508 911 3631 964 quae
3673 896 3813 951 mala

2210 1004 2385 1057 erant,
2412 994 2478 1048 ad
2508 994 2823 1047 Latinorum
2846 992 3098 1046 notitiam
3126 991 3486 1045 transtulisti?
3510 990 3647 1043 Mala
3673 988 3814 1044 enim

2210 1088 2504 1142 ostendere
2536 1086 2816 1141 interdum
2865 1100 2971 1138 non
3004 1083 3258 1138 docentis
3302 1090 3408 1148 est,
3443 1084 3537 1135 sed
3581 1081 3817 1136 vetantis

2212 1184 2321 1256 [ΑΙ.
2353 1179 2596 1252 vitantis]
2626 1200 2637 1235 :
2669 1189 2727 1234 ut
2756 1189 2951 1234 caveat
2977 1180 3172 1244 lector,
3208 1192 3315 1231 non
3344 1187 3404 1231 ut
3432 1186 3699 1245 sequatur
3728 1191 3813 1231 er-

2213 1292 2399 1339 rores;
2433 1288 2491 1329 ιιι
2524 1286 2649 1329 nota
2681 1282 3023 1337 contemnat,
3054 1288 3176 1342 qua:
3210 1286 3603 1340 nonnunquam
3636 1271 3817 1340 ignota

2214 1369 2481 1424 miraculo
2512 1378 2661 1423 sunt.
2694 1368 2761 1422 Et
2790 1367 2957 1421 audes
2986 1376 3111 1436 post
3140 1366 3257 1420 Istuc
3283 1364 3495 1429 dicere,
3527 1364 3676 1435 quod
3718 1375 3819 1434 ego

2214 1473 2403 1519 auctor
2430 1462 2618 1516 talium
2651 1462 2981 1529 scriptorum
3012 1460 3114 1514 sim
3164 1478 3179 1515 ι
3224 1469 3279 1513 ιιι
3328 1468 3509 1513 autem
3544 1468 3603 1513 ut
3650 1458 3820 1512 inter-

2214 1572 2363 1626 pres.
2388 1555 2439 1608 in
2467 1555 2661 1625 quibus
2687 1552 2987 1608 emendare
3028 1551 3231 1622 aliquid
3264 1554 3528 1621 potueris,
3556 1552 3677 1619 plus
3698 1564 3819 1620 ege-

2214 1650 2291 1705 ris
2322 1663 2483 1721 quam
2524 1649 2835 1716 interpres;
2880 1649 2936 1700 in
2966 1645 3164 1714 quibus
3193 1660 3301 1698 non
3335 1648 3611 1715 potueris,
3642 1645 3821 1699 solum

2215 1744 2487 1812 interpres
2511 1740 2703 1795 fueris.
2730 1740 2897 1794 Recte
2934 1740 3035 1792 ista
3082 1739 3324 1801 diceres,
3358 1739 3403 1791 si
3436 1737 3556 1791 libri
3590 1738 3667 1790 tui
3697 1738 3823 1813 περὶ

517 1844 611 1888 aut
640 1848 709 1889 ex
741 1832 887 1887 alio?
919 1852 938 1885 ι
968 1833 1187 1887 Interim
1220 1834 1275 1887 in
1309 1845 1362 1889 te
1395 1834 1521 1888 dum
1556 1833 1700 1887 aliud
1732 1835 1870 1904 agis,
1898 1835 2108 1889 crimen
2142 1852 2187 1911 Β
2214 1838 2418 1913 Ἀρχῶν
2448 1832 2926 1888 Prtelatinnculam
2954 1847 3061 1885 non
3089 1831 3374 1885 haberent.
3402 1828 3554 1898 Quod
3581 1840 3635 1883 et
3670 1828 3825 1883 Hila-

518 1927 877 1982 fortissimum
920 1926 1234 1994 prodidisti,
1295 1938 1350 1981 et
1400 1927 1607 1982 oblitus
1645 1942 1708 1981 es
1747 1928 1950 1981 veteris
1991 1941 2116 1996 pro-

515 2021 724 2075 verbii:
756 2021 1043 2078 Mendaces
1073 2034 1347 2077 memores
1385 2036 1509 2076 esse
1536 2020 1761 2076 debere.
1788 2020 1934 2074 Dicis
1964 2020 2112 2075 enim

515 2128 602 2168 me
646 2114 699 2167 in
750 2113 1179 2169 Commentariis
1227 2114 1386 2179 meis,
1446 2114 1696 2183 qumdam
1737 2112 1806 2168 de
1847 2114 2111 2184 Origene,

515 2206 764 2276 qutedam
815 2207 887 2262 de
947 2207 1303 2277 Apollinario,
1337 2207 1589 2276 quaedam
1623 2222 1688 2260 ex
1735 2222 1820 2260 me
1853 2206 1972 2277 ipso
2017 2221 2114 2275 po-

513 2302 715 2355 suisse.
760 2300 816 2355 Si
869 2316 999 2372 ergo
1050 2301 1375 2371 Apollinarii
1416 2310 1541 2355 sunt
1583 2308 1639 2353 et
1678 2299 1953 2369 Origenis,
1995 2315 2117 2367 quae

518 2393 622 2447 sub
650 2393 883 2447 aliorum
915 2396 1137 2448 nomine
1167 2394 1324 2463 posui
1365 2410 1379 2447 :
1409 2392 1687 2463 quomodo
1727 2393 1780 2449 in
1827 2393 1982 2448 libris
2012 2394 2119 2447 tuis

520 2487 654 2540 mihi
684 2488 896 2541 crimen
925 2487 1206 2557 impingis,
1240 2486 1385 2557 quod
1423 2485 1641 2555 quando
1662 2484 1847 2539 scribo
1881 2502 1893 2538 :
1933 2484 2119 2538 «Alius

525 2579 627 2635 hoc
660 2581 824 2645 dicit;
871 2581 1103 2647 Quidam
1144 2580 1224 2635 sic
1256 2582 1597 2650 suspicatur;
1638 2598 1659 2631 ι
1714 2578 1852 2632 alius
1898 2578 2020 2641 ille,
2063 2588 2121 2632 et

521 2672 767 2740 quidam,
814 2687 915 2740 ego
945 2672 1070 2725 sim.
1103 2670 1249 2725 Inter
1288 2670 1688 2739 Apollinarium
1719 2677 1775 2723 et
1827 2670 2118 2740 Didymum

521 2764 943 2831 explanationis,
973 2764 1125 2832 styli,
1161 2772 1215 2817 et
1261 2764 1577 2832 dogmntum
1604 2777 1798 2831 magna
1830 2763 2122 2817 diversitas

526 2866 630 2909 est.
662 2853 799 2909 Cum
846 2856 898 2908 in
931 2869 1039 2909 uno
1062 2854 1302 2923 capitulo
1332 2856 1577 2908 diversas
1617 2870 1761 2923 pono
1798 2856 2119 2921 sententias,

528 2963 657 3002 num
694 2948 1000 3003 contrarios
1030 2962 1223 3001 sensus
1271 2948 1422 3017 sequi
1470 2946 1774 3002 credendus
1818 2949 1975 3002 sum?
2017 2949 2121 3003 Sed

528 3040 646 3095 hsce
668 3040 822 3094 alias.

603 3133 690 3187 14.
737 3133 875 3200 Quid
904 3134 1110 3187 damnet
1148 3133 1199 3185 in
1234 3132 1573 3186 translatione
1598 3132 1716 3187 libri
1751 3136 1871 3205 περὶ
1897 3133 2117 3209 Ἀρχῶν.

2217 1931 2333 1982 rius
2376 1929 2427 1980 in
2462 1925 2859 1980 transferendis
2898 1924 3017 1992 ejus
3048 1923 3301 1977 Homiliis
3336 1922 3487 1987 fecit,
3514 1931 3653 1974 utet
3681 1920 3824 1974 bona

2217 2032 2272 2075 et
2303 2020 2442 2074 mala
2472 2033 2581 2072 non
2629 2019 2936 2087 interpreti,
2992 2016 3088 2070 sed
3141 2031 3241 2069 suo
3290 2016 3697 2084 imputarentur
3726 2028 3823 2067 au-

2217 2115 2380 2170 ctori.
2407 2112 2465 2167 Si
2496 2128 2603 2166 non
2627 2110 2886 2176 dixisses,
2917 2118 3232 2179 amputasse
3263 2118 3316 2162 te
3357 2108 3618 2177 pessima,
3651 2115 3708 2160 et
3732 2119 3825 2174 op-

2220 2211 2348 2262 tima
2373 2207 2677 2277 reliquisse,
2710 2214 3009 2274 utcumque
3033 2203 3103 2257 de
3134 2204 3246 2255 luto
3268 2201 3557 2255 evaderes.
3592 2200 3707 2253 IIoc
3734 2207 3816 2253 est

2221 2301 2364 2373 quod
2387 2300 2623 2355 destruit
2643 2297 2897 2367 strophas
2926 2296 3187 2366 ingenioli
3218 2296 3317 2357 tui,
3342 2302 3397 2347 et
3423 2302 3476 2348 te
3499 2294 3626 2347 hinc
3664 2290 3822 2364 5&5

2222 2396 2348 2451 inde
2393 2393 2751 2448 constrictum
2789 2392 3027 2447 evadere
3074 2406 3181 2445 non
3212 2390 3364 2444 sinit.
3394 2388 3505 2444 Nec
3557 2390 3821 2442 intantum

2224 2493 2448 2544 abutare
2477 2488 2827 2558 simplicitate
2856 2487 3079 2540 lectoris
3109 2504 3122 2539 :
3148 2496 3201 2541 et
3230 2485 3307 2539 sic
3330 2499 3525 2540 omnes
3554 2486 3645 2555 qui
3680 2493 3823 2538 tuam

2224 2584 2551 2652 scripturam
2595 2581 2786 2635 lecturi
2832 2588 2980 2645 sunt,
3013 2580 3202 2634 brutos
3237 2590 3420 2649 putes,
3452 2587 3511 2632 ut
3537 2594 3661 2633 cum
3697 2577 3821 2631 vul-

2224 2690 2355 2729 nera
2406 2685 2719 2743 putrescere
2771 2673 2953 2737 sinas,
2996 2688 3129 2726 sano
3159 2673 3376 2741 corpori
3430 2686 3485 2726 te
3536 2672 3816 2740 imponere

2225 2769 2515 2836 emplastra
2550 2782 2653 2820 non
2683 2766 2918 2820 rideant.

2300 2860 2385 2915 I5.
2419 2860 2495 2913 De
2527 2861 2916 2913 resurrectione.
2955 2859 3029 2912 De
3053 2858 3237 2913 carnis
3265 2857 3670 2910 resurrectione
3692 2854 3822 2927 quid

2227 2953 2452 3018 sentias,
2478 2952 2589 3023 jam
2612 2952 2663 3006 in
2690 2952 2947 3021 Apologia
2970 2961 3055 3003 tua
3076 2948 3384 3014 didicimus,
3418 2968 3436 3000 t
3475 2948 3633 3003 Nullo
3654 2964 3822 3003 mem-
3888 2989 3900 3003 .

2229 3054 2328 3107 bro
2357 3055 2668 3119 amputato,
2709 3061 2808 3099 nec
2850 3046 3025 3114 aliqua
3054 3055 3204 3113 parte
3233 3044 3479 3113 corporis
3511 3042 3750 3097 desecta.
3794 3058 3814 3094 ι

2232 3144 2355 3199 Haec
2384 3151 2463 3196 est
2487 3150 2590 3194 tua:
2614 3138 2977 3208 simplicitatis
3012 3152 3142 3206 pura
3192 3144 3245 3190 et
3286 3144 3475 3205 aperta
3525 3134 3820 3202 confessio,

530 3228 769 3300 Origenis
795 3229 1116 3295 interpretes.
1146 3257 1217 3268 —-
1253 3226 1405 3281 Nunc
1444 3242 1631 3297 qua-ro
1671 3242 1699 3280 a
1730 3234 1783 3280 te
1828 3242 1839 3279 :
1874 3230 1995 3296 quis
2024 3226 2114 3281 tibi

2227 3252 2385 3308 quam
2414 3236 2483 3288 ab
2514 3233 2765 3287 omnibus
2800 3231 2967 3285 Italiae
2994 3231 3265 3298 episcopis
3296 3229 3494 3284 asscris
3526 3242 3650 3283 esse
3695 3242 3819 3283 sus-

525 3324 811 3392 objecerit,
844 3337 1012 3393 quare
1048 3322 1116 3377 de
1144 3322 1384 3391 Origene
1412 3323 1491 3375 vel
1525 3320 1811 3375 abstuleris
1844 3322 2121 3391 quasdam,

528 3416 608 3470 vel
640 3414 936 3477 addideris,
982 3416 1064 3469 vel
1106 3414 1426 3478 mutaveris,
1452 3423 1509 3468 et
1542 3424 1594 3467 te
1621 3415 1773 3484 quasi
1802 3415 1853 3467 in
1887 3415 2123 3482 equuleo

523 3522 821 3576 appensum
854 3507 1267 3575 interrogaverit
1296 3525 1307 3557 :
1340 3507 1479 3559 bona
1502 3515 1648 3567 sunt,
1679 3521 1745 3557 an
1789 3505 1927 3559 mala
1961 3503 2125 3576 5“

522 3616 643 3669 qua:
681 3598 1049 3653 transtulisti?
1092 3597 1310 3651 Frustra
1352 3596 1579 3650 simulas
1625 3596 2017 3660 innocentiam,
2065 3607 2124 3651 ut

526 3691 951 3761 interrogatione
1002 3691 1191 3752 stulta,
1240 3674 1426 3744 veram
1470 3691 1934 3758 permutationem
1966 3698 2120 3745 exte-

526 3800 683 3839 nues.
720 3785 832 3854 Ego
859 3799 964 3838 non
994 3782 1247 3837 accusavi
1286 3798 1457 3853 quare
1482 3782 1775 3852 Origeuem
1800 3798 1901 3852 pro
1929 3784 2123 3838 volun-

525 3886 636 3929 tate
664 3876 1006 3930 transtuleris
1043 3876 1192 3943 :Itoc
1219 3876 1363 3929 enim
1393 3884 1446 3929 et
1475 3875 1592 3944 ipse
1634 3874 1758 3940 feci,
1785 3886 1839 3930 et
1868 3888 1995 3932 ante
2037 3893 2122 3933 me

524 3969 857 4035 Victorinus,
916 3969 1171 4034 llilarius,
1224 3968 1660 4038 Ambrosiusque
1708 3970 1980 4036 fecerunt;
2026 3971 2121 4027 sed

522 4080 688 4135 quare
720 4064 1135 4119 translationem
1168 4061 1479 4116 haereticam
1506 4060 1847 4117 Prtefationis
1878 4073 1981 4118 tua:
2016 4075 2123 4118 tes-

524 4160 749 4214 timonio
787 4157 1093 4214 roborasti?
1128 4154 1294 4227 Cogis
1322 4170 1409 4210 me
1436 4155 1626 4211 eadem
1666 4171 1858 4211 rursus
1896 4157 2117 4223 iterare,

519 4261 574 4306 et
607 4268 702 4321 per
746 4266 896 4306 meas
939 4251 1109 4305 lineas
1158 4247 1433 4303 incedere.
1485 4248 1633 4302 Dicis
1660 4248 1806 4303 enim
1838 4248 1893 4303 in
1924 4250 2119 4303 eodem

522 4344 755 4414 Prologo
783 4357 836 4400 te
862 4359 924 4398 ea
984 4358 1107 4413 quas
1137 4341 1206 4396 ab
1236 4341 1511 4395 haereticis
1532 4341 1712 4395 addita
1738 4341 1975 4407 fuerant,
2006 4358 2123 4397 am-

522 4448 763 4506 putasse,
793 4446 847 4491 et
875 4452 973 4505 pro
1002 4434 1084 4489 his
1114 4436 1427 4505 reposuisse
1462 4435 1623 4486 bona.
1649 4434 1703 4488 Si
1734 4435 2118 4492 haereticorum

522 4530 663 4583 mala
686 4528 976 4595 abstulisti,
1010 4546 1140 4598 ergo
1164 4546 1283 4599 qua:
1310 4528 1568 4582 dimisisti
1599 4527 1683 4580 vel
1716 4527 2001 4595 addidisti,
2025 4537 2121 4584 aut

2226 3337 2461 3399 ceptam.
2511 3325 2803 3381 Crederem
2835 3322 3063 3388 dicenti,
3110 3322 3329 3376 nisime
3358 3321 3606 3376 dubitare
3650 3321 3719 3376 de
3764 3329 3820 3378 te

2227 3423 2329 3475 iste
2368 3420 2527 3483 liber,
2561 3433 2667 3471 non
2700 3417 2992 3487 Pamphili,
3041 3416 3263 3470 faceret.
3321 3414 3385 3469 Et
3413 3422 3597 3468 tamen
3648 3414 3820 3468 miror

2224 3514 2498 3583 quomodo
2522 3512 2834 3580 probaverit
2869 3511 3043 3575 Italia,
3076 3509 3220 3580 quod
3249 3509 3419 3563 Roma
3444 3508 3822 3577 contempsit?

2228 3606 2479 3678 Episcopi
2524 3603 2883 3674 susceperint,
2936 3602 3080 3673 quod
3124 3602 3281 3656 sedes
3334 3600 3644 3671 Apostolica
3691 3615 3824 3656 con-

2224 3701 2522 3756 demnavit.

2298 3794 2385 3849 I6.
2432 3793 2564 3847 Dure
2581 3794 2809 3865 epistola:
2834 3790 3112 3859 TlteOphili
3136 3790 3321 3844 Latine
3349 3789 3564 3843 reddita
3603 3787 3666 3840 ab
3693 3785 3825 3841 Hie-

2223 3902 2459 3957 ronymo.
2492 3886 2697 3941 Scribis
2731 3900 2969 3955 quoque,
3005 3899 3091 3938 me
3116 3883 3317 3938 litteris
3347 3882 3642 3947 indicasse,
3672 3880 3823 3951 quod

2222 3994 2365 4050 papa
2405 3978 2740 4046 TheOpbilus
2769 3976 3168 4045 expositionem
3212 3975 3335 4030 ﬁdei
3366 3988 3535 4043 nuper
3564 3974 3821 4042 ediderit,

2224 4088 2346 4142 quae
2391 4072 2457 4127 ad
2505 4086 2603 4126 vos
2652 4070 2883 4126 necdum
2924 4070 3179 4140 pervenit
3213 4087 3225 4123 :
3255 4077 3308 4124 et
3354 4067 3631 4138 polliceris
3674 4065 3821 4137 quod

2223 4164 2482 4235 quidquid
2537 4162 2629 4216 ille
2677 4162 2982 4231 scripserit,
3039 4171 3092 4215 tu
3142 4161 3409 4229 sequaris.
3447 4160 3557 4229 Ego
3585 4174 3673 4213 me
3716 4160 3819 4214 hoc

2224 4256 2511 4325 scripsisse
2541 4269 2647 4309 non
2677 4254 2825 4317 n0vi,
2862 4269 2961 4308 nec
2993 4252 3298 4308 istiusmodi
3324 4266 3573 4321 umquam
3609 4250 3818 4305 litteras

2222 4349 2511 4404 direxisse.
2562 4346 2670 4402 Sed
2716 4356 2771 4401 tu
2821 4346 3025 4401 idcirco
3064 4344 3130 4398 ad
3181 4346 3390 4398 incerta
3430 4340 3723 4403 consentis,
3758 4349 3815 4395 et

2226 4444 2309 4497 his
2333 4458 2452 4512 qua:
2477 4441 2659 4511 qualia
2690 4439 2867 4494 futura
2892 4439 3001 4494 sint
3049 4436 3247 4501 nescis,
3285 4445 3342 4489 ut
3369 4444 3512 4491 certa
3543 4433 3814 4499 declines,

2224 4544 2279 4590 et
2323 4535 2389 4589 ad
2418 4550 2607 4589 eorum
2644 4548 2751 4587 non
2781 4530 3018 4587 tenearis
3051 4544 3360 4585 assensum.
3396 4528 3563 4591 Duas,
3591 4534 3615 4562 ιι
3647 4540 3817 4598 syno-

518 4623 770 4693 Origenis
799 4631 981 4688 erunt,
1016 4632 1107 4676 aut
1134 4632 1247 4688 tua,
1272 4637 1393 4691 quze
1439 4621 1627 4691 utique
1652 4622 1803 4690 quasi
1840 4622 1977 4677 bona
2013 4637 2110 4692 po-
2141 4615 2196 4677 D
2222 4628 2397 4682 dicam
2427 4635 2481 4679 et
2510 4624 2841 4695 paschalem,
2875 4623 2992 4691 ejus
3020 4622 3281 4691 epistolas
3311 4632 3498 4674 contra
3527 4618 3812 4686 Origenem

518 4714 697 4769 suisti.
742 4714 849 4773 Sed
898 4716 1064 4775 multa
1096 4716 1147 4770 in
1182 4714 1265 4769 bis
1298 4714 1441 4769 mala
1488 4729 1689 4784 negare
1730 4728 1835 4768 non
1884 4718 2112 4785 poteris.

516 4807 677 4875 Quid,
710 4807 944 4877 inquies,
970 4806 1037 4861 ad
1065 4822 1152 4861 me
1174 4806 1195 4859 ?
1216 4806 1439 4876 Origeni
1465 4806 1671 4876 imputa
1701 4823 1712 4858 :
1748 4820 1849 4876 ego
1875 4809 2020 4861 enim
2049 4822 2113 4863 ea

514 4910 723 4956 tantum
752 4914 873 4970 quae
895 4900 963 4953 ab
982 4898 1256 4954 haereticis
1277 4898 1461 4953 addita
1488 4898 1725 4962 fuerant,
1756 4901 2112 4958 commutavi.

515 4994 746 5063 Expone
776 5007 995 5056 causas,
1018 5006 1186 5061 quare
1233 4992 1610 5046 haereticorum
1643 4992 1783 5046 male
1808 4992 2024 5060 tuleris,
2061 5001 2117 5048 et

514 5084 775 5153 Origenis
821 5084 1031 5151 integra
1074 5082 1473 5149 dereliqueris?
1519 5082 1709 5138 Nonne
1755 5085 2110 5153 perspicuum

513 5189 617 5243 est,
670 5175 815 5246 quod
865 5176 1004 5229 male
1043 5174 1297 5244 Origenis
1325 5191 1391 5231 ex
1424 5188 1576 5247 parte
1597 5178 1697 5235 sub
1726 5180 2109 5236 lueretieorum

513 5275 927 5346 nuncupatione
973 5274 1339 5343 damnaverit,
1383 5284 1437 5334 et
1481 5292 1550 5333 ex
1583 5288 1735 5349 parte
1779 5279 2107 5348 susceperis,

509 5368 635 5439 quia
687 5383 794 5422 non
843 5367 1009 5435 mala,
1062 5366 1161 5423 sed
1189 5368 1351 5437 bona,
1380 5379 1435 5425 et
1464 5378 1573 5424 tute
1596 5386 1722 5426 esse
1748 5372 1874 5429 fidei
1901 5372 2113 5441 judica-

511 5459 609 5517 bas
630 5463 655 5515 τ
684 5461 811 5517 "(eo
841 5474 969 5519 sunt
1006 5461 1299 5534 deiquibus
1338 5466 1591 5533 qumsivi,
1624 5475 1805 5519 utrum
1845 5466 1987 5520 bona
2019 5482 2109 5521 es-

510 5564 650 5621 sent,
677 5571 743 5609 an
767 5556 930 5623 mala,
961 5571 1084 5627 qum
1111 5556 1166 5610 in
1197 5554 1527 5611 Praefatione
1553 5555 1805 5620 laudasti,
1837 5572 1959 5626 qua:
1986 5573 2105 5612 am-

577 5726 604 5795 _'
647 5716 799 5795 lianc
825 5733 856 5770 e
890 5718 1135 5774 tenebris
1186 5715 1686 5795 erutamprimum
1731 5716 1997 5773 edidimus
2048 5718 2099 5772 in

510 5786 685 5857 priori
701 5797 876 5857 temo,
915 5804 1035 5857 quze
1064 5803 1350 5857 numerum
1380 5789 1589 5842 obtinet
1611 5788 1701 5841 9i.

581 5854 607 5893 δ
650 5855 744 5908 llis
784 5854 975 5909 similia
1023 5858 1089 5911 ad
1121 5856 1382 5913 Joannem
1430 5859 1834 5929 Hierosolymit.
1880 5858 2104 5929 eiusque

2217 4721 2472 4787 illiusque
2516 4716 2842 4786 discipulos,
2904 4722 2959 4770 ct
2998 4713 3139 4768 alias
3194 4712 3483 4766 adversum
3536 4708 3814 4778 Apollina-

2216 4813 2355 4875 rium
2389 4823 2443 4866 et
2468 4810 2718 4865 eumdem
2742 4809 3055 4879 Origenem,
3082 4821 3179 4876 per
3208 4804 3311 4859 ltoc
3333 4803 3502 4857 ferme
3533 4801 3809 4856 biennium

2219 4907 2609 4975 interpretatus
2656 4918 2806 4967 sum;
2857 4912 2907 4956 et
2956 4903 3011 4956 in
3056 4898 3472 4956 aedificationem
3529 4895 3809 4958 Ecclesia,

2219 5000 2476 5071 legendas
2506 5007 2704 5051 nostrae
2735 4996 2932 5065 linguae
2964 4993 3277 5049 hominibus
3304 4990 3453 5046 dedi.
3490 4990 3652 5043 Aliud
3685 5005 3811 5060 ope-

2220 5111 2336 5149 rum
2366 5095 2485 5161 ejus
2516 5092 2701 5147 nescio
2732 5106 2818 5146 me
2862 5090 3227 5144 transtulisse.
3285 5085 3353 5140 Et
3384 5095 3567 5137 tamen
3618 5092 3673 5137 tu
3720 5083 3809 5153 qui

2218 5203 2373 5260 papm
2403 5183 2693 5253 Theophili
2722 5184 2859 5238 dicis
2892 5192 2943 5237 te
2972 5183 3025 5237 in
3072 5180 3329 5235 omnibus
3364 5177 3695 5231 sententiam
3727 5190 3810 5229 se—

2219 5280 2334 5351 qui,
2364 5292 2496 5333 cave
2527 5292 2594 5332 ne
2624 5275 2727 5330 boc
2751 5274 2987 5345 magistri
3010 5283 3065 5328 et
3092 5269 3447 5337 condiscipuli
3469 5268 3543 5321 tui
3562 5268 3806 5331 audiant,

2215 5384 2272 5430 et
2320 5372 2570 5429 oITendas
2620 5370 3076 5442 quamplurintos,
3129 5367 3219 5437 qui
3278 5381 3362 5420 me
3413 5364 3705 5426 latronem,
3757 5370 3808 5415 te

2215 5468 2758 5537 martyrem'vocant,
2797 5477 2864 5516 ne
2912 5462 3177 5515 irascatur
3230 5457 3275 5511 is
3304 5455 3425 5519 tibi,
3474 5453 3567 5523 qui
3618 5462 3804 5507 contra

2211 5574 2404 5630 papam
2434 5556 2461 5597 ιι
2494 5555 2854 5626 Epiphanium
2902 5553 2967 5607 ad
3002 5562 3055 5607 te
3086 5550 3346 5621 epistolas
3378 5546 3642 5616 dirigens,
3677 5543 3807 5600 hor-

2210 5716 2447 5771 asseclas
2484 5724 2673 5769 contra
2715 5713 2770 5768 S.
2806 5710 3183 5782 Epiphanium
3214 5708 3511 5782 scripserat
3568 5702 3807 5782 Isidorus

2212 5787 2522 5857 presbyter,
2567 5778 2867 5857 antequam
2906 5778 2933 5834 5
2980 5779 3285 5857 Theophilo
3324 5778 3521 5832 missus
3556 5778 3802 5857 veniret,

2213 5851 2270 5913 ut
2299 5851 2461 5927 supra
2488 5857 2540 5910 iu
2571 5869 2637 5909 eo
2670 5851 2766 5909 lib.
2799 5861 2988 5911 contra
3016 5851 3177 5907 Joan.
3215 5856 3459 5905 notatum
3484 5856 3590 5903 est.
